4120 6400
369 459 602 516 Οὐδένα
657 455 774 526 ἔχω
805 457 1143 523 ἰσόψυχον.
1190 453 1355 518 ὅστις
1399 451 1662 521 γνησίως
1702 451 1775 502 τὰ
1819 446 1951 513 περὶ

375 547 546 617 ὑμῶν
587 542 960 614 μεριμνήσει)
998 560 1011 576 ο
1045 539 1278 594 ἐνταῦθα
1335 541 1392 592 δὲ
1454 538 1733 590 συντάττει
1793 534 1955 587 αὐτὸν

377 633 593 704 ἐαυτῷ;
651 631 806 701 Ἐμοὶ
860 630 1007 682 δοκεῖ
1069 630 1152 681 ὅτι
1208 627 1436 698 ἔμελλεν
1493 625 1658 680 αὐτὸν
1716 624 1956 694 πέμπειν

378 720 603 783 εὐθέως,
651 719 744 772 καὶ
791 716 1047 782 περιττὸν
1089 712 1158 786 ἦν
1189 714 1526 766 ἐπιστέλλειν
1551 713 1640 764 τὸν
1666 713 1734 764 τὰ
1772 713 1957 780 γράμ-

381 825 528 878 ματα
555 809 677 859 ὅσον
704 804 856 857 οὔπω
887 802 1329 871 καταληψόμενον
1355 816 1368 830 ·
1412 802 1545 868 φησὶ
1569 801 1638 866 γά
1650 815 1696 868 ρ·
1734 798 1959 852 Τοῦτον

373 897 489 966 μὲν
521 891 733 952 ἐλπίζω
755 892 980 960 πέμψαι
996 889 1276 957 ἐξαυτῆς.
1311 888 1565 942 Ἐνταῦθα
1584 888 1638 939 δὲ
1652 889 1750 956 οὐχ
1765 885 1956 950 οὓτως,

375 984 494 1037 ἀλλ’
527 979 836 1050 ἐπανελθὼν
866 978 953 1049 ἦν,
989 977 1129 1030 ὥστε
1161 977 1383 1039 εἰκότως
1417 975 1753 1028 ἐπέστελλεν·
1793 976 1957 1040 Ἀρτι
1984 1020 1991 1028 .

379 1071 489 1140 τὰρ
537 1070 818 1131 ἐλθόντος
861 1065 1159 1134 Τιμοθέου,
1229 1065 1393 1132 φησι,
1447 1062 1596 1130 πρὸς
1644 1061 1800 1130 ἡμᾶς
1858 1061 1958 1129 ἀέρ’

378 1156 547 1223 ὑμῶν
586 1168 635 1207 ι.
677 1153 776 1206 Διά
804 1154 854 1204 τί
896 1152 950 1203 δὲ
984 1151 1150 1204 αὐτοῦ
1181 1151 1467 1218 προτίθησι
1513 1150 1605 1201 τὸν
1651 1148 1957 1210 Σιλουανὸν,

381 1245 560 1297 καίτοι
605 1243 772 1312 μυρία
817 1239 964 1308 αὐτῷ
1004 1236 1295 1308 μαρτυρῶν
1341 1236 1548 1303 ἀγαθὰ,
1599 1237 1692 1287 καὶ
1743 1236 1960 1286 πάντων

381 1333 544 1386 αὐτὸν
572 1331 880 1401 προτιθεί;;
933 1329 1092 1390 Ἴσως
1146 1327 1243 1396 μὲν
1277 1326 1555 1389 ἀξιοῦντος
1595 1325 1753 1377 τοῦτο
1795 1324 1958 1377 αὐτοῦ

384 1420 527 1473 κατά
561 1419 759 1487 πολλὴν
786 1414 1305 1486 ταπεινοφροσύνην,
1361 1416 1456 1466 καὶ
1491 1412 1956 1483 παρακαλοῦντος.

397 1506 614 1576 Ἐπειδὴ
640 1506 748 1574 γὰρ
780 1504 869 1556 τὸν
897 1501 1212 1555 διδάσκαλον
1243 1501 1389 1573 ἐώρα
1423 1499 1565 1553 οὓτω
1603 1517 1962 1569 ταπεινοφροο

385 1593 610 1658 νοῦντα,
653 1593 725 1654 ὡς
758 1591 848 1642 τὸν
886 1590 1134 1659 μαθητὴν
1185 1588 1364 1657 ἐαυτῴ
1411 1588 1744 1649 συντάττειν,
1783 1587 1962 1656 πολλῷ

389 1682 589 1752 μᾶλλον
613 1679 771 1733 τοῦτο
789 1679 948 1741 αὐτὸς
965 1679 1228 1746 ἐζήτησεν
1246 1676 1310 1729 ἄν
1326 1677 1370 1732 b.
1397 1675 1636 1739 Παῦλος
1650 1675 1778 1746 γὰρ,
1805 1679 1958 1746 φησὶ,

385 1769 484 1822 καὶ
506 1767 836 1831 Σιλουανὸς
857 1765 951 1818 καὶ
982 1767 1252 1832 Τιμόθεος
1278 1762 1351 1832 τῇ
1383 1764 1703 1832 Ἐκκλησία
1735 1767 1964 1819 Θεσσα-

381 1854 695 1911 λονικέων.
733 1853 899 1906 Οὐδὲν
928 1850 1162 1905 ἐνταῦθα
1186 1850 1315 1920 περὶ
1340 1850 1535 1904 ἑαυτοῦ
1556 1849 1706 1922 [4‘26]
1731 1851 1962 1922 τίθησιν,

376 1945 486 2013 οὐχ
513 1945 572 1995 Ὀ
610 1942 923 2004 ἀπόστολος,
954 1941 1053 2010 οὐχ
1085 1941 1142 1992 ’0
1173 1937 1375 2001 δοῦλος.
1417 1939 1570 2008 Ἐμοὶ
1599 1940 1765 2004 δοκεῖ,
1787 1939 1874 1994 διά
1905 1939 1966 1992 τὸ

387 2033 819 2101 νεοκατηχήτους
845 2026 982 2081 εἶναι
1030 2029 1154 2090 τοὺς
1180 2029 1397 2098 ἄνδρας,
1422 2029 1514 2080 καὶ
1547 2027 1772 2098 μηδέπω
1798 2029 1964 2081 αὐτοῦ

389 2119 585 2188 πεῖραν
628 2117 930 2184 εἰληφέναι,
987 2115 1048 2166 οὐ
1078 2112 1262 2184 τίθησι
1300 2114 1360 2166 τὸ
1406 2114 1653 2184 ἀξίωμα’
1687 2114 1862 2179 ἄλλως
1909 2117 1968 2169 δὲ

389 2207 486 2259 καὶ
532 2207 673 2276 ἀρχὴ
721 2205 816 2257 τοῦ
851 2203 1204 2274 κηρύγματος
1239 2202 1319 2254 ἔτι
1351 2199 1418 2274 ἦν
1451 2203 1546 2255 τοῦ
1578 2204 1714 2274 πρὸς
1744 2205 1964 2268 αὐτούς.

393 2294 475 2364 Τῇ
528 2293 890 2359 Ἐκκλησία,
945 2295 1077 2362 φησι
1104 2330 1118 2353 ,
1161 2291 1670 2346 Θεσσαλονικέων.
1747 2293 1965 2357 Καλῶς.

401 2382 555 2437 Ἐπεὶ
601 2381 708 2452 γὰρ
745 2382 889 2443 εἰκὸς
911 2375 978 2450 ἦν
1004 2379 1216 2447 ὀλίγους
1262 2375 1400 2430 εἶναι
1445 2380 1540 2431 καὶ
1576 2380 1787 2433 οὐδέπω
1843 2397 1968 2434 συν-

390 2472 634 2535 εστάναι,
691 2469 778 2523 διὰ
806 2468 964 2521 τοῦτο
1024 2468 1220 2530 αὐτούς
1271 2469 1683 2538 παραμυθεῖται
1741 2468 1830 2523 διὰ
1873 2470 1968 2522 τοῦ

387 2559 652 2629 ὀνόματος
699 2558 800 2627 τῆς
839 2556 1200 2625 Ἐκκλησίας’
1255 2555 1384 2607 ἔνθα
1429 2557 1536 2626 γὰρ
1596 2556 1766 2618 πολὺς
1821 2575 1965 2628 παρ-

387 2646 638 2712 εληλύθει
687 2646 912 2717 χρόνος,
954 2644 1049 2697 καὶ
1101 2644 1161 2696 τὸ
1193 2644 1292 2714 τῆς
1333 2643 1660 2714 Ἐκκλησίας
1713 2645 1970 2716 σύστημα

392 2735 526 2788 πολὺ
557 2731 646 2804 ἦν,
675 2734 732 2784 οὐ
758 2732 939 2801 τίθησι
962 2731 1139 2783 τοῦτο.
1186 2731 1406 2802 Ἐπειδὴ
1437 2731 1495 2783 δὲ
1523 2732 1696 2802 ὄνομα
1725 2734 1968 2804 πλήθους

392 2822 561 2887 ἐστὶν,
605 2820 679 2882 ὼς
716 2818 1012 2880 τὰπολλὰ,
1047 2819 1107 2870 τὸ
1153 2819 1253 2887 τῆς
1292 2819 1617 2889 Ἐκκλησίας
1649 2821 1841 2889 ὄνομα,
1874 2824 1969 2874 καὶ

394 2911 736 2982 συστήματος
763 2909 862 2979 ἤδη
905 2907 1439 2978 συγκεκροτημένου,
1482 2907 1569 2961 διὰ
1598 2909 1754 2961 τοῦτο
1771 2911 1970 2974 αὐτοὺς

386 2998 536 3052 -οῦτω
567 2998 742 3052 καλεῖ.
784 2997 879 3050 Ἐν
896 2996 1036 3060 Θεῷ,
1077 2997 1229 3066 φησὶ,
1254 2996 1461 3062 Πατρὶ,
1495 2997 1596 3049 καὶ
1621 2998 1819 3064 Κυρίῳ
1862 3000 1971 3068 Ἰη-

386 3087 511 3141 νσοῦ
547 3085 796 3153 Χριστῷ.
848 3085 926 3155 Τῇ
973 3085 1301 3156 Ἐκκλησίᾳ,
1348 3085 1502 3156 φησὶ,
1531 3085 1971 3140 Θεσσαλονικέων

392 3179 458 3248 τῇ
487 3177 543 3228 ἐν
573 3174 708 3245 Θεῷ.
761 3176 892 3228 Ἰδοὺ
940 3176 1102 3229 πάλιν
1150 3175 1230 3240 τὸ,
1264 3177 1427 3239 Θεός,
1473 3177 1566 3228 ἐπὶ
1610 3175 1706 3228 τοῦ
1733 3177 1970 3248 Πατρὸς,

393 3265 490 3316 καὶ
526 3264 619 3316 ἐπὶ
655 3261 749 3315 τοῦ
803 3261 959 3314 Υἰοῦ.
1024 3263 1096 3314 Τὸ
1146 3263 1220 3326 δέ,
1268 3263 1363 3316 Ἐν
1393 3261 1534 3330 Θεῷ,
1566 3265 1752 3335 φησὶν,
1780 3265 1971 3335 ἐπειδὴ

395 3351 592 3403 πολλαὶ
643 3350 960 3421 Ἐκκλησίαι
1017 3351 1113 3403 καὶ
1161 3350 1452 3404 Ἰουδαῖκαὶ
1505 3355 1600 3404 καὶ
1664 3351 1974 3424 Ἑλληνικαὶ

395 3436 554 3510 ἦσαν.
583 3439 741 3506 Μέγα
767 3439 828 3490 τὸ
858 3437 1096 3508 ἀξίωμα,
1132 3438 1227 3492 καὶ
1247 3431 1307 3490 οὗ
1335 3439 1448 3492 ἴσον
1473 3439 1646 3505 οὐδὲν,
1689 3443 1737 3493 εί
1769 3442 1828 3495 ἐν
1853 3441 1973 3510 Θεῷ

393 3530 534 3580 ἐστι.
559 3527 771 3579 Γένοιτο
799 3526 976 3578 τοίνυν
1006 3527 1099 3578 καὶ
1129 3529 1332 3596 ταύτην
1360 3526 1457 3596 τὴν
1487 3527 1810 3597 Ἐκκλησίαν
1831 3528 1973 3583 οὕτω

398 3613 677 3666 καλεῖσθαι
701 3628 712 3640 ·
747 3612 959 3666 δέδοικα
982 3613 1036 3666 δὲ
1068 3613 1142 3684 μὴ
1172 3611 1441 3686 μακράνῇ
1473 3615 1572 3684 τῆς
1605 3618 1974 3688 προσηγορίας

391 3700 621 3769 ταύτης.
662 3701 728 3753 Ei’
758 3719 842 3764 τις
868 3702 976 3772 γὰρ
1006 3703 1282 3772 ἁμαρτίας
1318 3704 1522 3767 δοῦλος,
1554 3706 1614 3756 οὐ
1637 3707 1859 3760 δύναται
1887 3706 1975 3758 λέ-

398 3788 590 3854 γεσθαι
614 3790 670 3839 ὲν
696 3787 832 3856 Θεῷ.
863 3789 1042 3856 Χάρις
1078 3789 1221 3858 ὑμῖν
1247 3791 1346 3843 καὶ
1375 3791 1603 3858 εἰρήνη.
1637 3793 1790 3856 Εἶδες
1811 3795 1975 3857 εὐθὺς

399 3875 507 3928 ἀπὸ
533 3875 822 3946 ἐγκωμίων
838 3877 898 3928 τὸ
922 3877 1206 3948 προοίμιον
1236 3879 1336 3948 τῆς
1359 3881 1650 3948 ἐπιστολῆς
1672 3899 1685 3946 ;
1727 3885 1976 3949 Είνχιιρι-

395 3963 666 4031 στοῦμεν
718 3963 796 4028 τῷ
843 3963 963 4029 Θεῷ
1006 3967 1266 4020 πάντοτε
1314 3967 1448 4034 περὶ
1490 3969 1736 4021 πάντων
1782 3971 1972 4039 ὑμῶν,

393 4053 610 4120 μνείαν
627 4050 792 4120 ὑμῶν
807 4053 1147 4121 ποιούμενοι
1162 4055 1260 4107 ἐπὶ
1277 4055 1396 4107 τῶν
1411 4058 1770 4126 προσευχῶν
1783 4057 1970 4126 ἡμῶν.

401 4141 475 4193 Τὸ
489 4141 598 4211 γὰρ
610 4143 949 4211 εὐχαριστεῖν
965 4143 1039 4209 τῷ
1054 4142 1174 4214 Θεῴ
1191 4143 1330 4214 ὑπὲρ
1350 4146 1547 4210 αὐτῶν,
1572 4147 1976 4217 μαρτυροῦντὸς

400 4230 551 4280 ἐστιν
582 4228 763 4290 αὐτοῖς
789 4227 989 4298 πολλὴν
1016 4231 1320 4302 προκοπὴν,
1354 4231 1482 4284 ὅταν
1515 4234 1588 4302 μὴ
1624 4235 1784 4302 μόνον
1817 4238 1976 4288 ἐπαι-

401 4315 601 4367 νῶνται
636 4315 808 4378 αὐτοὶ,
842 4315 1084 4368 ἀλλὰκαὶ
1111 4316 1242 4381 Θεὸς
1275 4318 1684 4389 εὐχαριστῆται,
1711 4321 1785 4384 ὡς
1812 4323 1975 4388 αὐτὸς

401 4404 774 4472 ἐργασάμενος
791 4403 852 4455 τὸ
879 4403 1007 4457 πᾶν.
1053 4404 1301 4458 Διδάσκει
1328 4407 1383 4460 δὲ
1405 4409 1599 4471 αὐτοὺς
1627 4411 1719 4462 καὶ
1749 4414 1974 4481 μετριά-

398 4489 536 4555 ζειν,
563 4490 844 4560 μονονουχὶ
859 4490 1052 4558 λέγων,
1071 4492 1151 4545 ὅτι
1168 4493 1263 4562 τῆς
1279 4493 1371 4546 τοῦ
1397 4494 1531 4547 Θεοῦ
1554 4496 1836 4564 δυνάμεώς
1860 4501 1976 4551 ἐστι

403 4577 464 4629 τὸ
497 4579 625 4630 πᾶν.
661 4576 734 4629 Τὸ
761 4577 859 4647 μὲν
889 4575 981 4631 οῦν
1012 4579 1351 4648 εὐχαριστεῖν
1381 4582 1488 4634 τῶν
1533 4583 1976 4654 κατορθωμάτων

400 4664 590 4716 ἕνεκεν
622 4664 822 4735 τίθησιο
857 4665 918 4718 τὸ
942 4665 999 4718 δὲ
1031 4667 1340 4736 μεμνῆσθαι
1372 4667 1551 4721 αὐτῶν
1571 4672 1662 4722 ἐπὶ
1700 4671 1808 4723 τῶν
1845 4689 1977 4742 προ-

406 4750 634 4821 σευχῶν,
664 4753 762 4822 τῆς
779 4753 996 4822 ἀγάπης
1023 4753 1122 4822 τῆς
1166 4755 1302 4823 πρὸς
1332 4755 1547 4818 αὐτούς.
1603 4754 1733 4812 Εἶτα
1763 4759 1977 4822 δεικνὺς

399 4839 486 4891 ὅτι
524 4840 584 4892 οὐ
622 4839 780 4909 μόνον
807 4841 899 4892 ἐπὶ
928 4840 1035 4893 τῶν
1056 4843 1371 4912 προσευχῶν
1404 4845 1696 4915 μέμνηται,
1721 4847 1854 4900 ἀλλὰ
1882 4849 1980 4901 καὶ

402 4927 571 4996 χωρὶς
594 4927 702 4978 τῶν
745 4927 939 4996 εὐχῶν,
979 4929 1114 4998 ὅπερ
1145 4929 1402 4993 πολλάκις
1431 4935 1590 4984 ποιεῖ·
1649 4933 1980 4988 Ἀδιαλείπ-

401 5032 539 5079 τως,
588 5014 741 5084 φησὶ,
778 5018 1262 5084 μνημονεύοντες
1296 5017 1464 5087 ὑμῶν
1515 5019 1621 5073 τοῦ
1660 5021 1836 5089 ἔργου
1866 5021 1978 5090 τῆς

401 5102 681 5166 πίστεως,
712 5100 935 5155 καὶτοῦ
952 5103 1145 5157 κόπου
1166 5104 1275 5173 τῆς
1303 5107 1558 5174 ἀγάπης,
1585 5107 1683 5160 καὶ
1705 5108 1815 5176 τῆς
1830 5113 1978 5164 ὐπο-

399 5188 596 5256 μονῆς
628 5188 740 5258 τῆς
763 5190 1011 5257 ἐλπίδος
1039 5191 1144 5245 τοῦ
1170 5194 1388 5260 Κυρίου
1413 5193 1583 5261 ἡμῶν
1620 5195 1824 5263 Ἰησοῦ
1845 5200 1980 5265 Χρι-

397 5275 576 5340 στοῦ,
606 5278 944 5348 ἔμπροσθεν
971 5279 1078 5332 τοῦ
1108 5280 1255 5334 Θεοῦ
1283 5281 1383 5335 καὶ
1419 5281 1649 5349 Πατρός
1687 5283 1874 5352 ἡμῶν.
1915 5285 1978 5340 Τί

404 5365 572 5429 ἐστιν;
634 5365 1054 5432 Ἀδιαλείπτως
1077 5370 1596 5436 μνημονεύοντες;
1642 5372 1796 5426 Ἢτοι
1846 5392 1981 5446 μνη-

404 5451 723 5520 μονεύοντες
770 5453 1076 5526 ἔμπροσθεν
1125 5454 1218 5507 τοῦ
1251 5456 1384 5509 Οεοῦ
1418 5457 1512 5510 καὶ
1549 5461 1780 5531 Πατρδς,
1816 5463 1848 5532 ἢ
1885 5465 1977 5516 τοῦ

412 5540 584 5593 κόπου
621 5543 717 5611 τῆς
743 5543 964 5613 ἀγάπης
997 5547 1423 5614 μνημονεύοντες
1464 5549 1558 5601 τοῦ
1589 5550 1740 5614 ὄντος
1773 5552 1979 5624 ἐμπρο-

406 5627 532 5678 σθεν
554 5629 646 5681 τοῦ
665 5629 798 5682 Θεοῦ
827 5631 921 5683 καὶ
948 5634 1158 5703 Πατρὸς
1181 5634 1356 5703 ἡμῶν.
1386 5636 1497 5705 Οὐχ
1523 5637 1706 5701 ἁπλῶς
1726 5638 1781 5691 δὲ
1804 5636 1972 5695 εἶπεν·

471 5767 498 5836 _‘
524 5766 719 5836 {iditum
749 5770 906 5836 fuerat
923 5769 1101 5836 vitiose
1134 5771 1248 5833 πρὸς
1268 5773 1389 5832 ὑμᾶς
1410 5774 1488 5836 ἀφ’
1512 5777 1664 5836 ἡμῶν.
1689 5777 1824 5827 Enn.

466 5825 499 5869 δ
519 5827 721 5880 Rectius
744 5835 979 5894 scriptum
1005 5825 1182 5884 fuisset:
1211 5825 1550 5892 ζητῆσέίενόἱν.

1064 341 1129 396 ’8.
1170 336 1455 394 JOANN’IS
1491 331 1969 408 CHRYSOSTOH?

2072 330 2340 397 RCHIEP.
2383 328 2929 386 CONSTANTINOP.

3513 332 3621 391 ενι

2075 446 2480 510 Ἀδιαλείπτως
2513 447 3014 514 μνημονεύοντες,
3061 440 3198 494 ἀλλ’·
3245 441 3460 510 ’Υμῶν.
3492 440 3625 498 Εἶτα

2059 533 2241 596 πάλιν,
2278 533 2364 584 ῑνα
2401 534 2475 602 μὴ
2505 533 2730 604 νομίσῃς
2771 531 2958 594 ἁπλῶς
2990 531 3123 600 μηδὲ
3155 529 3445 604 τὸ-’Υμῶν
3475 532 3626 600 εἰρῆ-

2059 619 2203 682 σθαι,
2231 599 2528 688 ἐπήγαγεν·
2559 599 2938 688 ’Ἔμπροσθεν
2959 599 3065 672 τοῦ
3094 599 3245 671 Θεοῦ
3270 619 3366 671 καί
3396 599 3628 685 Πατρός

2057 705 2247 773 ἡμῶν.
2295 707 2511 776 Ἐπειδὴ
2537 707 2644 775 γὰρ
2666 707 2839 769 οὐδεὶς
2867 706 3054 777 ἐπῄνει
3093 705 3200 758 τῶν
3229 704 3531 774 ἀνθρώπων
3557 707 3628 759 τά

2059 794 2344 863 γινόμενα,
2385 793 2558 855 οὐδεὶς
2587 793 2775 862 μισθὸν
2801 805 2823 831 π
2852 793 3124 855 ἀπεδίδου,
3152 793 3247 845 καὶ
3274 792 3430 845 τοῦτο
3457 811 3626 863 προσο

2060 882 2264 954 τίθησι,
2309 883 2590 951 μονονουχὶ
2619 881 2815 950 λέγων,
2863 882 3145 952 Θαρῤεῖτε,
3192 881 3500 953 ἔμπροσθεν
3534 881 3627 935 τοῦ

2060 969 2193 1020 Θεοῦ
2226 970 2480 1038 κάμνετε.
2543 969 2606 1020 Τί
2640 971 2776 1028 ἐστι,
2833 970 2944 1022 Τοῦ
2967 968 3142 1037 ἔργου
3193 968 3304 1036 τῆς
3335 969 3626 1034 πίστεωςε

2065 1056 2188 1107 ’Ὁτι
2218 1056 2368 1107 οὐδὲν
2401 1055 2554 1124 ὐμῶν
2586 1056 2876 1126 παρέκλινε
2905 1057 3002 1127 τὴν
3029 1056 3279 1109 ἔνστασιν
3298 1073 3311 1085 ⁸
3337 1057 3494 1109 τοῦτο
3521 1058 3628 1128 γὰρ

2061 1142 2220 1212 ἔργον
2245 1143 2497 1205 πίστεως.
2536 1143 2596 1194 Εἰ
2622 1143 2917 1208 πιστεύεις,
2943 1145 3122 1198 πάντα
3152 1145 3325 1214 πάσχε
3349 1159 3364 1172 ο
3395 1144 3522 1197 εἰδὲ
3555 1148 3628 1212 μὴ

2063 1231 2321 1298 πάσχεις,
2351 1230 2411 1280 οὐ
2452 1229 2750 1292 πιστεύεις.
2800 1231 2891 1296 Μὴ
2933 1230 3042 1300 γὰρ
3084 1230 3145 1282 οὐ
3171 1229 3398 1284 τοιαῦτά
3422 1231 3538 1282 ἐστι
3565 1231 3633 1282 τά

2062 1315 2468 1386 ἐπηγγελμένα,
2516 1316 2591 1378 ὼς
2639 1317 2732 1368 καὶ
2777 1316 3005 1385 μυρίους
3053 1315 3316 1380 θανάτους
3353 1316 3634 1368 πείσεσθαι

2062 1404 2154 1456 τὸν
2185 1402 2511 1455 πιστεύοντα
2545 1404 2828 1457 ἀνελέσθαι
2855 1423 2869 1469 ;
2920 1405 3179 1475 Οὐρανῶν
3227 1405 3472 1474 βασιλεία
3499 1405 3633 1475 πρό-

2064 1509 2243 1544 κειται
2305 1492 2399 1544 καὶ
2443 1491 2712 1544 ἀθανασία
2759 1493 2854 1544 καὶ
2908 1492 3021 1563 ζωὴ
3076 1493 3312 1554 αἰώνιος.
3347 1493 3408 1545 'U
3456 1493 3635 1546 τοίνυν

2065 1578 2358 1640 πιστεύων,
2404 1578 2582 1630 πάντα
2619 1578 2889 1634 πείσεται.
2927 1579 3069 1649 Ἀρα
3105 1581 3139 1647 ἡ
3183 1580 3365 1640 πίστις
3398 1578 3486 1631 διὰ
3529 1577 3637 1630 τῶν

2065 1667 2240 1738 ἔργων
2284 1664 2579 1717 δείκνυται.
2634 1664 2872 1726 Εἰκότως
2901 1660 2992 1717 οῦν
3020 1663 3193 1727 οὕτως
3252 1659 3394 1725 εἷπε,
3439 1663 3632 1732 δηλῶν,

2064 1755 2144 1805 ὅτι
2170 1752 2282 1822 Οὐχ
2311 1751 2518 1814 ἀπλῶς,
2533 1750 2666 1804 ἀλλά
2680 1751 2767 1804 διὰ
2779 1751 2884 1804 τῶν
2900 1752 3074 1822 ἔργων
3089 1751 3253 1822 αὐτὴν
3271 1751 3637 1815 ἐπεδείξασθε,

2063 1841 2150 1892 διὰ
2197 1840 2294 1909 τῆς
2353 1839 2794 1902 ἐνστάσεως,διά
2817 1840 2916 1908 τῆς
2964 1839 3292 1908 προθυμίας.
3340 1837 3488 1910 [427]
3530 1840 3638 1892 Καὶ

2067 1929 2172 1982 τοῦ
2205 1929 2390 1980 κόπου
2420 1925 2528 1994 τῆς
2555 1924 2811 1996 ἁγάπὴς.
2870 1929 3028 1991 Ποῖος
3052 1927 3162 2000 γὰρ
3190 1928 3356 1990 κόπος
3378 1929 3439 1981 τὸ
3468 1926 3642 1996 φιλεῖν

2067 2016 2288 2082 ἁπλῶς;
2323 2015 2543 2078 Οὐδείς·
2569 2015 2631 2067 τὸ
2657 2015 2712 2068 δὲ
2749 2016 2988 2084 γνησίως
3033 2015 3207 2084 φιλεῖν
3241 2017 3407 2076 κόπος
3452 2017 3639 2079 πολύς.

2070 2102 2237 2154 Ὅταν
2254 2104 2381 2170 γὰρ,
2401 2100 2520 2153 είπὲ
2555 2117 2664 2170 μοι,
2694 2101 2861 2170 μυρία
2890 2103 3105 2172 κινῆται
3130 2103 3228 2171 τῆς
3248 2103 3467 2174 ἀγάπης
3496 2091 3643 2172 ἡμᾶς

2067 2189 2368 2257 ἁφελκύσαι
2399 2188 2699 2259 βουλόμενα
2721 2188 2772 2250 ά,
2825 2190 2985 2259 ἡμεῖς
3029 2189 3086 2241 δὲ
3118 2191 3254 2258 πρὸς
3288 2190 3464 2243 πάντα
3491 2194 3643 2243 ἀντι-

2067 2278 2350 2347 τείνωμεν,
2385 2276 2506 2346 οὐχὶ
2538 2275 2705 2338 κόπος
2731 2277 2847 2328 ἐστί
2870 2293 2887 2343 ;
2909 2276 2975 2328 Τί
2994 2278 3102 2347 γὰρ
3122 2278 3221 2330 οὐκ
3242 2273 3442 2330 ἔπαθον
3470 2271 3640 2343 οῦτοι,

2067 2361 2208 2414 ὥστε
2235 2361 2309 2432 μὴ
2352 2361 2657 2430 ἀποστῆναι
2687 2363 2785 2431 τῆς
2825 2362 3079 2432 ἀγάπηςς
3109 2364 3230 2432 οὐχὶ
3274 2365 3365 2418 ἐπὶ
3389 2364 3480 2418 τὸν
3509 2367 3643 2418 ὐπο-

2067 2450 2223 2520 δοχέα
2255 2449 2468 2503 Παύλου
2509 2446 2672 2518 ἦλθον
2697 2451 2747 2502 οἱ
2784 2448 3142 2520 πολεμοῦντες
3178 2452 3256 2520 τῷ
3299 2451 3642 2524 κηρύγματι,

2069 2538 2163 2591 καὶ
2192 2538 2265 2608 μὴ
2295 2537 2544 2608 εὑρόντες
2567 2537 2747 2601 αὐτὸν,
2775 2536 2968 2608 ἔσυρον
2993 2538 3083 2590 τὸν
3133 2539 3344 2592 Ἰάσονα
3390 2541 3484 2593 ἐπὶ
3518 2544 3645 2604 τοὺς

2070 2623 2400 2694 πολιτάρχας
2425 2640 2441 2690 ;
2477 2623 2682 2694 Μικρὸς
2713 2619 2865 2687 οὗτος
2892 2625 3081 2690 κόπος,
3109 2627 3230 2679 είπέ
3262 2644 3372 2699 μοι,
3419 2628 3642 2698 μηδέπω

2069 2711 2177 2762 τῶν
2203 2711 2534 2782 σπερμάτων
2552 2709 2856 2778 παγέντων,
2885 2713 3138 2767 τοσοῦτον
3164 2716 3402 2786 χειμῶνα
3431 2719 3638 2787 φέρειν,

2069 2798 2358 2861 τοσούτους
2381 2816 2467 2850 πει
2475 2798 2716 2869 ρασμούς
2733 2815 2747 2864 ;
2767 2799 2874 2852 Καὶ
2897 2802 3073 2854 ἱκανὰ
3093 2805 3279 2855 αὐτὸν
3299 2804 3640 2872 ἀπῄτησαν.

2070 2887 2180 2938 Καὶ
2213 2885 2396 2948 ἱκανὰ,
2428 2887 2583 2956 φησὶ,
2608 2886 2753 2950 δοὺς,
2770 2887 3045 2957 ἐξέπεμψε
3070 2889 3161 2941 τὸν
3185 2887 3412 2942 Παῦλον.
3432 2890 3640 2960 Μικρὸν

2069 2972 2250 3039 τοῦτο,
2283 2973 2406 3026 εἰπέ
2434 2990 2546 3043 μοι;
2571 2974 2692 3043 οὐχὶ
2717 2975 2811 3025 καὶ
2839 2975 3032 3028 ἐαυτὸν
3055 2976 3170 3027 ἀντ’
3200 2975 3408 3028 ἐκείνου
3424 2975 3501 3046 τῷ
3525 2994 3643 3028 κιν-

2068 3061 2212 3132 δύνῳ
2243 3062 2523 3132 ὑπέθηκε;
2554 3063 2728 3116 Τοῦτο
2750 3063 2916 3118 κόπον
2937 3064 3102 3136 φησὶν
3128 3065 3369 3136 ἀγάπης,
3389 3066 3472 3119 ὅτι
3502 3065 3644 3119 οὕτω

2073 3149 2500 3220 προσεδέθησαν.

2145 3237 2211 3305 β’.
2234 3239 2344 3290 Καὶ
2359 3237 2480 3307 ὅραο
2501 3237 2717 3307 πρῶτον
2740 3239 2962 3293 ἐκείνων
2979 3237 3124 3307 λέγει
3144 3238 3211 3292 τὰ
3226 3238 3644 3310 κατορθώματα,

2072 3328 2169 3378 καὶ.
2195 3325 2317 3377 τότε
2352 3324 2422 3376 τὰ
2451 3325 2665 3389 ἐαυτοῦ,
2705 3325 2791 3378 ἵνα
2815 3326 2892 3396 μὴ
2915 3325 3037 3397 δόξῃ
3069 3327 3486 3398 μεγαληγορεῖν,
3509 3329 3648 3400 μηδὲ

2072 3412 2345 3482 προλήψει
2379 3412 2554 3479 φιλεῖν
2583 3413 2798 3476 αὐτούς.
2829 3413 2939 3466 Καὶ
2960 3413 3069 3481 τῆς
3097 3415 3426 3482 ὑπομονῆς,
3458 3417 3642 3483 φησίν.

2073 3500 2148 3551 Οὐ
2183 3500 2292 3569 γὰρ
2321 3498 2460 3570 πρὸς
2485 3498 2581 3554 Eva
2608 3501 2800 3570 χρόνον
2835 3500 2863 3551 ὁ
2903 3501 3142 3570 διωγμὸς
3169 3503 3373 3565 ἐκεῖνος
3402 3503 3643 3572 γέγονεν,

2073 3585 2209 3638 ἀλλά
2239 3587 2528 3649 διαπαντός
2555 3601 2568 3616 ’
2620 3587 2740 3640 οὐδε
2773 3586 2850 3657 τῷ
2887 3587 3196 3659 διδασκάλῳ
3247 3589 3404 3660 μόνον
3452 3589 3647 3660 Παύλῳ

2074 3672 2400 3741 ἐπολέμουν,
2457 3670 2592 3726 ἀλλὰ
2621 3675 2851 3736 καὶτοῖς
2907 3672 3384 3745 μαθητευομένοις.
3435 3677 3500 3729 Εἰ
3540 3678 3676 3748 γὰρε,

2076 3762 2214 3830 πρὸς
2266 3762 2508 3825 ἐκείνους
2554 3759 2697 3815 οὕτω
2718 3762 2975 3816 διέκειντο
3025 3765 3148 3828 τοὺς
3187 3764 3439 3835 θαύματα
3481 3767 3649 3835 ἐργα-

2077 3848 2361 3916 ζομένους,
2397 3851 2524 3911 τοὺς
2567 3849 2900 3920 αἰδεσίμους,
2935 3850 2988 3902 τί
3027 3851 3129 3903 οἴει
3159 3853 3294 3921 πρὸς
3322 3854 3446 3914 τοὺς
3474 3870 3647 3905 συνοι-

2079 3939 2310 3998 κοῦντας
2344 3937 2549 4001 αὐτοῖς,
2597 3942 2693 3989 καὶ
2742 3937 3097 4007 συμπολίτας,
3139 3940 3234 3992 καὶ
3271 3939 3463 4010 ἀθρόον
3512 3940 3646 3992 dmo-

2081 4025 2343 4086 στάντας;
2383 4023 2560 4093 Ὅπερ
2585 4020 2676 4076 οὖν
2698 4025 2881 4087 αὐτοῖς
2910 4027 3004 4078 καὶ
3036 4029 3319 4096 μαρτυρεῖ,
3351 4027 3543 4094 λέγων,
3565 4029 3645 4080 ὅτι

2078 4110 2338 4177 Μιμηταὶ
2365 4109 2644 4178 ἐγένεσθε
2666 4111 2787 4164 τῶν
2821 4112 3188 4179 Ἐκκλησιών
3222 4114 3328 4166 τοῦ
3354 4115 3501 4168 Θεοῦ
3542 4115 3646 4167 τῶν

2079 4198 2284 4252 οὐσῶν
2321 4199 2392 4251 ἐν
2414 4199 2488 4266 τῇ
2562 4200 2836 4268 Ἰουδαίᾳ.
2883 4203 2991 4256 Καὶ
3019 4201 3125 4270 τῆς
3187 4204 3451 4271 ἐλπίδος,
3492 4207 3643 4276 φησὶ,

2077 4286 2184 4339 τοῦ
2230 4288 2449 4354 Κυρίου
2503 4286 2672 4356 ἡμῶν
2733 4289 2926 4356 Ἰησοῦ
2982 4289 3262 4357 Χριστοῦ,
3312 4292 3647 4360 ἔμπροσθεν

2079 4375 2186 4428 τοῦ
2224 4376 2372 4428 Θεοῦ
2405 4376 2503 4428 καὶ
2540 4377 2769 4444 Πατρός
2792 4378 2980 4446 ἡμῶν.
3015 4379 3210 4443 Καλῶς
3257 4380 3426 4444 οὕτως
3485 4379 3603 4434 εἷπε
3627 4399 3642 4414 ο

2077 4463 2251 4514 ταῦτα
2296 4462 2404 4532 γάρ
2440 4465 2616 4518 πάντα
2642 4465 2752 4518 ἀπὸ
2779 4467 3014 4529 πίστεως
3042 4467 3248 4534 γίνεται
3289 4469 3382 4521 καὶ
3414 4469 3644 4532 ἐλπίδος.

2081 4549 2243 4601 Ὥστε
2273 4551 2332 4601 οὐ
2363 4549 2461 4620 τὴν
2490 4550 2739 4621 ἀνδρείαν
2768 4552 2947 4605 αὐτῶν
2980 4554 3139 4623 μόνον
3168 4554 3354 4624 ἐδήλου
3381 4556 3448 4609 τὰ
3496 4557 3647 4623 γενό⁹

2081 4653 2238 4706 μενα,
2287 4637 2400 4690 ἀλλ’
2430 4639 2510 4690 ὅτι
2540 4641 2632 4691 καὶ
2659 4639 2796 4710 μετά
2824 4640 3191 4712 πληροφορίας
3220 4643 3499 4696 ἐπίστευον
3539 4647 3648 4706 τοῖς

2081 4727 2464 4795 ἀποκειμένοις
2493 4727 2768 4793 ἐπάθλοις.
2805 4730 2902 4782 Διά
2934 4731 3042 4801 γὰρ
3067 4731 3223 4784 τοῦτο
3283 4734 3574 4803 συνεχώρει
3617 4733 3648 4785 ὁ

2079 4812 2211 4874 Θεὸς
2267 4813 2469 4876 εὐθέως
2525 4815 2782 4883 γενέσθαι
2811 4819 3104 4887 διωγμοὺς,
3163 4818 3249 4871 ἵνα
3281 4820 3356 4889 μή
3388 4837 3470 4882 τις
3498 4820 3646 4890 εἴπῃ,

2079 4901 2160 4952 ὃτι
2194 4901 2379 4964 ἁπλῶς
2409 4902 2503 4954 καὶ
2547 4903 2803 4976 κολακείᾳ
2832 4904 2892 4956 τὸ
2920 4907 3180 4976 κήρυγμα
3225 4907 3527 4969 συνίστατο,
3558 4909 3652 4961 καὶ

2082 4987 2169 5039 ἵνα
2203 4987 2262 5040 τὸ
2293 4988 2491 5059 θερμὸν
2519 4989 2698 5042 αὐτῶν
2723 4991 2933 5062 δειχθῇ,
2964 4993 3056 5045 καὶ
3097 4993 3178 5064 ὅτι
3207 4993 3267 5044 οὐ
3325 4994 3591 5063 πεισμονὴ
3626 5004 3649 5032 ο

2080 5075 2418 5146 ἀνθρωπίνη,
2462 5077 2595 5131 ἀλλὰ
2623 5077 2756 5130 Θεοῦ
2785 5078 3010 5150 δύναμις
3041 5076 3108 5152 ἦν
3163 5083 3196 5150 ὴ
3243 5083 3343 5144 τὰς
3401 5082 3508 5134 τῶν
3559 5100 3650 5136 πι⁶

2083 5161 2378 5216 στευόντων
2405 5164 2583 5234 ψυχὰς
2637 5164 2918 5232 πείθουσα,
2961 5166 3101 5220 ὥστε
3164 5168 3255 5221 καὶ
3299 5169 3434 5240 πρὸς
3493 5169 3654 5224 θανά-

2081 5267 2205 5313 τους
2243 5251 2469 5321 μυρίους
2509 5253 3022 5322 παρασκευάζεσθαι
3048 5270 3062 5283 ’
3125 5257 3260 5327 ὅπερ
3286 5258 3386 5309 οὐκ
3440 5257 3507 5310 ἂν
3561 5253 3650 5328 ἦν,

2081 5336 2238 5408 εἰμὴ
2289 5339 2492 5400 εὐθέως
2536 5340 2676 5392 κατά
2724 5341 2919 5412 βάθους
2947 5342 3009 5394 τὸ
3069 5346 3330 5415 κήρυγμα
3385 5346 3653 5416 ἐπεπήγει

2084 5425 2182 5475 καὶ
2209 5425 2452 5494 εἱστήκει
2504 5427 2742 5490 ἀκλινές.
2784 5429 3047 5496 Είδότες,
3102 5431 3352 5500 ἀδελφοὶ
3421 5433 3654 5501 ἠγαπη-

2075 5513 2268 5580 μένοι,
2296 5514 2416 5567 ὺπὸ
2449 5515 2596 5568 Θεοῦ
2624 5515 2740 5583 τὴν
2753 5517 3018 5586 ἐκλογὴν
3044 5518 3227 5588 ὑμῶν,
3252 5520 3340 5573 ὅτι
3378 5521 3444 5574 τὸ
3473 5523 3655 5590 labar-

2079 5599 2281 5668 τέλιον
2307 5600 2475 5668 ἡμῶν
2501 5603 2614 5655 οὐκ
2639 5603 2889 5672 ἐγενήθη
2921 5605 3070 5673 πρὸς
3099 5606 3254 5676 ὑμᾶς
3288 5608 3358 5662 ἐν
3385 5609 3542 5679 ,λόγῳ
3555 5608 3656 5679 μό·

2144 5741 2167 5806 ῗ
2194 5738 2506 5806 βοῐδετιὶηιιε
2528 5755 2671 5806 unus,
2697 5742 2807 5806 οὐδὲ
2832 5744 3010 5806 μισθόν.

2141 5798 2167 5837 d
2198 5800 2328 5868 |_d_em
2355 5807 2407 5868 1;}
2431 5798 2787 5868 marg.»Savil.,
2805 5798 3072 5868 dpelxﬁam
3099 5803 3344 5868 δυνάμενα.

2146 5873 2170 5900 θ
2206 5860 2340 5908 Idem
2362 5860 2620 5924 (Σοάεχξπ)
2631 5860 2832 5926 ησμονή.
