4128 6398
502 351 608 407 595

503 460 913 531 conjunxit,etsi
936 458 1014 513 eis
1037 465 1180 512 esset
1207 465 1362 512 notus
1390 465 1440 510 et
1468 456 1825 511 babereturin
1851 452 2083 508 admira-

505 557 650 628 u'one
691 555 706 622 (
739 552 1154 621 Experimentum
1192 550 1334 604 enim
1362 551 1471 620 ejus
1507 549 1837 618 cognoscitis,
1873 545 2038 614 inquit
2067 585 2082 608 ,

505 648 640 717 quod
661 649 789 700 sicut
813 647 946 712 patri
975 644 1112 712 [ilius
1141 658 1334 694 mecum
1365 641 1565 694 servivit
1592 656 1610 704 ,'
1649 651 1703 694 et
1743 654 1948 700 rursus,
1978 635 2085 689 Ne-

508 743 691 794 minem
754 739 909 791 habeo
975 747 1077 789 tam
1139 735 1424 787 unanimem
1449 773 1463 794 ,
1542 734 1626 800 qni
1685 733 1878 783 sincera
1943 728 2086 795 affe—

505 827 671 878 ctione
722 839 814 894 pro
851 821 988 875 vobis
1026 821 1090 873 sit
1139 818 1387 872 sollicitus
1426 814 1683 888 [Philipp.
1710 815 1764 868 2.
1793 815 1883 868 9.2.
1915 813 2083 884 20]);

507 919 596 972 hic
675 928 851 970 autem
925 929 1048 970 eum
1122 911 1222 966 sibi
1285 908 1605 977 conjungit?
1679 908 1803 962 Mihi
1880 907 2089 960 videtur

507 1009 652 1080 quod
696 1009 874 1062 statim
931 1022 1052 1061 eum
1103 1012 1245 1060 esset
1306 1002 1604 1066 missurus,
1667 1011 1720 1055 et
1774 1015 2089 1069 supervaca-

510 1117 672 1156 neum
711 1108 854 1154 esset
894 1092 956 1152 ut
1015 1099 1060 1151 is
1134 1094 1394 1149 scriberet
1439 1094 1526 1162 qui
1579 1109 1701 1146 mox
1742 1093 1923 1146 literas
1976 1101 2090 1146 erat

511 1202 871 1261 excepturus:
929 1190 1058 1244 dicit
1109 1189 1292 1256 enim,
1326 1187 1478 1241 Hunc
1513 1204 1660 1254 spero
1697 1187 1891 1239 mittere
1918 1186 1985 1238 ad
2006 1201 2091 1238 vos

515 1285 746 1354 proxime
788 1281 894 1351 (Ib.
921 1298 971 1335 v.
997 1280 1068 1334 2'5
1105 1281 1140 1350 ).
1202 1280 1298 1334 l-lic
1340 1289 1517 1332 autem
1549 1293 1654 1331 non
1687 1278 1791 1337 ita;
1839 1277 1932 1331 sed
1978 1287 2092 1330 erat

518 1390 767 1432 reversus
791 1417 806 1441 ,
847 1373 1197 1444 quamobrem
1223 1373 1414 1426 merito
1453 1369 1756 1425 scribebat:
1799 1385 1922 1422 nam
1965 1368 2091 1423 Cum

514 1483 675 1534 nuper
704 1505 720 1530 ,
781 1465 992 1533 inquit,
1034 1465 1102 1515 ad
1138 1479 1229 1516 nos
1266 1463 1478 1516 venisset
1545 1460 1832 1514 Timotheus
1879 1477 1910 1512 a
1957 1462 2093 1514 vobis

513 1561 596 1628 (l.
627 1557 804 1611 Thess.
833 1557 883 1610 5.
920 1555 1000 1623 6).
1031 1555 1139 1608 Cur
1180 1565 1357 1608 autem
1395 1554 1442 1607 ei
1482 1552 1746 1622 praeponit
1782 1552 2090 1617 Silvanum,

515 1649 724 1703 etiamsi
747 1664 842 1700 suo
861 1646 1165 1700 testimonio
1185 1645 1586 1698 innumerabilia
1607 1645 1704 1712 ipsi
1721 1645 1855 1698 bona
1877 1645 2090 1708 tribuat,

516 1752 569 1794 et
595 1739 845 1792 onmibns
874 1753 993 1791 eum
1023 1737 1332 1806 prteponat?
1378 1735 1539 1790 Forte
1565 1736 1776 1805 quidem
1811 1737 1952 1804 quod
1981 1738 2094 1804 ipse

517 1831 588 1883 ob
614 1846 859 1898 magnam
891 1829 1242 1882 humilitatem
1268 1829 1369 1883 hoc
1396 1829 1558 1882 vellet
1587 1837 1640 1881 et
1678 1840 1904 1896 rogaret.
1961 1828 2092 1881 Nam

517 1940 639 1977 cum
669 1923 879 1977 videret
910 1923 1220 1991 magistrum
1252 1922 1386 1975 adeo
1408 1937 1468 1976 se
1496 1922 1770 1975 humiliter
1791 1937 1994 1989 gerere.
2039 1933 2096 1976 ut

517 2031 700 2069 secum
729 2014 1077 2082 coniungeret
1098 2013 1413 2081 discipulum
1441 2029 1454 2074 ;
1487 2013 1654 2064 multo
1675 2013 1841 2080 magis
1862 2011 1960 2064 hoe
1984 2013 2096 2080 ipse

520 2105 864 2172 qtnesieritet
882 2104 1240 2157 contenderit.
1273 2103 1471 2156 Paulus
1502 2103 1666 2164 enim,
1702 2101 1890 2172 inquit,
1920 2103 2095 2155 etSil-

521 2215 697 2259 vanus,
725 2208 770 2250 et
797 2196 1086 2250 Timotheus
1118 2195 1356 2249 Ecclesia
1375 2194 1912 2248 Thessalonicensium.
1942 2195 2014 2247 De
2040 2209 2099 2248 sc

525 2290 608 2342 hic
639 2288 770 2342 nihil
798 2289 967 2356 ponit,
999 2303 1102 2341 non
1135 2287 1406 2356 apostolus
1429 2328 1444 2350 ,
1487 2299 1590 2338 non
1624 2301 1830 2338 servus.
1878 2284 2002 2338 Mihi
2024 2285 2100 2338 vi-

521 2381 679 2434 detur
703 2397 804 2432 non
835 2395 1031 2448 ponere
1069 2379 1408 2448 dignitatem,
1455 2388 1732 2446 prepterea
1770 2377 1910 2446 quod
1959 2377 1993 2430 ii
2017 2392 2095 2431 es-

522 2481 646 2525 sent
693 2471 958 2525 catechesi
1001 2485 1190 2524 recens
1234 2469 1460 2534 imbuti,
1510 2481 1563 2522 et
1592 2467 1826 2522 nondum
1865 2469 2101 2537 accepis-

525 2572 647 2618 sent
676 2562 845 2631 ipsius
875 2563 1260 2631 experientiam
1287 2579 1301 2614 :
1345 2561 1579 2630 alioquin
1603 2561 1761 2616 etiam
1793 2561 1968 2614 adhuc
1996 2562 2100 2615 iui-

526 2655 656 2707 tium
689 2653 1080 2723 prmdicationis
1108 2653 1245 2720 apud
1273 2653 1416 2722 ipsos
1440 2662 1574 2707 erat.
1608 2653 1869 2716 Ecclesiaz,
1903 2653 2097 2721 inquit,

529 2745 1066 2799 Thessalonicensium.
1085 2744 1330 2800 Pulchre.
1346 2745 1478 2811 Quia
1499 2746 1639 2798 enim
1663 2744 1958 2799 verisimile
1985 2754 2104 2799 erat

526 2840 648 2893 illos
669 2854 789 2894 esse
816 2855 1012 2908 paucos
1036 2880 1051 2904 ,
1107 2848 1161 2894 et
1213 2840 1446 2892 nondum
1475 2839 1792 2903 consistere,
1823 2849 2100 2909 propterea

529 2948 623 2985 eos
647 2932 952 2984 consolatur
971 2947 1064 3000 per
1086 2945 1278 2985 nomen
1305 2930 1557 2985 Ecclesiae
1582 2947 1596 2985 :
1623 2946 1745 2984 nam
1772 2931 1855 2984 ubi
1879 2931 2102 2985 ntultum

533 3033 742 3092 tempus
774 3024 1122 3092 praeterierat,
1162 3031 1219 3074 et
1246 3036 1467 3090 magnus
1491 3030 1605 3074 erat
1634 3031 1806 3076 caelus
1828 3021 2102 3085 Ecclesiae,

533 3115 636 3170 hoc
685 3132 787 3168 non
817 3116 984 3185 ponit.
1008 3115 1265 3182 Quoniam
1300 3121 1474 3168 autem
1515 3129 1708 3168 nomen
1749 3116 2105 3170 multitudinis

530 3217 588 3261 ut
614 3208 896 3278 plurimum
926 3222 1118 3260 nomen
1147 3206 1420 3270 Ecclesiae,
1459 3215 1515 3259 et
1552 3216 1724 3260 etetus
1763 3206 1874 3274 jam
1893 3207 2104 3261 collecti

531 3310 586 3355 et
624 3300 988 3363 consistentis,
1039 3298 1159 3352 ideo
1187 3313 1280 3350 eos
1301 3297 1378 3350 sic
1405 3306 1580 3350 vocat.
1610 3295 1675 3350 In
1705 3295 1816 3350 Deo
1839 3338 1854 3361 ,
1896 3299 2065 3365 inquit
2086 3339 2102 3362 ,

533 3389 687 3443 Patre
706 3400 752 3442 et
775 3387 994 3441 Domino
1017 3386 1143 3440 Jesu
1164 3386 1384 3441 Christo.
1407 3385 1683 3451 Ecclesim,
1716 3388 1903 3456 inquit,
1932 3388 2104 3442 ’l‘lies-

534 3480 943 3534 salonicensium
993 3493 1111 3548 qua:
1140 3485 1222 3532 est
1247 3478 1298 3531 in
1323 3477 1452 3531 Deo.
1483 3478 1618 3532 Ecce
1645 3492 1829 3531 rursus
1861 3478 2006 3541 illud,
2040 3479 2106 3532 In

534 3569 671 3637 Deo,
709 3570 904 3623 dictum
934 3579 1017 3623 est
1047 3571 1097 3622 in
1127 3569 1283 3622 Patre
1310 3577 1364 3622 et
1395 3569 1446 3622 in
1475 3567 1631 3622 Filio.
1658 3568 1791 3622 lllud
1817 3580 2015 3634 autem,
2039 3570 2106 3623 In

535 3659 642 3713 Deo
662 3701 676 3723 ,
705 3660 869 3724 dicit,
908 3659 1028 3728 quia
1056 3659 1239 3712 multa:
1269 3669 1424 3712 erant
1449 3659 1693 3712 ecclesia:
1715 3667 1768 3713 et
1791 3659 2025 3714 Judaicze
2050 3671 2105 3713 et

534 3751 753 3806 διξερε.
809 3751 989 3820 Magna
1019 3762 1100 3805 est
1127 3750 1379 3819 dignitas,
1411 3758 1467 3804 ct
1493 3752 1576 3804 cui
1609 3751 1741 3805 nihil
1769 3761 1851 3805 est
1875 3753 2100 3820 atquale,

534 3847 580 3899 si
602 3853 683 3899 est
713 3846 762 3897 in
789 3846 914 3897 Deo.
948 3844 1100 3897 Faxit
1117 3859 1244 3912 ergo
1267 3843 1405 3896 Deus
1427 3852 1483 3895 ut
1506 3842 1619 3896 bam
1642 3858 1851 3912 quoque
1868 3843 2104 3898 Ecclesia

533 3939 611 3990 sic
641 3947 858 3990 vocetur
883 3955 894 3988 :
922 3951 1114 3989 vereor
1141 3945 1319 3989 autem
1346 3949 1413 3988 ne
1435 3935 1590 4003 longe
1616 3935 1684 3986 sit
1709 3935 1774 3987 ab
1803 3934 1902 3988 hac
1922 3939 2107 4003 appel-

534 4031 749 4084 latione.
777 4029 906 4082 Nam
939 4029 983 4081 si
1009 4028 1127 4096 quis
1165 4039 1249 4083 est
1282 4042 1467 4082 servus
1498 4027 1697 4096 peccati
1727 4067 1744 4092 ,
1797 4043 1902 4080 non
1931 4035 2108 4096 potest

535 4125 635 4178 dici
666 4125 715 4176 in
747 4123 872 4177 Deo.
906 4120 1084 4175 Gratia
1136 4122 1270 4175 vobis
1309 4130 1355 4174 et
1397 4136 1518 4190 pax.
1578 4119 1763 4172 Vidisti
1791 4120 2106 4188 prooemium

539 4215 789 4284 Epistolas:
818 4215 995 4267 statim
1025 4228 1146 4267 esse
1175 4229 1204 4266 a
1235 4211 1512 4266 laudibus?
1539 4210 1743 4264 Gratias
1771 4213 1968 4282 agimus
1998 4211 2107 4265 Deo

537 4323 735 4377 semper
779 4323 870 4375 pro
908 4305 1141 4358 omnibus
1169 4303 1327 4368 vobis,
1377 4304 1670 4356 memoriam
1694 4305 1843 4356 vestri
1869 4305 2107 4374 facientes

536 4402 589 4453 in
617 4397 927 4452 orationibus
974 4398 1174 4451 nostris.
1202 4396 1334 4450 Nam
1365 4412 1460 4465 pro
1493 4396 1622 4464 ipsis
1664 4396 1771 4450 Deo
1808 4411 1964 4464 agere
1990 4412 2110 4464 gra-

537 4494 659 4555 tias,
699 4499 782 4545 est
809 4490 925 4560 eius
945 4490 1032 4559 qui
1059 4505 1157 4542 suo
1186 4488 1493 4542 testimonio
1524 4488 1652 4556 ipsis
1679 4487 1905 4541 multum
1930 4489 2112 4542 tribuit

541 4585 831 4655 profectum
859 4625 873 4648 ,
920 4582 1134 4651 quando
1165 4598 1267 4635 non
1297 4581 1468 4636 solum
1511 4581 1610 4648 ipsi
1643 4581 1958 4646 laudantur,
2015 4581 2110 4636 sed

540 4677 650 4730 Deo
671 4689 884 4744 quoque
913 4683 1138 4742 aguntur
1163 4673 1368 4742 gratim,
1424 4679 1480 4723 ut
1506 4671 1594 4740 qui
1627 4671 1740 4739 ipse
1765 4672 1942 4725 omnia
1982 4685 2112 4739 ope-

539 4778 704 4822 retur.
739 4768 904 4820 Docet
931 4780 1260 4833 eosqueque
1304 4779 1362 4816 se
1391 4761 1635 4816 modeste
1673 4777 1879 4829 gerere,
1922 4777 2113 4830 prope-

539 4857 756 4912 modum
803 4855 986 4909 dicens
1026 4855 1332 4908 universum
1377 4869 1498 4908 esse
1538 4854 1626 4906 Dei
1659 4853 1886 4906 virtutis.
1938 4855 2114 4922 Atque

542 4948 744 5016 gratias
780 4945 994 5016 quidem
1033 4959 1190 5012 agere
1215 4986 1228 5007 ,
1260 4954 1342 4998 est
1376 4953 1590 5014 propter
1625 4953 1770 4997 recte
1797 4943 1965 5006 facta;
1997 4959 2113 4997 me-

542 5040 763 5093 minisse
788 5048 966 5092 autem
992 5037 1042 5091 in
1065 5036 1418 5100 orationibus,
1445 5045 1529 5089 est
1554 5051 1664 5089 sua:
1703 5035 1756 5089 in
1799 5036 1943 5104 ipsos
1983 5036 2115 5091 dile-

541 5131 759 5185 ctionis.
789 5130 1006 5190 Deinde.
1035 5129 1176 5198 quod
1207 5129 1386 5183 multis
1409 5129 1458 5181 in
1488 5129 1617 5181 locis
1640 5127 1782 5193 facit,
1814 5139 1872 5182 ιιι
1899 5145 2002 5182 non
2024 5145 2114 5182 so-

543 5225 648 5278 lttm
702 5224 1006 5279 meminerit
1059 5223 1110 5276 in
1157 5223 1522 5286 orationibus,
1575 5221 1670 5274 sed
1719 5222 1876 5275 etiam
1916 5221 2117 5289 absque

541 5319 870 5372 orationibus
897 5336 911 5383 ;
944 5318 1070 5372 Sine
1097 5317 1484 5381 intermissione,
1511 5315 1699 5384 inquit,
1726 5333 1967 5370 memores
1995 5332 2118 5380 ope-

543 5410 613 5462 ris
641 5408 758 5473 lidei
788 5418 982 5468 vestrm,
1033 5416 1079 5460 et
1109 5406 1296 5459 laboris
1325 5406 1570 5469 caritatis,
1614 5415 1658 5458 et
1679 5406 1986 5458 sustinentia:
2010 5406 2118 5474 spei

548 5499 754 5552 Domini
779 5499 936 5551 nostri
955 5497 1081 5550 Jesu
1103 5496 1306 5558 Christi,
1338 5505 1452 5548 ante
1487 5495 1651 5547 Deum
1691 5506 1735 5548 et
1781 5495 1982 5549 Patrem
2021 5514 2116 5549 no-

548 5602 727 5644 strum.
750 5590 886 5656 Quid
911 5599 991 5643 est
1019 5587 1166 5652 illttd,
1192 5589 1315 5641 Sine
1333 5588 1696 5639 intermissione
1714 5604 1955 5641 memores
1979 5587 2120 5642 ?V'el

546 5697 814 5738 memores
839 5692 962 5736 ante
987 5682 1152 5734 Deum
1178 5689 1233 5734 et
1260 5679 1469 5733 Patrem
1495 5695 1510 5743 ;
1541 5679 1622 5733 vel
1659 5679 1855 5733 laboris
1882 5680 2118 5734 caritatis

550 5791 816 5831 memores
862 5785 984 5830 ante
1013 5775 1173 5829 Deum
1198 5781 1252 5828 et
1276 5773 1484 5827 Patrem
1515 5781 1777 5829 nostrum.
1807 5773 1922 5830 Non
1948 5775 2117 5830 solum

1357 343 1422 398 lN
1465 341 1679 397 hlPl'ST.
1725 341 1741 395 I
1811 340 1903 394 AD
1940 331 2272 391 TIIESSAL.
2311 330 2465 387 CAP.
2509 330 2551 385 Ι.
2591 327 2820 384 ΗΟΜΙι.
2863 324 2903 379 1.

3668 325 3772 382 591

2190 454 2369 501 autem
2398 444 2550 507 dixit,
2585 441 2708 497 Sine
2735 440 3106 494 intermissione
3130 455 3392 504 memores,
3423 438 3517 493 scd
3543 440 3771 507 addidit,

2201 537 2384 592 Vestri.
2418 535 2654 597 Deinde,
2696 548 2765 589 ne
2809 541 2965 603 putes
3011 529 3162 593 illud,
3195 528 3359 584 Vestri
3387 571 3403 595 ,
3453 532 3569 586 sine
3610 547 3772 588 causa

2192 630 2318 690 dici,
2351 627 2645 696 subjuuxit,
2675 627 2805 679 Ante
2830 624 2995 678 Deum
3027 633 3072 677 et
3102 622 3311 676 Patrem
3348 633 3595 679 nostrum.
3643 625 3776 691 Quia

2195 723 2338 778 enim
2371 723 2548 776 nullus
2576 719 2850 773 hominum
2893 715 3141 771 laudabat
3169 731 3288 785 qua:
3327 715 3523 770 liebaut
3549 758 3563 778 ,
3617 733 3778 773 nemo

2195 813 2456 868 reddebat
2486 810 2810 874 mercedem,
2842 809 2941 862 hoc
2969 809 3128 863 etiam
3158 807 3306 862 addit
3336 825 3348 860 :
3380 823 3443 862 ac
3475 809 3520 862 si
3550 808 3776 874 diceret,

2194 905 2494 961 Conlidite:
2537 919 2718 958 coram
2745 903 2852 956 Deo
2881 901 3157 955 laboratis.
3190 899 3329 966 Quid
3355 899 3684 971 est,.0peris
3711 902 3778 969 [i-

2196 999 2323 1052 dei?
2376 998 2674 1052 lnstilutum
2703 1007 2937 1050 vestrum
2969 1003 3023 1048 et
3050 994 3354 1047 instantiam
3395 1009 3554 1048 nemo
3580 994 3732 1048 ﬂexit
3765 1013 3779 1048 :

2197 1090 2299 1145 hoc
2325 1101 2408 1144 est
2431 1090 2572 1144 enim
2602 1104 2737 1156 Opus
2768 1089 2910 1142 ﬁdei.
2951 1087 3006 1141 Si
3034 1087 3230 1152 credis,
3271 1089 3449 1141 omnia
3479 1096 3662 1156 patere
3693 1107 3707 1143 :
3737 1089 3782 1142 si

2197 1195 2372 1237 autem
2421 1199 2526 1237 non
2575 1183 2808 1251 pateris,
2869 1198 2973 1234 non
3022 1180 3216 1237 credis.
3271 1183 3462 1234 Annon
3485 1182 3628 1235 enim
3658 1195 3783 1237 sunt

2198 1273 2460 1344 ejusmodi
2510 1289 2628 1343 quae
2674 1282 2800 1327 sunt
2839 1272 3122 1342 promissa,
3173 1281 3234 1326 ut
3280 1273 3364 1327 vel
3404 1273 3549 1328 mille
3581 1284 3782 1328 mortes

2199 1367 2308 1434 pati
2339 1367 2606 1420 electurus
2631 1366 2700 1420 sit
2727 1367 2816 1435 qui
2839 1365 3049 1421 credit?
3076 1366 3400 1434 Proponitur
3429 1381 3650 1436 regnum
3672 1383 3782 1422 cae—

2199 1457 2373 1510 lorum
2415 1465 2471 1512 et
2519 1452 2888 1511 innnortalilas
2914 1466 2968 1512 et
2998 1460 3104 1511 vita
3128 1467 3348 1511 :eterna.
3382 1458 3480 1526 Qui
3512 1475 3640 1528 ergo
3659 1474 3781 1514 cre-

2201 1549 2296 1611 dit,
2326 1549 2504 1602 omnia
2533 1549 2784 1616 patietur.
2811 1548 2951 1616 Ergo
2981 1547 3115 1602 ﬁdes
3145 1563 3240 1617 per
3267 1564 3428 1618 opera
3460 1550 3778 1604 ostenditur.

2199 1640 2386 1694 Merito
2413 1642 2571 1710 igitur
2595 1639 2750 1705 dixit,
2785 1641 2914 1694 Eam
2945 1656 3048 1694 non
3080 1649 3387 1709 utcumque.
3423 1641 3515 1695 sed
3542 1659 3636 1711 per
3653 1657 3782 1712 ope-

2200 1749 2258 1786 ra
2283 1733 2570 1797 ostendite,
2623 1747 2718 1800 per
2758 1732 3084 1796 instantiam,
3117 1747 3213 1800 per
3237 1731 3403 1785 animi
3428 1733 3777 1786 alacritatem.

2203 1824 2268 1877 Et
2293 1824 2478 1877 laboris
2507 1825 2752 1876 caritatis.
2783 1824 3036 1891 Quisnam
3065 1833 3147 1878 est
3174 1824 3324 1878 labor
3345 1835 3631 1896 utcumque
3659 1827 3782 1880 dili-

2201 1918 2365 1986 gere?
2403 1916 2592 1969 Nullus
2631 1916 2782 1970 labor
2812 1931 2825 1966 :
2869 1931 3121 1984 germane
3147 1925 3323 1970 autem
3351 1928 3406 1971 et
3425 1918 3630 1972 sincere
3659 1919 3782 1973 dili-

2202 2025 2328 2079 gere
2350 2051 2363 2071 .
2411 2009 2610 2063 multus
2651 2019 2733 2063 est
2792 2009 2962 2063 labor.
3001 2010 3225 2076 Quando
3250 2011 3414 2076 enim,
3447 2011 3557 2068 die.
3579 2028 3780 2081 quzeso,

2205 2110 2488 2156 moventur
2516 2101 2922 2154 innumerabilia
2967 2117 3086 2170 qua:
3126 2116 3224 2155 nos
3259 2103 3437 2156 volunt
3467 2102 3729 2158 abducere
3754 2122 3782 2156 ιι

2204 2197 2425 2250 caritate
2449 2236 2464 2260 ,
2499 2209 2597 2248 nos
2625 2203 2801 2248 autem
2829 2195 3076 2248 omnibus
3125 2195 3440 2260 resistimus,
3496 2210 3672 2249 annon
3702 2209 3785 2250 est

2206 2288 2401 2342 labor?
2428 2288 2564 2354 Quid
2597 2289 2740 2340 enim
2782 2304 2887 2340 non
2915 2289 3054 2356 passi
3081 2299 3204 2342 sunt
3230 2290 3351 2354 isti,
3404 2297 3462 2343 ut
3498 2304 3528 2343 a
3567 2292 3787 2346 caritate

2208 2396 2312 2433 non
2339 2379 2676 2435 discederent
2699 2380 2723 2433 ?
2750 2397 2929 2434 nonne
2957 2381 3020 2433 ad
3051 2381 3197 2434 Pauli
3239 2381 3502 2450 hOSpitem
3521 2395 3787 2440 venerunt

2208 2473 2345 2544 (Act.
2369 2475 2455 2528 l7.
2490 2474 2568 2543 5),
2597 2473 2687 2544 qui
2709 2473 2910 2529 bellum
2941 2475 3196 2541 gerebant
3223 2491 3342 2529 cum
3367 2478 3783 2545 prtedicatione;

2206 2574 2407 2620 etcum
2439 2581 2560 2620 eum
2587 2581 2694 2620 non
2728 2566 3090 2629 invenissent,
3140 2565 3313 2636 ipsum
3346 2567 3587 2623 Iasonem
3611 2569 3788 2624 trahe-

2211 2659 2338 2713 bant
2361 2659 2427 2713 ad
2457 2661 2796 2729 magistratus
2825 2659 3095 2714 civitatis?
3147 2661 3312 2716 llicne
3333 2663 3561 2732 est,dio.,
3582 2678 3784 2732 qttazso,

2210 2765 2405 2820 parvus
2433 2750 2606 2814 labor,
2659 2765 2778 2804 cum
2825 2752 3029 2806 semina
3061 2752 3299 2806 nondum
3344 2754 3743 2808 eoncrcvissent
3770 2796 3784 2816 ,

2212 2852 2410 2898 tantam
2460 2844 2599 2898 ferre
2632 2852 3004 2913 tempestatem
3030 2887 3045 2909 ,
3094 2854 3268 2898 tantas
3317 2847 3691 2902 tentationes?
3723 2846 3788 2900 Et

2209 2936 2489 2988 cautionem
2515 2935 2576 2987 ab
2602 2951 2660 2988 eo
2681 2944 2947 3003 exegerunt
2977 2933 3135 3005 (Ibid.
3168 2952 3213 2989 v.
3248 2935 3330 3004 9).
3383 2937 3496 3004 Qua
3529 2937 3673 3003 data,
3705 2939 3788 2990 in-

2210 3028 2342 3096 quit,
2372 3025 2554 3080 emisit
2574 3025 2818 3080 Paulum.
2855 3027 3016 3080 Estne
3048 3026 3148 3079 hoc
3176 3043 3420 3094 parvum,
3449 3027 3790 3098 dic,qu:eso?

2211 3133 2388 3173 nonne
2410 3119 2642 3187 seipsum
2666 3133 2761 3186 pro
2788 3117 2880 3172 illo
2909 3117 3129 3186 subjecit
3158 3118 3436 3187 periculo?
3465 3119 3615 3172 Hitnc
3639 3119 3790 3173 labo-

2210 3225 2324 3263 rem
2353 3208 2483 3262 dicit
2506 3209 2766 3272 caritatis,
2797 3209 3048 3276 quoniam
3076 3208 3154 3262 sic
3183 3209 3401 3262 fuerunt
3432 3211 3654 3279 alligati.

2279 3300 2334 3353 2.
2371 3299 2499 3353 Vide
2524 3307 2705 3352 autem
2729 3317 2740 3350 :
2766 3298 2998 3365 primum
3026 3298 3155 3351 dicit
3175 3314 3294 3366 qua:
3323 3299 3398 3351 illi
3433 3310 3577 3353 recte
3604 3316 3789 3368 gesse-

2210 3399 2357 3453 runt,
2380 3389 2573 3443 deinde
2594 3405 2712 3458 qua:
2752 3389 2890 3459 ipse,
2925 3404 2992 3442 ne
3018 3389 3293 3443 videretur
3321 3390 3388 3442 de
3418 3406 3475 3442 se
3506 3392 3647 3458 loqui
3681 3409 3789 3445 tua-

2209 3483 2420 3553 gniﬁce,
2449 3481 3081 3551 nequeeosaoticipando
3103 3481 3343 3549 diligere.
3371 3481 3435 3535 Et
3456 3485 3786 3550 sustinentur,

2212 3574 2418 3640 inquit,
2471 3573 2522 3626 id
2551 3581 2654 3636 est,
2687 3573 3006 3626 tolerantiae.
3036 3571 3218 3641 Neque
3240 3573 3380 3626 enim
3415 3590 3520 3626 uno
3550 3585 3789 3644 tempore

2212 3665 2310 3716 fuit
2358 3663 2446 3716 illa
2495 3664 2857 3732 persequutio,
2912 3663 3007 3716 sed
3062 3673 3368 3732 perpetuo:
3419 3681 3590 3733 neque
3620 3668 3790 3720 solum

2213 3755 2411 3809 bellum
2442 3755 2702 3825 gerebant
2724 3770 2842 3808 cum
2872 3755 3038 3809 Paulo
3065 3757 3337 3824 magistro,
3367 3758 3460 3810 sed
3489 3759 3648 3811 etiam
3669 3774 3790 3813 cum

2212 3848 2510 3914 discipulis.
2541 3847 2596 3898 Si
2622 3847 2766 3900 enim
2792 3847 2861 3898 ita
2886 3855 3039 3900 erant
3068 3846 3239 3901 allecti
3269 3848 3320 3901 in
3349 3863 3444 3902 eos
3498 3851 3586 3919 qui
3629 3852 3791 3904 fat-ie-

2213 3939 2341 3992 bant
2375 3925 2635 3992 “miracula
2661 3980 2675 4001 ,
2728 3937 2870 3990 viros
2911 3939 3069 4006 plane
3107 3938 3468 3994 revere’ndos:
3525 3942 3793 4007 quomodo

2213 4032 2485 4086 existimas
2516 4030 2680 4084 fuisse
2711 4029 2930 4083 allectos
2952 4031 3002 4082 in
3031 4045 3123 4083 eos
3149 4031 3240 4100 qui
3268 4047 3388 4084 cum
3421 4033 3548 4101 ipsis
3578 4033 3790 4086 habita-

2213 4125 2358 4185 bant,
2383 4137 2677 4192 eorumque
2707 4123 2851 4176 cives
2868 4132 3041 4187 erant,
3070 4131 3123 4176 et
3147 4135 3366 4191 repente
3394 4123 3794 4180 abscedebant?

2214 4215 2365 4285 Quod
2392 4215 2608 4284 quidem
2635 4215 2703 4267 de
2729 4214 2858 4282 ipsis
2901 4229 3112 4282 quoque
3143 4222 3386 4277 testatur,
3416 4215 3620 4282 dicens,
3654 4217 3786 4271 lmi-

2214 4318 2395 4360 tatores
2424 4306 2590 4376 fuistis
2642 4304 2985 4356 Ecclesiarutn
3036 4303 3166 4368 Dei,
3223 4321 3335 4369 qua:
3376 4316 3494 4358 sunt
3518 4308 3570 4359 in
3607 4307 3793 4361 ludam

2217 4401 2298 4468 (Ι.
2334 4398 2509 4452 Thess.
2548 4398 2602 4450 ‘2.
2639 4396 2750 4463 M).
2776 4396 2934 4464 Spei,
2991 4397 3194 4463 inquit,
3231 4397 3431 4450 Domini
3473 4402 3632 4454 nostri
3669 4401 3794 4456 Jem

2216 4492 2427 4556 Christi,
2453 4499 2569 4543 ante
2589 4487 2756 4541 Deum
2779 4498 2823 4540 et
2840 4488 3047 4541 Patrent
3072 4501 3316 4541 nostrum.
3339 4491 3506 4546 llccte
3535 4495 3612 4546 sic
3637 4494 3791 4548 dixit:

2217 4582 2330 4636 hmc
2359 4583 2500 4635 et‘tim
2525 4580 2703 4634 omnia
2735 4588 2860 4633 sunt
2884 4594 2916 4631 a
2947 4579 3051 4633 lide
3071 4589 3124 4632 et
3151 4595 3265 4647 spe.
3293 4582 3652 4648 Quamobrem
3685 4603 3790 4639 non

2219 4675 2387 4727 solum
2415 4671 2564 4725 fortis
2581 4679 2631 4722 et
2653 4671 2826 4739 magni
2849 4670 3011 4722 animi
3034 4671 3282 4725 virtutem
3307 4674 3795 4745 ostendebantque:

2219 4764 2433 4826 ﬁebant,
2463 4763 2556 4816 sed
2586 4762 2745 4817 etiam
2777 4761 2917 4830 quod
2939 4778 3058 4815 cum
3075 4771 3217 4816 certa
3238 4766 3580 4832 persnasiom
3605 4768 3797 4822 crede-

2226 4858 2353 4911 bant
2379 4853 2610 4924 praemiis
2645 4853 2912 4920 repositis.
2943 4853 3230 4923 Propterea
3284 4858 3628 4924 permittebat
3661 4861 3799 4914 Deos

2222 4959 2278 5014 ut
2306 4947 2486 5001 Statim
2513 4946 2701 4999 fierent
2727 4948 3191 5013 persequutiones.
3218 4963 3284 5000 ne
3314 4950 3433 5017 quis
3447 4949 3793 5005 diceretcam

2221 5052 2275 5094 et
2302 5038 2604 5092 adulatione
2633 5046 2883 5091 constare
2909 5037 3366 5105 praedicationem,
3392 5048 3448 5094 et
3468 5049 3524 5093 ut
3546 5044 3797 5097 ostende-

2222 5141 2372 5187 retur
2397 5147 2580 5186 eorum
2611 5128 2820 5194 fervor;
2847 5128 3066 5196 etquod
3097 5145 3202 5184 non
3231 5139 3373 5184 esset
3404 5131 3633 5184 humana
3667 5149 3794 5199 per-

2223 5224 2402 5277 suasio
2422 5264 2435 5286 ,
2484 5221 2575 5276 sed
2609 5222 2701 5275 Dei
2732 5221 2900 5273 virtus
2926 5236 3045 5289 quae
3072 5221 3405 5274 credentium
3447 5224 3804 5290 persnahebat

2225 5316 2436 5377 animis,
2477 5321 2534 5366 ut
2561 5313 2645 5366 vel
2693 5311 2756 5364 ad
2806 5312 2950 5364 mille
2979 5323 3178 5366 mortes
3200 5323 3380 5366 essent
3408 5314 3597 5381 parati.
3648 5315 3802 5380 Quod

2225 5406 2439 5477 quidem
2484 5420 2587 5459 non
2617 5403 2822 5470 fuisset,
2865 5403 2968 5456 nisi
2990 5404 3167 5457 statim
3196 5405 3248 5457 in
3279 5404 3543 5472 profundo
3565 5408 3801 5462 coaluis-

2227 5506 2330 5561 set,
2383 5505 2438 5550 et
2491 5494 2802 5549 confirmata
2859 5492 3040 5549 luisset
3091 5495 3416 5578 pratdicatip,
3470 5508 3528 5551 et
3571 5502 3823 5556 stetisset

2231 5588 2539 5642 immobilis.
2586 5588 2640 5641 4.
2690 5587 2934 5652 Scientes,
2967 5592 3151 5658 fratres
3189 5588 3380 5654 dilecti,
3409 5607 3441 5640 α
3471 5592 3576 5644 Deo
3604 5593 3808 5647 electio-

2230 5697 2341 5733 nem
2387 5691 2620 5741 vestram,
2646 5679 2697 5733 5.
2729 5679 2864 5748 quod
2889 5678 3201 5748 evangelium
3226 5691 3451 5734 nostrum
3481 5700 3580 5736 non
3621 5686 3719 5751 fuit
3745 5687 3812 5739 ad

2234 5789 2316 5827 t'os
2364 5771 2417 5826 in
2444 5787 2668 5827 sermone
2709 5779 2922 5839 tantum,
2973 5770 3060 5824 sed
3090 5780 3135 5825 et
3161 5772 3213 5825 in
3236 5773 3439 5842 virtute,
3463 5785 3509 5828 et
3535 5775 3585 5830 in
3613 5775 3812 5846 Spiritu
