  <div class='ocr_page' id='page_1' title='image "/cluster/home/n/w/nwhite01/storage/ocr_20150623/62/nnc1.0046979654/401.png"; bbox 0 0 4120 6400; ppageno 0'>
   <div class='ocr_carea' id='block_1_1' title="bbox 308 262 508 364">
    <p class='ocr_par' dir='ltr' id='par_1_1' title="bbox 308 262 508 364">
     <span class='ocr_line' id='line_1_1' title="bbox 308 262 508 364; baseline 0 -1"><span class='ocrx_word' id='word_1_1' title='bbox 308 262 309 265; x_wconf 4' lang='grc' dir='ltr'>γ</span> <span class='ocrx_word' id='word_1_2' title='bbox 402 306 508 364; x_wconf 77' lang='lat' dir='ltr'><strong>sos</strong></span> 
     </span>
    </p>
   </div>
   <div class='ocr_carea' id='block_1_2' title="bbox 399 416 1986 488">
    <p class='ocr_par' dir='ltr' id='par_1_2' title="bbox 399 416 1986 488">
     <span class='ocr_line' id='line_1_2' title="bbox 399 416 1986 488; baseline -0.001 -14"><span class='ocrx_word' id='word_1_3' title='bbox 399 431 597 482; x_wconf 82' lang='lat' dir='ltr'><strong>sancto,</strong></span> <span class='ocrx_word' id='word_1_4' title='bbox 639 427 684 472; x_wconf 90' lang='lat' dir='ltr'><strong>et</strong></span> <span class='ocrx_word' id='word_1_5' title='bbox 710 416 763 472; x_wconf 88' lang='lat' dir='ltr'><strong>in</strong></span> <span class='ocrx_word' id='word_1_6' title='bbox 793 417 1102 488; x_wconf 76' lang='lat' dir='ltr'><strong>plenitudine</strong></span> <span class='ocrx_word' id='word_1_7' title='bbox 1132 418 1290 471; x_wconf 85' lang='lat' dir='ltr'><strong>multa</strong></span> <span class='ocrx_word' id='word_1_8' title='bbox 1314 434 1333 472; x_wconf 92' lang='lat'><strong><em>:</em></strong></span> <span class='ocrx_word' id='word_1_9' title='bbox 1362 419 1489 472; x_wconf 88' lang='lat' dir='ltr'><strong>sicut</strong></span> <span class='ocrx_word' id='word_1_10' title='bbox 1508 418 1645 471; x_wconf 88' lang='lat' dir='ltr'><strong>scitis</strong></span> <span class='ocrx_word' id='word_1_11' title='bbox 1668 417 1841 487; x_wconf 78' lang='lat' dir='ltr'><strong>quales</strong></span> <span class='ocrx_word' id='word_1_12' title='bbox 1869 418 1986 487; x_wconf 77' lang='lat' dir='ltr'><strong>fue-</strong></span> 
     </span>
    </p>
   </div>
   <div class='ocr_carea' id='block_1_3' title="bbox 400 509 1986 581">
    <p class='ocr_par' dir='ltr' id='par_1_3' title="bbox 400 509 1986 581">
     <span class='ocr_line' id='line_1_3' title="bbox 400 509 1986 581; baseline -0.002 -15"><span class='ocrx_word' id='word_1_13' title='bbox 400 516 562 566; x_wconf 86' lang='lat' dir='ltr'><strong>rimus</strong></span> <span class='ocrx_word' id='word_1_14' title='bbox 593 512 645 566; x_wconf 90' lang='lat' dir='ltr'><strong>in</strong></span> <span class='ocrx_word' id='word_1_15' title='bbox 670 512 807 565; x_wconf 82' lang='lat' dir='ltr'><strong><em>vobis</em></strong></span> <span class='ocrx_word' id='word_1_16' title='bbox 826 521 1033 581; x_wconf 77' lang='lat' dir='ltr'><strong>propter</strong></span> <span class='ocrx_word' id='word_1_17' title='bbox 1061 526 1166 564; x_wconf 86' lang='lat' dir='ltr'><strong>vos.</strong></span> <span class='ocrx_word' id='word_1_18' title='bbox 1198 509 1335 578; x_wconf 96' lang='lat' dir='ltr'><strong>Quid</strong></span> <span class='ocrx_word' id='word_1_19' title='bbox 1366 509 1612 580; x_wconf 89' lang='lat' dir='ltr'><strong>estquod</strong></span> <span class='ocrx_word' id='word_1_20' title='bbox 1636 509 1787 576; x_wconf 90' lang='lat' dir='ltr'><strong>dicit,</strong></span> <span class='ocrx_word' id='word_1_21' title='bbox 1832 510 1986 565; x_wconf 90' lang='lat' dir='ltr'><strong>Scitis</strong></span> 
     </span>
    </p>
   </div>
   <div class='ocr_carea' id='block_1_4' title="bbox 397 603 1986 676">
    <p class='ocr_par' dir='ltr' id='par_1_4' title="bbox 397 603 1986 676">
     <span class='ocr_line' id='line_1_4' title="bbox 397 603 1986 676; baseline 0.001 -17"><span class='ocrx_word' id='word_1_22' title='bbox 397 604 578 676; x_wconf 78' lang='lat' dir='ltr'><strong>quales</strong></span> <span class='ocrx_word' id='word_1_23' title='bbox 624 605 872 676; x_wconf 74' lang='lat' dir='ltr'><strong><em>fuerimus</em></strong></span> <span class='ocrx_word' id='word_1_24' title='bbox 916 605 969 657; x_wconf 86' lang='lat' dir='ltr'><strong>in</strong></span> <span class='ocrx_word' id='word_1_25' title='bbox 995 604 1175 658; x_wconf 81' lang='lat' dir='ltr'><strong>vobis?</strong></span> <span class='ocrx_word' id='word_1_26' title='bbox 1220 603 1317 658; x_wconf 85' lang='lat' dir='ltr'><strong>Hic</strong></span> <span class='ocrx_word' id='word_1_27' title='bbox 1341 606 1503 658; x_wconf 88' lang='lat' dir='ltr'><strong>etiam</strong></span> <span class='ocrx_word' id='word_1_28' title='bbox 1529 605 1696 673; x_wconf 81' lang='lat' dir='ltr'><strong>tangit</strong></span> <span class='ocrx_word' id='word_1_29' title='bbox 1721 620 1839 674; x_wconf 70' lang='lat' dir='ltr'><strong>quae</strong></span> <span class='ocrx_word' id='word_1_30' title='bbox 1869 621 1898 658; x_wconf 91' lang='lat' dir='ltr'><strong>a</strong></span> <span class='ocrx_word' id='word_1_31' title='bbox 1927 621 1986 661; x_wconf 90' lang='lat' dir='ltr'><strong>se</strong></span> 
     </span>
    </p>
   </div>
   <div class='ocr_carea' id='block_1_5' title="bbox 400 694 1983 766">
    <p class='ocr_par' dir='ltr' id='par_1_5' title="bbox 400 694 1983 766">
     <span class='ocr_line' id='line_1_5' title="bbox 400 694 1983 766; baseline -0.001 -15"><span class='ocrx_word' id='word_1_32' title='bbox 400 707 548 751; x_wconf 90' lang='lat' dir='ltr'><strong>recte</strong></span> <span class='ocrx_word' id='word_1_33' title='bbox 574 708 749 766; x_wconf 87' lang='lat' dir='ltr'><strong>gesta,</strong></span> <span class='ocrx_word' id='word_1_34' title='bbox 793 695 888 750; x_wconf 84' lang='lat' dir='ltr'><strong>sed</strong></span> <span class='ocrx_word' id='word_1_35' title='bbox 914 705 1051 748; x_wconf 87' lang='lat' dir='ltr'><strong>tecte</strong></span> <span class='ocrx_word' id='word_1_36' title='bbox 1081 703 1135 749; x_wconf 89' lang='lat' dir='ltr'><strong>et</strong></span> <span class='ocrx_word' id='word_1_37' title='bbox 1159 694 1475 749; x_wconf 84' lang='lat' dir='ltr'><strong>adumbrate</strong></span> <span class='ocrx_word' id='word_1_38' title='bbox 1504 712 1517 747; x_wconf 92' lang='lat'><strong>:</strong></span> <span class='ocrx_word' id='word_1_39' title='bbox 1546 696 1659 750; x_wconf 89' lang='lat' dir='ltr'><strong>vult</strong></span> <span class='ocrx_word' id='word_1_40' title='bbox 1688 698 1829 751; x_wconf 88' lang='lat' dir='ltr'><strong>enim</strong></span> <span class='ocrx_word' id='word_1_41' title='bbox 1870 697 1983 766; x_wconf 86' lang='lat' dir='ltr'><strong>pri-</strong></span> 
     </span>
    </p>
   </div>
   <div class='ocr_carea' id='block_1_6' title="bbox 398 785 1986 857">
    <p class='ocr_par' dir='ltr' id='par_1_6' title="bbox 398 785 1986 857">
     <span class='ocr_line' id='line_1_6' title="bbox 398 785 1986 857; baseline 0.001 -14"><span class='ocrx_word' id='word_1_42' title='bbox 398 804 545 843; x_wconf 88' lang='lat' dir='ltr'><strong>mum</strong></span> <span class='ocrx_word' id='word_1_43' title='bbox 575 803 759 843; x_wconf 92' lang='lat' dir='ltr'><strong>eorum</strong></span> <span class='ocrx_word' id='word_1_44' title='bbox 791 786 979 841; x_wconf 89' lang='lat' dir='ltr'><strong>laudes</strong></span> <span class='ocrx_word' id='word_1_45' title='bbox 1006 788 1273 857; x_wconf 89' lang='lat' dir='ltr'><strong>persequi.</strong></span> <span class='ocrx_word' id='word_1_46' title='bbox 1309 785 1462 853; x_wconf 83' lang='lat' dir='ltr'><strong>Quod</strong></span> <span class='ocrx_word' id='word_1_47' title='bbox 1493 798 1671 843; x_wconf 86' lang='lat' dir='ltr'><strong>autem</strong></span> <span class='ocrx_word' id='word_1_48' title='bbox 1703 787 1853 853; x_wconf 87' lang='lat' dir='ltr'><strong><em>dicit,</em></strong></span> <span class='ocrx_word' id='word_1_49' title='bbox 1904 796 1986 844; x_wconf 88' lang='lat' dir='ltr'><strong>est</strong></span> 
     </span>
    </p>
   </div>
   <div class='ocr_carea' id='block_1_7' title="bbox 399 880 1983 953">
    <p class='ocr_par' dir='ltr' id='par_1_7' title="bbox 399 880 1983 953">
     <span class='ocr_line' id='line_1_7' title="bbox 399 880 1983 953; baseline -0.001 -16"><span class='ocrx_word' id='word_1_50' title='bbox 399 881 709 953; x_wconf 73' lang='lat' dir='ltr'><strong>huiusmodi</strong></span> <span class='ocrx_word' id='word_1_51' title='bbox 739 898 752 934; x_wconf 91' lang='lat'><strong>:</strong></span> <span class='ocrx_word' id='word_1_52' title='bbox 792 880 1057 937; x_wconf 87' lang='lat' dir='ltr'><strong>Scivimus</strong></span> <span class='ocrx_word' id='word_1_53' title='bbox 1087 880 1229 949; x_wconf 88' lang='lat' dir='ltr'><strong>quod</strong></span> <span class='ocrx_word' id='word_1_54' title='bbox 1260 881 1379 935; x_wconf 89' lang='lat' dir='ltr'><strong>sitis</strong></span> <span class='ocrx_word' id='word_1_55' title='bbox 1403 896 1470 935; x_wconf 81' lang='lat' dir='ltr'><strong>ex</strong></span> <span class='ocrx_word' id='word_1_56' title='bbox 1511 880 1740 937; x_wconf 83' lang='lat' dir='ltr'><strong>fortibus</strong></span> <span class='ocrx_word' id='word_1_57' title='bbox 1768 892 1822 937; x_wconf 92' lang='lat' dir='ltr'><strong>et</strong></span> <span class='ocrx_word' id='word_1_58' title='bbox 1866 896 1983 936; x_wconf 83' lang='lat' dir='ltr'><strong>ma-</strong></span> 
     </span>
    </p>
   </div>
   <div class='ocr_carea' id='block_1_8' title="bbox 400 972 1984 1044">
    <p class='ocr_par' dir='ltr' id='par_1_8' title="bbox 400 972 1984 1044">
     <span class='ocr_line' id='line_1_8' title="bbox 400 972 1984 1044; baseline 0.003 -17"><span class='ocrx_word' id='word_1_59' title='bbox 400 975 523 1044; x_wconf 89' lang='lat' dir='ltr'><strong>gnis</strong></span> <span class='ocrx_word' id='word_1_60' title='bbox 552 973 705 1034; x_wconf 87' lang='lat' dir='ltr'><strong>viris,</strong></span> <span class='ocrx_word' id='word_1_61' title='bbox 734 982 789 1027; x_wconf 88' lang='lat' dir='ltr'><strong>et</strong></span> <span class='ocrx_word' id='word_1_62' title='bbox 816 972 957 1043; x_wconf 88' lang='lat' dir='ltr'><strong>quod</strong></span> <span class='ocrx_word' id='word_1_63' title='bbox 988 987 1053 1027; x_wconf 84' lang='lat' dir='ltr'><strong>ex</strong></span> <span class='ocrx_word' id='word_1_64' title='bbox 1087 972 1274 1027; x_wconf 89' lang='lat' dir='ltr'><strong>electis</strong></span> <span class='ocrx_word' id='word_1_65' title='bbox 1298 990 1311 1025; x_wconf 90' lang='lat'><strong><em>:</em></strong></span> <span class='ocrx_word' id='word_1_66' title='bbox 1336 984 1619 1042; x_wconf 79' lang='lat' dir='ltr'><strong>propterea</strong></span> <span class='ocrx_word' id='word_1_67' title='bbox 1652 990 1748 1029; x_wconf 88' lang='lat' dir='ltr'><strong>nos</strong></span> <span class='ocrx_word' id='word_1_68' title='bbox 1773 990 1984 1044; x_wconf 89' lang='lat' dir='ltr'><strong>quoque</strong></span> 
     </span>
    </p>
   </div>
   <div class='ocr_carea' id='block_1_9' title="bbox 400 1065 1984 1138">
    <p class='ocr_par' dir='ltr' id='par_1_9' title="bbox 400 1065 1984 1138">
     <span class='ocr_line' id='line_1_9' title="bbox 400 1065 1984 1138; baseline -0.001 -15"><span class='ocrx_word' id='word_1_69' title='bbox 400 1078 622 1138; x_wconf 84' lang='lat' dir='ltr'><strong>propter</strong></span> <span class='ocrx_word' id='word_1_70' title='bbox 647 1081 742 1122; x_wconf 90' lang='lat' dir='ltr'><strong>vos</strong></span> <span class='ocrx_word' id='word_1_71' title='bbox 771 1067 948 1121; x_wconf 89' lang='lat' dir='ltr'><strong>omnia</strong></span> <span class='ocrx_word' id='word_1_72' title='bbox 995 1066 1343 1121; x_wconf 83' lang='lat' dir='ltr'><strong>sustinemus.</strong></span> <span class='ocrx_word' id='word_1_73' title='bbox 1399 1065 1532 1121; x_wconf 91' lang='lat' dir='ltr'><strong>lllud</strong></span> <span class='ocrx_word' id='word_1_74' title='bbox 1563 1068 1706 1121; x_wconf 90' lang='lat' dir='ltr'><strong>enim</strong></span> <span class='ocrx_word' id='word_1_75' title='bbox 1732 1110 1748 1134; x_wconf 96' lang='lat'><strong>,</strong></span> <span class='ocrx_word' id='word_1_76' title='bbox 1797 1067 1984 1134; x_wconf 82' lang='lat' dir='ltr'><strong>Quales</strong></span> 
     </span>
    </p>
   </div>
   <div class='ocr_carea' id='block_1_10' title="bbox 398 1157 1981 1230">
    <p class='ocr_par' dir='ltr' id='par_1_10' title="bbox 398 1157 1981 1230">
     <span class='ocr_line' id='line_1_10' title="bbox 398 1157 1981 1230; baseline 0.001 -18"><span class='ocrx_word' id='word_1_77' title='bbox 398 1159 647 1226; x_wconf 77' lang='lat' dir='ltr'><strong>fuerimus</strong></span> <span class='ocrx_word' id='word_1_78' title='bbox 692 1159 744 1212; x_wconf 84' lang='lat' dir='ltr'><strong>in</strong></span> <span class='ocrx_word' id='word_1_79' title='bbox 796 1159 968 1223; x_wconf 80' lang='lat' dir='ltr'><strong>vobis,</strong></span> <span class='ocrx_word' id='word_1_80' title='bbox 1010 1157 1112 1212; x_wconf 93' lang='lat' dir='ltr'><strong>hoc</strong></span> <span class='ocrx_word' id='word_1_81' title='bbox 1156 1158 1439 1228; x_wconf 88' lang='lat' dir='ltr'><strong>signiﬁcat,</strong></span> <span class='ocrx_word' id='word_1_82' title='bbox 1468 1159 1609 1228; x_wconf 91' lang='lat' dir='ltr'><strong>quod</strong></span> <span class='ocrx_word' id='word_1_83' title='bbox 1639 1174 1981 1230; x_wconf 86' lang='lat' dir='ltr'><strong>cummagna</strong></span> 
     </span>
    </p>
   </div>
   <div class='ocr_carea' id='block_1_11' title="bbox 394 1252 1983 1322">
    <p class='ocr_par' dir='ltr' id='par_1_11' title="bbox 394 1252 1983 1322">
     <span class='ocr_line' id='line_1_11' title="bbox 394 1252 1983 1322; baseline 0.001 -17"><span class='ocrx_word' id='word_1_84' title='bbox 394 1253 560 1306; x_wconf 83' lang='lat' dir='ltr'><strong>animi</strong></span> <span class='ocrx_word' id='word_1_85' title='bbox 587 1252 866 1307; x_wconf 80' lang='lat' dir='ltr'><strong>alacritate</strong></span> <span class='ocrx_word' id='word_1_86' title='bbox 896 1262 949 1306; x_wconf 90' lang='lat' dir='ltr'><strong>et</strong></span> <span class='ocrx_word' id='word_1_87' title='bbox 978 1252 1144 1306; x_wconf 91' lang='lat' dir='ltr'><strong>multa</strong></span> <span class='ocrx_word' id='word_1_88' title='bbox 1172 1253 1511 1307; x_wconf 83' lang='lat' dir='ltr'><strong>vehementia</strong></span> <span class='ocrx_word' id='word_1_89' title='bbox 1541 1253 1710 1322; x_wconf 87' lang='lat' dir='ltr'><strong>parati</strong></span> <span class='ocrx_word' id='word_1_90' title='bbox 1738 1266 1983 1308; x_wconf 89' lang='lat' dir='ltr'><strong>essemus</strong></span> 
     </span>
    </p>
   </div>
   <div class='ocr_carea' id='block_1_12' title="bbox 393 1342 1984 1415">
    <p class='ocr_par' dir='ltr' id='par_1_12' title="bbox 393 1342 1984 1415">
     <span class='ocr_line' id='line_1_12' title="bbox 393 1342 1984 1415; baseline 0.001 -16"><span class='ocrx_word' id='word_1_91' title='bbox 393 1344 600 1399; x_wconf 89' lang='lat' dir='ltr'><strong>animas</strong></span> <span class='ocrx_word' id='word_1_92' title='bbox 630 1352 841 1399; x_wconf 88' lang='lat' dir='ltr'><strong>nostras</strong></span> <span class='ocrx_word' id='word_1_93' title='bbox 869 1342 1000 1399; x_wconf 82' lang='lat' dir='ltr'><strong>dare</strong></span> <span class='ocrx_word' id='word_1_94' title='bbox 1040 1352 1256 1413; x_wconf 83' lang='lat' dir='ltr'><strong>propter</strong></span> <span class='ocrx_word' id='word_1_95' title='bbox 1285 1360 1413 1409; x_wconf 88' lang='lat' dir='ltr'><strong>vos;</strong></span> <span class='ocrx_word' id='word_1_96' title='bbox 1466 1345 1730 1415; x_wconf 71' lang='lat' dir='ltr'><strong>huiusque</strong></span> <span class='ocrx_word' id='word_1_97' title='bbox 1767 1361 1872 1399; x_wconf 90' lang='lat' dir='ltr'><strong>non</strong></span> <span class='ocrx_word' id='word_1_98' title='bbox 1901 1357 1984 1401; x_wconf 90' lang='lat' dir='ltr'><strong>est</strong></span> 
     </span>
    </p>
   </div>
   <div class='ocr_carea' id='block_1_13' title="bbox 393 1434 1977 1507">
    <p class='ocr_par' dir='ltr' id='par_1_13' title="bbox 393 1434 1977 1507">
     <span class='ocr_line' id='line_1_13' title="bbox 393 1434 1977 1507; baseline -0.001 -16"><span class='ocrx_word' id='word_1_99' title='bbox 393 1438 551 1492; x_wconf 86' lang='lat' dir='ltr'><strong>nobis</strong></span> <span class='ocrx_word' id='word_1_100' title='bbox 580 1436 821 1491; x_wconf 89' lang='lat' dir='ltr'><strong>habenda</strong></span> <span class='ocrx_word' id='word_1_101' title='bbox 868 1436 1038 1506; x_wconf 90' lang='lat' dir='ltr'><strong>gratia</strong></span> <span class='ocrx_word' id='word_1_102' title='bbox 1063 1476 1079 1499; x_wconf 91' lang='lat'><strong>,</strong></span> <span class='ocrx_word' id='word_1_103' title='bbox 1131 1435 1227 1490; x_wconf 90' lang='lat' dir='ltr'><strong>sed</strong></span> <span class='ocrx_word' id='word_1_104' title='bbox 1251 1434 1423 1502; x_wconf 80' lang='lat' dir='ltr'><strong>Vobis,</strong></span> <span class='ocrx_word' id='word_1_105' title='bbox 1472 1436 1621 1507; x_wconf 91' lang='lat' dir='ltr'><strong>quod</strong></span> <span class='ocrx_word' id='word_1_106' title='bbox 1647 1437 1766 1491; x_wconf 92' lang='lat' dir='ltr'><strong>sitis</strong></span> <span class='ocrx_word' id='word_1_107' title='bbox 1797 1438 1977 1493; x_wconf 88' lang='lat' dir='ltr'><strong>electi.</strong></span> 
     </span>
    </p>
   </div>
   <div class='ocr_carea' id='block_1_14' title="bbox 392 1527 1983 1602">
    <p class='ocr_par' dir='ltr' id='par_1_14' title="bbox 392 1527 1983 1602">
     <span class='ocr_line' id='line_1_14' title="bbox 392 1527 1983 1602; baseline -0.001 -18"><span class='ocrx_word' id='word_1_108' title='bbox 392 1529 685 1599; x_wconf 85' lang='lat' dir='ltr'><strong>Propterea</strong></span> <span class='ocrx_word' id='word_1_109' title='bbox 728 1528 853 1583; x_wconf 85' lang='lat' dir='ltr'><strong>alibi</strong></span> <span class='ocrx_word' id='word_1_110' title='bbox 892 1542 1106 1597; x_wconf 90' lang='lat' dir='ltr'><strong>quoque</strong></span> <span class='ocrx_word' id='word_1_111' title='bbox 1131 1528 1302 1582; x_wconf 87' lang='lat' dir='ltr'><strong>dicit:</strong></span> <span class='ocrx_word' id='word_1_112' title='bbox 1352 1527 1421 1582; x_wconf 87' lang='lat' dir='ltr'><strong><em>Et</em></strong></span> <span class='ocrx_word' id='word_1_113' title='bbox 1457 1529 1565 1583; x_wconf 65' lang='lat' dir='ltr'><strong>haec</strong></span> <span class='ocrx_word' id='word_1_114' title='bbox 1590 1530 1755 1599; x_wconf 85' lang='lat' dir='ltr'><strong>patior</strong></span> <span class='ocrx_word' id='word_1_115' title='bbox 1776 1541 1983 1602; x_wconf 85' lang='lat' dir='ltr'><strong>propter</strong></span> 
     </span>
    </p>
   </div>
   <div class='ocr_carea' id='block_1_15' title="bbox 391 1619 1978 1692">
    <p class='ocr_par' dir='ltr' id='par_1_15' title="bbox 391 1619 1978 1692">
     <span class='ocr_line' id='line_1_15' title="bbox 391 1619 1978 1692; baseline 0.001 -16"><span class='ocrx_word' id='word_1_116' title='bbox 391 1622 573 1677; x_wconf 91' lang='lat' dir='ltr'><strong>electos</strong></span> <span class='ocrx_word' id='word_1_117' title='bbox 600 1621 682 1689; x_wconf 72' lang='grc' dir='ltr'><strong>(Ξ.</strong></span> <span class='ocrx_word' id='word_1_118' title='bbox 708 1619 839 1675; x_wconf 88' lang='lat' dir='ltr'><strong>Tim.</strong></span> <span class='ocrx_word' id='word_1_119' title='bbox 863 1619 919 1675; x_wconf 72' lang='grc' dir='ltr'><strong>Ξ.</strong></span> <span class='ocrx_word' id='word_1_120' title='bbox 943 1622 1055 1687; x_wconf 87' lang='grc'><strong>10).</strong></span> <span class='ocrx_word' id='word_1_121' title='bbox 1074 1620 1205 1675; x_wconf 84' lang='lat' dir='ltr'><strong>Nam</strong></span> <span class='ocrx_word' id='word_1_122' title='bbox 1230 1636 1327 1691; x_wconf 89' lang='lat' dir='ltr'><strong>pro</strong></span> <span class='ocrx_word' id='word_1_123' title='bbox 1357 1620 1469 1676; x_wconf 93' lang='lat' dir='ltr'><strong>Deo</strong></span> <span class='ocrx_word' id='word_1_124' title='bbox 1488 1621 1701 1677; x_wconf 88' lang='lat' dir='ltr'><strong>dilectis</strong></span> <span class='ocrx_word' id='word_1_125' title='bbox 1724 1622 1851 1692; x_wconf 91' lang='lat' dir='ltr'><strong>quid</strong></span> <span class='ocrx_word' id='word_1_126' title='bbox 1873 1637 1978 1677; x_wconf 92' lang='lat' dir='ltr'><strong>non</strong></span> 
     </span>
    </p>
   </div>
   <div class='ocr_carea' id='block_1_16' title="bbox 392 1712 1981 1785">
    <p class='ocr_par' dir='ltr' id='par_1_16' title="bbox 392 1712 1981 1785">
     <span class='ocr_line' id='line_1_16' title="bbox 392 1712 1981 1785; baseline 0.001 -16"><span class='ocrx_word' id='word_1_127' title='bbox 392 1714 657 1783; x_wconf 83' lang='lat' dir='ltr'><strong>patiaris?</strong></span> <span class='ocrx_word' id='word_1_128' title='bbox 699 1714 764 1768; x_wconf 86' lang='lat' dir='ltr'><strong>Et</strong></span> <span class='ocrx_word' id='word_1_129' title='bbox 797 1728 919 1769; x_wconf 91' lang='lat' dir='ltr'><strong>cum</strong></span> <span class='ocrx_word' id='word_1_130' title='bbox 947 1712 1172 1767; x_wconf 84' lang='lat' dir='ltr'><strong>dixisset</strong></span> <span class='ocrx_word' id='word_1_131' title='bbox 1196 1714 1338 1784; x_wconf 86' lang='lat' dir='ltr'><strong>quod</strong></span> <span class='ocrx_word' id='word_1_132' title='bbox 1361 1729 1515 1768; x_wconf 89' lang='lat' dir='ltr'><strong>suum</strong></span> <span class='ocrx_word' id='word_1_133' title='bbox 1544 1723 1679 1781; x_wconf 88' lang='lat' dir='ltr'><strong>erat,</strong></span> <span class='ocrx_word' id='word_1_134' title='bbox 1705 1714 1835 1770; x_wconf 87' lang='lat' dir='ltr'><strong><em>dicit</em></strong></span> <span class='ocrx_word' id='word_1_135' title='bbox 1858 1730 1981 1785; x_wconf 88' lang='lat' dir='ltr'><strong>pro-</strong></span> 
     </span>
    </p>
   </div>
   <div class='ocr_carea' id='block_1_17' title="bbox 388 1807 1980 1878">
    <p class='ocr_par' dir='ltr' id='par_1_17' title="bbox 388 1807 1980 1878">
     <span class='ocr_line' id='line_1_17' title="bbox 388 1807 1980 1878; baseline 0.001 -14"><span class='ocrx_word' id='word_1_136' title='bbox 388 1807 677 1878; x_wconf 86' lang='lat' dir='ltr'><strong>pemodum</strong></span> <span class='ocrx_word' id='word_1_137' title='bbox 710 1825 723 1861; x_wconf 91' lang='lat'><strong>:</strong></span> <span class='ocrx_word' id='word_1_138' title='bbox 782 1807 840 1863; x_wconf 90' lang='lat' dir='ltr'><strong>Si</strong></span> <span class='ocrx_word' id='word_1_139' title='bbox 878 1808 1019 1861; x_wconf 90' lang='lat' dir='ltr'><strong>enim</strong></span> <span class='ocrx_word' id='word_1_140' title='bbox 1042 1808 1173 1862; x_wconf 89' lang='lat' dir='ltr'><strong>estis</strong></span> <span class='ocrx_word' id='word_1_141' title='bbox 1198 1817 1253 1861; x_wconf 89' lang='lat' dir='ltr'><strong>et</strong></span> <span class='ocrx_word' id='word_1_142' title='bbox 1281 1807 1461 1862; x_wconf 89' lang='lat' dir='ltr'><strong>dilecti</strong></span> <span class='ocrx_word' id='word_1_143' title='bbox 1489 1818 1543 1864; x_wconf 93' lang='lat' dir='ltr'><strong>et</strong></span> <span class='ocrx_word' id='word_1_144' title='bbox 1571 1808 1761 1875; x_wconf 87' lang='lat' dir='ltr'><strong>electi,</strong></span> <span class='ocrx_word' id='word_1_145' title='bbox 1801 1811 1980 1865; x_wconf 88' lang='lat' dir='ltr'><strong>omnia</strong></span> 
     </span>
    </p>
   </div>
   <div class='ocr_carea' id='block_1_18' title="bbox 388 1900 1978 1958">
    <p class='ocr_par' dir='ltr' id='par_1_18' title="bbox 388 1900 1978 1958">
     <span class='ocr_line' id='line_1_18' title="bbox 388 1900 1978 1958; baseline 0.003 -4"><span class='ocrx_word' id='word_1_146' title='bbox 388 1902 585 1955; x_wconf 88' lang='lat' dir='ltr'><strong>merito</strong></span> <span class='ocrx_word' id='word_1_147' title='bbox 628 1901 974 1957; x_wconf 85' lang='lat' dir='ltr'><strong>sustinemus.</strong></span> <span class='ocrx_word' id='word_1_148' title='bbox 1025 1900 1140 1955; x_wconf 90' lang='lat' dir='ltr'><strong>Non</strong></span> <span class='ocrx_word' id='word_1_149' title='bbox 1185 1902 1326 1956; x_wconf 90' lang='lat' dir='ltr'><strong>enim</strong></span> <span class='ocrx_word' id='word_1_150' title='bbox 1372 1901 1636 1956; x_wconf 81' lang='lat' dir='ltr'><strong>laudando</strong></span> <span class='ocrx_word' id='word_1_151' title='bbox 1673 1918 1765 1957; x_wconf 89' lang='lat' dir='ltr'><strong>eos</strong></span> <span class='ocrx_word' id='word_1_152' title='bbox 1804 1903 1978 1958; x_wconf 91' lang='lat' dir='ltr'><strong>solum</strong></span> 
     </span>
    </p>
   </div>
   <div class='ocr_carea' id='block_1_19' title="bbox 389 1994 1978 2065">
    <p class='ocr_par' dir='ltr' id='par_1_19' title="bbox 389 1994 1978 2065">
     <span class='ocr_line' id='line_1_19' title="bbox 389 1994 1978 2065; baseline 0.003 -16"><span class='ocrx_word' id='word_1_153' title='bbox 389 1994 741 2049; x_wconf 83' lang='lat' dir='ltr'><strong>conﬁrmabat</strong></span> <span class='ocrx_word' id='word_1_154' title='bbox 762 1996 944 2065; x_wconf 90' lang='lat' dir='ltr'><strong>eisque</strong></span> <span class='ocrx_word' id='word_1_155' title='bbox 967 1995 1209 2049; x_wconf 89' lang='lat' dir='ltr'><strong>animmn</strong></span> <span class='ocrx_word' id='word_1_156' title='bbox 1237 1995 1487 2056; x_wconf 84' lang='lat' dir='ltr'><strong>addebat.</strong></span> <span class='ocrx_word' id='word_1_157' title='bbox 1520 1996 1611 2050; x_wconf 92' lang='lat' dir='ltr'><strong>sed</strong></span> <span class='ocrx_word' id='word_1_158' title='bbox 1640 1998 1799 2051; x_wconf 89' lang='lat' dir='ltr'><strong>etiam</strong></span> <span class='ocrx_word' id='word_1_159' title='bbox 1825 2013 1978 2053; x_wconf 87' lang='lat' dir='ltr'><strong>revo-</strong></span> 
     </span>
    </p>
   </div>
   <div class='ocr_carea' id='block_1_20' title="bbox 388 2085 1973 2156">
    <p class='ocr_par' dir='ltr' id='par_1_20' title="bbox 388 2085 1973 2156">
     <span class='ocr_line' id='line_1_20' title="bbox 388 2085 1973 2156; baseline 0.004 -16"><span class='ocrx_word' id='word_1_160' title='bbox 388 2085 562 2140; x_wconf 84' lang='lat' dir='ltr'><strong>cando</strong></span> <span class='ocrx_word' id='word_1_161' title='bbox 590 2086 644 2140; x_wconf 89' lang='lat' dir='ltr'><strong>in</strong></span> <span class='ocrx_word' id='word_1_162' title='bbox 673 2086 1007 2149; x_wconf 86' lang='lat' dir='ltr'><strong>memoriam,</strong></span> <span class='ocrx_word' id='word_1_163' title='bbox 1032 2086 1175 2156; x_wconf 92' lang='lat' dir='ltr'><strong>quod</strong></span> <span class='ocrx_word' id='word_1_164' title='bbox 1204 2086 1302 2155; x_wconf 88' lang='lat' dir='ltr'><strong>ipsi</strong></span> <span class='ocrx_word' id='word_1_165' title='bbox 1333 2088 1695 2142; x_wconf 87' lang='lat' dir='ltr'><strong>ostendissent</strong></span> <span class='ocrx_word' id='word_1_166' title='bbox 1720 2090 1973 2145; x_wconf 81' lang='lat' dir='ltr'><strong>virtutem</strong></span> 
     </span>
    </p>
   </div>
   <div class='ocr_carea' id='block_1_21' title="bbox 388 2176 1973 2248">
    <p class='ocr_par' dir='ltr' id='par_1_21' title="bbox 388 2176 1973 2248">
     <span class='ocr_line' id='line_1_21' title="bbox 388 2176 1973 2248; baseline 0.003 -16"><span class='ocrx_word' id='word_1_167' title='bbox 388 2188 446 2232; x_wconf 85' lang='lat' dir='ltr'><strong>et</strong></span> <span class='ocrx_word' id='word_1_168' title='bbox 471 2176 836 2233; x_wconf 81' lang='lat' dir='ltr'><strong>fortitudinem</strong></span> <span class='ocrx_word' id='word_1_169' title='bbox 862 2192 1048 2232; x_wconf 81' lang='lat' dir='ltr'><strong>eomm</strong></span> <span class='ocrx_word' id='word_1_170' title='bbox 1065 2178 1227 2231; x_wconf 86' lang='lat' dir='ltr'><strong>animi</strong></span> <span class='ocrx_word' id='word_1_171' title='bbox 1250 2178 1509 2233; x_wconf 88' lang='lat' dir='ltr'><strong>alacritati</strong></span> <span class='ocrx_word' id='word_1_172' title='bbox 1539 2181 1973 2248; x_wconf 88' lang='lat' dir='ltr'><strong>respondentem.</strong></span> 
     </span>
    </p>
   </div>
   <div class='ocr_carea' id='block_1_22' title="bbox 387 2266 1976 2343">
    <p class='ocr_par' dir='ltr' id='par_1_22' title="bbox 387 2266 1976 2343">
     <span class='ocr_line' id='line_1_22' title="bbox 387 2266 1976 2343; baseline 0.003 -20"><span class='ocrx_word' id='word_1_173' title='bbox 387 2268 530 2324; x_wconf 86' lang='lat' dir='ltr'><strong><em>Dicit</em></strong></span> <span class='ocrx_word' id='word_1_174' title='bbox 567 2269 767 2339; x_wconf 86' lang='lat' dir='ltr'><strong>itaque,</strong></span> <span class='ocrx_word' id='word_1_175' title='bbox 810 2266 865 2322; x_wconf 83' lang='lat'><strong>6.</strong></span> <span class='ocrx_word' id='word_1_176' title='bbox 900 2267 967 2322; x_wconf 85' lang='lat' dir='ltr'><strong>Et</strong></span> <span class='ocrx_word' id='word_1_177' title='bbox 1008 2284 1095 2323; x_wconf 85' lang='lat' dir='ltr'><strong>vos</strong></span> <span class='ocrx_word' id='word_1_178' title='bbox 1124 2269 1402 2323; x_wconf 82' lang='lat' dir='ltr'><strong>imitatores</strong></span> <span class='ocrx_word' id='word_1_179' title='bbox 1447 2272 1605 2324; x_wconf 85' lang='lat' dir='ltr'><strong>nostri</strong></span> <span class='ocrx_word' id='word_1_180' title='bbox 1632 2272 1757 2343; x_wconf 77' lang='lat' dir='ltr'><strong>facti</strong></span> <span class='ocrx_word' id='word_1_181' title='bbox 1783 2274 1902 2326; x_wconf 87' lang='lat' dir='ltr'><strong>estis</strong></span> <span class='ocrx_word' id='word_1_182' title='bbox 1929 2283 1976 2328; x_wconf 89' lang='lat' dir='ltr'><strong>et</strong></span> 
     </span>
    </p>
   </div>
   <div class='ocr_carea' id='block_1_23' title="bbox 386 2358 1973 2430">
    <p class='ocr_par' dir='ltr' id='par_1_23' title="bbox 386 2358 1973 2430">
     <span class='ocr_line' id='line_1_23' title="bbox 386 2358 1973 2430; baseline 0.003 -17"><span class='ocrx_word' id='word_1_183' title='bbox 386 2358 618 2426; x_wconf 81' lang='lat' dir='ltr'><strong>Domini,</strong></span> <span class='ocrx_word' id='word_1_184' title='bbox 647 2360 950 2430; x_wconf 79' lang='lat' dir='ltr'><strong>excipientes</strong></span> <span class='ocrx_word' id='word_1_185' title='bbox 970 2359 1172 2413; x_wconf 86' lang='lat' dir='ltr'><strong>verbum</strong></span> <span class='ocrx_word' id='word_1_186' title='bbox 1201 2360 1254 2414; x_wconf 85' lang='lat' dir='ltr'><strong><em>in</em></strong></span> <span class='ocrx_word' id='word_1_187' title='bbox 1282 2361 1605 2416; x_wconf 78' lang='lat' dir='ltr'><strong>tribulatione</strong></span> <span class='ocrx_word' id='word_1_188' title='bbox 1632 2364 1824 2425; x_wconf 82' lang='lat' dir='ltr'><strong>multa,</strong></span> <span class='ocrx_word' id='word_1_189' title='bbox 1856 2382 1973 2419; x_wconf 89' lang='lat' dir='ltr'><strong>cum</strong></span> 
     </span>
    </p>
   </div>
   <div class='ocr_carea' id='block_1_24' title="bbox 392 2451 1970 2523">
    <p class='ocr_par' dir='ltr' id='par_1_24' title="bbox 392 2451 1970 2523">
     <span class='ocr_line' id='line_1_24' title="bbox 392 2451 1970 2523; baseline 0.004 -18"><span class='ocrx_word' id='word_1_190' title='bbox 392 2452 584 2522; x_wconf 81' lang='lat' dir='ltr'><strong>gaudio</strong></span> <span class='ocrx_word' id='word_1_191' title='bbox 616 2451 847 2523; x_wconf 81' lang='lat' dir='ltr'><strong>Spiritus</strong></span> <span class='ocrx_word' id='word_1_192' title='bbox 876 2452 1057 2506; x_wconf 86' lang='lat' dir='ltr'><strong>sancti.</strong></span> <span class='ocrx_word' id='word_1_193' title='bbox 1100 2452 1256 2521; x_wconf 62' lang='lat' dir='ltr'><strong>Papa}</strong></span> <span class='ocrx_word' id='word_1_194' title='bbox 1282 2453 1296 2507; x_wconf 83' lang='lat' dir='ltr'><strong>l</strong></span> <span class='ocrx_word' id='word_1_195' title='bbox 1326 2462 1584 2523; x_wconf 89' lang='lat' dir='ltr'><strong>quantum</strong></span> <span class='ocrx_word' id='word_1_196' title='bbox 1636 2457 1970 2511; x_wconf 87' lang='lat' dir='ltr'><strong>encomium!</strong></span> 
     </span>
    </p>
   </div>
   <div class='ocr_carea' id='block_1_25' title="bbox 390 2543 1972 2615">
    <p class='ocr_par' dir='ltr' id='par_1_25' title="bbox 390 2543 1972 2615">
     <span class='ocr_line' id='line_1_25' title="bbox 390 2543 1972 2615; baseline 0.003 -17"><span class='ocrx_word' id='word_1_197' title='bbox 390 2543 640 2613; x_wconf 76' lang='lat' dir='ltr'><strong>discipuli</strong></span> <span class='ocrx_word' id='word_1_198' title='bbox 693 2553 918 2613; x_wconf 88' lang='lat' dir='ltr'><strong>repente</strong></span> <span class='ocrx_word' id='word_1_199' title='bbox 978 2543 1101 2598; x_wconf 87' lang='lat' dir='ltr'><strong>facti</strong></span> <span class='ocrx_word' id='word_1_200' title='bbox 1150 2551 1276 2597; x_wconf 92' lang='lat' dir='ltr'><strong>sunt</strong></span> <span class='ocrx_word' id='word_1_201' title='bbox 1320 2545 1601 2615; x_wconf 82' lang='lat' dir='ltr'><strong>magistri:</strong></span> <span class='ocrx_word' id='word_1_202' title='bbox 1644 2562 1750 2600; x_wconf 92' lang='lat' dir='ltr'><strong>non</strong></span> <span class='ocrx_word' id='word_1_203' title='bbox 1800 2547 1972 2602; x_wconf 91' lang='lat' dir='ltr'><strong>solum</strong></span> 
     </span>
    </p>
   </div>
   <div class='ocr_carea' id='block_1_26' title="bbox 385 2635 1975 2708">
    <p class='ocr_par' dir='ltr' id='par_1_26' title="bbox 385 2635 1975 2708">
     <span class='ocr_line' id='line_1_26' title="bbox 385 2635 1975 2708; baseline 0.003 -17"><span class='ocrx_word' id='word_1_204' title='bbox 385 2638 675 2693; x_wconf 86' lang='lat' dir='ltr'><strong>audierunt</strong></span> <span class='ocrx_word' id='word_1_205' title='bbox 697 2636 919 2692; x_wconf 85' lang='lat' dir='ltr'><strong>verbum</strong></span> <span class='ocrx_word' id='word_1_206' title='bbox 940 2677 956 2702; x_wconf 93' lang='lat'><strong>,</strong></span> <span class='ocrx_word' id='word_1_207' title='bbox 1008 2636 1104 2691; x_wconf 90' lang='lat' dir='ltr'><strong>sed</strong></span> <span class='ocrx_word' id='word_1_208' title='bbox 1128 2637 1289 2691; x_wconf 91' lang='lat' dir='ltr'><strong>etiam</strong></span> <span class='ocrx_word' id='word_1_209' title='bbox 1320 2635 1387 2691; x_wconf 89' lang='lat' dir='ltr'><strong>ad</strong></span> <span class='ocrx_word' id='word_1_210' title='bbox 1432 2636 1573 2693; x_wconf 89' lang='lat' dir='ltr'><strong>idem</strong></span> <span class='ocrx_word' id='word_1_211' title='bbox 1614 2651 1975 2708; x_wconf 86' lang='lat' dir='ltr'><strong>pervenerunt</strong></span> 
     </span>
    </p>
   </div>
   <div class='ocr_carea' id='block_1_27' title="bbox 387 2726 1971 2799">
    <p class='ocr_par' dir='ltr' id='par_1_27' title="bbox 387 2726 1971 2799">
     <span class='ocr_line' id='line_1_27' title="bbox 387 2726 1971 2799; baseline 0.003 -16"><span class='ocrx_word' id='word_1_212' title='bbox 387 2728 658 2799; x_wconf 78' lang='lat' dir='ltr'><strong>fastigium</strong></span> <span class='ocrx_word' id='word_1_213' title='bbox 687 2728 753 2781; x_wconf 88' lang='lat' dir='ltr'><strong>ad</strong></span> <span class='ocrx_word' id='word_1_214' title='bbox 784 2727 925 2798; x_wconf 92' lang='lat' dir='ltr'><strong>quod</strong></span> <span class='ocrx_word' id='word_1_215' title='bbox 960 2727 1176 2782; x_wconf 87' lang='lat' dir='ltr'><strong>Paulus.</strong></span> <span class='ocrx_word' id='word_1_216' title='bbox 1226 2726 1332 2783; x_wconf 89' lang='lat' dir='ltr'><strong>Sed</strong></span> <span class='ocrx_word' id='word_1_217' title='bbox 1365 2727 1469 2783; x_wconf 91' lang='lat' dir='ltr'><strong>hoc</strong></span> <span class='ocrx_word' id='word_1_218' title='bbox 1508 2728 1638 2782; x_wconf 84' lang='lat' dir='ltr'><strong>nihil</strong></span> <span class='ocrx_word' id='word_1_219' title='bbox 1666 2739 1749 2784; x_wconf 89' lang='lat' dir='ltr'><strong>est</strong></span> <span class='ocrx_word' id='word_1_220' title='bbox 1782 2752 1795 2786; x_wconf 90' lang='lat'><strong>:</strong></span> <span class='ocrx_word' id='word_1_221' title='bbox 1848 2732 1971 2788; x_wconf 87' lang='lat' dir='ltr'><strong>vide</strong></span> 
     </span>
    </p>
   </div>
   <div class='ocr_carea' id='block_1_28' title="bbox 386 2819 1973 2891">
    <p class='ocr_par' dir='ltr' id='par_1_28' title="bbox 386 2819 1973 2891">
     <span class='ocr_line' id='line_1_28' title="bbox 386 2819 1973 2891; baseline 0.001 -15"><span class='ocrx_word' id='word_1_222' title='bbox 386 2821 533 2877; x_wconf 90' lang='lat' dir='ltr'><strong>enim</strong></span> <span class='ocrx_word' id='word_1_223' title='bbox 562 2819 833 2891; x_wconf 89' lang='lat' dir='ltr'><strong>quomodo</strong></span> <span class='ocrx_word' id='word_1_224' title='bbox 860 2829 1043 2890; x_wconf 89' lang='lat' dir='ltr'><strong>postea</strong></span> <span class='ocrx_word' id='word_1_225' title='bbox 1084 2834 1177 2873; x_wconf 90' lang='lat' dir='ltr'><strong>eos</strong></span> <span class='ocrx_word' id='word_1_226' title='bbox 1215 2820 1476 2874; x_wconf 81' lang='lat' dir='ltr'><strong>extollat:</strong></span> <span class='ocrx_word' id='word_1_227' title='bbox 1524 2819 1812 2876; x_wconf 89' lang='lat' dir='ltr'><strong>Imitatores</strong></span> <span class='ocrx_word' id='word_1_228' title='bbox 1848 2823 1973 2890; x_wconf 83' lang='lat' dir='ltr'><strong>[acti</strong></span> 
     </span>
    </p>
   </div>
   <div class='ocr_carea' id='block_1_29' title="bbox 387 2912 1969 2983">
    <p class='ocr_par' dir='ltr' id='par_1_29' title="bbox 387 2912 1969 2983">
     <span class='ocr_line' id='line_1_29' title="bbox 387 2912 1969 2983; baseline 0.001 -14"><span class='ocrx_word' id='word_1_229' title='bbox 387 2915 507 2970; x_wconf 79' lang='lat' dir='ltr'><strong>estis</strong></span> <span class='ocrx_word' id='word_1_230' title='bbox 532 2914 761 2969; x_wconf 88' lang='lat' dir='ltr'><strong>Domini.</strong></span> <span class='ocrx_word' id='word_1_231' title='bbox 792 2913 1114 2981; x_wconf 87' lang='lat' dir='ltr'><strong>Quomodo?</strong></span> <span class='ocrx_word' id='word_1_232' title='bbox 1145 2912 1469 2983; x_wconf 73' lang='lat' dir='ltr'><strong>Excipientes</strong></span> <span class='ocrx_word' id='word_1_233' title='bbox 1494 2914 1698 2967; x_wconf 81' lang='lat' dir='ltr'><strong>verbum</strong></span> <span class='ocrx_word' id='word_1_234' title='bbox 1726 2916 1780 2969; x_wconf 85' lang='lat' dir='ltr'><strong><em>in</em></strong></span> <span class='ocrx_word' id='word_1_235' title='bbox 1806 2917 1969 2970; x_wconf 85' lang='lat' dir='ltr'><strong>tribu-</strong></span> 
     </span>
    </p>
   </div>
   <div class='ocr_carea' id='block_1_30' title="bbox 385 3008 1970 3078">
    <p class='ocr_par' dir='ltr' id='par_1_30' title="bbox 385 3008 1970 3078">
     <span class='ocr_line' id='line_1_30' title="bbox 385 3008 1970 3078; baseline -0.001 -12"><span class='ocrx_word' id='word_1_236' title='bbox 385 3010 576 3066; x_wconf 73' lang='lat' dir='ltr'><strong>latione</strong></span> <span class='ocrx_word' id='word_1_237' title='bbox 596 3009 776 3073; x_wconf 86' lang='lat' dir='ltr'><strong>multa,</strong></span> <span class='ocrx_word' id='word_1_238' title='bbox 804 3025 917 3063; x_wconf 89' lang='lat' dir='ltr'><strong>cum</strong></span> <span class='ocrx_word' id='word_1_239' title='bbox 944 3008 1130 3078; x_wconf 87' lang='lat' dir='ltr'><strong>gaudio</strong></span> <span class='ocrx_word' id='word_1_240' title='bbox 1170 3008 1393 3077; x_wconf 85' lang='lat' dir='ltr'><strong>Spiritus</strong></span> <span class='ocrx_word' id='word_1_241' title='bbox 1414 3008 1597 3062; x_wconf 86' lang='lat' dir='ltr'><strong>sancti.</strong></span> <span class='ocrx_word' id='word_1_242' title='bbox 1652 3008 1766 3062; x_wconf 91' lang='lat' dir='ltr'><strong>Non</strong></span> <span class='ocrx_word' id='word_1_243' title='bbox 1796 3010 1970 3064; x_wconf 92' lang='lat' dir='ltr'><strong>solum</strong></span> 
     </span>
    </p>
   </div>
   <div class='ocr_carea' id='block_1_31' title="bbox 386 3100 1971 3167">
    <p class='ocr_par' dir='ltr' id='par_1_31' title="bbox 386 3100 1971 3167">
     <span class='ocr_line' id='line_1_31' title="bbox 386 3100 1971 3167; baseline -0.001 -8"><span class='ocrx_word' id='word_1_244' title='bbox 386 3119 510 3160; x_wconf 91' lang='lat' dir='ltr'><strong>cum</strong></span> <span class='ocrx_word' id='word_1_245' title='bbox 548 3101 893 3158; x_wconf 88' lang='lat' dir='ltr'><strong>tribulatione</strong></span> <span class='ocrx_word' id='word_1_246' title='bbox 926 3110 981 3156; x_wconf 92' lang='lat' dir='ltr'><strong>et</strong></span> <span class='ocrx_word' id='word_1_247' title='bbox 1003 3101 1291 3155; x_wconf 91' lang='lat' dir='ltr'><strong>afﬂictione</strong></span> <span class='ocrx_word' id='word_1_248' title='bbox 1314 3143 1330 3167; x_wconf 94' lang='lat'><strong>,</strong></span> <span class='ocrx_word' id='word_1_249' title='bbox 1360 3100 1453 3156; x_wconf 90' lang='lat' dir='ltr'><strong>sed</strong></span> <span class='ocrx_word' id='word_1_250' title='bbox 1474 3116 1594 3155; x_wconf 91' lang='lat' dir='ltr'><strong>cum</strong></span> <span class='ocrx_word' id='word_1_251' title='bbox 1621 3103 1808 3157; x_wconf 90' lang='lat' dir='ltr'><strong>multa.</strong></span> <span class='ocrx_word' id='word_1_252' title='bbox 1859 3103 1971 3158; x_wconf 84' lang='lat' dir='ltr'><strong>Hoc</strong></span> 
     </span>
    </p>
   </div>
   <div class='ocr_carea' id='block_1_32' title="bbox 386 3194 1965 3266">
    <p class='ocr_par' dir='ltr' id='par_1_32' title="bbox 386 3194 1965 3266">
     <span class='ocr_line' id='line_1_32' title="bbox 386 3194 1965 3266; baseline 0 -16"><span class='ocrx_word' id='word_1_253' title='bbox 386 3206 566 3252; x_wconf 86' lang='lat' dir='ltr'><strong>autem</strong></span> <span class='ocrx_word' id='word_1_254' title='bbox 594 3194 950 3250; x_wconf 87' lang='lat' dir='ltr'><strong>licetdiscere</strong></span> <span class='ocrx_word' id='word_1_255' title='bbox 977 3209 1045 3249; x_wconf 81' lang='lat' dir='ltr'><strong>ex</strong></span> <span class='ocrx_word' id='word_1_256' title='bbox 1077 3194 1227 3248; x_wconf 89' lang='lat' dir='ltr'><strong>Actis</strong></span> <span class='ocrx_word' id='word_1_257' title='bbox 1270 3196 1637 3263; x_wconf 89' lang='lat' dir='ltr'><strong>apostolorum</strong></span> <span class='ocrx_word' id='word_1_258' title='bbox 1665 3195 1801 3266; x_wconf 82' lang='lat' dir='ltr'><strong>(Act.</strong></span> <span class='ocrx_word' id='word_1_259' title='bbox 1827 3197 1917 3264; x_wconf 80' lang='lat' dir='ltr'><strong>l7)</strong></span> <span class='ocrx_word' id='word_1_260' title='bbox 1952 3239 1965 3261; x_wconf 89' lang='lat'><strong>,</strong></span> 
     </span>
    </p>
   </div>
   <div class='ocr_carea' id='block_1_33' title="bbox 384 3286 1969 3359">
    <p class='ocr_par' dir='ltr' id='par_1_33' title="bbox 384 3286 1969 3359">
     <span class='ocr_line' id='line_1_33' title="bbox 384 3286 1969 3359; baseline 0.002 -19"><span class='ocrx_word' id='word_1_261' title='bbox 384 3286 657 3359; x_wconf 88' lang='lat' dir='ltr'><strong>quomodo</strong></span> <span class='ocrx_word' id='word_1_262' title='bbox 685 3286 998 3341; x_wconf 83' lang='lat' dir='ltr'><strong>excitarunt</strong></span> <span class='ocrx_word' id='word_1_263' title='bbox 1041 3286 1094 3340; x_wconf 94' lang='lat' dir='ltr'><strong>in</strong></span> <span class='ocrx_word' id='word_1_264' title='bbox 1121 3300 1216 3341; x_wconf 90' lang='lat' dir='ltr'><strong>eos</strong></span> <span class='ocrx_word' id='word_1_265' title='bbox 1243 3288 1715 3356; x_wconf 82' lang='lat' dir='ltr'><strong>persequutionem</strong></span> <span class='ocrx_word' id='word_1_266' title='bbox 1752 3307 1766 3342; x_wconf 90' lang='lat'>:</span> <span class='ocrx_word' id='word_1_267' title='bbox 1822 3289 1969 3344; x_wconf 89' lang='lat' dir='ltr'><strong>Con-</strong></span> 
     </span>
    </p>
   </div>
   <div class='ocr_carea' id='block_1_34' title="bbox 385 3377 1971 3446">
    <p class='ocr_par' dir='ltr' id='par_1_34' title="bbox 385 3377 1971 3446">
     <span class='ocr_line' id='line_1_34' title="bbox 385 3377 1971 3446; baseline 0.002 -13"><span class='ocrx_word' id='word_1_268' title='bbox 385 3378 757 3444; x_wconf 88' lang='lat' dir='ltr'><strong>turhaverunt,</strong></span> <span class='ocrx_word' id='word_1_269' title='bbox 808 3377 999 3446; x_wconf 83' lang='lat' dir='ltr'><strong>inquit,</strong></span> <span class='ocrx_word' id='word_1_270' title='bbox 1035 3377 1378 3446; x_wconf 82' lang='lat' dir='ltr'><strong>magistratus</strong></span> <span class='ocrx_word' id='word_1_271' title='bbox 1407 3392 1596 3433; x_wconf 90' lang='lat' dir='ltr'><strong>omnes</strong></span> <span class='ocrx_word' id='word_1_272' title='bbox 1616 3379 1869 3441; x_wconf 86' lang='lat' dir='ltr'><strong>civitatis.</strong></span> <span class='ocrx_word' id='word_1_273' title='bbox 1916 3392 1971 3436; x_wconf 91' lang='lat' dir='ltr'><strong>et</strong></span> 
     </span>
    </p>
   </div>
   <div class='ocr_carea' id='block_1_35' title="bbox 385 3467 1967 3540">
    <p class='ocr_par' dir='ltr' id='par_1_35' title="bbox 385 3467 1967 3540">
     <span class='ocr_line' id='line_1_35' title="bbox 385 3467 1967 3540; baseline -0.001 -14"><span class='ocrx_word' id='word_1_274' title='bbox 385 3471 656 3526; x_wconf 84' lang='lat' dir='ltr'><strong>civitatem</strong></span> <span class='ocrx_word' id='word_1_275' title='bbox 689 3468 1097 3525; x_wconf 89' lang='lat' dir='ltr'><strong>concitaverunt</strong></span> <span class='ocrx_word' id='word_1_276' title='bbox 1118 3468 1170 3522; x_wconf 92' lang='lat' dir='ltr'><strong>in</strong></span> <span class='ocrx_word' id='word_1_277' title='bbox 1200 3468 1365 3538; x_wconf 90' lang='lat' dir='ltr'><strong>ipsos.</strong></span> <span class='ocrx_word' id='word_1_278' title='bbox 1398 3467 1584 3539; x_wconf 84' lang='lat' dir='ltr'><strong>Neque</strong></span> <span class='ocrx_word' id='word_1_279' title='bbox 1608 3470 1712 3526; x_wconf 91' lang='lat' dir='ltr'><strong>dici</strong></span> <span class='ocrx_word' id='word_1_280' title='bbox 1752 3481 1928 3540; x_wconf 89' lang='lat' dir='ltr'><strong>potest</strong></span> <span class='ocrx_word' id='word_1_281' title='bbox 1952 3514 1967 3534; x_wconf 89' lang='lat'><strong>,</strong></span> 
     </span>
    </p>
   </div>
   <div class='ocr_carea' id='block_1_36' title="bbox 382 3560 1969 3634">
    <p class='ocr_par' dir='ltr' id='par_1_36' title="bbox 382 3560 1969 3634">
     <span class='ocr_line' id='line_1_36' title="bbox 382 3560 1969 3634; baseline 0.001 -17"><span class='ocrx_word' id='word_1_282' title='bbox 382 3563 569 3619; x_wconf 87' lang='lat' dir='ltr'><strong>afﬂicti</strong></span> <span class='ocrx_word' id='word_1_283' title='bbox 601 3561 817 3634; x_wconf 86' lang='lat' dir='ltr'><strong>quidem</strong></span> <span class='ocrx_word' id='word_1_284' title='bbox 849 3561 979 3616; x_wconf 91' lang='lat' dir='ltr'><strong>estis</strong></span> <span class='ocrx_word' id='word_1_285' title='bbox 1000 3570 1055 3615; x_wconf 89' lang='lat' dir='ltr'><strong>et</strong></span> <span class='ocrx_word' id='word_1_286' title='bbox 1073 3560 1399 3622; x_wconf 87' lang='lat' dir='ltr'><strong>credidistis,</strong></span> <span class='ocrx_word' id='word_1_287' title='bbox 1428 3562 1521 3617; x_wconf 89' lang='lat' dir='ltr'><strong>sed</strong></span> <span class='ocrx_word' id='word_1_288' title='bbox 1548 3562 1826 3629; x_wconf 90' lang='lat' dir='ltr'><strong>dolentes;</strong></span> <span class='ocrx_word' id='word_1_289' title='bbox 1860 3564 1969 3619; x_wconf 91' lang='lat' dir='ltr'><strong>imo</strong></span> 
     </span>
    </p>
   </div>
   <div class='ocr_carea' id='block_1_37' title="bbox 384 3652 1969 3727">
    <p class='ocr_par' dir='ltr' id='par_1_37' title="bbox 384 3652 1969 3727">
     <span class='ocr_line' id='line_1_37' title="bbox 384 3652 1969 3727; baseline 0.003 -18"><span class='ocrx_word' id='word_1_290' title='bbox 384 3671 515 3712; x_wconf 86' lang='lat' dir='ltr'><strong>vero</strong></span> <span class='ocrx_word' id='word_1_291' title='bbox 543 3654 851 3726; x_wconf 80' lang='lat' dir='ltr'><strong>gaudentes.</strong></span> <span class='ocrx_word' id='word_1_292' title='bbox 904 3652 1056 3720; x_wconf 86' lang='lat' dir='ltr'><strong>Quod</strong></span> <span class='ocrx_word' id='word_1_293' title='bbox 1095 3653 1310 3724; x_wconf 91' lang='lat' dir='ltr'><strong>quidem</strong></span> <span class='ocrx_word' id='word_1_294' title='bbox 1360 3654 1622 3711; x_wconf 86' lang='lat' dir='ltr'><strong>faciebant</strong></span> <span class='ocrx_word' id='word_1_295' title='bbox 1644 3658 1806 3713; x_wconf 87' lang='lat' dir='ltr'><strong>etiam</strong></span> <span class='ocrx_word' id='word_1_296' title='bbox 1838 3674 1969 3727; x_wconf 81' lang='lat' dir='ltr'><strong>apo-</strong></span> 
     </span>
    </p>
   </div>
   <div class='ocr_carea' id='block_1_38' title="bbox 385 3745 1969 3820">
    <p class='ocr_par' dir='ltr' id='par_1_38' title="bbox 385 3745 1969 3820">
     <span class='ocr_line' id='line_1_38' title="bbox 385 3745 1969 3820; baseline 0.001 -17"><span class='ocrx_word' id='word_1_297' title='bbox 385 3749 507 3803; x_wconf 87' lang='lat' dir='ltr'><strong>stoli</strong></span> <span class='ocrx_word' id='word_1_298' title='bbox 537 3765 552 3802; x_wconf 91' lang='lat'><strong>:</strong></span> <span class='ocrx_word' id='word_1_299' title='bbox 583 3745 906 3813; x_wconf 83' lang='lat' dir='ltr'><strong>Gaudentes,</strong></span> <span class='ocrx_word' id='word_1_300' title='bbox 943 3745 1115 3814; x_wconf 90' lang='lat' dir='ltr'><strong>inquit</strong></span> <span class='ocrx_word' id='word_1_301' title='bbox 1137 3786 1152 3811; x_wconf 94' lang='lat'><strong>,</strong></span> <span class='ocrx_word' id='word_1_302' title='bbox 1181 3745 1316 3815; x_wconf 88' lang='lat' dir='ltr'><strong>quod</strong></span> <span class='ocrx_word' id='word_1_303' title='bbox 1344 3746 1484 3815; x_wconf 85' lang='lat' dir='ltr'><strong>digni</strong></span> <span class='ocrx_word' id='word_1_304' title='bbox 1511 3757 1676 3801; x_wconf 86' lang='lat' dir='ltr'><strong>essent</strong></span> <span class='ocrx_word' id='word_1_305' title='bbox 1696 3749 1852 3803; x_wconf 83' lang='lat' dir='ltr'><strong>habiti</strong></span> <span class='ocrx_word' id='word_1_306' title='bbox 1878 3767 1969 3820; x_wconf 85' lang='lat' dir='ltr'><strong>pro</strong></span> 
     </span>
    </p>
   </div>
   <div class='ocr_carea' id='block_1_39' title="bbox 383 3834 1965 3907">
    <p class='ocr_par' dir='ltr' id='par_1_39' title="bbox 383 3834 1965 3907">
     <span class='ocr_line' id='line_1_39' title="bbox 383 3834 1965 3907; baseline -0.001 -12"><span class='ocrx_word' id='word_1_307' title='bbox 383 3840 587 3895; x_wconf 79' lang='lat' dir='ltr'><strong>stontine</strong></span> <span class='ocrx_word' id='word_1_308' title='bbox 615 3837 801 3893; x_wconf 84' lang='lat' dir='ltr'><strong>Christi</strong></span> <span class='ocrx_word' id='word_1_309' title='bbox 819 3836 1120 3891; x_wconf 82' lang='lat' dir='ltr'><strong>contumelia</strong></span> <span class='ocrx_word' id='word_1_310' title='bbox 1145 3836 1274 3906; x_wconf 74' lang='lat' dir='ltr'><strong>aﬂici</strong></span> <span class='ocrx_word' id='word_1_311' title='bbox 1292 3834 1341 3907; x_wconf 88' lang='grc'><strong>(1</strong></span> <span class='ocrx_word' id='word_1_312' title='bbox 1350 3837 1455 3891; x_wconf 90' lang='lat' dir='ltr'><strong>bid.</strong></span> <span class='ocrx_word' id='word_1_313' title='bbox 1484 3838 1538 3892; x_wconf 85' lang='lat'><strong>5.</strong></span> <span class='ocrx_word' id='word_1_314' title='bbox 1567 3838 1803 3907; x_wconf 67' lang='lat' dir='ltr'><strong>44).Hoc</strong></span> <span class='ocrx_word' id='word_1_315' title='bbox 1824 3841 1965 3896; x_wconf 89' lang='lat' dir='ltr'><strong>enim</strong></span> 
     </span>
    </p>
   </div>
   <div class='ocr_carea' id='block_1_40' title="bbox 385 3924 1969 4002">
    <p class='ocr_par' dir='ltr' id='par_1_40' title="bbox 385 3924 1969 4002">
     <span class='ocr_line' id='line_1_40' title="bbox 385 3924 1969 4002; baseline -0.003 -14"><span class='ocrx_word' id='word_1_316' title='bbox 385 3942 471 3988; x_wconf 89' lang='lat' dir='ltr'><strong>est</strong></span> <span class='ocrx_word' id='word_1_317' title='bbox 491 3930 809 3986; x_wconf 84' lang='lat' dir='ltr'><strong>admirabile</strong></span> <span class='ocrx_word' id='word_1_318' title='bbox 836 3947 849 3984; x_wconf 91' lang='lat'><strong>:</strong></span> <span class='ocrx_word' id='word_1_319' title='bbox 894 3928 996 3984; x_wconf 88' lang='lat' dir='ltr'><strong>etsi</strong></span> <span class='ocrx_word' id='word_1_320' title='bbox 1020 3927 1230 3983; x_wconf 87' lang='lat' dir='ltr'><strong>neiliud</strong></span> <span class='ocrx_word' id='word_1_321' title='bbox 1256 3928 1469 3998; x_wconf 88' lang='lat' dir='ltr'><strong>quidem</strong></span> <span class='ocrx_word' id='word_1_322' title='bbox 1496 3939 1579 3984; x_wconf 91' lang='lat' dir='ltr'><strong>est</strong></span> <span class='ocrx_word' id='word_1_323' title='bbox 1598 3924 1969 4002; x_wconf 71' lang='lat' dir='ltr'><strong>parum,&#39;quo-</strong></span> 
     </span>
    </p>
   </div>
   <div class='ocr_carea' id='block_1_41' title="bbox 384 4018 1968 4090">
    <p class='ocr_par' dir='ltr' id='par_1_41' title="bbox 384 4018 1968 4090">
     <span class='ocr_line' id='line_1_41' title="bbox 384 4018 1968 4090; baseline -0.001 -9"><span class='ocrx_word' id='word_1_324' title='bbox 384 4022 775 4090; x_wconf 89' lang='lat' dir='ltr'><strong>modocumque</strong></span> <span class='ocrx_word' id='word_1_325' title='bbox 821 4020 961 4074; x_wconf 88' lang='lat' dir='ltr'><strong>ferre</strong></span> <span class='ocrx_word' id='word_1_326' title='bbox 1004 4018 1355 4084; x_wconf 89' lang='lat' dir='ltr'><strong>afﬂictiones;</strong></span> <span class='ocrx_word' id='word_1_327' title='bbox 1404 4028 1460 4074; x_wconf 89' lang='lat' dir='ltr'><strong>at</strong></span> <span class='ocrx_word' id='word_1_328' title='bbox 1498 4018 1601 4076; x_wconf 91' lang='lat' dir='ltr'><strong>hoc</strong></span> <span class='ocrx_word' id='word_1_329' title='bbox 1623 4022 1732 4090; x_wconf 89' lang='lat' dir='ltr'><strong>jam</strong></span> <span class='ocrx_word' id='word_1_330' title='bbox 1760 4033 1843 4078; x_wconf 83' lang='lat' dir='ltr'><strong>est</strong></span> <span class='ocrx_word' id='word_1_331' title='bbox 1870 4038 1968 4079; x_wconf 89' lang='lat' dir='ltr'><strong>eo-</strong></span> 
     </span>
    </p>
   </div>
   <div class='ocr_carea' id='block_1_42' title="bbox 381 4110 1967 4184">
    <p class='ocr_par' dir='ltr' id='par_1_42' title="bbox 381 4110 1967 4184">
     <span class='ocr_line' id='line_1_42' title="bbox 381 4110 1967 4184; baseline -0.002 -13"><span class='ocrx_word' id='word_1_332' title='bbox 381 4130 504 4172; x_wconf 85' lang='lat' dir='ltr'><strong>rum</strong></span> <span class='ocrx_word' id='word_1_333' title='bbox 531 4113 618 4184; x_wconf 89' lang='lat' dir='ltr'><strong>qui</strong></span> <span class='ocrx_word' id='word_1_334' title='bbox 649 4112 933 4166; x_wconf 86' lang='lat' dir='ltr'><strong>humanam</strong></span> <span class='ocrx_word' id='word_1_335' title='bbox 967 4119 1209 4164; x_wconf 87' lang='lat' dir='ltr'><strong>naturam</strong></span> <span class='ocrx_word' id='word_1_336' title='bbox 1237 4118 1516 4180; x_wconf 89' lang='lat' dir='ltr'><strong>superant,</strong></span> <span class='ocrx_word' id='word_1_337' title='bbox 1542 4119 1596 4165; x_wconf 92' lang='lat' dir='ltr'><strong>et</strong></span> <span class='ocrx_word' id='word_1_338' title='bbox 1622 4110 1822 4167; x_wconf 88' lang='lat' dir='ltr'><strong>habent</strong></span> <span class='ocrx_word' id='word_1_339' title='bbox 1844 4128 1967 4168; x_wconf 82' lang='lat' dir='ltr'><strong>cor—</strong></span> 
     </span>
    </p>
   </div>
   <div class='ocr_carea' id='block_1_43' title="bbox 381 4202 1969 4279">
    <p class='ocr_par' dir='ltr' id='par_1_43' title="bbox 381 4202 1969 4279">
     <span class='ocr_line' id='line_1_43' title="bbox 381 4202 1969 4279; baseline -0.001 -17"><span class='ocrx_word' id='word_1_340' title='bbox 381 4224 481 4279; x_wconf 86' lang='lat' dir='ltr'><strong>pus</strong></span> <span class='ocrx_word' id='word_1_341' title='bbox 528 4216 795 4275; x_wconf 87' lang='lat' dir='ltr'><strong>tamquam</strong></span> <span class='ocrx_word' id='word_1_342' title='bbox 844 4202 1157 4272; x_wconf 88' lang='lat' dir='ltr'><strong>impatibile.</strong></span> <span class='ocrx_word' id='word_1_343' title='bbox 1210 4202 1490 4268; x_wconf 85' lang='lat' dir='ltr'><strong>Quomodo</strong></span> <span class='ocrx_word' id='word_1_344' title='bbox 1532 4212 1711 4259; x_wconf 87' lang='lat' dir='ltr'><strong>autem</strong></span> <span class='ocrx_word' id='word_1_345' title='bbox 1754 4203 1969 4261; x_wconf 85' lang='lat' dir='ltr'><strong>fuerunt</strong></span> 
     </span>
    </p>
   </div>
   <div class='ocr_carea' id='block_1_44' title="bbox 381 4297 1967 4367">
    <p class='ocr_par' dir='ltr' id='par_1_44' title="bbox 381 4297 1967 4367">
     <span class='ocr_line' id='line_1_44' title="bbox 381 4297 1967 4367; baseline -0.004 -9"><span class='ocrx_word' id='word_1_346' title='bbox 381 4302 680 4358; x_wconf 78' lang='lat' dir='ltr'><strong>imitatores</strong></span> <span class='ocrx_word' id='word_1_347' title='bbox 707 4298 948 4355; x_wconf 85' lang='lat' dir='ltr'><strong>Christi?</strong></span> <span class='ocrx_word' id='word_1_348' title='bbox 970 4298 1232 4365; x_wconf 88' lang='lat' dir='ltr'><strong>Quoniam</strong></span> <span class='ocrx_word' id='word_1_349' title='bbox 1259 4297 1372 4366; x_wconf 89' lang='lat' dir='ltr'><strong>ipse</strong></span> <span class='ocrx_word' id='word_1_350' title='bbox 1392 4311 1607 4367; x_wconf 90' lang='lat' dir='ltr'><strong>quoque</strong></span> <span class='ocrx_word' id='word_1_351' title='bbox 1629 4298 1823 4353; x_wconf 90' lang='lat' dir='ltr'><strong>multas</strong></span> <span class='ocrx_word' id='word_1_352' title='bbox 1844 4314 1967 4354; x_wconf 82' lang='lat' dir='ltr'><strong>sus-</strong></span> 
     </span>
    </p>
   </div>
   <div class='ocr_carea' id='block_1_45' title="bbox 384 4386 1964 4463">
    <p class='ocr_par' dir='ltr' id='par_1_45' title="bbox 384 4386 1964 4463">
     <span class='ocr_line' id='line_1_45' title="bbox 384 4386 1964 4463; baseline -0.002 -17"><span class='ocrx_word' id='word_1_353' title='bbox 384 4395 541 4448; x_wconf 80' lang='lat' dir='ltr'><strong>tinuit</strong></span> <span class='ocrx_word' id='word_1_354' title='bbox 566 4391 959 4463; x_wconf 86' lang='lat' dir='ltr'><strong>perpessiones,</strong></span> <span class='ocrx_word' id='word_1_355' title='bbox 1012 4402 1111 4442; x_wconf 90' lang='lat' dir='ltr'><strong>nec</strong></span> <span class='ocrx_word' id='word_1_356' title='bbox 1152 4386 1388 4454; x_wconf 90' lang='lat' dir='ltr'><strong>dolebat,</strong></span> <span class='ocrx_word' id='word_1_357' title='bbox 1417 4387 1513 4443; x_wconf 91' lang='lat' dir='ltr'><strong>sed</strong></span> <span class='ocrx_word' id='word_1_358' title='bbox 1538 4388 1847 4458; x_wconf 79' lang='lat' dir='ltr'><strong>gaudebat:</strong></span> <span class='ocrx_word' id='word_1_359' title='bbox 1883 4390 1964 4444; x_wconf 91' lang='lat' dir='ltr'><strong>lu-</strong></span> 
     </span>
    </p>
   </div>
   <div class='ocr_carea' id='block_1_46' title="bbox 378 4479 1963 4551">
    <p class='ocr_par' dir='ltr' id='par_1_46' title="bbox 378 4479 1963 4551">
     <span class='ocr_line' id='line_1_46' title="bbox 378 4479 1963 4551; baseline -0.001 -12"><span class='ocrx_word' id='word_1_360' title='bbox 378 4485 516 4540; x_wconf 82' lang='lat' dir='ltr'><strong>hens</strong></span> <span class='ocrx_word' id='word_1_361' title='bbox 528 4484 671 4539; x_wconf 90' lang='lat' dir='ltr'><strong>enim</strong></span> <span class='ocrx_word' id='word_1_362' title='bbox 697 4492 753 4538; x_wconf 90' lang='lat' dir='ltr'><strong>et</strong></span> <span class='ocrx_word' id='word_1_363' title='bbox 776 4490 967 4551; x_wconf 88' lang='lat' dir='ltr'><strong>sponte</strong></span> <span class='ocrx_word' id='word_1_364' title='bbox 989 4494 1055 4535; x_wconf 90' lang='lat' dir='ltr'><strong>eo</strong></span> <span class='ocrx_word' id='word_1_365' title='bbox 1078 4479 1344 4534; x_wconf 88' lang='lat' dir='ltr'><strong>veniebat.</strong></span> <span class='ocrx_word' id='word_1_366' title='bbox 1371 4479 1596 4550; x_wconf 87' lang='lat' dir='ltr'><strong>Propter</strong></span> <span class='ocrx_word' id='word_1_367' title='bbox 1614 4496 1712 4535; x_wconf 92' lang='lat' dir='ltr'><strong>nos</strong></span> <span class='ocrx_word' id='word_1_368' title='bbox 1730 4482 1963 4551; x_wconf 89' lang='lat' dir='ltr'><strong>seipsum</strong></span> 
     </span>
    </p>
   </div>
   <div class='ocr_carea' id='block_1_47' title="bbox 378 4569 1963 4643">
    <p class='ocr_par' dir='ltr' id='par_1_47' title="bbox 378 4569 1963 4643">
     <span class='ocr_line' id='line_1_47' title="bbox 378 4569 1963 4643; baseline -0.003 -10"><span class='ocrx_word' id='word_1_369' title='bbox 378 4575 675 4643; x_wconf 82' lang='lat' dir='ltr'><strong>exinaniit,</strong></span> <span class='ocrx_word' id='word_1_370' title='bbox 717 4584 872 4643; x_wconf 87' lang='lat' dir='ltr'><strong>sputa</strong></span> <span class='ocrx_word' id='word_1_371' title='bbox 917 4582 972 4628; x_wconf 90' lang='lat' dir='ltr'><strong>et</strong></span> <span class='ocrx_word' id='word_1_372' title='bbox 1017 4569 1275 4640; x_wconf 88' lang='lat' dir='ltr'><strong>colaphos</strong></span> <span class='ocrx_word' id='word_1_373' title='bbox 1318 4585 1609 4640; x_wconf 87' lang='lat' dir='ltr'><strong>passurus,</strong></span> <span class='ocrx_word' id='word_1_374' title='bbox 1662 4574 1714 4627; x_wconf 91' lang='lat' dir='ltr'><strong>in</strong></span> <span class='ocrx_word' id='word_1_375' title='bbox 1746 4588 1963 4630; x_wconf 90' lang='lat' dir='ltr'><strong>crucem</strong></span> 
     </span>
    </p>
   </div>
   <div class='ocr_carea' id='block_1_48' title="bbox 377 4661 1966 4737">
    <p class='ocr_par' dir='ltr' id='par_1_48' title="bbox 377 4661 1966 4737">
     <span class='ocr_line' id='line_1_48' title="bbox 377 4661 1966 4737; baseline -0.001 -16"><span class='ocrx_word' id='word_1_376' title='bbox 377 4668 650 4737; x_wconf 83' lang='lat' dir='ltr'><strong>agendus;</strong></span> <span class='ocrx_word' id='word_1_377' title='bbox 679 4674 732 4718; x_wconf 92' lang='lat' dir='ltr'><strong>et</strong></span> <span class='ocrx_word' id='word_1_378' title='bbox 751 4665 886 4719; x_wconf 88' lang='lat' dir='ltr'><strong>adeo</strong></span> <span class='ocrx_word' id='word_1_379' title='bbox 907 4661 1177 4733; x_wconf 84' lang='lat' dir='ltr'><strong>gaudebat</strong></span> <span class='ocrx_word' id='word_1_380' title='bbox 1205 4663 1319 4715; x_wconf 73' lang='lat' dir='ltr'><strong>haec</strong></span> <span class='ocrx_word' id='word_1_381' title='bbox 1345 4663 1573 4731; x_wconf 88' lang='lat' dir='ltr'><strong>patiens,</strong></span> <span class='ocrx_word' id='word_1_382' title='bbox 1618 4672 1676 4717; x_wconf 91' lang='lat' dir='ltr'><strong>ut</strong></span> <span class='ocrx_word' id='word_1_383' title='bbox 1716 4664 1860 4719; x_wconf 88' lang='lat' dir='ltr'><strong>Patri</strong></span> <span class='ocrx_word' id='word_1_384' title='bbox 1883 4665 1966 4720; x_wconf 89' lang='lat' dir='ltr'><strong>di-</strong></span> 
     </span>
    </p>
   </div>
   <div class='ocr_carea' id='block_1_49' title="bbox 376 4751 1961 4826">
    <p class='ocr_par' dir='ltr' id='par_1_49' title="bbox 376 4751 1961 4826">
     <span class='ocr_line' id='line_1_49' title="bbox 376 4751 1961 4826; baseline -0.001 -14"><span class='ocrx_word' id='word_1_385' title='bbox 376 4767 545 4821; x_wconf 86' lang='lat' dir='ltr'><strong>ceret,</strong></span> <span class='ocrx_word' id='word_1_386' title='bbox 579 4755 820 4822; x_wconf 78' lang='lat' dir='ltr'><strong>Glori/ica</strong></span> <span class='ocrx_word' id='word_1_387' title='bbox 842 4769 920 4807; x_wconf 90' lang='lat' dir='ltr'><strong>me</strong></span> <span class='ocrx_word' id='word_1_388' title='bbox 958 4752 1135 4824; x_wconf 84' lang='lat' dir='ltr'><strong>(Joan.</strong></span> <span class='ocrx_word' id='word_1_389' title='bbox 1165 4754 1251 4808; x_wconf 85' lang='grc'><strong>17.</strong></span> <span class='ocrx_word' id='word_1_390' title='bbox 1278 4753 1354 4821; x_wconf 85' lang='grc'><strong>1).</strong></span> <span class='ocrx_word' id='word_1_391' title='bbox 1387 4751 1515 4808; x_wconf 81' lang='lat' dir='ltr'><strong>Cum</strong></span> <span class='ocrx_word' id='word_1_392' title='bbox 1533 4754 1745 4826; x_wconf 87' lang='lat' dir='ltr'><strong>gaudio,</strong></span> <span class='ocrx_word' id='word_1_393' title='bbox 1765 4756 1961 4825; x_wconf 88' lang='lat' dir='ltr'><strong>inquit,</strong></span> 
     </span>
    </p>
   </div>
   <div class='ocr_carea' id='block_1_50' title="bbox 379 4845 1963 4922">
    <p class='ocr_par' dir='ltr' id='par_1_50' title="bbox 379 4845 1963 4922">
     <span class='ocr_line' id='line_1_50' title="bbox 379 4845 1963 4922; baseline -0.001 -16"><span class='ocrx_word' id='word_1_394' title='bbox 379 4850 604 4922; x_wconf 85' lang='lat' dir='ltr'><strong>Spiritus</strong></span> <span class='ocrx_word' id='word_1_395' title='bbox 650 4847 833 4902; x_wconf 83' lang='lat' dir='ltr'><strong>sancti.</strong></span> <span class='ocrx_word' id='word_1_396' title='bbox 885 4845 962 4901; x_wconf 89' lang='lat' dir='ltr'><strong>Ne</strong></span> <span class='ocrx_word' id='word_1_397' title='bbox 1009 4846 1127 4915; x_wconf 92' lang='lat' dir='ltr'><strong>quis</strong></span> <span class='ocrx_word' id='word_1_398' title='bbox 1155 4846 1393 4911; x_wconf 90' lang='lat' dir='ltr'><strong>diceret,</strong></span> <span class='ocrx_word' id='word_1_399' title='bbox 1449 4846 1729 4914; x_wconf 89' lang='lat' dir='ltr'><strong>Quomodo</strong></span> <span class='ocrx_word' id='word_1_400' title='bbox 1748 4847 1882 4904; x_wconf 90' lang='lat' dir='ltr'><strong>dicis</strong></span> <span class='ocrx_word' id='word_1_401' title='bbox 1908 4850 1963 4905; x_wconf 90' lang='lat' dir='ltr'><strong>in</strong></span> 
     </span>
    </p>
   </div>
   <div class='ocr_carea' id='block_1_51' title="bbox 375 4936 1960 5010">
    <p class='ocr_par' dir='ltr' id='par_1_51' title="bbox 375 4936 1960 5010">
     <span class='ocr_line' id='line_1_51' title="bbox 375 4936 1960 5010; baseline -0.001 -14"><span class='ocrx_word' id='word_1_402' title='bbox 375 4939 765 4997; x_wconf 83' lang='lat' dir='ltr'><strong>tribulatione?</strong></span> <span class='ocrx_word' id='word_1_403' title='bbox 823 4936 1095 5008; x_wconf 88' lang='lat' dir='ltr'><strong>quomodo</strong></span> <span class='ocrx_word' id='word_1_404' title='bbox 1122 4937 1175 4991; x_wconf 92' lang='lat' dir='ltr'><strong>in</strong></span> <span class='ocrx_word' id='word_1_405' title='bbox 1228 4937 1462 5007; x_wconf 86' lang='lat' dir='ltr'><strong>gaudio?</strong></span> <span class='ocrx_word' id='word_1_406' title='bbox 1501 4939 1774 5008; x_wconf 90' lang='lat' dir='ltr'><strong>quomodo</strong></span> <span class='ocrx_word' id='word_1_407' title='bbox 1830 4955 1960 5010; x_wconf 91' lang='lat' dir='ltr'><strong>pos-</strong></span> 
     </span>
    </p>
   </div>
   <div class='ocr_carea' id='block_1_52' title="bbox 374 5027 1959 5101">
    <p class='ocr_par' dir='ltr' id='par_1_52' title="bbox 374 5027 1959 5101">
     <span class='ocr_line' id='line_1_52' title="bbox 374 5027 1959 5101; baseline -0.001 -14"><span class='ocrx_word' id='word_1_408' title='bbox 374 5044 504 5087; x_wconf 86' lang='lat' dir='ltr'><strong>sunt</strong></span> <span class='ocrx_word' id='word_1_409' title='bbox 557 5040 783 5101; x_wconf 89' lang='lat' dir='ltr'><strong>utraque</strong></span> <span class='ocrx_word' id='word_1_410' title='bbox 841 5029 1172 5084; x_wconf 84' lang='lat' dir='ltr'><strong>convenire?</strong></span> <span class='ocrx_word' id='word_1_411' title='bbox 1244 5027 1537 5097; x_wconf 86' lang='lat' dir='ltr'><strong>subjunxit,</strong></span> <span class='ocrx_word' id='word_1_412' title='bbox 1589 5029 1717 5084; x_wconf 84' lang='lat' dir='ltr'><strong>Cum</strong></span> <span class='ocrx_word' id='word_1_413' title='bbox 1768 5034 1959 5101; x_wconf 87' lang='lat' dir='ltr'><strong>gaudio</strong></span> 
     </span>
    </p>
   </div>
   <div class='ocr_carea' id='block_1_53' title="bbox 376 5117 1960 5197">
    <p class='ocr_par' dir='ltr' id='par_1_53' title="bbox 376 5117 1960 5197">
     <span class='ocr_line' id='line_1_53' title="bbox 376 5117 1960 5197; baseline -0.003 -16"><span class='ocrx_word' id='word_1_414' title='bbox 376 5124 605 5197; x_wconf 86' lang='lat' dir='ltr'><strong>Spiritus</strong></span> <span class='ocrx_word' id='word_1_415' title='bbox 649 5120 832 5177; x_wconf 88' lang='lat' dir='ltr'><strong>sancti.</strong></span> <span class='ocrx_word' id='word_1_416' title='bbox 864 5119 1098 5174; x_wconf 84' lang='lat' dir='ltr'><strong>Afﬂictio</strong></span> <span class='ocrx_word' id='word_1_417' title='bbox 1128 5129 1211 5174; x_wconf 89' lang='lat' dir='ltr'><strong>est</strong></span> <span class='ocrx_word' id='word_1_418' title='bbox 1249 5117 1305 5173; x_wconf 90' lang='lat' dir='ltr'><strong>in</strong></span> <span class='ocrx_word' id='word_1_419' title='bbox 1331 5120 1726 5189; x_wconf 87' lang='lat' dir='ltr'><strong>corporalibus.</strong></span> <span class='ocrx_word' id='word_1_420' title='bbox 1757 5131 1810 5177; x_wconf 88' lang='lat' dir='ltr'><strong>et</strong></span> <span class='ocrx_word' id='word_1_421' title='bbox 1829 5138 1960 5193; x_wconf 84' lang='lat' dir='ltr'><strong>gau-</strong></span> 
     </span>
    </p>
   </div>
   <div class='ocr_carea' id='block_1_54' title="bbox 375 5210 1959 5285">
    <p class='ocr_par' dir='ltr' id='par_1_54' title="bbox 375 5210 1959 5285">
     <span class='ocr_line' id='line_1_54' title="bbox 375 5210 1959 5285; baseline -0.004 -13"><span class='ocrx_word' id='word_1_422' title='bbox 375 5217 523 5271; x_wconf 88' lang='lat' dir='ltr'><strong>dium</strong></span> <span class='ocrx_word' id='word_1_423' title='bbox 562 5217 614 5271; x_wconf 92' lang='lat' dir='ltr'><strong>in</strong></span> <span class='ocrx_word' id='word_1_424' title='bbox 657 5212 1043 5284; x_wconf 85' lang='lat' dir='ltr'><strong>spiritualibus.</strong></span> <span class='ocrx_word' id='word_1_425' title='bbox 1087 5210 1404 5277; x_wconf 88' lang='lat' dir='ltr'><strong>Quomodo?</strong></span> <span class='ocrx_word' id='word_1_426' title='bbox 1461 5212 1534 5266; x_wconf 86' lang='lat' dir='ltr'><strong>Ea</strong></span> <span class='ocrx_word' id='word_1_427' title='bbox 1587 5214 1808 5282; x_wconf 89' lang='lat' dir='ltr'><strong>quidem</strong></span> <span class='ocrx_word' id='word_1_428' title='bbox 1838 5232 1959 5285; x_wconf 64' lang='lat' dir='ltr'><strong>quae</strong></span> 
     </span>
    </p>
   </div>
   <div class='ocr_carea' id='block_1_55' title="bbox 375 5304 1958 5373">
    <p class='ocr_par' dir='ltr' id='par_1_55' title="bbox 375 5304 1958 5373">
     <span class='ocr_line' id='line_1_55' title="bbox 375 5304 1958 5373; baseline -0.002 -9"><span class='ocrx_word' id='word_1_429' title='bbox 375 5311 514 5364; x_wconf 85' lang='lat' dir='ltr'><strong>ﬁunt</strong></span> <span class='ocrx_word' id='word_1_430' title='bbox 536 5316 661 5363; x_wconf 91' lang='lat' dir='ltr'><strong>sunt</strong></span> <span class='ocrx_word' id='word_1_431' title='bbox 688 5306 906 5361; x_wconf 88' lang='lat' dir='ltr'><strong>molesta</strong></span> <span class='ocrx_word' id='word_1_432' title='bbox 929 5320 944 5369; x_wconf 89' lang='lat'><strong>;</strong></span> <span class='ocrx_word' id='word_1_433' title='bbox 976 5319 1093 5373; x_wconf 79' lang='lat' dir='ltr'><strong>qua:</strong></span> <span class='ocrx_word' id='word_1_434' title='bbox 1114 5313 1291 5357; x_wconf 89' lang='lat' dir='ltr'><strong>autem</strong></span> <span class='ocrx_word' id='word_1_435' title='bbox 1314 5319 1378 5357; x_wconf 85' lang='lat' dir='ltr'><strong>ex</strong></span> <span class='ocrx_word' id='word_1_436' title='bbox 1411 5304 1491 5357; x_wconf 90' lang='lat' dir='ltr'><strong>eis</strong></span> <span class='ocrx_word' id='word_1_437' title='bbox 1515 5305 1761 5359; x_wconf 90' lang='lat' dir='ltr'><strong>oriuntur</strong></span> <span class='ocrx_word' id='word_1_438' title='bbox 1783 5347 1799 5367; x_wconf 90' lang='lat'><strong>.</strong></span> <span class='ocrx_word' id='word_1_439' title='bbox 1858 5322 1958 5362; x_wconf 89' lang='lat' dir='ltr'><strong>ne-</strong></span> 
     </span>
    </p>
   </div>
   <div class='ocr_carea' id='block_1_56' title="bbox 375 5393 1957 5473">
    <p class='ocr_par' dir='ltr' id='par_1_56' title="bbox 375 5393 1957 5473">
     <span class='ocr_line' id='line_1_56' title="bbox 375 5393 1957 5473; baseline -0.003 -16"><span class='ocrx_word' id='word_1_440' title='bbox 375 5417 638 5473; x_wconf 83' lang='lat' dir='ltr'><strong>quaquam</strong></span> <span class='ocrx_word' id='word_1_441' title='bbox 674 5415 688 5452; x_wconf 90' lang='lat'><strong>:</strong></span> <span class='ocrx_word' id='word_1_442' title='bbox 724 5414 828 5451; x_wconf 91' lang='lat' dir='ltr'><strong>non</strong></span> <span class='ocrx_word' id='word_1_443' title='bbox 877 5397 1005 5452; x_wconf 89' lang='lat' dir='ltr'><strong>sinit</strong></span> <span class='ocrx_word' id='word_1_444' title='bbox 1031 5395 1172 5450; x_wconf 91' lang='lat' dir='ltr'><strong>enim</strong></span> <span class='ocrx_word' id='word_1_445' title='bbox 1205 5393 1257 5447; x_wconf 92' lang='lat' dir='ltr'><strong>id</strong></span> <span class='ocrx_word' id='word_1_446' title='bbox 1296 5394 1549 5465; x_wconf 90' lang='lat' dir='ltr'><strong>Spiritus.</strong></span> <span class='ocrx_word' id='word_1_447' title='bbox 1597 5395 1957 5461; x_wconf 88' lang='lat' dir='ltr'><strong>Quamobrem</strong></span> 
     </span>
    </p>
   </div>
   <div class='ocr_carea' id='block_1_57' title="bbox 376 5488 1960 5563">
    <p class='ocr_par' dir='ltr' id='par_1_57' title="bbox 376 5488 1960 5563">
     <span class='ocr_line' id='line_1_57' title="bbox 376 5488 1960 5563; baseline -0.002 -14"><span class='ocrx_word' id='word_1_448' title='bbox 376 5494 494 5549; x_wconf 84' lang='lat' dir='ltr'><strong>ﬁeri</strong></span> <span class='ocrx_word' id='word_1_449' title='bbox 523 5502 699 5563; x_wconf 89' lang='lat' dir='ltr'><strong>potest</strong></span> <span class='ocrx_word' id='word_1_450' title='bbox 728 5499 786 5545; x_wconf 94' lang='lat' dir='ltr'><strong>ut</strong></span> <span class='ocrx_word' id='word_1_451' title='bbox 812 5500 866 5545; x_wconf 90' lang='lat' dir='ltr'><strong>et</strong></span> <span class='ocrx_word' id='word_1_452' title='bbox 892 5491 1099 5559; x_wconf 89' lang='lat' dir='ltr'><strong>patiens</strong></span> <span class='ocrx_word' id='word_1_453' title='bbox 1126 5503 1230 5544; x_wconf 92' lang='lat' dir='ltr'><strong>non</strong></span> <span class='ocrx_word' id='word_1_454' title='bbox 1262 5488 1497 5554; x_wconf 73' lang='lat' dir='ltr'><strong>ltutetur,</strong></span> <span class='ocrx_word' id='word_1_455' title='bbox 1523 5490 1738 5560; x_wconf 88' lang='lat' dir='ltr'><strong>quando</strong></span> <span class='ocrx_word' id='word_1_456' title='bbox 1764 5493 1960 5560; x_wconf 87' lang='lat' dir='ltr'><strong>patitur</strong></span> 
     </span>
    </p>
   </div>
   <div class='ocr_carea' id='block_1_58' title="bbox 373 5566 1959 5655">
    <p class='ocr_par' dir='ltr' id='par_1_58' title="bbox 373 5566 1959 5655">
     <span class='ocr_line' id='line_1_58' title="bbox 373 5566 1959 5655; baseline 0.001 -17"><span class='ocrx_word' id='word_1_457' title='bbox 373 5600 473 5655; x_wconf 86' lang='lat' dir='ltr'><strong>pro</strong></span> <span class='ocrx_word' id='word_1_458' title='bbox 493 5584 763 5654; x_wconf 87' lang='lat' dir='ltr'><strong>peccatis;</strong></span> <span class='ocrx_word' id='word_1_459' title='bbox 793 5566 846 5637; x_wconf 71' lang='grc' dir='ltr'><strong>εἴ</strong></span> <span class='ocrx_word' id='word_1_460' title='bbox 870 5580 1047 5651; x_wconf 85' lang='lat' dir='ltr'><strong>ﬂagris</strong></span> <span class='ocrx_word' id='word_1_461' title='bbox 1078 5579 1492 5648; x_wconf 69' lang='lat' dir='ltr'><strong>cmsuslaetetur,</strong></span> <span class='ocrx_word' id='word_1_462' title='bbox 1519 5581 1732 5650; x_wconf 88' lang='lat' dir='ltr'><strong>quando</strong></span> <span class='ocrx_word' id='word_1_463' title='bbox 1760 5582 1959 5651; x_wconf 88' lang='lat' dir='ltr'><strong>patitur</strong></span> 
     </span>
    </p>
   </div>
   <div class='ocr_carea' id='block_1_59' title="bbox 373 5673 927 5748">
    <p class='ocr_par' dir='ltr' id='par_1_59' title="bbox 373 5673 927 5748">
     <span class='ocr_line' id='line_1_59' title="bbox 373 5673 927 5748; baseline -0.007 -17"><span class='ocrx_word' id='word_1_464' title='bbox 373 5685 594 5748; x_wconf 68' lang='lat' dir='ltr'><strong>propter</strong></span> <span class='ocrx_word' id='word_1_465' title='bbox 635 5673 927 5731; x_wconf 84' lang='lat' dir='ltr'><strong>Christum.</strong></span> 
     </span>
    </p>
   </div>
   <div class='ocr_carea' id='block_1_60' title="bbox 446 5763 1950 5838">
    <p class='ocr_par' dir='ltr' id='par_1_60' title="bbox 446 5763 1950 5838">
     <span class='ocr_line' id='line_1_60' title="bbox 446 5763 1950 5838; baseline -0.001 -13"><span class='ocrx_word' id='word_1_466' title='bbox 446 5771 499 5825; x_wconf 81' lang='lat'><strong>5.</strong></span> <span class='ocrx_word' id='word_1_467' title='bbox 536 5768 649 5825; x_wconf 88' lang='lat' dir='ltr'><strong>Hoc</strong></span> <span class='ocrx_word' id='word_1_468' title='bbox 696 5777 779 5823; x_wconf 70' lang='lat' dir='ltr'><strong>eet</strong></span> <span class='ocrx_word' id='word_1_469' title='bbox 814 5766 955 5823; x_wconf 88' lang='lat' dir='ltr'><strong>enim</strong></span> <span class='ocrx_word' id='word_1_470' title='bbox 1003 5764 1255 5838; x_wconf 79' lang='lat' dir='ltr'><strong>gaudium</strong></span> <span class='ocrx_word' id='word_1_471' title='bbox 1293 5763 1524 5837; x_wconf 87' lang='lat' dir='ltr'><strong>Spiritus</strong></span> <span class='ocrx_word' id='word_1_472' title='bbox 1560 5782 1573 5823; x_wconf 86' lang='lat'><strong>:</strong></span> <span class='ocrx_word' id='word_1_473' title='bbox 1606 5780 1702 5836; x_wconf 86' lang='lat' dir='ltr'><strong>pro</strong></span> <span class='ocrx_word' id='word_1_474' title='bbox 1740 5765 1805 5821; x_wconf 87' lang='lat' dir='ltr'><strong>iis</strong></span> <span class='ocrx_word' id='word_1_475' title='bbox 1831 5781 1950 5837; x_wconf 84' lang='lat' dir='ltr'><strong>quae</strong></span> 
     </span>
    </p>
   </div>
   <div class='ocr_carea' id='block_1_61' title="bbox 1111 301 2931 366">
    <p class='ocr_par' dir='ltr' id='par_1_61' title="bbox 1111 301 2931 366">
     <span class='ocr_line' id='line_1_61' title="bbox 1111 301 2931 366; baseline 0.004 -9"><span class='ocrx_word' id='word_1_476' title='bbox 1111 302 1169 358; x_wconf 86' lang='lat' dir='ltr'><strong>S.</strong></span> <span class='ocrx_word' id='word_1_477' title='bbox 1208 303 1487 361; x_wconf 81' lang='lat' dir='ltr'><strong>JOANNIS</strong></span> <span class='ocrx_word' id='word_1_478' title='bbox 1523 301 1997 361; x_wconf 79' lang='lat' dir='ltr'><strong>CllRYSOSTOMl</strong></span> <span class='ocrx_word' id='word_1_479' title='bbox 2037 302 2354 362; x_wconf 79' lang='lat' dir='ltr'><strong>ARCIIIEP.</strong></span> <span class='ocrx_word' id='word_1_480' title='bbox 2397 306 2931 366; x_wconf 77' lang='lat' dir='ltr'><strong>CONSTANTINOP.</strong></span> 
     </span>
    </p>
   </div>
   <div class='ocr_carea' id='block_1_62' title="bbox 3574 318 3680 376">
    <p class='ocr_par' dir='ltr' id='par_1_62' title="bbox 3574 318 3680 376">
     <span class='ocr_line' id='line_1_62' title="bbox 3574 318 3680 376; baseline 0.019 -2"><span class='ocrx_word' id='word_1_481' title='bbox 3574 318 3680 376; x_wconf 79' lang='lat'><strong>396</strong></span> 
     </span>
    </p>
   </div>
   <div class='ocr_carea' id='block_1_63' title="bbox 2097 420 3680 492">
    <p class='ocr_par' dir='ltr' id='par_1_63' title="bbox 2097 420 3680 492">
     <span class='ocr_line' id='line_1_63' title="bbox 2097 420 3680 492; baseline 0.009 -18"><span class='ocrx_word' id='word_1_482' title='bbox 2097 420 2346 476; x_wconf 90' lang='lat' dir='ltr'><strong>videntur</strong></span> <span class='ocrx_word' id='word_1_483' title='bbox 2372 437 2494 478; x_wconf 90' lang='lat' dir='ltr'><strong>esse</strong></span> <span class='ocrx_word' id='word_1_484' title='bbox 2525 423 2705 492; x_wconf 86' lang='lat' dir='ltr'><strong>gravia</strong></span> <span class='ocrx_word' id='word_1_485' title='bbox 2734 432 2791 478; x_wconf 91' lang='lat' dir='ltr'><strong>et</strong></span> <span class='ocrx_word' id='word_1_486' title='bbox 2819 425 3062 491; x_wconf 88' lang='lat' dir='ltr'><strong>molesta,</strong></span> <span class='ocrx_word' id='word_1_487' title='bbox 3092 424 3272 482; x_wconf 84' lang='lat' dir='ltr'><strong>educit</strong></span> <span class='ocrx_word' id='word_1_488' title='bbox 3295 427 3555 486; x_wconf 59' lang='lat' dir='ltr'><strong>laetitiam.</strong></span> <span class='ocrx_word' id='word_1_489' title='bbox 3585 433 3680 488; x_wconf 84' lang='lat' dir='ltr'><strong>Af-</strong></span> 
     </span>
    </p>
   </div>
   <div class='ocr_carea' id='block_1_64' title="bbox 2095 511 3675 614">
    <p class='ocr_par' dir='ltr' id='par_1_64' title="bbox 2095 511 3675 614">
     <span class='ocr_line' id='line_1_64' title="bbox 2095 511 3675 614; baseline 0.007 -48"><span class='ocrx_word' id='word_1_490' title='bbox 2095 511 2345 567; x_wconf 85' lang='lat' dir='ltr'><strong>ﬂixerunt</strong></span> <span class='ocrx_word' id='word_1_491' title='bbox 2377 528 2491 579; x_wconf 88' lang='lat' dir='ltr'><strong>vos,</strong></span> <span class='ocrx_word' id='word_1_492' title='bbox 2518 514 2708 584; x_wconf 84' lang='lat' dir='ltr'><strong>inquit,</strong></span> <span class='ocrx_word' id='word_1_493' title='bbox 2748 517 3056 586; x_wconf 86' lang='lat' dir='ltr'><strong>persequuti</strong></span> <span class='ocrx_word' id='word_1_494' title='bbox 3081 527 3245 583; x_wconf 90' lang='lat' dir='ltr'><strong>sunt;</strong></span> <span class='ocrx_word' id='word_1_495' title='bbox 3275 521 3369 575; x_wconf 88' lang='lat' dir='ltr'><strong>sed</strong></span> <span class='ocrx_word' id='word_1_496' title='bbox 3400 536 3495 576; x_wconf 87' lang='lat' dir='ltr'><strong>vos</strong></span> <span class='ocrx_word' id='word_1_497' title='bbox 3525 538 3592 579; x_wconf 88' lang='lat' dir='ltr'><strong>ne</strong></span> <span class='ocrx_word' id='word_1_498' title='bbox 3620 524 3675 614; x_wconf 67' lang='lat' dir='ltr'><strong>ip</strong></span> 
     </span>
    </p>
   </div>
   <div class='ocr_carea' id='block_1_65' title="bbox 2094 603 3678 683">
    <p class='ocr_par' dir='ltr' id='par_1_65' title="bbox 2094 603 3678 683">
     <span class='ocr_line' id='line_1_65' title="bbox 2094 603 3678 683; baseline 0.006 -27"><span class='ocrx_word' id='word_1_499' title='bbox 2094 603 2197 657; x_wconf 89' lang='lat' dir='ltr'><strong>illis</strong></span> <span class='ocrx_word' id='word_1_500' title='bbox 2219 603 2432 673; x_wconf 90' lang='lat' dir='ltr'><strong>quidem</strong></span> <span class='ocrx_word' id='word_1_501' title='bbox 2461 605 2661 659; x_wconf 91' lang='lat' dir='ltr'><strong>dimisit</strong></span> <span class='ocrx_word' id='word_1_502' title='bbox 2685 607 2935 675; x_wconf 90' lang='lat' dir='ltr'><strong>Spiritus.</strong></span> <span class='ocrx_word' id='word_1_503' title='bbox 2960 607 3107 662; x_wconf 90' lang='lat' dir='ltr'><strong>Sicut</strong></span> <span class='ocrx_word' id='word_1_504' title='bbox 3130 610 3181 661; x_wconf 91' lang='lat' dir='ltr'><strong>in</strong></span> <span class='ocrx_word' id='word_1_505' title='bbox 3206 610 3328 679; x_wconf 87' lang='lat' dir='ltr'><strong>igne</strong></span> <span class='ocrx_word' id='word_1_506' title='bbox 3353 626 3475 666; x_wconf 91' lang='lat' dir='ltr'><strong>rore</strong></span> <span class='ocrx_word' id='word_1_507' title='bbox 3494 603 3678 683; x_wconf 49' lang='lat' dir='ltr'><strong>asper:</strong></span> 
     </span>
    </p>
   </div>
   <div class='ocr_carea' id='block_1_66' title="bbox 2092 695 3675 773">
    <p class='ocr_par' dir='ltr' id='par_1_66' title="bbox 2092 695 3675 773">
     <span class='ocr_line' id='line_1_66' title="bbox 2092 695 3675 773; baseline 0.008 -27"><span class='ocrx_word' id='word_1_508' title='bbox 2092 695 2358 763; x_wconf 88' lang='lat' dir='ltr'><strong>gehantur</strong></span> <span class='ocrx_word' id='word_1_509' title='bbox 2389 704 2499 751; x_wconf 90' lang='lat' dir='ltr'><strong>tres</strong></span> <span class='ocrx_word' id='word_1_510' title='bbox 2540 698 2687 765; x_wconf 89' lang='lat' dir='ltr'><strong>pueri</strong></span> <span class='ocrx_word' id='word_1_511' title='bbox 2717 696 2895 769; x_wconf 86' lang='lat' dir='ltr'><strong>(Dan.</strong></span> <span class='ocrx_word' id='word_1_512' title='bbox 2923 699 3018 769; x_wconf 82' lang='lat'><strong>5),</strong></span> <span class='ocrx_word' id='word_1_513' title='bbox 3048 700 3117 752; x_wconf 88' lang='lat' dir='ltr'><strong>ita</strong></span> <span class='ocrx_word' id='word_1_514' title='bbox 3145 716 3239 753; x_wconf 91' lang='lat' dir='ltr'><strong>vos</strong></span> <span class='ocrx_word' id='word_1_515' title='bbox 3266 717 3481 772; x_wconf 89' lang='lat' dir='ltr'><strong>quoque</strong></span> <span class='ocrx_word' id='word_1_516' title='bbox 3507 703 3560 758; x_wconf 91' lang='lat' dir='ltr'><strong>in</strong></span> <span class='ocrx_word' id='word_1_517' title='bbox 3590 703 3675 773; x_wconf 46' lang='lat' dir='ltr'><strong>af:</strong></span> 
     </span>
    </p>
   </div>
   <div class='ocr_carea' id='block_1_67' title="bbox 2092 786 3676 865">
    <p class='ocr_par' dir='ltr' id='par_1_67' title="bbox 2092 786 3676 865">
     <span class='ocr_line' id='line_1_67' title="bbox 2092 786 3676 865; baseline 0.006 -24"><span class='ocrx_word' id='word_1_518' title='bbox 2092 786 2433 842; x_wconf 86' lang='lat' dir='ltr'><strong>ﬂictionibus.</strong></span> <span class='ocrx_word' id='word_1_519' title='bbox 2467 789 2571 844; x_wconf 88' lang='lat' dir='ltr'><strong>Sed</strong></span> <span class='ocrx_word' id='word_1_520' title='bbox 2594 790 2733 844; x_wconf 89' lang='lat' dir='ltr'><strong>sicut</strong></span> <span class='ocrx_word' id='word_1_521' title='bbox 2764 791 2873 845; x_wconf 88' lang='lat' dir='ltr'><strong>illic</strong></span> <span class='ocrx_word' id='word_1_522' title='bbox 2901 807 3005 845; x_wconf 90' lang='lat' dir='ltr'><strong>non</strong></span> <span class='ocrx_word' id='word_1_523' title='bbox 3033 801 3119 847; x_wconf 85' lang='lat' dir='ltr'><strong>est</strong></span> <span class='ocrx_word' id='word_1_524' title='bbox 3155 802 3360 848; x_wconf 67' lang='lat' dir='ltr'><strong>natura:</strong></span> <span class='ocrx_word' id='word_1_525' title='bbox 3386 795 3523 865; x_wconf 84' lang='lat' dir='ltr'><strong>ignis</strong></span> <span class='ocrx_word' id='word_1_526' title='bbox 3553 811 3676 853; x_wconf 72' lang='lat' dir='ltr'><strong>rore</strong></span> 
     </span>
    </p>
   </div>
   <div class='ocr_carea' id='block_1_68' title="bbox 2091 882 3674 958">
    <p class='ocr_par' dir='ltr' id='par_1_68' title="bbox 2091 882 3674 958">
     <span class='ocr_line' id='line_1_68' title="bbox 2091 882 3674 958; baseline 0.006 -24"><span class='ocrx_word' id='word_1_527' title='bbox 2091 894 2411 951; x_wconf 87' lang='lat' dir='ltr'><strong>aspergere,</strong></span> <span class='ocrx_word' id='word_1_528' title='bbox 2455 882 2549 936; x_wconf 92' lang='lat' dir='ltr'><strong>sed</strong></span> <span class='ocrx_word' id='word_1_529' title='bbox 2592 883 2856 937; x_wconf 89' lang='lat' dir='ltr'><strong>sibilantis</strong></span> <span class='ocrx_word' id='word_1_530' title='bbox 2896 882 3172 953; x_wconf 89' lang='lat' dir='ltr'><strong>Spiritus:</strong></span> <span class='ocrx_word' id='word_1_531' title='bbox 3207 885 3280 939; x_wconf 87' lang='lat' dir='ltr'><strong>ita</strong></span> <span class='ocrx_word' id='word_1_532' title='bbox 3321 885 3423 941; x_wconf 92' lang='lat' dir='ltr'><strong>hoc</strong></span> <span class='ocrx_word' id='word_1_533' title='bbox 3461 903 3674 958; x_wconf 89' lang='lat' dir='ltr'><strong>quoque</strong></span> 
     </span>
    </p>
   </div>
   <div class='ocr_carea' id='block_1_69' title="bbox 2092 974 3670 1047">
    <p class='ocr_par' dir='ltr' id='par_1_69' title="bbox 2092 974 3670 1047">
     <span class='ocr_line' id='line_1_69' title="bbox 2092 974 3670 1047; baseline 0.005 -20"><span class='ocrx_word' id='word_1_534' title='bbox 2092 989 2198 1027; x_wconf 90' lang='lat' dir='ltr'><strong>non</strong></span> <span class='ocrx_word' id='word_1_535' title='bbox 2234 985 2316 1029; x_wconf 92' lang='lat' dir='ltr'><strong>est</strong></span> <span class='ocrx_word' id='word_1_536' title='bbox 2344 984 2550 1029; x_wconf 71' lang='lat' dir='ltr'><strong>natura:</strong></span> <span class='ocrx_word' id='word_1_537' title='bbox 2585 974 2891 1031; x_wconf 85' lang='lat' dir='ltr'><strong>amictionis</strong></span> <span class='ocrx_word' id='word_1_538' title='bbox 2930 975 3182 1045; x_wconf 88' lang='lat' dir='ltr'><strong>gaudium</strong></span> <span class='ocrx_word' id='word_1_539' title='bbox 3214 992 3535 1047; x_wconf 88' lang='lat' dir='ltr'><strong>procreare,</strong></span> <span class='ocrx_word' id='word_1_540' title='bbox 3575 979 3670 1035; x_wconf 80' lang='lat' dir='ltr'><strong>sed</strong></span> 
     </span>
    </p>
   </div>
   <div class='ocr_carea' id='block_1_70' title="bbox 2091 1067 3667 1142">
    <p class='ocr_par' dir='ltr' id='par_1_70' title="bbox 2091 1067 3667 1142">
     <span class='ocr_line' id='line_1_70' title="bbox 2091 1067 3667 1142; baseline 0.007 -23"><span class='ocrx_word' id='word_1_541' title='bbox 2091 1067 2353 1136; x_wconf 88' lang='lat' dir='ltr'><strong>passionis</strong></span> <span class='ocrx_word' id='word_1_542' title='bbox 2406 1076 2623 1137; x_wconf 87' lang='lat' dir='ltr'><strong>propter</strong></span> <span class='ocrx_word' id='word_1_543' title='bbox 2671 1068 2965 1136; x_wconf 83' lang='lat' dir='ltr'><strong>Christum,</strong></span> <span class='ocrx_word' id='word_1_544' title='bbox 3014 1081 3068 1125; x_wconf 92' lang='lat' dir='ltr'><strong>et</strong></span> <span class='ocrx_word' id='word_1_545' title='bbox 3122 1085 3249 1127; x_wconf 89' lang='lat' dir='ltr'><strong>rore</strong></span> <span class='ocrx_word' id='word_1_546' title='bbox 3297 1072 3667 1142; x_wconf 87' lang='lat' dir='ltr'><strong>perfundentis</strong></span> 
     </span>
    </p>
   </div>
   <div class='ocr_carea' id='block_1_71' title="bbox 2089 1156 3669 1230">
    <p class='ocr_par' dir='ltr' id='par_1_71' title="bbox 2089 1156 3669 1230">
     <span class='ocr_line' id='line_1_71' title="bbox 2089 1156 3669 1230; baseline 0.006 -17"><span class='ocrx_word' id='word_1_547' title='bbox 2089 1156 2353 1226; x_wconf 87' lang='lat' dir='ltr'><strong>Spiritus,</strong></span> <span class='ocrx_word' id='word_1_548' title='bbox 2400 1160 2883 1229; x_wconf 88' lang='lat' dir='ltr'><strong>constituentisque</strong></span> <span class='ocrx_word' id='word_1_549' title='bbox 2929 1161 2984 1215; x_wconf 90' lang='lat' dir='ltr'><strong>in</strong></span> <span class='ocrx_word' id='word_1_550' title='bbox 3031 1162 3211 1230; x_wconf 87' lang='lat' dir='ltr'><strong>quiete</strong></span> <span class='ocrx_word' id='word_1_551' title='bbox 3252 1172 3309 1217; x_wconf 91' lang='lat' dir='ltr'><strong>et</strong></span> <span class='ocrx_word' id='word_1_552' title='bbox 3337 1164 3669 1223; x_wconf 74' lang='lat' dir='ltr'><strong>recreations</strong></span> 
     </span>
    </p>
   </div>
   <div class='ocr_carea' id='block_1_72' title="bbox 2091 1248 3666 1326">
    <p class='ocr_par' dir='ltr' id='par_1_72' title="bbox 2091 1248 3666 1326">
     <span class='ocr_line' id='line_1_72' title="bbox 2091 1248 3666 1326; baseline 0.007 -23"><span class='ocrx_word' id='word_1_553' title='bbox 2091 1264 2189 1320; x_wconf 88' lang='lat' dir='ltr'><strong>per</strong></span> <span class='ocrx_word' id='word_1_554' title='bbox 2216 1248 2488 1305; x_wconf 85' lang='lat' dir='ltr'><strong>fornacem</strong></span> <span class='ocrx_word' id='word_1_555' title='bbox 2522 1254 2897 1306; x_wconf 88' lang='lat' dir='ltr'><strong>tentationum.</strong></span> <span class='ocrx_word' id='word_1_556' title='bbox 2932 1252 3061 1306; x_wconf 81' lang='lat' dir='ltr'><strong>Cum</strong></span> <span class='ocrx_word' id='word_1_557' title='bbox 3085 1254 3297 1324; x_wconf 87' lang='lat' dir='ltr'><strong>gaudio,</strong></span> <span class='ocrx_word' id='word_1_558' title='bbox 3326 1254 3532 1326; x_wconf 85' lang='lat' dir='ltr'><strong>inquit;</strong></span> <span class='ocrx_word' id='word_1_559' title='bbox 3561 1274 3666 1314; x_wconf 91' lang='lat' dir='ltr'><strong>non</strong></span> 
     </span>
    </p>
   </div>
   <div class='ocr_carea' id='block_1_73' title="bbox 2089 1340 3671 1417">
    <p class='ocr_par' dir='ltr' id='par_1_73' title="bbox 2089 1340 3671 1417">
     <span class='ocr_line' id='line_1_73' title="bbox 2089 1340 3671 1417; baseline 0.006 -22"><span class='ocrx_word' id='word_1_560' title='bbox 2089 1340 2341 1411; x_wconf 81' lang='lat' dir='ltr'><strong>simplici,</strong></span> <span class='ocrx_word' id='word_1_561' title='bbox 2374 1341 2470 1396; x_wconf 91' lang='lat' dir='ltr'><strong>sed</strong></span> <span class='ocrx_word' id='word_1_562' title='bbox 2516 1342 2683 1397; x_wconf 89' lang='lat' dir='ltr'><strong>multo</strong></span> <span class='ocrx_word' id='word_1_563' title='bbox 2724 1359 2738 1397; x_wconf 88' lang='lat'><strong>:</strong></span> <span class='ocrx_word' id='word_1_564' title='bbox 2779 1342 2880 1399; x_wconf 88' lang='lat' dir='ltr'><strong>huc</strong></span> <span class='ocrx_word' id='word_1_565' title='bbox 2908 1344 3051 1399; x_wconf 91' lang='lat' dir='ltr'><strong>enim</strong></span> <span class='ocrx_word' id='word_1_566' title='bbox 3091 1356 3177 1399; x_wconf 90' lang='lat' dir='ltr'><strong>est</strong></span> <span class='ocrx_word' id='word_1_567' title='bbox 3218 1346 3445 1417; x_wconf 87' lang='lat' dir='ltr'><strong>Spiritus</strong></span> <span class='ocrx_word' id='word_1_568' title='bbox 3484 1351 3671 1406; x_wconf 84' lang='lat' dir='ltr'><strong>sancti.</strong></span> 
     </span>
    </p>
   </div>
   <div class='ocr_carea' id='block_1_74' title="bbox 2089 1432 3668 1505">
    <p class='ocr_par' dir='ltr' id='par_1_74' title="bbox 2089 1432 3668 1505">
     <span class='ocr_line' id='line_1_74' title="bbox 2089 1432 3668 1505; baseline 0.006 -18"><span class='ocrx_word' id='word_1_569' title='bbox 2089 1434 2143 1487; x_wconf 90' lang='lat'><strong>7.</strong></span> <span class='ocrx_word' id='word_1_570' title='bbox 2173 1432 2257 1487; x_wconf 89' lang='lat' dir='ltr'><strong>Ita</strong></span> <span class='ocrx_word' id='word_1_571' title='bbox 2284 1444 2338 1487; x_wconf 89' lang='lat' dir='ltr'><strong>ut</strong></span> <span class='ocrx_word' id='word_1_572' title='bbox 2361 1436 2488 1505; x_wconf 81' lang='lat' dir='ltr'><strong>facti</strong></span> <span class='ocrx_word' id='word_1_573' title='bbox 2508 1437 2619 1490; x_wconf 83' lang='lat' dir='ltr'><strong>sitis</strong></span> <span class='ocrx_word' id='word_1_574' title='bbox 2653 1437 2821 1505; x_wconf 80' lang='lat' dir='ltr'><strong>forma</strong></span> <span class='ocrx_word' id='word_1_575' title='bbox 2854 1438 3087 1491; x_wconf 88' lang='lat' dir='ltr'><strong>omnibus</strong></span> <span class='ocrx_word' id='word_1_576' title='bbox 3115 1440 3431 1495; x_wconf 88' lang='lat' dir='ltr'><strong>credentibus</strong></span> <span class='ocrx_word' id='word_1_577' title='bbox 3465 1444 3520 1496; x_wconf 87' lang='lat' dir='ltr'><strong>in</strong></span> <span class='ocrx_word' id='word_1_578' title='bbox 3546 1442 3668 1497; x_wconf 79' lang='lat' dir='ltr'><strong>Ma-</strong></span> 
     </span>
    </p>
   </div>
   <div class='ocr_carea' id='block_1_75' title="bbox 2087 1526 3667 1598">
    <p class='ocr_par' dir='ltr' id='par_1_75' title="bbox 2087 1526 3667 1598">
     <span class='ocr_line' id='line_1_75' title="bbox 2087 1526 3667 1598; baseline 0.008 -20"><span class='ocrx_word' id='word_1_579' title='bbox 2087 1526 2299 1579; x_wconf 88' lang='lat' dir='ltr'><strong>cedonia</strong></span> <span class='ocrx_word' id='word_1_580' title='bbox 2323 1536 2370 1579; x_wconf 83' lang='lat' dir='ltr'><strong>et</strong></span> <span class='ocrx_word' id='word_1_581' title='bbox 2400 1526 2614 1581; x_wconf 78' lang='lat' dir='ltr'><strong>Achaia.</strong></span> <span class='ocrx_word' id='word_1_582' title='bbox 2646 1530 2803 1598; x_wconf 84' lang='lat' dir='ltr'><strong>Atqui</strong></span> <span class='ocrx_word' id='word_1_583' title='bbox 2836 1536 3106 1597; x_wconf 91' lang='lat' dir='ltr'><strong>postremo</strong></span> <span class='ocrx_word' id='word_1_584' title='bbox 3131 1531 3274 1586; x_wconf 84' lang='lat' dir='ltr'><strong>venit</strong></span> <span class='ocrx_word' id='word_1_585' title='bbox 3296 1531 3363 1586; x_wconf 91' lang='lat' dir='ltr'><strong>ad</strong></span> <span class='ocrx_word' id='word_1_586' title='bbox 3392 1547 3487 1588; x_wconf 90' lang='lat' dir='ltr'><strong>eos</strong></span> <span class='ocrx_word' id='word_1_587' title='bbox 3518 1551 3532 1587; x_wconf 90' lang='lat'><strong>:</strong></span> <span class='ocrx_word' id='word_1_588' title='bbox 3562 1534 3667 1590; x_wconf 87' lang='lat' dir='ltr'><strong>Sed</strong></span> 
     </span>
    </p>
   </div>
   <div class='ocr_carea' id='block_1_76' title="bbox 2088 1616 3666 1687">
    <p class='ocr_par' dir='ltr' id='par_1_76' title="bbox 2088 1616 3666 1687">
     <span class='ocr_line' id='line_1_76' title="bbox 2088 1616 3666 1687; baseline 0.006 -17"><span class='ocrx_word' id='word_1_589' title='bbox 2088 1617 2182 1682; x_wconf 83' lang='lat' dir='ltr'><strong>ita,</strong></span> <span class='ocrx_word' id='word_1_590' title='bbox 2212 1616 2402 1687; x_wconf 90' lang='lat' dir='ltr'><strong>inquit,</strong></span> <span class='ocrx_word' id='word_1_591' title='bbox 2438 1618 2862 1687; x_wconf 76' lang='lat' dir='ltr'><strong>reSplenduistis,</strong></span> <span class='ocrx_word' id='word_1_592' title='bbox 2895 1628 2954 1674; x_wconf 93' lang='lat' dir='ltr'><strong>ut</strong></span> <span class='ocrx_word' id='word_1_593' title='bbox 2980 1621 3178 1676; x_wconf 90' lang='lat' dir='ltr'><strong>ﬁeretis</strong></span> <span class='ocrx_word' id='word_1_594' title='bbox 3205 1622 3452 1679; x_wconf 88' lang='lat' dir='ltr'><strong>doctores</strong></span> <span class='ocrx_word' id='word_1_595' title='bbox 3478 1639 3666 1681; x_wconf 91' lang='lat' dir='ltr'><strong>eorum</strong></span> 
     </span>
    </p>
   </div>
   <div class='ocr_carea' id='block_1_77' title="bbox 2084 1711 3714 1783">
    <p class='ocr_par' dir='ltr' id='par_1_77' title="bbox 2084 1711 3714 1783">
     <span class='ocr_line' id='line_1_77' title="bbox 2084 1711 3714 1783; baseline 0.006 -19"><span class='ocrx_word' id='word_1_596' title='bbox 2084 1711 2176 1781; x_wconf 91' lang='lat' dir='ltr'><strong>qui</strong></span> <span class='ocrx_word' id='word_1_597' title='bbox 2205 1712 2689 1782; x_wconf 79' lang='lat' dir='ltr'><strong>przccesserant.Et</strong></span> <span class='ocrx_word' id='word_1_598' title='bbox 2718 1712 2820 1766; x_wconf 93' lang='lat' dir='ltr'><strong>hoc</strong></span> <span class='ocrx_word' id='word_1_599' title='bbox 2845 1722 2927 1767; x_wconf 93' lang='lat' dir='ltr'><strong>est</strong></span> <span class='ocrx_word' id='word_1_600' title='bbox 2952 1714 3328 1783; x_wconf 88' lang='lat' dir='ltr'><strong>apostolicum.</strong></span> <span class='ocrx_word' id='word_1_601' title='bbox 3367 1716 3481 1771; x_wconf 89' lang='lat' dir='ltr'><strong>Non</strong></span> <span class='ocrx_word' id='word_1_602' title='bbox 3521 1719 3666 1774; x_wconf 88' lang='lat' dir='ltr'><strong>enim</strong></span> <span class='ocrx_word' id='word_1_603' title='bbox 3712 1778 3714 1781; x_wconf 51' lang='grc'><em>,</em></span> 
     </span>
    </p>
   </div>
   <div class='ocr_carea' id='block_1_78' title="bbox 2088 1803 3666 1881">
    <p class='ocr_par' dir='ltr' id='par_1_78' title="bbox 2088 1803 3666 1881">
     <span class='ocr_line' id='line_1_78' title="bbox 2088 1803 3666 1881; baseline 0.005 -24"><span class='ocrx_word' id='word_1_604' title='bbox 2088 1803 2243 1869; x_wconf 90' lang='lat' dir='ltr'><strong>dicit,</strong></span> <span class='ocrx_word' id='word_1_605' title='bbox 2284 1803 2355 1859; x_wconf 86' lang='lat' dir='ltr'><strong>Ut</strong></span> <span class='ocrx_word' id='word_1_606' title='bbox 2387 1805 2512 1858; x_wconf 86' lang='lat' dir='ltr'><strong>facti</strong></span> <span class='ocrx_word' id='word_1_607' title='bbox 2539 1804 2655 1859; x_wconf 90' lang='lat' dir='ltr'><strong>sitis</strong></span> <span class='ocrx_word' id='word_1_608' title='bbox 2687 1803 2857 1859; x_wconf 88' lang='lat' dir='ltr'><strong>forma</strong></span> <span class='ocrx_word' id='word_1_609' title='bbox 2897 1805 2965 1860; x_wconf 88' lang='lat' dir='ltr'><strong>ad</strong></span> <span class='ocrx_word' id='word_1_610' title='bbox 2990 1805 3339 1873; x_wconf 86' lang='lat' dir='ltr'><strong>credendum,</strong></span> <span class='ocrx_word' id='word_1_611' title='bbox 3368 1808 3463 1863; x_wconf 86' lang='lat' dir='ltr'><strong>sed</strong></span> <span class='ocrx_word' id='word_1_612' title='bbox 3486 1809 3549 1864; x_wconf 92' lang='lat' dir='ltr'><strong>iis</strong></span> <span class='ocrx_word' id='word_1_613' title='bbox 3574 1812 3666 1881; x_wconf 91' lang='lat' dir='ltr'><strong>qui</strong></span> 
     </span>
    </p>
   </div>
   <div class='ocr_carea' id='block_1_79' title="bbox 2081 1896 3667 1969">
    <p class='ocr_par' dir='ltr' id='par_1_79' title="bbox 2081 1896 3667 1969">
     <span class='ocr_line' id='line_1_79' title="bbox 2081 1896 3667 1969; baseline 0.006 -19"><span class='ocrx_word' id='word_1_614' title='bbox 2081 1896 2191 1967; x_wconf 88' lang='lat' dir='ltr'><strong>jam</strong></span> <span class='ocrx_word' id='word_1_615' title='bbox 2222 1897 2513 1952; x_wconf 89' lang='lat' dir='ltr'><strong>credebant</strong></span> <span class='ocrx_word' id='word_1_616' title='bbox 2548 1896 2671 1952; x_wconf 84' lang='lat' dir='ltr'><strong>facti</strong></span> <span class='ocrx_word' id='word_1_617' title='bbox 2718 1899 2850 1954; x_wconf 86' lang='lat' dir='ltr'><strong>estis</strong></span> <span class='ocrx_word' id='word_1_618' title='bbox 2885 1896 3053 1953; x_wconf 80' lang='lat' dir='ltr'><strong>forma</strong></span> <span class='ocrx_word' id='word_1_619' title='bbox 3099 1918 3113 1953; x_wconf 90' lang='lat'><strong>:</strong></span> <span class='ocrx_word' id='word_1_620' title='bbox 3145 1900 3196 1955; x_wconf 91' lang='lat' dir='ltr'><strong>id</strong></span> <span class='ocrx_word' id='word_1_621' title='bbox 3240 1913 3357 1969; x_wconf 89' lang='lat' dir='ltr'><strong>est,</strong></span> <span class='ocrx_word' id='word_1_622' title='bbox 3389 1904 3667 1969; x_wconf 86' lang='lat' dir='ltr'><strong>Quomodo</strong></span> 
     </span>
    </p>
   </div>
   <div class='ocr_carea' id='block_1_80' title="bbox 2084 1990 3667 2063">
    <p class='ocr_par' dir='ltr' id='par_1_80' title="bbox 2084 1990 3667 2063">
     <span class='ocr_line' id='line_1_80' title="bbox 2084 1990 3667 2063; baseline 0.004 -19"><span class='ocrx_word' id='word_1_623' title='bbox 2084 1999 2329 2060; x_wconf 82' lang='lat' dir='ltr'><strong>Oportcat</strong></span> <span class='ocrx_word' id='word_1_624' title='bbox 2349 1991 2401 2044; x_wconf 90' lang='lat' dir='ltr'><strong>in</strong></span> <span class='ocrx_word' id='word_1_625' title='bbox 2432 1990 2596 2044; x_wconf 89' lang='lat' dir='ltr'><strong>Deum</strong></span> <span class='ocrx_word' id='word_1_626' title='bbox 2628 1991 2865 2055; x_wconf 88' lang='lat' dir='ltr'><strong>credere,</strong></span> <span class='ocrx_word' id='word_1_627' title='bbox 2890 2006 2986 2046; x_wconf 89' lang='lat' dir='ltr'><strong>vos</strong></span> <span class='ocrx_word' id='word_1_628' title='bbox 3011 1991 3285 2058; x_wconf 83' lang='lat' dir='ltr'><strong>docuistis,</strong></span> <span class='ocrx_word' id='word_1_629' title='bbox 3310 1995 3397 2063; x_wconf 91' lang='lat' dir='ltr'><strong>qui</strong></span> <span class='ocrx_word' id='word_1_630' title='bbox 3419 1996 3486 2049; x_wconf 88' lang='lat' dir='ltr'><strong>ab</strong></span> <span class='ocrx_word' id='word_1_631' title='bbox 3510 2011 3667 2051; x_wconf 76' lang='lat' dir='ltr'><strong>emr-</strong></span> 
     </span>
    </p>
   </div>
   <div class='ocr_carea' id='block_1_81' title="bbox 2084 2083 3662 2157">
    <p class='ocr_par' dir='ltr' id='par_1_81' title="bbox 2084 2083 3662 2157">
     <span class='ocr_line' id='line_1_81' title="bbox 2084 2083 3662 2157; baseline 0.004 -20"><span class='ocrx_word' id='word_1_632' title='bbox 2084 2083 2173 2137; x_wconf 88' lang='lat' dir='ltr'><strong>dio</strong></span> <span class='ocrx_word' id='word_1_633' title='bbox 2202 2083 2267 2137; x_wconf 90' lang='lat' dir='ltr'><strong>ad</strong></span> <span class='ocrx_word' id='word_1_634' title='bbox 2297 2084 2590 2137; x_wconf 87' lang='lat' dir='ltr'><strong>certamina</strong></span> <span class='ocrx_word' id='word_1_635' title='bbox 2619 2084 2988 2139; x_wconf 87' lang='lat' dir='ltr'><strong>descendistis.</strong></span> <span class='ocrx_word' id='word_1_636' title='bbox 3026 2083 3092 2137; x_wconf 86' lang='lat' dir='ltr'><strong>Et</strong></span> <span class='ocrx_word' id='word_1_637' title='bbox 3118 2087 3171 2138; x_wconf 85' lang='lat' dir='ltr'><strong>in</strong></span> <span class='ocrx_word' id='word_1_638' title='bbox 3196 2084 3425 2151; x_wconf 81' lang='lat' dir='ltr'><strong>Achaia,</strong></span> <span class='ocrx_word' id='word_1_639' title='bbox 3455 2087 3623 2157; x_wconf 88' lang='lat' dir='ltr'><strong>inquit</strong></span> <span class='ocrx_word' id='word_1_640' title='bbox 3648 2106 3662 2153; x_wconf 85' lang='lat'><strong>;</strong></span> 
     </span>
    </p>
   </div>
   <div class='ocr_carea' id='block_1_82' title="bbox 2084 2169 3731 2244">
    <p class='ocr_par' dir='ltr' id='par_1_82' title="bbox 2084 2169 3731 2244">
     <span class='ocr_line' id='line_1_82' title="bbox 2084 2169 3731 2244; baseline 0.003 -16"><span class='ocrx_word' id='word_1_641' title='bbox 2084 2173 2187 2229; x_wconf 89' lang='lat' dir='ltr'><strong>hoc</strong></span> <span class='ocrx_word' id='word_1_642' title='bbox 2212 2182 2293 2230; x_wconf 91' lang='lat' dir='ltr'><strong>est</strong></span> <span class='ocrx_word' id='word_1_643' title='bbox 2315 2214 2332 2241; x_wconf 88' lang='lat'><strong>,</strong></span> <span class='ocrx_word' id='word_1_644' title='bbox 2362 2175 2413 2228; x_wconf 92' lang='lat' dir='ltr'><strong>in</strong></span> <span class='ocrx_word' id='word_1_645' title='bbox 2445 2173 2682 2229; x_wconf 90' lang='lat' dir='ltr'><strong>llellade.</strong></span> <span class='ocrx_word' id='word_1_646' title='bbox 2717 2173 2880 2229; x_wconf 82' lang='lat' dir='ltr'><strong>Vides</strong></span> <span class='ocrx_word' id='word_1_647' title='bbox 2913 2185 3108 2244; x_wconf 90' lang='lat' dir='ltr'><strong>quanta</strong></span> <span class='ocrx_word' id='word_1_648' title='bbox 3138 2190 3224 2230; x_wconf 90' lang='lat' dir='ltr'><strong>res</strong></span> <span class='ocrx_word' id='word_1_649' title='bbox 3254 2177 3325 2231; x_wconf 91' lang='lat' dir='ltr'><strong>sit</strong></span> <span class='ocrx_word' id='word_1_650' title='bbox 3350 2178 3512 2232; x_wconf 90' lang='lat' dir='ltr'><strong>animi</strong></span> <span class='ocrx_word' id='word_1_651' title='bbox 3548 2179 3664 2233; x_wconf 90' lang='lat' dir='ltr'><strong>ala-</strong></span> <span class='ocrx_word' id='word_1_652' title='bbox 3728 2169 3731 2173; x_wconf 32' lang='grc'><em>⁴</em></span> 
     </span>
    </p>
   </div>
   <div class='ocr_carea' id='block_1_83' title="bbox 2081 2264 3666 2338">
    <p class='ocr_par' dir='ltr' id='par_1_83' title="bbox 2081 2264 3666 2338">
     <span class='ocr_line' id='line_1_83' title="bbox 2081 2264 3666 2338; baseline 0.003 -18"><span class='ocrx_word' id='word_1_653' title='bbox 2081 2266 2243 2320; x_wconf 89' lang='lat' dir='ltr'><strong>critas</strong></span> <span class='ocrx_word' id='word_1_654' title='bbox 2272 2264 2430 2319; x_wconf 73' lang='lat' dir='ltr'><strong>iNon</strong></span> <span class='ocrx_word' id='word_1_655' title='bbox 2462 2276 2585 2335; x_wconf 86' lang='lat' dir='ltr'><strong>eget</strong></span> <span class='ocrx_word' id='word_1_656' title='bbox 2612 2273 2870 2333; x_wconf 88' lang='lat' dir='ltr'><strong>tempore,</strong></span> <span class='ocrx_word' id='word_1_657' title='bbox 2898 2280 3071 2336; x_wconf 88' lang='lat' dir='ltr'><strong>neque</strong></span> <span class='ocrx_word' id='word_1_658' title='bbox 3097 2268 3457 2334; x_wconf 87' lang='lat' dir='ltr'><strong>cunctatione,</strong></span> <span class='ocrx_word' id='word_1_659' title='bbox 3490 2283 3666 2338; x_wconf 85' lang='lat' dir='ltr'><strong>neque</strong></span> 
     </span>
    </p>
   </div>
   <div class='ocr_carea' id='block_1_84' title="bbox 2081 2355 3665 2425">
    <p class='ocr_par' dir='ltr' id='par_1_84' title="bbox 2081 2355 3665 2425">
     <span class='ocr_line' id='line_1_84' title="bbox 2081 2355 3665 2425; baseline 0.004 -15"><span class='ocrx_word' id='word_1_660' title='bbox 2081 2356 2336 2412; x_wconf 89' lang='lat' dir='ltr'><strong>dilatione</strong></span> <span class='ocrx_word' id='word_1_661' title='bbox 2365 2373 2381 2421; x_wconf 86' lang='lat'><strong>;</strong></span> <span class='ocrx_word' id='word_1_662' title='bbox 2406 2355 2499 2410; x_wconf 92' lang='lat' dir='ltr'><strong>sed</strong></span> <span class='ocrx_word' id='word_1_663' title='bbox 2527 2356 2724 2411; x_wconf 90' lang='lat' dir='ltr'><strong>sufﬁcit</strong></span> <span class='ocrx_word' id='word_1_664' title='bbox 2751 2372 2810 2411; x_wconf 88' lang='lat' dir='ltr'><strong>se</strong></span> <span class='ocrx_word' id='word_1_665' title='bbox 2832 2357 3002 2411; x_wconf 88' lang='lat' dir='ltr'><strong>solum</strong></span> <span class='ocrx_word' id='word_1_666' title='bbox 3035 2358 3310 2425; x_wconf 85' lang='lat' dir='ltr'><strong>exhibere,</strong></span> <span class='ocrx_word' id='word_1_667' title='bbox 3341 2369 3397 2414; x_wconf 88' lang='lat' dir='ltr'><strong>et</strong></span> <span class='ocrx_word' id='word_1_668' title='bbox 3423 2362 3665 2416; x_wconf 85' lang='lat' dir='ltr'><strong>confecta</strong></span> 
     </span>
    </p>
   </div>
   <div class='ocr_carea' id='block_1_85' title="bbox 2080 2448 3666 2518">
    <p class='ocr_par' dir='ltr' id='par_1_85' title="bbox 2080 2448 3666 2518">
     <span class='ocr_line' id='line_1_85' title="bbox 2080 2448 3666 2518; baseline 0.002 -15"><span class='ocrx_word' id='word_1_669' title='bbox 2080 2457 2205 2503; x_wconf 90' lang='lat' dir='ltr'><strong>sunt</strong></span> <span class='ocrx_word' id='word_1_670' title='bbox 2229 2448 2429 2503; x_wconf 90' lang='lat' dir='ltr'><strong>omnia.</strong></span> <span class='ocrx_word' id='word_1_671' title='bbox 2452 2449 2541 2503; x_wconf 91' lang='lat' dir='ltr'><strong>Sic</strong></span> <span class='ocrx_word' id='word_1_672' title='bbox 2565 2463 2694 2518; x_wconf 85' lang='lat' dir='ltr'><strong>ergo</strong></span> <span class='ocrx_word' id='word_1_673' title='bbox 2718 2448 2799 2503; x_wconf 91' lang='lat' dir='ltr'><strong>isti</strong></span> <span class='ocrx_word' id='word_1_674' title='bbox 2821 2464 2942 2502; x_wconf 91' lang='lat' dir='ltr'><strong>cum</strong></span> <span class='ocrx_word' id='word_1_675' title='bbox 2968 2449 3292 2518; x_wconf 90' lang='lat' dir='ltr'><strong>posteriores</strong></span> <span class='ocrx_word' id='word_1_676' title='bbox 3312 2452 3666 2506; x_wconf 88' lang='lat' dir='ltr'><strong>accessissent</strong></span> 
     </span>
    </p>
   </div>
   <div class='ocr_carea' id='block_1_86' title="bbox 2078 2540 3664 2610">
    <p class='ocr_par' dir='ltr' id='par_1_86' title="bbox 2078 2540 3664 2610">
     <span class='ocr_line' id='line_1_86' title="bbox 2078 2540 3664 2610; baseline 0.002 -15"><span class='ocrx_word' id='word_1_677' title='bbox 2078 2541 2145 2595; x_wconf 87' lang='lat' dir='ltr'><strong>ad</strong></span> <span class='ocrx_word' id='word_1_678' title='bbox 2175 2540 2608 2610; x_wconf 72' lang='lat' dir='ltr'><strong>praedicationem</strong></span> <span class='ocrx_word' id='word_1_679' title='bbox 2628 2582 2643 2607; x_wconf 94' lang='lat'><strong>,</strong></span> <span class='ocrx_word' id='word_1_680' title='bbox 2677 2540 2892 2595; x_wconf 70' lang='lat' dir='ltr'><strong>fuerunt</strong></span> <span class='ocrx_word' id='word_1_681' title='bbox 2921 2541 3155 2609; x_wconf 88' lang='lat' dir='ltr'><strong>priorum</strong></span> <span class='ocrx_word' id='word_1_682' title='bbox 3187 2541 3441 2599; x_wconf 90' lang='lat' dir='ltr'><strong>doctores</strong></span> <span class='ocrx_word' id='word_1_683' title='bbox 3466 2553 3519 2598; x_wconf 91' lang='lat' dir='ltr'><strong>et</strong></span> <span class='ocrx_word' id='word_1_684' title='bbox 3544 2560 3664 2598; x_wconf 88' lang='lat' dir='ltr'><strong>ma-</strong></span> 
     </span>
    </p>
   </div>
   <div class='ocr_carea' id='block_1_87' title="bbox 2077 2631 3664 2703">
    <p class='ocr_par' dir='ltr' id='par_1_87' title="bbox 2077 2631 3664 2703">
     <span class='ocr_line' id='line_1_87' title="bbox 2077 2631 3664 2703; baseline 0.003 -17"><span class='ocrx_word' id='word_1_685' title='bbox 2077 2632 2248 2703; x_wconf 83' lang='lat' dir='ltr'><strong>gistri.</strong></span> <span class='ocrx_word' id='word_1_686' title='bbox 2269 2631 2438 2687; x_wconf 88' lang='lat' dir='ltr'><strong>Nemo</strong></span> <span class='ocrx_word' id='word_1_687' title='bbox 2458 2632 2618 2702; x_wconf 89' lang='lat' dir='ltr'><strong>igitur</strong></span> <span class='ocrx_word' id='word_1_688' title='bbox 2636 2632 2869 2686; x_wconf 89' lang='lat' dir='ltr'><strong>animum</strong></span> <span class='ocrx_word' id='word_1_689' title='bbox 2888 2632 3247 2702; x_wconf 87' lang='lat' dir='ltr'><strong>despondeat:</strong></span> <span class='ocrx_word' id='word_1_690' title='bbox 3264 2634 3472 2689; x_wconf 88' lang='lat' dir='ltr'><strong>etiamsi</strong></span> <span class='ocrx_word' id='word_1_691' title='bbox 3498 2635 3664 2691; x_wconf 84' lang='lat' dir='ltr'><strong>multo</strong></span> 
     </span>
    </p>
   </div>
   <div class='ocr_carea' id='block_1_88' title="bbox 2084 2722 3665 2796">
    <p class='ocr_par' dir='ltr' id='par_1_88' title="bbox 2084 2722 3665 2796">
     <span class='ocr_line' id='line_1_88' title="bbox 2084 2722 3665 2796; baseline 0.002 -18"><span class='ocrx_word' id='word_1_692' title='bbox 2084 2733 2408 2793; x_wconf 79' lang='lat' dir='ltr'><strong>consumpto</strong></span> <span class='ocrx_word' id='word_1_693' title='bbox 2440 2732 2681 2793; x_wconf 89' lang='lat' dir='ltr'><strong>tempore</strong></span> <span class='ocrx_word' id='word_1_694' title='bbox 2706 2723 2842 2778; x_wconf 91' lang='lat' dir='ltr'><strong>nihil</strong></span> <span class='ocrx_word' id='word_1_695' title='bbox 2871 2722 3128 2788; x_wconf 84' lang='lat' dir='ltr'><strong>eﬂ‘ecerit,</strong></span> <span class='ocrx_word' id='word_1_696' title='bbox 3165 2723 3287 2779; x_wconf 90' lang='lat' dir='ltr'><strong>licet</strong></span> <span class='ocrx_word' id='word_1_697' title='bbox 3314 2724 3363 2779; x_wconf 92' lang='lat' dir='ltr'><strong>ei</strong></span> <span class='ocrx_word' id='word_1_698' title='bbox 3394 2726 3478 2780; x_wconf 87' lang='lat' dir='ltr'><strong>vel</strong></span> <span class='ocrx_word' id='word_1_699' title='bbox 3501 2742 3665 2796; x_wconf 88' lang='lat' dir='ltr'><strong>parvo</strong></span> 
     </span>
    </p>
   </div>
   <div class='ocr_carea' id='block_1_89' title="bbox 2081 2816 3664 2888">
    <p class='ocr_par' dir='ltr' id='par_1_89' title="bbox 2081 2816 3664 2888">
     <span class='ocr_line' id='line_1_89' title="bbox 2081 2816 3664 2888; baseline 0.003 -17"><span class='ocrx_word' id='word_1_700' title='bbox 2081 2824 2326 2887; x_wconf 91' lang='lat' dir='ltr'><strong>tempore</strong></span> <span class='ocrx_word' id='word_1_701' title='bbox 2355 2825 2558 2870; x_wconf 89' lang='lat' dir='ltr'><strong>tantum</strong></span> <span class='ocrx_word' id='word_1_702' title='bbox 2600 2816 2848 2881; x_wconf 87' lang='lat' dir='ltr'><strong>efﬁcere,</strong></span> <span class='ocrx_word' id='word_1_703' title='bbox 2878 2825 3135 2885; x_wconf 86' lang='lat' dir='ltr'><strong>quantum</strong></span> <span class='ocrx_word' id='word_1_704' title='bbox 3165 2831 3233 2871; x_wconf 91' lang='lat' dir='ltr'><strong>ne</strong></span> <span class='ocrx_word' id='word_1_705' title='bbox 3262 2818 3420 2887; x_wconf 89' lang='lat' dir='ltr'><strong>priori</strong></span> <span class='ocrx_word' id='word_1_706' title='bbox 3445 2819 3664 2888; x_wconf 86' lang='lat' dir='ltr'><strong>quidem</strong></span> 
     </span>
    </p>
   </div>
   <div class='ocr_carea' id='block_1_90' title="bbox 2083 2902 3664 2979">
    <p class='ocr_par' dir='ltr' id='par_1_90' title="bbox 2083 2902 3664 2979">
     <span class='ocr_line' id='line_1_90' title="bbox 2083 2902 3664 2979; baseline 0.003 -15"><span class='ocrx_word' id='word_1_707' title='bbox 2083 2920 2345 2979; x_wconf 90' lang='lat' dir='ltr'><strong>tempore.</strong></span> <span class='ocrx_word' id='word_1_708' title='bbox 2375 2909 2506 2963; x_wconf 89' lang='lat' dir='ltr'><strong>Nam</strong></span> <span class='ocrx_word' id='word_1_709' title='bbox 2551 2909 2594 2963; x_wconf 90' lang='lat' dir='ltr'><strong>si</strong></span> <span class='ocrx_word' id='word_1_710' title='bbox 2631 2909 2722 2979; x_wconf 88' lang='lat' dir='ltr'><strong>qui</strong></span> <span class='ocrx_word' id='word_1_711' title='bbox 2766 2908 3000 2963; x_wconf 91' lang='lat' dir='ltr'><strong>nondum</strong></span> <span class='ocrx_word' id='word_1_712' title='bbox 3030 2908 3331 2965; x_wconf 89' lang='lat' dir='ltr'><strong>crediderat</strong></span> <span class='ocrx_word' id='word_1_713' title='bbox 3363 2902 3565 2965; x_wconf 69' lang='lat' dir='ltr'><strong>talltum</strong></span> <span class='ocrx_word' id='word_1_714' title='bbox 3608 2913 3664 2969; x_wconf 92' lang='lat' dir='ltr'><strong>in</strong></span> 
     </span>
    </p>
   </div>
   <div class='ocr_carea' id='block_1_91' title="bbox 2078 3000 3661 3071">
    <p class='ocr_par' dir='ltr' id='par_1_91' title="bbox 2078 3000 3661 3071">
     <span class='ocr_line' id='line_1_91' title="bbox 2078 3000 3661 3071; baseline 0 -15"><span class='ocrx_word' id='word_1_715' title='bbox 2078 3002 2227 3057; x_wconf 91' lang='lat' dir='ltr'><strong>initio</strong></span> <span class='ocrx_word' id='word_1_716' title='bbox 2252 3000 2601 3071; x_wconf 89' lang='lat' dir='ltr'><strong>resplenduit,</strong></span> <span class='ocrx_word' id='word_1_717' title='bbox 2619 3000 2787 3055; x_wconf 91' lang='lat' dir='ltr'><strong>multo</strong></span> <span class='ocrx_word' id='word_1_718' title='bbox 2805 3000 2971 3070; x_wconf 87' lang='lat' dir='ltr'><strong>magis</strong></span> <span class='ocrx_word' id='word_1_719' title='bbox 2997 3000 3030 3054; x_wconf 90' lang='lat' dir='ltr'><strong>ii</strong></span> <span class='ocrx_word' id='word_1_720' title='bbox 3056 3000 3143 3070; x_wconf 89' lang='lat' dir='ltr'><strong>qui</strong></span> <span class='ocrx_word' id='word_1_721' title='bbox 3165 3000 3275 3070; x_wconf 91' lang='lat' dir='ltr'><strong>jam</strong></span> <span class='ocrx_word' id='word_1_722' title='bbox 3301 3001 3661 3063; x_wconf 64' lang='lat' dir='ltr'><strong>aediderunt.</strong></span> 
     </span>
    </p>
   </div>
   <div class='ocr_carea' id='block_1_92' title="bbox 2158 3093 3663 3165">
    <p class='ocr_par' dir='ltr' id='par_1_92' title="bbox 2158 3093 3663 3165">
     <span class='ocr_line' id='line_1_92' title="bbox 2158 3093 3663 3165; baseline 0.004 -19"><span class='ocrx_word' id='word_1_723' title='bbox 2158 3093 2433 3165; x_wconf 85' lang='lat' dir='ltr'><strong>Vigilantia</strong></span> <span class='ocrx_word' id='word_1_724' title='bbox 2473 3110 2624 3160; x_wconf 84' lang='lat' dir='ltr'><strong>quam</strong></span> <span class='ocrx_word' id='word_1_725' title='bbox 2665 3094 2969 3148; x_wconf 86' lang='lat' dir='ltr'><strong>necessaria.</strong></span> <span class='ocrx_word' id='word_1_726' title='bbox 3001 3122 3070 3133; x_wconf 91' lang='lat'><strong>—</strong></span> <span class='ocrx_word' id='word_1_727' title='bbox 3094 3093 3280 3147; x_wconf 87' lang='lat' dir='ltr'><strong>Nullus</strong></span> <span class='ocrx_word' id='word_1_728' title='bbox 3328 3111 3521 3150; x_wconf 87' lang='lat' dir='ltr'><strong>rursus</strong></span> <span class='ocrx_word' id='word_1_729' title='bbox 3560 3096 3663 3152; x_wconf 86' lang='lat' dir='ltr'><strong>hoc</strong></span> 
     </span>
    </p>
   </div>
   <div class='ocr_carea' id='block_1_93' title="bbox 2076 3186 3659 3258">
    <p class='ocr_par' dir='ltr' id='par_1_93' title="bbox 2076 3186 3659 3258">
     <span class='ocr_line' id='line_1_93' title="bbox 2076 3186 3659 3258; baseline 0.001 -16"><span class='ocrx_word' id='word_1_730' title='bbox 2076 3186 2314 3256; x_wconf 86' lang='lat' dir='ltr'><strong>cogitans</strong></span> <span class='ocrx_word' id='word_1_731' title='bbox 2340 3186 2411 3240; x_wconf 91' lang='lat' dir='ltr'><strong>sit</strong></span> <span class='ocrx_word' id='word_1_732' title='bbox 2442 3187 2590 3256; x_wconf 90' lang='lat' dir='ltr'><strong>piger</strong></span> <span class='ocrx_word' id='word_1_733' title='bbox 2613 3194 2670 3240; x_wconf 89' lang='lat' dir='ltr'><strong>et</strong></span> <span class='ocrx_word' id='word_1_734' title='bbox 2698 3189 2903 3256; x_wconf 86' lang='lat' dir='ltr'><strong>segnis,</strong></span> <span class='ocrx_word' id='word_1_735' title='bbox 2935 3195 2995 3240; x_wconf 91' lang='lat' dir='ltr'><strong>ut</strong></span> <span class='ocrx_word' id='word_1_736' title='bbox 3023 3187 3111 3256; x_wconf 92' lang='lat' dir='ltr'><strong>qui</strong></span> <span class='ocrx_word' id='word_1_737' title='bbox 3139 3186 3387 3243; x_wconf 89' lang='lat' dir='ltr'><strong>didicerit</strong></span> <span class='ocrx_word' id='word_1_738' title='bbox 3416 3188 3559 3258; x_wconf 90' lang='lat' dir='ltr'><strong>quod</strong></span> <span class='ocrx_word' id='word_1_739' title='bbox 3590 3189 3659 3244; x_wconf 84' lang='lat' dir='ltr'><strong>li-</strong></span> 
     </span>
    </p>
   </div>
   <div class='ocr_carea' id='block_1_94' title="bbox 2075 3278 3663 3349">
    <p class='ocr_par' dir='ltr' id='par_1_94' title="bbox 2075 3278 3663 3349">
     <span class='ocr_line' id='line_1_94' title="bbox 2075 3278 3663 3349; baseline 0.003 -16"><span class='ocrx_word' id='word_1_740' title='bbox 2075 3292 2193 3333; x_wconf 89' lang='lat' dir='ltr'><strong>ceat</strong></span> <span class='ocrx_word' id='word_1_741' title='bbox 2231 3278 2379 3333; x_wconf 88' lang='lat' dir='ltr'><strong>brevi</strong></span> <span class='ocrx_word' id='word_1_742' title='bbox 2419 3288 2660 3348; x_wconf 88' lang='lat' dir='ltr'><strong>tempore</strong></span> <span class='ocrx_word' id='word_1_743' title='bbox 2683 3289 2848 3334; x_wconf 90' lang='lat' dir='ltr'><strong>totum</strong></span> <span class='ocrx_word' id='word_1_744' title='bbox 2874 3294 3063 3349; x_wconf 87' lang='lat' dir='ltr'><strong>parare</strong></span> <span class='ocrx_word' id='word_1_745' title='bbox 3096 3296 3109 3333; x_wconf 92' lang='lat'><strong>:</strong></span> <span class='ocrx_word' id='word_1_746' title='bbox 3139 3278 3376 3334; x_wconf 91' lang='lat' dir='ltr'><strong>futurum</strong></span> <span class='ocrx_word' id='word_1_747' title='bbox 3404 3283 3546 3335; x_wconf 90' lang='lat' dir='ltr'><strong>enim</strong></span> <span class='ocrx_word' id='word_1_748' title='bbox 3577 3292 3663 3337; x_wconf 87' lang='lat' dir='ltr'><strong>est</strong></span> 
     </span>
    </p>
   </div>
   <div class='ocr_carea' id='block_1_95' title="bbox 2077 3372 3656 3447">
    <p class='ocr_par' dir='ltr' id='par_1_95' title="bbox 2077 3372 3656 3447">
     <span class='ocr_line' id='line_1_95' title="bbox 2077 3372 3656 3447; baseline 0.001 -20"><span class='ocrx_word' id='word_1_749' title='bbox 2077 3374 2381 3438; x_wconf 82' lang='lat' dir='ltr'><strong>incertum;</strong></span> <span class='ocrx_word' id='word_1_750' title='bbox 2410 3384 2465 3427; x_wconf 91' lang='lat' dir='ltr'><strong>et</strong></span> <span class='ocrx_word' id='word_1_751' title='bbox 2510 3372 2597 3427; x_wconf 87' lang='lat' dir='ltr'><strong>fur</strong></span> <span class='ocrx_word' id='word_1_752' title='bbox 2637 3383 2719 3427; x_wconf 92' lang='lat' dir='ltr'><strong>est</strong></span> <span class='ocrx_word' id='word_1_753' title='bbox 2746 3372 2864 3427; x_wconf 91' lang='lat' dir='ltr'><strong>dies</strong></span> <span class='ocrx_word' id='word_1_754' title='bbox 2904 3372 3110 3427; x_wconf 88' lang='lat' dir='ltr'><strong>Domini</strong></span> <span class='ocrx_word' id='word_1_755' title='bbox 3136 3375 3228 3442; x_wconf 93' lang='grc'><strong>(1.</strong></span> <span class='ocrx_word' id='word_1_756' title='bbox 3266 3372 3442 3428; x_wconf 85' lang='lat' dir='ltr'><strong>Thess.</strong></span> <span class='ocrx_word' id='word_1_757' title='bbox 3472 3375 3525 3429; x_wconf 80' lang='lat'><strong>5.</strong></span> <span class='ocrx_word' id='word_1_758' title='bbox 3554 3374 3656 3447; x_wconf 76' lang='grc'><strong>4),</strong></span> 
     </span>
    </p>
   </div>
   <div class='ocr_carea' id='block_1_96' title="bbox 2076 3465 3661 3538">
    <p class='ocr_par' dir='ltr' id='par_1_96' title="bbox 2076 3465 3661 3538">
     <span class='ocr_line' id='line_1_96' title="bbox 2076 3465 3661 3538; baseline -0.001 -16"><span class='ocrx_word' id='word_1_759' title='bbox 2076 3478 2299 3538; x_wconf 89' lang='lat' dir='ltr'><strong>repente</strong></span> <span class='ocrx_word' id='word_1_760' title='bbox 2325 3466 2584 3521; x_wconf 90' lang='lat' dir='ltr'><strong>invadens</strong></span> <span class='ocrx_word' id='word_1_761' title='bbox 2604 3481 2702 3521; x_wconf 92' lang='lat' dir='ltr'><strong>nos</strong></span> <span class='ocrx_word' id='word_1_762' title='bbox 2721 3465 3050 3521; x_wconf 89' lang='lat' dir='ltr'><strong>dormientes</strong></span> <span class='ocrx_word' id='word_1_763' title='bbox 3078 3481 3093 3529; x_wconf 90' lang='lat'><strong>;</strong></span> <span class='ocrx_word' id='word_1_764' title='bbox 3117 3466 3211 3520; x_wconf 88' lang='lat' dir='ltr'><strong>sed</strong></span> <span class='ocrx_word' id='word_1_765' title='bbox 3233 3466 3275 3519; x_wconf 90' lang='lat' dir='ltr'><strong>si</strong></span> <span class='ocrx_word' id='word_1_766' title='bbox 3300 3482 3408 3520; x_wconf 88' lang='lat' dir='ltr'><strong>non</strong></span> <span class='ocrx_word' id='word_1_767' title='bbox 3429 3467 3661 3522; x_wconf 86' lang='lat' dir='ltr'><strong>dormia-</strong></span> 
     </span>
    </p>
   </div>
   <div class='ocr_carea' id='block_1_97' title="bbox 2077 3557 3660 3629">
    <p class='ocr_par' dir='ltr' id='par_1_97' title="bbox 2077 3557 3660 3629">
     <span class='ocr_line' id='line_1_97' title="bbox 2077 3557 3660 3629; baseline 0.001 -15"><span class='ocrx_word' id='word_1_768' title='bbox 2077 3563 2215 3622; x_wconf 79' lang='lat' dir='ltr'><strong>mus’,</strong></span> <span class='ocrx_word' id='word_1_769' title='bbox 2247 3574 2351 3614; x_wconf 89' lang='lat' dir='ltr'><strong>non</strong></span> <span class='ocrx_word' id='word_1_770' title='bbox 2386 3568 2657 3629; x_wconf 90' lang='lat' dir='ltr'><strong>tamquam</strong></span> <span class='ocrx_word' id='word_1_771' title='bbox 2691 3557 2779 3611; x_wconf 92' lang='lat' dir='ltr'><strong>fur</strong></span> <span class='ocrx_word' id='word_1_772' title='bbox 2807 3572 2907 3612; x_wconf 90' lang='lat' dir='ltr'><strong>nos</strong></span> <span class='ocrx_word' id='word_1_773' title='bbox 2946 3557 3184 3623; x_wconf 90' lang='lat' dir='ltr'><strong>invadet,</strong></span> <span class='ocrx_word' id='word_1_774' title='bbox 3228 3573 3404 3628; x_wconf 89' lang='lat' dir='ltr'><strong>neque</strong></span> <span class='ocrx_word' id='word_1_775' title='bbox 3431 3560 3660 3615; x_wconf 87' lang='lat' dir='ltr'><strong>abducet</strong></span> 
     </span>
    </p>
   </div>
   <div class='ocr_carea' id='block_1_98' title="bbox 2076 3650 3655 3721">
    <p class='ocr_par' dir='ltr' id='par_1_98' title="bbox 2076 3650 3655 3721">
     <span class='ocr_line' id='line_1_98' title="bbox 2076 3650 3655 3721; baseline -0.001 -14"><span class='ocrx_word' id='word_1_776' title='bbox 2076 3652 2387 3721; x_wconf 88' lang='lat' dir='ltr'><strong>imparatos.</strong></span> <span class='ocrx_word' id='word_1_777' title='bbox 2433 3650 2567 3705; x_wconf 86' lang='lat' dir='ltr'><strong>Nam</strong></span> <span class='ocrx_word' id='word_1_778' title='bbox 2612 3650 2657 3704; x_wconf 90' lang='lat' dir='ltr'><strong>si</strong></span> <span class='ocrx_word' id='word_1_779' title='bbox 2698 3650 3010 3720; x_wconf 87' lang='lat' dir='ltr'><strong>vigilemus,</strong></span> <span class='ocrx_word' id='word_1_780' title='bbox 3041 3658 3096 3704; x_wconf 90' lang='lat' dir='ltr'><strong>et</strong></span> <span class='ocrx_word' id='word_1_781' title='bbox 3124 3650 3286 3704; x_wconf 90' lang='lat' dir='ltr'><strong>sobrii</strong></span> <span class='ocrx_word' id='word_1_782' title='bbox 3316 3650 3483 3705; x_wconf 87' lang='lat' dir='ltr'><strong>simus</strong></span> <span class='ocrx_word' id='word_1_783' title='bbox 3508 3690 3523 3714; x_wconf 90' lang='lat'><strong>,</strong></span> <span class='ocrx_word' id='word_1_784' title='bbox 3548 3665 3655 3706; x_wconf 90' lang='lat' dir='ltr'><strong>non</strong></span> 
     </span>
    </p>
   </div>
   <div class='ocr_carea' id='block_1_99' title="bbox 2074 3742 3656 3815">
    <p class='ocr_par' dir='ltr' id='par_1_99' title="bbox 2074 3742 3656 3815">
     <span class='ocr_line' id='line_1_99' title="bbox 2074 3742 3656 3815; baseline 0.001 -17"><span class='ocrx_word' id='word_1_785' title='bbox 2074 3745 2302 3814; x_wconf 88' lang='lat' dir='ltr'><strong>amplius</strong></span> <span class='ocrx_word' id='word_1_786' title='bbox 2332 3753 2600 3815; x_wconf 78' lang='lat' dir='ltr'><strong>tamquam</strong></span> <span class='ocrx_word' id='word_1_787' title='bbox 2629 3744 2713 3798; x_wconf 88' lang='lat' dir='ltr'><strong>fur</strong></span> <span class='ocrx_word' id='word_1_788' title='bbox 2741 3757 2840 3798; x_wconf 90' lang='lat' dir='ltr'><strong>nos</strong></span> <span class='ocrx_word' id='word_1_789' title='bbox 2870 3742 3100 3809; x_wconf 83' lang='lat' dir='ltr'><strong>invadet,</strong></span> <span class='ocrx_word' id='word_1_790' title='bbox 3130 3743 3224 3798; x_wconf 90' lang='lat' dir='ltr'><strong>sed</strong></span> <span class='ocrx_word' id='word_1_791' title='bbox 3258 3754 3522 3813; x_wconf 89' lang='lat' dir='ltr'><strong>tamquam</strong></span> <span class='ocrx_word' id='word_1_792' title='bbox 3545 3744 3656 3799; x_wconf 79' lang='lat' dir='ltr'><strong>Re-</strong></span> 
     </span>
    </p>
   </div>
   <div class='ocr_carea' id='block_1_100' title="bbox 2073 3834 3655 3907">
    <p class='ocr_par' dir='ltr' id='par_1_100' title="bbox 2073 3834 3655 3907">
     <span class='ocr_line' id='line_1_100' title="bbox 2073 3834 3655 3907; baseline 0.001 -18"><span class='ocrx_word' id='word_1_793' title='bbox 2073 3839 2154 3907; x_wconf 88' lang='lat' dir='ltr'><strong>gis</strong></span> <span class='ocrx_word' id='word_1_794' title='bbox 2199 3836 2419 3890; x_wconf 91' lang='lat' dir='ltr'><strong>nuntius</strong></span> <span class='ocrx_word' id='word_1_795' title='bbox 2457 3850 2555 3890; x_wconf 93' lang='lat' dir='ltr'><strong>nos</strong></span> <span class='ocrx_word' id='word_1_796' title='bbox 2582 3849 2780 3889; x_wconf 91' lang='lat' dir='ltr'><strong>vocans</strong></span> <span class='ocrx_word' id='word_1_797' title='bbox 2820 3834 2886 3888; x_wconf 92' lang='lat' dir='ltr'><strong>ad</strong></span> <span class='ocrx_word' id='word_1_798' title='bbox 2926 3834 3065 3889; x_wconf 87' lang='lat' dir='ltr'><strong>bona</strong></span> <span class='ocrx_word' id='word_1_799' title='bbox 3108 3834 3263 3889; x_wconf 90' lang='lat' dir='ltr'><strong>nobis</strong></span> <span class='ocrx_word' id='word_1_800' title='bbox 3311 3844 3491 3904; x_wconf 89' lang='lat' dir='ltr'><strong>parata</strong></span> <span class='ocrx_word' id='word_1_801' title='bbox 3524 3854 3538 3889; x_wconf 93' lang='lat'><strong>:</strong></span> <span class='ocrx_word' id='word_1_802' title='bbox 3570 3837 3655 3891; x_wconf 90' lang='lat' dir='ltr'><strong>sin</strong></span> 
     </span>
    </p>
   </div>
   <div class='ocr_carea' id='block_1_101' title="bbox 2074 3925 3653 3997">
    <p class='ocr_par' dir='ltr' id='par_1_101' title="bbox 2074 3925 3653 3997">
     <span class='ocr_line' id='line_1_101' title="bbox 2074 3925 3653 3997; baseline 0 -15"><span class='ocrx_word' id='word_1_803' title='bbox 2074 3927 2424 3989; x_wconf 88' lang='lat' dir='ltr'><strong>dormiamus,</strong></span> <span class='ocrx_word' id='word_1_804' title='bbox 2454 3936 2722 3995; x_wconf 88' lang='lat' dir='ltr'><strong>tamquam</strong></span> <span class='ocrx_word' id='word_1_805' title='bbox 2760 3925 2843 3980; x_wconf 84' lang='lat' dir='ltr'><strong>iur</strong></span> <span class='ocrx_word' id='word_1_806' title='bbox 2884 3925 3111 3981; x_wconf 85' lang='lat' dir='ltr'><strong>accedit.</strong></span> <span class='ocrx_word' id='word_1_807' title='bbox 3145 3926 3331 3981; x_wconf 86' lang='lat' dir='ltr'><strong>Nullus</strong></span> <span class='ocrx_word' id='word_1_808' title='bbox 3362 3942 3490 3997; x_wconf 90' lang='lat' dir='ltr'><strong>ergo</strong></span> <span class='ocrx_word' id='word_1_809' title='bbox 3522 3927 3653 3982; x_wconf 88' lang='lat' dir='ltr'><strong>dor-</strong></span> 
     </span>
    </p>
   </div>
   <div class='ocr_carea' id='block_1_102' title="bbox 2074 4016 3657 4088">
    <p class='ocr_par' dir='ltr' id='par_1_102' title="bbox 2074 4016 3657 4088">
     <span class='ocr_line' id='line_1_102' title="bbox 2074 4016 3657 4088; baseline 0.001 -15"><span class='ocrx_word' id='word_1_810' title='bbox 2074 4018 2225 4086; x_wconf 88' lang='lat' dir='ltr'><strong>miat,</strong></span> <span class='ocrx_word' id='word_1_811' title='bbox 2250 4018 2429 4073; x_wconf 91' lang='lat' dir='ltr'><strong>nullus</strong></span> <span class='ocrx_word' id='word_1_812' title='bbox 2458 4018 2526 4072; x_wconf 91' lang='lat' dir='ltr'><strong>sit</strong></span> <span class='ocrx_word' id='word_1_813' title='bbox 2552 4018 2699 4088; x_wconf 87' lang='lat' dir='ltr'><strong>piger</strong></span> <span class='ocrx_word' id='word_1_814' title='bbox 2723 4017 2791 4071; x_wconf 91' lang='lat' dir='ltr'><strong>ad</strong></span> <span class='ocrx_word' id='word_1_815' title='bbox 2819 4016 3067 4073; x_wconf 90' lang='lat' dir='ltr'><strong>virtutem</strong></span> <span class='ocrx_word' id='word_1_816' title='bbox 3100 4034 3115 4071; x_wconf 86' lang='lat'><strong>:</strong></span> <span class='ocrx_word' id='word_1_817' title='bbox 3143 4018 3246 4073; x_wconf 91' lang='lat' dir='ltr'><strong>hoc</strong></span> <span class='ocrx_word' id='word_1_818' title='bbox 3273 4018 3415 4074; x_wconf 90' lang='lat' dir='ltr'><strong>enim</strong></span> <span class='ocrx_word' id='word_1_819' title='bbox 3453 4028 3536 4074; x_wconf 92' lang='lat' dir='ltr'><strong>est</strong></span> <span class='ocrx_word' id='word_1_820' title='bbox 3562 4034 3657 4074; x_wconf 85' lang='lat' dir='ltr'><strong>so-</strong></span> 
     </span>
    </p>
   </div>
   <div class='ocr_carea' id='block_1_103' title="bbox 2072 4110 3653 4182">
    <p class='ocr_par' dir='ltr' id='par_1_103' title="bbox 2072 4110 3653 4182">
     <span class='ocr_line' id='line_1_103' title="bbox 2072 4110 3653 4182; baseline -0.001 -15"><span class='ocrx_word' id='word_1_821' title='bbox 2072 4126 2253 4167; x_wconf 87' lang='lat' dir='ltr'><strong>mnus.</strong></span> <span class='ocrx_word' id='word_1_822' title='bbox 2284 4111 2531 4177; x_wconf 89' lang='lat' dir='ltr'><strong>Nescitis,</strong></span> <span class='ocrx_word' id='word_1_823' title='bbox 2551 4110 2765 4181; x_wconf 88' lang='lat' dir='ltr'><strong>quando</strong></span> <span class='ocrx_word' id='word_1_824' title='bbox 2792 4110 3112 4178; x_wconf 89' lang='lat' dir='ltr'><strong>dormimus,</strong></span> <span class='ocrx_word' id='word_1_825' title='bbox 3143 4126 3302 4182; x_wconf 91' lang='lat' dir='ltr'><strong>quam</strong></span> <span class='ocrx_word' id='word_1_826' title='bbox 3332 4121 3513 4166; x_wconf 90' lang='lat' dir='ltr'><strong>nostra</strong></span> <span class='ocrx_word' id='word_1_827' title='bbox 3545 4126 3653 4167; x_wconf 90' lang='lat' dir='ltr'><strong>non</strong></span> 
     </span>
    </p>
   </div>
   <div class='ocr_carea' id='block_1_104' title="bbox 2072 4204 3655 4276">
    <p class='ocr_par' dir='ltr' id='par_1_104' title="bbox 2072 4204 3655 4276">
     <span class='ocr_line' id='line_1_104' title="bbox 2072 4204 3655 4276; baseline 0.001 -16"><span class='ocrx_word' id='word_1_828' title='bbox 2072 4207 2182 4260; x_wconf 91' lang='lat' dir='ltr'><strong>sint</strong></span> <span class='ocrx_word' id='word_1_829' title='bbox 2198 4207 2248 4259; x_wconf 93' lang='lat' dir='ltr'><strong>in</strong></span> <span class='ocrx_word' id='word_1_830' title='bbox 2276 4214 2410 4269; x_wconf 89' lang='lat' dir='ltr'><strong>tuto,</strong></span> <span class='ocrx_word' id='word_1_831' title='bbox 2440 4220 2598 4274; x_wconf 88' lang='lat' dir='ltr'><strong>quam</strong></span> <span class='ocrx_word' id='word_1_832' title='bbox 2624 4204 2777 4259; x_wconf 88' lang='lat' dir='ltr'><strong>facile</strong></span> <span class='ocrx_word' id='word_1_833' title='bbox 2797 4204 2875 4260; x_wconf 93' lang='lat' dir='ltr'><strong>eis</strong></span> <span class='ocrx_word' id='word_1_834' title='bbox 2898 4213 3153 4273; x_wconf 88' lang='lat' dir='ltr'><strong>parentur</strong></span> <span class='ocrx_word' id='word_1_835' title='bbox 3178 4205 3384 4260; x_wconf 78' lang='lat' dir='ltr'><strong>insidia:</strong></span> <span class='ocrx_word' id='word_1_836' title='bbox 3401 4206 3423 4259; x_wconf 89' lang='lat'><strong>?</strong></span> <span class='ocrx_word' id='word_1_837' title='bbox 3440 4206 3655 4276; x_wconf 92' lang='lat' dir='ltr'><strong>quando</strong></span> 
     </span>
    </p>
   </div>
   <div class='ocr_carea' id='block_1_105' title="bbox 2072 4296 3651 4365">
    <p class='ocr_par' dir='ltr' id='par_1_105' title="bbox 2072 4296 3651 4365">
     <span class='ocr_line' id='line_1_105' title="bbox 2072 4296 3651 4365; baseline 0.002 -14"><span class='ocrx_word' id='word_1_838' title='bbox 2072 4305 2249 4351; x_wconf 89' lang='lat' dir='ltr'><strong>autem</strong></span> <span class='ocrx_word' id='word_1_839' title='bbox 2273 4296 2554 4365; x_wconf 79' lang='lat' dir='ltr'><strong>vigilamus</strong></span> <span class='ocrx_word' id='word_1_840' title='bbox 2572 4337 2587 4362; x_wconf 91' lang='lat'><strong>,</strong></span> <span class='ocrx_word' id='word_1_841' title='bbox 2622 4310 2727 4350; x_wconf 92' lang='lat' dir='ltr'><strong>non</strong></span> <span class='ocrx_word' id='word_1_842' title='bbox 2760 4311 2895 4365; x_wconf 89' lang='lat' dir='ltr'><strong>opus</strong></span> <span class='ocrx_word' id='word_1_843' title='bbox 2923 4307 3007 4351; x_wconf 90' lang='lat' dir='ltr'><strong>est</strong></span> <span class='ocrx_word' id='word_1_844' title='bbox 3033 4296 3189 4351; x_wconf 90' lang='lat' dir='ltr'><strong>nobis</strong></span> <span class='ocrx_word' id='word_1_845' title='bbox 3217 4307 3360 4351; x_wconf 86' lang='lat' dir='ltr'><strong>tanta</strong></span> <span class='ocrx_word' id='word_1_846' title='bbox 3388 4298 3651 4354; x_wconf 87' lang='lat' dir='ltr'><strong>custodia.</strong></span> 
     </span>
    </p>
   </div>
   <div class='ocr_carea' id='block_1_106' title="bbox 2071 4387 3655 4459">
    <p class='ocr_par' dir='ltr' id='par_1_106' title="bbox 2071 4387 3655 4459">
     <span class='ocr_line' id='line_1_106' title="bbox 2071 4387 3655 4459; baseline 0.002 -17"><span class='ocrx_word' id='word_1_847' title='bbox 2071 4387 2295 4456; x_wconf 86' lang='lat' dir='ltr'><strong>Quando</strong></span> <span class='ocrx_word' id='word_1_848' title='bbox 2321 4388 2619 4443; x_wconf 89' lang='lat' dir='ltr'><strong>dormimus</strong></span> <span class='ocrx_word' id='word_1_849' title='bbox 2644 4429 2660 4455; x_wconf 92' lang='lat'><strong>,</strong></span> <span class='ocrx_word' id='word_1_850' title='bbox 2694 4388 2853 4442; x_wconf 87' lang='lat' dir='ltr'><strong>etiam</strong></span> <span class='ocrx_word' id='word_1_851' title='bbox 2884 4402 3007 4443; x_wconf 92' lang='lat' dir='ltr'><strong>cum</strong></span> <span class='ocrx_word' id='word_1_852' title='bbox 3034 4387 3201 4443; x_wconf 87' lang='lat' dir='ltr'><strong>multa</strong></span> <span class='ocrx_word' id='word_1_853' title='bbox 3240 4389 3482 4443; x_wconf 90' lang='lat' dir='ltr'><strong>custodia</strong></span> <span class='ocrx_word' id='word_1_854' title='bbox 3510 4404 3655 4459; x_wconf 65' lang='lat' dir='ltr'><strong>saepe</strong></span> 
     </span>
    </p>
   </div>
   <div class='ocr_carea' id='block_1_107' title="bbox 2071 4479 3653 4552">
    <p class='ocr_par' dir='ltr' id='par_1_107' title="bbox 2071 4479 3653 4552">
     <span class='ocr_line' id='line_1_107' title="bbox 2071 4479 3653 4552; baseline -0.001 -17"><span class='ocrx_word' id='word_1_855' title='bbox 2071 4481 2309 4552; x_wconf 89' lang='lat' dir='ltr'><strong>perimus</strong></span> <span class='ocrx_word' id='word_1_856' title='bbox 2348 4499 2361 4534; x_wconf 87' lang='lat'>:</span> <span class='ocrx_word' id='word_1_857' title='bbox 2390 4491 2516 4536; x_wconf 90' lang='lat' dir='ltr'><strong>sunt</strong></span> <span class='ocrx_word' id='word_1_858' title='bbox 2545 4490 2597 4534; x_wconf 89' lang='lat' dir='ltr'><strong>et</strong></span> <span class='ocrx_word' id='word_1_859' title='bbox 2628 4480 2765 4535; x_wconf 89' lang='lat' dir='ltr'><strong>ostia</strong></span> <span class='ocrx_word' id='word_1_860' title='bbox 2790 4490 2844 4535; x_wconf 90' lang='lat' dir='ltr'><strong>et</strong></span> <span class='ocrx_word' id='word_1_861' title='bbox 2868 4489 3049 4535; x_wconf 88' lang='lat' dir='ltr'><strong>vectes</strong></span> <span class='ocrx_word' id='word_1_862' title='bbox 3075 4489 3131 4535; x_wconf 91' lang='lat' dir='ltr'><strong>et</strong></span> <span class='ocrx_word' id='word_1_863' title='bbox 3159 4479 3408 4535; x_wconf 82' lang='lat' dir='ltr'><strong>euStodes</strong></span> <span class='ocrx_word' id='word_1_864' title='bbox 3432 4487 3489 4535; x_wconf 88' lang='lat' dir='ltr'><strong>et</strong></span> <span class='ocrx_word' id='word_1_865' title='bbox 3518 4480 3653 4550; x_wconf 84' lang='lat' dir='ltr'><strong>vigi-</strong></span> 
     </span>
    </p>
   </div>
   <div class='ocr_carea' id='block_1_108' title="bbox 2070 4570 3653 4643">
    <p class='ocr_par' dir='ltr' id='par_1_108' title="bbox 2070 4570 3653 4643">
     <span class='ocr_line' id='line_1_108' title="bbox 2070 4570 3653 4643; baseline -0.002 -12"><span class='ocrx_word' id='word_1_866' title='bbox 2070 4577 2149 4631; x_wconf 90' lang='lat' dir='ltr'><strong>les</strong></span> <span class='ocrx_word' id='word_1_867' title='bbox 2169 4593 2182 4641; x_wconf 92' lang='lat'><strong>;</strong></span> <span class='ocrx_word' id='word_1_868' title='bbox 2205 4584 2260 4631; x_wconf 90' lang='lat' dir='ltr'><strong>et</strong></span> <span class='ocrx_word' id='word_1_869' title='bbox 2280 4585 2455 4629; x_wconf 90' lang='lat' dir='ltr'><strong>tamen</strong></span> <span class='ocrx_word' id='word_1_870' title='bbox 2477 4573 2561 4629; x_wconf 86' lang='lat' dir='ltr'><strong>fur</strong></span> <span class='ocrx_word' id='word_1_871' title='bbox 2586 4572 2920 4643; x_wconf 73' lang='lat' dir='ltr'><strong>ingreditur‘.</strong></span> <span class='ocrx_word' id='word_1_872' title='bbox 2938 4571 3046 4641; x_wconf 88' lang='lat' dir='ltr'><strong>Cur</strong></span> <span class='ocrx_word' id='word_1_873' title='bbox 3064 4571 3181 4627; x_wconf 69' lang='lat' dir='ltr'><strong>hmc</strong></span> <span class='ocrx_word' id='word_1_874' title='bbox 3203 4570 3367 4626; x_wconf 85' lang='lat' dir='ltr'><strong>dico?</strong></span> <span class='ocrx_word' id='word_1_875' title='bbox 3391 4571 3653 4640; x_wconf 81' lang='lat' dir='ltr'><strong>Quoniam</strong></span> 
     </span>
    </p>
   </div>
   <div class='ocr_carea' id='block_1_109' title="bbox 2069 4664 3653 4738">
    <p class='ocr_par' dir='ltr' id='par_1_109' title="bbox 2069 4664 3653 4738">
     <span class='ocr_line' id='line_1_109' title="bbox 2069 4664 3653 4738; baseline -0.004 -14"><span class='ocrx_word' id='word_1_876' title='bbox 2069 4669 2116 4724; x_wconf 92' lang='lat' dir='ltr'><strong>si</strong></span> <span class='ocrx_word' id='word_1_877' title='bbox 2146 4668 2425 4738; x_wconf 87' lang='lat' dir='ltr'><strong>vigilemus</strong></span> <span class='ocrx_word' id='word_1_878' title='bbox 2449 4708 2464 4732; x_wconf 94' lang='lat'><strong>,</strong></span> <span class='ocrx_word' id='word_1_879' title='bbox 2500 4681 2603 4720; x_wconf 92' lang='lat' dir='ltr'><strong>non</strong></span> <span class='ocrx_word' id='word_1_880' title='bbox 2631 4665 2905 4735; x_wconf 89' lang='lat' dir='ltr'><strong>egebimus</strong></span> <span class='ocrx_word' id='word_1_881' title='bbox 2934 4666 3158 4719; x_wconf 91' lang='lat' dir='ltr'><strong>aliorum</strong></span> <span class='ocrx_word' id='word_1_882' title='bbox 3186 4664 3383 4718; x_wconf 84' lang='lat' dir='ltr'><strong>auxilio</strong></span> <span class='ocrx_word' id='word_1_883' title='bbox 3410 4682 3424 4718; x_wconf 92' lang='lat'>:</span> <span class='ocrx_word' id='word_1_884' title='bbox 3448 4665 3531 4719; x_wconf 90' lang='lat' dir='ltr'><strong>sin</strong></span> <span class='ocrx_word' id='word_1_885' title='bbox 3556 4680 3653 4718; x_wconf 88' lang='lat' dir='ltr'><strong>au-</strong></span> 
     </span>
    </p>
   </div>
   <div class='ocr_carea' id='block_1_110' title="bbox 2070 4755 3653 4825">
    <p class='ocr_par' dir='ltr' id='par_1_110' title="bbox 2070 4755 3653 4825">
     <span class='ocr_line' id='line_1_110' title="bbox 2070 4755 3653 4825; baseline -0.002 -12"><span class='ocrx_word' id='word_1_886' title='bbox 2070 4770 2176 4815; x_wconf 88' lang='lat' dir='ltr'><strong>tem</strong></span> <span class='ocrx_word' id='word_1_887' title='bbox 2217 4758 2585 4823; x_wconf 89' lang='lat' dir='ltr'><strong>dormiamus,</strong></span> <span class='ocrx_word' id='word_1_888' title='bbox 2624 4757 2753 4811; x_wconf 92' lang='lat' dir='ltr'><strong>nihil</strong></span> <span class='ocrx_word' id='word_1_889' title='bbox 2795 4756 2949 4810; x_wconf 90' lang='lat' dir='ltr'><strong>nobis</strong></span> <span class='ocrx_word' id='word_1_890' title='bbox 2984 4755 3213 4825; x_wconf 88' lang='lat' dir='ltr'><strong>prodest</strong></span> <span class='ocrx_word' id='word_1_891' title='bbox 3238 4755 3468 4810; x_wconf 90' lang='lat' dir='ltr'><strong>aliorum</strong></span> <span class='ocrx_word' id='word_1_892' title='bbox 3499 4755 3653 4810; x_wconf 82' lang='lat' dir='ltr'><strong>auxi-</strong></span> 
     </span>
    </p>
   </div>
   <div class='ocr_carea' id='block_1_111' title="bbox 2067 4846 3648 4917">
    <p class='ocr_par' dir='ltr' id='par_1_111' title="bbox 2067 4846 3648 4917">
     <span class='ocr_line' id='line_1_111' title="bbox 2067 4846 3648 4917; baseline -0.003 -12"><span class='ocrx_word' id='word_1_893' title='bbox 2067 4850 2199 4905; x_wconf 88' lang='lat' dir='ltr'><strong>lium</strong></span> <span class='ocrx_word' id='word_1_894' title='bbox 2226 4891 2243 4917; x_wconf 89' lang='lat'><strong>,</strong></span> <span class='ocrx_word' id='word_1_895' title='bbox 2272 4850 2366 4905; x_wconf 89' lang='lat' dir='ltr'><strong>sed</strong></span> <span class='ocrx_word' id='word_1_896' title='bbox 2412 4849 2574 4904; x_wconf 90' lang='lat' dir='ltr'><strong>etiam</strong></span> <span class='ocrx_word' id='word_1_897' title='bbox 2603 4864 2725 4902; x_wconf 90' lang='lat' dir='ltr'><strong>cum</strong></span> <span class='ocrx_word' id='word_1_898' title='bbox 2767 4848 2859 4902; x_wconf 91' lang='lat' dir='ltr'><strong>illo</strong></span> <span class='ocrx_word' id='word_1_899' title='bbox 2893 4846 3147 4917; x_wconf 80' lang='lat' dir='ltr'><strong>perimus.</strong></span> <span class='ocrx_word' id='word_1_900' title='bbox 3180 4846 3386 4901; x_wconf 90' lang='lat' dir='ltr'><strong>Bonum</strong></span> <span class='ocrx_word' id='word_1_901' title='bbox 3426 4855 3510 4901; x_wconf 87' lang='lat' dir='ltr'><strong>est</strong></span> <span class='ocrx_word' id='word_1_902' title='bbox 3548 4846 3648 4900; x_wconf 87' lang='lat' dir='ltr'><strong>frui</strong></span> 
     </span>
    </p>
   </div>
   <div class='ocr_carea' id='block_1_112' title="bbox 2067 4938 3649 5011">
    <p class='ocr_par' dir='ltr' id='par_1_112' title="bbox 2067 4938 3649 5011">
     <span class='ocr_line' id='line_1_112' title="bbox 2067 4938 3649 5011; baseline -0.002 -13"><span class='ocrx_word' id='word_1_903' title='bbox 2067 4954 2372 4999; x_wconf 89' lang='lat' dir='ltr'><strong>sanctorum</strong></span> <span class='ocrx_word' id='word_1_904' title='bbox 2406 4941 2653 5011; x_wconf 89' lang='lat' dir='ltr'><strong>precibus</strong></span> <span class='ocrx_word' id='word_1_905' title='bbox 2675 4983 2689 5005; x_wconf 94' lang='lat'><strong>,</strong></span> <span class='ocrx_word' id='word_1_906' title='bbox 2719 4940 2811 4996; x_wconf 90' lang='lat' dir='ltr'><strong>sed</strong></span> <span class='ocrx_word' id='word_1_907' title='bbox 2851 4955 2971 4994; x_wconf 92' lang='lat' dir='ltr'><strong>cum</strong></span> <span class='ocrx_word' id='word_1_908' title='bbox 3002 4940 3104 5009; x_wconf 91' lang='lat' dir='ltr'><strong>ipsi</strong></span> <span class='ocrx_word' id='word_1_909' title='bbox 3145 4954 3358 5009; x_wconf 88' lang='lat' dir='ltr'><strong>quoque</strong></span> <span class='ocrx_word' id='word_1_910' title='bbox 3388 4938 3649 4995; x_wconf 71' lang='lat' dir='ltr'><strong>fuerimus</strong></span> 
     </span>
    </p>
   </div>
   <div class='ocr_carea' id='block_1_113' title="bbox 2066 5033 3648 5107">
    <p class='ocr_par' dir='ltr' id='par_1_113' title="bbox 2066 5033 3648 5107">
     <span class='ocr_line' id='line_1_113' title="bbox 2066 5033 3648 5107; baseline -0.004 -15"><span class='ocrx_word' id='word_1_911' title='bbox 2066 5038 2255 5093; x_wconf 89' lang='lat' dir='ltr'><strong>intenti</strong></span> <span class='ocrx_word' id='word_1_912' title='bbox 2287 5037 2457 5107; x_wconf 90' lang='lat' dir='ltr'><strong>operi.</strong></span> <span class='ocrx_word' id='word_1_913' title='bbox 2494 5036 2561 5089; x_wconf 87' lang='lat' dir='ltr'><strong>Et</strong></span> <span class='ocrx_word' id='word_1_914' title='bbox 2589 5034 2716 5104; x_wconf 90' lang='lat' dir='ltr'><strong>quid</strong></span> <span class='ocrx_word' id='word_1_915' title='bbox 2746 5033 2897 5099; x_wconf 87' lang='lat' dir='ltr'><strong>mihi,</strong></span> <span class='ocrx_word' id='word_1_916' title='bbox 2929 5033 3121 5103; x_wconf 90' lang='lat' dir='ltr'><strong>inquit,</strong></span> <span class='ocrx_word' id='word_1_917' title='bbox 3151 5048 3285 5102; x_wconf 92' lang='lat' dir='ltr'><strong>opus</strong></span> <span class='ocrx_word' id='word_1_918' title='bbox 3312 5042 3395 5088; x_wconf 89' lang='lat' dir='ltr'><strong>est</strong></span> <span class='ocrx_word' id='word_1_919' title='bbox 3419 5034 3648 5088; x_wconf 80' lang='lat' dir='ltr'><strong>altorum</strong></span> 
     </span>
    </p>
   </div>
   <div class='ocr_carea' id='block_1_114' title="bbox 2065 5125 3650 5199">
    <p class='ocr_par' dir='ltr' id='par_1_114' title="bbox 2065 5125 3650 5199">
     <span class='ocr_line' id='line_1_114' title="bbox 2065 5125 3650 5199; baseline -0.003 -16"><span class='ocrx_word' id='word_1_920' title='bbox 2065 5130 2339 5199; x_wconf 89' lang='lat' dir='ltr'><strong>precibus,</strong></span> <span class='ocrx_word' id='word_1_921' title='bbox 2371 5144 2492 5185; x_wconf 91' lang='lat' dir='ltr'><strong>cum</strong></span> <span class='ocrx_word' id='word_1_922' title='bbox 2525 5127 2678 5181; x_wconf 88' lang='lat' dir='ltr'><strong>fuero</strong></span> <span class='ocrx_word' id='word_1_923' title='bbox 2708 5127 2944 5181; x_wconf 88' lang='lat' dir='ltr'><strong>intentus</strong></span> <span class='ocrx_word' id='word_1_924' title='bbox 2977 5125 3148 5195; x_wconf 90' lang='lat' dir='ltr'><strong>operi,</strong></span> <span class='ocrx_word' id='word_1_925' title='bbox 3180 5140 3279 5181; x_wconf 89' lang='lat' dir='ltr'><strong>nec</strong></span> <span class='ocrx_word' id='word_1_926' title='bbox 3304 5140 3393 5179; x_wconf 89' lang='lat' dir='ltr'><strong>me</strong></span> <span class='ocrx_word' id='word_1_927' title='bbox 3416 5140 3482 5180; x_wconf 91' lang='lat' dir='ltr'><strong>eo</strong></span> <span class='ocrx_word' id='word_1_928' title='bbox 3507 5126 3650 5180; x_wconf 56' lang='lat' dir='ltr'><strong>redi-</strong></span> 
     </span>
    </p>
   </div>
   <div class='ocr_carea' id='block_1_115' title="bbox 2063 5215 3645 5289">
    <p class='ocr_par' dir='ltr' id='par_1_115' title="bbox 2063 5215 3645 5289">
     <span class='ocr_line' id='line_1_115' title="bbox 2063 5215 3645 5289; baseline -0.004 -16"><span class='ocrx_word' id='word_1_929' title='bbox 2063 5236 2207 5289; x_wconf 81' lang='lat' dir='ltr'><strong>gam,</strong></span> <span class='ocrx_word' id='word_1_930' title='bbox 2238 5231 2297 5273; x_wconf 90' lang='lat' dir='ltr'><strong>ut</strong></span> <span class='ocrx_word' id='word_1_931' title='bbox 2327 5235 2462 5288; x_wconf 86' lang='lat' dir='ltr'><strong>opus</strong></span> <span class='ocrx_word' id='word_1_932' title='bbox 2502 5218 2725 5272; x_wconf 86' lang='lat' dir='ltr'><strong>habeam</strong></span> <span class='ocrx_word' id='word_1_933' title='bbox 2758 5217 2780 5270; x_wconf 88' lang='lat'><strong>?</strong></span> <span class='ocrx_word' id='word_1_934' title='bbox 2805 5216 2913 5271; x_wconf 92' lang='lat' dir='ltr'><strong>Nec</strong></span> <span class='ocrx_word' id='word_1_935' title='bbox 2940 5231 3041 5287; x_wconf 88' lang='lat' dir='ltr'><strong>ego</strong></span> <span class='ocrx_word' id='word_1_936' title='bbox 3083 5215 3296 5285; x_wconf 89' lang='lat' dir='ltr'><strong>quidem</strong></span> <span class='ocrx_word' id='word_1_937' title='bbox 3343 5215 3447 5269; x_wconf 88' lang='lat' dir='ltr'><strong>hoc</strong></span> <span class='ocrx_word' id='word_1_938' title='bbox 3477 5217 3599 5269; x_wconf 88' lang='lat' dir='ltr'><strong>volo</strong></span> <span class='ocrx_word' id='word_1_939' title='bbox 3628 5232 3645 5279; x_wconf 89' lang='lat'><strong>;</strong></span> 
     </span>
    </p>
   </div>
   <div class='ocr_carea' id='block_1_116' title="bbox 2063 5305 3647 5381">
    <p class='ocr_par' dir='ltr' id='par_1_116' title="bbox 2063 5305 3647 5381">
     <span class='ocr_line' id='line_1_116' title="bbox 2063 5305 3647 5381; baseline -0.004 -13"><span class='ocrx_word' id='word_1_940' title='bbox 2063 5311 2158 5368; x_wconf 87' lang='lat' dir='ltr'><strong>sed</strong></span> <span class='ocrx_word' id='word_1_941' title='bbox 2185 5326 2324 5381; x_wconf 82' lang='lat' dir='ltr'><strong>Opus</strong></span> <span class='ocrx_word' id='word_1_942' title='bbox 2351 5324 2569 5379; x_wconf 90' lang='lat' dir='ltr'><strong>semper</strong></span> <span class='ocrx_word' id='word_1_943' title='bbox 2595 5308 2874 5373; x_wconf 87' lang='lat' dir='ltr'><strong>habemus,</strong></span> <span class='ocrx_word' id='word_1_944' title='bbox 2903 5307 2948 5362; x_wconf 92' lang='lat' dir='ltr'><strong>si</strong></span> <span class='ocrx_word' id='word_1_945' title='bbox 2980 5306 3271 5376; x_wconf 88' lang='lat' dir='ltr'><strong>sapiamus.</strong></span> <span class='ocrx_word' id='word_1_946' title='bbox 3317 5305 3512 5360; x_wconf 86' lang='lat' dir='ltr'><strong>Paulus</strong></span> <span class='ocrx_word' id='word_1_947' title='bbox 3538 5322 3647 5361; x_wconf 87' lang='lat' dir='ltr'><strong>non</strong></span> 
     </span>
    </p>
   </div>
   <div class='ocr_carea' id='block_1_117' title="bbox 2128 5460 3642 5525">
    <p class='ocr_par' dir='ltr' id='par_1_117' title="bbox 2128 5460 3642 5525">
     <span class='ocr_line' id='line_1_117' title="bbox 2128 5460 3642 5525; baseline 0 -13"><span class='ocrx_word' id='word_1_948' title='bbox 2128 5468 2143 5496; x_wconf 75' lang='grc'>³</span> <span class='ocrx_word' id='word_1_949' title='bbox 2179 5463 2236 5512; x_wconf 89' lang='lat' dir='ltr'><strong>In</strong></span> <span class='ocrx_word' id='word_1_950' title='bbox 2261 5462 2396 5514; x_wconf 91' lang='lat' dir='ltr'><strong>Colb.</strong></span> <span class='ocrx_word' id='word_1_951' title='bbox 2420 5462 2706 5525; x_wconf 85' lang='lat' dir='ltr'><strong>legitur.....</strong></span> <span class='ocrx_word' id='word_1_952' title='bbox 2753 5474 2850 5512; x_wconf 87' lang='lat' dir='ltr'><strong>non</strong></span> <span class='ocrx_word' id='word_1_953' title='bbox 2870 5474 2989 5525; x_wconf 87' lang='lat' dir='ltr'><strong>opus</strong></span> <span class='ocrx_word' id='word_1_954' title='bbox 3006 5467 3076 5512; x_wconf 86' lang='lat' dir='ltr'><strong>est</strong></span> <span class='ocrx_word' id='word_1_955' title='bbox 3098 5460 3233 5513; x_wconf 85' lang='lat' dir='ltr'><strong>nobis</strong></span> <span class='ocrx_word' id='word_1_956' title='bbox 3249 5467 3379 5525; x_wconf 88' lang='lat' dir='ltr'><strong>tanta</strong></span> <span class='ocrx_word' id='word_1_957' title='bbox 3403 5461 3642 5525; x_wconf 83' lang='lat' dir='ltr'><strong>custodia.</strong></span> 
     </span>
    </p>
   </div>
   <div class='ocr_carea' id='block_1_118' title="bbox 2061 5522 3645 5586">
    <p class='ocr_par' dir='ltr' id='par_1_118' title="bbox 2061 5522 3645 5586">
     <span class='ocr_line' id='line_1_118' title="bbox 2061 5522 3645 5586; baseline -0.003 -12"><span class='ocrx_word' id='word_1_958' title='bbox 2061 5532 2178 5585; x_wconf 73' lang='grc' dir='ltr'><strong>φησι</strong></span> <span class='ocrx_word' id='word_1_959' title='bbox 2201 5532 2246 5574; x_wconf 86' lang='lat' dir='ltr'><strong>et</strong></span> <span class='ocrx_word' id='word_1_960' title='bbox 2269 5534 2446 5586; x_wconf 84' lang='lat' dir='ltr'><strong>quanta</strong></span> <span class='ocrx_word' id='word_1_961' title='bbox 2458 5522 2675 5585; x_wconf 67' lang='lat' dir='ltr'><strong>quidam,</strong></span> <span class='ocrx_word' id='word_1_962' title='bbox 2689 5522 2922 5574; x_wconf 68' lang='lat' dir='ltr'><strong>custodiae</strong></span> <span class='ocrx_word' id='word_1_963' title='bbox 2945 5536 3108 5583; x_wconf 80' lang='lat' dir='ltr'><strong>causa,</strong></span> <span class='ocrx_word' id='word_1_964' title='bbox 3120 5524 3463 5586; x_wconf 70' lang='lat' dir='ltr'><strong>excogitantur</strong></span> <span class='ocrx_word' id='word_1_965' title='bbox 3475 5522 3501 5572; x_wconf 74' lang='lat'><strong>.’</strong></span> <span class='ocrx_word' id='word_1_966' title='bbox 3528 5532 3645 5573; x_wconf 71' lang='lat' dir='ltr'><strong>rer-</strong></span> 
     </span>
    </p>
   </div>
   <div class='ocr_carea' id='block_1_119' title="bbox 2063 5584 3646 5650">
    <p class='ocr_par' dir='ltr' id='par_1_119' title="bbox 2063 5584 3646 5650">
     <span class='ocr_line' id='line_1_119' title="bbox 2063 5584 3646 5650; baseline -0.002 -13"><span class='ocrx_word' id='word_1_967' title='bbox 2063 5584 2110 5637; x_wconf 87' lang='lat' dir='ltr'><strong>bi</strong></span> <span class='ocrx_word' id='word_1_968' title='bbox 2141 5584 2300 5650; x_wconf 84' lang='lat' dir='ltr'><strong>gratia</strong></span> <span class='ocrx_word' id='word_1_969' title='bbox 2322 5626 2336 5645; x_wconf 90' lang='lat'><strong>,</strong></span> <span class='ocrx_word' id='word_1_970' title='bbox 2355 5584 2496 5650; x_wconf 80' lang='lat' dir='ltr'><strong>ostia,</strong></span> <span class='ocrx_word' id='word_1_971' title='bbox 2526 5584 2695 5650; x_wconf 77' lang='lat' dir='ltr'><strong>vectes,</strong></span> <span class='ocrx_word' id='word_1_972' title='bbox 2718 5588 2939 5650; x_wconf 82' lang='lat' dir='ltr'><strong>custodes</strong></span> <span class='ocrx_word' id='word_1_973' title='bbox 2959 5592 3006 5636; x_wconf 87' lang='lat' dir='ltr'><strong>et</strong></span> <span class='ocrx_word' id='word_1_974' title='bbox 3032 5584 3198 5650; x_wconf 78' lang='lat' dir='ltr'><strong>vigiles</strong></span> <span class='ocrx_word' id='word_1_975' title='bbox 3222 5584 3314 5636; x_wconf 47' lang='lat' dir='ltr'><strong>:‘et</strong></span> <span class='ocrx_word' id='word_1_976' title='bbox 3330 5593 3646 5650; x_wconf 56' lang='lat' dir='ltr'><strong>transducunt</strong></span> 
     </span>
    </p>
   </div>
   <div class='ocr_carea' id='block_1_120' title="bbox 2059 5647 3642 5712">
    <p class='ocr_par' dir='ltr' id='par_1_120' title="bbox 2059 5647 3642 5712">
     <span class='ocr_line' id='line_1_120' title="bbox 2059 5647 3642 5712; baseline -0.002 -14"><span class='ocrx_word' id='word_1_977' title='bbox 2059 5647 2195 5712; x_wconf 76' lang='lat' dir='ltr'><strong>tanta</strong></span> <span class='ocrx_word' id='word_1_978' title='bbox 2215 5648 2433 5712; x_wconf 86' lang='lat' dir='ltr'><strong>custodia</strong></span> <span class='ocrx_word' id='word_1_979' title='bbox 2453 5685 2465 5708; x_wconf 93' lang='lat'><strong>,</strong></span> <span class='ocrx_word' id='word_1_980' title='bbox 2494 5649 2575 5709; x_wconf 81' lang='lat' dir='ltr'><strong>fur</strong></span> <span class='ocrx_word' id='word_1_981' title='bbox 2598 5647 2890 5712; x_wconf 80' lang='lat' dir='ltr'><strong>ingreditur.</strong></span> <span class='ocrx_word' id='word_1_982' title='bbox 2922 5647 3208 5712; x_wconf 10' lang='lat' dir='ltr'><strong>Quaerlectio</strong></span> <span class='ocrx_word' id='word_1_983' title='bbox 3229 5649 3434 5710; x_wconf 86' lang='lat' dir='ltr'><strong>quadrat</strong></span> <span class='ocrx_word' id='word_1_984' title='bbox 3464 5648 3523 5695; x_wconf 89' lang='lat' dir='ltr'><strong>ad</strong></span> <span class='ocrx_word' id='word_1_985' title='bbox 3559 5659 3642 5695; x_wconf 86' lang='lat' dir='ltr'><strong>se-</strong></span> 
     </span>
    </p>
   </div>
   <div class='ocr_carea' id='block_1_121' title="bbox 2056 5709 3647 5773">
    <p class='ocr_par' dir='ltr' id='par_1_121' title="bbox 2056 5709 3647 5773">
     <span class='ocr_line' id='line_1_121' title="bbox 2056 5709 3647 5773; baseline -0.003 -12"><span class='ocrx_word' id='word_1_986' title='bbox 2056 5709 2183 5761; x_wconf 89' lang='lat' dir='ltr'><strong>riem</strong></span> <span class='ocrx_word' id='word_1_987' title='bbox 2203 5725 2216 5770; x_wconf 94' lang='lat'><strong>;</strong></span> <span class='ocrx_word' id='word_1_988' title='bbox 2240 5711 2329 5759; x_wconf 88' lang='lat' dir='ltr'><strong>sed</strong></span> <span class='ocrx_word' id='word_1_989' title='bbox 2354 5718 2516 5773; x_wconf 79' lang='lat' dir='ltr'><strong>nostra</strong></span> <span class='ocrx_word' id='word_1_990' title='bbox 2543 5722 2619 5759; x_wconf 83' lang='lat' dir='ltr'><strong>est</strong></span> <span class='ocrx_word' id='word_1_991' title='bbox 2643 5709 2885 5760; x_wconf 74' lang='lat' dir='ltr'><strong>editorum</strong></span> <span class='ocrx_word' id='word_1_992' title='bbox 2923 5711 3174 5772; x_wconf 85' lang='lat' dir='ltr'><strong>omnium,</strong></span> <span class='ocrx_word' id='word_1_993' title='bbox 3200 5709 3406 5773; x_wconf 82' lang='lat' dir='ltr'><strong>eamque</strong></span> <span class='ocrx_word' id='word_1_994' title='bbox 3445 5716 3647 5759; x_wconf 87' lang='lat' dir='ltr'><strong>secutus</strong></span> 
     </span>
    </p>
   </div>
   <div class='ocr_carea' id='block_1_122' title="bbox 2063 5772 2708 5825">
    <p class='ocr_par' dir='ltr' id='par_1_122' title="bbox 2063 5772 2708 5825">
     <span class='ocr_line' id='line_1_122' title="bbox 2063 5772 2708 5825; baseline 0.002 -2"><span class='ocrx_word' id='word_1_995' title='bbox 2063 5781 2140 5825; x_wconf 83' lang='lat' dir='ltr'><strong>est</strong></span> <span class='ocrx_word' id='word_1_996' title='bbox 2163 5774 2427 5824; x_wconf 80' lang='lat' dir='ltr'><strong>chtianus</strong></span> <span class='ocrx_word' id='word_1_997' title='bbox 2445 5772 2708 5824; x_wconf 81' lang='lat' dir='ltr'><strong>llervetus.</strong></span> 
     </span>
    </p>
   </div>
  </div>
