4128 6398
410 369 517 426 ’.593

407 500 538 547 νον,
572 480 728 536 ἀλλὰ
758 481 855 535 καί
882 480 951 534 ἐν
971 480 1239 552 δυνάμει,
1270 481 1372 537 καὶ
1403 483 1474 536 ἐν
1502 483 1799 552 Πνεύματι
1823 479 1989 549 ἁγίῳ,

409 570 509 624 καί
551 571 622 623 ἐν
659 571 1036 639 πληροφορίᾳ
1081 570 1320 639 πολλῇ·
1373 570 1567 636 καθὼς
1629 570 1828 625 οἴδατε
1877 561 1991 620 οἷοι

407 659 775 727 ἐγενήθημεν
796 658 867 710 ἐν
890 658 1034 726 ἡμῖν
1061 657 1235 727 ὑμᾶς.
1264 658 1329 710 Τί
1361 660 1509 711 ἐστιν
1534 657 1563 710 6
1591 658 1755 725 λέγει’
1786 655 1994 709 Οἴδατε

411 742 525 800 οἷοι
555 744 925 814 ἐγενήθημεν
960 745 1033 797 ἐν
1052 745 1196 814 ὑμῖν
1212 761 1231 808 ;
1274 744 1543 798 Ἐνταῦθα
1570 744 1668 797 καὶ
1694 741 1803 794 τῶν
1830 739 1993 795 αὐτοῦ

410 833 853 903 κατορθωμάτων
890 832 1142 897 ἅπτεται,
1168 833 1282 886 ἀλλ’
1321 832 1773 901 ἐπεσκιασμένως
1795 846 1806 858 ’
1873 828 1997 899 βού-

410 920 563 973 λεται
589 920 698 990 γὰρ
729 919 993 991 πρότερον
1013 922 1125 983 τοῖς
1158 920 1383 973 ἐκείνων
1413 919 1713 989 ἐγκωμίοις
1773 916 1997 983 ἐπεξελ-

410 1008 543 1062 θεῖν.
581 1010 646 1061 Ὃ
673 1009 729 1060 δὲ
758 1008 926 1074 λέγει,
972 1007 1215 1061 τοιοῦτόν
1270 1009 1437 1060 ἐστιν’
1474 1007 1732 1078 ᾜδειμεν
1765 1005 1847 1057 ὅτι
1886 1004 1996 1056 τῶν

410 1096 673 1163 γενναίων
701 1091 800 1165 ἦτε
827 1096 921 1148 καὶ
966 1094 1218 1165 μεγάλων
1260 1095 1492 1166 ἀνδρῶν,
1550 1096 1633 1149 ὅτι
1683 1094 1791 1147 τῶν
1842 1092 1995 1146 ἐκλε-

410 1185 593 1237 κτῶν-
629 1183 719 1235 διά
761 1181 911 1254 [428]
948 1182 1109 1235 τοῦτο
1152 1183 1250 1235 καὶ
1304 1183 1465 1251 ἡμεῖς
1509 1182 1686 1235 πάντα
1732 1181 1997 1250 ὑπομένο-

412 1288 515 1342 μεν
542 1271 609 1323 δι’
629 1271 806 1341 -ὐμᾶς,
838 1270 912 1322 Τὸ
954 1269 1085 1340 γάρ,
1141 1265 1264 1323 οἶοι
1296 1268 1668 1339 ἐγενήθημεν
1721 1268 1792 1321 ἐν
1823 1267 1989 1336 ὑμῖν,

409 1359 570 1412 τοῦτό
598 1360 719 1413 ἐστι
743 1357 1050 1430 δηλοῦντος,
1090 1358 1173 1411 ὅτι
1234 1358 1372 1429 μετὰ
1424 1357 1628 1427 πολλῆς
1684 1355 1994 1427 προθυμίας

410 1449 508 1500 καὶ
544 1446 745 1516 πολλῆς
781 1446 1140 1518 σφοδρότητος
1171 1445 1381 1515 ἕτοιμοί
1433 1447 1601 1516 ἐσμεν
1653 1445 1752 1507 τὰς
1818 1442 1995 1513 ψυχὰς

410 1534 571 1604 ἡμῶν
616 1534 864 1588 ἐκδοῦναι
904 1534 970 1587 δι’
1001 1535 1148 1604 ὑμᾶς
1177 1551 1192 1565 ·
1240 1534 1336 1586 καὶ
1380 1532 1575 1586 τούτου
1650 1532 1707 1585 δὲ
1743 1532 1843 1602 οὐχ
1866 1532 1996 1601 ἡμῖν

410 1623 590 1694 χάρις,
637 1622 751 1675 ἀλλ’
783 1623 931 1693 ὑμῖν,
967 1622 1051 1675 ὅτι
1081 1622 1328 1675 ἐκλεκτοὶ
1365 1616 1485 1693 ἦτε.
1524 1620 1625 1675 Διά
1685 1619 1844 1673 τοῦτο
1902 1618 1995 1671 καὶ

408 1708 644 1778 ἀλλαχοῦ
675 1725 809 1779 φησι
831 1727 845 1740 ·
876 1709 990 1762 Καὶ
1026 1709 1215 1763 ταῦτα
1246 1708 1463 1776 πάσχω
1494 1706 1594 1761 διὰ
1636 1706 1779 1771 τοὺς
1826 1706 1996 1759 ἐκλε-

410 1800 613 1864 κτούς.
650 1797 821 1870 ’Υπὲρ
849 1798 958 1869 γὰρ
986 1798 1094 1851 τῶν
1113 1798 1209 1851 τοῦ
1240 1798 1378 1850 Θεοῦ
1404 1796 1705 1869 ἀγαπητῶν
1732 1795 1785 1849 τί
1806 1796 1906 1849 οὐκ
1934 1795 1998 1848 ἄν

408 1902 495 1948 τις
525 1885 688 1940 πάθοι
713 1901 728 1950 ;
759 1887 870 1939 Καὶ
895 1888 1064 1939 είπὼν
1104 1886 1164 1939 τὸ
1193 1886 1381 1950 αὐτοῦ,
1415 1884 1695 1956 μονονουχί
1724 1900 1903 1955 φησιν·
1937 1882 1998 1935 Εἰ

411 1975 522 2043 γάρ
556 1974 650 2027 καὶ
684 1974 959 2045 ἀγαπητοὶ
986 1975 1079 2027 καὶ
1107 1974 1371 2037 ἐκλεκτοὶ,
1403 1974 1581 2027 πάντα
1610 1971 1834 2033 εἰκότως
1865 1970 1997 2022 ὐπο-

415 2063 675 2132 μένομεν.
730 2063 807 2114 Οὐ
854 2062 963 2132 γὰρ
996 2062 1060 2132 δὴ
1107 2061 1169 2115 τὸ
1222 2063 1464 2115 ἐπαινεῖν
1531 2060 1732 2123 αὐτοὺς
1790 2057 1997 2129 ἐρρών-

413 2168 505 2203 νυε
549 2150 730 2221 μόνον,
762 2150 899 2204 ἀλλά
926 2150 1020 2203 καὶ
1050 2150 1112 2202 τὸ
1155 2150 1620 2220 ὑπομιμνήσκειν,
1653 2149 1735 2201 ὅτι
1764 2148 1859 2200 καὶ
1904 2148 2001 2211 06-

410 2239 496 2291 τοὶ
529 2238 628 2305 τῆς
668 2237 892 2291 ἐκείνων
920 2237 1230 2310 προθυμίας
1280 2230 1603 2308 ἀντίρροπον
1631 2235 1878 2306 ἀνδρείαν
1905 2236 2003 2287 ἐπ-

304 2350 313 2359 ·
413 2324 699 2390 εδείξαντο.
739 2323 877 2393 Φησὶ
918 2324 1049 2394 γοῦν
1076 2340 1090 2355 °
1154 2324 1265 2379 Καὶ
1327 2324 1498 2394 ὑμεῖς
1531 2323 1777 2394 μιμηταὶ
1834 2321 2003 2392 ἡμῶν

412 2412 735 2482 ἐγενήθητε
763 2412 862 2466 καὶ
892 2412 999 2466 τοῦ
1039 2413 1284 2480 Κυρίου,
1316 2411 1631 2481 δεξάμενοι
1661 2412 1769 2465 τὸν
1815 2414 2002 2479 λόγον

411 2497 483 2550 ἐν
528 2498 733 2566 θλίψει
773 2494 1000 2564 πολλῇ,
1031 2495 1185 2565 μετὰ
1220 2495 1408 2565 χαρᾶς
1437 2496 1783 2567 Πνεύματος
1804 2496 1998 2564 ἁγίου.

413 2587 619 2642 Βασαίί
656 2588 823 2642 πόσον
866 2588 926 2640 τὸ
983 2586 1296 2658 ἐγκώμιονί
1353 2589 1399 2640 οί
1452 2587 1691 2657 μαθηταὶ
1743 2586 2001 2657 ἐξαίφνης

413 2674 662 2741 ἐγένοντο
690 2674 1002 2728 διδάσκαλοι
1030 2689 1043 2703 ·
1081 2675 1182 2727 οὐκ
1208 2675 1447 2746 ήκουσαν
1478 2674 1638 2745 μόνον
1667 2674 1776 2727 τῶν
1804 2673 2000 2741 λόγων,

411 2762 548 2817 ἀλλά
589 2763 685 2817 καὶ
715 2764 852 2835 πρὸς
898 2763 996 2833 τὴν
1025 2763 1194 2833 αὐτὴν
1243 2763 1486 2834 κορυφὴν
1520 2761 1597 2832 τῷ
1619 2763 1815 2833 Παύλῳ
1839 2762 2003 2830 ἔφθα-

415 2845 543 2906 σαν.-
584 2853 724 2906 Ἀλλ’
772 2853 926 2906 οὐδὲν
980 2851 1142 2906 τοῦτο
1168 2851 1302 2922 πρὸς
1334 2852 1394 2904 τὸ
1424 2851 1571 2919 ἑξῆς⁹
1608 2852 1710 2922 ὅρα
1760 2844 1869 2921 γὰρ
1899 2849 2002 2904 ποῦ

412 2942 610 3003 αὐτοὺς
636 2942 826 3009 ἀνάγει
853 2940 1025 3009 λέγων
1057 2955 1071 2971 ⁸
1107 2938 1365 3008 Μιμηταί
1403 2938 1685 3007 ἐγένεσθε
1731 2938 1840 2993 τοῦ
1888 2942 2005 2992 Κυ-

404 3032 565 3097 ρίου.
599 3029 723 3093 Πῶς
751 3046 765 3095 ;
795 3028 1113 3095 Δεξάμενοι
1139 3029 1246 3080 τὸν
1273 3027 1462 3096 λόγον
1486 3027 1557 3079 ἐν
1593 3027 1798 3094 θλίψει
1854 3028 2003 3079 πολ-

412 3116 516 3184 λῇ,
541 3120 690 3185 μετὰ
720 3115 912 3185 χαρᾶς
941 3116 1289 3183 Πνεύματος
1316 3114 1511 3184 ἁγίου.
1544 3114 1656 3184 Οὐχ
1690 3113 1879 3177 ἁπλῶς
1911 3130 2004 3184 με-

412 3206 484 3259 τά
540 3205 791 3275 θλίψεως,
826 3204 965 3258 ἀλλά
999 3205 1140 3273 μετά
1191 3204 1414 3274 πολλῆς.
1474 3203 1583 3255 Καὶ
1627 3202 1802 3255 ἔνεστι
1848 3203 2005 3257 τοῦτο

414 3295 523 3348 ἀπὸ
551 3294 660 3347 τῶν
707 3294 966 3366 Πράξεων
1012 3295 1122 3347 τῶν
1183 3293 1559 3348 ἀποστολικῶν
1617 3293 1830 3364 μαθεῖν,
1885 3294 2003 3357 πῶς

416 3383 717 3453 ἐπήγειραν
744 3382 835 3435 τὸν
877 3381 1115 3452 διωγμὸν
1152 3382 1239 3434 ἐπ’
1267 3381 1465 3444 αὐτούς
1493 3396 1507 3411 ⁹
1542 3411 1613 3421 -
1638 3381 1747 3433 Καὶ
1777 3381 2001 3445 πάντας,

418 3472 577 3541 φησὶ,
603 3472 730 3533 τοὺς
764 3469 1096 3539 πολιτάρχας
1128 3466 1419 3539 ἐτάραξαν,
1452 3468 1544 3521 καὶ
1571 3466 1670 3538 τὴν
1719 3468 1875 3522 πόλιν
1908 3470 2006 3521 ἀν-

415 3558 736 3627 ιπτέρωσαν
771 3559 892 3612 κατ’
918 3557 1118 3611 αὐτῶν.
1159 3558 1271 3610 Καὶ
1312 3556 1412 3609 οὐκ
1464 3556 1611 3608 ἔστιν
1673 3557 1868 3622 εἰπεῖν,
1925 3558 2006 3610 ὅτι

428 3645 704 3715 Ἐθλίὸητε
753 3645 851 3716 μὲν
888 3644 982 3698 καὶ
1016 3643 1392 3709 ἐπιστεύσατε,
1430 3644 1723 3708 ἀλγοῦντες
1766 3645 1845 3708 δέ,
1871 3644 2008 3698 ἀλλά

417 3737 512 3791 καὶ
559 3736 838 3807 χαίροντες
863 3734 1087 3806 σφόδρα.
1117 3735 1295 3804 Ὅπερ
1338 3734 1432 3787 καὶ
1471 3736 1521 3786 οί
1548 3734 1833 3787 ἀπόστολοι
1864 3735 2007 3787 ἐποί-

415 3840 528 3878 ouv‘
560 3824 902 3891 Χαίροντες,
955 3822 1143 3894 φησὶν,
1195 3822 1284 3874 ὅτι
1338 3821 1797 3888 κατηξιώθησαν
1851 3823 2004 3891 ὑπὲρ

416 3911 525 3965 τοῦ
558 3912 850 3979 ὀνόματος
901 3909 1008 3962 τοῦ
1043 3908 1303 3977 Χριστοῦ
1338 3908 1757 3976 ἀτιμασθῆναι.
1804 3909 1877 3962 Τὸ
1897 3913 2007 3980 γάρ

417 3998 754 4069 θαυμαστὸν,
780 3997 938 4050 τοῦτό
966 3998 1115 4049 ἐστιν
1146 4012 1160 4025 ·
1213 3996 1263 4047 εί
1294 3997 1387 4048 καὶ
1438 3995 1562 4047 οὐδέ
1589 3997 1766 4048 ἐκεῖνο
1792 3997 2005 4068 μικρὸν,

414 4088 477 4141 τὸ
530 4087 716 4158 φέρειν
752 4086 1105 4155 ὁπωσδήποτε
1157 4083 1364 4153 θλίψεις
1396 4100 1411 4114 ο
1459 4084 1695 4138 τοῦτοδέ
1746 4086 1845 4157 ήδη
1901 4086 2009 4139 τῶν

415 4181 516 4250 τὴν
556 4179 906 4251 ἀνθρωπίνην
943 4176 1104 4247 φύσιν
1149 4177 1585 4249 ὐπερῦαινόντων
1631 4174 1722 4250 ἦν,
1765 4182 1861 4234 καὶ
1895 4180 2007 4233 ῶσ-

417 4284 523 4338 περ
540 4267 745 4329 ἀπαθὲς
770 4267 928 4337 σῶμα
945 4268 1194 4335 ἐχόντων.
1215 4266 1336 4329 Πῶς
1348 4266 1403 4319 δὲ
1434 4268 1668 4338 μιμηταὶ
1691 4267 1783 4321 τοῦ
1804 4271 2007 4339 Κυρίου

418 4356 701 4424 ἐγένοντο;
738 4355 860 4407 ’Ότι
907 4356 1000 4407 καὶ
1028 4354 1187 4417 αὐτὸς
1207 4354 1373 4407 πολλά
1395 4354 1693 4424 παθήματα
1729 4356 2007 4431 ὑπέμεινε,

418 4443 513 4497 καὶ
543 4442 642 4495 οὐκ
670 4441 844 4513 ήλγει,
880 4441 993 4494 ἀλλ’
1019 4439 1233 4511 ἔχαιρεν
1259 4457 1271 4469 ·
1313 4439 1453 4493 ἐκὼν
1478 4440 1586 4512 γάρ
1616 4443 1707 4495 ἐπὶ
1736 4444 1893 4498 τοῦτο
1915 4446 2013 4516 ήρ-

419 4547 562 4602 χετο.
592 4530 669 4582 Δι’
708 4530 853 4599 ἡμᾶς
900 4528 1089 4581 ἐαυτὸν
1150 4529 1439 4594 ἐκένωσεν,
1484 4528 1711 4599 ἔμελλεν
1772 4532 2013 4602 ἐμπτύει-

420 4619 545 4672 σθαι
598 4617 691 4670 καὶ
733 4617 1076 4687 ῥαπίζεσθαι,
1110 4616 1505 4688 σταυροῦσθαιο
1538 4618 1634 4671 καὶ
1657 4618 1828 4682 οῦτως
1860 4621 2011 4691 ἔχαι-

422 4722 483 4777 ρε
537 4704 711 4757 ταῦτα
765 4705 1011 4773 πάσχων,
1060 4703 1134 4767 ὼς
1165 4704 1240 4774 τῷ
1278 4705 1453 4776 Πατρὶ
1504 4705 1705 4773 λέγειν’
1737 4708 2012 4771 Δόξασόν

414 4789 1415 4864 με.Μετὰχαρᾶς,φησὶ,Πνεύματος
1441 4793 1631 4861 ἁγίου.
1665 4794 1783 4847 Ἵνα
1820 4797 1893 4866 μή
1928 4814 2011 4859 τις

421 4882 569 4954 είπεγ
599 4880 724 4943 Πῶς
755 4878 985 4948 θλίψεως
1011 4878 1229 4948 λέγεις;
1271 4879 1386 4942 πῶς
1416 4882 1591 4951 χαράς
1618 4897 1632 4947 ;
1665 4881 1780 4944 πῶς
1832 4884 2010 4953 ἀμφό.

418 4987 555 5040 τερα
602 4968 682 5021 ἔνι
724 4967 1032 5033 συνελθεῖν;
1075 4970 1322 5037 ἐπήγαγε
1348 4984 1363 4997 ·
1396 4970 1557 5022 Μετὰ
1598 4968 1788 5038 χαρᾶς
1819 4973 2010 5026 Πνεύ-

416 5074 604 5126 ματος
641 5056 836 5126 ἁγίου.
880 5054 944 5108 Ἢ
973 5054 1152 5124 θλῖψις
1184 5056 1241 5107 ἐν
1283 5056 1394 5117 τοῖς
1441 5060 1791 5126 σωματικοῖς,
1828 5059 1921 5112 καὶ
1973 5060 2006 5130 ἡ

422 5146 565 5215 χαρά
595 5148 653 5199 ἐν
680 5147 791 5207 τοῖς
818 5145 1225 5211 πνευματικοῖς.
1258 5143 1415 5208 Πῶς;
1442 5144 1524 5196 Τά
1577 5144 1675 5214 μὲν
1724 5147 2003 5216 γινόμενα,

422 5233 641 5304 λυπηρά
659 5248 671 5261 ’
715 5233 784 5285 τὰ
809 5231 867 5284 δὲ
893 5232 951 5297 ἐξ
983 5229 1162 5282 αὐτῶν
1189 5229 1503 5293 τικτόμενα,
1533 5232 1716 5285 οὐκέτι
1739 5250 1759 5263 δ
1783 5234 1842 5286 οὐ
1895 5235 2004 5307 γάρ

423 5321 616 5390 ἀφίησι
642 5321 703 5373 τὸ
729 5318 975 5389 Πνεῦμα.
1009 5318 1170 5369 Ὥστε
1218 5316 1392 5369 ἔνεστι
1439 5319 1534 5371 καὶ
1594 5321 1872 5390 πάσχοντα
1929 5325 2004 5394 μή

424 5408 654 5480 χαίρειν,
683 5409 811 5461 ὅταν
842 5407 982 5475 ὑπὲρ
1038 5404 1454 5475 ἁμαρτημάτων
1505 5423 1590 5470 τις
1648 5409 1831 5481 πάσχῃ
1858 5426 1871 5439 ·
1909 5414 2005 5465 καὶ

428 5496 825 5568 μαστιζόμενον
902 5493 1148 5565 ἥδεσθαι,
1194 5493 1321 5547 ὅταν
1373 5493 1461 5547 διὰ
1511 5494 1602 5548 τὸν
1651 5498 1881 5570 Χριστόν
1922 5517 2005 5564 τις

427 5587 629 5656 πάσχῃ.

494 5679 563 5740 γ’.
592 5673 827 5743 Τοιαύτη
853 5671 963 5742 γάρ
992 5673 1025 5741 ή
1054 5669 1149 5725 τοῦ
1187 5670 1500 5737 Πνεύματος
1532 5673 1677 5745 χαρά
1699 5690 1713 5704 ·
1744 5676 1866 5728 ἀντὶ
1896 5677 2003 5732 τῶν

423 5760 720 5813 δοκούντων
751 5756 891 5813 εἶναι
939 5759 1177 5829 ἀνιαρῶν
1198 5800 1212 5823 ,
1247 5758 1440 5827 ἐκφύει
1463 5759 1560 5829 τὴν
1589 5762 1802 5829 ἡδονὴν.
1820 5765 2002 5818 Ἔθλι-

424 5850 531 5924 ψαν
556 5849 722 5921 ὑμᾶς,
768 5850 923 5921 φησὶ,
953 5852 1047 5904 καὶ
1074 5848 1320 5919 ἐδίωξαν,
1349 5849 1464 5903 ἀλλ’
1493 5850 1593 5905 οὐκ
1618 5851 1827 5924 ἀφῆκεν
1858 5857 2002 5927 ὑμᾶς

1289 365 1355 420 ΙΝ
1389 364 1611 423 EPIST.
1646 365 1670 420 l
1704 363 1795 419 AD
1832 357 2167 416 THESSAL.
2210 358 2359 416 CAP.
2400 361 2440 415 Ι.
2484 360 2717 419 HOMIL.
2758 364 2799 419 ῐ.

3572 355 3685 411 59ίῖ

2098 476 2160 530 τὸ
2190 475 2340 549 [429]
2371 477 2602 549 Πνεῦμα
2617 480 2737 533 οὐδὲ
2765 483 2823 535 ἐν
2847 480 3076 544 ἐκείνοις
3097 496 3109 509 ⁸
3131 477 3241 536 ἀλλ’
3264 476 3450 547 ὥσπερ
3473 475 3530 528 ἐν
3547 473 3680 543 πυρὶ
3756 505 3760 509 -

2100 565 2435 636 ἐδροσίζοντο
2464 569 2510 619 οί
2532 568 2719 631 παῖδες
2745 568 2795 621 οί
2828 570 2997 638 τρεῖς,
3025 566 3166 621 οὕτω
3188 555 3457 635 καὶςῦμεῖς
3478 564 3535 616 ἐν
3556 564 3680 624 ταῖς

2100 654 2364 723 θλίψεσιν.
2391 656 2602 727 Ὥσπερ
2628 656 2682 709 δὲ
2718 658 2834 710 ἐκεῖ
2852 658 3037 727 οὐιτῆς
3056 656 3151 709 τοῦ
3180 654 3348 724 πυρὸς
3377 652 3591 721 φύσεως
3617 648 3685 702 τὸ

2098 742 2395 812 δροσίζειν,
2431 743 2567 796 ἀλλά
2614 744 2708 796 τοῦ
2756 743 3074 815 Πνεύματος
3118 744 3212 796 τοῦ
3253 738 3680 810 διασυρίξοντοςο

2098 829 2248 883 οὕτω
2273 829 2367 883 καὶ
2396 830 2650 894 ἐνταῦθα,
2688 831 2748 882 οὐ
2782 831 2882 901 τῆς
2916 832 3133 900 φύσεως
3174 832 3272 901 τῆς
3330 828 3563 897 θλίψεως
3620 822 3682 877 τὸ

2097 919 2197 991 τὴν
2218 920 2397 990 χαρὰν
2420 920 2645 985 τίκτειν,
2662 920 2799 973 ἀλλά
2822 920 2914 974 τοῦ
2943 921 3031 975 διά
3054 922 3144 976 τὸν
3170 918 3403 991 Χριστὸν
3430 918 3681 986 πάσχειν,

2099 1008 2191 1059 καὶ
2215 1008 2311 1060 τοῦ
2362 1006 2676 1078 Πνεύματος
2707 1010 2802 1061 τοῦ
2835 1008 3193 1079 δροσίζοντος,
3227 1008 3321 1061 καὶ
3347 996 3437 1059 δι’ἀ
3462 1005 3562 1073 τῆς
3583 1020 3682 1057 κα-

2101 1094 2256 1165 μίνου
2282 1094 2389 1148 τῶν
2415 1096 2738 1166 πειρασμῶν
2768 1098 2826 1150 ἐν
2856 1098 3038 1150 ἀνέσει
3066 1096 3361 1159 ποιοῦντος.
3397 1094 3556 1148 Μετά
3584 1108 3684 1160 χαμ

2090 1181 2225 1249 ρᾶς,
2269 1183 2455 1253 φησὶν,
2485 1184 2585 1253 οὐχ
2624 1183 2835 1249 ἁπλῶς,
2889 1184 3027 1237 ἀλλά
3078 1183 3282 1253 πολλῆς
3308 1199 3321 1212 ·
3366 1181 3524 1234 τοῦτο
3571 1178 3683 1249 γάρ

2098 1271 2215 1323 ἐστι
2263 1272 2610 1339 Πνεύματος
2657 1272 2850 1342 ἁγίου.
2880 1273 3060 1325 Ὥστε
3092 1271 3371 1340 γενέσθαι
3397 1267 3553 1335 ὑμᾶς
3578 1267 3681 1320 τύ-

2098 1374 2253 1424 πους
2278 1357 2430 1412 πᾶσι
2480 1359 2607 1424 τοῖς
2649 1359 3051 1422 πιστεύουσιν
3107 1360 3178 1436 ἐν
3210 1357 3285 1426 τῇ
3341 1355 3681 1420 Μακεδονίᾳ

2097 1442 2198 1497 καί
2238 1446 2454 1513 Ἀχαΐᾳ.
2494 1446 2606 1498 Καὶ
2656 1448 2762 1516 μὴν
2782 1447 2840 1499 ἐν
2868 1447 3083 1517 ὑστέρῳ
3115 1441 3249 1518 ἦλθε
3274 1445 3410 1514 πρὸς
3460 1442 3678 1504 αὐτούς·

2098 1532 2215 1585 ἀλλ’
2247 1532 2421 1596 οὕτως
2455 1532 2753 1603 ἐλάμψατε,
2815 1533 3001 1603 φησὶν,
3033 1533 3109 1597 ὡς
3139 1532 3247 1586 τῶν
3296 1529 3680 1602 προλαϐόντων

2099 1620 2348 1687 γενέσθαι
2404 1621 2737 1676 διδάσκαλοι.
2785 1622 2899 1676 Καὶ
2953 1620 3115 1675 τοῦτο
3164 1620 3541 1677 ἀποστολιικόν.
3603 1619 3681 1672 Οὐ

2098 1708 2206 1780 γὰρ
2240 1704 2413 1762 εἶπεν·
2450 1711 2613 1763 Ὥστε
2646 1710 2850 1774 τύπους
2883 1710 3138 1779 γενέσθαι
3168 1709 3412 1781 πρὸςνλτὸ
3456 1707 3680 1762 πιστεῦ-

2101 1813 2212 1857 σαι,
2259 1796 2393 1849 ἀλλά
2421 1800 2530 1859 τοῖς
2561 1798 2661 1867 ήδη
2691 1797 3005 1851 πιστεύουσι
3032 1798 3201 1860 τύπος
3231 1796 3481 1864 ἐγένεσθε
3503 1810 3515 1823 ’
3556 1812 3683 1848 του-

2098 1886 2274 1939 τέστι⁹
2306 1886 2431 1950 Πῶς
2459 1887 2541 1940 δεῖ
2591 1888 2868 1940 πιστεύειν
2894 1890 2996 1951 εἰς·
3019 1888 3151 1942 Θεὸν
3186 1888 3344 1957 ὑμεῖς
3383 1883 3681 1949 ἐδιδάξατε,

2100 1976 2148 2027 οἱ
2190 1974 2297 2028 ἀπὸ
2323 1975 2624 2046 προοιμίων
2660 1978 2741 2039 είς
2762 1977 2889 2038 τοὺς
2915 1976 3133 2043 ἀγῶνας
3167 1975 3457 2042 ἐμϐάντες.
3489 1972 3595 2026 Καὶ
3613 1972 3684 2024 ἐν

2100 2152 2217 2223 ἐστὶ
2250 2152 2569 2223 προθυμία;
2602 2154 2720 2206 Ὅτι
2759 2156 2950 2223 χρόνου
2980 2154 3040 2206 οὐ
3071 2154 3262 2216 δεῖται,
3320 2152 3441 2207 οὐδέ
3482 2149 3684 2221 μελλή-

2104 2255 2264 2307 σεως,
2306 2240 2426 2293 οὐδὲ
2459 2240 2728 2308 ἀναϐολῆς
2749 2240 2910 2293 ’ἀλλ’
2955 2242 3117 2309 ἀρκεῖ
3148 2240 3495 2312 παραστῆσαι
3525 2238 3689 2308 μόνον

2104 2328 2315 2389 ἑαυτὸν,
2358 2329 2450 2380 καὶ
2484 2329 2663 2381 πάντα
2687 2328 2936 2398 ήνυσται.
3007 2326 3343 2396 Οῦτωογοῦν
3384 2330 3481 2380 καὶ
3536 2324 3683 2379 οῦτοι

2104 2413 2330 2485 ὕστερον
2365 2416 2757 2485 προσελθόντες
2799 2415 2876 2483 τῷ
2922 2414 3261 2485 κηρύγματι,
3308 2414 3418 2467 τῶν
3448 2413 3685 2485 πρώτων

2104 2500 2351 2567 ἐγένοντο
2426 2500 2754 2555 δἐδάσκαλοι.
2813 2502 3022 2571 Μηδεὶς
3076 2496 3171 2555 οῦν
3224 2500 3684 2569 ἁπογινωσκέτωυ

2101 2588 2204 2640 κᾶν
2251 2587 2423 2642 πολὺν
2464 2588 2746 2652 ἀναλώσας
2773 2590 2964 2660 χρόνον
3013 2590 3181 2660 μηδὲν
3216 2588 3594 2660 ἐργασάμενος
3622 2582 3679 2661 ᾖ,

2102 2673 2309 2728 ἔνεστιν
2342 2675 2489 2746 αὐτῷ
2521 2679 2615 2730 καὶ
2642 2676 2729 2730 διά
2762 2676 2961 2748 μικροῦ
3011 2676 3262 2731 τοσοῦτον
3323 2675 3681 2747 ἐργάσασθαι,

2102 2763 2225 2816 ὅσον
2251 2764 2371 2816 οὐδέ
2398 2765 2455 2817 ἐν
2485 2765 2564 2834 τῷ
2595 2764 2903 2836 ἔμπροσθεν
2935 2765 3136 2837 χρόνῳ.
3166 2765 3226 2818 EE
3252 2765 3362 2835 γὰρ
3396 2767 3424 2817 6
3458 2763 3690 2835 μηδέπω

2104 2850 2422 2914 πιστεύσας,
2474 2850 2728 2905 τοσοῦτον
2760 2851 3003 2923 ἔλαμψεν
3036 2854 3094 2905 ἐν
3119 2853 3283 2925 ἀρχῇ,
3318 2852 3497 2922 πολλῷ
3545 2852 3681 2922 pax-

2101 2937 2193 2990 λον
2218 2940 2267 2991 οί
2300 2939 2401 3008 ἤδη
2442 2939 2850 3003 πιστεύσαντες.

2173 3025 2381 3094 Μηδεὶς
2435 3026 2599 3078 πάλιν
2642 3026 2801 3079 τοῦτο
2826 3026 3040 3093 ,ἐννοῶν
3094 3025 3430 3098 ρᾳθυμείτω,
3486 3024 3677 3097 μαθὼν

2105 3116 2184 3169 ὅτι
2215 3114 2334 3178 ἐξὸν
2364 3118 2422 3168 ἐν
2457 3115 2648 3186 βραχεῖ
2680 3119 2856 3187 χρόνῳ
2898 3117 2961 3170 τὸ
2995 3118 3104 3170 πᾶν
3144 3116 3589 3186 ἀνακτήσασθαι·
3621 3116 3683 3170 τὸ

2110 3202 2221 3272 γὰρ
2259 3201 2450 3272 μέλλον
2476 3204 2689 3274 ἄδηλον,
2722 3202 2815 3256 καὶ¹
2845 3202 3085 3275 κλέπτης
3121 3204 3270 3258 ἐστὶν
3303 3206 3337 3273 ἡ
3371 3204 3555 3275 ἡμέρα
3583 3204 3685 3258 τοῦ

2113 3290 2344 3359 Κυρίου,
2368 3290 2562 3359 ἀθρόον
2589 3292 2720 3361 ἡμῖν
2746 3289 3097 3344 καθεύδουσιν
3140 3291 3493 3361 ἐπιτιθεμένη
3518 3309 3532 3323 ο
3566 3291 3682 3344 ἀλλ’

2105 3376 2201 3429 ἐὰν
2228 3376 2303 3447 μὴ
2333 3377 2702 3447 καθεύδωμεν,
2717 3378 2815 3447 οὐχ
2830 3378 2904 3442 ὡς
2922 3377 3160 3449 κλέπτης
3182 3381 3314 3449 ἡμῖν
3335 3379 3683 3451 ἐπιθήσεται,

2105 3465 2225 3517 οὐδέ
2244 3465 2763 3535 ἀπαρασκευάστους
2786 3465 3009 3529 ἀπάξει.
3043 3466 3169 3520 Ἐἀν
3189 3468 3298 3537 γὰρ
3318 3467 3689 3538 γρηγορῶμεν

2106 3554 2205 3607 καὶ
2239 3553 2518 3622 νήφωμεν,
2554 3553 2740 3606 οὐκέτι
2773 3554 2904 3624 ἡμῖν
2936 3553 3011 3617 ὡς
3053 3554 3292 3625 κλέπτης
3340 3554 3680 3627 ἐπιθήσεται.

2109 3639 2227 3693 ἀλλ’
2258 3640 2335 3703 ὼς
2364 3639 2596 3708 ἄγγελος
2638 3639 2916 3709 βασιλικὸς
2944 3639 3125 3694 καλῶν
3145 3643 3292 3710 ἡμᾶς
3321 3643 3415 3696 ἐπὶ
3441 3643 3513 3695 τὰ
3539 3644 3681 3713 ἡτοι-

2110 3727 2374 3798 μασμένα
2403 3728 2533 3796 ἡμῖν
2561 3726 2741 3796 ἀγαθά
2762 3744 2778 3760 ο
2825 3726 2892 3780 ἂν
2920 3728 2978 3780 δὲ
3024 3728 3395 3799 καθεύδωμεν,
3434 3729 3512 3795 ὡς
3559 3732 3685 3783 κλέ-

2108 3831 2253 3884 πτης
2300 3813 2605 3882 ἐφίσταται.
2642 3814 2848 3882 Μηδεὶς
2890 3814 3070 3867 τοίνυν
3119 3813 3447 3879 καθευδέτω,
3493 3815 3685 3885 μηδεὶς

2107 3901 2280 3972 ἀργὸς
2321 3900 2462 3954 ἔστω
2499 3902 2636 3972 πρὸς
2684 3901 2918 3973 ἀρετήν’
2970 3901 3128 3954 τοῦτο
3154 3902 3263 3972 γάρ
3302 3903 3450 3954 ἐστιν
3495 3902 3681 3967 ὕπνος.

2108 3985 2224 4038 Οὐκ
2256 3985 2395 4052 ἴστε,
2429 3984 2557 4037 ὅταν
2584 3982 2956 4053 καθεύδωμεν,
2988 3983 3106 4049 πῶς
3137 3985 3237 4037 οὐκ
3265 3983 3410 4037 ἐστιν
3432 3987 3489 4038 ἐν
3510 3986 3685 4055 ἀσφαι-

2108 4071 2193 4125 λεῖ
2216 4072 2287 4125 τά
2315 4070 2582 4143 ἡμέτερα,
2602 4071 2722 4135 πῶς
2753 4071 3206 4137 εὐεπιϐούλευτα;
3239 4072 3371 4125 ὅταν
3394 4072 3452 4125 δὲ
3474 4089 3682 4144 γρηγοι

2112 4160 2320 4232 ρῶμεν,
2348 4161 2409 4215 οὐ
2435 4162 2518 4215 δεῖ
2544 4160 2814 4231 τοσαύτης
2839 4163 2973 4232 ἡμῖν
2994 4162 3263 4233 φυλακῆς.
3299 4162 3469 4215 Ὅταν
3489 4162 3685 4215 καθεύὲ-

2108 4250 2310 4321 δωμεν,
2345 4249 2436 4303 καὶ
2469 4247 2606 4319 μετά
2646 4244 3126 4319 πολλῆςφυλακῆς
3167 4248 3522 4321 ἀπολλύμεθα
3555 4251 3687 4304 πολ-

2108 4336 2297 4402 λάκις·
2326 4338 2421 4392 καὶ
2454 4336 2616 4407 θύραι
2649 4337 2743 4390 καὶ
2774 4336 2963 4407 μοχλοὶ
2996 4336 3093 4389 καὶ
3137 4336 3377 4406 φύλακες
3413 4337 3508 4391 καὶ
3547 4355 3685 4410 προ·-

2110 4425 2372 4496 φύλακες,
2405 4425 2502 4479 καὶ
2546 4426 2695 4495 ὅμως
2728 4423 3050 4495 ἐπεισῆλθεν
3078 4425 3107 4477 6
3150 4425 3391 4494 κλέπτης
3434 4434 3483 4480 ⁸.
3520 4426 3587 4479 Τί
3619 4426 3684 4497 δὴ

2110 4517 2280 4572 ταῦτα
2306 4516 2482 4584 λέγω;
2513 4516 2631 4569 ’Ότι
2654 4516 2722 4569 ἂν
2751 4515 3136 4586 γρηγορῶμεν,
3162 4516 3225 4570 οὐ
3259 4515 3565 4586 δεησόμεθα
3585 4518 3689 4587 τῆς

2111 4604 2313 4673 ἐτέρων
2346 4602 2597 4672 βοηθείας
2621 4618 2635 4632 ⁸
2672 4602 2738 4656 ἂν
2777 4602 2833 4655 δὲ
2868 4601 3238 4673 καθεύδωμεν,
3276 4604 3429 4657 οὐδὲν
3468 4604 3617 4673 ἡμᾶς
3649 4606 3682 4673 ἡ

2111 4691 2314 4762 ἐτέρων
2343 4691 2527 4761 ὀνήσει
2558 4689 2803 4759 βοήθεια,
2830 4688 2967 4743 ἀλλά
3007 4690 3101 4742 καὶ
3135 4690 3248 4762 μετ’
3277 4690 3493 4762 ἐκείνης
3520 4691 3687 4745 ἀπολ-

2110 4778 2343 4849 λύμεθα.
2392 4777 2571 4831 Καλὸν
2622 4778 2786 4848 εὐχῆς
2842 4778 3135 4831 ἀπολαύειν
3181 4781 3280 4849 τῆς
3327 4777 3439 4831 τῶν
3489 4779 3682 4847 ἁγίων,

2109 4867 2247 4928 ἀλλ’,
2275 4867 2404 4920 ὅταν
2435 4865 2529 4919 καὶ
2560 4864 2711 4918 αὐτοὶ
2749 4866 2962 4936 ἐνεργοὶ
3000 4861 3170 4936 ὦμεν.
3203 4866 3313 4919 Καὶ
3362 4865 3413 4919 τί
3442 4883 3533 4936 μοι
3582 4866 3682 4929 δεῖ,

2110 4954 2297 5024 φησὶν,
2323 4954 2487 5024 εὐχῆς
2514 4953 2616 5023 τῆς
2656 4955 2787 5023 παρ’
2829 4954 3052 5025 ἐτέρων,
3097 4955 3224 5005 ὅταν
3250 4953 3469 5024 ἐνεργὸς
3493 4947 3562 5019 ὦ,
3589 4955 3684 5007 καὶ

2112 5045 2187 5113 μὴ
2218 5043 2553 5111 καταστήσω
2594 5041 2832 5111 ἐμαυτὸν
2872 5043 2929 5092 ἐν
2979 5041 3174 5111 χρείας
3222 5038 3370 5111 1450]
3406 5041 3539 5093 Οὐδὲ
3574 5040 3688 5108 ἐγὼ

2109 5128 2369 5199 βούλομαι
2388 5145 2403 5160 ο
2432 5128 2549 5181 ἀλλ’
2572 5128 2659 5181 ἀεὶ
2680 5130 2739 5180 ἐν
2763 5128 2922 5199 χρείᾳ
2944 5128 3131 5198 ἐσμὲν,
3160 5128 3257 5182 ἐάν
3286 5123 3345 5181 εὖ
3370 5127 3682 5199 φρονῶμεν.

2106 5219 2318 5282 Παῦλος
2351 5220 2450 5271 οὐκ
2484 5215 2627 5271 εἶπε·
2661 5219 2726 5271 Τί
2767 5236 2855 5289 μοι
2896 5216 2978 5272 δεῖ
3006 5219 3204 5289 εὐχῆς;
3233 5219 3411 5271 καίτοι
3456 5235 3520 5286 γε
3573 5219 3684 5270 τῶν

2105 5306 2418 5378 εὐχομένων
2453 5308 2554 5360 οὐκ
2593 5308 2762 5361 ὄντων
2792 5307 2959 5373 ἀξίων
2987 5307 3179 5370 αὐτοῦ,
3221 5308 3424 5378 μᾶλλον
3461 5307 3519 5360 δὲ
3561 5308 3683 5361 οὐδδ

2106 5396 2239 5448 ἴσων
2264 5409 2278 5424 '
2312 5396 2406 5447 καὶ
2436 5395 2500 5447 σὺ
2545 5395 2743 5461 λέγεις’
2776 5395 2843 5446 Τί
2868 5412 2958 5463 μοι
2996 5395 3079 5448 δεῖ
3099 5395 3295 5465 εὐχῆςς
3338 5396 3544 5464 Πέτρος
3578 5397 3683 5450 οὐκ

2104 5479 2247 5535 εἷπε·
2283 5482 2348 5535 Τί
2386 5500 2474 5552 μοι
2497 5482 2579 5535 δεῖ
2608 5483 2774 5553 εὐχῆς
2796 5500 2809 5545 ;
2834 5483 3004 5551 Εὐχή
3032 5483 3140 5552 γάρ
3171 5479 3259 5553 ἦν,
3305 5483 3491 5551 φησὶν,
3519 5484 3683 5538 ἑκτεο

2102 5566 2219 5636 νὴς
2244 5568 2525 5638 γινομένη
2558 5568 2678 5623 ὑπὸ
2708 5568 2818 5636 τῆς
2850 5569 3210 5637 Ἐκκυίησίας
3236 5568 3386 5636 πρὸς
3410 5570 3517 5624 τὸν
3536 5572 3683 5623 Θεὸν

2171 5744 2196 5772 ⁸
2221 5742 2530 5793 Colbeninns
2552 5742 2701 5803 idem,
2747 5746 2979 5801 τοσαύτης
3004 5745 3226 5802 φυλακῆς.
3258 5744 3396 5791 Πόσα
3440 5745 3563 5792 τισὶν
3603 5746 3681 5794 ἐπ·

2106 5807 2271 5863 ἐνοήθη
2296 5807 2410 5868 πρὸς
2433 5808 2671 5866 (pulum-6v;
2701 5806 2799 5853 οἷον
2823 5807 3182 5868 θύρα‹,,μοχλοὶ,
3224 5807 3423 5868 φύλακες
3467 5808 3546 5853 καὶ
3566 5824 3698 5867 προ--

2106 5868 2325 5931 φύλακες.
2360 5867 2485 5918 Ἀλλ’
2509 5869 2638 5931 ὅμως
2669 5869 2747 5915 καὶ
2775 5867 2893 5929 μετά
2916 5868 3147 5926 τοσαύτης
3171 5867 3378 5930 φυλακῆς
3395 5870 3469 5919 ἐπ.
3498 5871 3523 5917 6
3548 5870 3624 5917 ιλ.
