4120 6400
420 5933 456 5947 φ

527 335 632 394 397

524 455 680 522 ὑπὲρ
713 453 900 507 αὐτοῦ
925 470 938 482 ·
973 453 1069 510 καὶ
1099 454 1164 506 σὺ
1194 453 1393 520 λέγεις·
1423 453 1487 505 Τί
1531 469 1620 521 μοι
1646 451 1726 502 δεῖ
1765 442 1964 518 εὐχῆς’;
1993 445 2091 498 Διὰ

523 543 684 597 τοῦτό
707 559 789 595 σοι
815 543 915 608 δεῖ,
939 543 1126 613 ἐπειδὴ
1153 544 1394 612 νομίζεις
1424 542 1588 612 μηδὲν
1618 540 1848 593 δεῖσθαι.
1878 538 1996 592 Κᾶν
2022 538 2097 600 ὼς

523 628 737 692 Παῦλος
759 628 912 699 γένῃ,
940 631 1127 700 χρείαν
1162 630 1306 699 ἔχεις
1344 629 1531 698 εὐχῆς.
1574 627 1666 697 Μὴ
1703 627 1838 696 ὕψου
1880 625 2095 690 σαυτὸν,

524 717 613 769 ἵνα
647 716 721 787 μὴ
751 717 1114 786 ταπεινωθῇς.
1158 717 1298 768 Ἀλλ’
1336 717 1472 789 ὅπερ
1504 716 1660 784 ἔφην,
1706 715 1774 768 ἂν
1805 714 1903 784 μὲν
1949 716 2098 783 ἐνερ-

519 805 609 871 γοὶ
638 798 788 874 ὦμεν
810 805 904 856 καὶ
929 805 1105 866 αὐτοὶ,
1135 803 1358 857 ἀνύουσι
1381 804 1474 856 καὶ
1493 806 1548 857 αἱ
1575 803 1715 872 ὑπὲρ
1742 801 1895 872 ὑμῶν
1917 801 2092 870 εὐχαί.

522 893 724 944 ’Ἄκουε
779 891 994 945 Παύλου
1046 892 1332 960 λέγοντος·
1378 889 1524 945 Οἶδα
1575 891 1708 960 γὰρ,
1762 890 1964 960 φησὶν,
2006 889 2095 941 ὅτι

516 979 700 1032 τοῦτό
712 996 814 1048 μοι
843 979 1212 1048 ἀποϐήσεται
1234 982 1324 1045 εἱς
1355 979 1656 1048 σωτηρίαν
1675 978 1775 1031 διὰ
1801 976 1912 1044 τῆς
1930 975 2095 1045 ὑμῶν

516 1066 784 1133 δεήσεως
821 1067 921 1121 καὶ
961 1068 1349 1136 ἐπιχορηγίας
1377 1067 1484 1121 τοῦ
1520 1068 1862 1135 Πνεύματος
1900 1065 2093 1131 Ἰησοῦ

515 1154 805 1221 Χριστοῦ·
841 1155 936 1207 καὶ
963 1155 1150 1207 πάλιν·
1201 1156 1336 1209 Ἵνα
1373 1155 1442 1207 ἐκ
1483 1152 1730 1208 πολλῶν
1758 1151 2095 1220 προσώπων

515 1243 583 1293 τὸ
613 1243 703 1308 εὶς
746 1241 905 1310 ’ἡμᾶς
946 1242 1213 1312 χάρισμα
1247 1241 1345 1295 διὰ
1394 1239 1642 1294 πολλῶν
1686 1238 2094 1308 εὐχαριστηθῇ

514 1327 670 1395 ὑπὲρ
697 1327 887 1397 ἡμῶν.
921 1331 1032 1381 Kal
1067 1331 1130 1381 σύ
1170 1328 1368 1396 λέγεις·
1410 1328 1476 1379 Τί
1512 1343 1602 1397 μοι
1641 1327 1722 1378 δεῖ
1757 1325 1958 1395 εὐχῆς;
1992 1327 2090 1378 Ἂν

513 1414 572 1468 δὲ
600 1415 883 1486 ἁργῶμεν,
917 1417 1092 1480 οὐδεὶς
1129 1417 1278 1485 ἡμᾶς
1301 1415 1595 1485 εὐχόμενος
1623 1414 1817 1482 ὀνῆσαι
1862 1413 2088 1482 δυνήσε-

511 1517 623 1558 ται.
658 1503 723 1555 Τί
771 1502 1054 1571 ὠφέλησεν
1111 1503 1388 1574 Ἱερεμίας
1440 1503 1568 1564 τοὺς
1620 1501 1938 1568 ’1ουδαίουέ;
1971 1502 2090 1570 οὐχὶ

509 1591 696 1660 τρίτον
728 1590 1004 1660 προσῆλθε
1052 1590 1131 1658 τῷ
1169 1591 1309 1661 Θεῷ,
1356 1591 1452 1642 καὶ
1501 1588 1683 1658 τρίτον
1718 1589 1937 1659 ἤκουσε·
1989 1589 2086 1654 Μὴ

511 1679 855 1745 προσεύχου
901 1677 1058 1746 μηδὲ
1098 1679 1272 1741 ἀξίου
1320 1678 1472 1743 ὺπέρ
1517 1677 1624 1729 τοῦ
1647 1676 1800 1729 λαοῦ
1849 1677 2083 1737 τούτου,

512 1765 603 1819 ὅτι
629 1768 740 1818 οὐκ
774 1767 1210 1834 είσακούσομαί
1245 1782 1395 1829 σου;
1427 1766 1491 1816 Τί
1518 1765 1768 1834 ὠφέλησε
1796 1765 1885 1816 τὸν
1915 1763 2086 1815 Σαοὺλ

488 1853 540 1911 ,ὁ
582 1853 871 1922 Σαμουήλ;
917 1854 1036 1922 οὐχὶ
1087 1855 1279 1923 μέχρις
1321 1854 1557 1922 ἐσχάτης
1607 1852 1825 1921 ἡμέρας
1869 1849 2084 1904 ἐπένθει

511 1941 642 2010 περὶ
682 1941 867 2004 αὐτοῦ,
904 1942 1002 2010 οὐχ
1027 1942 1213 2003 ἁπλῶς
1253 1940 1450 2010 ηὔχετο
1496 1942 1685 2009 μόνον;
1732 1939 1797 1990 Τί
1835 1930 2083 2008 ὠφέλησε

508 2025 634 2089 τοὺς
697 2026 1064 2098 Ἰσραηλίτας;
1113 2028 1248 2096 Οὐχὶ
1295 2029 1502 2094 ἔλεγεν·
1555 2026 1713 2094 Ἐμοὶ
1761 2025 1827 2078 δὲ
1871 2026 1959 2095 μὴ
1993 2027 2084 2096 γέ-

506 2130 672 2167 νοιτο
684 2115 967 2183 ἁμαρτεῖν
988 2115 1345 2168 διαλιπόντα
1365 2115 1699 2183 εὐχόμενον
1714 2114 1863 2180 ὑπὲρ
1885 2113 2049 2182 ὑμῶν
2061 2130 2081 2177 ;

506 2201 627 2270 οὐχὶ
660 2205 858 2265 πάντες
888 2203 1168 2256 ἀπώλοντο
1193 2219 1208 2266 ;
1238 2203 1404 2254 Οὐδὲν
1433 2198 1524 2254 οῦν
1566 2201 1859 2268 ὠφελοῦσι,
1895 2202 2078 2270 φησὶν,

506 2289 563 2340 αί
587 2288 776 2358 εὐχαί;
819 2288 1100 2361 Ὠφελρῦσι
1126 2291 1218 2342 καὶ
1243 2289 1473 2358 μεγάλα,
1496 2287 1609 2341 ἀλλ’
1641 2289 1766 2340 ὅταν
1796 2289 1890 2340 καὶ
1921 2289 2080 2358 ἡμεῖς

505 2377 837 2446 πράττωμέν
871 2395 924 2430 τι
959 2394 971 2407 ·
1010 2379 1428 2448 συμπράττουσι
1463 2377 1560 2446 μὲν
1585 2376 1694 2446 γὰρ
1720 2377 1774 2428 αἰ
1799 2377 1957 2445 εὐχαὶ
1987 2383 2080 2429 καὶ

505 2460 793 2533 βοηθοῦσι·
833 2467 1180 2534 συμπράττει
1225 2466 1281 2517 δέ
1335 2482 1419 2527 τις
1474 2465 1568 2516 καὶ
1620 2463 1804 2533 βοηθεῖ
1858 2464 1936 2533 τῷ
1989 2465 2080 2516 καὶ

503 2551 653 2621 αὐτῷ
679 2551 1068 2621 ἐργαζομένῳ·
1100 2553 1165 2604 ἂν
1198 2553 1254 2604 δὲ
1292 2553 1463 2623 ἀργὸς
1505 2552 1693 2621 μένῃς,
1737 2551 1889 2604 οὐδὲν
1935 2553 2079 2624 μέγα

501 2637 858 2712 ὠφεληθήσῃ.

567 2726 630 2778 δ’.
651 2728 800 2780 Ἐπεὶ
823 2729 874 2779 εἰ
902 2728 1084 2798 ἴσχυον
1109 2729 1165 2780 αἱ
1183 2727 1338 2798 εὐχαὶ
1356 2730 1656 2800 ἀργοῦντας
1685 2731 1829 2800 ἡμᾶς
1852 2731 2075 2798 εἰσαγα-

500 2815 618 2882 γεῖν
648 2817 728 2877 είς
758 2815 859 2884 τὴν
906 2817 1208 2885 βασιλείαν,
1239 2818 1327 2869 διὰ
1371 2819 1424 2868 τί
1473 2817 1548 2888 μὴ
1590 2821 1787 2880 πάντες
1817 2819 2076 2887 ’Έλληνες

499 2902 743 2967 γίνονται
778 2904 1136 2971 Χριστιανοί;
1184 2906 1306 2974 οὐχὶ
1333 2906 1474 2976 ὑπὲρ
1501 2907 1703 2970 παντὸς
1739 2906 1833 2960 τοῦ
1867 2908 2073 2976 κόσμου

501 2988 808 3058 εὐχόμεθα;
851 2990 972 3059 οὐχὶ
993 2992 1088 3043 καὶ
1115 2990 1325 3055 Παῦλος
1352 2992 1513 3045 τοῦτο
1545 2993 1745 3058 ἐποίεις
1780 2995 1900 3065 οὐχὶ¹
1940 2998 2075 3046 πάν-

499 3091 598 3137 τας
626 3075 884 3145 ἀξιοῦμεν
911 3078 1343 3148 ἐπιστραφῆναις
1377 3079 1511 3131 Εἰπέ
1540 3080 1669 3150 γάρ,
1696 3081 1782 3132 διὰ
1805 3083 1856 3132 τί
1887 3084 1935 3134 οἱ
1967 3099 2068 3132 πο-

499 3164 654 3232 νηροὶ
688 3164 762 3232 μὴ
791 3163 1028 3231 γίνονται
1062 3165 1321 3235 χρηστοί;
1360 3163 1468 3236 ἆρα
1511 3168 1630 3236 οὐχί
1657 3167 1834 3237 δῆλον,
1868 3171 1948 3222 ὅτι
1985 3170 2074 3223 διὰ

499 3251 558 3304 τὸ
588 3252 662 3322 μὴ
693 3251 952 3306 δύνασθαι
983 3267 1007 3294 ει
1049 3255 1176 3325 παρ’
1211 3255 1416 3308 ἑαυτῶν
1459 3273 1510 3308 τι
1551 3259 1910 3322 εἰσενεγκεὶν;
1955 3261 2070 3312 Με-

497 3339 638 3406 γάλα
664 3341 844 3392 τοίνυν
885 3341 1186 3409 ὠφελοῦσιν
1227 3345 1282 3396 αἱ.
1312 3343 1488 3412 εὐχαὶ,
1520 3344 1648 3396 ὅταν
1680 3345 1773 3396 καὶ
1819 3347 1974 3415 ἡμεῖς
2002 3345 2072 3399 τὰ

497 3427 627 3497 παρ’
667 3428 874 3480 ἑαυτῶν
912 3430 1271 3500 εἰσφέρωμεν.
1329 3430 1516 3482 Βούλει
1565 3431 1752 3500 μαθεῖν
1798 3432 1897 3484 ὅσα
1924 3433 2070 3500 ὠφέ-

495 3513 668 3585 λησαν
699 3515 852 3583 εὐχαί
873 3532 887 3579 ;
912 3517 1083 3568 ἐννόει
1116 3533 1203 3586 μοι
1221 3517 1308 3569 τὸν
1334 3518 1654 3587 Κορνήλιον,
1676 3519 1774 3582 τὴν
1797 3519 2034 3572 Ταϐιθάν
2053 3536 2064 3548 ·

495 3605 658 3658 ἄκουε
691 3605 748 3657 δὲ
783 3605 877 3658 καὶ
918 3605 1013 3659 τοῦ
1057 3605 1250 3660 Ἰακὼϐ
1279 3606 1525 3675 λέγοντος
1554 3606 1689 3676 πρὸς
1723 3607 1812 3658 τὸν
1845 3608 2027 3662 Λάϐαν
2049 3624 2064 3638 ·

491 3692 560 3746 Εἰ
580 3693 665 3762 μὴ
693 3697 726 3747 ό
746 3696 930 3762 φόϐος
957 3695 1063 3750 τοῦ
1086 3698 1308 3763 πατρός
1333 3715 1447 3763 μου
1480 3691 1559 3765 ἦν
1581 3715 1704 3766 μοι,
1740 3696 1856 3751 νῦν
1894 3698 1970 3751 ἄν
1992 3715 2070 3768 με

497 3779 680 3833 κενὸν
727 3781 1162 3848 ἐξαπέστειλας
1187 3800 1200 3813 ·
1230 3785 1392 3837 ἄκουε
1423 3784 1478 3836 δέ
1504 3787 1598 3838 καὶ
1621 3785 1711 3838 τοῦ
1743 3787 1877 3838 Θεοῦ
1906 3788 2066 3839 πάλιν

495 3865 742 3934 λέγοντος
761 3885 775 3898 ·
820 3869 1185 3936 Ὑπερασπιῶ
1205 3870 1314 3938 τῆς
1347 3874 1578 3937 πόλεως
1605 3874 1825 3940 ταύτης
1843 3876 1916 3926 δι’
1939 3875 2063 3938 ἐμὲ,

495 3954 594 4006 καὶ
624 3954 721 4007 διὰ
752 3957 933 4009 Δαυῒδ
962 3957 1069 4009 τὸν
1096 3958 1277 4010 παῖδά
1308 3977 1447 4026 μου.
1503 3960 1663 4013 Ἀλλὰ
1716 3961 1874 4027 πότε;
1937 3963 2061 4014 Ἐπὶ

508 4042 750 4105 Ἐζεκίου
780 4045 990 4096 δικαίου
1024 4043 1194 4106 ὄντος.
1240 4047 1392 4098 Ἐπεὶ
1425 4045 1561 4112 εἴγε
1588 4048 1771 4117 ἴσχυον
1792 4048 1948 4119 εὐχαὶ
1973 4051 2066 4103 καὶ

494 4131 590 4184 ἐπὶ
611 4132 719 4184 τῶν
747 4133 952 4204 σφόδρα
985 4132 1255 4204 πονηρῶν,
1288 4134 1374 4186 διὰ
1409 4134 1464 4186 τί
1493 4135 1568 4204 μὴ
1601 4136 1714 4200 καὶ,
1763 4138 1851 4189 ὅτε
1896 4140 1923 4190 6
1951 4140 2064 4191 Να-

493 4218 874 4289 ϐουχοδονόσορ
903 4217 1088 4292 ἦλθεν,
1122 4217 1242 4274 εἷπε
1278 4222 1436 4275 τοῦτο
1456 4225 1483 4274 ὁ
1514 4224 1663 4286 Θεὸς,
1689 4225 1802 4277 ἁλλ’
1835 4225 2062 4291 ἐξέδωκε

489 4306 589 4376 τὴν
621 4307 809 4373 πόλιν;
850 4309 1067 4380 Ἐπειδὴ
1105 4308 1289 4378 μεῖζον
1339 4312 1558 4380 ἴσχυσεν
1602 4313 1634 4381 ἡ
1666 4315 1917 4383 πονηρία.
1952 4318 2064 4367 Πά-

489 4391 575 4446 λιν
598 4395 757 4458 αὐτὸς
785 4389 937 4460 οὗτος
961 4399 989 4449 6
1027 4397 1280 4468 Σαμουὴλ
1312 4398 1514 4468 ηὔξατο
1549 4401 1689 4470 ὑπὲρ
1708 4401 1816 4453 τῶν
1850 4403 2061 4474 Ἰσραη-

490 4482 671 4548 λιτῶν,
700 4483 794 4536 καὶ
825 4485 1020 4554 ἤνυσεν
1045 4501 1058 4514 ·
1094 4485 1230 4538 ἀλλὰ
1267 4487 1397 4538 πότε
1420 4505 1434 4552 ;
1459 4488 1585 4539 Ὅτε
1617 4491 1709 4540 καὶ
1747 4490 1902 4542 αὐτοὶ
1931 4493 2059 4560 εὐη-

493 4571 740 4640 ρέστουν,
797 4573 918 4625 τότε
966 4573 1310 4643 ἐτροπώσατο
1355 4577 1480 4638 τοὺς
1529 4577 1775 4646 ἐχθρούς.
1813 4580 1920 4631 Καὶ
1975 4582 2058 4642 τίς

491 4658 667 4728 χρεία,
697 4661 848 4729 φησὶ,
889 4655 1036 4732 [45]]
1061 4662 1157 4731 τῆς
1193 4665 1321 4732 παρ’
1351 4664 1537 4735 ἐτέρου
1571 4665 1757 4734 εὐχῆς,
1793 4667 1921 4719 ὅταν
1947 4668 2058 4734 ἐγὼ

490 4746 802 4815 εὐαρεστῶ;
837 4748 1120 4818 Μηδέποτε
1149 4750 1304 4802 τοῦτο
1327 4751 1506 4822 εἴπῃς,
1549 4752 1822 4823 ἄνθρωπε.
1861 4755 2053 4824 Χρεία,

489 4835 583 4887 καὶ
612 4834 810 4904 πολλῆς
843 4836 1002 4905 χρεία
1038 4839 1202 4908 εὐχῆς
1221 4855 1235 4869 ·
1267 4838 1429 4892 ἄκουε
1456 4841 1564 4910 γὰρ
1584 4841 1678 4893 τοῦ
1707 4841 1840 4894 Θεοῦ
1869 4843 2056 4911 λέγον-

486 4939 578 4984 τος
617 4922 745 4989 περὶ
777 4921 884 4973 τῶν
933 4923 1101 4990 φίλων
1137 4924 1229 4976 τοῦ
1295 4925 1442 4977 Ἱώ6·
1495 4926 1605 4979 Καὶ
1635 4928 2051 4994 προσεύξεται,

487 5010 640 5077 φησὶ,
663 5010 796 5075 περὶ
819 5009 1007 5078 ὑμῶν,
1030 5011 1129 5064 καὶ
1156 5012 1522 5081 ἀφεθήσεται
1547 5014 1690 5083 ὑμῖν
1710 5017 1748 5083 ἡ
1778 5016 2050 5084 ἁμαρτία·

485 5096 672 5167 ἐπειδὴ
725 5097 974 5167 ἥμαρτον
1024 5099 1143 5169 μὲν,
1193 5101 1292 5171 οὐχ
1348 5103 1624 5173 ἁμαρτίαν
1677 5102 1733 5157 δέ
1787 5105 2048 5174 μεγάλην.

497 5184 636 5234 Ἀλλ’
686 5185 850 5248 αὐτὸς
898 5181 1052 5249 οὗτος
1090 5190 1118 5240 6
1155 5187 1361 5252 δίκαιος
1406 5192 1433 5242 6
1477 5187 1654 5252 σώσας
1690 5191 1819 5254 τοὺς
1865 5193 2051 5260 φίλους

481 5272 646 5324 αὐτοῦ
694 5274 815 5327 τότε
863 5274 970 5328 ἀπὸ
999 5276 1182 5346 εὐχῆς,
1231 5279 1289 5332 ἐν
1319 5276 1397 5347 τῷ
1446 5279 1623 5350 καιρῷ
1667 5279 1745 5350 τῷ
1773 5279 2050 5352 Ἰουδαϊκῴ

480 5360 580 5414 οὐκ
608 5360 845 5431 ἠδυνήθη
893 5361 1063 5416 σῶσαι
1111 5365 1239 5427 τούς
1292 5364 1575 5429 Ἰουδαίους
1618 5367 2044 5438 ἀπολλυμένους.

480 5448 591 5501 Kal
623 5449 711 5502 ἵνα
759 5450 956 5522 μάθῃς,
987 5451 1150 5505 ἄκουε
1192 5453 1287 5506 τοῦ
1335 5453 1468 5506 Θεοῦ
1514 5454 1761 5522 λέγοντος
1816 5455 1902 5509 διὰ
1952 5457 2044 5510 τοῦ

480 5538 760 5606 προφήτου
790 5555 803 5567 ·
843 5537 942 5592 Ἂν
973 5538 1092 5606 στῇ
1137 5538 1290 5602 Νῶε,
1332 5541 1431 5592 καὶ
1487 5543 1634 5609 Ἰὼϐ,
1668 5544 1765 5597 καί
1798 5545 2043 5611 Δανιὴλ,

480 5625 590 5676 οὐκ
623 5625 974 5687 ἐξελοῦνται
1003 5627 1144 5692 τοὺς
1174 5629 1344 5694 υἱοὺς
1377 5627 1577 5683 αὐτῶν
1609 5631 1707 5683 καὶ
1736 5631 1835 5696 τὰς
1869 5636 2044 5700 θυγα-

537 5804 865 5876 ‘Legendum
885 5813 1094 5873 videtur,
1130 5827 1194 5863 ex
1229 5827 1328 5864 uno
1359 5815 1474 5868 Colb
1501 5852 1514 5876 ,
1541 5817 1785 5881 βούλεσθαι
1827 5815 1960 5866 Εοιτ.

1256 337 1313 389 S.
1353 332 1634 390 JOANMS
1670 326 2150 387 CIIRYSOSTUMI
2191 327 2508 383 ARCIHEP.
2545 331 3089 389 CONSTANTINOP.

3651 339 3753 396 398

2199 445 2405 512 τέρας·
2431 448 2638 516 ἐπειδὴ
2668 452 3079 521 ὑπερίσχυσεν
3122 453 3161 521 ’ἠ
3207 455 3385 507 κακία
3410 470 3425 485 ·
3457 456 3550 508 καὶ
3578 455 3758 518 πάλιν,

2213 535 2355 588 Ἐὰν
2390 537 2512 604 στῇ
2553 540 2834 607 Μωϋσῆς,
2865 545 2963 596 καὶ
3006 544 3311 612 Σαμουὴλ.
3347 545 3456 598 Kal
3499 545 3602 615 ὃριι
3645 545 3761 610 πῶς

2199 623 2333 691 πρὸς
2355 627 2479 688 τούς
2507 627 2599 679 δύο
2625 631 2908 698 προφήτας
2930 633 3087 685 τοῦτο
3114 631 3350 700 λέγεται,
3373 632 3558 704 ἐπειδὴ
3587 634 3762 704 ἀμφό-

2195 727 2342 778 τεροι
2377 713 2615 780 ἠξίωσαν
2645 716 2784 786 ὑπὲρ
2824 719 3023 784 αὐτῶν,
3060 719 3152 772 καὶ
3182 721 3281 772 οὐκ
3323 721 3606 789 ἐπέτυχον.
3652 719 3760 774 Καὶ

2195 796 2301 866 γὰρ
2330 801 2355 850 ό
2395 800 2653 871 Ὶεζεκιὴλ
2681 805 2867 874 ἐπειδὴ
2897 805 3101 864 ἔλεγεν·
3152 807 3341 874 Οίμοι,
3381 808 3557 875 Κύριε
3577 808 3598 860 .'
3621 807 3756 872 ἐξα-

2191 886 2421 951 λείφεις
2451 888 2531 939 σὺ
2548 890 2613 940 τὸ
2643 890 3011 944 κατάλοιπον
3040 892 3148 946 τοῦ
3191 893 3481 960 Ἰσραήλδ
3499 910 3511 922 ·
3549 897 3578 946 6
3605 894 3756 959 Θεὸς,

2191 968 2362 1038 δηλῶν
2384 973 2464 1024 ὅτι
2488 973 2706 1038 δικαίως
2731 977 2890 1030 τοῦτο
2919 981 3079 1044 ποιεῖ,
3115 981 3212 1032 καὶ
3242 981 3342 1033 οὐκ
3387 980 3551 1033 αὐτοῦ
3591 998 3758 1034 κατα·

2193 1057 2404 1124 φρονῶν
2436 1060 2496 1111 οὐ
2525 1060 2740 1130 δέχεται
2773 1063 2870 1133 τὴν
2897 1065 3036 1135 ὑπὲρ
3065 1065 3244 1119 αὐτῶν
3284 1069 3514 1130 ἱκεσίαν,
3544 1069 3756 1121 δείκνυ-

2193 1160 2276 1194 σιν
2297 1145 2444 1215 αὐτῷ
2471 1146 2540 1199 τὰ
2572 1149 2946 1221 ἁμαρτήματα
2981 1153 3182 1218 αὐτῶν,
3217 1156 3502 1224 μονονουχὶ
3545 1156 3716 1224 λέγων
3741 1173 3754 1190 ·

2201 1232 2384 1284 Ἱκανὰ
2405 1234 2505 1301 μέν
2531 1231 2625 1288 οῦν
2650 1238 2742 1290 καὶ
2771 1238 2945 1292 ταῦτά
2976 1257 3036 1292 σε
3056 1243 3239 1295 πεῖσαι
3271 1243 3352 1295 ὅτι
3386 1244 3446 1294 οὐ
3481 1260 3756 1314 καταφρο-

2189 1320 2293 1370 νῶν
2322 1335 2436 1380 σου,
2473 1321 2610 1374 ἀλλὰ
2654 1323 2740 1374 διὰ
2771 1325 2869 1387 τὰς
2909 1326 3180 1397 ἁμαρτίας
3219 1329 3398 1382 αὐτῶν
3422 1330 3520 1392 τὰς
3557 1330 3754 1394 πολλὰς

2188 1407 2248 1456 οὐ
2295 1406 2522 1475 δέχομαι
2570 1410 2669 1478 τὴν
2719 1412 3032 1482 ἱκετηρίαν·
3067 1413 3180 1466 ἀλλ’
3231 1416 3378 1485 ὅμως
3421 1416 3616 1484 ἐπάγει
3661 1419 3754 1472 καὶ

2187 1494 2364 1554 τοῦτο,
2411 1496 2553 1548 Ἐὰν
2582 1496 2700 1564 στῇ
2755 1498 2904 1562 Νῶε,
2927 1502 3026 1553 καὶ
3062 1501 3206 1566 Ἰὼϐ,
3236 1501 3332 1555 καὶ
3369 1504 3612 1569 Δανιὴλ.
3645 1506 3754 1557 Καὶ

2187 1582 2413 1644 εἰκότως
2443 1579 2637 1653 ἐκείνῳ
2667 1585 2868 1655 μᾶλλον
2897 1587 3068 1640 ταῦτα
3097 1587 3264 1657 λέγει,
3305 1590 3492 1660 ἐπειδὴ
3528 1594 3555 1644 ὁ
3586 1591 3754 1646 πολλὰ

2186 1668 2374 1722 παθὼν
2401 1671 2564 1733 αὐτός
2597 1674 2745 1726 ἐστιν
2771 1713 2783 1724 .
2814 1669 2980 1738 Εἷπές
3008 1692 3122 1746 μοι,
3151 1677 3336 1745 φησὶν,
3363 1679 3454 1730 ἐπὶ
3495 1677 3752 1747 βολϐίτων

2185 1758 2401 1823 φαγεῖν,
2428 1759 2523 1810 καὶ
2549 1758 2751 1828 ἔφαγον
2772 1778 2783 1790 ·
2814 1758 2966 1824 εἶπές
2991 1779 3104 1830 μοι,
3140 1766 3234 1816 καὶ
3265 1763 3574 1836 ἐξυράμην·
3603 1764 3750 1828 εἶπές

2187 1861 2299 1912 μοι,
2341 1847 2436 1898 καὶ
2482 1846 2575 1898 ἐπὶ
2610 1848 2702 1899 τοῦ
2759 1847 2876 1911 ἐνὸς
2933 1849 3167 1919 πλευροῦ
3222 1852 3556 1922 ἐκοιμήθην·
3602 1848 3752 1916 εἶπές

2187 1947 2276 1998 μοι
2322 1931 2387 1983 δι’
2425 1933 2562 2004 ὀπῆς
2593 1935 2826 2001 ἐξελθεῖν
2868 1935 3290 2006 βασταζόμενον,
3346 1939 3438 1991 καὶ
3486 1940 3744 2008 ἐξῆλθον·

2183 2016 2370 2079 ἔλαϐές
2402 2036 2504 2087 μου
2535 2021 2634 2090 τὴν
2662 2025 2917 2088 γυναῖκα,
2947 2024 3039 2075 καὶ
3064 2021 3220 2086 εἶπές
3250 2042 3340 2094 μοι
3365 2025 3439 2096 μὴ
3461 2027 3748 2098 πενθῆσαι,

2182 2108 2276 2158 καὶ
2329 2106 2427 2160 οὐκ
2457 2109 2767 2179 ἐπένθησα,
2827 2111 2943 2164 ἀλλ’

2181 2192 2342 2264 ἕτερα
2365 2196 2709 2267 εἰργασάμην
2733 2199 2799 2251 δι’
2829 2199 3026 2262 αὐτούς
3050 2215 3064 2229 ·
3103 2201 3194 2254 καὶ
3221 2201 3331 2269 ἐγώ
3361 2218 3417 2252 σε
3445 2201 3581 2266 ἀξιῶ
3605 2203 3747 2273 ὑπὲρ

2179 2281 2376 2346 αὐτῶν,
2411 2285 2504 2336 καὶ
2537 2286 2595 2337 οὐ
2630 2285 2827 2356 πείθῃ;
2865 2288 3088 2348 Δεικνὺς
3115 2287 3297 2340 τοίνυν
3325 2290 3353 2341 ὁ
3391 2287 3542 2354 Θεὸς,
3565 2289 3646 2342 ὅτι
3683 2292 3744 2342 οὐ

2178 2371 2536 2440 καταφρονῶν
2592 2373 2756 2424 αὐτοῦ
2790 2373 2950 2425 τοῦτο
3001 2376 3165 2436 ποιεῖ,
3219 2375 3364 2443 λέγει
3390 2390 3402 2403 ·
3439 2376 3567 2430 Κᾶν
3595 2375 3745 2444 Νῶε,

2175 2455 2292 2508 κᾶν
2324 2457 2461 2520 Ἰὼϐ,
2495 2457 2612 2510 κᾶν
2646 2459 2870 2527 Δανιὴλ
2889 2455 2951 2530 ᾗ,
2987 2460 3081 2512 καὶ
3104 2461 3256 2528 ὑπὲρ
3278 2463 3424 2514 υἱῶν
3444 2461 3744 2527 ἀξιώσωσι

2174 2543 2274 2594 καὶ
2329 2545 2687 2614 θυγατέρων,
2747 2549 2818 2599 οὺ
2867 2548 3160 2615 πείθομαι.
3211 2549 3320 2600 Kal
3365 2548 3442 2619 τῷ
3510 2549 3748 2622 Ἱερεμίᾳ.

2175 2634 2338 2685 πάλιν
2391 2636 2650 2689 ἐλάττονα
2713 2637 2809 2705 μὲν
2862 2637 3126 2706 πάσχοντι
3190 2638 3299 2691 ἀπὸ
3335 2640 3445 2690 τῶν
3481 2638 3575 2691 τοῦ
3608 2640 3742 2692 Θεοῦ

2174 2725 2635 2794 προσταγμάτων,
2668 2723 2890 2778 πλείονα
2915 2725 2972 2777 δὲ
3000 2724 3106 2778 ἀπὸ
3128 2725 3228 2795 τῆς
3255 2725 3434 2778 αὐτῶν
3461 2727 3741 2796 πονηρίας,

2170 2813 2224 2864 τί
2259 2827 2466 2883 (man;
2523 2815 2591 2869 Ἢ
2630 2817 2744 2883 οὐχ
2784 2813 2929 2882 ὁρᾷς
2969 2817 3027 2868 τί
3067 2811 3237 2870 οὗτοι
3289 2816 3568 2882 ποιοῦσι;
3608 2817 3739 2882 Ναὶ,

2171 2903 2324 2969 φησὶ,
2355 2900 2600 2954 ποιοῦσιν
2621 2920 2634 2931 ·
2670 2902 2805 2955 ἀλλὰ
2827 2902 2892 2956 δι’
2915 2904 3014 2972 ἐμὲ
3034 2904 3276 2973 ποίησον.
3309 2903 3409 2958 Διὰ
3427 2904 3583 2957 τοῦτό
3607 2921 3740 2975 φησι

2172 2989 2307 3058 πρὸς
2343 2989 2505 3042 αὐτόν
2533 3006 2547 3019 ·
2621 2988 2763 3043 Ἐὰν
2805 2989 2928 3058 στῇ
2974 2990 3236 3057 Μωῦσῆς
3286 2990 3382 3042 καὶ
3419 2990 3735 3060 Σαμουὴλ·

2168 3077 2410 3146 Μωύσῆς
2438 3077 2466 3126 6
2501 3077 2715 3146 πρῶτος
2746 3078 3062 3148 νομοθέτης,
3094 3079 3123 3130 ὁ
3150 3077 3412 3142 πολλάκις
3429 3081 3624 3142 αὐτοὺς
3652 3078 3739 3144 ἐξ·

2168 3164 2419 3234 ελόμενος
2465 3165 2750 3230 κινδύνων,
2784 3167 2812 3218 6
2847 3165 3035 3218 εἰπὼν·
3067 3168 3139 3220 El
3179 3165 3296 3235 μὲν
3331 3164 3494 3235 ἀφῇς
3534 3166 3740 3232 αὐτοῖς

2166 3251 2282 3318 τὴν
2313 3253 2622 3320 ἁμαρτίαν,
2656 3253 2834 3322 ἄφες·
2873 3257 2928 3308 εί
2958 3252 3026 3306 δὲ
3050 3253 3163 3322 μὴ,
3200 3254 3354 3323 κάμὲ
3387 3253 3736 3322 ἐξάλειψον.

2165 3339 2230 3391 Εἰ
2264 3341 2442 3392 τοίνυν
2486 3335 2640 3402 οὗτος
2675 3337 2743 3410 ἦν
2792 3340 2906 3404 νῦν,
2955 3342 3050 3395 καὶ
3083 3342 3255 3394 ταῦτα
3289 3342 3494 3409 ἔλεγεν,
3527 3343 3626 3394 οὐκ
3670 3341 3738 3395 ἂν

2165 3427 2399 3498 ἐπέτυχε
2420 3444 2433 3457 ·
2465 3430 2558 3482 καί
2590 3430 2638 3482 εί
2676 3428 2927 3501 Σαμουὴλ
2953 3429 3133 3494 πάλιν,
3168 3431 3196 3482 6
3227 3430 3320 3482 ml
3362 3431 3522 3493 αὐτὸς
3555 3430 3734 3494 ἐξελό-

2169 3532 2327 3585 μενος
2345 3516 2560 3581 αὐτούς,
2590 3519 2618 3570 ὁ
2641 3518 2703 3569 ἐκ
2728 3515 2949 3588 πρώτης
2971 3517 3185 3588 ἡλικίας
3210 3517 3561 3587 θαυμασθείς.
3592 3519 3737 3588 Πρὸς

2168 3605 2267 3674 μὲν
2296 3605 2407 3675 γὰρ
2435 3607 2639 3659 ἐκεῖνον
2667 3603 2839 3671 εἷπον,
2871 3608 2953 3660 ὅτι
2981 3608 3182 3660 ὼσανεὶ
3207 3608 3358 3676 φίλος
3391 3607 3526 3678 πρὸς
3557 3608 3730 3677 φίλον,

2169 3692 2313 3745 οὕτω
2350 3693 2669 3764 διειλέχθην,
2693 3694 2786 3746 καὶ
2807 3695 2864 3747 οὐ
2891 3695 2956 3747 δι’
2983 3696 3316 3766 αἰνιγμάτων
3336 3713 3349 3726 ·
3379 3696 3513 3763 πρὸς
3541 3697 3596 3750 δὲ
3610 3695 3737 3749 τοῦ·

2164 3799 2256 3835 τον
2282 3777 2458 3847 εἷπον,
2485 3785 2568 3846 ὅτι
2597 3785 2654 3834 ἐν
2683 3785 2876 3854 πρώτῃ
2899 3782 3089 3854 ἡλικίᾳ
3114 3783 3300 3854 ὤφθην
3331 3783 3495 3853 αὐτῷ,
3522 3785 3615 3836 καὶ
3645 3784 3736 3840 διὰ

2165 3870 2353 3923 τοῦτον
2399 3870 2739 3940 δυσωπηθεὶς
2779 3870 3223 3924 ἀποκλεισθεῖσαν
3253 3871 3348 3941 τὴν
3396 3874 3734 3941 προφητείαν

2165 3959 2397 4028 ἁνέιδυξα.
2418 3959 2529 4011 Καὶ
2546 3959 2653 4028 γὰρ
2674 3955 2771 4028 ἦν,
2795 3959 2947 4030 φησὶ,
2970 3957 3136 4028 ῥῆμα
3154 3959 3367 4027 τίμιον,
3393 3960 3487 4011 καὶ
3513 3962 3624 4012 οὐκ
3651 3955 3733 4028 ἦν

2166 4045 2377 4114 ὅρασις
2403 4048 2869 4101 διαστέλλουσα.
2927 4048 3049 4099 Ἐὰν
3094 4042 3236 4101 οῦτοι
3275 4047 3450 4099 τοίνυν
3507 4047 3730 4114 στῶσιν,

2163 4135 2316 4187 οὐδὲν
2347 4137 2620 4204 όνὴσουσι.
2653 4138 2762 4188 Kal
2781 4135 2908 4204 περὶ
2928 4134 3021 4187 τοῦ
3051 4135 3173 4186 Νῶε
3199 4135 3252 4187 δέ
3273 4133 3440 4202 λέγει,
3469 4135 3730 4200 Δίκαιος,

2161 4226 2390 4289 τέλειος
2422 4225 2490 4276 ἐν
2531 4224 2604 4292 τῇ
2634 4222 2807 4292 γενεᾷ
2838 4223 3022 4276 αὑτοῦ
3067 4219 3145 4292 ἦν
3167 4220 3320 4275 Νῶε·
3363 4224 3454 4276 καὶ
3480 4223 3606 4294 περὶ
3632 4222 3729 4275 τοῦ

2174 4313 2315 4372 Ἰὼϐ,
2342 4314 2691 4382 Ἀμεμπτος,
2727 4312 2877 4384 [452]
2900 4312 3148 4377 δίκαιος,
3180 4311 3486 4377 ἀληθινὸς,
3515 4315 3729 4366 Θεοσε-

2165 4400 2298 4466 ϐής.
2331 4401 2566 4463 Τούτους
2594 4396 2686 4452 οὖν
2719 4401 2970 4461 στάντας,
3004 4399 3094 4451 καὶ
3129 4397 3349 4468 Δανιὴλ,
3383 4398 3442 4450 ὃν
3472 4399 3566 4450 καὶ
3591 4399 3727 4452 θεὸν

2161 4489 2420 4558 ἐνόμισαν
2453 4489 2501 4540 οί
2554 4487 2830 4549 Χαλδαῖοι,
2890 4487 2988 4538 οὐκ
3050 4485 3250 4548 ἐξελεῖν
3303 4484 3514 4554 ίσχῦσαί
3559 4503 3726 4555 φησιν

2160 4577 2308 4638 υἰούς
2348 4575 2526 4628 αὐτῶν
2558 4577 2652 4628 καὶ
2701 4575 3021 4644 θυγατέρας.
3055 4573 3238 4625 Ταῦτα
3283 4573 3458 4625 τοίνυν
3502 4573 3722 4639 εἰδότες,

2161 4666 2296 4734 μήτε
2354 4664 2783 4735 καταφρονῶμεν
2837 4663 2944 4716 τῶν
2999 4661 3173 4732 εὐχῶν
3210 4661 3317 4714 τῶν
3351 4661 3540 4729 ἁγίων,
3583 4666 3722 4731 μήτε

2156 4751 2218 4804 τὸ
2268 4754 2376 4804 πᾶν
2432 4753 2622 4814 αὐταῖς
2681 4750 3113 4822 ἐπιρρίπτωμεν,
3167 4748 3324 4801 τοῦτο
3360 4750 3478 4818 μὲν,
3531 4749 3617 4803 ἵνα
3647 4750 3725 4818 μὴ

2159 4838 2496 4908 ῥαθυμῶμεν
2528 4839 2622 4892 καὶ
2653 4839 2774 4907 εἰκῇ
2802 4837 3003 4905 ζῶμεν.
3038 4838 3213 4889 ἐκεῖνο
3245 4836 3319 4900 δὲ,
3361 4836 3448 4888 ἵνα
3489 4836 3561 4906 μὴ
3591 4835 3724 4888 πολι

2155 4923 2249 4977 λοῦ
2301 4925 2524 4996 κέρδους
2583 4925 2935 4992 ἐκπέσωμεν·
2987 4922 3122 4976 ἀλλὰ
3178 4922 3271 4974 καὶ
3320 4921 3725 4991 παρακαλῶμεν

2155 5011 2413 5082 εῦχεσθαι
2449 5013 2767 5083 ὐπέρήμῶν
2809 5011 2901 5064 καὶ
2937 5014 3125 5080 χεῖρας
3161 5010 3397 5080 ὀρέγειν,
3439 5012 3533 5062 καὶ
3564 5011 3726 5063 αὐτοὶ

2154 5100 2408 5170 ἐχώμεθα
2441 5103 2540 5172 τῆς
2561 5102 2760 5172 ἀρετῆς
2782 5117 2794 5129 ·
2831 5101 2917 5154 ἵνα
2952 5099 3264 5168 δυνηθῶμεν
3306 5099 3577 5167 ἐπιτυχεῖν
3611 5097 3725 5151 τῶν

2161 5189 2593 5258 ἐπηγγελμένων
2624 5188 2844 5258 ἀγαθῶν
2878 5192 2989 5251 τοῖς
3017 5186 3299 5256 ἀγαπῶσιν
3331 5186 3515 5250 αὐτὸν,
3538 5186 3725 5255 χάριτι

2152 5279 2246 5330 καὶ
2279 5277 2657 5348 φιλανθρωπία
2697 5277 2792 5330 τοῦ
2826 5275 3027 5346 Κυρίου
3057 5273 3212 5345 ἡμῶν
3257 5273 3430 5344 Ἰησοῦ
3454 5271 3721 5342 Χριστοῦ,

2157 5367 2276 5437 μεθ’
2301 5361 2362 5420 οὗ
2392 5365 2466 5436 τῷ
2502 5367 2673 5433 Πατρὶ
2693 5365 2808 5437 ἅμα
2830 5365 2906 5434 τῷ
2933 5365 3072 5434 ἁγίῳ
3099 5362 3375 5432 Πνεύματι
3407 5362 3553 5428 δόξα,
3583 5360 3724 5430 κρά-

2148 5472 2262 5517 τος,
2298 5455 2453 5524 τιμὴ,
2492 5455 2586 5508 νῦν
2627 5455 2718 5508 καὶ
2783 5455 2891 5518 ἀεὶ,
2935 5455 3028 5506 καὶ
3071 5454 3149 5516 είς
3201 5453 3326 5514 τοὺς
3369 5451 3570 5516 αἰῶνας
3606 5449 3722 5504 τῶν

2153 5540 2384 5594 αἰώνων.
2435 5543 2625 5611 Ἀμήν.

2207 5750 2237 5790 ι’
2261 5753 2351 5801 Hic
2372 5754 2468 5800 alio
2490 5755 2632 5800 modo
2650 5753 2831 5811 ιρςξξεςο
2857 5751 3047 5798 vidntur
3079 5754 3324 5814 interpres
3365 5749 3561 5802 Latinus
3580 5749 3716 5802 Iler-

2148 5823 2311 5877 vetus,
2333 5817 2417 5878 qui
2443 5815 2546 5864 haec
2568 5813 2762 5864 diverse
2790 5814 3090 5863 enuntiabaL
