4120 6400
447 369 549 426 597

445 479 675 541 dicebat,
706 469 841 541 Quid
872 468 999 529 mihi
1043 479 1177 535 opus
1218 473 1297 518 est
1336 461 1584 530 precibus
1611 460 1634 513 ?
1660 450 1881 514 etiamsi
1928 454 2017 524 qui

440 546 803 641 precabantur
830 576 932 614 non
963 543 1144 612 essent
1171 554 1264 608 illo
1292 553 1458 622 digni,
1485 553 1591 604 imo
1620 564 1747 604 vero
1777 562 1844 602 ne
1864 561 2023 616 pares

449 638 660 733 quidem
694 674 706 709 :
736 663 790 709 et
818 662 875 705 ttt
913 650 1069 710 dicis,
1100 646 1235 715 Quid
1268 645 1395 698 mihi
1437 659 1568 712 opus
1612 650 1695 696 est
1722 640 1970 711 pret-ibus
2002 638 2024 690 ?

452 732 639 809 Petrus
662 762 766 801 non
785 744 934 807 dixit,
960 740 1099 807 Quid
1122 739 1248 793 mihi
1274 752 1408 807 opus
1427 747 1505 791 est
1530 735 1807 805 precibus?
1833 732 2016 785 Oratio

452 845 615 903 enim,
649 838 839 907 inquit,
873 835 1026 904 ﬁebat
1069 834 1175 885 sine
1200 830 1566 883 intermissione
1596 827 1657 880 ab
1689 826 1916 879 Ecclesia
1960 824 2026 876 ad

455 936 618 989 Deum
652 948 742 1002 pro
772 947 831 983 eo
864 928 1017 998 (Act.
1052 925 1139 978 19...
1172 925 1204 979 5
1233 924 1251 994 )
1285 940 1297 975 :
1340 934 1393 976 et
1434 931 1491 975 tu
1530 921 1661 974 dicis
1683 963 1701 987 ,
1733 919 1865 986 Quid
1898 916 2026 970 mihi

456 1041 592 1096 Oplt3
621 1033 701 1078 est
733 1021 977 1092 precibus
1006 1019 1028 1070 Ἰ
1055 1017 1337 1085 Propterea
1371 1013 1462 1067 tibi
1489 1026 1621 1080 opus
1649 1020 1750 1073 est,
1778 1009 2029 1078 quoniam

456 1116 733 1171 existimas
761 1124 811 1166 te
840 1126 944 1164 non
993 1124 1125 1177 opus
1163 1105 1379 1159 habere.
1431 1103 1645 1157 Etiamsi
1693 1101 1854 1154 fueris
1894 1101 2031 1153 sicut

458 1207 676 1269 Paulus,
708 1218 841 1272 opus
866 1201 1031 1253 habes
1064 1198 1324 1267 precibus.
1350 1195 1427 1249 Ne
1457 1204 1508 1248 te
1528 1193 1775 1254 extollas,
1810 1206 1875 1245 ne
1902 1190 2029 1244 red-

460 1298 605 1353 daris
632 1294 868 1350 humilis.
902 1291 1009 1346 Sed
1029 1332 1041 1354 ,
1077 1300 1136 1343 ut
1165 1289 1293 1351 dixi,
1327 1287 1371 1340 si
1404 1287 1570 1340 simus
1598 1284 1811 1354 quidem
1842 1282 2029 1337 intenti

460 1390 628 1459 operi,
655 1401 840 1458 preces
869 1399 964 1454 pro
995 1382 1148 1436 nobis
1176 1380 1385 1435 emissa:
1412 1378 1617 1447 juvant.
1645 1376 1777 1429 Audi
1814 1375 2030 1428 Paulum

461 1482 721 1535 dicentem
756 1495 770 1532 :
800 1477 919 1531 Scio
940 1476 1069 1527 enim
1097 1474 1230 1543 quod
1251 1472 1344 1523 hoc
1364 1470 1488 1521 mihi
1518 1469 1768 1536 proveniet
1798 1467 1865 1519 ad
1892 1467 2028 1518 saltt-

463 1581 561 1625 tem
581 1587 669 1640 per
687 1578 896 1620 vestram
918 1565 1196 1619 orationem
1216 1573 1258 1615 et
1275 1560 1784 1615 subministrationem
1810 1556 2035 1626 Spiritus

462 1664 586 1717 Jcsu
614 1660 797 1716 Christi
829 1662 846 1727 (
875 1658 1107 1725 Philipp.
1150 1657 1202 1709 1.
1240 1653 1308 1710 19
1343 1654 1399 1721 );
1448 1660 1503 1706 et
1536 1666 1744 1715 rursus,
1773 1650 2035 1721 Adjuvan-

465 1757 594 1809 tibus
646 1765 690 1808 et
739 1754 874 1806 vobis
927 1752 979 1803 in
1032 1748 1257 1802 oratione
1308 1763 1399 1816 pro
1452 1745 1613 1798 nobis.
1647 1742 1715 1798 Ut
1760 1759 1824 1796 ea:
1866 1742 2035 1795 multis

469 1846 693 1910 personis
734 1846 843 1913 ejus
886 1857 997 1913 qua:
1038 1842 1089 1892 in
1120 1839 1262 1891 nobis
1305 1846 1374 1890 est
1405 1836 1689 1888 donationis
1727 1850 1813 1902 per
1854 1832 2038 1885 multos

466 1937 641 2006 gratia:
668 1945 882 2004 agantur
908 1948 997 1999 pro
1027 1930 1168 1983 nobis
1196 1932 1212 1997 (
1242 1929 1295 1981 2.
1330 1928 1446 1979 Cor.
1475 1928 1523 1980 1.
1556 1927 1614 1979 11
1706 1925 1771 1978 Et
1796 1934 1847 1977 tu
1876 1925 2035 1986 dicis,

468 2026 603 2092 Quid
637 2026 763 2078 mibi
796 2038 929 2091 opus
952 2032 1032 2076 est
1056 2019 1335 2073 oratione?
1364 2018 1454 2071 Sin
1484 2025 1657 2070 autem
1686 2016 1851 2068 simus
1880 2013 2036 2083 pigri,

467 2130 625 2173 nemo
669 2116 819 2169 nobis
848 2114 1099 2184 prodesse
1146 2111 1360 2180 poterit.
1390 2108 1524 2175 Quid
1555 2107 1747 2177 profuit
1783 2106 2040 2160 Jeremias

454 2207 706 2269 ludatis?
738 2220 913 2260 nonne
940 2215 1020 2257 ter
1049 2202 1113 2256 ad
1148 2203 1309 2256 Deum
1338 2201 1582 2265 accessit,
1615 2210 1667 2253 et
1690 2207 1771 2252 ter
1796 2198 1997 2252 audivit
2026 2214 2039 2252 :

472 2300 552 2354 Ne
582 2299 794 2369 preceris
822 2313 911 2349 nec
934 2311 1076 2364 roges
1106 2309 1197 2363 pro
1222 2294 1406 2361 papulo
1432 2293 1525 2345 isto
1551 2332 1565 2356 ,
1598 2291 1833 2359 quoniam
1864 2305 1966 2341 non
2000 2298 2045 2340 te

469 2391 736 2444 exaudiam
763 2391 780 2456 (
804 2387 913 2440 Jer.
946 2387 997 2438 7.
1031 2386 1095 2439 16
1121 2382 1140 2455 )
1162 2384 1185 2437 ?
1212 2382 1347 2448 Quid
1374 2382 1519 2436 Sauli
1552 2381 1749 2448 profuit
1774 2377 1988 2433 Samuel
2016 2377 2039 2429 ?

473 2497 649 2537 nonne
676 2495 797 2533 eum
823 2477 953 2530 luxit
975 2490 1140 2544 usque
1159 2474 1223 2527 ad
1246 2482 1539 2527 extremum
1563 2470 1853 2531 diem,.ttcc
1874 2469 2042 2521 solum

472 2590 569 2643 pro
606 2589 670 2628 eo
701 2572 868 2624 oravit
898 2571 921 2623 ?
950 2568 1083 2634 Quid
1129 2567 1324 2636 profuit
1354 2564 1607 2618 lsraelilis
1637 2565 1660 2615 ?
1692 2577 1867 2615 nonne
1897 2561 2045 2615 dice-

471 2666 601 2726 bat,
662 2662 799 2715 Absit
844 2671 897 2713 ut
950 2675 1146 2729 peccem
1192 2656 1524 2709 intermittens
1574 2669 1720 2706 orare
1770 2668 1859 2721 pro
1909 2653 2046 2704 vobis

473 2759 548 2823 (l.
583 2754 709 2824 Reg.
736 2755 821 2807 1'2.
849 2753 981 2819 ‘25)?
1008 2766 1182 2802 nonne
1204 2764 1391 2801 omnes
1421 2745 1728 2814 perierunt?
1756 2744 1894 2798 Nihil
1918 2759 2045 2813 ergo

474 2854 716 2918 prosunt,
764 2844 989 2912 inquies,
1031 2840 1263 2910 preces?
1296 2839 1404 2891 lmo
1434 2853 1560 2891 vero
1599 2836 1753 2891 valde
1784 2844 2042 2904 prosunt;

472 2942 565 2995 sed
604 2937 816 3009 quando
861 2950 957 2989 nos
999 2948 1207 3003 quoque
1237 2930 1435 3000 aliquid
1465 2930 1708 2999 agimus:
1741 2944 1861 2981 nam
1889 2927 2046 2980 simul

472 3042 636 3102 agunt
662 3044 845 3101 preces
867 3037 921 3082 et
944 3042 1099 3096 Opem
1130 3027 1306 3079 ferunt
1339 3042 1352 3077 :
1377 3023 1533 3078 simul
1563 3032 1738 3076 autem
1763 3021 1872 3090 agit
1902 3020 2049 3088 quis-

476 3126 615 3197 piam
658 3134 711 3177 et
737 3138 891 3191 opem
923 3120 1027 3174 fert
1056 3120 1104 3173 ei
1136 3118 1222 3186 qui
1268 3118 1380 3185 ipse
1420 3125 1672 3185 operatur
1700 3130 1714 3177 ;
1756 3115 1837 3166 sin
1869 3122 2044 3166 autem

476 3232 692 3273 maneas
721 3217 869 3285 piger
896 3224 950 3268 et
974 3212 1198 3275 otiosus,
1221 3226 1285 3264 ex
1306 3210 1382 3264 eis
1412 3224 1516 3262 non
1544 3222 1788 3277 magnam
1817 3206 2049 3275 accipies

461 3308 775 3365 utilitatem.

546 3400 601 3452 4.
643 3396 770 3449 Nam
816 3397 858 3446 si
892 3394 1128 3446 valerent
1159 3405 1343 3460 preces
1374 3404 1472 3442 nos
1501 3389 1699 3443 otiosos
1730 3388 1782 3442 in
1822 3402 2044 3458 regnum

478 3488 834 3548 introducere,
877 3502 971 3541 cur
1008 3500 1110 3538 non
1137 3498 1323 3537 omnes
1350 3482 1519 3537 Grmci
1551 3481 1682 3535 fiunt
1708 3480 1998 3535 Christiani
2026 3478 2050 3531 ?

478 3597 655 3637 nonne
681 3592 897 3634 oramus
939 3592 1035 3646 pro
1064 3584 1173 3629 toto
1202 3574 1402 3628 mundo
1430 3575 1454 3627 ?
1494 3588 1671 3628 nonne
1698 3573 1801 3627 hoc
1839 3586 2051 3641 quoque

480 3673 700 3727 faciebat
730 3669 960 3723 Paulus?
987 3682 1161 3720 nonne
1179 3680 1425 3736 rogamus
1448 3676 1504 3719 ut
1526 3678 1711 3719 omnes
1737 3673 2051 3717 convertan-

470 3774 566 3817 ‘tur
592 3762 615 3815 ?
643 3762 735 3815 Dic
762 3761 925 3823 enim,
955 3774 1051 3812 cur
1078 3757 1200 3810 ntali
1248 3772 1352 3809 non
1400 3756 1531 3809 ﬁunt
1572 3757 1737 3810 boni?
1764 3770 1964 3819 annon,
1997 3765 2053 3808 ut

480 3855 654 3923 palam
685 3862 804 3914 est,
854 3850 974 3919 quia
1008 3849 1139 3902 nihil
1180 3857 1401 3918 possunt
1430 3864 1493 3902 ex
1526 3863 1584 3901 se
1612 3846 1803 3901 afferre
1832 3849 1855 3898 ‘t
1887 3844 2052 3899 Valde

480 3960 610 4015 ergo
650 3951 871 4013 prosunt
903 3956 1121 4011 preces,
1168 3955 1288 3993 cum
1322 3954 1418 3993 nos
1458 3954 1668 4008 quoque
1696 3953 1725 3991 a
1754 3938 1907 3991 nobis
1935 3952 2053 4006 qure

480 4045 605 4092 sunt
647 4046 825 4090 nostra
865 4031 1219 4088 attulerimus.
1254 4029 1345 4084 Vis
1381 4032 1517 4085 scire
1555 4040 1806 4100 quantum
1849 4029 2055 4098 prosint

483 4128 712 4197 preces?
753 4126 925 4195 cogita
956 4122 1292 4186 Cornelium,
1323 4121 1605 4176 Tabitltam
1636 4123 1783 4188 (Act.
1815 4122 1900 4176 10.
1928 4123 1980 4175 ‘5.
2009 4130 2055 4175 et

482 4222 535 4277 9.
568 4220 692 4289 56);
725 4218 845 4271 audi
873 4218 1031 4271 etiam
1062 4215 1317 4270 Jacobum
1350 4214 1613 4268 dicentem
1642 4213 1856 4267 Labano
1889 4230 1902 4267 :
1937 4213 2057 4266 Nisi

485 4317 634 4370 timor
674 4315 828 4383 patris
868 4313 962 4364 mei
1003 4320 1125 4365 esset
1159 4310 1316 4375 mihi,
1366 4325 1577 4362 vacuum
1620 4325 1697 4361 me
1735 4308 2007 4361 dimisisses
2039 4323 2057 4361 :

486 4408 609 4462 audi
644 4407 806 4459 Deum
846 4418 1054 4472 quoque
1083 4418 1266 4457 rursus
1296 4401 1583 4462 dicentem,
1625 4399 1900 4469 Protegam
1928 4400 2057 4453 hanc

487 4502 733 4554 civitatem
773 4506 975 4567 propter
1004 4512 1102 4560 me,
1135 4504 1180 4548 et
1230 4504 1431 4563 propter
1462 4494 1630 4546 David
1656 4510 1851 4546 servum
1891 4510 2053 4546 meum

490 4589 641 4657 (Gen.
670 4590 754 4643 5|.
778 4586 869 4641 η.
912 4588 964 4639 ι.
991 4586 1113 4654 Reg.
1145 4585 1229 4639 19.
1255 4586 1366 4655 54).
1387 4585 1489 4638 Sed
1519 4585 1768 4653 quando?
1798 4584 2060 4651 Tempore

492 4682 733 4738 Ezecltim
752 4681 839 4744 qui
866 4689 979 4732 erat
1003 4677 1199 4746 justus.
1223 4676 1353 4730 Nam
1377 4677 1419 4730 si
1437 4676 1677 4730 valerent
1699 4690 1883 4745 preces
1901 4676 2057 4729 etiam

493 4784 734 4840 tempore
760 4768 913 4822 valde
944 4769 1326 4822 sceleratorum
1352 4807 1366 4826 ,
1397 4782 1493 4821 cur
1523 4783 1625 4820 non
1659 4768 1816 4821 etiam
1848 4768 2061 4836 quando

491 4865 637 4919 venit
666 4860 1153 4916 Nabuchodonosor
1174 4899 1187 4921 ,
1223 4858 1323 4913 hoc
1352 4857 1482 4911 dixit
1513 4859 1650 4912 Dens
1675 4899 1690 4925 ,
1723 4857 1816 4912 sed
1847 4857 2059 4912 tradidit

493 4953 810 5009 civitatem?
857 4950 1118 5018 Quoniam
1167 4950 1284 5018 plus
1332 4949 1493 5001 valuit
1538 4951 1711 5002 scelus
1755 4958 1810 5002 et
1854 4950 2060 5003 vitium.

495 5044 842 5111 ltursusipse
869 5041 1083 5098 Samuel
1114 5042 1285 5095 oravit
1309 5055 1405 5110 pro
1438 5041 1708 5106 lsraclitis,
1732 5048 1781 5095 et
1810 5041 2064 5107 impetra-

494 5136 606 5201 vit;
631 5134 724 5189 sed
751 5134 1003 5204 quando?
1027 5132 1249 5200 Quando
1279 5132 1376 5199 ipsi
1398 5147 1606 5201 quoque
1630 5132 1737 5186 Deo
1764 5133 1895 5201 grati
1916 5141 2068 5185 erant

498 5245 551 5286 et
580 5230 805 5298 acrepti,
840 5239 963 5282 tunc
991 5227 1187 5296 fugavit
1217 5228 1479 5281 inimicos.
1525 5227 1590 5279 Et
1627 5226 1751 5295 quid
1784 5240 1939 5294 opus,
1974 5226 2053 5279 in-

498 5325 633 5394 quit,
663 5323 884 5377 alterius
906 5320 1178 5393 precibus,
1202 5321 1414 5390 quando
1446 5337 1542 5389 ego
1568 5321 1676 5374 Deo
1706 5334 1822 5373 sum
1850 5320 2067 5389 gratus?

501 5415 579 5469 Ne
611 5417 712 5469 hoc
739 5429 989 5482 umquam
1018 5412 1216 5467 dixeris
1236 5454 1251 5477 ,
1284 5426 1317 5465 0
1346 5411 1525 5465 homo.
1558 5413 1701 5481 Opus
1727 5421 1809 5465 cst
1834 5420 1885 5465 et
1917 5409 2069 5462 valde

503 5520 638 5571 opus
667 5512 749 5557 est
773 5503 953 5557 multis
980 5502 1227 5571 precibus
1253 5520 1266 5555 :
1296 5502 1415 5556 audi
1443 5502 1583 5557 enim
1615 5503 1784 5556 Deum
1808 5487 2069 5556 dicentem

504 5597 571 5649 de
600 5597 783 5649 amicis
814 5594 930 5648 Jobi
966 5612 978 5648 :
1012 5594 1074 5647 Et
1095 5594 1275 5656 orabit,
1305 5594 1494 5662 inquit,
1529 5611 1618 5665 pro
1648 5595 1803 5655 vobis,
1830 5604 1875 5647 et
1901 5594 2075 5646 dimit-

507 5697 634 5741 tetur
659 5690 793 5741 vobis
824 5699 1074 5753 peccatum
1109 5687 1127 5756 (
1155 5685 1251 5739 Job
1278 5687 1365 5740 4‘2.
1391 5686 1443 5755 8)
1471 5705 1483 5749 ;
1517 5687 1763 5755 quoniam
1788 5696 2070 5756 peccaraot

510 5780 746 5851 quidem,
774 5781 865 5836 sed
891 5797 992 5836 non
1021 5795 1264 5851 magnum
1291 5779 1614 5834 admiserant
1642 5790 1933 5850 peccatum.
1968 5778 2070 5833 Sed

1288 348 1353 405 IN
1390 347 1607 404 EPIST.
1646 344 1664 399 Ι
1728 343 1820 398 ΑΙ)
1857 339 2186 398 THESSAL.
2226 338 2377 393 CAP.
2419 339 2458 391 i.
2499 336 2729 393 HOMIL.
2772 338 2812 393 1.
2886 400 2887 403 η

3592 331 3703 389 598

2132 453 2217 507 hic
2250 453 2359 520 ipse
2378 454 2577 525 justus,
2601 453 2688 522 qui
2717 467 2807 522 per
2834 467 3021 521 preces
3047 463 3173 506 tunc
3200 451 3403 506 amicos
3431 465 3558 504 suos
3584 466 3702 504 ser-

2129 548 2288 606 vavit.
2323 546 2374 600 iit
2407 556 2644 616 tempore
2668 545 2889 601 Judaico
2916 561 3020 600 non
3056 546 3225 616 potuit
3249 560 3465 600 servare
3489 544 3705 598 Judams

2129 648 2436 708 pereuntes.
2466 640 2531 694 Et
2557 649 2614 693 ut
2640 639 2691 693 id
2732 640 2905 703 scias,
2940 639 3061 693 audi
3104 638 3272 692 Deum
3301 637 3569 692 dicentem
3610 651 3703 706 per

2132 730 2440 800 prephetam
2480 750 2491 786 :
2533 731 2592 787 Si
2621 733 2806 786 steterit
2841 730 2986 796 Noe,
3028 742 3073 786 et
3114 730 3212 785 Job
3233 774 3248 798 ,
3280 741 3323 785 et
3354 730 3568 792 Daniel,
3598 746 3701 782 non

2130 822 2340 891 eripient
2381 822 2515 890 [tlios
2555 840 2672 877 suos
2697 832 2742 876 et
2767 824 2921 890 filias,
2952 824 3187 893 quoniam
3231 822 3492 894 pravaluit
3532 822 3706 873 vitium

2133 912 2343 984 (Ezeclt.
2379 916 2465 968 Li.
2498 916 2586 981 16)
2613 930 2627 979 ;
2657 925 2707 968 et
2736 932 2943 981 rursus,
2978 916 3038 969 Si
3067 916 3253 969 steterit
3281 915 3505 985 Moyses,
3531 926 3576 967 et
3601 915 3706 968 Sa-

2132 1005 2267 1055 muel
2292 1003 2420 1074 (Jer.
2449 1006 2534 1061 15.
2562 1002 2634 1077 1).
2658 1005 2727 1061 Ει
2744 1006 2862 1061 vide
2883 1007 3147 1075 quomodo
3166 1006 3265 1061 hoc
3285 1005 3480 1060 dicitur
3499 1005 3709 1061 duobus

2134 1095 2407 1163 prophetis
2441 1114 2453 1149 :
2485 1098 2735 1167 quoniam
2794 1097 2952 1151 ambo
3006 1113 3103 1167 pro
3145 1098 3277 1165 ipsis
3325 1107 3613 1167 rogaram,
3656 1107 3709 1152 ct

2133 1202 2239 1239 non
2271 1198 2423 1241 erant
2452 1190 2739 1260 assequuti.
2784 1190 2920 1244 Dicit
2949 1191 3091 1244 enim
3123 1190 3397 1253 Ezechiel,
3432 1189 3533 1244 Hei
3560 1191 3706 1255 mihi,

2134 1274 2352 1334 Domine
2378 1281 2398 1333 !
2435 1282 2570 1335 tle/es
2623 1292 2676 1335 tu
2713 1283 2952 1352 reliquias
3002 1280 3210 1337 lsraelis
3248 1282 3477 1354 (Ezech.
3524 1282 3577 1337 9.
3610 1282 3707 1354 8).

2139 1368 2336 1425 Deinde
2362 1374 2651 1428 ostendens
2682 1376 2819 1430 Deos
2845 1375 2987 1446 quod
3016 1375 3277 1444 hocjuste
3297 1376 3471 1441 faciat,
3502 1390 3601 1431 nec
3626 1375 3711 1447 ip-

2137 1475 2253 1515 sum
2285 1463 2582 1534 despiciat,
2616 1481 2736 1518 cum
2778 1467 3135 1535 precationem
3178 1466 3293 1535 ejus
3336 1483 3439 1520 non
3477 1467 3708 1535 excipit,

2139 1556 2371 1625 ipsorum
2400 1570 2611 1627 peccata
2644 1560 2741 1629 ipsi
2767 1561 3021 1625 declarat,
3046 1577 3107 1614 ac
3129 1562 3171 1614 si
3199 1562 3401 1614 diceret
3431 1577 3444 1612 :
3475 1560 3599 1614 Ilarc
3620 1576 3714 1628 per

2140 1662 2198 1701 se
2227 1649 2355 1703 satis
2383 1660 2505 1703 sunt
2536 1662 2588 1703 ιιι
2618 1651 2708 1704 tibi
2734 1651 3088 1721 persuadeant
3112 1667 3215 1717 me,
3242 1668 3346 1705 non
3376 1651 3515 1720 quod
3544 1663 3593 1706 te
3619 1652 3715 1707 dce

2140 1740 2358 1807 .spiciam
2381 1783 2394 1801 ,
2425 1742 2516 1794 Sed
2549 1742 2617 1796 ob
2644 1752 2857 1811 peccata
2892 1744 3149 1813 ipsorum,
3184 1760 3287 1797 non
3315 1754 3585 1812 acceptam
3615 1743 3714 1796 lia-

2141 1831 2267 1886 bere
2299 1836 2738 1902 SUppilCOllOllcm
2787 1855 2800 1890 :
2845 1836 2936 1890 sed
2969 1847 3146 1891 tamen
3175 1838 3445 1907 subjnngit
3475 1848 3528 1891 et
3552 1837 3714 1900 dicit,

2144 1925 2202 1978 Si
2232 1928 2417 1978 steterit
2444 1925 2575 1992 Noe,
2608 1936 2654 1979 et
2679 1925 2799 1991 Job,
2824 1936 2871 1980 et
2894 1926 3082 1981 Daniel
3112 1944 3129 1981 :
3151 1939 3205 1983 ct
3232 1931 3423 1984 merito
3448 1930 3518 1996 illi
3547 1932 3720 2001 magis

2149 2018 2261 2071 Ιιτιιο
2306 2018 2468 2079 dicit,
2503 2019 2750 2086 quoniam
2785 2019 2897 2088 ipse
2940 2031 3021 2073 est
3062 2019 3152 2090 qtti
3182 2031 3263 2075 est
3294 2021 3457 2075 multa
3506 2036 3715 2091 passus.

2146 2109 2350 2171 Dixisti,
2384 2110 2573 2178 inquit,
2604 2110 2734 2163 mihi
2766 2118 2820 2163 ιιι
2842 2126 3001 2178 super
3020 2121 3255 2165 stercora
3284 2111 3641 2177 comederem,
3666 2124 3720 2166 et

2145 2199 2350 2252 ctunedi
2376 2216 2389 2263 ;
2417 2200 2597 2253 dixisti
2629 2210 2682 2254 ut
2712 2216 2796 2255 me
2838 2200 3080 2256 raderem
3110 2244 3124 2268 ,
3155 2211 3205 2257 et
3234 2219 3349 2255 sum
3384 2219 3538 2257 rasus
3563 2220 3578 2268 ;
3605 2205 3719 2272 jus-

2147 2290 2291 2351 sisti,
2321 2299 2374 2344 et
2397 2289 2622 2343 dormivi
2654 2306 2815 2361 super
2847 2308 3007 2344 ttntun
3038 2292 3174 2345 latus
3202 2293 3443 2361 ;jussisti
3470 2305 3719 2349 onustum

2148 2382 2295 2435 exire
2318 2398 2409 2450 per
2432 2380 2691 2443 foramen,
2711 2394 2763 2436 et
2784 2384 2885 2437 exii
2905 2401 2917 2445 ;
2939 2385 3183 2452 accepisti
3205 2400 3428 2438 uxorem
3454 2401 3646 2450 meam,
3668 2396 3722 2441 ct

2152 2473 2450 2541 prmcepisti
2479 2474 2605 2526 mihi
2632 2490 2695 2526 ne
2717 2474 2975 2544 lugerem,
3004 2486 3057 2529 et
3085 2491 3187 2529 non
3214 2476 3341 2541 lnxi,
3366 2476 3457 2530 sed
3490 2476 3582 2531 tuli
3612 2479 3721 2530 for-

2150 2563 2271 2616 titer
2298 2582 2310 2617 :
2333 2565 2729 2618 innumerabilia
2753 2566 2853 2617 alia
2873 2566 2969 2619 feci
2996 2577 3207 2634 propter
3230 2566 3402 2636 ipsos;
3432 2576 3485 2621 et
3508 2582 3606 2636 ego
3627 2582 3727 2635 pro

2149 2655 2277 2722 ipsis
2301 2663 2352 2708 te
2374 2669 2521 2725 rogo,
2549 2671 2645 2709 nec
2672 2655 2935 2709 exaudis?
2962 2655 3029 2710 Ut
3055 2656 3302 2711 ostendat
3329 2672 3454 2725 ergo
3480 2657 3621 2711 Deus
3641 2672 3720 2721 se,

2150 2760 2257 2797 non
2288 2745 2427 2814 quod
2461 2747 2632 2814 ipsum
2662 2754 2969 2799 contemnat
3000 2746 3051 2799 id
3079 2747 3251 2802 facere
3277 2789 3290 2812 ,
3322 2747 3452 2802 dicit
3480 2740 3493 2802 ὲ
3519 2747 3581 2802 Si
3608 2745 3724 2802 Noe

2149 2847 2195 2891 et
2215 2836 2315 2891 Job
2342 2847 2388 2891 et
2408 2836 2591 2891 Daniel
2612 2855 2704 2907 pro
2727 2840 2847 2907 ﬁliis
2871 2849 2916 2891 et
2943 2821 3145 2908 ﬁliabus
3173 2841 3443 2904 oraverint,
3474 2858 3575 2895 non
3605 2859 3722 2910 per-

2149 2931 2382 2985 suadeor.
2413 2930 2658 3007 Ieremia:
2684 2948 2893 3002 quoque
2919 2932 3005 3002 qui
3038 2934 3284 3001 pauciora
3315 2934 3527 3005 quidem
3558 2935 3725 3004 patie-

2152 3022 2306 3077 batur
2337 3039 2367 3077 a
2413 3024 2504 3079 Dei
2548 3025 2743 3093 jussis,
2792 3025 2941 3095 plura
2987 3036 3164 3080 autem
3207 3026 3274 3082 ab
3306 3042 3491 3083 eorum
3518 3029 3646 3083 vitio
3671 3039 3731 3085 et

2151 3116 2371 3181 scelere,
2400 3115 2524 3185 quid
2554 3115 2725 3170 dicit?
2747 3115 2927 3169 Annon
2954 3118 3089 3170 vides
3113 3118 3235 3187 quid
3260 3118 3340 3172 isti
3362 3120 3555 3190 faciunt
3585 3119 3727 3189 (Jer.

2154 3209 2203 3260 '7.
2234 3209 2299 3262 17
2327 3209 2344 3277 )
2371 3208 2393 3261 ?
2419 3207 2604 3272 Certe,
2636 3210 2838 3279 inquit,
2884 3210 3113 3277 faciunt,
3143 3212 3233 3265 sed
3257 3210 3337 3267 fac
3368 3224 3586 3283 propter
3616 3231 3721 3269 me.

2152 3284 2441 3368 Propterea
2485 3299 2614 3353 dicit
2658 3301 2708 3354 ei
2744 3318 2755 3352 :
2792 3300 2853 3354 Si
2897 3302 3086 3354 steterit
3132 3301 3336 3371 Moyses
3376 3313 3421 3357 et
3467 3304 3726 3359 Samuel:

2152 3389 2362 3460 Moyses
2381 3430 2395 3455 ,
2439 3391 2643 3460 primos
2688 3392 2976 3459 legislator,
3019 3392 3107 3461 qui
3134 3408 3278 3461 saape
3308 3394 3452 3462 ipsos
3479 3396 3672 3464 eripuit
3696 3412 3724 3449 a

2153 3483 2419 3551 periculis,
2450 3482 2535 3551 qui
2567 3481 2716 3545 dixit,
2749 3483 2809 3535 Si
2838 3482 3059 3536 dimittas
3087 3483 3288 3552 quidem
3339 3496 3619 3554 peccatum,
3648 3488 3729 3541 di-

2154 3576 2293 3628 mitte
2320 3592 2337 3639 ;
2379 3575 2457 3627 sin
2487 3575 2678 3639 minus,
2708 3591 2786 3626 me
2815 3590 3010 3644 quoque
3037 3574 3147 3628 dele
3174 3574 3366 3645 (Exod.
3409 3578 3495 3632 3i.
3529 3579 3643 3647 32).
3674 3580 3729 3633 Si

2156 3665 2242 3719 hic
2271 3681 2397 3735 ergo
2426 3680 2564 3718 nunc
2590 3675 2751 3728 esset,
2784 3676 2837 3719 et
2868 3666 2982 3719 bare
3002 3666 3220 3728 diceret,
3254 3683 3360 3721 non
3387 3668 3735 3738 impetraret:

2156 3769 2211 3813 et
2240 3758 2281 3811 si
2317 3773 2500 3812 rursus
2526 3758 2761 3819 Samuel,
2787 3758 2875 3827 qui
2904 3759 3019 3827 ipse
3044 3775 3256 3828 quoque
3281 3775 3374 3814 eos
3394 3762 3610 3829 eripuit,
3639 3764 3737 3833 qui

2157 3848 2224 3900 ab
2254 3848 2470 3901 ineunte
2500 3857 2656 3901 a~tate
2689 3848 2899 3901 habitus
2926 3850 3022 3902 fuit
3054 3850 3103 3902 in
3133 3849 3505 3906 admiratione.
3538 3853 3613 3907 De
3643 3854 3741 3908 illo

2157 3940 2297 3993 enim
2347 3938 2473 4002 dixi,
2506 3939 2643 4009 quod
2691 3949 2955 4010 tamquam
3002 3942 3205 3996 amicus
3247 3957 3366 3996 cum
3415 3944 3589 3997 amico
3631 3945 3731 3999 sim

2158 4033 2436 4103 loquutus,
2467 4042 2519 4086 et
2547 4049 2650 4086 non
2678 4048 2771 4101 per
2797 4035 3078 4103 :enigmala
3113 4053 3126 4090 :
3170 4034 3235 4091 de
3269 4036 3369 4091 hoc
3397 4047 3572 4091 autem
3600 4038 3732 4105 dixi,

2160 4143 2245 4180 me
2265 4127 2314 4179 in
2339 4126 2504 4195 prima
2528 4134 2681 4178 :ctate
2707 4126 2752 4178 ei
2780 4125 2949 4178 visum
2977 4141 3114 4188 esse,
3142 4136 3196 4180 et
3222 4127 3289 4180 ab
3314 4128 3427 4196 ipso
3450 4129 3739 4197 placatum,

2162 4219 2429 4271 exclusam
2473 4216 2749 4284 aperuisse
2791 4218 3145 4285 prophetiam.
3180 4217 3379 4271 Etenim
3402 4220 3624 4287 verbum,
3658 4223 3738 4276 itt-

2162 4309 2295 4376 quil,
2320 4316 2429 4361 erat
2459 4308 2729 4377 pretiosum
2751 4322 2769 4371 ;
2794 4318 2837 4359 et
2860 4324 2960 4360 non
2987 4318 3093 4361 erat
3116 4309 3237 4363 visio
3254 4310 3489 4365 distincta
3511 4314 3583 4381 (1.
3604 4312 3733 4385 Reg.

2162 4400 2216 4454 5.
2254 4402 2274 4453 1
2304 4398 2346 4468 ).
2393 4399 2448 4453 Si
2481 4400 2565 4452 isti
2593 4415 2722 4467 ergo
2767 4402 3052 4466 steterint,
3088 4401 3218 4455 nihil
3253 4404 3547 4469 proficient.
3576 4406 3640 4460 Et
3670 4406 3739 4461 de

2163 4493 2276 4548 Noe
2302 4493 2450 4557 dicit,
2478 4493 2659 4546 Justus
2686 4497 2937 4563 perfectus
2962 4493 3011 4545 in
3039 4495 3360 4564 generatione
3383 4514 3475 4551 sua
3497 4504 3601 4551 erat
3625 4499 3745 4555 Noe

2166 4585 2322 4655 (Cen.
2348 4588 2400 4639 6.
2430 4588 2482 4652 9)
2517 4604 2529 4639 :
2558 4596 2612 4639 et
2639 4585 2705 4639 de
2731 4586 2887 4651 Jobo,
2936 4586 3413 4656 Irrepreltensibilis,
3438 4592 3630 4658 justus,
3659 4611 3744 4647 ve-

2166 4693 2273 4739 rus,
2302 4676 2415 4745 pias
2444 4674 2565 4743 (Job
2595 4677 2644 4729 1.
2678 4676 2754 4743 1).
2788 4676 2893 4729 llos
2926 4677 3101 4746 itaque
3131 4687 3332 4733 stantes
3362 4690 3415 4735 et
3446 4684 3736 4750 Danieletn,

2169 4785 2326 4838 quem
2351 4770 2508 4823 etiam
2530 4768 2687 4823 deum
2715 4768 2944 4823 Chalda-i
2969 4771 3359 4837 existimarunt,
3385 4790 3487 4828 non
3510 4777 3745 4844 potuisse

2170 4863 2399 4917 liberare
2429 4861 2595 4931 inquit
2627 4863 2765 4916 filios
2796 4862 3030 4929 ipsorum
3055 4873 3109 4918 et
3135 4864 3290 4921 filias.
3318 4865 3446 4921 Cum
3479 4868 3593 4921 bare
3617 4884 3749 4936 ergo

2172 4953 2422 5017 sciamus,
2455 4968 2625 5021 neque
2654 4968 2839 5021 preces
2864 4965 3167 5008 sanctorum
3195 4965 3621 5024 contemnamus,
3652 4976 3746 5014 ne-

2171 5061 2283 5113 que
2307 5054 2473 5098 totum
2504 5046 2553 5097 in
2587 5060 2676 5097 cas
2703 5044 3072 5112 conjiciamus,
3105 5056 3211 5100 tum
3243 5057 3301 5101 ut
3330 5064 3397 5102 ne
3422 5049 3554 5117 pigri
3580 5051 3750 5105 simus

2171 5144 2229 5190 et
2256 5136 2530 5200 socordes,
2562 5145 2617 5190 et
2648 5151 2714 5187 ne
2745 5146 2942 5190 temere
2967 5139 3125 5191 vitam
3145 5138 3402 5194 ducamus
3426 5156 3441 5204 ;
3462 5148 3571 5194 tum
3601 5150 3655 5195 ut
3681 5158 3752 5199 ne

2174 5241 2203 5279 a
2236 5242 2426 5297 magno
2455 5226 2601 5281 lucro
2624 5227 2932 5280 excidantus
2953 5244 2967 5290 ;
2991 5228 3085 5283 sed
3114 5238 3166 5283 et
3193 5230 3467 5284 hortemur
3493 5230 3556 5284 ad
3585 5247 3716 5286 oran
3736 5264 3749 5274 -

2176 5318 2300 5372 dttnt
2328 5333 2421 5387 pro
2445 5319 2595 5371 nobis
2620 5328 2671 5372 ct
2693 5318 2759 5371 ad
2785 5335 2971 5373 manus
2991 5321 3142 5373 nobis
3166 5321 3511 5391 porrigendas
3536 5338 3551 5387 ;
3577 5333 3632 5377 et
3652 5324 3749 5391 ipsi

2178 5411 2426 5464 virtutem
2474 5420 2775 5477 sectemur,
2821 5421 2875 5465 ιιι
2906 5412 3039 5465 bona
3069 5430 3188 5483 qum
3229 5424 3350 5469 sunt
3386 5416 3643 5483 promissa
3687 5434 3754 5472 ns

2179 5504 2267 5573 qui
2295 5504 2470 5571 ipsum
2512 5503 2735 5573 diligunt
2764 5504 3019 5573 consequi
3055 5506 3350 5571 possimus,
3378 5507 3547 5575 gratia
3578 5517 3629 5561 et
3657 5510 3752 5561 he-

2182 5597 2437 5665 nignitate
2482 5595 2685 5648 Domini
2718 5594 2885 5649 nostri
2912 5595 3037 5650 Jesu
3065 5595 3260 5648 Christi
3287 5635 3302 5658 ,
3329 5610 3448 5650 cum
3479 5612 3585 5669 quo
3612 5599 3756 5653 Patri

2183 5698 2235 5741 ct
2264 5685 2482 5757 Spiritui
2517 5695 2707 5741 sancto
2737 5686 2937 5756 gloria,
2970 5686 3274 5755 imperium,
3304 5686 3503 5756 honor,
3538 5704 3676 5745 nunc
3703 5699 3768 5747 es

2185 5794 2416 5851 semper,
2444 5786 2497 5833 et
2524 5780 2573 5833 in
2606 5778 2796 5834 saecula
2828 5776 3165 5833 swcul'orum.
3194 5778 3384 5834 Amen.
