4120 6400
382 355 487 412 3-99

1188 336 1251 402 VS.
1290 340 1566 401 JOANNIS
1587 330 2061 396 CHRYSOSTOMI
2098 329 2411 389 ARCHIEP.
2452 330 2982 388 CONSTANTINOP.

3546 331 3651 390 ιοο

380 434 3651 495 ,'___,____________________.___—-————————._____—_—_—-—

1746 521 2093 586 HOMILIA
2134 523 2217 585 ΙΙ.

380 682 511 738 Cu.
534 685 608 737 'I.
648 698 702 735 ν.
748 681 803 737 8.
845 679 892 734 Α
924 679 1058 733 vobis
1082 676 1216 729 enim
1242 673 1538 741 diﬂ'amatus
1561 678 1633 723 est
1661 682 1822 723 sermo
1853 664 1960 719 Do-

453 773 600 833 mini.
630 788 732 826 non
753 770 918 825 soluat
938 771 991 822 in
1017 767 1318 822 Macedonia
1341 774 1386 819 et
1409 765 1461 816 in
1487 761 1702 825 Achaia,
1724 758 1812 812 sed
1840 766 1888 810 et
1908 757 1961 810 in

455 866 594 920 omni
616 865 726 920 loco
761 862 886 934 fides
908 872 1070 916 vestra
1093 876 1205 930 qua:
1227 869 1300 912 est
1325 857 1394 910 ad
1422 856 1585 909 Deum
1611 857 1837 924 profecta
1865 860 1960 915 est,

454 958 528 1011 ita
563 966 619 1011 ut
654 972 754 1010 non
781 956 847 1009 sit
875 956 1015 1007 nobis
1044 967 1240 1006 necesse
1265 949 1539 1018 quidquam
1565 947 1722 1014 loqui.
1755 944 1807 1000 9.
1850 941 1963 1011 Ipsi

458 1048 592 1101 enim
617 1046 681 1099 de
705 1045 847 1099 nobis
872 1043 1179 1098 annuntiant
1204 1042 1402 1110 qualem
1432 1039 1692 1091 introitum
1722 1033 1961 1089 habueri-

455 1155 567 1192 mus
609 1137 677 1191 ad
713 1152 839 1202 vos;
869 1145 917 1190 et
951 1134 1201 1205 quomodo
1239 1137 1464 1186 conversi
1489 1130 1605 1183 estis
1630 1129 1699 1181 ad
1733 1126 1898 1180 Deum
1930 1140 1963 1178 a

453 1231 737 1285 simulacris
759 1270 774 1294 ,
820 1230 1007 1283 servire
1042 1226 1151 1280 Deo
1180 1225 1288 1279 vivo
1324 1234 1371 1279 et
1409 1240 1525 1278 vero
1546 1263 1560 1286 ,
1591 1222 1678 1276 10.
1706 1231 1753 1274 et
1777 1235 1958 1288 exspe-

454 1331 592 1376 ctare
620 1320 815 1375 Filium
852 1321 960 1391 ejus
987 1319 1048 1373 de
1074 1318 1234 1383 cazlis,
1260 1334 1403 1387 quem
1440 1314 1700 1370 suscitavit
1736 1329 1800 1367 ea:
1826 1328 1963 1366 mor-

456 1414 577 1480 tuis,
598 1412 798 1480 Jesum,
824 1413 911 1483 qui
936 1412 1120 1483 eripuit
1147 1428 1237 1464 nos
1261 1412 1325 1463 ab
1350 1410 1429 1463 ira
1449 1417 1677 1464 ventura.

457 1588 510 1643 1.
552 1585 1013 1657 Quemadmodum
1052 1585 1190 1641 bene
1219 1586 1372 1641 olens
1407 1594 1733 1655 unguentum
1762 1586 1868 1638 non
1907 1584 1961 1639 in

379 1695 442 1735 se
470 1679 784 1735 conclusum
811 1679 1007 1734 bonum
1035 1678 1196 1733 habet
1221 1677 1460 1740 odorem,
1487 1676 1579 1731 sed
1603 1676 1787 1747 procul
1808 1677 1963 1731 emit-

381 1771 465 1835 tit,
494 1780 548 1826 et
571 1785 750 1827 aerem
776 1770 943 1824 odore
962 1770 1260 1839 complens,
1286 1768 1364 1824 sic
1393 1769 1553 1823 etiam
1582 1768 1819 1822 immittit
1837 1782 1959 1821 eum

384 1860 438 1914 in
469 1876 660 1916 sensus
695 1861 1112 1931 propinquorum
1146 1877 1158 1913 :
1198 1860 1278 1915 sic
1315 1860 1475 1915 etiam
1511 1860 1609 1913 viri
1641 1860 1878 1929 praeclari
1909 1867 1963 1913 et

383 1951 684 2007 admirandi
713 1966 819 2006 non
853 1950 905 2005 in
936 1966 996 2006 se
1016 1934 1326 2006 conclusam
1356 1960 1541 2006 tenent
1569 1950 1836 2016 virtutem,
1866 1951 1960 2005 sed

382 2045 644 2114 plurimos
663 2060 758 2115 per
775 2045 965 2097 famam
991 2059 1140 2099 suam
1158 2043 1346 2110 juvant
1364 2054 1418 2098 et
1441 2044 1691 2099 meliores
1706 2043 1957 2099 reddunt.

382 2136 535 2203 Quod
564 2145 619 2192 et
644 2146 772 2191 tunc
801 2135 996 2190 factum
1028 2144 1129 2190 est.
1156 2136 1414 2202 Quocirca
1444 2136 1657 2191 dicebat
1685 2149 1699 2191 :
1738 2137 1804 2192 Ut
1835 2139 1963 2208 facti

381 2229 492 2282 sitis
516 2232 684 2299 forma
723 2228 953 2282 omnibus
983 2228 1297 2283 credentibus
1326 2230 1379 2282 in
1405 2230 1600 2282 Achaia
1637 2240 1684 2284 et
1714 2228 1959 2286 Macedo-

383 2322 491 2376 nia.
523 2321 565 2374 Α
587 2322 723 2375 vobis
743 2321 895 2387 enim,
921 2321 1108 2389 inquit,
1131 2319 1423 2387 di/famatus
1447 2333 1519 2376 est
1540 2339 1703 2377 sermo
1730 2322 1957 2392 Domini,

383 2429 487 2467 non
512 2411 674 2467 solum
701 2413 753 2466 in
793 2412 1094 2466 Macedonia
1117 2423 1164 2466 et
1192 2413 1404 2477 Achaia,
1430 2416 1519 2467 sed
1544 2426 1588 2468 et
1612 2415 1667 2469 in
1691 2417 1828 2469 omni
1849 2417 1959 2471 loco

383 2503 511 2573 ﬁdes
535 2513 697 2557 vestra
730 2519 843 2572 qua:
868 2514 939 2557 est
967 2503 1035 2557 ad
1068 2503 1229 2557 Deum
1261 2509 1486 2574 profecto
1516 2516 1610 2560 est.
1645 2506 1961 2564 Eruditione

380 2610 509 2665 ergo
529 2595 842 2665 implevistis
867 2611 1053 2650 omnes
1074 2597 1365 2665 proximos,
1393 2597 1648 2652 miraculo
1670 2609 1845 2654 autem
1871 2617 1960 2656 or-

382 2689 503 2742 bem
534 2699 689 2743 terra:
720 2707 732 2742 :
766 2689 865 2743 hoc
891 2691 1032 2743 enim
1077 2690 1177 2743 sibi
1212 2691 1323 2744 vult
1369 2691 1492 2745 illud
1513 2732 1527 2755 ,
1569 2689 1635 2745 In
1661 2693 1798 2746 omni
1825 2694 1956 2747 loco.

389 2779 572 2848 Neque
600 2780 770 2844 dixit,
809 2780 1015 2834 Jactata
1042 2790 1126 2834 est
1156 2780 1285 2835 ﬁdes
1308 2793 1504 2844 vestra,
1533 2782 1649 2845 sed,
1678 2782 1960 2848 Di/famata

381 2880 476 2923 est.
507 2869 707 2938 Nempe
736 2871 875 2922 sicut
903 2870 1026 2922 tuba
1054 2870 1198 2925 clare
1232 2882 1517 2927 resonante
1547 2873 1788 2942 repletur
1813 2885 1957 2929 totus

386 2961 535 3015 loeus
560 2961 768 3015 vicinia:
799 2976 814 3014 :
844 2961 915 3014 ita
941 2970 1131 3015 vestra:
1160 2962 1374 3016 virtutis
1403 2962 1562 3029 fama,
1593 2964 1730 3018 sicut
1757 2965 1844 3018 illa
1874 2981 1959 3020 re-

381 3068 613 3119 sonans,
656 3053 850 3106 sufficit
876 3052 942 3106 ad
986 3054 1310 3122 implendum
1351 3054 1534 3108 orbem
1568 3065 1722 3109 terra:
1753 3064 1807 3111 et
1847 3057 1958 3125 pari

382 3162 518 3201 sono
560 3146 974 3216 perveniendum
1002 3147 1067 3200 ad
1095 3162 1284 3202 omnes
1311 3147 1526 3216 ubique.
1570 3147 1703 3203 Nam
1733 3165 1819 3203 res
1845 3166 1960 3204 ma-

382 3252 501 3307 gna!
522 3276 538 3302 ,
582 3236 671 3290 ubi
700 3236 916 3306 quidem
957 3248 1122 3308 gesta:
1160 3237 1396 3304 fuerint,
1428 3249 1693 3293 canuntur
1716 3241 1910 3296 clarius
1939 3259 1955 3307 ;

381 3328 564 3399 procul
590 3338 766 3383 autem
794 3339 1061 3384 canuntur
1086 3330 1322 3399 quidem,
1353 3330 1446 3384 sed
1473 3346 1576 3384 non
1598 3330 1735 3386 adeo
1760 3349 1773 3383 :
1803 3347 1832 3385 a
1860 3346 1955 3384 vo-

382 3420 465 3473 bis
491 3434 616 3471 vero
643 3435 748 3472 non
779 3419 888 3485 sic,
919 3418 1013 3474 sed
1055 3419 1277 3489 insignis
1303 3435 1465 3474 sonus
1493 3421 1623 3475 exiit
1663 3437 1758 3490 per
1791 3430 1956 3476 totam

384 3518 601 3563 terram.
632 3508 708 3564 Ne
732 3510 851 3578 quis
880 3526 1008 3565 vero
1036 3521 1183 3578 putet
1211 3526 1331 3566 esse
1360 3512 1473 3567 haec
1496 3512 1657 3567 verba
1690 3513 1958 3582 hyperbo-

383 3598 517 3652 lica:
549 3598 659 3652 haec
683 3601 824 3653 enim
854 3615 986 3669 gens
1014 3600 1357 3656 Macedonum
1384 3613 1510 3656 ante
1537 3602 1736 3657 Christi
1761 3604 1961 3657 adven-

384 3699 497 3742 tum
526 3699 642 3743 erat
677 3690 916 3760 insignis,
948 3700 1003 3745 et
1030 3692 1222 3760 ubique
1259 3692 1553 3746 cauebatur
1590 3697 1759 3763 magis
1797 3710 1956 3765 quant

384 3779 745 3835 Romanorum
775 3798 789 3847 ;
821 3791 875 3836 et
901 3782 1126 3837 Romani
1154 3782 1274 3838 ideo
1302 3793 1426 3837 sunt
1465 3784 1784 3852 admirandi,
1816 3787 1958 3857 quod

383 3885 480 3925 cos
509 3871 861 3941 subjugarint.

459 3962 536 4016 De
570 3964 860 4019 Alexandro
894 3965 1083 4036 Magno
1117 3966 1369 4035 qutrdam.
1398 3996 1471 4007 ——
1497 3967 1623 4022 Nam
1649 3984 1765 4038 qum
1798 3970 1965 4039 gessit

382 4068 477 4111 rex
492 4052 831 4108 Macedonum
848 4065 1167 4124 superarunt
1181 4072 1393 4111 omnem
1408 4058 1615 4112 dicendi
1634 4058 1957 4126 facultatem,

381 4156 440 4201 ut
475 4147 563 4216 qui
603 4164 633 4202 a
672 4164 828 4216 parva
871 4148 1137 4217 profectus
1184 4150 1418 4210 civitate,
1465 4151 1745 4218 occupavit
1788 4160 1956 4206 totum

379 4241 564 4296 orbem
608 4251 782 4296 terrae.
824 4241 1114 4310 PrOpterea
1159 4249 1213 4294 et
1251 4240 1477 4294 Pardmn
1519 4242 1789 4296 volucrem
1834 4258 1958 4297 eum

383 4334 529 4389 videt
558 4337 835 4404 propheta,
876 4333 1181 4403 signiﬁcans
1214 4333 1548 4387 velocitatem
1586 4343 1640 4387 et
1665 4334 1960 4389 vehemen-

382 4425 510 4479 tiam
533 4434 589 4481 et
610 4425 877 4487 ardorem,
904 4434 958 4479 et
982 4425 1121 4493 quod
1148 4434 1368 4494 repente
1395 4433 1563 4478 totum
1591 4425 1774 4479 orbem
1805 4434 1961 4479 terra:

384 4516 673 4585 pervolarit
697 4532 817 4570 cum
850 4517 1063 4585 lrnptBis
1089 4525 1143 4570 et
1168 4517 1406 4570 victoria.
1437 4516 1600 4570 Aiunt
1626 4526 1803 4569 autem
1821 4515 1962 4584 quod

382 4609 543 4663 etiam
572 4624 691 4662 cum
717 4608 999 4678 quemdam
1025 4607 1399 4678 philosophum
1431 4608 1962 4663 audiissetdiceutem

385 4701 621 4756 inﬁnitos
647 4714 767 4755 esse
796 4701 1044 4765 mundos,
1066 4700 1412 4755 vehementer
1452 4701 1791 4771 ingemuerit,
1820 4700 1962 4770 quod

384 4807 506 4847 cum
549 4790 740 4844 inﬁniti
770 4799 972 4857 essent,
1017 4806 1086 4845 ne
1114 4807 1276 4845 unum
1307 4790 1520 4859 quidem
1562 4804 1917 4861 expugnasset
1945 4807 1960 4846 :

381 4883 517 4938 adeo
535 4883 709 4951 magni
738 4893 791 4937 et
813 4882 1009 4937 excelsi
1040 4894 1153 4937 erat
1178 4884 1363 4949 animi,
1392 4893 1446 4937 et
1472 4884 1667 4954 ubique
1698 4895 1962 4939 terrarum

381 4976 692 5031 cauebatur.
720 4974 887 5029 Simul
917 4983 1093 5029 autem
1124 4992 1244 5029 cum
1273 4975 1413 5029 fama
1437 4975 1576 5045 regis
1602 4976 1775 5044 gentis
1801 4976 1962 5031 etiam

388 5068 714 5124 ascendebat
751 5068 919 5138 gloria
970 5085 983 5122 :
1025 5067 1303 5123 dicebatur
1344 5068 1487 5122 enim
1528 5068 1831 5122 Alexander
1876 5068 1965 5124 ille

382 5161 623 5217 Macedo.
649 5161 1007 5229 Quamobrem
1047 5161 1163 5229 ejus
1193 5162 1404 5216 volante
1430 5160 1590 5228 fama,
1623 5163 1816 5216 merito
1842 5179 1962 5231 qua:

383 5254 495 5308 illic
538 5263 688 5323 gesta
737 5252 949 5309 fuerant
997 5254 1192 5323 ubique
1236 5253 1569 5309 canebantur
1601 5272 1614 5307 :
1647 5254 1776 5309 nihil
1818 5255 1961 5311 enim

382 5345 590 5415 insigne
619 5354 797 5414 potest
824 5345 1011 5399 latere.
1045 5344 1160 5400 Non
1189 5346 1363 5399 minus
1392 5361 1519 5415 ergo
1544 5356 1698 5401 erant
1728 5347 1962 5417 insignes

384 5451 473 5491 res
500 5436 848 5491 Macedonum
876 5452 1034 5507 quam
1068 5436 1450 5490 Romanorum.
1483 5435 1641 5490 Fides
1664 5448 1845 5506 vestra,
1866 5439 1961 5505 jn-

383 5526 520 5595 quit,
556 5541 669 5595 quce
704 5536 779 5586 est
819 5527 887 5579 ad
925 5525 1090 5580 Deum
1132 5532 1361 5598 profecta
1398 5538 1490 5581 est.
1531 5527 1667 5583 Vide
1694 5530 1963 5599 quomodo

385 5617 537 5685 quasi
561 5617 629 5672 de
659 5632 717 5672 re
739 5619 970 5674 animata
997 5620 1240 5689 loquens.
1270 5618 1421 5686 illud,
1459 5618 1704 5690 Profecta
1742 5633 1835 5688 est,
1868 5640 1966 5693 po-

385 5708 555 5764 suerit
600 5728 614 5765 :
659 5708 762 5764 hoc
802 5719 978 5766 autem
1021 5727 1088 5767 ex
1137 5726 1325 5767 eorum
1380 5711 1718 5766 vehementia
1767 5714 1962 5771 oritur.

385 5796 585 5857 Deinde
610 5798 885 5858 declarans
925 5802 1069 5873 ipsos
1113 5802 1272 5860 ﬁdem
1310 5818 1461 5860 suam
1502 5802 1872 5862 vehementem
1904 5816 1961 5864 et

2070 665 2342 722 efﬁcacem
2373 670 2695 738 ostendisse,
2737 673 3010 745 subjungit
3034 693 3052 729 ς
3078 675 3163 729 Ita
3191 687 3246 731 ut
3283 695 3383 733 non
3414 680 3479 734 sit
3506 684 3647 738 nobis

2066 774 2265 814 necesse
2288 760 2561 830 quidquam
2586 765 2743 832 loqui.
2768 764 2880 835 Ipsi
2899 768 3031 821 enint
3056 768 3120 822 de
3144 770 3286 824 nobis
3312 774 3640 836 annuntiant,

2066 852 2266 921 qualem
2293 854 2555 907 introitum
2593 856 2913 913 habuerimus
2956 861 3025 914 ad
3049 878 3155 915 vos.
3185 861 3298 916 Non
3326 875 3644 934 exspectant

2067 952 2125 995 ut
2150 942 2217 997 de
2261 945 2410 999 vobis
2449 947 2689 1014 audiant,
2737 951 2829 1005 sed
2875 968 2969 1006 eos
2995 955 3083 1023 qui
3124 954 3347 1010 aderant
3392 967 3448 1012 et
3492 974 3579 1013 res
3611 974 3641 1011 a

2068 1033 2222 1088 vobis
2248 1037 2505 1104 pra'clare
2552 1051 2733 1110 gestas
2764 1043 3028 1107 viderant,
3078 1046 3110 1099 ii
3152 1047 3239 1115 qui
3286 1063 3390 1102 non
3422 1048 3643 1105 aderant

2065 1142 2166 1182 nec
2186 1129 2447 1193 viderant,
2476 1147 2847 1203 praeoccupant
2873 1155 2885 1189 :
2910 1139 3044 1193 adeo
3068 1140 3262 1210 ubique
3284 1142 3529 1212 evulgata
3551 1159 3640 1198 res

2064 1231 2199 1275 erat.
2227 1223 2345 1290 Quo
2378 1224 2435 1279 ﬁt
2464 1236 2520 1279 ut
2548 1242 2653 1282 non
2692 1231 2762 1282 sit
2804 1230 2955 1285 nobis
2995 1248 3131 1302 opus
3160 1244 3335 1289 vestra
3377 1239 3644 1293 narrando

2063 1326 2159 1367 eos
2183 1312 2249 1367 ad
2277 1330 2457 1383 parem
2486 1316 2748 1375 deducere
2776 1321 2946 1376 zelum
2971 1332 3025 1377 et
3054 1325 3444 1382 azmulationem
3480 1346 3495 1383 :
3521 1345 3640 1383 nam

2064 1418 2183 1474 qum
2218 1406 2363 1475 ipsos
2388 1412 2671 1477 Oportebat
2714 1429 2743 1466 a
2780 1414 2933 1469 nobis
2975 1416 3180 1481 audire,
3213 1434 3276 1474 ea
3309 1421 3408 1490 ipsi
3440 1423 3642 1490 priores

2064 1497 2266 1553 dicunt.
2299 1501 2628 1569 Quamquam
2664 1505 2714 1559 in
2762 1507 2827 1560 iis
2860 1524 2978 1577 qua:
3006 1520 3131 1566 sunt
3160 1510 3463 1579 huiusmodi
3496 1530 3641 1584 smpe

2065 1587 2260 1644 invidia
2306 1592 2591 1648 intervenit
2624 1612 2637 1649 :
2670 1597 2762 1651 sed
2794 1597 2930 1653 hanc
2958 1615 3169 1670 quoque
3196 1602 3323 1657 vicit
3364 1606 3639 1660 excellen-

2063 1680 2157 1746 tia,
2198 1689 2253 1735 et
2300 1682 2398 1751 ipsi
2442 1694 2565 1739 sunt
2610 1701 2883 1755 praecones
2925 1699 3224 1746 vestrorum
3266 1696 3639 1751 certaminum.

2064 1771 2317 1836 Quamvis
2354 1775 2455 1845 ipsi
2497 1778 2604 1831 sint
2635 1778 2932 1846 inferiores,
2984 1799 3052 1838 ne
3092 1784 3172 1840 sic
3198 1787 3409 1855 quidem
3443 1796 3639 1851 tacent,

2064 1864 2158 1919 sed
2188 1868 2535 1934 pra‘veniunt.
2579 1870 2743 1925 Nobis
2785 1884 2983 1938 autem,
3032 1891 3153 1931 cum
3193 1878 3325 1933 tales
3363 1881 3499 1946 sint,
3533 1899 3640 1937 non

2064 1953 2189 2009 licet
2216 1955 2372 2011 fidem
2414 1974 2628 2029 negare.
2662 1962 2797 2029 Quid
2837 1974 2920 2019 est
2958 1966 3105 2031 illud,
3141 1970 3354 2035 Qualem
3379 1972 3639 2027 introitum

2065 2045 2382 2103 habuerimus
2403 2050 2469 2102 ad
2494 2068 2579 2104 vos
2594 2053 2620 2105 ?
2640 2052 2789 2120 Quod
2810 2056 2995 2124 plenus
3021 2056 3181 2113 fuerit
3207 2061 3474 2128 periculis,
3499 2066 3641 2133 quod

2064 2138 2335 2194 miraculis
2386 2142 2882 2213 innumerabilibus,
2927 2149 3066 2218 quod
3112 2151 3243 2206 nihil
3299 2169 3366 2208 ex
3413 2154 3496 2209 his
3544 2173 3641 2210 vos

2063 2231 2500 2299 conturbaverit;
2548 2236 2641 2289 sed
2670 2252 2735 2291 ac
2781 2239 2825 2291 si
2859 2239 2988 2293 nihil
3032 2242 3336 2311 accidisset,
3368 2247 3438 2300 ita
3485 2250 3640 2303 nobis

2063 2321 2451 2389 adhaerebatis;
2487 2336 2750 2397 tamquam
2776 2332 2897 2385 mali
2927 2331 3057 2387 nihil
3089 2338 3347 2405 perpessi,
3381 2340 3480 2394 sed
3501 2342 3639 2395 bona

2062 2415 2331 2482 assequuti
2374 2415 2801 2487 innumerabilia,
2856 2422 2923 2476 ita
2971 2440 3068 2478 nos
3104 2428 3389 2497 cxcepistis
3434 2444 3637 2500 pnsum.

2062 2500 2339 2559 Secundus
2382 2507 2523 2561 enim
2576 2509 2659 2563 hic
2707 2512 2803 2565 fuit
2851 2513 3142 2582 ingressus.
3196 2519 3453 2576 Abierant
3501 2523 3635 2577 Ber-

2062 2592 2303 2661 rhceam;
2334 2598 2473 2667 passi
2522 2609 2645 2652 sunt
2674 2605 3137 2673 persequutionem
3165 2625 3178 2661 :
3223 2620 3278 2665 et
3304 2623 3484 2681 postea
3512 2630 3639 2669 cum

2061 2687 2353 2751 venissent,
2384 2703 2478 2745 eos
2508 2691 2577 2744 ita
2608 2705 2951 2762 exceperunt,
2983 2709 3039 2752 ut
3058 2700 3124 2752 ah
3154 2701 3280 2771 ipsis
3306 2703 3637 2762 honoraren-

2063 2784 2169 2843 tur,
2210 2787 2265 2831 et
2293 2779 2500 2835 animas
2541 2797 2665 2837 suas
2698 2800 2792 2853 pro
2828 2786 2957 2855 ipsis
2987 2802 3269 2857 ponerent.
3300 2793 3433 2850 illud
3479 2815 3638 2869 ergo,

2064 2866 2277 2931 Qualem
2321 2871 2580 2925 introitum
2609 2874 2926 2931 habuerimus
2955 2881 3021 2931 ad
3048 2896 3152 2947 vos,
3186 2891 3268 2937 est
3292 2866 3635 2955 coniunctum

2060 2973 2107 3014 et
2133 2960 2325 3016 horum
2355 2972 2410 3018 et
2435 2965 2666 3033 ipsorum
2694 2971 2993 3024 encomium
3028 2990 3042 3026 :
3074 2974 3166 3027 sed
3198 2975 3310 3043 ipse
3340 2979 3389 3032 id
3418 2994 3644 3036 convcr-

2063 3051 2125 3105 tit
2154 3053 2207 3106 in
2250 3055 2455 3109 laudent
2495 3057 2750 3126 ipsttrnm.
2784 3060 2848 3113 Et
2876 3064 3127 3131 quomodo
3166 3069 3411 3135 conversi,
3444 3070 3641 3141 inquit,

2061 3148 2179 3201 estis
2219 3150 2288 3201 ad
2316 3149 2480 3204 Deum
2524 3169 2557 3205 a
2592 3155 2899 3218 simulacris,
2950 3169 3003 3213 ut
3038 3164 3264 3218 serviatis
3303 3164 3412 3220 Deo
3450 3168 3560 3222 vivo
3592 3178 3641 3222 et

2060 3252 2195 3291 vero.
2223 3240 2332 3295 lloc
2360 3251 2462 3307 est,
2500 3243 2676 3309 facile,
2708 3257 2761 3301 et
2791 3265 2979 3320 magna
3001 3268 3121 3307 cum
3151 3256 3506 3323 vehementia,
3535 3277 3675 3317 ne-o

2059 3343 2164 3398 que
2191 3333 2359 3387 multo
2399 3349 2533 3404 opus
2574 3336 2833 3394 habuistis
2878 3337 3104 3411 negotio
3130 3355 3187 3399 ut
3226 3349 3499 3405 serviretis
3530 3352 3638 3406 Deo

2061 3422 2184 3477 vivo
2212 3431 2266 3478 et
2292 3440 2439 3479 vero.
2472 3427 2570 3481 Hic
2609 3430 2768 3484 etiam
2799 3432 2975 3487 intulit
2998 3436 3422 3495 adhortationem
3454 3459 3467 3494 :
3496 3441 3639 3509 quod

2061 3521 2149 3567 est
2179 3515 2357 3570 minus
2380 3533 2603 3587 gravem
2627 3524 2925 3578 orationem
2953 3526 3245 3583 reddentis.
3279 3529 3345 3583 Et
3375 3542 3429 3583 ut
3456 3550 3642 3602 exspe-

2060 3606 2260 3659 ctaretis
2299 3606 2492 3662 Filium
2518 3612 2625 3680 ejus
2650 3614 2713 3665 de
2739 3616 2895 3681 cazlis,
2926 3634 3071 3683 quem
3097 3622 3357 3675 suscitavit
3394 3640 3457 3678 ea:
3498 3642 3642 3679 mor-

2063 3694 2183 3758 tuis,
2210 3694 2409 3764 Jesum,
2441 3701 2527 3769 qui
2568 3701 2749 3757 liberat
2778 3722 2868 3760 nos
2895 3708 2957 3761 ab
2993 3709 3073 3761 ira
3113 3722 3339 3766 ventura.
3373 3714 3440 3768 Et
3474 3727 3529 3769 ut
3552 3734 3644 3771 ea:-

2062 3789 2374 3853 spectaretis,
2406 3790 2595 3859 inquit,
2625 3792 2818 3848 Filium
2842 3798 2952 3867 ejus
2973 3799 3035 3852 de
3054 3801 3212 3867 caelis,
3242 3803 3333 3872 qui
3356 3806 3407 3858 in
3428 3822 3640 3863 crucem

2064 3875 2159 3929 fuit
2181 3888 2351 3945 actus,
2384 3882 2472 3950 qui
2503 3883 2742 3951 sepultus
2770 3903 2783 3937 :
2818 3887 3044 3958 ideoque
3072 3890 3187 3946 lucc
3213 3894 3493 3950 declarans
3518 3900 3645 3951 sub-

2060 3969 2250 4040 jungit,
2275 3974 2435 4040 Quem
2456 3968 2711 4031 suscitavit
2734 3996 2762 4033 e
2787 3982 3017 4035 mortuis.
3047 3983 3228 4039 Vidisti
3252 3988 3409 4043 simul
3432 3992 3639 4055 omnia,

2065 4067 2533 4130 resurrectionem,
2565 4070 2956 4139 ascensionem,
3000 4077 3290 4132 secundum
3332 4079 3640 4144 adventum,

2060 4153 2342 4222 judicium,
2367 4158 2633 4225 justorum
2659 4164 3162 4232 remunerationem,
3206 4169 3468 4223 malorum
3512 4188 3640 4240 sup-

2065 4247 2319 4318 plicium?
2346 4248 2542 4315 Iesum,
2575 4253 2762 4322 inquit,
2789 4258 2871 4324 qui
2901 4273 2991 4311 nos
3015 4259 3201 4325 eripuit
3226 4263 3288 4315 ab
3310 4264 3387 4315 ira
3412 4275 3639 4321 ventura.

2067 4338 2133 4392 Et
2165 4338 2267 4394 hoc
2296 4350 2379 4395 est
2418 4341 2523 4396 illis
2564 4344 2836 4413 solatium,
2879 4349 3175 4403 consolatio
3217 4362 3271 4405 et
3316 4354 3640 4412 adhortatio.

2064 4431 2197 4487 Nam
2240 4434 2286 4488 si
2316 4436 2568 4491 excitavit
2607 4452 2638 4491 e
2669 4439 2912 4504 mortuis,
2941 4449 2997 4495 et
3039 4452 3120 4496 est
3152 4443 3201 4496 in
3231 4445 3381 4509 callo,
3416 4456 3469 4499 et
3498 4446 3643 4502 illinc

2065 4536 2319 4580 venturus
2347 4536 2431 4581 est
2457 4528 2547 4598 (et
2566 4530 2904 4597 credidistis;
2938 4532 3037 4587 nisi
3066 4536 3209 4588 enim
3256 4551 3351 4590 vos
3392 4538 3476 4592 illa
3525 4556 3645 4593 cre-

2066 4615 2336 4673 didissetis
2362 4659 2378 4683 ,
2424 4634 2528 4673 non
2568 4621 2759 4675 essetis
2791 4633 2897 4677 tam
2942 4625 3105 4679 multa
3155 4628 3415 4699 perpessi)
3458 4647 3471 4683 :
3519 4642 3644 4685 sunt

2066 4708 2183 4764 haec
2224 4724 2435 4781 quoque
2479 4711 2750 4768 sufﬁciens
2789 4716 3105 4771 consolatio.
3139 4718 3227 4773 lsti
3251 4762 3264 4785 ,
3298 4722 3506 4792 inquit,
3549 4725 3647 4777 da-

2066 4800 2201 4854 bunt
2240 4817 2424 4870 pennas
2457 4804 2476 4872 (
2504 4805 2643 4872 quod
2674 4807 2886 4874 quidem
2914 4808 2967 4862 in
2997 4812 3227 4866 secunda
3272 4829 3485 4885 quoque
3514 4818 3645 4873 dicit

2066 4893 2285 4962 epistola
2316 4893 2465 4966 [Cap.
2490 4896 2721 4968 l.v.9]).
2761 4898 2823 4951 Et
2847 4901 3064 4955 alienam
3091 4918 3175 4958 vos
3205 4905 3443 4959 habebitis
3467 4924 3646 4963 censeo

2068 4985 2303 5061 lationem
2324 5003 2423 5039 non
2453 5004 2680 5055 parram.
2713 4988 2773 5041 Et
2802 5002 2856 5042 ut
2883 4995 3192 5062 exspectetis,
3222 4994 3408 5065 inquit,
3433 4998 3595 5067 ﬁlium
3617 5016 3646 5054 ι

2065 5077 2245 5142 stetis,-
2280 5080 2566 5132 ostendens
2592 5096 2651 5134 ea
2692 5098 2809 5149 qua:
2834 5092 2955 5135 sunt
2982 5086 3157 5154 gravia
3187 5098 3239 5141 et
3277 5103 3494 5158 aspera,
3524 5107 3647 5147 esse

2072 5166 2125 5221 in
2175 5169 2437 5234 manibus,
2470 5169 2605 5223 bona
2650 5184 2826 5225 autem
2873 5172 2924 5226 in
2970 5180 3384 5244 exspectatione,
3430 5181 3644 5249 quando

2066 5258 2311 5315 Christus
2354 5260 2535 5316 veniet
2572 5277 2604 5317 e
2648 5263 2815 5318 caelis.
2850 5264 2982 5318 Vide
3028 5277 3225 5335 quanta
3250 5285 3343 5337 spe
3371 5272 3441 5324 sit
3467 5287 3636 5341 opus,

2066 5351 2209 5421 quod
2257 5352 2498 5406 Christus
2554 5352 2607 5406 in
2644 5368 2857 5408 crucem
2916 5366 3103 5422 actus,
3131 5359 3201 5412 sit
3250 5362 3538 5416 suscitatus
3590 5377 3649 5421 et

2068 5453 2374 5515 assumptus
2432 5444 2484 5497 in
2537 5446 2730 5509 caelos;
2762 5448 2903 5516 quod
2961 5459 3212 5504 venturus
3256 5453 3327 5506 sit
3382 5453 3449 5508 ad
3496 5456 3645 5523 judi-

2067 5535 2266 5589 candos
2313 5536 2464 5588 vivos
2509 5543 2565 5589 et
2614 5546 2873 5591 mortuos.
2905 5537 2923 5608 (
2951 5536 3079 5605 Cap.
3111 5540 3193 5611 ‘2.)
3222 5542 3271 5595 l.
3306 5541 3445 5595 Nam
3474 5555 3520 5598 et
3547 5547 3648 5614 ipsi

2067 5626 2203 5679 scitis
2224 5666 2238 5690 ,
2267 5628 2448 5697 fratres
2469 5666 2483 5690 ,
2514 5625 2773 5679 introitum
2823 5640 3051 5681 nostrum
3100 5631 3168 5682 ad
3212 5648 3297 5685 ros
3317 5672 3334 5698 ,
3366 5636 3501 5702 quod
3544 5652 3649 5690 non

2067 5718 2234 5772 inanis
2274 5718 2407 5786 fuit;
2447 5718 2501 5771 2.
2533 5719 2621 5771 sed
2667 5729 2785 5772 ante
2824 5721 2959 5786 passi
3000 5722 3176 5785 multa,
3230 5734 3277 5777 et
3332 5728 3653 5783 contumeliis

2070 5808 2257 5879 affecti,
2293 5808 2418 5863 sicut
2444 5810 2600 5878 scitis,
2630 5811 2682 5863 in
2716 5808 2992 5883 Philippis,
3019 5812 3261 5883 ﬁduciam
3292 5814 3553 5872 habuimus
3578 5834 3639 5874 tu
