4120 6400
356 345 461 406 399

1249 350 1313 403 IN
1354 350 1607 404 EPISTJ
1638 351 1727 404 AD
1763 350 2092 407 THESSAL.
2128 352 2280 407 CAP.
2317 350 2354 406 Ι.
2388 348 2618 405 HOMIL.
2661 349 2720 403 ιι.

2508 476 2904 490 M

1794 606 2035 657 OMIAIA
2080 606 2154 659 B’.

373 733 488 805 Ἀφ’
509 732 674 803 ὑμῶν
702 734 1116 805 γὰρὲξήχηται
1154 738 1187 789 ό
1209 737 1391 803 λόγος
1426 734 1534 789 τοῦ
1571 737 1814 805 Κυρίου,
1851 737 1924 789 οὐ

425 804 617 874 μόνον
643 805 711 857 ἐν
738 804 813 872 τῇ
859 806 1196 871 Μακεδονίᾳ
1226 806 1324 857 καὶ
1384 806 1599 873 Ἀχαΐᾳ,
1630 804 1790 859 ἀλλὰ
1824 806 1925 858 xal

428 876 499 928 ἐν
519 875 696 926 παντὶ
722 876 881 939 τόπῳ
901 875 938 940 ή
974 876 1177 940 πίστις
1208 874 1375 942 ὑμῶν
1412 878 1449 942 ἡ
1474 877 1622 944 πρὸς
1645 876 1749 928 τὸν
1777 877 1928 927 Θεὸν

428 944 819 1008 ἐξελήλυθεν,
850 944 1005 997 ὥστε
1029 945 1114 1012 μὴ
1140 946 1346 1011 χρείαν
1365 945 1520 1012 ἡμᾶς
1536 947 1699 1013 ἐχειν
1713 945 1928 998 λαλεῖν

430 1031 507 1067 τι.
530 1014 708 1068 Αὐτοὶ
732 1016 841 1082 γὰρ
862 1016 995 1083 περί
1017 1014 1185 1082 ἡμῶν
1208 1014 1698 1083 ἀπαγγέλλουσιν
1714 1016 1929 1067 ὁποίαν

430 1083 674 1137 εἵσοδον
702 1082 1101 1153 ἔχομεν-πρὸς
1132 1082 1309 1152 ὑμᾶς,
1345 1087 1443 1137 καὶ
1482 1086 1609 1149 πῶς
1648 1084 1930 1151 ἐπεστρέ-

429 1158 584 1222 ψατε
620 1152 775 1222 πρὸς,
809 1152 915 1222 τόν
962 1154 1110 1207 Θεὸν
1157 1154 1271 1206 ἀπὸ
1311 1155 1427 1206 τῶν
1457 1154 1739 1215 εἰδώλων,
1785 1155 1929 1207 δου-

430 1220 634 1277 λεύειν
665 1221 785 1287 Θεῷ
815 1220 979 1284 ζῶντι
1008 1223 1105 1277 καὶ
1142 1222 1423 1289 ἀληθινῷ,
1472 1225 1569 1277 καὶ
1610 1224 1931 1292 ἀναμένειν

432 1294 541 1346 τὸν
587 1295 722 1345 Υίὸν
746 1294 933 1346 αὑτοῦ
956 1295 1021 1346 ἐκ
1040 1292 1158 1346 τῶν
1179 1292 1470 1361 οὐρανῶν,
1507 1293 1578 1346 ὃν
1601 1293 1836 1360 ἤγειρεν
1861 1295 1931 1346 ἐκ

434 1361 552 1442 τῷν
578 1362 853 1443 νεκρῶν,⁴
873 1363 1247 1443 Ἰησοῦνςτὸν
1284 1365 1586 1433 ῥυόμενον
1629 1364 1786 1434 ἡμᾶς
1811 1364 1930 1417 ἀπὸ

432 1431 545 1500 τῆς
564 1431 745 1500 ὀργῆς
783 1431 890 1501 τῆς
916 1432 1262 1503 ἐρχομένης.

434 1598 504 1646 α’.
521 1591 788 1662 Καθάπερ
807 1591 973 1661 μύρον
1002 1592 1199 1655 εὐῶδες
1212 1591 1308 1662 τήν
1326 1592 1551 1646 εὐωδίαν
1570 1593 1668 1645 οὐκ
1684 1594 1741 1645 ἐν
1756 1592 1935 1663 ἐαυτῷ

369 1681 692 1750 συγκλεῖσαν
717 1682 848 1751 ἔχει,
874 1682 1007 1735 ἀλλὰ
1038 1681 1319 1752 πόρρωθεν
1340 1683 1550 1752 ἀφίησι,
1572 1681 1773 1734 καὶτὸν
1796 1682 1936 1751 ἀέρα

366 1770 690 1840 ἀναχρῶσαν
730 1770 829 1838 τῆς
858 1770 1053 1839 ὀσμῆς,
1087 1768 1257 1832 οὕτως
1298 1769 1471 1838 ἐνίησι
1528 1769 1623 1822 καὶ
1663 1771 1783 1831 ταῖς
1827 1769 1935 1821 τῶν

368 1857 612 1927 πλησίων
656 1857 969 1925 αἰσθήσεσιν
995 1873 1007 1885 ⁸
1050 1856 1193 1909 οὕτω
1225 1857 1287 1926 δὴ
1324 1858 1418 1909 καὶ
1463 1858 1513 1910 οί
1556 1860 1792 1923 γενναῖοι
1840 1856 1935 1908 καὶ

369 1942 676 2013 θαυμαστοὶ
704 1942 890 2011 ἄνδρες
912 1943 1014 1996 οὐκ
1033 1944 1089 1995 ἐν
1115 1945 1327 2006 ἑαυτοῖς
1342 1943 1439 2013 τὴν
1462 1944 1660 2013 ἀρετὴν
1688 1940 1936 2009 συγκλεί-

371 2047 561 2093 σαντες
585 2029 823 2099 ἔχουσιν,
858 2028 993 2082 ἀλλά
1033 2029 1259 2092 πολλοὺς
1298 2030 1383 2083 διὰ
1420 2031 1517 2099 τῆς
1540 2031 1729 2099 φήμης
1758 2028 1936 2082 αὐτῶν

367 2116 637 2187 ὠφελοῦσι
677 2116 769 2169 καὶ
810 2117 1067 2186 ἀμείνους
1105 2116 1446 2187 ἐργάζονται.
1488 2118 1664 2186 Ὅπερ
1707 2113 1803 2168 οὖν
1844 2116 1940 2169 καὶ

367 2207 491 2259 τότε
517 2204 828 2274 γεγένηται.
862 2205 961 2257 Διά
996 2204 1153 2257 τοῦτο
1175 2204 1381 2271 ἔλεγεν·
1419 2204 1601 2257 Ὥστε
1637 2201 1795 2271 ὑμᾶς
1838 2203 1939 2257 τύ-

370 2309 526 2357 πους
555 2289 830 2360 γενέσθαι
854 2290 1004 2345 πᾶσι
1043 2291 1166 2357 τοῖς
1197 2291 1592 2344 πιστεύουσιν
1626 2291 1696 2343 ἐν
1733 2291 1940 2357 Ἀχαΐᾳ

371 2379 468 2431 καὶ
497 2377 569 2446 τῇ
598 2377 957 2444 Μακεδονίᾳ.
997 2378 1112 2445 Ἆρ’
1139 2376 1305 2444 ὑμῶν
1338 2377 1467 2445 γὰρ,
1507 2377 1694 2446 φησὶν.
1721 2377 1943 2446 ἐξήκηυ

371 2483 465 2520 ται
495 2469 527 2520 ό
554 2466 739 2534 λόγος
783 2465 889 2518 τοῦ
938 2465 1180 2531 Κυρίου,
1213 2466 1284 2518 οὐ
1305 2466 1497 2533 μόνον
1536 2464 1608 2516 ἐν
1639 2463 1711 2532 τῇ
1744 2467 1939 2517 Μακε-

370 2554 543 2627 δονίᾳ
583 2553 681 2607 καὶ
743 2553 985 2620 Ἀχαΐᾳ,
1032 2553 1195 2605 ἀλλὰ
1227 2552 1321 2604 καὶ
1359 2552 1431 2604 ἐν
1469 2552 1647 2604 παντὶ
1695 2554 1855 2616 τόπῳ
1899 2554 1939 2620 ἡ

371 2643 577 2707 πίστις
601 2640 767 2709 ὑμῶν
785 2640 821 2706 ἡ
850 2640 999 2706 πρὸς
1028 2638 1133 2691 τὸν
1150 2639 1664 2703 Θεὺνέξελήλυθε.
1696 2639 1809 2708 Τῆς
1843 2640 1941 2709 μὲν

373 2725 469 2783 οὖν
511 2728 846 2790 παιδεύσεως
894 2727 1020 2788 τούς
1062 2726 1289 2794 πλησίον
1337 2726 1543 2788 πάντας
1582 2726 1938 2794 ὲνεπλήσατε,

373 2818 531 2889 φησὶ,
579 2817 671 2870 τοῦ
718 2817 773 2869 δὲ
825 2816 1102 2886 θαύματος
1141 2816 1239 2886 τὴν
1295 2817 1651 2885 οἰκουμένηνο
1702 2816 1762 2868 τὸ
1809 2816 1939 2886 7‘19,

385 2908 483 2960 Ἐν
509 2907 688 2959 παντὶ
724 2908 904 2969 τόπῳ,
938 2905 1095 2958 τοῦτό
1135 2907 1272 2959 ἐστι.
1314 2906 1421 2957 Καὶ
1460 2907 1561 2958 οὐκ
1589 2900 1729 2958 εἷπε·
1760 2908 1945 2958 Διατε-

375 2995 669 3067 θρύλληται
708 2997 741 3066 ἡ
774 2997 957 3057 πίστις
988 2994 1163 3064 ὑμῶν,
1201 2994 1339 3057 ἀλλ’,
1384 2994 1735 3063 Ἐξήχηταν
1768 2994 1944 3065 δηλῶν

374 3084 459 3136 ὅτι
493 3082 683 3153 ὥσπερ
727 3082 1024 3150 σάλπιγγος
1062 3081 1313 3151 λαμπρὸν
1361 3082 1599 3152 ήχούσης
1644 3084 1672 3134 6
1717 3082 1945 3151 πλησίον

377 3170 523 3234 ἅπας
543 3170 843 3241 πληροῦται
874 3169 1056 3232 τόπος,
1083 3168 1225 3222 οῦτω
1251 3170 1349 3238 τῆς
1395 3171 1666 3241 ὑμετέρας
1696 3170 1945 3239 ἀνδρείας

378 3260 413 3328 ἡ
444 3260 622 3328 φήμη,
670 3258 921 3327 καθάπερ
974 3256 1158 3327 ἐκείνη
1205 3256 1581 3320 σαλπίζουσα,
1639 3256 1799 3327 ἱκανὴ
1848 3256 1947 3326 τὴν

378 3346 705 3415 οἰκουμένην
742 3343 1037 3414 ἐμπλῆσαι,
1070 3344 1164 3396 καὶ
1197 3346 1329 3396 πᾶσι
1363 3347 1475 3407 τοῖς
1502 3343 1776 3414 πανταχοῦ
1812 3345 1951 3416 μετά

380 3434 480 3503 τῆς
507 3436 629 3504 ῐσης
656 3433 796 3502 ἠχῆς
817 3435 1166 3503 προσπεσεῖν.
1191 3433 1272 3484 Τά
1295 3432 1403 3502 γὰρ
1440 3431 1649 3501 μεγάλα
1675 3434 1783 3484 τῶν
1813 3450 1951 3503 πρα-

381 3523 606 3591 γμάτιον
632 3520 760 3573 ἔνθα
792 3520 890 3589 μὲν
918 3520 985 3573 ἂν
1029 3519 1276 3590 γένηται,
1320 3520 1698 3590 λαμπρότερον
1742 3520 1949 3590 ᾄδεται,

384 3610 574 3681 πόρρω
603 3609 661 3662 δέ
689 3608 872 3679 ᾅδεται
900 3609 1018 3677 μὲν,
1052 3608 1149 3677 οὐχ
1177 3607 1318 3660 οὕτω
1346 3608 1404 3658 δέ
1432 3625 1445 3638 ⁸
1473 3608 1565 3675 ἀφ’
1594 3607 1747 3676 ὐμῶν
1776 3607 1832 3659 δὲ
1861 3606 1953 3659 οὖν

383 3698 482 3768 οὐχ
508 3698 702 3761 οὕτως,
752 3696 865 3749 ἀλλ’
909 3695 1016 3767 ὴχὴ
1062 3695 1301 3766 εῦσημος
1346 3694 1622 3765 πανταχοῦ
1666 3696 1765 3764 τῆς
1804 3694 1951 3766 [455]

384 3788 487 3857 γῆς
517 3784 823 3857 ἐξελήλυθε.
865 3786 975 3837 Καὶ
1011 3789 1082 3854 μή
1111 3801 1195 3846 τις
1238 3783 1546 3855 ὑπερϐολῆς
1587 3779 1727 3835 εἶναι
1756 3782 1955 3856 νομίσῃ

383 3877 455 3926 τὰ
477 3876 728 3944 ῥήματα·
765 3876 860 3925 καὶ
897 3871 1005 3942 7&9
1039 3870 1197 3924 τοῦτο
1236 3872 1299 3925 τὸ
1334 3872 1485 3935 ἔθνος
1518 3871 1579 3923 τὸ
1610 3870 1719 3923 τῶν
1765 3872 1953 3923 Μακε-

385 3962 551 4016 δόνων
580 3961 684 4030 πρὸ
710 3960 811 4029 τῆς
839 3958 932 4011 τοῦ
961 3957 1199 4030 Χριστοῦ
1232 3957 1534 4029 παρουσίας
1566 3958 1836 4027 ἐπίσημον
1865 3952 1953 4027 ἦν,

387 4050 482 4103 καὶ
518 4048 793 4117 πανταχοῦ
842 4046 999 4117 ᾔδετο
1049 4046 1336 4114 Ῥωμαίων
1389 4044 1621 4115 μᾶλλον·
1668 4044 1762 4096 καὶ
1822 4044 1955 4096 Ῥω-

390 4139 540 4207 μαῖοι
570 4136 658 4189 διὰ
700 4134 858 4187 τοῦτο
891 4134 1214 4203 θαυμαστοὶ,
1246 4134 1327 4185 δτι
1355 4133 1575 4195 τούτους
1606 4127 1772 4185 εἷλον.

464 4225 531 4277 Ἀ
553 4222 661 4293 γὰρ
685 4222 714 4273 ὁ
750 4221 1076 4274 Μακεδόνων
1127 4220 1380 4289 βασιλεὺς
1432 4219 1747 4289 εἰργάσατο,
1783 4218 1957 4272 πάντα

390 4312 713 4381 ὐπερέδαινε
736 4310 914 4376 λόγον,
942 4309 1049 4361 ἀπὸ
1086 4308 1286 4377 μικρᾶς
1320 4306 1416 4376 μὲν
1443 4305 1704 4377 ὁρμηθεὶς
1729 4305 1955 4368 πόλεως,

388 4401 487 4468 τὴν
515 4399 571 4452 δὲ
598 4399 922 4467 οἰκουμένην
950 4394 1291 4449 καταλαϐών.
1317 4394 1413 4446 Διά
1435 4393 1591 4446 τοῦτο
1623 4393 1717 4445 καὶ
1750 4392 1957 4463 πτηνὴν

392 4486 661 4558 Πάρδαλιν
712 4483 873 4539 αὐτὸν
910 4486 1010 4554 ὁρᾷ
1052 4485 1082 4537 6
1129 4483 1435 4553 προφήτης,
1460 4481 1521 4533 τὸ
1564 4481 1726 4551 τάχος
1763 4480 1856 4533 καὶ
1898 4480 1960 4531 τὸ

394 4573 619 4643 σφοδρὸν
646 4574 737 4625 καὶ
757 4573 817 4624 τί)
850 4571 1094 4642 πυρῶδες
1130 4572 1222 4623 καὶ
1247 4570 1307 4622 τὸ
1347 4568 1499 4637 ἄφνω
1525 4585 1626 4620 που
1668 4568 1959 4635 διαπτῆναι

392 4665 491 4730 τὴν
534 4660 857 4729 οἰκουμένην
903 4659 1039 4727 μετά
1090 4656 1371 4729 τροπαίων
1417 4656 1511 4708 καὶ
1556 4654 1711 4725 νίκης
1761 4652 1958 4723 δηλῶν.

394 4752 646 4818 Λέγουσι,
676 4750 754 4813 δὲ,
777 4752 857 4803 ὅτι
891 4750 986 4803 καὶ¹
1019 4747 1309 4817 φιλοσόφου
1338 4747 1482 4809 τινὸς
1511 4744 1750 4807 ἀκούσας
1781 4745 1967 4812 λιέγον⁶

393 4857 504 4904 τος,
529 4840 611 4893 δτι
640 4840 855 4908 ἄπειροι
883 4838 1078 4907 κόσμοι
1115 4836 1244 4897 εἰσὶ,
1267 4834 1462 4905 πικρὸν
1494 4832 1795 4897 ἐστέναξεν,
1823 4834 1876 4886 εἴ
1900 4850 1963 4901 γε

396 4927 634 4996 ἀπείρων
666 4926 853 4989 ὄντων,
891 4924 1025 4995 μηδέ
1068 4924 1182 4986 ἑνός
1225 4940 1327 4974 που
1370 4920 1743 4989 κεκράτηκενο
1793 4919 1965 4983 οὕτως

395 5014 464 5088 ἦν
504 5015 860 5087 μεγαλόφρων
885 5014 981 5067 καὶ
1013 5012 1402 5081 μεγαλόψυχος,
1430 5011 1523 5062 καὶ
1551 5009 1826 5078 πανταχοῦ
1866 5010 1965 5079 τῆς

395 5104 719 5175 οἰκουμένης
764 5102 939 5173 ᾔδετο.
982 5103 1060 5171 Τῇ
1090 5099 1221 5167 γοῦν
1252 5099 1346 5151 τοῦ
1393 5096 1653 5167 βασιλέως
1682 5099 1839 5167 φήμῃ
1871 5114 1967 5150 συ-

396 5193 581 5263 νανῄει
627 5192 720 5245 καὶ
753 5193 787 5261 ή
834 5190 926 5243 τοῦ
973 5189 1155 5251 ἔθνους
1194 5188 1337 5254 δόξα·
1395 5186 1739 5257 Ἀλέξανδρος
1785 5188 1893 5254 γὰρ
1939 5186 1968 5238 6

398 5278 665 5334 Μακεδὼν
682 5279 897 5347 ἐλέγετο
918 5294 931 5307 ⁸
954 5277 1093 5330 ὥστε
1114 5276 1479 5346 διαϐοωμένου
1501 5276 1729 5337 ἐκείνου,
1746 5274 1967 5334 εἰκότως

399 5369 493 5420 καὶ
523 5367 591 5420 τά
626 5369 743 5421 ἐκεῖ
788 5366 1053 5435 γενόμενα
1100 5364 1372 5434 πανταχοῦ
1416 5364 1666 5435 ᾄδεσθαν
1704 5363 1813 5415 τῶν
1860 5362 1968 5431 γὰρ

398 5455 683 5527 ἐπισήμων
715 5454 864 5507 οὐδὲν
893 5454 1115 5506 δύναται
1156 5452 1358 5507 λαθεῖν.
1387 5453 1497 5520 Οὐχ
1543 5448 1701 5523 ἦττον
1743 5445 1835 5502 οὖν
1861 5449 1969 5502 τῶν

410 5542 695 5613 Ῥωμαίων
733 5543 800 5594 τὰ
844 5541 1166 5595 Μακεδόνων
1195 5537 1261 5610 ἧν
1289 5551 1335 5591 α.
1392 5540 1453 5591 Ἡ
1481 5543 1681 5604 πίστις
1719 5537 1885 5605 ὑμῶν
1930 5539 1967 5604 ἡ

399 5631 549 5698 πρὸς
587 5630 753 5694 Θεὸν,
778 5633 958 5700 φησὶν,
987 5628 1375 5694 ἐξελήλυθεν.
1411 5627 1551 5697 Ὅρα
1589 5628 1708 5690 πῶς
1739 5628 1815 5689 ὡς
1845 5629 1971 5697 περὶ

466 5781 482 5847 '_
511 5780 597 5847 llitf
620 5786 716 5831 λείη
740 5786 883 5832 modo
902 5788 1083 5847 legisse
1129 5785 1383 5834 videbatur
1403 5786 1669 5833 Genllantts
1706 5785 1967 5839 Hen'elttq,

406 5844 545 5901 cujus
579 5844 923 5905 interpretatio
950 5844 1114 5898 Latina
1140 5850 1198 5897 ad
1224 5849 1519 5899 Savtliattam
1543 5850 1724 5897 seriem
1748 5862 1844 5895 non
1866 5862 1970 5897 om-

406 5915 522 5953 nmo
544 5908 817 5970 quadrabat.

2026 736 2273 807 ἐμψύχου
2344 737 2724 808 διαλεγόμενος
2777 741 2871 800 τὸ,
2925 742 3323 810 Ἑξελήλυθε,
3369 745 3611 800 τέθεικε⁸

2024 824 2183 878 τοῦτο
2228 826 2285 877 δέ
2326 827 2420 878 καὶ
2459 827 2567 879 ἀπὸ
2604 827 2703 897 τῆς
2744 828 3107 900 σφοδρότητος
3141 831 3321 884 αὐτῶν
3366 834 3612 901 γέγονεν.

2027 909 2160 965 Εἶτα
2194 912 2373 982 δηλῶν
2401 913 2482 966 ὄτι
2515 913 2660 966 οὕτω
2688 915 2787 984 τὴν
2818 917 3003 969 πίστιν
3032 918 3214 970 αὐτῶν
3248 920 3486 990 σφοδρὰν
3520 922 3617 974 καὶ

2028 1000 2223 1070 ἐνεργῆ
2259 1000 2626 1065 ἐπεδείξαντο,
2655 1002 2852 1070 ἐπάγει
2872 1018 2885 1031 ⁸
2914 1004 3097 1057 Ὥστε
3120 1004 3205 1074 μὴ
3225 1008 3435 1073 χρείαν
3457 1007 3617 1076 ἡμᾶς

2028 1087 2193 1155 ἔχειν
2237 1088 2450 1141 λαλεῖν
2480 1106 2552 1143 τι.
2585 1089 2764 1143 Αὐτοὶ
2814 1090 2925 1159 γὰρ
2956 1092 3089 1160 περὶ
3118 1092 3286 1161 ἡμῶν
3315 1093 3616 1164 ἀπαγγέλ-

2028 1176 2250 1226 λουσιν
2295 1175 2513 1227 ὁποίαν
2552 1174 2798 1228 εἴσοδον
2834 1176 3096 1246 ἔσχομεν
3147 1180 3296 1247 πρὸς
3330 1179 3504 1248 ὑμᾶς.
3539 1181 3616 1234 Οὐ

2031 1260 2415 1330 περιμένουσιν
2466 1261 2699 1315 ἀκοῦσαι
2747 1264 2879 1333 περὶ
2930 1265 3107 1333 ὐμῶν,
3141 1266 3278 1319 ἀλλά
3318 1268 3445 1330 τοὺς
3496 1285 3619 1320 πα-
3684 1322 3685 1325 η

2034 1350 2226 1418 ρόντας
2270 1351 2365 1402 καὶ
2406 1349 2775 1419 τεθεαμένους
2807 1350 2878 1403 τὰ
2917 1352 3158 1423 ὑμέτερα
3193 1354 3616 1424 κατορθώματα,

2031 1437 2082 1487 οξ
2122 1439 2196 1507 μὴ
2228 1437 2518 1505 παρόντες,
2542 1437 2676 1506 μηδέ
2709 1438 3031 1509 τεθεαμένοι
3064 1442 3615 1512 παραλαμᾶὶνουσιν·

2033 1522 2176 1575 οὕτω
2210 1523 2342 1594 δήλη
2378 1524 2657 1593 πανταχοῦ
2702 1525 2894 1592 γέγονε
2921 1529 3042 1590 ταῖς
3074 1529 3284 1591 ἀκοαῖς.
3317 1528 3525 1582 Οὐκοῦν
3557 1530 3619 1582 οὐ

2033 1611 2340 1681 δεησόμεθα
2370 1610 2438 1663 τὰ
2466 1611 2707 1681 ὑμέτερα
2734 1612 3102 1683 διηγούμενοι,
3127 1617 3208 1677 εἰς
3236 1615 3396 1684 ζῆλον
3424 1616 3621 1678 αὐτοὺς

2036 1701 2264 1766 ἀγαγεῖν
2313 1699 2405 1752 τὴν
2450 1701 2596 1752 ἴσον·
2627 1698 2663 1752 ἂ
2706 1698 2815 1771 7&9
2853 1701 3051 1762 αὐτοὺς
3095 1702 3266 1771 ἐχρῆν
3301 1704 3432 1773 παρ’
3464 1703 3623 1772 ήμῶν

2037 1785 2277 1849 ἀκούειν,
2296 1786 2471 1839 ταῦτα
2497 1786 2654 1839 αὐτοὶ
2683 1787 3047 1857 προλαϐόντες
3086 1788 3322 1856 λέγουσι.
3349 1789 3535 1843 Καίτοι
3556 1806 3622 1857 γε

2038 1874 2304 1943 πολλαχοῦ
2325 1875 2416 1926 ἐπὶ
2434 1875 2541 1927 τῶν
2562 1874 2820 1928 τοιούτων
2843 1876 3033 1944 φθόνος
3055 1877 3203 1929 ἐστίν
3224 1894 3235 1906 ⁸
3256 1878 3371 1931 ἀλλ’
3396 1880 3430 1948 ή
3455 1878 3621 1947 ὑπερ-

2039 1961 2170 2031 ϐολὴ
2204 1962 2299 2014 καὶ
2324 1962 2513 2014 τοῦτον
2538 1961 2778 2033 ἐνίκησε,
2797 1964 2893 2015 καὶ
2920 1963 3075 2016 αὐτοὶ
3109 1965 3353 2034 κήρυκές
3380 1967 3488 2017 εἰσι
3511 1965 3621 2017 τῶν

2039 2050 2325 2121 ὑμετέρων
2359 2050 2557 2105 ἄθλων.
2594 2051 2789 2102 Καίτοι
2826 2066 2891 2117 γε
2939 2050 3469 2122 ἀπολιμπανόμενοι,
3499 2052 3622 2105 οὐδὲ

2038 2138 2181 2190 οὐτω
2216 2138 2461 2206 σιγῶσιν,
2492 2138 2630 2190 ἀλλά
2664 2138 3057 2209 προφθάνουσι.
3082 2140 3356 2204 Τοιούτοις
3387 2141 3445 2194 δέ
3473 2138 3626 2194 οὖσιν

2038 2229 2139 2279 οὐκ
2166 2226 2311 2279 ἐστιν
2328 2229 2460 2296 ἡμῖν
2481 2227 2731 2294 λέγουσιν
2753 2228 3072 2297 ἀπιστῆσαι.
3094 2229 3159 2280 Τί
3182 2230 3350 2294 ἐστιν,
3380 2228 3627 2283 ὀποίαν

2039 2314 2274 2368 εἴσοδον
2298 2314 2561 2383 ἔσχομεν
2586 2314 2733 2381 πρὸς
2754 2312 2945 2383 ὐμᾶς;
2969 2315 3090 2367 Ὂτι
3122 2314 3383 2369 κινδύνων
3404 2315 3626 2385 ἔγεμεν,

2039 2402 2123 2453 ὅτι
2155 2400 2397 2453 θανάτων
2434 2400 2666 2471 μυρίων,
2693 2401 2777 2453 ὃτι
2807 2400 3013 2453 τούτων
3042 2402 3192 2454 οὐδὲν
3220 2403 3365 2470 ὑμᾶς
3394 2403 3627 2473 ἐτάρατ-

2040 2506 2131 2540 τεν
2151 2504 2165 2517 ⁸
2184 2488 2322 2553 ἀλλ’,
2340 2487 2411 2550 ὡς
2436 2487 2649 2551 οὐδενὸς
2671 2488 2989 2557 γενομένου,
3008 2488 3179 2552 οὕτως
3200 2491 3355 2559 ἡμῶν
3379 2490 3592 2561 είχεσθε
3606 2506 3622 2521 ⁸

2040 2575 2114 2637 ὡς
2141 2575 2289 2626 οὐδὲν
2333 2575 2597 2635 παθόντες
2640 2574 2966 2633 κακὸν,ἀλλ“
3006 2576 3082 2639 ὡς
3128 2577 3339 2646 μυρίων
3381 2576 3627 2630 ἀπολαύ-

2046 2679 2235 2725 σαντες
2287 2660 2527 2729 ἀγαθῶν,
2559 2660 2731 2723 ούτως
2770 2663 2919 2732 ἡμᾶς
2957 2662 3211 2728 ἐδέξασθε
3259 2663 3399 2734 μετὰ
3427 2665 3625 2719 ταῦτα.

2043 2749 2281 2818 Δευτέρα
2326 2750 2434 2817 γὰρ
2482 2743 2550 2818 ἦν
2611 2748 2814 2810 εἴσοδος
2873 2748 3034 2819 αῦτη.
3081 2744 3208 2803 Οἶον
3260 2750 3501 2819 ἀπῆλθον
3547 2752 3629 2813 εἰς

2045 2836 2328 2906 Βέρῤοιαν,
2356 2834 2723 2903 ἐδιώχθησαν⁸
2757 2835 2851 2886 καὶ
2874 2836 3013 2904 μετά
3043 2835 3216 2889 ταῦτα
3242 2837 3495 2901 ἐλθόντας
3531 2838 3629 2891 αὐ-

2043 2926 2168 2986 τοὺς
2197 2924 2367 2986 οὕτως
2407 2923 2677 2988 ἐδέξαντο,
2709 2923 2784 2987 ὡς
2814 2924 3111 2994 τιμηθῆναι
3142 2927 3238 2978 καὶ
3266 2927 3395 2994 παρ’
3427 2925 3629 2988 αὐτῶν,

2045 3012 2187 3063 ὥστε
2230 3012 2325 3063 καὶ
2364 3011 2461 3081 τὴν
2490 3010 2669 3080 ψυχὴν
2703 3010 2886 3063 αὐτῶν
2919 3011 3057 3081 ὑπὲρ
3089 3011 3268 3064 αὐτῶν
3303 3012 3523 3082 ἔθηκαν.
3558 3010 3634 3063 Τὸ

2045 3096 2161 3161 οὖν,
2222 3099 2469 3151 Ὀποίαν
2519 3096 2764 3151 εἴσοδον
2797 3098 3080 3167 ἔσχομεν,
3142 3097 3633 3167 συμπεπλεγμένον

2048 3190 2193 3240 ἐστι·
2228 3188 2321 3239 καὶ
2363 3186 2567 3239 τούτων
2620 3187 2749 3258 7&9,
2794 3188 2890 3240 καὶ
2942 3187 3122 3239 αὐτῶν
3167 3187 3279 3256 ἔχει
3324 3186 3631 3257 ἐγκώμιον

2051 3274 2163 3327 ἀλλ’
2198 3275 2360 3337 αὐτὸς
2405 3273 2565 3326 τοῦτο
2616 3274 2842 3343 ἔτρεψεν
2887 3276 2967 3337 εἰς
3012 3274 3074 3327 τὸ
3123 3275 3323 3328 αὐτῶν.
3360 3276 3467 3328 Kal
3506 3274 3635 3341 πῶς

2050 3363 2477 3430 ἐπεστρέψατε,
2508 3362 2663 3431 φησὶ,
2688 3362 2838 3433 πρὸς
2863 3362 2970 3415 τὸν
2999 3362 3149 3416 Θεὸν
3178 3362 3297 3416 ἀπὸ
3327 3361 3444 3415 τῶν
3471 3360 3636 3415 εἰδώ-

2051 3455 2176 3505 λων
2226 3450 2538 3504 δουλεύειν
2592 3449 2711 3515 Θεῷ
2758 3448 2925 3510 ζὶῦντι
2987 3448 3137 3521 [454]
3190 3450 3287 3502 καὶ
3335 3450 3633 3517 ἀληθινῶς

2054 3538 2365 3601 Τουτέστιν,
2385 3539 2465 3590 ὄτι
2494 3536 2751 3600 εὐκόλως,
2780 3538 2860 3590 ὅτι
2884 3538 3022 3606 μετά
3053 3538 3255 3605 πολλῆς
3281 3538 3380 3604 τῆς
3417 3538 3635 3608 σφοδρός

2054 3643 2235 3693 τητος,
2263 3625 2342 3678 ὅτι
2386 3625 2485 3676 οὐκ
2517 3623 2774 3693 ἐδεήθητε
2802 3624 3002 3691 πολλῆς
3046 3624 3432 3692 πραγματείας
3464 3625 3545 3686 εἰς
3574 3623 3636 3677 τὸ

2054 3712 2326 3764 δουλεύειν
2377 3710 2497 3781 Θεῷ
2552 3710 2713 3773 ζῶντι
2774 3711 2867 3763 καὶ
2914 3710 3174 3781 ἀληθινῷ.
3223 3709 3485 3763 Ἐνταῦθα
3540 3710 3637 3763 καὶ

2057 3800 2380 3870 παραίνεσιν
2431 3800 2744 3869 εἰσήγαγεν,
2784 3800 2922 3868 ὅπερ
2968 3800 3116 3852 ἐστὶν
3164 3799 3636 3870 ἀνεπαχθέστερον

2055 3889 2147 3941 τὸν
2176 3888 2334 3953 λόγον
2362 3887 2659 3949 ποιοῦντος.
2681 3886 2787 3939 Kal
2819 3885 3158 3953 ἀναμένειν,
3186 3886 3338 3957 φησί,
3361 3886 3466 3938 τὸν
3501 3887 3639 3939 Υίὸν

2055 3974 2241 4028 αὐτοῦ
2264 3975 2333 4027 ἐκ
2363 3971 2480 4026 τῶν
2504 3972 2795 4040 οὐρανῶν,
2815 3974 2887 4026 ὃν
2909 3973 3145 4041 ἤγειρεν
3168 3974 3235 4025 ἐκ
3255 3973 3373 4027 τῶν
3386 3972 3636 4041 νεκρῶν.

2068 4064 2331 4129 Ἰησοῦν,
2362 4062 2469 4115 τὸν
2496 4062 2797 4131 ῥυόμενον
2821 4061 2980 4130 ἡμᾶς
3012 4062 3129 4115 ἀπὸ
3158 4060 3270 4129 τῆς
3300 4060 3480 4130 ὀργῆς
3527 4059 3637 4128 τῆς

2054 4149 2402 4220 ἐρχομένης.
2434 4150 2542 4202 Καὶ
2570 4148 2906 4217 ἀναμένειν,
2942 4150 3098 4218 φησὶ,
3130 4149 3237 4202 τὸν
3276 4148 3415 4202 Υίὸν
3449 4148 3636 4202 αὐτοῦ

2054 4238 2123 4291 ἐκ
2158 4239 2274 4291 τῶν
2305 4234 2600 4304 οὐρανῶν,
2640 4237 2731 4289 τὸν
2766 4236 3200 4307 ἐσταυρωμένον,
3235 4236 3325 4288 τὸν
3358 4236 3633 4303 ταφέντα·

2055 4321 2134 4373 διὸ
2182 4319 2467 4373 καὶτοῦτο
2518 4318 2693 4389 δηλῶν
2744 4319 2960 4387 ἐπάγει,
3001 4320 3104 4370 Ὃν
3149 4318 3388 4387 ἤγειρεν
3417 4319 3486 4372 ἐκ
3517 4318 3638 4370 τῶν

2061 4409 2309 4476 νεκρῶν.
2341 4404 2494 4471 Εἶδες
2543 4406 2677 4478 ὁμοῦ
2709 4406 2907 4472 πάντα,
2940 4408 3031 4458 καὶ
3061 4406 3160 4477 τήν
3190 4407 3507 4471 ἀνάστασιν,
3542 4406 3637 4459 καὶ

2064 4498 2163 4565 τὴν
2214 4494 2513 4564 ἀνάληψιν,
2559 4494 2654 4546 καὶ
2701 4494 2801 4562 τὴν
2850 4493 3111 4563 δευτέραν
3164 4494 3487 4565 παρουσίαν,
3535 4494 3638 4563 τὴν

2066 4584 2271 4654 κρίσιν,
2302 4581 2399 4652 τὴν
2447 4581 2556 4634 τῶν
2601 4581 2823 4634 δικαίων
2857 4581 3235 4644 ἀνταπόδοσιν,
3265 4580 3361 4652 τὴν
3388 4582 3495 4634 τῶν
3532 4598 3634 4634 πο·-

2062 4670 2246 4739 νηρῶν
2291 4669 2587 4740 τιμωρίαν;
2659 4668 2901 4735 Ἰησοῦν
2942 4669 3049 4722 τὸν
3094 4670 3396 4738 ῥυόμενον
3442 4668 3635 4738 ἡμᾶς,

2063 4761 2245 4826 φησιν,
2275 4756 2393 4810 ἀπὸ
2422 4754 2533 4823 τῆς
2559 4755 2740 4825 ὀργῆς
2775 4754 2886 4822 τῆς
2936 4753 3288 4824 ἐρχομένης.
3338 4754 3508 4809 Τοῦτο
3543 4755 3638 4810 καὶ

2062 4844 2403 4914 παραμυθία,
2430 4844 2519 4895 καὶ
2547 4841 2915 4912 παράκλησις,
2950 4845 3045 4895 καὶ
3078 4843 3359 4914 προτροπὴ
3390 4842 3634 4896 ἐκείνων.

2063 4933 2125 4984 Εἰ
2154 4933 2264 5000 γὰρ
2300 4932 2519 5001 ἤγειρεν
2548 4933 2611 4983 ἐκ
2639 4930 2747 4982 τῶν
2778 4929 3007 5000 νεκρῶν,
3036 4930 3132 4983 καὶ
3170 4932 3229 4983 ἐν
3256 4930 3479 5001 οὐρανῷ
3497 4932 3635 4991 ἐστι,

2064 5021 2157 5073 καὶ
2186 5019 2392 5073 ἐκεῖθεν
2417 5017 2692 5070 ἐλεύσεται
2710 5017 2889 5089 (τοῦτο
2908 5017 2964 5070 δὲ
2992 5017 3166 5081 οὓτως
3191 5017 3336 5088 ἔχειν
3381 5017 3638 5071 ἐπιστεύ-

2066 5126 2192 5161 σατε
2215 5127 2227 5141 ⁸
2257 5109 2317 5160 οὐ
2356 5109 2463 5178 γάρ
2498 5108 2585 5170 ἂν,
2618 5108 2666 5159 εἰ
2715 5107 2788 5176 μὴ
2828 5107 3206 5172 ἐπιστεύσατε,
3233 5108 3469 5161 τοσαῦτα
3501 5108 3638 5160 ἐπά-

2066 5196 2237 5263 θετε)·
2268 5196 2426 5265 ἱκανὴ
2476 5196 2800 5266 παραμυθία
2830 5196 2927 5249 καὶ
2972 5195 3167 5248 ταῦτα.
3204 5196 3266 5248 Εἰ
3312 5195 3369 5248 δὲ
3408 5195 3503 5249 καὶ
3531 5194 3637 5247 δὼ-

2068 5302 2220 5337 σουσι
2271 5284 2488 5346 πάντως
2516 5277 2663 5335 οῦτοι
2696 5284 2874 5353 δίκην,
2904 5284 3041 5353 ὅπερ
3073 5279 3167 5336 οὖν
3202 5283 3297 5336 καὶ
3329 5285 3388 5336 ἐν
3418 5284 3485 5354 τῇ
3517 5282 3639 5335 δευ-

2065 5372 2201 5441 τέρᾳ
2229 5370 2484 5441 ἐπιστολῇ
2520 5389 2703 5441 φησιν,
2736 5371 2928 5442 ἐτέραν
2960 5372 3054 5424 καὶ
3088 5372 3246 5439 ὑμεῖς
3282 5369 3432 5434 ἕξετε
3462 5386 3639 5442 παρα-

2072 5459 2266 5528 μυθίαν
2292 5460 2352 5511 οὐ
2389 5460 2609 5529 μικράν.
2646 5458 2853 5521 ’Ἄλλως
2887 5457 2944 5510 δὲ
2972 5458 3063 5510 καὶ
3092 5456 3379 5526 ἀναμένειν
3405 5452 3527 5509 εἷτέ
3548 5455 3640 5509 τὸν

2069 5546 2195 5598 Υἰὸν
2225 5545 2387 5598 αὐτοῦ
2414 5548 2475 5597 ἐκ
2507 5545 2614 5597 τῶν
2648 5544 2911 5615 οὐρανῶν,
2942 5543 3118 5612 δηλῶν
3158 5544 3239 5596 ὅτι
3266 5541 3335 5595 τὰ
3363 5541 3463 5612 μὲν
3488 5540 3641 5595 δεινά

2068 5635 2125 5685 ἐν
2170 5634 2345 5704 χερσὶ,
2372 5633 2440 5685 τὰ
2483 5633 2539 5686 δὲ
2584 5634 2792 5703 χρηστά
2814 5635 2871 5684 ἐν
2898 5631 3175 5701 μελλήσει,
3200 5631 3329 5684 ὅταν
3356 5632 3385 5684 6
3407 5629 3641 5700 Χριστὸς

2068 5723 2175 5775 ἀπὸ
2204 5723 2312 5775 τῶν
2360 5724 2604 5790 οὐρανῶν
2646 5722 2794 5794 ἔλθῃ.
2830 5722 2971 5792 Ὅρα
3003 5720 3174 5789 πόσης
3202 5720 3374 5774 δεῖται
3403 5718 3638 5780 ἐλπίδος.

2069 5814 2150 5866 ὅτι
2174 5812 2201 5861 ὁ
2234 5812 2565 5881 σταυρωθεὶς
2605 5811 2832 5880 ήγέρθη,
2866 5810 2947 5862 ὅτι
2979 5807 3257 5879 ἀνελήφθη
3289 5811 3368 5872 εἰς
3393 5808 3517 5871 τοὺς
3545 5808 3638 5860 οὐ-

2077 5900 2288 5971 ρανοὺς,
2305 5898 2385 5954 ὅτι
2412 5898 2626 5971 ἔρχεται
2651 5900 2829 5970 κρῖναι
2853 5898 3060 5963 ζῶντας
3084 5898 3175 5951 καὶ
3200 5891 3639 5964 νεκρούς.Ᾱὺτοι
