4128 6398
473 317 574 374 40!

471 437 583 504 τὰρ
608 430 825 491 οῖδατε,
851 432 1120 501 ἀδελφοὶ,
1151 435 1266 502 τὴν
1294 436 1539 490 εἴσοδον
1563 437 1730 506 ἡμῶν
1759 435 1874 503 τὴν
1904 433 2054 500 πρὸς

471 517 648 588 ὑμᾶς,
684 519 772 572 ὅτι
804 521 876 572 οὐ
928 521 1075 587 κενὴ
1126 520 1394 588 γέγονεν,
1424 525 1586 577 ἀλλὰ
1643 523 2058 587 προπαθόντες

471 614 569 659 καὶ
629 606 1034 676 ὑϐρισθέντες,
1083 607 1278 674 καθὼς
1338 610 1560 672 οῖδατε,
1611 611 1682 663 ἑν
1713 613 2054 674 Φιλίπποις,

466 693 1037 763 ἐπαρρησιασάμεθα
1096 695 1166 747 ἐν
1231 697 1310 762 τῷ
1376 698 1496 762 Θεῷ
1566 699 1736 768 ἡμῶν
1789 696 2054 763 λαλῆσαι

466 782 618 849 πρὸς
667 780 824 850 ὑμᾶς
871 783 936 836 τὸ
983 782 1353 853 Εὑαγγέλιον
1408 786 1516 839 τοῦ
1549 787 1698 841 Θεοῦ
1742 787 1815 840 ἐν
1843 786 2054 850 πολλῷ

465 867 671 939 ἀγῶνι.

537 1047 602 1118 β’.
627 1048 857 1115 Μεγάλα
880 1049 979 1117 μὲν
996 1050 1090 1103 καὶ
1111 1050 1179 1102 τὰ
1198 1051 1454 1120 ὑμέτερα
1477 1051 1613 1121 πλὴν
1627 1051 1740 1105 ἀλλ’
1753 1053 1870 1106 οὑδὲ
1888 1056 2051 1124 ἡμεῖς

461 1135 788 1206 ἀνθρωπίνῳ
817 1135 960 1205 λόγῳ
989 1139 1362 1206 ἐχρησάμεθα.
1405 1137 1542 1190 Ἀλλ’
1577 1141 1714 1210 ὅπερ
1746 1141 1857 1194 ἀνω
1891 1144 2043 1211 φησὶ,

459 1223 620 1276 τοῦτο
642 1224 736 1278 καὶ
765 1225 1020 1291 ἐνταῦθα,
1038 1228 1119 1279 ὅτι
1145 1228 1534 1297 ἀμφοτέρωθεν
1555 1228 1827 1282 δείκνυται
1857 1231 1917 1282 τὸ
1947 1233 2046 1301 κή-

464 1329 649 1381 ρυγμα
677 1306 791 1366 οἷόν
836 1315 1003 1376 ἐστιν,
1041 1315 1150 1367 ἀπό
1178 1333 1235 1368 τε
1268 1315 1375 1368 τῶν
1419 1317 1684 1387 σημείων.
1718 1319 1826 1372 ἀπό
1853 1336 1914 1371 τε
1941 1320 2043 1388 τῆς

459 1398 568 1452 τῶν
600 1401 977 1470 κηρυττόντων
1024 1403 1422 1474 προαιρέσεως,
1447 1405 1554 1456 ἀπό
1581 1422 1641 1457 τε
1691 1405 1789 1475 τῆς
1819 1408 1928 1460 τῶν
1954 1407 2042 1460 δε-

458 1485 703 1552 χομένων
734 1486 1067 1557 θερμότητος
1100 1491 1192 1542 καὶ
1215 1490 1469 1560 σπουδῆς.
1499 1493 1668 1546 Αὐτοὶ
1693 1493 1801 1564 γάρ
1821 1494 2038 1560 οἴδατε,

458 1575 612 1641 φησι,
644 1571 758 1639 τὴν
784 1574 1030 1628 εἴσοδον
1073 1575 1244 1644 ἡμῶν
1285 1577 1400 1644 τὴν
1431 1580 1583 1645 πρὸς
1626 1581 1800 1648 ὑμᾶς,
1841 1581 1930 1636 ὅτι
1967 1587 2039 1637 οὐ

457 1658 608 1726 κενὴ
642 1660 884 1728 γέγονε·
919 1662 1218 1728 τουτέστιν,
1260 1666 1342 1718 ὅτι
1381 1667 1481 1719 οὑκ
1534 1666 1875 1738 ἀνθρωπίνη,
1917 1670 2038 1724 οὑδὲ

455 1747 488 1813 ὴ
522 1747 781 1815 τυχοῦσα.
838 1750 970 1802 Ἀπὸ
1001 1750 1108 1822 γὰρ
1161 1753 1421 1806 κινδύνων
1473 1755 1626 1818 ὄντες
1657 1756 1906 1825 μεγάλων
1944 1761 2038 1812 καὶ

454 1832 702 1887 θανάτων
739 1838 834 1888 καὶ
871 1837 1114 1907 πληγῶν,
1158 1839 1359 1904 εὑθὲως
1410 1843 1491 1906 είς
1529 1845 1807 1908 κινδύνους
1846 1847 2034 1899 ἐνεπέ-

457 1937 642 1990 σομεν.
675 1923 862 1979 Ἀλλὰ
881 1929 1312 1994 προπαθόντες,
1331 1933 1483 1998 φησὶ,
1499 1932 1596 1985 καὶ
1626 1933 2032 2001 ὑϐρισθέντες,

452 2007 641 2075 καθὼς
675 2011 893 2074 οἴδατε,
919 2013 988 2065 ἐν
1019 2017 1358 2080 Φιλίπποις,
1381 2018 1948 2089 ἐπαρρησιασάμεθα
1966 2025 2036 2076 ἐν

451 2094 532 2160 τῷ
550 2097 671 2161 Θεῷ
690 2097 879 2167 ἡμῶν.
909 2101 1073 2171 Ὁρᾷς
1093 2102 1211 2166 πῶς
1241 2104 1402 2158 πάλιν
1429 2106 1490 2157 τὸ
1524 2109 1630 2160 πᾶν
1647 2109 1931 2178 ἀνατίθησι
1957 2111 2034 2182 τῷ

449 2183 571 2252 Θεῷ
585 2201 608 2262 ;r
629 2184 908 2254 Λιιλῆσαι
925 2191 1074 2255 πρὸς
1091 2189 1242 2258 ὑμᾶς
1269 2193 1335 2244 τὸ
1352 2195 1721 2262 Εὐαγγελιον
1752 2197 1855 2249 τοῦ
1885 2200 2032 2253 Θεοῦ

446 2269 518 2322 ἐν
559 2261 768 2337 πολλῷ
804 2274 1006 2343 ἀγῶνι.
1042 2279 1154 2331 Οὑκ
1182 2279 1318 2342 ἔστι,
1349 2283 1532 2351 φησὶν,
1581 2286 1774 2346 εἰπεῖν,
1809 2288 1888 2338 ὅτι
1918 2289 2034 2341 ἐκεῖ

450 2356 552 2426 μὲν
590 2360 1068 2433 ἐκινδυνεύσαμεν,
1105 2366 1336 2419 ἐνταῦθα
1385 2369 1441 2420 δὲ
1471 2368 1532 2422 οῦ
1553 2387 1566 2400 ⁸
1599 2369 1710 2423 ἴστε
1750 2375 1841 2425 καὶ
1875 2375 2030 2444 ὑμεῖς

444 2446 570 2513 ὅσος
617 2450 646 2501 ὁ
677 2450 938 2515 κίνδυνος,
969 2455 1062 2506 καὶ
1112 2455 1232 2525 μεθ’
1271 2457 1402 2526 ὅσης
1443 2459 1684 2526 ἀγωνίας
1731 2463 2032 2532 ἐγενόμεθα

445 2535 585 2604 πρὸς
605 2537 770 2605 ὑμᾶς.
791 2539 967 2610 Ὅπερ
991 2542 1084 2593 καὶ
1108 2543 1244 2612 πρὸς
1270 2545 1590 2614 Κορινθίους
1611 2549 1743 2617 φησὶ
1764 2552 1988 2618 γράφων
2010 2596 2024 2619 ,

443 2623 526 2674 ὅτι
555 2623 654 2677 Ἑν
683 2627 970 2696 ἀσθενείᾳ
1001 2630 1099 2682 καὶ
1130 2631 1199 2682 ἐν
1219 2633 1382 2699 πόνῳ
1415 2636 1511 2686 καὶ
1540 2636 1610 2687 ἐν
1643 2639 1803 2704 φόϐῳ
1837 2642 1931 2691 καὶ
1961 2642 2030 2693 ἐν

444 2713 638 2778 τρόμῳ
656 2713 862 2778 πολλῷ
885 2717 1179 2785 ἐγενόμην
1206 2719 1356 2785 πρὸς
1380 2719 1554 2788 ὑμᾶς.
1599 2723 1668 2777 Ἡ
1697 2729 1804 2793 γὰρ
1843 2729 2028 2796 παριε-

443 2800 666 2866 κλησις
702 2799 872 2867 ἡμῶν
897 2805 1000 2854 οὑκ
1024 2805 1091 2856 ἐκ
1138 2806 1397 2871 πλάνης,
1427 2809 1568 2861 οὐδὲ
1604 2812 1752 2883 14551
1785 2814 1855 2877 ἐξ
1884 2818 2027 2869 ἀκα-

443 2885 713 2949 θαρσίας,
727 2887 862 2940 οὔτε
883 2888 951 2941 ἐν
972 2889 1145 2954 δόλῳ·
1171 2893 1329 2947 ἀλλὰ
1347 2896 1539 2959 καθὼς
1552 2897 2026 2970 δεδοκιμάσμεθα

443 2969 564 3022 ὑπὸ
604 2972 706 3023 τοῦ
735 2973 882 3026 Θεοῦ
913 2977 1307 3044 πιστευθῆναι
1337 2983 1404 3032 τὸ
1441 2985 1830 3052 Εὺιιγγέλιον,
1871 2989 2024 3042 οὕτω

441 3057 895 3130 λαὶοῦμεν,οὺχ
913 3063 991 3128 ὠς
1014 3064 1346 3132 ἀνθρώποις
1372 3068 1754 3138 ἀρέσκοντες,
1769 3075 1928 3128 ἀλλὰ
1945 3075 2024 3142 τῷ

445 3142 567 3208 Θεῷ
605 3144 684 3208 τῷ
709 3145 1076 3215 δοκιμάζοντι
1104 3152 1210 3217 τὰς
1239 3155 1488 3220 καρδίας
1526 3157 1712 3225 ἡμῶν.
1750 3160 1911 3233 Ὁρᾷς
1940 3165 2020 3217 ὅτι

441 3233 578 3304 ὅπερ
600 3234 753 3303 ἔφην,
773 3238 879 3292 ἀπὸ
911 3241 1010 3309 τῆς
1033 3241 1337 3307 ἐνστάσεως
1356 3247 1534 3298 αὐτῶν
1561 3252 1793 3303 ποιεῖται
1816 3257 2022 3327 τεκμή-

445 3336 558 3387 ριον
583 3324 676 3375 τοῦ
708 3324 849 3376 θεῖον
884 3323 1025 3380 εἶναι
1051 3329 1112 3382 τὸ
1142 3331 1434 3401 κήρυγμας
1463 3335 1536 3386 Οὑ
1580 3337 1688 3408 γάρ
1724 3339 1810 3405 ἂν,
1855 3323 2018 3416 είμῆ

438 3409 598 3462 τοῦτο
625 3408 713 3482 ἦν,
735 3415 781 3466 εί
813 3415 998 3485 ἀπάτη
1034 3413 1122 3488 ἦν,
1153 3421 1441 3486 τοσούτους
1473 3425 1754 3491 κινδύνους
1791 3429 2017 3501 ὑπεμεί-

439 3514 611 3568 ναμεν
639 3501 725 3564 ἂν,
753 3503 874 3555 οὐδὲ
928 3506 1264 3561 ἀναπνεῦσαι
1317 3511 1558 3577 διδόντας
1613 3517 1764 3586 ἡμῖν.
1795 3518 1862 3571 Τί
1895 3521 2017 3574 ποτ’

436 3585 530 3643 οὖν
562 3592 744 3661 ἐστιν;
779 3595 839 3647 El
873 3597 947 3666 μή
981 3614 1033 3650 τι
1060 3598 1168 3652 τῶν
1204 3602 1508 3671 μελλόντων
1533 3585 1807 3678 διήγειρεν
1843 3612 2014 3682 ἡμᾶς,

436 3678 486 3729 εί
532 3678 606 3748 μὴ
656 3682 1030 3752 ἐπεπείσμεθα
1075 3686 1158 3739 ὅτι
1201 3687 1357 3751 ἐλπίς
1405 3693 1550 3744 ἐστιν
1590 3696 1789 3768 ἀγαθὴ,
1817 3678 1918 3752 οὑκ
1951 3678 2028 3752 ἂν

419 3766 833 3858 ¹προθυμότεροι
889 3775 1193 3844 πάσχοντες
1255 3777 1588 3850 διεκείμεθα.
1639 3766 1899 3858 Τίςῖγὰρ
1947 3788 2016 3843 ἂν

433 3849 611 3906 ἕλοιτο
637 3855 776 3926 ὑπὲρ
799 3857 907 3910 τῶν
928 3861 1161 3915 ἐνταῦθα
1182 3865 1419 3919 τοσαῦτα
1447 3869 1761 3937 ὑπομένειν,
1780 3877 1873 3927 καὶ
1901 3875 2014 3945 βίον

433 3938 727 4007 ἐναγώνιον
769 3942 888 4015 ζῇν,
916 3950 1009 4000 καὶ
1054 3949 1316 4004 κινδύνων
1346 3955 1613 4023 γέμοντας
1644 3959 1766 4013 τίνα
1811 3938 1918 4032 γάρ
1946 3963 2013 4016 ἂν

431 4028 716 4096 πείσαιεν;
745 4034 885 4086 αὑτά
915 4037 1024 4106 γὰρ
1055 4038 1225 4091 ταῦτα
1252 4041 1348 4110 οὑχ
1381 4044 1540 4098 ίκανά
1567 4045 1866 4117 θορυδῆιοιι
1887 4028 2014 4116 τοὺς

435 4115 704 4184 μαθητὰς,
722 4119 849 4171 ὅταν
879 4125 1005 4185 τοὺς
1034 4124 1385 4190 διδασκάλους
1411 4131 1608 4198 ὁρῶσιν
1633 4137 1688 4186 ἐν
1715 4137 2008 4206 κινδύνοιςς

443 4201 582 4293 Ἀλλ’
598 4206 695 4274 οὐχ
713 4207 870 4276 ὑμεῖς
884 4210 1041 4262 τοῦτο
1059 4215 1359 4268 πεπόνθατε
1380 4234 1392 4246 ·
1424 4220 1490 4272 ἸΙ
1508 4221 1612 4288 γὰρ
1631 4201 2010 4293 παράκλησις

430 4288 619 4354 ἡμῶν,
655 4296 951 4359 τουτέστιν,
996 4300 1028 4367 ἠ
1078 4299 1287 4372 διδαχὴ,
1335 4306 1445 4357 οὐκ
1494 4307 1563 4360 ἐκ
1599 4288 1858 4377 πλάνης.

429 4374 545 4428 εστι
569 4377 738 4444 δόλος,
757 4385 909 4452 φησὶ,
923 4385 981 4438 τὸ
1002 4389 1254 4459 πρᾶγμα,
1269 4392 1388 4445 οὑδέ
1407 4394 1614 4466 ἀπάτη,
1630 4397 1714 4450 ἵνα
1732 4399 1972 4470 ἐνδώμεν
1992 4417 2005 4432 ⁸

427 4463 528 4516 οὑκ
551 4465 697 4518 ἐστιν
713 4469 852 4540 ὑπὲρ
880 4473 1138 4545 μυσαρῶν
1160 4481 1519 4549 πραγμάτων,
1537 4478 1648 4537 οἷον
1681 4487 1892 4556 γοήτων
1916 4489 2008 4543 καὶ

432 4551 652 4648 μάγων⁸
676 4555 835 4648 τοῦτο
857 4558 965 4648 γὰρ
986 4561 1068 4622 τὸ,
1097 4563 1198 4627 Ἐξ
1214 4565 1616 4636 ἀκαθαρσίας⁸
1637 4551 1832 4626 οὕτε-ἐν
1848 4575 2003 4648 δόλῳ,

427 4635 552 4690 οὔτε
598 4640 655 4692 ἐν
699 4642 980 4698 ἐπιστάσει
1025 4650 1152 4710 τινὶ,
1204 4651 1339 4723 ὅπερ
1389 4656 1417 4706 ὁ
1464 4657 1670 4722 Θευδᾶς
1714 4661 2000 4733 ἐποίησεν⁸

438 4723 623 4780 Ἀλλὰ
651 4729 843 4796 καθὼς
883 4732 1359 4806 δεδοκιμάσμεθα
1395 4742 1514 4796 ὐπὸ
1581 4747 1688 4800 τοῦ
1731 4723 1877 4804 Θεοῦ
1909 4768 2005 4804 πι-

427 4813 755 4881 στευθῆναι
793 4818 856 4870 τὸ
905 4822 1296 4890 Εὑαγγέλιον,
1325 4828 1478 4881 οὕτω
1521 4833 1849 4904 λαλοῦμεν,
1891 4840 2002 4906 οὐχ

423 4898 506 4965 ὡς
531 4899 865 4970 ἀνθρώποις
911 4907 1289 4978 ἀρέσκοντες,
1321 4914 1484 4970 ἀλλὰ
1522 4918 1601 4984 τῷ
1633 4898 1774 4988 Θεῷ.
1817 4898 1999 4996 Ὁρᾷς,

423 4987 506 5039 ὅτι
552 4987 653 5040 οὑκ
704 4989 818 5044 ἐστι
859 4994 1167 5082 κενοδοξίαρ
1209 5000 1386 5056 Ἀλλὰ
1429 5004 1509 5070 τῷ
1545 5008 1686 5075 Θεῷ,
1725 4987 1891 5082 ἀφησὶ,

421 5071 794 5142 δοκιμάζοντι
831 5079 933 5143 τὰς
982 5063 1228 5151 καρδίας
1260 5087 1448 5157 ἡμῶν.
1477 5063 1654 5147 Ὀὐδὲν
1673 5063 1824 5168 ’πρδξ

424 5177 612 5218 σκειαν
647 5164 951 5237 ἀνθρώπων
983 5173 1310 5244 πράττομεν,
1326 5178 1458 5249 φησί
1478 5196 1492 5210 ⁸
1512 5181 1656 5247 τίνος
1679 5164 1786 5258 γάρ
1815 5164 2001 5244 ἕνεκεν

419 5251 594 5306 ταῦτα
648 5255 715 5308 ἂν
763 5256 1113 5331 ἐπράξαμενς
1154 5264 1380 5319 Ἔπειτα
1432 5270 1727 5338 ἐπαινέσας
1780 5278 1997 5345 αὑτοὺς,

419 5339 496 5411 τῷ
522 5339 720 5412 λέγειν,
758 5349 869 5418 Οὑχ
913 5349 988 5413 ὡς
1025 5351 1331 5423 ἀνθρώποις
1359 5357 1604 5424 θέλοντες
1636 5364 1850 5434 ἀρέσαι,
1878 5367 1999 5422 οὔτε

419 5431 518 5494 τὰς
547 5435 696 5506 παρὰ
721 5437 1026 5511 ἀνθρώπων
1057 5443 1441 5514 ἐπιζητοῦντες
1467 5450 1652 5518 τιμὰς,
1684 5456 1994 5524 ἐπήγαγεν

431 5518 609 5574 Ἀλλὰ
646 5523 844 5590 καθὼς
875 5525 1352 5599 δεδοκιμάσμεθα
1399 5535 1518 5589 ὑπὸ
1555 5539 1662 5592 τοῦ
1713 5518 1993 5596 eam-

415 5606 744 5677 οτευθῆναι
765 5612 832 5664 τὸ
853 5615 1238 5685 Εὐαγγέλιον.
1275 5619 1362 5683 Ὡς
1385 5624 1432 5674 εί
1452 5622 1657 5692 ἐλεγεν⁸
1689 5628 1752 5680 Et
1786 5631 1858 5700 μὴ
1890 5627 1997 5685 εἶδε

417 5695 616 5786 παντὸς
640 5697 1092 5786 ἀπηλλαγμένους
1115 5703 1391 5773 βιωτικοῦ,
1409 5711 1507 5764 οὑκ
1530 5714 1595 5766 ἂν
1616 5717 1764 5786 ἡμᾶς
1786 5695 1958 5773 εἵλετο
1977 5737 1990 5749 ⁸

416 5777 597 5849 καθὼς
646 5780 740 5840 σύν
771 5786 1081 5862 ἐδοκίμασε,
1111 5793 1340 5850 τοιοῦτοι
1385 5797 1487 5854 καὶ
1527 5777 1780 5874 μένόμεν.
1815 5806 1988 5863 Δεδο-

1197 319 1256 374 S.
1295 317 1582 375 JOANNIS
1615 314 2472 374 CHRYSOS'IOMI'ABCHIEP.
2516 317 3071 376 CONSTANTINOP.

3627 320 3736 378 ιηε

2161 432 2513 503 κιμὰσμεθα,
2545 439 2730 506 φησιν,
2756 438 2875 494 ὑπὸ
2903 437 3008 491 τοῦ
3048 435 3197 489 Θεοῦ
3217 450 3232 464 ⁸
3261 433 3560 499 τουτέστιν,
3587 438 3736 508 ημᾶς

2161 520 2454 590 ἐδοκίμασε
2509 526 2604 576 καὶ
2647 526 2996 578 ἐνεπίστευσε
3034 524 3097 576 τὸ
3130 521 3480 589 Εὑαγγέλιον.
3523 523 3610 584 Ὠς
3641 522 3734 578 οὖν

2157 607 2369 679 δόκιμοι
2398 611 2678 681 ἐφάνημεν
2707 613 2782 682 τῷ
2808 613 2947 682 Θεῷ,
2973 612 3112 665 οὕτω
3134 612 3226 664 καλ⁸
3253 609 3505 680 μένομεν.
3522 610 3734 682 Ταύτης

2154 697 2253 765 τῆς
2279 698 2481 768 ἀρετῆς
2495 702 2795 771 τεκμήριον
2815 701 2876 753 τὸ
2898 699 3254 768 πιστευθῆναι
3277 697 3338 750 τὸ
3366 698 3694 766 Εὑαγγέλιον
3715 715 3730 730 ⁸

2153 784 2252 836 οὑκ
2288 785 2353 837 ἂν
2385 786 2460 850 δέ,
2495 787 2547 839 εί
2580 805 2630 840 τι
2683 787 2886 856 φαῦλον
2932 789 2990 840 ἐν
3049 788 3180 857 ἡμῖν
3219 786 3305 854 ἦν,
3337 787 3365 838 ό
3421 786 3552 848 Θεὸς
3587 788 3734 856 ἡμᾶς

2151 870 2464 941 ἐδοκίμασε.
2495 874 2569 926 Τὸ
2621 874 2699 939 δὲ,
2745 875 3116 944 Ἐδοκίμασεν,
3163 874 3395 927 ἐνταῦθα
3448 873 3569 926 ἀντὶ
3615 874 3729 938 τοῦ,

2151 953 2292 1026 Εὗρε
2323 960 2580 1030 δοκίμους
2603 962 2697 1014 καὶ
2723 963 3062 1028 ἐπίστευσεν,
3084 962 3206 1032 οὐχὶ
3233 961 3522 1031 ἐρευνῆσᾱί
3550 963 3728 1013 ἐστιν·

2150 1045 2311 1112 ἡμεῖς
2343 1045 2442 1115 μὲν
2471 1046 2580 1117 γὰρ
2612 1046 2719 1099 ἀπὸ
2748 1047 2840 1099 τοῦ
2879 1046 3172 1118 δοκιμάσαι
3205 1046 3536 1114 πράττομεν,
3569 1045 3732 1108 αὑτὸς

2146 1129 2203 1182 δὲ
2252 1133 2418 1203 χωρὶς
2461 1134 2712 1204 δοκιμῆς.
2759 1133 2970 1187 Οὐκοῦν
3021 1133 3164 1186 οὕτω
3222 1132 3511 1202 λαλοῦμεν,
3541 1133 3728 1203 ὥσπερ

2146 1220 2292 1282 είκδς
2337 1222 2465 1283 τοὺς
2512 1221 2618 1275 ὑπὸ
2667 1222 2762 1275 τοῦ
2802 1223 2938 1276 Θεοῦ
2999 1222 3426 1292 δοκιμασθέντας
3487 1221 3581 1273 καὶ
3635 1237 3727 1273 πι-

2146 1308 2471 1371 στευθέντας
2508 1309 2691 1372 ἀξίους
2746 1306 2885 1363 εἶναι
2941 1310 3034 1362 τοῦ
3069 1309 3424 1391 Εὑαγγελίου·
3458 1310 3572 1373 καὶ,
3606 1314 3726 1363 Λα·-

2141 1394 2388 1462 λοτῦμεν,
2413 1398 2526 1464 οὐχ
2550 1397 2625 1460 ὡς
2648 1397 2982 1464 ἀνθρώποις
3003 1398 3368 1464 ἀρέσκοντες
3386 1412 3399 1425 ⁸
3423 1397 3724 1462 τουτέστιν,

2141 1483 2202 1534 ού
2230 1482 2296 1533 δι’
2325 1483 2470 1550 ὑμᾶς
2499 1482 2674 1536 ταῦτα
2717 1485 2892 1536 πάντα
2940 1482 3222 1553 ποιοῦμεν.
3273 1482 3492 1552 Ἐπειδὴ
3518 1481 3723 1550 προλα-

2142 1568 2251 1620 δὼν
2295 1570 2491 1633 αὐτοὺς
2549 1570 2833 1641 ἐπῄνεσεν,
2863 1571 2952 1624 ἵνα
3003 1570 3076 1640 μὴ
3121 1572 3201 1632 εἰς
3245 1569 3479 1638 ὑποψίαν
3537 1570 3719 1639 ἀγάγῃ

2140 1657 2229 1707 τὸν
2252 1657 2428 1723 λὶγον,
2447 1659 2610 1728 φησίν
2631 1675 2643 1687 ⁸
2667 1657 2811 1710 Οὔτε
2836 1656 2946 1727 γάρ
2971 1672 3114 1710 ποτε
3136 1657 3205 1709 ἐν
3224 1658 3383 1724 λόγῳ
3403 1657 3722 1718 κολακείας

2137 1744 2527 1812 ἐγενήθημεν,
2596 1744 2791 1810 καθὼς
2829 1745 3053 1806 οἴδατε,
3110 1745 3248 1798 οὔτε
3287 1745 3356 1797 ἐν
3424 1743 3720 1810 προφάσει

2137 1831 2514 1897 πλεονεξίας,
2535 1835 2568 1886 ό
2587 1833 2732 1897 Θεὸς
2743 1831 2996 1900 μάρτυς,
3015 1831 3156 1884 οὔτε
3181 1830 3496 1899 ἄιτοῦντες
3522 1831 3589 1894 ἐξ
3610 1832 3716 1882 ἀν⁶

2137 1918 2383 1984 θρὼπων
2409 1921 2618 1983 δόξαν,
2651 1921 2789 1974 οὔτε
2812 1921 2910 1989 ἀφ’
2937 1921 3104 1990 ὑμῶν
3155 1922 3293 1974 οὔτε
3345 1921 3446 1974 ἀπ’
3487 1920 3714 1983 ἄλλων,

2135 2006 2456 2076 δυνάμενοι
2488 2010 2556 2063 ἐν
2575 2009 2747 2074 ,βάρει
2779 2006 2932 2063 εἶναι
2959 2010 3039 2075 ὠς
3072 2009 3324 2088 Χριστοῦ
3361 2010 3711 2062 ἀπόστολοι.

2138 2095 2285 2148 Οὔτε
2333 2098 2442 2164 γάρ
2475 2113 2619 2149 ποτε
2654 2098 2724 2148 ἐν
2755 2098 2914 2165 λόγῳ
2967 2098 3285 2161 κολακείας
3322 2095 3711 2164 ἐγενήθημεν,

2135 2182 2299 2251 φησί·
2318 2182 2615 2245 τουτέστιν,
2639 2182 2757 2236 Ούκ
2789 2183 3254 2251 ἐκολακεύσαμεν,
3283 2183 3419 2253 ὅπερ
3453 2183 3571 2234 ἐστλ⁵
3603 2181 3713 2233 τῶν

2133 2270 2487 2334 ἁπατώντων,
2541 2273 2651 2323 τῶν
2678 2271 2833 2343 [456]
2893 2271 3236 2342 βουλομένων
3277 2271 3572 2340 κατασχεῖν
3615 2271 3712 2323 καὶ

2133 2359 2422 2428 κρατῆσαι.
2458 2360 2571 2412 Οὑκ
2623 2358 2770 2412 ἐστιν
2819 2361 2995 2412 εἰπεῖν
3025 2360 3105 2412 ὅτι
3130 2358 3596 2426 ἐκολακεύσαμεν,
3621 2357 3711 2409 ἴνα

2133 2451 2520 2517 κρατήσωμεν,
2552 2449 2676 2500 οὑδὲ
2723 2449 2804 2500 ὅτι
2847 2448 3148 2517 χρημάτων
3182 2448 3367 2501 ἕνεκεν
3414 2447 3508 2498 ἐπὶ
3550 2445 3710 2498 τοῦτο

2129 2535 2359 2604 ἥκομεν.
2392 2537 2594 2590 Τούτου
2627 2537 2834 2602 λοιπὸν,
2867 2538 3004 2607 ὅπερ
3029 2532 3098 2608 ἦν
3122 2536 3301 2605 δῆλον,
3330 2535 3528 2598 αὐτοὺς
3555 2535 3710 2588 καλεῖ

2133 2624 2445 2695 μάρτυρας·
2481 2626 2543 2678 ΕΞ
2573 2625 3038 2695 ἐκολακεύσαμεν,
3075 2625 3234 2695 ὑμεῖς
3279 2623 3474 2687 οἴδατε,
3506 2623 3668 2694 φησίν
3689 2641 3704 2654 ⁸

2128 2711 2264 2781 ὅπερ
2310 2711 2368 2764 δέ
2401 2713 2594 2783 ἄδηλον
2634 2707 2724 2782 ἦν,
2757 2712 2836 2776 τὸ,
2864 2714 2912 2765 εί
2959 2713 3157 2783 ’τρόπῳ
3211 2711 3542 2777 πλεονεξίας,
3574 2711 3707 2763 Θεὸν

2129 2797 2284 2850 καλεῖ
2354 2800 2629 2869 μάρτυρα.
2689 2799 2838 2854 Οὔτε
2890 2799 3203 2867 ζητοῦντες
3257 2799 3326 2864 ἐξ
3382 2798 3706 2866 ἀνθρώπων

2125 2885 2334 2952 δόξαν,
2353 2888 2492 2942 οὔτε
2518 2888 2620 2958 ἀφ’
2637 2889 2805 2957 ὑμῶν
2833 2888 2972 2942 οὔτε
3001 2888 3101 2942 ἀπ’
3129 2888 3358 2954 ἄλλων,
3381 2887 3705 2956 δυνάμενοι

2123 2975 2194 3026 ἐν
2212 2976 2388 3043 βάρει
2421 2972 2576 3030 εἶναι
2617 2978 2699 3043 ὡς
2722 2977 2982 3044 Χριστοῦ
3011 2977 3343 3031 ἀπόστολοι
3361 2991 3373 3004 ⁸
3403 2977 3700 3034 τουτέστιν,

2124 3062 2248 3115 οὔτε
2294 3064 2456 3134 τιμὰς
2506 3063 2917 3135 ἐπιζητοῦντες,
2972 3067 3066 3119 καὶ
3134 3066 3543 3135 κομπάζοντες,
3610 3065 3706 3117 καὶ

2121 3149 2598 3222 δορυφορούμενοι.
2635 3153 2830 3205 Καίτοι
2864 3156 2912 3206 εί
2950 3155 3046 3208 καὶ
3091 3154 3251 3206 τοῦτο
3303 3153 3700 3223 εἰργασάμεθα,

2121 3241 2270 3293 οὐδὲν
2316 3241 2598 3312 ἀλλότριον
2650 3242 2978 3313 ἐποιοῦμενο
3010 3244 3059 3296 εί
3091 3244 3200 3314 γάρ
3239 3244 3390 3313 παρά
3436 3243 3703 3312 βασιλέων

2119 3328 2580 3398 ἀποστελλόμενοι
2627 3347 2772 3394 τινες
2821 3331 2973 3399 ὅμως
3025 3333 3165 3383 εἰσὶν
3218 3332 3276 3382 ἐν
3317 3333 3471 3400 τιμῇ,
3519 3329 3700 3398 πολλῷ

2121 3417 2323 3486 μᾶλλον
2350 3419 2530 3487 ἡμεῖς.
2557 3419 2664 3470 Καὶ
2684 3418 2784 3471 οὐκ
2810 3414 2983 3484 εἶπεν,
3013 3418 3094 3470 ὃτι
3123 3417 3550 3486 Ἠτιμάσθημεν,
3577 3417 3701 3470 οὐδὲ

2118 3505 2201 3556 ὅτι
2243 3505 2357 3557 Οὐκ
2383 3506 2778 3576 ἀπελαύσαμεν
2832 3509 3020 3577 τιμῆς,
3055 3507 3192 3576 ὅπερ
3234 3502 3302 3577 ἦν
3349 3504 3699 3569 ὀνειδίζοντος

2118 3591 2346 3653 αὐτούς’
2378 3591 2515 3657 ἀλλ’,
2549 3595 2664 3646 Οὑκ
2692 3593 3060 3663 ἐζητήσαμεν.
3101 3594 3164 3645 Ol
3209 3592 3407 3654 τοίνυν,
3443 3591 3562 3657 ἐξὸν
3603 3590 3699 3660 ζη-

2117 3679 2302 3746 τῆσαι,
2341 3677 2415 3750 μὴ
2465 3680 2822 3750 ζητήσαντες,
2869 3679 3088 3733 καὶτοῦ
3133 3679 3488 3750 κηρύγματος
3540 3678 3697 3731 τοῦτο

2115 3763 2497 3828 ἀπαιτοῦντος,
2527 3766 2646 3828 πῶς
2671 3766 2827 3837 δόξης
2848 3766 3032 3819 ἕνεκέν
3055 3784 3108 3818 τι
3132 3767 3474 3836 πράττομεν;
3500 3766 3693 3818 Καίτοι

2115 3869 2178 3920 γε
2221 3853 2270 3906 εί
2317 3852 2414 3907 καὶ
2466 3852 2831 3925 ἐζητήσαμεν,
2880 3855 3003 3908 οὑδέ
3058 3853 3229 3917 οὕτως
3280 3849 3348 3926 ἦν
3401 3854 3688 3924 ἐγκλημα⁸

2113 3941 2259 4004 εἰκὸς
2283 3941 2392 4012 γὰρ
2421 3944 2548 4006 τοὺς
2579 3945 2731 4014 παρὰ
2760 3944 2894 3996 Θεοῦ
2927 3943 3063 4014 πρὸς
3106 3943 3428 4014 ἀνθρώπους
3453 3945 3692 3998 ἀποστα-

2038 4033 2040 4036 ’
2111 4029 2323 4095 λέντας,
2341 4029 2544 4084 ὡσανεὶ
2559 4033 2666 4085 ἀπὸ
2683 4033 2779 4085 τοῦ
2795 4033 3024 4103 ούρανοῦ
3045 4033 3139 4086 νῦν
3155 4034 3388 4104 ἥκοντας
3409 4032 3688 4104 πρέσϐεις,

2113 4117 2314 4188 πολλῆς
2343 4117 2648 4172 ἀπολαῦσαι
2679 4121 2867 4191 τιμῆς.
2914 4121 3054 4173 Ἀλλ’
3080 4123 3143 4174 ἐκ
3172 4121 3494 4191 περιουσίας
3522 4122 3689 4190 ἡμεῖς

2110 4207 2260 4260 οὑδέν
2279 4206 2483 4259 τούτων
2514 4208 2845 4280 πράττομεν,
2866 4210 2952 4263 ἵνα
2981 4210 3048 4263 τὰ
3068 4209 3177 4262 τῶν
3206 4209 3466 4263 ἐναντίων
3482 4211 3689 4280 ἐμφρά-

2111 4293 2290 4364 ξωμεν
2322 4295 2586 4363 στόματα.

2178 4425 2246 4487 γ’.
2267 4418 2379 4472 Καὶ
2404 4420 2503 4472 οὑκ
2518 4418 2597 4472 ἔνι
2619 4421 2795 4474 εἰπεῖν
2816 4421 2898 4474 ὅτι
2916 4421 3053 4492 πρὸς
3083 4422 3183 4493 μὲν
3206 4423 3348 4494 ὑμᾶς
3365 4424 3524 4489 οὕτω,
3547 4423 3680 4492 πρὸς

2106 4505 2163 4558 δὲ
2204 4505 2427 4576 ἑτέρους
2473 4505 2575 4575 οὑχ
2631 4506 2840 4570 οὕτως.
2894 4506 3036 4560 οὕτω
3085 4508 3194 4579 γὰρ
3235 4509 3332 4562 καὶ
3371 4508 3672 4580 Κορινθίοις

2107 4592 2330 4662 γράφων
2400 4592 2585 4660 ἔλεγεν
2614 4609 2626 4622 ⁸
2689 4594 3007 4662 Ἀνέχεσθε
3068 4595 3196 4664 γὰρ,
3260 4597 3316 4650 εἴ
3368 4615 3460 4663 τις
3523 4593 3679 4664 ὑμᾶς

2105 4679 2485 4745 καταδουλοῖ,
2533 4681 2589 4734 εἴ
2650 4699 2737 4746 τις
2796 4685 3113 4747 κατεσθίει,
3177 4684 3234 4738 εἴ
3298 4702 3388 4751 τις
3453 4683 3679 4753 λαμϐά-

2105 4783 2216 4828 νει,
2262 4766 2318 4820 εῖ
2362 4783 2452 4832 τις
2494 4768 2818 4836 ἐπαίρεται,
2865 4770 2922 4822 εἴ
2951 4788 3039 4835 τις
3075 4770 3230 4840 ὑμᾶς
3245 4774 3333 4836 εὶς
3356 4773 3678 4840 πρόσωπον

2105 4852 2291 4921 δέρει’
2343 4855 2438 4907 καὶ
2476 4855 2660 4920 πάλιν,
2722 4857 2793 4910 ἸΙ
2825 4855 2893 4908 δὲ
2925 4859 3230 4924 παρουσιά
3252 4859 3358 4912 τοῦ
3406 4857 3678 4928 σώματος

2104 4942 2392 5010 ἀσθενὴς,
2425 4943 2522 4998 καὶ
2563 4948 2595 4998 o'
2620 4946 2802 5014 λόγος
2825 4945 3296 5016 ἐξουθενημένος
3317 4965 3330 4977 ⁸
3372 4950 3465 5002 καὶ
3493 4948 3675 5014 πάλιν,

2103 5031 2445 5098 Χαρίσασθέ
2460 5050 2562 5100 μοι
2594 5031 2710 5098 τὴν
2738 5033 2980 5086 ἀδικίαν
3020 5036 3264 5103 ταύτην.
3295 5036 3546 5089 Δείκνυσι
3567 5036 3676 5106 γὰρ

2105 5119 2282 5183 κάκεῖ,
2311 5119 2392 5170 ὅτι
2424 5118 2630 5188 σφόδρα
2663 5121 2924 5183 ταπεινὸς
2954 5117 3022 5192 ἦν
3054 5122 3162 5175 ἀπὸ
3189 5123 3283 5176 τοῦ
3307 5126 3544 5178 τοσαῦτα
3575 5142 3675 5177 πα-

2103 5205 2233 5260 θεῖν.
2279 5205 2540 5259 Ἐνταῦθα
2567 5207 2622 5260 δὲ
2651 5208 2747 5260 καὶ
2780 5209 2910 5280 περὶ
2944 5211 3241 5280 χρημάτων
3287 5215 3420 5281 φησὶ
3443 5212 3523 5264 τό⁸
3558 5214 3670 5266 Av-

2101 5289 2348 5358 νάμενοι
2399 5291 2470 5343 ἐν
2500 5291 2677 5358 ,ϐάρει
2725 5286 2879 5346 εἶναι
2907 5293 2988 5358 ὠς
3015 5295 3278 5361 Χριστοῦ
3317 5296 3668 5351 ἀπόστολοι.

2113 5376 2263 5429 Ἀλλ’
2296 5376 2662 5446 ἐγενήθημεν
2714 5378 2879 5446 ἤπιοι
2927 5380 2998 5432 ἐν
3029 5382 3202 5449 ,μέσῳ
3242 5382 3408 5450 ὑμῶν
3431 5422 3446 5437 .
3489 5384 3570 5448 ὼς
3595 5383 3672 5437 ἄν

2098 5464 2317 5532 τροφὸς
2364 5464 2565 5534 θάλπῃ
2621 5467 2694 5519 τὰ
2747 5465 2970 5536 ἑαυτῆς
2999 5469 3204 5533 τέκνα,
3238 5471 3424 5537 οὕτως
3453 5473 3666 5540 ἱμειρό-

2094 5569 2267 5620 μενοι
2318 5550 2504 5620 ὑμῶν,
2551 5553 2921 5622 εὐδοκοῦμεν
2961 5556 3324 5623 μεταδοῦναι
3377 5559 3537 5628 ὑμῖν,
3594 5560 3668 5612 οὐ

2093 5642 2287 5706 μόνον
2332 5639 2401 5691 τό
2444 5641 2812 5709 Εὐαγγέλιον
2861 5641 2966 5696 τοῦ
3024 5645 3194 5706 Θεοῦ,
3245 5647 3407 5701 ἀλλὰ
3439 5647 3666 5711 καὶτὰς

2098 5727 2328 5779 ἑαυτῶν
2363 5726 2585 5795 ψυχὰς,
2625 5727 2776 5782 διότι
2826 5730 3119 5798 ἀγαπητοὶ
3149 5732 3294 5799 ἡμῖν
3320 5733 3659 5804 ἐγενήθητε.

2113 5813 2276 5868 Ἀλλ’
2299 5811 2684 5882 ἐγενήθημεν,
2716 5815 2900 5885 φησὶν,
2943 5814 3109 5882 ἤπιοι
3130 5835 3144 5851 ⁸
3173 5819 3664 5892 τουτέστιν,·οὑδέν
