4120 6400
400 375 497 431 101

399 491 508 546 Deo
534 502 707 545 nostro
729 492 862 559 loqui
888 492 956 544 ad
987 507 1072 547 vos
1111 494 1423 563 evangelium
1456 492 1548 547 Dei
1577 494 1630 547 in
1652 495 1809 547 multa
1834 494 1976 547 solli-

395 586 632 639 citudine.

464 674 519 729 2.
562 676 748 745 Magna
791 676 1005 745 quidem
1035 685 1088 732 et
1118 680 1370 747 praeclara
1403 689 1527 735 sunt
1553 697 1669 750 qua:
1698 681 1935 751 gessistis
1961 697 1974 745 ;

394 768 488 823 sed
515 783 612 823 nec
638 784 732 823 nos
759 768 993 823 humano
1015 785 1262 825 sermone
1287 773 1363 825 usi
1392 787 1595 827 sumus.
1626 772 1728 828 Sed
1760 774 1809 826 id
1835 773 1974 844 quod

392 862 656 930 superius,
688 862 773 915 hic
799 877 1008 933 quoque
1033 862 1181 928 dicit,
1210 865 1348 934 quod
1377 866 1639 935 utrimque
1665 867 1978 921 ostendatur

392 951 563 1020 qualis
602 952 668 1005 sit
715 954 1019 1020 praedicatio
1042 995 1057 1017 ,
1089 964 1142 1007 et
1170 970 1234 1007 ex
1265 956 1427 1023 signis
1452 997 1467 1021 ,
1496 966 1552 1011 et
1579 973 1643 1011 ex
1674 973 1857 1011 eorum
1885 959 1973 1029 qui

392 1043 684 1111 przedicant
711 1046 972 1107 instituto,
996 1055 1049 1100 et
1072 1062 1136 1099 ex
1165 1046 1375 1101 fervore
1402 1057 1454 1102 et
1479 1049 1654 1102 studio
1678 1065 1861 1104 eormn
1886 1051 1971 1119 qui

390 1134 707 1201 suscipiunt.
737 1134 763 1187 1
773 1137 851 1203 psi
876 1137 1040 1199 enim,
1076 1137 1262 1205 inquit,
1295 1139 1433 1191 scitis
1463 1149 1509 1192 et
1539 1150 1763 1192 nostrum
1793 1142 1859 1193 ad
1888 1158 1972 1195 vos

389 1226 684 1289 introitum,
712 1228 847 1297 quod
875 1247 974 1282 non
1004 1230 1099 1297 {uit
1128 1232 1293 1284 inanis
1323 1248 1340 1285 .·
1368 1232 1467 1287 ltoc
1496 1243 1578 1287 est
1601 1276 1614 1296 ,
1649 1250 1754 1287 non
1787 1236 1974 1289 huma-

392 1333 490 1372 nus
515 1362 531 1381 ,
578 1334 748 1388 neque
793 1321 923 1374 levis
951 1336 1012 1376 ac
1038 1325 1285 1391 vulgaris.
1326 1326 1367 1378 A
1402 1326 1605 1391 magnis
1632 1328 1771 1379 enim
1802 1329 1969 1397 erepti

390 1414 637 1480 periculis
663 1426 715 1468 et
744 1418 1000 1471 mortibus
1027 1428 1081 1473 et
1108 1421 1274 1490 plagis
1295 1461 1309 1485 ,
1344 1422 1623 1475 incidimus
1650 1438 1833 1476 rursus
1856 1433 1968 1477 sta-

388 1506 481 1559 tim
514 1505 564 1559 in
594 1509 847 1574 pericula.
884 1509 1154 1577 Sed_ante,
1188 1514 1387 1579 inquit.
1422 1516 1557 1583 passi
1586 1517 1763 1576 multa,
1794 1526 1969 1568 contu-

385 1598 548 1651 meliis
577 1597 762 1665 affecti.
793 1602 922 1653 sicut
949 1603 1102 1663 scitis,
1134 1604 1185 1657 in
1217 1603 1492 1673 Philippis,
1521 1606 1761 1674 fiduciam
1790 1608 1968 1661 habui-

384 1704 495 1740 mus
521 1689 573 1740 in
605 1687 711 1742 Deo
740 1700 933 1745 nostro.
967 1691 1126 1746 Vides
1154 1694 1420 1762 quomodo
1446 1710 1629 1749 rursus
1662 1706 1826 1750 totum
1861 1698 1967 1751 Deo

383 1781 663 1835 attribuit?
713 1783 793 1835 Ad
831 1785 1173 1854 loquendum,
1209 1787 1416 1854 inquit,
1449 1789 1517 1840 ad
1543 1804 1628 1841 vos
1653 1790 1965 1860 evangelium

381 1873 479 1926 Dei
504 1875 555 1926 in
586 1876 742 1928 multa
767 1875 1126 1931 sollicitudine.
1160 1878 1271 1933 Dici
1298 1894 1401 1933 non
1433 1889 1607 1949 potest
1632 1892 1830 1950 quanto
1857 1881 1964 1935 illic

382 1969 434 2021 in
469 1969 703 2036 periculo
730 1969 923 2024 fuimus
944 2014 959 2037 ,
997 1973 1080 2025 hic
1109 1987 1235 2026 vero
1267 1988 1369 2026 non
1400 1990 1412 2025 :
1443 1974 1590 2027 scitis
1616 1975 1759 2028 enim
1790 1982 1837 2028 et
1868 1990 1963 2028 vos

379 2070 631 2128 quantum
668 2063 823 2117 fuerit
856 2066 1145 2132 periculum
1173 2108 1186 2130 ,
1218 2082 1337 2119 cum
1371 2076 1563 2136 quanta
1607 2067 1963 2123 sollicitudine

380 2153 638 2209 luerimns
666 2156 804 2225 apud
835 2172 947 2209 vos.
982 2158 1132 2223 Quod
1163 2157 1226 2211 ad
1255 2157 1559 2213 Corinthios
1587 2174 1796 2227 quoque
1825 2159 1960 2213 scri-

379 2240 511 2300 bens
538 2248 666 2301 dicit
691 2289 706 2310 ,
742 2246 805 2301 In
834 2250 1129 2316 inﬁrmitate
1157 2260 1199 2303 et
1227 2250 1396 2304 labore
1425 2261 1469 2303 et
1498 2252 1548 2303 in
1578 2251 1753 2305 timore
1778 2262 1824 2303 et
1857 2262 1959 2323 tre7

378 2356 514 2393 more
555 2341 712 2394 multo
741 2343 815 2412 fui
841 2343 980 2409 apud
1007 2358 1091 2395 vos
1117 2343 1134 2413 (
1159 2344 1209 2397 1.
1238 2342 1416 2399 Cor-.2.
1451 2342 1545 2414 5).
1578 2344 1629 2397 ’5.
1663 2342 1960 2396 Exhortatio

378 2434 509 2485 enim
539 2444 707 2486 nostra
738 2451 836 2487 non
863 2435 923 2487 de
947 2451 1133 2493 errore,
1164 2452 1322 2504 neque
1350 2436 1413 2488 de
1439 2436 1776 2499 immunditia,
1806 2452 1961 2499 neque

376 2526 429 2578 in
458 2526 609 2591 dolo;
634 2528 687 2579 4.
716 2526 805 2580 sed
829 2527 956 2579 sicut
987 2528 1181 2594 probati
1212 2544 1383 2579 sumus
1409 2544 1440 2579 a
1464 2526 1567 2579 Deo
1596 2537 1649 2580 ut
1676 2528 1959 2579 crederetur

376 2619 519 2672 nobis
549 2622 895 2691 evangelium,
936 2620 1008 2672 ita
1049 2621 1302 2689 loquimur
1326 2661 1339 2683 ,
1373 2636 1471 2673 non
1502 2622 1646 2691 quasi
1674 2620 1959 2675 hominibus

376 2713 651 2783 placentes,
676 2714 763 2767 sed
788 2713 894 2767 Deo
914 2714 998 2783 qui
1023 2716 1201 2785 probat
1221 2716 1374 2768 corda
1395 2727 1585 2768 nostra.
1612 2714 1771 2770 Vides
1792 2718 1954 2786 quod.

375 2806 512 2859 sicut
557 2805 706 2870 dixi,
747 2820 809 2858 ex
855 2820 1039 2859 eorum
1074 2806 1321 2860 instantia
1351 2809 1511 2861 sumit
1540 2819 1910 2878 argumentum
1937 2851 1953 2876 ,

374 2896 514 2967 quod
542 2896 717 2951 divina
745 2896 813 2950 sit
839 2897 1164 2966 przedicatio.
1193 2898 1322 2952 Nam
1351 2900 1395 2954 si
1425 2900 1526 2954 hoc
1552 2917 1654 2954 non
1679 2901 1747 2954 ita
1771 2914 1912 2955 esset
1938 2944 1951 2965 ,

375 2990 419 3045 Si
450 2999 593 3044 esset
619 2989 883 3059 deceptio,
908 3004 1010 3043 non
1044 2999 1149 3044 tam
1181 2992 1345 3045 multa
1378 2993 1516 3060 passi
1548 3008 1789 3047 essemus
1817 2995 1958 3063 peri-

374 3081 490 3136 cula
516 3123 531 3145 ,
562 3096 680 3151 qua:
710 3097 777 3135 ne
812 3081 1179 3136 concedebant
1218 3083 1432 3153 quidem
1462 3093 1519 3137 ut
1545 3086 1949 3154 respiraremus.

374 3176 633 3244 Quidnam
664 3185 745 3229 est
772 3176 936 3245 ergo?
961 3175 1015 3230 Si
1043 3191 1147 3230 non
1178 3174 1498 3239 futurorum,
1533 3178 1721 3248 inquit,
1754 3177 1951 3248 aliquid

375 3284 473 3323 nos
516 3268 811 3333 excitaret,
845 3268 888 3321 si
936 3285 1038 3321 non
1083 3283 1397 3337 persuasum
1440 3271 1594 3333 nobis
1630 3280 1774 3326 esset
1811 3268 1952 3339 quod

379 3360 512 3413 bona
554 3360 623 3413 sit
661 3374 823 3430 spes,
855 3375 959 3413 non
1002 3361 1071 3414 ita
1112 3360 1361 3415 alacriter
1402 3363 1452 3415 iu
1498 3366 1750 3418 :rrumnis
1779 3365 1951 3419 affecti

376 3450 680 3505 fuissemus.
724 3451 853 3516 Quis
895 3451 1035 3504 enim
1076 3452 1297 3520 eligeret
1342 3467 1439 3521 pro
1470 3454 1533 3506 iis
1563 3470 1682 3523 quae
1716 3455 1801 3509 hic
1831 3466 1954 3509 sum

376 3554 482 3599 tam
512 3544 673 3597 multa
696 3542 980 3607 sustinere,
1005 3551 1059 3598 et
1080 3543 1182 3597 vita
1206 3546 1385 3598 vivere
1405 3545 1630 3598 sollicita
1654 3554 1707 3599 et
1727 3546 1955 3600 labOrio-

374 3652 431 3691 sa
458 3646 510 3691 et
538 3636 691 3705 plena
713 3634 997 3704 periculis?
1021 3636 1229 3687 cuinam
1252 3635 1392 3688 enim
1418 3637 1953 3705 persnaserinﬂnatn

376 3728 489 3783 haec
516 3727 625 3797 ipsa
649 3743 825 3779 annon
854 3724 1121 3779 sufﬁciunt
1142 3726 1205 3779 ad
1232 3726 1618 3795 perturbandos
1640 3726 1949 3795 discipulos,

373 3810 493 3876 cum
529 3832 881 3891 prmceptores
907 3822 1118 3874 videant
1149 3821 1198 3874 in
1230 3820 1515 3890 periculis?
1546 3821 1651 3875 Sed
1683 3822 1782 3876 hoc
1804 3824 1954 3878 vobis

374 3931 480 3970 non
509 3913 699 3968 accidit
727 3935 738 3968 :
769 3912 1066 3965 Exhortatio
1088 3914 1220 3967 enim
1245 3923 1435 3979 nostra,
1463 3912 1562 3967 hoc
1582 3924 1663 3967 est
1684 3913 1949 3981 doctrina,

373 4024 476 4060 non
505 4016 576 4060 est
614 4006 675 4059 dc
719 4022 905 4059 errore.
939 4003 1053 4058 Non
1087 4012 1169 4059 est
1191 4044 1206 4069 ,
1244 4004 1411 4073 inquit
1435 4046 1448 4068 ,
1478 4020 1565 4059 res
1594 4004 1748 4059 dolus
1782 4022 1953 4076 neque

373 4098 639 4166 deceptio,
672 4110 724 4149 ut
752 4100 1004 4151 Cedamus
1036 4113 1048 4149 :
1084 4110 1188 4149 non
1216 4104 1325 4162 cst,
1360 4110 1456 4164 pro
1488 4096 1645 4150 rebus
1671 4097 1871 4152 odiosis
1899 4108 1953 4153 et

374 4189 737 4253 exsecrandis,
770 4204 873 4241 non
905 4205 998 4256 pro
1026 4187 1519 4258 prrestigiatoribus,
1542 4199 1597 4242 et
1622 4190 1821 4259 magis;
1852 4190 1952 4247 hoc

373 4287 513 4340 enim
553 4285 650 4339 sibi
680 4284 785 4337 vult
817 4283 942 4336 illud
970 4325 981 4344 ,
1016 4282 1091 4338 De
1120 4282 1475 4348 innuanditia;
1506 4298 1676 4353 neque
1706 4285 1757 4339 in
1786 4284 1909 4339 dolo
1932 4328 1948 4352 ,

372 4394 545 4446 neque
569 4376 877 4430 ali‘ecL-mtes
906 4376 1204 4443 imperium,
1231 4374 1371 4443 quod
1398 4373 1519 4428 fecit
1543 4374 1818 4441 Theudas;
1847 4376 1952 4431 Sed

370 4473 499 4525 sicut
530 4470 724 4535 probati
752 4486 924 4522 sumus
953 4485 983 4519 a
1010 4467 1148 4533 Deo,
1178 4478 1233 4521 ut
1263 4468 1544 4521 crederetur
1570 4470 1711 4523 nobis
1741 4486 1952 4540 evange-

372 4568 516 4627 lium,
549 4565 618 4615 ita
649 4564 916 4628 loquimur,
950 4578 1047 4613 non
1078 4561 1219 4630 quasi
1246 4561 1529 4613 hominibus
1559 4562 1831 4630 placentes,
1862 4563 1951 4617 sed

373 4657 500 4712 Deo.
539 4656 696 4709 Vides
722 4655 859 4723 quod
894 4669 997 4707 non
1030 4654 1100 4707 sit
1135 4653 1306 4706 inanis
1335 4652 1541 4721 gloria?
1570 4653 1675 4707 Sed
1702 4652 1829 4715 Deo,
1864 4654 1947 4708 itt-

297 4731 303 4740 .
370 4750 504 4818 quit,
534 4748 618 4817 qui
645 4746 821 4817 probat
846 4747 1001 4797 corda
1028 4753 1215 4797 nostra.
1246 4743 1409 4805 Nihil,
1444 4743 1628 4811 inquit,
1659 4744 1865 4812 agimus
1894 4753 1951 4799 ttt

370 4839 677 4894 hominibus
721 4838 1061 4905 placeamus:
1088 4850 1316 4903 quanam
1361 4835 1501 4888 enim
1538 4835 1605 4888 de
1643 4850 1801 4889 causa
1846 4836 1948 4893 hoc

370 4930 721 4986 fecissemus?
758 4926 989 4990 Deinde,
1029 4942 1148 4980 cum
1192 4942 1335 4994 ipsos
1374 4924 1643 4980 laudasset
1679 4926 1906 4981 dicendo
1932 4970 1946 4993 ,

370 5026 487 5083 Non
536 5035 804 5093 tamquam
849 5020 1088 5111 volente?
1138 5018 1443 5071 hominibus
1496 5019 1743 5088 placere.
1776 5035 1948 5086 neque

372 5119 607 5173 honores
650 5123 951 5185 qumrentcs
994 5109 1072 5165 ab
1111 5109 1445 5174 hominibus;
1498 5109 1808 5179 subiungit:
1843 5110 1949 5166 Sed

371 5214 501 5266 sicut
530 5208 723 5279 probati
750 5222 922 5260 sumus
948 5222 979 5256 a
1013 5203 1114 5256 Deo
1137 5245 1150 5262 .
1184 5213 1236 5256 ut
1261 5203 1543 5256 crederetur
1568 5203 1707 5257 nobis
1733 5221 1947 5275 evange-

372 5306 498 5357 lium
528 5300 644 5354 Dci.
678 5302 752 5353 Ac
781 5300 826 5352 si
853 5296 1086 5355 diceret,
1117 5293 1223 5348 Nisi
1272 5309 1369 5348 nos
1398 5294 1630 5349 novisset
1658 5295 1852 5349 liberos
1883 5296 1949 5351 ab

372 5395 516 5450 omni
547 5409 603 5447 re
628 5409 747 5462 qua:
776 5389 841 5442 ad
871 5388 1009 5442 hanc
1035 5386 1193 5439 vitam
1224 5386 1475 5455 pertinet,
1505 5401 1608 5439 non
1632 5401 1728 5439 nos
1752 5387 1947 5455 elegis-

372 5497 452 5540 set
486 5505 497 5538 :
528 5486 712 5555 quales
753 5498 881 5551 ergo
923 5479 1201 5548 probavit,
1245 5477 1377 5531 tales
1420 5493 1715 5531 manemus.
1755 5478 1799 5531 Α
1842 5477 1949 5531 Deo

375 5576 569 5641 probati
594 5590 781 5629 sumus.
812 5572 1015 5638 inquit;
1043 5568 1091 5623 id
1119 5579 1221 5632 est,
1246 5584 1343 5621 nos
1374 5569 1630 5637 probavit,
1655 5580 1705 5621 et
1726 5570 1953 5624 credidit

376 5668 529 5721 nobis
553 5664 887 5734 evangelium
913 5680 925 5715 :
948 5672 1002 5714 ut
1027 5676 1155 5730 ergo
1187 5659 1294 5713 Deo
1322 5676 1417 5713 nos
1448 5660 1596 5733 probi
1619 5661 1715 5713 visi
1743 5676 1947 5726 sumus,

376 5762 455 5816 sic
480 5774 774 5814 manemus.
801 5757 1007 5811 Nostra:
1028 5754 1239 5807 virtutis
1258 5754 1463 5821 signum
1490 5761 1571 5805 est
1592 5762 1645 5804 et
1665 5768 1951 5822 argumen-

377 5864 486 5905 tum
515 5892 528 5915 ,
562 5848 701 5918 quod
746 5849 897 5901 nobis
937 5848 1006 5900 sit
1046 5845 1307 5901 creditum
1338 5843 1669 5912 evangelium
1709 5862 1723 5898 :
1752 5846 1796 5899 si
1827 5846 1953 5917 quid

1255 374 1323 431 IN
1361 372 1579 433 EPIST.
1620 376 1640 431 I
1700 378 1790 433 AD
1829 378 2175 437 THESSAL.’
2205 385 2355 441 CAP.
2401 389 2463 445 II.
2507 392 2739 450 IIOMIL.
2782 395 2847 451 11.

3564 403 3673 459 402

2083 498 2281 553 malum
2326 502 2511 559 fuisset
2551 506 2602 559 in
2649 508 2802 563 nobis
2826 551 2841 574 ,
2876 508 3014 565 Deus
3043 526 3142 567 nos
3170 528 3274 568 non
3314 514 3668 583 probavisset.

2082 588 2217 644 Illud
2246 605 2454 660 autem,
2486 597 2764 664 Probavit,
2796 600 2883 655 hic
2913 603 3203 671 significat,
3235 604 3442 660 Invenit
3471 610 3669 678 probos

2082 690 2136 735 et
2156 685 2379 738 credidit
2401 703 2414 748 ;
2440 703 2565 752 non,
2587 689 2864 745 Scrutatus
2885 704 2963 747 est
2986 713 2997 748 :
3018 710 3113 748 nos
3129 697 3270 750 enim
3294 698 3371 753 sic
3394 700 3667 768 probando

2080 775 2306 843 agimus,
2341 779 2427 831 ille
2457 782 2572 835 sine
2605 784 2693 837 tali
2728 785 3059 851 probatione.
3094 788 3182 843 Sic
3215 805 3342 859 ergo
3374 791 3661 861 loquimur,

2081 877 2137 918 ut
2171 884 2264 935 par
2290 880 2371 923 est
2398 887 2489 923 eos
2516 875 2602 940 qui
2636 890 2662 925 a
2701 875 2807 929 Deo
2838 890 2958 931 Stlnl
2992 881 3217 947 probati,
3248 891 3300 936 et
3326 883 3513 937 crediti
3542 897 3665 940 sunt

2078 974 2197 1013 esse
2228 962 2370 1032 digni
2402 968 2679 1034 evangelio
2711 987 2724 1022 :
2754 980 2803 1023 et
2827 1011 2841 1034 ,
2875 970 3176 1042 Loquimur,
3207 991 3307 1027 non
3330 978 3475 1046 quasi
3499 977 3665 1031 homi-

2078 1051 2222 1105 nibus
2248 1056 2537 1122 placentes;
2567 1057 2666 1112 hoc
2692 1068 2804 1124 est,
2842 1077 2945 1114 non
2978 1074 3194 1132 prepter
3221 1080 3315 1118 vos
3344 1068 3458 1121 haec
3484 1070 3661 1122 omnia

2076 1139 2317 1198 fecimus.
2349 1145 2609 1213 Quoniam
2639 1152 2785 1218 prius
2815 1152 2957 1221 ipsos
2986 1154 3239 1219 laudavit,
3273 1171 3340 1211 ne
3366 1157 3505 1226 quod
3534 1156 3664 1212 dicit

2074 1248 2289 1288 vocaret
2319 1236 2369 1290 in
2397 1241 2776 1308 suspicionem,
2807 1246 2879 1297 ait
2906 1264 2917 1298 :
2947 1246 2995 1300 5.
3033 1245 3208 1317 Neque
3231 1250 3362 1301 enim
3386 1251 3662 1320 aliquando

2074 1328 2265 1395 fuimus
2301 1332 2355 1383 in
2396 1349 2624 1387 sermone
2661 1338 2970 1393 adulationis
2992 1381 3006 1404 ,
3036 1341 3165 1393 sicut
3204 1343 3396 1405 nostis;
3422 1360 3579 1413 neque
3606 1346 3659 1396 in

2072 1421 2333 1474 occasione
2358 1426 2585 1479 araritite
2611 1444 2628 1480 :
2651 1428 2789 1482 Deus
2818 1432 2954 1483 testis
2980 1441 3053 1484 est
3077 1448 3095 1485 :
3118 1433 3169 1487 6.
3200 1451 3355 1503 neque
3378 1446 3658 1504 quarentes

2070 1509 2131 1561 ab
2163 1510 2446 1568 hominibus
2489 1519 2703 1586 gloriam
2728 1561 2741 1582 ,
2775 1538 2934 1589 neque
2961 1538 2992 1573 a
3019 1522 3154 1574 vobis
3175 1564 3187 1583 ,
3222 1541 3379 1593 neque
3405 1525 3468 1578 ab
3498 1527 3613 1580 aliis
3636 1569 3653 1592 ,

2068 1617 2181 1654 cum
2212 1622 2469 1673 possemus
2497 1624 2601 1662 csse
2622 1612 2764 1663 oneri
2787 1622 3041 1679 tamquam
3069 1612 3254 1667 Christi
3279 1616 3513 1683 apostoli.
3547 1615 3661 1669 Ne-

2066 1711 2163 1764 que
2186 1697 2317 1749 enim
2346 1700 2619 1768 aliquando
2646 1703 2833 1771 fuimus
2863 1705 2914 1757 in
2940 1722 3169 1759 sermone
3195 1706 3533 1772 adulationis,
3569 1708 3654 1762 in-

2066 1786 2180 1854 quit
2205 1804 2217 1841 :
2245 1787 2346 1843 hoc
2374 1800 2457 1843 est
2478 1832 2491 1855 ,
2521 1791 2639 1846 Non
2667 1794 2866 1849 adulati
2898 1810 3081 1849 sumus
3106 1838 3119 1855 .
3152 1798 3293 1867 quod
3323 1798 3536 1867 quidem
3570 1808 3653 1853 est

2065 1892 2251 1934 eorum
2281 1882 2368 1950 qui
2407 1881 2718 1953 decipiunt,
2754 1887 2843 1955 qni
2872 1888 3055 1941 volunt
3102 1890 3377 1956 possidere
3402 1900 3455 1945 et
3480 1889 3653 1945 domi-

2065 1980 2247 2025 natum
2289 1973 2551 2028 obtinerc.
2594 1976 2709 2031 Non
2752 1989 2926 2047 potest
2950 1980 3053 2035 dici
3081 1983 3219 2049 quod
3252 1983 3450 2037 adulati
3482 1984 3651 2037 simus

2063 2075 2121 2118 ut
2149 2066 2480 2123 dominatum
2506 2070 2858 2132 obtineamus.
2884 2089 3057 2143 neque
3076 2074 3216 2143 quod
3246 2086 3463 2144 pr0pter
3488 2091 3646 2148 pecn-

2062 2160 2203 2212 niam
2237 2176 2302 2213 eo
2330 2162 2655 2217 venerimus.
2689 2164 2855 2234 Hujus
2883 2167 2982 2231 rei,
3011 2181 3139 2220 sane
3169 2168 3451 2231 evidentis,
3484 2178 3647 2224 testas

2063 2254 2207 2323 ipsos
2234 2257 2515 2325 compellat
2540 2275 2553 2310 :
2579 2258 2657 2311 An
2689 2258 2886 2312 adulati
2914 2260 3100 2323 simus,
3128 2275 3220 2313 vos
3248 2260 3414 2328 scitis,
3441 2261 3643 2331 inquit:

2060 2348 2201 2416 quod
2236 2359 2412 2401 autem
2445 2366 2549 2403 non
2578 2359 2691 2403 erat
2722 2351 2940 2404 evidens
2963 2392 2978 2414 ,
3009 2366 3075 2405 an
3111 2367 3204 2420 per
3228 2353 3445 2411 modum
3474 2354 3648 2408 avari-

2061 2439 2168 2500 tia},
2196 2441 2358 2493 Deum
2386 2440 2511 2493 citat
2538 2451 2746 2495 testem.
2774 2440 2953 2507 Neque
2974 2453 3252 2511 quazrentes
3277 2443 3337 2496 ab
3362 2445 3647 2499 hominibus

2058 2530 2308 2600 gloriam,
2339 2547 2494 2599 neque
2518 2547 2550 2583 a
2585 2532 2750 2596 vobis,
2781 2548 2940 2601 neque
2968 2534 3029 2586 ab
3055 2534 3211 2596 aliis;
3241 2550 3353 2586 cum
3386 2551 3645 2603 possemus

2059 2638 2165 2675 esse
2192 2622 2333 2675 oneri
2356 2663 2370 2686 ,
2401 2632 2654 2690 tamquam
2684 2623 2868 2677 Christi
2894 2625 3131 2692 apostoli.
3183 2625 3293 2679 Iloc
3318 2636 3399 2680 est
3422 2667 3435 2689 ,
3470 2640 3644 2693 neque

2059 2713 2291 2768 honores
2312 2724 2633 2784 quaerentes,
2660 2730 2833 2784 neque
2853 2716 3140 2785 gloriantes
3162 2725 3214 2769 et
3237 2731 3333 2769 nos
3354 2716 3632 2785 jactanles,

2058 2821 2157 2861 nec
2181 2807 2359 2875 stipati
2387 2807 2721 2861 satellitibus.
2749 2809 3079 2877 Quamquam
3106 2806 3150 2861 si
3176 2808 3276 2862 hoc
3302 2806 3639 2873 fecissemus,

2057 2898 2189 2952 nihil
2237 2898 2548 2952 fecissemus
2593 2899 2823 2953 alienum
2860 2917 2873 2954 :
2906 2914 3025 2953 nam
3074 2899 3119 2954 si
3157 2899 3374 2970 quidam
3420 2902 3565 2955 missi
3611 2917 3639 2954 ει

2056 2990 2269 3055 regibus
2294 3033 2309 3055 ,
2340 2999 2463 3043 sunt
2508 3000 2682 3043 tamen
2726 2992 2777 3043 in
2822 2990 3060 3055 honore,
3098 2992 3265 3047 multo
3306 2993 3474 3061 magis
3519 3007 3638 3049 nos.

2054 3080 2242 3150 Neque
2272 3082 2436 3145 dixit,
2470 3082 2802 3138 Contumelia
2834 3083 3009 3137 allecti
3036 3098 3220 3138 sumus
3240 3127 3253 3148 ,
3287 3100 3458 3155 neque
3479 3127 3493 3149 ,
3526 3085 3638 3141 Ilo-

2057 3192 2240 3231 norem
2284 3192 2386 3229 non
2426 3191 2611 3229 sumus
2649 3176 2963 3246 consequuti
2986 3220 3001 3241 ,
3033 3175 3175 3246 quod
3205 3177 3416 3246 quidem
3448 3193 3641 3248 expro-

2055 3267 2258 3322 brantis
2297 3266 2516 3331 fuisset;
2547 3267 2639 3321 sed
2662 3308 2676 3332 ,
2708 3267 2821 3320 Non
2853 3268 3215 3336 qumsivtmus.
3245 3269 3345 3335 Qui
3374 3284 3501 3339 ergo
3533 3285 3637 3324 non

2054 3360 2418 3429 quaesivimus,
2448 3375 2567 3413 cmn
2600 3359 2783 3413 liceret
2810 3375 3072 3427 quaerere,
3108 3359 3208 3414 hoc
3233 3361 3391 3413 etiam
3423 3362 3641 3433 exigen-

2056 3463 2108 3507 te
2136 3452 2530 3523 praadicatione,
2558 3452 2826 3521 quomodo
2856 3452 3167 3506 fecissemus
3192 3452 3390 3522 aliquid
3423 3462 3638 3522 propter

2054 3546 2315 3616 gloriam?
2357 3546 2689 3615 Quamquam
2730 3546 2938 3600 etiamsi
2968 3547 3398 3615 qumsivissemus
3424 3588 3438 3610 ,
3470 3564 3535 3602 ne
3561 3549 3640 3603 sic

2055 3637 2267 3706 quidem
2298 3650 2539 3690 essemus
2564 3636 2881 3689 accusandi:
2903 3651 3113 3706 aequum
3140 3647 3282 3691 esset
3304 3638 3445 3691 enim
3470 3649 3525 3691 nt
3546 3638 3637 3708 qui

2054 3744 2083 3782 a
2115 3729 2222 3782 Deo
2249 3727 2397 3782 missi
2426 3736 2549 3781 sunt
2574 3726 2641 3781 ad
2672 3726 2956 3794 homines,
2984 3738 3252 3798 tamquam
3279 3744 3307 3782 a
3335 3728 3469 3783 cmlo
3497 3744 3637 3781 nunc

2055 3820 2330 3877 venientes
2371 3820 2568 3889 legati,
2598 3836 2789 3890 magno
2819 3819 3122 3875 fruerentur
3158 3820 3383 3875 honore.
3417 3821 3519 3876 Sed
3554 3822 3636 3875 his

2056 3914 2310 3984 neglectis
2355 3928 2452 3967 nos
2499 3914 2688 3968 Iterum
2726 3912 2859 3968 nihil
2903 3912 3164 3982 fecimus,
3198 3923 3256 3969 ut
3295 3913 3636 3969 obstruamus

2055 4021 2149 4061 ora
2176 4006 2621 4060 adversariorum.
2916 4004 2917 4007 “

2126 4100 2179 4153 5.
2221 4098 2403 4167 Neque
2446 4098 2548 4151 dici
2593 4106 2769 4167 potest
2807 4097 2949 4167 quod
2986 4112 3107 4167 erga
3140 4112 3236 4151 vos
3270 4097 3483 4168 quidem
3516 4098 3593 4152 sic
3616 4139 3632 4161 ,

2054 4206 2178 4259 erga
2219 4192 2351 4244 alios
2384 4201 2559 4243 autem
2598 4206 2701 4243 non
2738 4191 2814 4243 sic
2843 4206 2939 4242 nos
2969 4205 3217 4259 geramus
3247 4208 3259 4243 :
3290 4190 3361 4243 ita
3392 4193 3534 4245 enim
3565 4192 3631 4243 ad

2054 4283 2356 4338 Corinthios
2384 4298 2592 4352 quoque
2618 4282 2858 4335 scribens
2883 4283 3093 4335 dicebat
3119 4299 3131 4334 :
3157 4282 3430 4336 Sustmetis
3458 4282 3589 4336 enim
3614 4325 3630 4347 ,

2052 4376 2097 4430 si
2121 4377 2232 4445 quis
2259 4393 2344 4429 vos
2371 4376 2421 4427 in
2450 4375 2732 4426 seruitutem
2757 4375 2965 4445 redigit,
2989 4375 3033 4427 si
3059 4375 3170 4444 quis
3197 4375 3428 4438 devorat,
3453 4376 3496 4429 si
3521 4376 3633 4445 quis

2054 4469 2235 4537 accipit
2258 4509 2271 4533 ,
2312 4469 2354 4520 si
2392 4468 2501 4537 quis
2531 4468 2786 4520 extollitur
2808 4509 2822 4531 ,
2867 4468 2909 4520 si
2936 4469 3045 4531 quis
3074 4468 3124 4520 in
3156 4469 3335 4537 faciem
3370 4483 3456 4521 vos
3484 4469 3633 4521 catdi‘t

2056 4560 2151 4632 (Ξ.
2182 4559 2299 4613 Cor.
2331 4559 2415 4613 11.
2442 4558 2513 4611 20
2533 4560 2587 4629 );
2621 4569 2673 4611 et
2704 4572 2887 4611 rursus
2911 4599 2925 4624 ,
2958 4557 3238 4611 Pra'sentia
3266 4575 3380 4611 vero
3408 4560 3632 4626 corporis

2053 4652 2288 4720 inﬁrma,
2320 4667 2480 4704 sermo
2510 4650 2933 4719 contemptibilis:
2959 4657 3013 4703 et
3037 4665 3218 4703 rursus
3237 4691 3252 4716 ,
3286 4651 3481 4705 Donate
3509 4653 3631 4704 mihi

2054 4746 2185 4798 hanc
2209 4744 2447 4813 injuriam
2473 4743 2490 4812 (
2518 4741 2651 4795 Ibid.
2685 4742 2771 4796 10.
2807 4744 2892 4795 10.
2921 4751 2967 4795 et
2999 4742 3085 4796 12.
3119 4743 3188 4797 15
3208 4743 3249 4813 ).
3279 4742 3389 4797 Illic
3420 4758 3629 4813 quoque

2054 4834 2286 4889 ostendit
2312 4849 2369 4887 se
2395 4833 2548 4887 valde
2568 4847 2687 4888 esse
2712 4832 2988 4895 humilem.
3016 4849 3080 4887 ex
3106 4848 3171 4887 eo
3192 4834 3330 4905 quod
3359 4843 3462 4888 tam
3489 4837 3626 4889 nud-

2054 4936 2105 4981 ta
2145 4927 2503 4982 conculcaret.
2550 4925 2645 4979 llic
2684 4936 2858 4979 autem
2901 4925 3031 4979 dicit
3061 4928 3217 4981 etiam
3246 4927 3313 4981 de
3344 4929 3582 4997 pecuniis
3613 4945 3629 4983 :

2054 5020 2183 5074 Cant
2230 5036 2485 5090 possemus
2528 5019 2663 5073 vobis
2702 5035 2807 5072 esse
2836 5020 2975 5072 oneri
3011 5028 3066 5071 ut
3094 5018 3280 5074 Christi
3308 5021 3542 5091 apostoli.
3574 5021 3627 5074 7.

2056 5114 2161 5168 Sed
2186 5113 2309 5183 facti
2338 5128 2509 5165 sumus
2537 5109 2735 5182 parvuli
2761 5112 2813 5163 in
2841 5109 3003 5164 medio
3030 5120 3243 5164 vestrum
3265 5128 3283 5165 :
3305 5122 3558 5183 tamquam
3588 5114 3633 5165 si

2055 5207 2229 5259 nutrias
2259 5208 2419 5276 foveat
2449 5205 2582 5270 ﬁlios
2608 5220 2746 5269 suos,
2775 5203 2828 5258 8.
2858 5204 2928 5256 ita
2956 5203 3292 5257 desiderantes
3318 5219 3424 5266 ros,
3448 5206 3634 5273 cupide

2054 5298 2339 5353 volebamus
2367 5297 2564 5349 tradere
2588 5295 2742 5357 vobis,
2768 5312 2865 5347 non
2885 5296 3049 5349 solum
3073 5293 3382 5366 evangelium
3408 5294 3522 5358 Dei,
3545 5297 3633 5350 sed
3664 5321 3670 5327 ~

2057 5392 2206 5444 etiam
2248 5390 2444 5442 animas
2487 5397 2685 5440 nostras
2726 5402 2744 5439 :
2768 5387 3006 5456 quoniam
3044 5386 3291 5439 carissimi
3328 5385 3473 5441 nobis
3511 5387 3635 5457 facti

2055 5482 2192 5533 estis.
2227 5478 2331 5534 Sed
2362 5478 2484 5548 facti
2519 5494 2690 5530 sumus
2715 5518 2728 5539 ,
2763 5476 2966 5544 inquit,
2995 5476 3194 5545 parvuli
3220 5490 3239 5530 :
3265 5476 3316 5529 id
3342 5486 3421 5530 est
3447 5517 3460 5540 ,
3489 5475 3631 5530 Nihil

2056 5570 2416 5637 importunum
2443 5610 2458 5633 ,
2492 5567 2620 5620 nihil
2653 5568 2931 5620 molestum
2966 5582 3064 5621 nec
3098 5583 3256 5635 grave
3284 5582 3457 5637 neque
3486 5568 3626 5637 quod

2059 5663 2250 5716 fastum
2276 5660 2466 5715 habeat
2488 5640 2837 5715 ostendimus.
2870 5659 3000 5713 lllttd
3027 5671 3205 5712 autem
3227 5702 3241 5725 ,
3270 5660 3336 5713 In
3362 5659 3524 5713 medio
3548 5675 3632 5713 ve-

2056 5764 2236 5814 strum,
2266 5754 2367 5807 tale
2390 5763 2505 5816 est,
2538 5762 2596 5806 ut
2621 5751 2665 5805 si
2694 5751 2812 5821 quis
2838 5752 3011 5816 dicat,
3040 5750 3155 5805 Non
3178 5767 3243 5805 ex
3275 5750 3426 5804 vobis
3455 5750 3629 5805 locum

2057 5857 2112 5901 et
2140 5854 2338 5901 sortem
2368 5844 2697 5914 superiorem
2728 5852 2778 5898 et
2809 5844 3216 5898 eminentiorem
3246 5844 3591 5911 accipientes.
