4114 6396
441 320 550 377 ωδ

512 435 748 489 Doctoris
772 434 1005 505 ojﬁcium.
1036 463 1105 474 -
1133 432 1411 503 Tamquam
1437 433 1481 486 si
1506 431 1683 485 nutrix
1708 430 1868 499 foveat
1891 469 1904 490 ,
1939 427 2020 480 in-

440 528 587 595 quit,
614 527 748 594 ﬁlios
775 541 915 579 suos.
946 524 1022 578 lta
1051 532 1265 594 oportet
1290 538 1411 579 esse
1434 522 1729 577 doctorem.
1757 518 1893 573 Num
1926 533 2023 570 nu-

442 619 546 671 trix
574 616 818 670 adulatur
845 626 900 670 ut
922 616 1148 687 gloriam
1173 613 1567 685 consequatur?
1592 628 1715 666 num
1743 608 2019 680 pecuniam

443 706 575 775 petit
600 721 628 760 a
656 707 832 776 parvis
859 705 1075 776 pueris?
1100 721 1227 760 num
1255 713 1338 760 est
1362 705 1468 759 illis
1486 703 1660 773 gravis
1679 708 1735 756 et
1760 697 2021 754 molesta?

442 814 620 852 annon
647 797 749 853 illa:
768 809 892 853 sunt
913 798 1251 869 benigniores
1272 806 1329 853 et
1349 797 1586 851 mitiores
1605 811 1762 865 quam
1786 792 2023 847 matres?

448 891 543 947 llic
589 892 823 945 ostendit
864 906 1101 945 amorem
1140 900 1195 946 et
1233 887 1679 943 benevolentiam.
1711 884 1796 938 Ita
1823 884 2023 938 deside-

443 995 611 1039 rantes
639 1002 725 1039 vos
744 1026 760 1050 ,
792 984 963 1055 inquit
994 1003 1009 1040 :
1036 985 1108 1039 ita
1137 983 1288 1039 vobis
1317 981 1548 1037 devincti
1578 994 1763 1035 sumus
1784 1019 1800 1043 ,
1832 987 1887 1033 et
1914 991 2021 1031 non

443 1079 619 1134 solum
658 1080 790 1135 nihil
829 1080 1117 1150 accipimus
1140 1120 1155 1143 ,
1188 1077 1283 1133 sed
1323 1077 1369 1131 si
1409 1082 1653 1146 oporteat
1689 1072 1851 1129 etiam
1880 1071 2022 1140 ipsas

444 1169 708 1240 impertiri
731 1171 956 1236 animas,
984 1185 1090 1223 non
1122 1167 1508 1223 recusabimus.
1537 1163 1772 1220 Hoccine
1793 1159 2026 1228 est,dic,

443 1277 627 1331 qmesn
652 1303 665 1325 ,
696 1261 941 1316 humanae
968 1260 1199 1315 mentis?
1229 1268 1283 1314 et
1312 1259 1429 1328 quis
1457 1257 1591 1311 adeo
1617 1253 1813 1325 desipit
1840 1261 1897 1308 ut
1923 1251 2023 1307 hoc

444 1354 629 1407 dicat?
682 1353 873 1423 Cupide
917 1353 1203 1407 volebamus
1250 1350 1449 1405 tradere
1491 1348 1671 1427 vobis,
1714 1363 1817 1400 non
1858 1345 2022 1399 solum

443 1445 753 1513 evangelium
782 1444 891 1508 Dei,
918 1445 1008 1499 sed
1030 1445 1179 1498 etiam
1200 1444 1397 1497 animas
1422 1452 1639 1496 nostras.
1665 1436 2021 1507 Quamobrem

445 1534 548 1588 hoc
596 1546 677 1590 est
731 1536 823 1589 illo
864 1536 1053 1603 majus.
1106 1536 1173 1590 Et
1218 1533 1485 1605 quodnam
1525 1540 1608 1587 est
1652 1527 1902 1584 lucrum?
1947 1526 2025 1581 Ex

444 1627 718 1695 evangelio
741 1627 953 1697 quidem
981 1627 1218 1693 lucrum;
1247 1626 1374 1680 dare
1396 1634 1573 1679 autem
1600 1623 1855 1687 animam,
1881 1617 2023 1689 quod

443 1718 510 1771 ad
538 1717 900 1773 difﬁcultatem
927 1718 1133 1782 attinet,
1159 1727 1242 1771 est
1261 1716 1354 1771 illo
1380 1715 1568 1785 majus.
1593 1713 1707 1768 Non
1735 1722 1858 1768 sunt
1881 1710 2023 1766 enim

446 1809 591 1876 paria
638 1808 928 1877 praedicare
957 1819 1010 1863 et
1036 1809 1163 1863 dare
1192 1807 1425 1863 animam
1455 1824 1470 1862 :
1500 1822 1620 1862 nam
1652 1805 1778 1859 illud
1811 1804 2023 1874 quidem

445 1910 529 1955 est
555 1901 920 1957 honorabilins
938 1943 954 1966 ,
987 1904 1086 1956 hoc
1113 1910 1291 1955 autem
1321 1908 1405 1956 est
1432 1898 1649 1970 majoris
1674 1896 2022 1952 difﬁcultatis.

448 1994 715 2050 Vellemus
739 2035 754 2059 ,
788 1995 993 2065 inquit,
1024 1995 1068 2051 si
1096 1996 1285 2050 liceret
1305 2034 1321 2059 ,
1348 1994 1511 2050 etiam
1536 1993 1741 2047 animas
1769 1991 1918 2046 vobis
1941 1989 2025 2045 ef-

448 2086 693 2143 fundere.
720 2087 980 2154 Quoniam
1008 2102 1137 2156 ergo
1166 2087 1395 2142 laudavit
1423 2096 1477 2141 et
1505 2084 1711 2148 laudat,
1741 2092 2024 2154 propterea

447 2179 635 2249 inquit,
662 2179 776 2234 Non
804 2180 1056 2251 pecunias
1078 2190 1398 2248 quterentes,
1422 2194 1529 2233 non
1550 2177 1701 2231 vobis
1721 2176 2021 2240 adulantes,

447 2287 553 2325 non
582 2272 805 2342 gloriam
838 2281 1147 2343 appetentes
1188 2270 1290 2326 hoc
1328 2270 1568 2325 facimus.
1596 2268 1731 2324 Vide
1759 2265 1903 2323 enim
1934 2284 1948 2320 :
1980 2266 2026 2321 si

447 2365 611 2418 multa
653 2364 998 2419 confecerant
1032 2362 1324 2418 certamina
1348 2403 1365 2427 ,
1393 2371 1447 2415 et
1485 2361 1724 2430 impense
1749 2358 2028 2427 oportebat

445 2469 543 2509 eos
584 2453 790 2508 laudari
829 2463 884 2508 et
927 2453 1111 2508 haberi
1156 2454 1206 2506 in
1251 2450 1639 2516 admiratione,
1682 2457 1739 2504 ut
1777 2447 2028 2504 fortiores

448 2546 758 2612 evaderent,
784 2546 1013 2601 habebat
1037 2547 1152 2600 laus
1175 2545 1553 2614 suspicionem.
1579 2543 1886 2613 Propterea,
1910 2542 2029 2599 haec

446 2639 627 2692 omnia
661 2637 810 2703 dicit,
844 2652 1098 2692 amovens
1128 2637 1505 2707 suspicionem,
1528 2635 1656 2689 dicit
1688 2634 1941 2704 pericula.
1962 2634 2028 2688 Et

448 2744 655 2794 rursus,
678 2744 745 2784 ne
767 2738 980 2798 putetur
1009 2729 1239 2799 pericula
1264 2728 1463 2793 dicere,
1490 2739 1755 2797 tamquam
1776 2742 1872 2797 pro
1898 2726 2027 2797 ipsis

450 2819 721 2884 laborans,
752 2828 808 2874 et
835 2829 1102 2888 tamquam
1126 2819 1194 2873 ab
1218 2818 1347 2888 ipsis
1370 2818 1573 2873 debetis
1599 2817 1879 2883 honorari;
1910 2817 2028 2873 ideo

448 2919 730 2979 postquam
762 2910 995 2980 pericula
1033 2910 1348 2965 memoravit
1369 2949 1385 2975 ,
1408 2904 1681 2978 subjunxit
1717 2925 1734 2964 :
1776 2906 2029 2973 Quoniam

448 3000 695 3054 carissimi
738 3001 879 3057 nobis
902 3002 1027 3074 facti
1045 3002 1198 3067 estis;
1226 3008 1385 3071 atque
1411 3001 1531 3057 ideo
1571 3001 1777 3056 animas
1818 3008 2028 3055 nostras

450 3091 698 3146 lubenter
716 3092 866 3148 vobis
892 3092 1242 3159 dedissemus,
1267 3108 1335 3148 eo
1355 3091 1496 3162 quod
1516 3091 1668 3148 vobis
1685 3090 1841 3146 valde
1860 3091 2029 3146 simus

448 3184 704 3240 devincti.
748 3185 922 3254 Atque
954 3185 1286 3255 evangelium
1315 3184 1529 3255 quidem
1555 3223 1571 3249 ,
1601 3182 1856 3254 quoniam
1886 3182 2028 3238 Deus

444 3275 627 3346 jussit,
652 3276 1065 3343 annuntiamus;
1099 3286 1301 3331 tantum
1328 3284 1505 3330 autem
1531 3291 1625 3329 vos
1651 3275 1941 3345 diligimus,
1970 3284 2029 3329 ut

450 3371 496 3425 si
526 3372 730 3434 liceret,
758 3370 919 3426 etiam
946 3369 1151 3424 animas
1176 3368 1529 3424 dedissemus.
1557 3367 1645 3423 Sic
1670 3376 1884 3437 oportet
1906 3365 2028 3421 dili-

448 3472 663 3533 gentem
691 3461 911 3532 diligere
932 3502 949 3526 ,
985 3470 1042 3514 ut
1071 3461 1116 3514 si
1145 3459 1214 3514 ab
1243 3474 1309 3514 eo
1337 3467 1547 3530 petatur
1574 3457 1751 3512 anima
1773 3499 1789 3524 ,
1822 3465 1877 3513 et
1912 3456 2027 3512 ﬁeri

449 3558 619 3628 possit
640 3596 656 3618 ,
690 3571 794 3610 non
825 3564 986 3612 vetet.
1018 3554 1132 3609 Non
1162 3553 1281 3609 dico
1307 3595 1322 3619 ,
1362 3552 1408 3607 si
1453 3562 1661 3622 petatur
1701 3550 1875 3606 solum
1921 3550 2027 3604 imo

450 3662 582 3703 vero
604 3656 663 3702 ut
682 3648 797 3717 ipse
818 3646 884 3701 ad
912 3645 1013 3701 hoc
1026 3645 1224 3700 donum
1250 3654 1514 3700 accurrat.
1538 3642 1678 3698 Nihil
1704 3643 1868 3709 enim,
1897 3640 2027 3695 nihil

452 3739 753 3809 ltujusmodi
797 3753 982 3793 amore
1021 3737 1178 3793 fuerit
1212 3736 1530 3809 jucundius,
1564 3735 1692 3790 nihil
1725 3734 1831 3789 illic
1858 3734 2028 3790 conti-

450 3832 588 3901 gerit
625 3830 926 3885 molestum.
963 3828 1158 3884 Fidelis
1197 3829 1399 3883 amicus
1427 3824 1610 3882 revera
1642 3835 1723 3882 est
1758 3825 1881 3880 vitae
1917 3840 2029 3880 tne-

450 3923 809 3979 dicamentum
843 3939 856 3975 :
889 3920 1061 3977 fidelis
1099 3921 1303 3976 amicus
1345 3928 1430 3976 est
1472 3916 1702 3973 validum
1752 3927 2030 3989 tegumen-

454 4026 587 4070 tum.

526 4107 654 4174 Quis
672 4107 735 4161 sit
755 4121 898 4160 verus
918 4105 1129 4159 amicus.
1149 4102 1450 4158 Christiana:
1468 4102 1704 4156 amicitia:
1720 4102 2026 4172 exemplum.

452 4228 523 4240 -
546 4197 683 4267 Quid
710 4199 852 4252 enim
881 4212 985 4251 non
1016 4194 1201 4251 fecerit
1226 4210 1382 4251 verus
1408 4204 1461 4249 et
1486 4208 1769 4264 germanus
1793 4194 2029 4249 amicus?

452 4306 610 4361 quam
635 4303 740 4344 non
763 4289 998 4345 attulerit
1018 4286 1381 4357 voluptatem?
1402 4301 1557 4356 quam
1584 4301 1687 4340 non
1713 4286 2031 4340 utilitatem?

453 4397 614 4452 quam
662 4395 766 4435 non
816 4378 1194 4435 securitatem?
1243 4376 1465 4431 Etiamsi
1511 4377 1789 4431 thesauros
1832 4375 2032 4431 dixeris

456 4471 870 4529 innumerabiles
895 4511 909 4534 ,
942 4469 1071 4524 nihil
1112 4482 1243 4522 vero
1279 4476 1334 4521 et
1375 4480 1629 4536 germano
1656 4466 1828 4520 amico
1860 4476 2033 4536 potest

456 4566 794 4638 tequiparari.
842 4564 1078 4619 Primum
1120 4572 1297 4617 autem
1328 4560 1570 4615 dicamus
1595 4570 1846 4627 quantam
1876 4560 2030 4614 volu-

458 4666 657 4729 ptatem
697 4655 859 4710 habet
885 4653 1116 4708 amicitia
1146 4671 1161 4708 :
1188 4653 1347 4722 gestit
1372 4651 1565 4721 gaudio
1593 4651 1823 4705 amicum
1846 4651 2032 4715 videns

457 4759 515 4805 et
552 4746 866 4803 diffunditur
896 4762 909 4798 :
938 4759 1059 4798 cum
1090 4759 1155 4799 eo
1183 4743 1520 4812 conjungitur
1546 4741 1773 4813 quadam
1803 4742 2030 4812 conjun-

457 4842 639 4898 ctione
659 4880 676 4906 ,
701 4855 821 4910 quae
848 4837 1167 4893 ineffabilem
1195 4838 1373 4890 animo
1398 4836 1556 4890 habet
1580 4837 1906 4906 voluptatem
1939 4854 1951 4889 :
1979 4845 2035 4892 et

457 4933 505 4988 si
530 4931 703 4987 solum
729 4930 844 4998 ejus
871 4928 1193 4993 meminerit,
1223 4938 1397 4982 mente
1421 4926 1652 4997 assurgit
1675 4938 1729 4982 et
1751 4928 2029 4984 attollitur.

459 5025 539 5081 De
565 5021 833 5095 germanis
864 5020 1055 5089 loquor
1078 5019 1263 5073 amicis
1284 5059 1298 5084 ,
1329 5019 1417 5089 qui
1444 5027 1568 5072 sunt
1597 5019 1872 5073 unanimes
1896 5061 1911 5084 ,
1943 5021 2033 5089 qui

459 5133 559 5189 pro
597 5114 783 5171 amicis
823 5113 957 5168 mori
1002 5112 1295 5182 elegerint,
1326 5112 1414 5181 qui
1449 5112 1697 5167 ardenter
1724 5122 1925 5167 amant.
1958 5113 2035 5169 Ne

460 5210 614 5276 mihi,
633 5208 929 5277 cogitantes
949 5219 1042 5259 eos
1066 5204 1156 5274 qui
1182 5204 1367 5259 leviter
1386 5213 1583 5268 amant,
1609 5211 1666 5258 et
1687 5213 1810 5259 sunt
1836 5221 2036 5260 mensa:

460 5302 632 5366 socii,
662 5308 719 5357 et
744 5298 899 5354 amici
930 5297 1145 5352 nomine
1166 5338 1182 5361 ,
1215 5294 1531 5350 existimetis
1559 5310 1782 5364 arguere
1810 5296 1862 5350 id
1892 5296 2034 5367 quod

459 5396 673 5452 dicitur.
716 5391 775 5448 Si
816 5392 938 5463 quis
980 5389 1141 5444 liabet
1174 5388 1403 5442 amicum
1443 5387 1652 5456 qualem
1682 5388 1804 5443 dico
1828 5429 1843 5453 ,
1874 5389 2035 5444 verba

458 5494 715 5559 agnoscet
744 5503 757 5541 :
786 5493 842 5541 et
877 5485 922 5539 si
952 5498 1072 5538 eum
1106 5480 1340 5552 quotidie
1374 5479 1601 5547 viderit,
1633 5498 1736 5535 non
1767 5481 1990 5536 satiatur
2021 5500 2033 5536 :

460 5579 647 5637 eadem
692 5577 791 5649 ipsi
819 5592 939 5647 quae
974 5574 1180 5644 sibiipsi
1210 5581 1356 5642 optat
1389 5580 1440 5626 et
1477 5582 1743 5641 precatur.
1777 5572 1908 5627 Novi
1939 5588 2038 5643 ego

462 5648 744 5744 quemdam
770 5669 860 5739 qui
892 5682 988 5737 pro
1012 5669 1185 5721 amico
1212 5666 1353 5719 viros
1377 5677 1590 5720 sanctos
1618 5667 1835 5734 rogabat
1863 5674 1917 5719 ut
1943 5681 2037 5734 pro

467 5768 583 5838 ipso
620 5764 852 5836 primum
890 5767 1145 5826 orarent,
1179 5758 1369 5815 deinde
1412 5774 1505 5827 pro
1535 5772 1615 5813 se.
1649 5757 1813 5812 Tanta
1847 5750 1933 5813 res
1958 5768 2039 5813 cst

1120 316 1178 373 S.
1219 315 1494 373 JOANNIS
1525 310 1992 397 CIIRYSOSTOMI
2032 310 2343 365 ARClllEP.
2385 312 2917 370 CONSTANTINUP.

3601 320 3705 376 401

2128 421 2298 477 bonus
2337 424 2540 479 amicus
2564 467 2578 491 ,
2608 436 2665 481 ut
2700 437 2754 481 et
2798 428 2915 482 loca
2960 436 3014 484 et
3045 439 3283 499 tempora
3311 441 3528 502 propter
3555 434 3703 504 ipsos

2128 525 2392 571 amentur.
2444 517 2591 573 Sicut
2637 522 2779 574 enim
2826 536 2857 575 a
2904 522 3198 592 Splendidis
3240 527 3558 595 corporibus
3605 527 3704 584 llos

2128 618 2341 663 emanat
2380 609 2431 663 in
2464 612 2575 665 loca
2604 613 2773 667 vicina
2804 629 2819 666 :
2848 624 2917 667 ita
2956 613 3116 669 etiam
3153 617 3309 671 amici
3346 618 3413 671 ad
3449 619 3565 673 loca
3590 660 3606 685 ,
3635 620 3703 674 ad

2127 716 2248 770 qua:
2285 703 2646 767 accesserint,
2688 720 2839 759 suam
2883 707 3130 762 emittunt
3172 710 3395 778 gratiam
3425 728 3437 764 :
3465 720 3521 765 et
3562 726 3707 781 saepe

2127 806 2246 846 cum
2276 793 2476 864 absque
2505 796 2692 850 amicis
2720 796 2771 850 in
2800 797 2905 852 illis
2928 798 3062 853 locis
3091 800 3363 866 fuerimus,
3386 800 3598 871 ﬂemus,
3622 820 3707 859 re-

2126 883 2411 940 cordantes
2438 886 2645 941 dierum
2678 888 2728 943 in
2758 890 2950 960 quibus
2975 905 3097 945 cum
3126 892 3233 946 illis
3259 894 3452 948 versati
3479 910 3664 949 sumus
3685 936 3701 962 ,

2126 986 2180 1031 et
2204 979 2487 1048 gemimus.
2516 980 2707 1036 Verbis
2733 983 2985 1052 explicari
3012 999 3118 1039 non
3146 994 3325 1055 potest
3349 996 3599 1056 quantam
3624 986 3706 1041 af-

2126 1065 2231 1122 fert
2253 1067 2576 1138 voluptatem
2604 1081 2658 1125 et
2683 1070 2918 1127 laetitiam
2945 1075 3224 1143 przeseiitia
3253 1076 3546 1132 amicorum
3568 1093 3584 1131 :
3605 1078 3707 1133 soli

2126 1168 2305 1213 autem
2334 1160 2509 1215 sciunt
2534 1160 2626 1231 qui
2652 1164 3016 1232 experiuntur.
3051 1165 3119 1220 Et
3145 1167 3373 1237 gratiam
3405 1179 3585 1237 petere
3607 1210 3623 1237 ,
3651 1178 3707 1225 et

2125 1251 2352 1319 gratiam
2393 1252 2637 1322 accipere
2676 1253 2744 1308 ab
2786 1256 2963 1311 amico
3004 1256 3129 1312 licet
3161 1259 3294 1313 citra
3324 1260 3703 1330 suspicionem.

2128 1340 2351 1407 Quando
2380 1344 2533 1399 nobis
2564 1347 2858 1415 imperant,
2890 1357 3016 1405 tunc
3043 1350 3121 1405 eis
3151 1350 3410 1406 habemus
3434 1353 3659 1423 gratiam
3688 1371 3705 1410 :

2128 1432 2343 1502 quando
2370 1432 2613 1491 dubitant
2638 1446 2693 1493 et
2719 1449 2969 1494 verentur
2987 1480 3003 1506 ,
3031 1448 3160 1496 tunc
3188 1442 3397 1500 tristitia
3424 1444 3707 1503 efﬁcimur.

2127 1522 2270 1579 Nihil
2302 1524 2556 1582 habemus
2584 1529 2727 1599 quod
2757 1545 2861 1585 non
2892 1531 2963 1586 sit
2991 1532 3221 1588 illorum.
3257 1533 3446 1591 Omnia
3473 1553 3594 1607 quae
3621 1536 3708 1595 hic

2127 1624 2252 1670 sunt
2294 1631 2439 1689 saepe
2478 1616 2834 1688 despicientes
2859 1662 2874 1686 ,
2908 1633 3127 1693 propter
3155 1625 3275 1679 illos
3310 1626 3560 1683 nolumus
3584 1627 3709 1684 hinc

2128 1707 2392 1777 emigrare
2420 1726 2435 1763 :
2463 1718 2518 1765 et
2545 1710 2661 1766 luce
2692 1712 2804 1781 ipsa
2831 1712 2906 1767 illi
2932 1723 3058 1767 sunt
3083 1716 3250 1786 magis
3275 1716 3679 1775 desiderabiles.

2198 1797 2253 1852 4.
2297 1798 2499 1854 llevera
2550 1803 2694 1856 enim
2724 1803 2839 1874 ipsa
2864 1804 3025 1859 etiam
3053 1805 3172 1862 luce
3198 1817 3283 1864 est
3318 1810 3524 1865 amicus
3540 1810 3706 1884 ,desi-

2127 1889 2419 1948 derabilior
2448 1911 2461 1946 :
2513 1893 2703 1965 loquor
2726 1896 2794 1951 de
2819 1896 3032 1954 sincero
3060 1909 3114 1954 et
3139 1915 3417 1971 germano.
3463 1903 3575 1960 Nec
3601 1904 3704 1959 mi-

2129 1984 2267 2039 reris
2307 2002 2320 2038 :
2352 1986 2543 2041 melius
2573 1988 2716 2043 enim
2745 1998 2830 2043 est
2873 1998 2931 2044 ut
2959 1990 3037 2045 sol
3086 1993 3241 2048 nobis
3284 1994 3655 2064 ex‘stinguatur
3682 2036 3701 2064 ,

2126 2090 2284 2145 quam
2313 2087 2372 2132 ut
2411 2080 2681 2148 privemur
2722 2082 2938 2147 amicis;
2989 2084 3179 2140 melius
3207 2095 3289 2141 est
3317 2086 3509 2159 degere
3539 2088 3591 2144 in
3620 2097 3705 2145 te-

2130 2166 2352 2235 nebris,
2404 2168 2563 2238 quam
2613 2172 2801 2228 amicis
2853 2175 3093 2244 privari:
3135 2186 3192 2232 et
3244 2179 3515 2248 quomodo
3541 2219 3559 2247 ,
3604 2194 3706 2252 ego

2128 2258 2323 2314 dicam.
2352 2260 2498 2316 Multi
2526 2264 2695 2321 solem
2723 2265 2966 2324 videntes
2994 2278 3120 2325 sunt
3148 2270 3200 2325 in
3229 2271 3495 2339 tenebris;
3518 2274 3706 2330 amicis

2127 2361 2304 2407 autem
2334 2354 2576 2410 instructi
2608 2397 2623 2419 ,
2669 2373 2957 2429 numquam
3000 2361 3053 2415 in
3084 2363 3337 2418 aerumnis
3381 2373 3658 2420 versantur
3686 2383 3704 2422 :

2127 2442 2199 2497 de
2242 2444 2429 2499 amicis
2457 2445 2647 2516 loquor
2690 2450 3089 2519 spiritualibus,
3118 2454 3207 2523 qui
3238 2455 3366 2509 nihil
3416 2455 3706 2525 pra-ferunt

2128 2535 2396 2592 amicitite.
2443 2536 2589 2593 Talis
2617 2550 2733 2596 erat
2777 2540 2977 2598 Paulus
3000 2585 3015 2610 ,
3045 2545 3133 2614 qui
3182 2546 3416 2600 animam
3455 2562 3604 2601 suam
3636 2547 3705 2603 li-

2129 2622 2320 2679 benter
2368 2625 2641 2696 dedisset,
2690 2645 2791 2687 nec
2841 2643 3058 2703 rogatus
3098 2635 3259 2690 etiam
3307 2636 3358 2690 in
3405 2618 3704 2707 gehennam

2128 2717 2354 2773 libenter
2382 2720 2562 2775 ivisset
2587 2740 2601 2776 :
2629 2723 2699 2777 ita
2727 2724 2935 2779 ardenti
2953 2724 3277 2797 diligendum
3298 2736 3381 2784 est
3401 2728 3701 2786 affectione.

2128 2808 2263 2864 Volo
2292 2813 2592 2882 exemplum
2620 2814 2867 2873 amicitia:
2895 2816 3056 2873 dare:
3085 2830 3263 2889 patres
3301 2828 3355 2875 et
3381 2820 3517 2874 ﬁlios
3546 2835 3705 2892 supe-

2129 2914 2250 2959 rant
2294 2907 2492 2974 amici,
2539 2908 2737 2975 amici,
2786 2910 3036 2981 inquam,
3067 2911 3360 2967 secundum
3409 2912 3703 2969 Christum.

2127 2995 2205 3051 Ne
2246 2996 2377 3051 mihi
2423 2998 2563 3052 enim
2596 2999 2885 3079 hodiernos
2932 3002 3133 3057 amicos
3182 3003 3366 3069 dicas;
3412 3020 3535 3060 nam
3582 3021 3704 3061 cum

2127 3089 2251 3144 aliis
2296 3090 2397 3144 hoc
2442 3106 2657 3161 quoque
2705 3092 2903 3148 bonmn
2935 3096 3187 3161 recessit;
3234 3096 3330 3151 sed
3359 3097 3531 3167 cogita
3562 3097 3703 3168 quod

2128 3190 2369 3251 tempore
2413 3183 2775 3252 apostolorum
2801 3224 2817 3249 ,
2861 3201 2968 3239 non
2997 3185 3185 3256 loquor
3204 3186 3273 3241 de
3322 3188 3622 3258 eoryphmis
3649 3200 3706 3245 et
3774 3173 3781 3181 ’

2128 3276 2492 3346 principibus,
2538 3277 2635 3332 sed
2682 3276 2749 3332 de
2791 3278 2857 3333 iis
2884 3277 2974 3350 qui
3013 3279 3388 3346 crediderunt;
3421 3281 3703 3351 Omnium,

2127 3366 2318 3437 inquit,
2345 3378 2450 3423 erat
2474 3370 2645 3422 anima
2672 3387 2775 3424 una
2800 3381 2847 3424 et
2874 3388 2962 3426 cor
2989 3389 3164 3440 unum,
3186 3367 3237 3427 ét
3261 3390 3405 3429 nemo
3429 3376 3704 3446 quidquam

2127 3477 2190 3516 ea:
2216 3462 2277 3516 iis
2305 3478 2417 3531 qum
2446 3463 2654 3516 habebat
2684 3464 2877 3517 dicebat
2902 3480 3008 3519 esse
3037 3467 3337 3535 proprium;
3365 3478 3413 3521 et
3433 3468 3703 3524 distribue-

2125 3554 2275 3609 batur
2310 3554 2523 3626 singulis
2567 3565 2713 3627 prout
2743 3573 2870 3627 opus
2917 3556 3162 3611 habebant
3193 3557 3327 3625 (Act.
3360 3560 3415 3615 4.
3447 3560 3536 3614 52.
3585 3560 3700 3633 55).

2125 3645 2242 3702 Νοη
2269 3658 2385 3702 erat
2410 3657 2535 3702 tunc
2558 3663 2732 3701 meum
2759 3657 2813 3703 et
2846 3659 3010 3702 tuum.
3052 3649 3161 3705 lloe
3200 3659 3317 3705 erat
3341 3651 3571 3706 amicitia
3589 3692 3606 3718 ,
3633 3666 3704 3710 ne

2127 3743 2248 3812 quis
2274 3758 2391 3811 qua:
2436 3756 2531 3795 sua
2558 3751 2711 3795 erant
2738 3756 2831 3796 sua
2862 3742 3191 3797 existimaret
3214 3783 3227 3803 ,
3261 3743 3354 3798 sed
3399 3758 3520 3813 quae
3548 3752 3705 3799 erant

2129 3832 2353 3901 proximi
2380 3848 2393 3887 :
2422 3846 2541 3901 quae
2569 3842 2746 3887 autem
2773 3846 2866 3886 sua
2889 3870 2906 3897 ,
2941 3833 3110 3886 aliena
3138 3852 3152 3896 ;
3196 3844 3361 3903 utque
3406 3835 3546 3890 illius
3587 3838 3703 3893 ani-

2128 3938 2229 3977 mae
2255 3937 2405 3992 teque
2427 3932 2667 3992 parceret
2701 3932 2861 3992 atque
2888 3937 3032 3988 sum;
3078 3934 3132 3978 et
3162 3925 3251 3979 ille
3280 3925 3524 3981 similiter
3547 3942 3702 3981 enm-

2128 4013 2254 4068 dem
2274 4015 2442 4071 animi
2469 4017 2723 4073 affectum
2753 4018 2999 4075 ostenda.
3043 4017 3104 4071 Et
3133 4015 3356 4080 alicubi,
3383 4014 3703 4085 inquit,ﬁeri

2129 4114 2308 4176 potest
2332 4114 2387 4160 ut
2417 4104 2536 4159 talis
2566 4104 2905 4159 inveniatur?
2936 4105 3138 4169 Etiam;
3163 4105 3254 4159 sed
3282 4108 3403 4176 quia
3431 4109 3701 4176 nolumus,

2130 4195 2246 4251 ﬁeri
2272 4212 2379 4251 non
2407 4203 2584 4265 potest
2608 4214 2622 4251 :
2651 4206 2827 4266 potest
2852 4195 2993 4251 enim
3017 4194 3172 4251 facile
3201 4198 3313 4252 ﬁeri
3333 4239 3349 4262 ,
3378 4199 3422 4251 si
3449 4199 3701 4255 velimus.

2128 4289 2261 4346 Nam
2304 4289 2349 4344 si
2378 4289 2491 4343 ﬁeri
2519 4304 2624 4343 non
2656 4299 2871 4358 posset,
2902 4304 2969 4345 ne
3008 4288 3259 4358 jussisset
3302 4290 3514 4359 quidem
3545 4291 3704 4347 Chri-

2132 4392 2246 4437 stus
2267 4422 2280 4444 .
2311 4395 2410 4436 nec
2438 4389 2542 4433 tam
2573 4380 2733 4434 multa
2765 4380 2988 4436 dixisset
3018 4380 3086 4434 de
3114 4382 3358 4436 caritate.
3388 4382 3573 4453 Magna
3615 4397 3706 4439 res

2130 4481 2214 4528 est
2251 4470 2479 4525 amicitia
2503 4512 2519 4538 ,
2546 4479 2601 4526 et
2624 4486 2784 4541 quam
2826 4471 2895 4525 sit
2922 4487 3109 4541 magna
3131 4514 3146 4538 ,
3180 4487 3276 4526 nec
3305 4472 3512 4529 discere
3556 4474 3706 4545 quis-

2131 4579 2290 4635 quam
2311 4603 2328 4631 ,
2357 4577 2457 4618 nec
2478 4564 2648 4619 oratio
2675 4564 2780 4617 ulla
2807 4563 3074 4632 explicare
3102 4573 3297 4634 potest,
3323 4575 3515 4634 praeter
3535 4566 3705 4636 ipsam

2133 4658 2541 4727 experientiam.
2568 4656 2681 4711 Hoc
2713 4655 2839 4711 fecit
2869 4656 3102 4712 litereses
3121 4697 3137 4724 ,
3164 4656 3266 4713 hoc
3292 4658 3509 4714 Graecos
3529 4659 3706 4715 adhuc

2136 4750 2257 4804 facit
2286 4763 2408 4804 esse
2436 4747 2671 4804 Grmcos.
2720 4747 2820 4814 Qui
2851 4748 3057 4819 diligit,
3104 4765 3209 4802 non
3252 4750 3367 4803 vult
3394 4750 3660 4820 imperare
3687 4792 3705 4818 ,

2136 4858 2235 4898 nec
2263 4844 2630 4912 magistratum
2654 4856 2863 4911 gerere,
2884 4842 2980 4896 sed
3006 4842 3263 4911 majorem
3290 4841 3452 4897 habet
3479 4844 3705 4913 gratiam

2134 4935 2180 4989 si
2211 4933 2425 4989 obediat
2448 4942 2501 4987 et
2525 4933 2670 5002 jussa
2697 4942 3017 5003 exsequatur
3047 4952 3060 4988 :
3092 4934 3205 4988 vult
3228 4935 3394 5004 magis
3420 4934 3707 5003 gratiﬁcari

2135 5043 2295 5097 quam
2338 5025 2562 5097 gratiam
2612 5026 2892 5095 accipere:
2938 5026 3111 5095 diligit
3151 5026 3291 5081 enim
3320 5037 3374 5080 et
3399 5026 3549 5096 quasi
3598 5041 3707 5082 non

2135 5118 2396 5174 exsatiato
2425 5133 2522 5171 suo
2550 5116 2818 5173 desiderio
2841 5159 2856 5184 ,
2887 5119 2964 5173 sic
2995 5117 3244 5173 afﬁcitur.
3272 5116 3388 5173 Non
3422 5127 3528 5171 tam
3559 5117 3710 5172 laeta-

2136 5218 2223 5265 tur
2244 5208 2558 5264 beneficium
2586 5208 2875 5279 accipiens,
2896 5225 3054 5280 quam
3080 5209 3422 5265 benefaciens
3454 5225 3469 5263 :
3502 5208 3713 5264 mavult

2137 5300 2280 5354 enim
2310 5315 2429 5353 eum
2463 5298 2660 5355 habere
2689 5300 2790 5355 sibi
2816 5301 3123 5365 obnoxium,
3157 5316 3315 5371 quam
3346 5300 3446 5369 ipsi
3476 5299 3704 5364 debere;

2139 5393 2248 5446 imo
2275 5392 2475 5445 mavult
2502 5400 2557 5446 et
2586 5391 2685 5460 ipsi
2711 5391 2910 5447 debere
2928 5433 2941 5457 ,
2980 5402 3035 5447 et
3061 5393 3235 5461 ipsum
3272 5391 3471 5446 habere
3497 5389 3705 5445 debito-

2139 5498 2289 5548 rem;
2320 5491 2376 5537 et
2396 5483 2509 5537 vult
2534 5483 2821 5553 gratiﬁcari
2845 5493 2900 5538 et
2924 5500 3029 5537 non
3060 5484 3173 5538 vult
3198 5484 3366 5539 videri
3394 5481 3708 5553 gratiﬁcari,

2139 5575 2235 5635 sed
2264 5589 2384 5630 esse
2429 5577 2605 5644 potius
2652 5574 2881 5630 debitor.
2912 5574 3103 5630 Multos
3147 5590 3213 5630 ex
3259 5574 3412 5630 vobis
3456 5572 3706 5629 existimo

2141 5664 2278 5727 forte
2306 5666 2555 5737 ignorare
2598 5665 2739 5736 quod
2787 5665 2986 5721 dictum
3015 5674 3134 5732 est;
3184 5680 3405 5721 necesse
3435 5665 3598 5735 igitur
3627 5671 3713 5717 est

2142 5769 2199 5815 ut
2229 5770 2486 5830 repetam.
2512 5758 2638 5814 Vult
2670 5760 2815 5832 prior
2842 5759 3100 5815 beneﬁcio
3130 5758 3342 5815 afﬁcere
3367 5801 3382 5829 ,
3409 5767 3464 5814 et
3502 5771 3609 5814 non
3635 5755 3712 5811 vi-
