4114 6396
445 327 552 384 605

444 443 701 514 φορτικὴν
745 443 867 497 οὐδὲ
905 445 1142 517 ἐπαχθὲς
1183 448 1303 501 οὑδὲ
1338 449 1478 520 βαρὺ
1507 451 1629 503 οὑδὲ
1661 452 1872 522 κόμπον
1896 452 2020 521 ἕχον

444 531 865 598 ἀπεδειξάμεθα.
926 533 1037 587 Καὶ
1088 535 1168 598 τὸ,
1218 537 1321 589 Ἔν
1344 537 1515 603 μέσῳ
1544 537 1732 606 ὑμῶν,
1780 540 2025 593 τοιοῦτόν

441 621 613 680 ἐστιν,
667 618 743 681 ὡς
788 618 854 673 ἂν
894 621 1040 674 είποι
1083 638 1187 685 τις,
1222 623 1281 686 ἐξ
1310 623 1486 693 ὑμῶν,
1510 625 1632 694 οὐχὶ
1665 624 1761 696 τὴν
1794 626 1907 678 ἄνω
1925 625 2024 679 λα-

442 708 633 771 ϐόντες
664 707 840 777 λῆξιν.

523 798 619 862 Ὠς
664 796 775 851 ἐὰν
842 799 1081 868 τροφὸς,
1136 800 1291 871 φησὶ,
1337 802 1538 871 θάλπῃ
1568 802 1642 858 τὰ
1666 803 1891 873 ἑαυτῆς
1918 804 2012 858 τέ-

442 899 582 936 mm.
654 886 811 938 Οῦτω
861 886 941 940 δεῖ
985 886 1076 941 τὸν
1099 887 1418 943 διδάσκαλον
1444 886 1605 945 εἶναι.
1640 893 1787 961 Μὴὴ
1819 891 2021 961 τροφὸς

437 970 748 1037 κολακεύει,
776 973 861 1024 ἵνα
891 972 1050 1044 δόξης
1076 974 1246 1045 τύχῃ;
1281 978 1355 1046 μὴ
1389 978 1649 1047 χρήματα
1692 981 1834 1031 αἰτεῖ
1866 980 2020 1050 παρά

438 1059 549 1111 τῶν
574 1060 784 1113 παίδων
819 1060 930 1114 τῶν
963 1063 1177 1134 μικρῶν
1202 1081 1217 1131 ;
1243 1065 1316 1134 μὴ
1343 1065 1533 1136 βαρεῖα
1566 1066 1750 1129 αὑτοῖς
1777 1067 1894 1120 ἐστι
1924 1068 2021 1120 καὶ

436 1150 709 1220 φορτικῆς
740 1151 860 1221 οὐχὶ
895 1151 1092 1221 μᾶλλον
1113 1151 1221 1205 τῶν
1255 1155 1509 1225 μητέρων
1541 1155 1653 1208 είσὶ
1682 1160 1976 1227 προσηνεῖς
2000 1175 2041 1223 ;_

451 1235 720 1291 Ἐνταῦθα
744 1241 844 1309 τὴν
867 1240 1256 1313 φιλοστοργίαν
1289 1242 1583 1298 δείκνυσιν.
1612 1245 1795 1309 Οὕτω,
1826 1248 2013 1315 φησὶν,

434 1324 789 1392 ίμειρόμενοι
820 1326 1007 1395 ὑμῶν,
1035 1331 1334 1388 τουτέστιν.
1361 1332 1754 1402 ἐπιθυμοῦντες
1778 1350 1791 1364 ·
1844 1334 2019 1399 οὑτως

435 1410 566 1480 ὑμῖν
617 1413 1040 1485 προσδεδέμεθα,
1074 1418 1257 1487 φησὶν,
1279 1419 1360 1472 ὃτι
1389 1421 1450 1473 οὑ
1482 1420 1643 1488 μόνον
1672 1421 1827 1474 οὐδὲν
1860 1422 2005 1491 λαμ-

437 1499 692 1568 βάνωμεν
716 1541 731 1564 ,
758 1500 874 1553 ἀλλ’
921 1502 970 1554 εί
1002 1503 1084 1555 δεῖ
1108 1506 1318 1569 καὶτὰς
1341 1505 1520 1575 ψυχάς
1543 1507 1886 1577 μεταδοῦναι,
1910 1510 2013 1562 οὑκ

430 1584 502 1638 ἂν
549 1588 1014 1659 παρῃτησάμεθα.
1055 1591 1228 1646 Τοῦτο
1270 1589 1383 1656 οὖν,
1434 1595 1557 1647 εἰπέ
1599 1612 1710 1665 μοι,
1738 1596 2014 1665 ἀνθρωπί-

427 1688 530 1742 νης
586 1674 865 1743 διανοίας;
911 1678 1006 1730 καὶ
1045 1679 1130 1743 τίς
1166 1680 1340 1743 οὕτως
1373 1684 1624 1753 ἀνόητος,
1647 1682 1723 1746 ὡς
1751 1683 1910 1736 τοῦτο
1934 1685 2011 1736 εί-

429 1762 591 1829 πεῖν;
618 1763 1023 1833 Εὐδοκοῦμεν,
1051 1769 1205 1838 φησὶ.
1220 1770 1583 1837 μεταδοῦναι
1609 1773 1770 1840 ὑμῖν,
1803 1774 1875 1825 οὐ
1898 1775 2008 1839 μό-

426 1865 541 1903 νον
568 1850 635 1903 τὸ
661 1852 1029 1922 Εὐαγγέλιον
1052 1856 1159 1909 τοῦ
1189 1858 1371 1922 Θεοῦ,
1400 1860 1564 1914 ἀλλὰ
1596 1861 1692 1912 καὶ
1723 1858 1874 1930 [4571
1902 1861 2009 1926 τὰς

433 1936 668 1991 ἑαυτῶν
703 1940 929 2008 ψυχάς.
962 1941 1125 1995 Ὥστε
1163 1944 1322 1997 τοῦτο
1344 1946 1527 2014 μεῖζον
1556 1947 1787 1999 ἐκείνου.
1820 1947 1927 2000 Καὶ
1955 1946 2007 1998 τί

426 2023 489 2075 τὸ
509 2025 699 2094 κέρδος
720 2043 734 2090 ;
771 2028 905 2080 ’Λπδ
926 2029 1024 2099 μὲν
1044 2032 1152 2101 γάρ
1165 2030 1257 2084 τοῦ
1276 2032 1627 2100 Εὑαγγελίου,
1647 2032 1856 2101 κέρδος·
1874 2032 1934 2085 τὸ
1950 2033 2005 2084 δέ

426 2111 524 2180 τὴν
550 2112 730 2184 ψυχὴν
763 2114 970 2182 δοῦναι,
1001 2118 1144 2171 κατὰ
1187 2119 1286 2188 τὴν
1307 2120 1595 2172 δυσκολίαν
1638 2119 1822 2190 μεῖζον
1852 2121 2001 2173 ἐκεί-

425 2215 540 2252 νου.
587 2201 662 2252 υὺ
692 2202 799 2273 γάρ
832 2202 982 2256 ἐστιν
1029 2205 1143 2258 ίσον
1183 2206 1371 2270 ἁπλῶς
1408 2206 1666 2277 κηρῦξαι,
1703 2209 1796 2260 καὶ
1824 2208 2003 2280 ψυχὴν

424 2285 607 2339 δοῦναι
635 2304 649 2317 ·
684 2289 859 2341 ἐκεῖνο
884 2290 983 2356 μὲν
1001 2291 1473 2364 γάρτιμιὼτερον,
1498 2294 1657 2348 τοῦτο
1678 2296 1733 2347 δέ
1758 2296 2003 2360 πλείονος

424 2372 708 2437 δυσκολίας
760 2372 864 2445 ἦν.’
914 2378 1297 2447 Ἐϐουλόμεθα,
1342 2383 1526 2450 φησὶν,
1556 2383 1695 2451 εἴγε
1724 2385 1872 2454 ἐνῆν,
1904 2386 2000 2437 καὶ

423 2462 523 2524 τὰς
552 2462 731 2533 ψυχὰς
755 2465 837 2527 εἰς
868 2465 1013 2536 ὑμᾶς
1038 2468 1294 2524 κενῶσαι.
1343 2471 1494 2523 Ἐπεὶ
1520 2468 1612 2523 οὖν
1642 2472 1872 2542 ἐπῄνεσε
1906 2473 2000 2526 καὶ

425 2548 657 2613 ἐπαινεῖ,
690 2551 778 2604 διά
798 2553 958 2605 τοῦτο
986 2552 1154 2624 λέγει,
1186 2557 1267 2608 ὅτι
1299 2557 1373 2608 Ού
1401 2560 1659 2627 χρήματα
1685 2558 1997 2628 ζητοῦντες,

423 2637 484 2687 οὑ
535 2638 919 2703 κολακεύοντες
955 2642 1121 2711 ὑμᾶς,
1163 2645 1225 2697 οὑ
1282 2644 1440 2715 δόξης
1485 2647 1785 2717 ἐφιέμενοι,
1842 2649 1999 2702 τοῦτο

424 2724 709 2796 ποιοῦμεν.
736 2728 878 2798 Ὅρα
900 2730 1006 2800 γάρ
1028 2748 1041 2762 ·
1060 2732 1109 2783 εἰ
1142 2731 1312 2785 πολλά
1336 2728 1478 2802 ἦσαν
1519 2734 1874 2804 ἀθλήσαντες,
1904 2738 1997 2789 καὶ

422 2813 746 2883 παραδόξως
765 2816 875 2868 ἔδει
893 2818 1093 2881 αὑτοὺς
1114 2820 1465 2890 ἐπαινεθῆναι
1482 2823 1575 2875 καὶ
1594 2822 1994 2894 θαυμασθῆναι,

421 2898 565 2954 ὥστε
623 2905 1015 2976 στερροτέρους
1059 2907 1337 2974 γενέσθαι,
1383 2906 1531 2979 εἶχεν
1559 2913 1587 2964 ὁ
1612 2911 1832 2976 ἔπαινος
1862 2912 1995 2966 ὑπο-

419 2988 571 3058 ψίαν.
600 2992 699 3045 Διά
740 2992 920 3057 τοῦτο,
967 2994 1408 3068 ἀποκρουόμενος
1435 3000 1535 3069 τὴν
1566 3000 1823 3070 ὑποψίαν,
1868 3003 1995 3067 τοὺς

418 3078 698 3142 κινδύνους
743 3079 914 3149 λέγει.
980 3083 1091 3136 Καὶ
1127 3084 1312 3151 πάλιν,
1361 3086 1448 3139 ἵνα
1505 3087 1580 3158 μὴ
1628 3088 1859 3159 νομισθῇ
1903 3088 1991 3143 διὰ

418 3164 577 3219 τοῦτο
604 3169 731 3231 τοὺς
776 3169 1059 3234 κινδύνους
1095 3172 1296 3241 λέγειν,
1340 3173 1417 3237 ὡς
1460 3176 1687 3245 κάμνων
1727 3176 1867 3248 ὑπὲρ
1894 3178 1991 3230 αὑ-

416 3254 545 3317 τῶν,
571 3258 667 3310 καὶ
693 3257 927 3327 ὀφείλων
971 3260 1272 3332 τιμηθῆναι
1313 3263 1443 3332 παρ’
1476 3262 1678 3328 αὑτῶν,
1709 3264 1851 3334 ὑπὲρ
1872 3264 1991 3317 τούς

416 3360 534 3405 του,
568 3345 705 3414 μετά
728 3346 787 3398 τὸ
816 3348 989 3399 εἰπεῖν
1011 3348 1141 3410 τοὺς
1176 3348 1484 3415 κινδύνους,
1513 3352 1760 3421 ἐπήγαγε
1784 3366 1798 3378 ·
1832 3355 1989 3407 Διότι

415 3430 709 3501 ἀγαπητοί
727 3432 874 3501 ἡμῖν
896 3436 1239 3503 γεγένησθε·
1273 3436 1449 3507 δηλῶν
1482 3438 1563 3491 ὅτι
1594 3440 1681 3505 διᾶι
1706 3438 1866 3493 τοῦτο
1894 3442 1991 3494 καὶ

416 3520 516 3583 τὰς
574 3520 750 3590 ψυχάς
784 3521 955 3591 ἡδέως
989 3522 1056 3576 ἀν
1098 3525 1227 3594 ὑμῖν
1272 3525 1483 3596 ἔδομεν,
1506 3528 1587 3580 ὅτι
1611 3528 1824 3599 Σφόδρα
1861 3531 1991 3599 ὑμῖν

416 3607 842 3679 προσεδέθημεν.
866 3610 939 3662 Τὸ
961 3611 1061 3679 μὲν
1105 3607 1199 3665 οὖν
1216 3613 1566 3682 Εὑαγγέλιον,
1598 3617 1785 3687 ἐπειδὴ
1806 3620 1833 3670 ό
1857 3618 1989 3683 Θεὸς

415 3693 692 3757 ἐκέλευσε,
727 3696 1199 3768 καταγγέλλομεν·
1236 3699 1489 3753 τοσοῦτον
1523 3702 1579 3755 δὲ
1626 3703 1767 3773 ὑμᾶς
1800 3704 1988 3774 φιλοῦ-

418 3797 540 3848 μεν,
565 3782 647 3834 ὅτι
676 3784 723 3834 εί
752 3783 899 3853 ἐνῆν,
944 3784 1037 3836 καὶ
1067 3784 1164 3849 τὰς
1187 3785 1365 3857 ψυχὰς
1396 3786 1806 3859 ἀν’ἐδώκαμεν.
1830 3792 1989 3847 Οῦτω

413 3869 493 3921 δεῖ
517 3869 690 3937 φιλεῖν
710 3869 800 3922 τὸν
827 3871 1107 3940 φιλοῦντα,
1130 3873 1227 3938 ὡς,
1250 3876 1299 3927 εί
1328 3876 1424 3929 καὶ
1441 3877 1541 3947 τὴν
1563 3877 1741 3948 ψυχὴν
1764 3880 1984 3949 αίτηθῇ,

413 3957 511 4008 καὶ
547 3957 773 4011 δυνατὸν
798 3953 856 4032 ᾗ,
888 3960 963 4030 μὴ
1007 3960 1269 4017 κωλῦσαι.
1300 3964 1365 4016 Τί
1390 3963 1556 4032 λέγω,
1591 3965 1788 4037 αίτηθῇ
1822 3984 1836 4032 ;
1870 3969 1987 4022 ἀλλ’

412 4042 554 4096 ῶστε
588 4044 753 4098 αὑτὸν
783 4048 1094 4119 ἐπιτρέχειν
1120 4051 1186 4119 τῇ
1215 4050 1440 4123 τοιαύτῃ
1469 4051 1633 4105 δόσει.
1664 4052 1833 4106 Οὐδὲν
1855 4058 1982 4126 γὰρ,

412 4131 564 4183 οὐδὲν
618 4133 718 4201 τῆς
762 4136 1020 4205 τοιαύτης
1041 4136 1265 4207 ἀγάπης
1292 4138 1627 4210 γλυκύτερον
1648 4143 1847 4208 γένοιτ’
1879 4146 1945 4196 ἀν
1964 4157 1981 4174 ·

410 4217 565 4270 οὑδέν
616 4220 731 4271 ἐκεῖ
767 4219 1008 4292 λυπηρὸν
1041 4228 1421 4293 συμπεσεῖται.
1457 4228 1665 4289 Ὄντως
1702 4231 1854 4299 φίλος
1880 4249 1971 4283 πι-

414 4307 537 4368 στὸς
583 4307 873 4378 φάρμακον
920 4309 1101 4380 ζωῆς·
1160 4313 1331 4377 ὅντως
1370 4315 1522 4384 φίλος
1571 4318 1765 4381 πιστὸς
1805 4319 1983 4391 σκέπη

412 4396 667 4465 κραταιά.

484 4480 549 4535 Τί
583 4484 690 4552 γὰρ
729 4484 831 4537 οὑκ
874 4486 941 4539 ἂν
993 4488 1287 4558 ἐργάσαιτο
1316 4490 1470 4559 φίλος
1520 4493 1743 4559 γνήσιος
1766 4512 1780 4553 ;
1807 4495 1982 4567 πόσην

412 4569 515 4639 μὲν
541 4570 641 4621 οὑκ
668 4571 731 4623 ἂν
759 4573 1112 4645 ἐμποιήσειεν
1134 4576 1330 4646 ἡδονήν
1360 4593 1374 4641 ;
1396 4579 1569 4648 πόσην
1592 4581 1647 4633 δὲ
1670 4582 1941 4650 ὠφέλειαν
1963 4601 1978 4651 ;

411 4655 587 4725 πόσην
609 4657 666 4709 δέ
694 4659 1027 4727 ἀσφάλειαν;
1057 4660 1175 4713 Κᾶν
1205 4663 1430 4735 μυρίους
1468 4663 1774 4737 θησαυροὺς
1797 4669 1979 4742 εἴπῃς,

410 4743 566 4797 οὐδὲν
599 4746 850 4812 ἀντάξιον
881 4748 1104 4818 γνησίου
1129 4749 1305 4818 φίλου.
1343 4751 1451 4803 Καὶ
1476 4754 1544 4806 τὰ
1564 4755 1736 4826 αὑτῆς
1764 4758 1982 4828 πρῶτον

410 4832 656 4903 εἴπωμεν
709 4833 810 4902 τῆς
852 4835 1035 4903 φιλίας
1080 4838 1252 4907 πόσην
1294 4838 1407 4908 ἔχει
1448 4839 1547 4910 τὴν
1591 4842 1807 4914 ἡδονήν.
1839 4846 1979 4899 Γάν-

411 4937 568 4974 νυται
589 4922 731 4991 ὀρῶν
770 4924 933 4976 αὑτὸν
956 4936 981 4963 ι
1012 4924 1106 4977 καὶ
1124 4924 1412 4995 διαχεῖται,
1445 4928 1821 4997 συμπλέκεται
1843 4950 1981 5003 συμ-

410 5008 618 5077 πλοκὴν
650 5008 799 5081 αύτῷ
835 5027 956 5062 τινα
989 5012 1129 5065 κατά
1155 5014 1255 5083 τὴν
1279 5014 1456 5084 ψυχὴν
1482 5015 1721 5087 ἄρρητον
1751 5019 1980 5089 ἔχουσαν

409 5097 508 5165 τὴν
537 5096 727 5166 ἡδονήν
752 5112 764 5124 '
811 5098 916 5151 xiv
954 5100 1274 5172 ἀναμνησθῇ
1311 5103 1471 5171 μόνον
1499 5105 1684 5170 αὑτοῦ,
1728 5106 1977 5180 διανέστη

409 5186 474 5252 τῇ
522 5183 727 5253 διανοίᾳ
767 5185 863 5237 καί
909 5187 1286 5257 άνεπτερὼθη.
1330 5190 1463 5262 Περὶ
1492 5192 1599 5245 τῶν
1631 5194 1803 5263 φίλων
1836 5196 1980 5265 λέγω

409 5270 520 5323 τῶν
573 5272 834 5342 γνησίων,
868 5274 977 5326 τῶν
1012 5276 1329 5348 ὀμοψύχων,
1366 5280 1477 5333 τῶν
1514 5282 1855 5353 αἱρουμένων
1884 5289 1981 5340 καὶ

410 5359 865 5428 ὐπεραποθανεῖν,
887 5361 994 5415 τῶν
1016 5362 1235 5434 θερμῶς
1269 5367 1589 5433 φιλούντων.
1613 5372 1701 5441 Μή
1738 5389 1827 5441 μοι
1855 5376 1980 5437 τοὺς

408 5446 596 5509 ἁπλῶς
620 5447 905 5516 φιλοῦντας
928 5451 1255 5514 ἐννοοῦντες,
1282 5454 1376 5506 καὶ
1392 5458 1679 5519 κοινωνοὺς
1712 5458 1822 5511 τῶν
1840 5477 1871 5511 τ
1880 5478 1982 5530 ρα-

413 5533 617 5598 πεζῶν,
664 5537 758 5589 καὶ
816 5537 926 5590 ἀπὸ
972 5541 1346 5611 προσηγορίας
1373 5543 1580 5611 φίλους,
1614 5546 1864 5615 νομίζετε
1888 5548 1981 5599 τὸν

409 5619 565 5689 λόγον
591 5622 929 5693 ἐλέγχεσθαι.
976 5626 1047 5679 Et
1080 5644 1163 5691 τις
1208 5627 1321 5698 ἔχει
1351 5630 1503 5698 φίλον
1530 5627 1642 5685 οἷον
1664 5633 1828 5702 λέγω,
1855 5636 1984 5689 ἐπι-

474 5786 499 5812 ¹¹
535 5784 617 5834 Sic
654 5786 968 5860 polbeﬂinus
1015 5805 1142 5860 unus
1185 5799 1340 5860 remp.
1386 5792 1517 5844 Εὐίιὶ
1568 5808 1689 5845 vero
1731 5798 1854 5860 ὀρῶν
1896 5802 1986 5850 αύ-

410 5847 513 5906 τὴν.
537 5850 667 5908 Quod
687 5863 796 5900 cum
821 5860 952 5902 recta
970 5858 1101 5904 serie
1122 5855 1389 5917 pugnabat.

1301 334 1369 388 IN
1410 335 1679 393 EPISTJ
1717 338 1809 392 AD
1847 335 2183 394 THESSAL.
2226 342 2460 403 CAPJI.
2487 345 2715 401 HOMIL.
2762 347 2823 401 11.

3596 355 3705 414 404

2126 453 2396 521 γνώσεται
2436 459 2506 511 τά
2550 463 2802 532 ρηματα·
2854 461 2957 517 κᾶν
2986 463 3072 538 ἴδῃ
3111 463 3301 519 τοῦτον
3321 466 3444 521 καθ’
3470 466 3712 542 ἑκάστην

2131 544 2369 616 ἡμέραν,
2418 549 2520 601 οὑκ
2571 551 2949 619 ἐμπίπλαται·
2991 552 3166 607 ταῦτα
3203 554 3354 626 αὑτῷ
3393 557 3709 629 ἐπεύχεται.

2129 633 2274 704 άπερ
2321 637 2414 689 καὶ
2454 640 2653 710 ἐαυτῷ.
2689 635 2817 693 Οἶδα
2839 640 2951 710 ἐγώ
2971 659 3113 702 τινα,
3139 642 3198 706 ὃς
3234 644 3374 715 ὑπὲρ
3396 646 3550 715 φίλου
3580 649 3710 711 τοὺς

2128 720 2320 789 ἁγίους
2344 726 2546 797 ἀνδρας
2575 730 2931 798 παρακαλῶν,
2959 732 3261 803 παρεκάλει
3293 731 3556 804 εὔχεσθαι
3573 736 3709 807 πρό-

2125 825 2284 881 τερον
2338 812 2478 884 ὑπὲρ
2515 815 2704 879 αὑτοῦ,
2735 819 2829 870 καὶ
2868 818 2990 871 τότε
3021 820 3159 891 ὑπὲρ
3188 820 3405 875 ἑαυτοῦ.
3437 822 3709 875 Τοσοῦτόν

2125 897 2242 948 ἐστι
2299 898 2451 968 φίλος
2513 903 2738 970 ἀγαθὸς,
2792 905 2867 967 ὼς
2897 906 2992 958 καὶ
3026 905 3224 969 τόπους
3245 906 3339 959 καὶ
3368 908 3597 977 χρόνους
3617 926 3707 979 φι-

2123 982 2332 1039 λεῖσθαι
2366 987 2432 1041 δι’
2457 989 2642 1043 αὑτόν.
2672 991 2941 1062 Καθάπερ
2972 993 3081 1063 γάρ
3101 994 3170 1046 τὰ
3194 993 3424 1065 λαμπρά
3466 994 3577 1049 τῶν
3606 1013 3707 1048 σω-

2128 1075 2315 1145 μάτων
2340 1077 2502 1142 ἄνθος
2524 1081 2759 1152 άπορρεῖ
2790 1083 2870 1146 εἰς
2899 1086 3025 1145 τοὺς
3055 1084 3285 1154 πλησίον
3309 1086 3531 1149 τόπους,
3557 1086 3704 1141 οὕτω

2120 1163 2214 1215 καὶ
2247 1166 2294 1216 οί
2347 1164 2513 1234 φίλοι,
2554 1162 2635 1231 οἷς
2674 1168 2739 1221 ἂν
2764 1170 3183 1240 παραγένωνται
3215 1172 3421 1236 τόποις,
3446 1172 3546 1244 τὴν
3572 1173 3703 1227 ἐαυ-

2118 1250 2228 1303 τῶν
2274 1253 2434 1324 χάριν
2469 1254 2682 1322 ἀφιᾶσι.
2734 1257 2845 1308 Καὶ
2884 1258 3145 1321 πολλάκις
3175 1260 3344 1328 χωρὶς
3372 1258 3542 1327 φίλων
3572 1261 3698 1314 ἐπι-

2120 1341 2345 1403 στάντες
2377 1344 2488 1404 τοῖς
2522 1343 2708 1407 τόποις
2740 1345 2990 1409 ἐκείνοις,
3019 1347 3396 1417 ἐδακρύσαμεν
3424 1348 3534 1401 τῶν
3553 1351 3696 1420 ἡμε-

2120 1427 2227 1497 ρῶν
2246 1429 2707 1499 ἀναμνησθέντες,
2728 1434 2784 1484 ἐν
2810 1426 2898 1495 αἷς
2924 1435 3345 1504 συνεγενόμεθα,
3371 1434 3465 1489 καὶ
3486 1437 3698 1492 ἐστενάι-

2118 1513 2308 1585 ξαμεν.
2334 1514 2483 1589 [458]
2517 1519 2631 1571 Οὑκ
2656 1519 2731 1572 ἔνι
2749 1522 2826 1590 τῷ
2850 1521 2990 1591 λόγῳ
3009 1524 3355 1592 παραστῆσαι
3385 1523 3483 1595 τὴν
3498 1524 3695 1596 ἡδονὴν

2113 1602 2248 1673 ὅσην
2300 1606 2542 1675 ἐντίθησι
2585 1611 2861 1678 παρουσία
2901 1611 3070 1678 φίλων
3096 1627 3111 1642 ο
3147 1612 3299 1681 μόνοι
3324 1611 3381 1664 δὲ
3405 1614 3453 1665 οί
3494 1616 3693 1684 πεῖραν

2114 1689 2329 1759 ἔχοντες
2367 1693 2533 1747 ἴσασι.
2566 1695 2680 1748 Καὶ
2715 1697 2878 1767 χάριν
2894 1698 3141 1766 αἰτῆσαι,
3174 1700 3271 1751 καὶ
3309 1700 3471 1769 χάριν
3505 1699 3692 1753 λαϐεῖν

2112 1780 2437 1845 ἀνυπόπτως
2464 1784 2615 1853 παρά
2644 1785 2799 1853 φίλου
2828 1784 2928 1838 ἔνι.
2964 1785 3134 1838 Ὅταν
3164 1788 3297 1857 ἡμῖν
3329 1787 3686 1850 ἐπιτάττωσι,

2108 1867 2231 1920 τότε
2309 1869 2494 1931 αὑτοῖς
2572 1871 2735 1940 χάριν
2790 1871 3134 1941 ἴσμεν·ὃταν
3184 1873 3242 1926 δὲ
3289 1873 3512 1935 ὀκνῶσι,
3560 1873 3687 1929 τότε

2106 1956 2363 2024 ἀλύομεν.
2385 1958 2550 2012 Οὑδέν
2574 1958 2769 2028 ἔχομεν
2790 1961 2926 2031 ὅπερ
2947 1961 3021 2031 μὴ
3049 1961 3276 2014 ἐκείνων
3302 1961 3437 2015 ἐστί.
3459 1962 3687 2018 Πάντων

2107 2044 2368 2108 πολλάκις
2392 2045 2498 2099 τῶν
2540 2046 2776 2100 ἐνταῦθα
2806 2049 3298 2119 καταφρονοῦντες,
3330 2049 3397 2103 δι’
3436 2050 3684 2116 ἐκείνους

2105 2132 2167 2186 οὐ
2242 2132 2543 2203 βουλόμεθα
2607 2135 2862 2189 ἀπελθεῖν
2888 2126 3173 2189 ἐντεῦθεν·
3242 2139 3338 2191 καὶ
3378 2137 3475 2190 τοῦ
3502 2137 3683 2208 φωτὸς

2105 2222 2303 2274 ἐκεῖνοι
2337 2220 2723 2294 ποθεινότεροι.

2174 2330 2286 2382 Καὶ
2318 2328 2427 2400 γάρ
2454 2329 2623 2390 ὄντως
2661 2330 2752 2382 καὶ
2782 2329 2875 2382 τοῦ
2918 2330 3093 2397 φωτὸς
3118 2331 3281 2384 αὑτοῦ
3308 2332 3679 2403 ποθεινότερος

2102 2418 2256 2486 φίλος
2278 2435 2293 2449 ·
2324 2420 2414 2470 τὸν
2439 2420 2655 2490 γνήσιον
2682 2420 2845 2485 λέγω.
2871 2422 2977 2473 Καὶ
3005 2421 3078 2489 μὴ
3115 2420 3433 2491 θαυμάσῃς·
3470 2421 3679 2491 βέλτιον

2100 2506 2208 2576 γάρ
2231 2509 2361 2576 ἡμῖν
2391 2507 2679 2577 σϐεσθῆναι
2708 2509 2799 2560 τὸν
2828 2509 2997 2577 ἥλιον,
3040 2510 3073 2577 ἢ
3105 2509 3273 2576 φίλων
3305 2509 3680 2580 ἀποστερηθῆ-
3750 2572 3751 2575 η

2099 2613 2219 2649 ναι·
2248 2596 2454 2666 βέλτιον
2498 2599 2557 2649 ἐν
2581 2598 2757 2668 σκότῳ
2786 2597 3012 2665 διάγειν,
3037 2598 3069 2667 ἦ
3110 2597 3278 2666 φίλων
3305 2593 3444 2651 εἶναι
3467 2598 3635 2669 χωρίς
3659 2614 3674 2629 ·

2099 2685 2192 2736 καὶ
2225 2684 2363 2745 πῶς,
2399 2682 2509 2752 ἐγὼ
2545 2683 2709 2751 λέγω.
2755 2685 2875 2736 Ὅτι
2924 2684 3111 2737 πολλοὶ
3138 2685 3230 2738 τὸν
3254 2685 3406 2756 ἥλιον
3438 2685 3677 2756 ὁρῶντες

2099 2773 2156 2825 ἐν
2182 2774 2358 2843 σκότῳ
2398 2774 2529 2835 είσὶ,
2562 2774 2732 2842 φίλων
2761 2774 2818 2827 δὲ
2839 2774 3219 2845 εὐποροῦντες,
3256 2776 3365 2828 οὐδ’
3386 2774 3453 2828 ἂν
3474 2776 3533 2827 ἐν
3561 2773 3675 2827 θλί-

2095 2862 2185 2931 ψει
2206 2863 2472 2930 γένοιντο·
2500 2881 2564 2916 πε
2575 2864 2626 2934 ρὶ
2656 2864 2823 2933 φίλων
2838 2863 2981 2931 λέγω
3003 2864 3110 2917 τῶν
3134 2864 3541 2934 πνευματικῶν,
3563 2863 3676 2916 τῶν

2096 2950 2248 3001 οὐδὲν
2276 2950 2667 3021 προτιμώντων
2701 2950 2903 3018 φιλίας.
2925 2952 3177 3015 Τοιοῦτος
3228 2951 3439 3014 Παῦλος
3466 2948 3555 3023 ἦν,
3577 2952 3674 3005 καὶ

2094 3037 2194 3107 τὴν
2224 3039 2401 3107 ψυχὴν
2447 3039 2620 3109 ἡδέως
2656 3038 2831 3103 διδοὺς
2863 3041 2963 3110 τὴν
3014 3039 3231 3102 ἑαυτοῦ,
3272 3040 3369 3093 καὶ⁵
3400 3040 3473 3109 μὴ
3514 3042 3674 3108 αίτη-

2096 3125 2229 3191 θεὶς,
2258 3128 2350 3180 καὶ
2382 3129 2462 3190 είς
2494 3129 2720 3196 γέενναν
2746 3129 2919 3199 ἡδέως
2949 3128 3015 3182 ἂν
3047 3130 3361 3183 ἐνέπιπτεν.
3388 3129 3546 3183 Οῦτω
3565 3130 3672 3201 χρὴ

2094 3212 2268 3282 φιλεῖν
2313 3215 2551 3267 διαθέσει
2612 3216 3007 3287 πεπυρωμένῃ.
3062 3215 3334 3285 Βούλομαι
3369 3216 3672 3285 ὑπόδειγμα

2090 3302 2272 3356 δοῦναι
2305 3304 2508 3372 φιλίας’
2536 3306 2781 3376 πατέρας
2810 3306 2903 3358 καὶ
2924 3305 3073 3367 υἱοὺς
3093 3305 3475 3375 ὑπερϐαίνουσι
3501 3304 3668 3373 φίλοι,

2092 3389 2236 3457 φίλοι
2269 3392 2318 3443 οἱ
2366 3392 2506 3445 κατά
2529 3390 2783 3462 Χριστόν.
2811 3391 2902 3461 Μὴ
2926 3392 3035 3461 γάρ
3079 3408 3167 3461 μοι
3211 3393 3337 3454 τοὺς
3361 3391 3455 3444 νῦν
3482 3392 3667 3464 εἴπῃς,

2090 3479 2171 3532 ὅτι
2218 3480 2354 3550 μετὰ
2410 3481 2520 3533 τῶν
2578 3480 2755 3534 ἄλλων
2807 3484 2901 3535 καὶ
2945 3480 3103 3535 τοῦτο
3128 3481 3337 3551 ἀπέστη
3378 3481 3439 3533 τὺ
3471 3481 3664 3535 καλόν·

2089 3567 2204 3620 ἀλλ’
2237 3569 2491 3638 ἐννόησον
2524 3569 2606 3621 ὅτι
2644 3568 2869 3622 ἐπὶτῶν
2901 3568 3239 3633 ἀποστόλων,
3275 3570 3337 3622 οὑ
3369 3569 3512 3635 λέγω
3538 3569 3669 3633 τοὺς

2088 3656 2443 3727 κορυφαίους,
2477 3655 2593 3709 ἀλλ’
2627 3656 2829 3720 αὐτοὺς
2872 3657 3001 3721 τοὺς
3029 3657 3479 3720 πεπιστευκότας·
3509 3660 3666 3712 Πάν-

2086 3760 2208 3797 των
2224 3739 2323 3814 ἦν,
2354 3746 2541 3816 φησὶν,
2565 3746 2605 3813 ἡ
2624 3745 2796 3814 ψυχὴ
2821 3747 2919 3799 καὶ
2939 3746 2976 3813 ἠ
3013 3747 3223 3814 καρδία
3245 3748 3377 3816 μία,
3407 3746 3502 3799 καὶ
3521 3746 3667 3801 οὐδὲ

2087 3831 2176 3898 εἷς
2217 3850 2272 3885 τι
2315 3832 2435 3886 τῶν
2472 3835 2871 3902 ὑπαρχόντων
2899 3833 3110 3903 ἔλεγεν
3146 3833 3302 3889 ἴδιον
3338 3830 3524 3887 εἶναι·
3563 3835 3663 3889 καὶ

2086 3918 2375 3972 διεδίδοτο
2390 3918 2644 3986 ἑκάστῳ,
2672 3922 2869 3973 καθότι
2904 3920 2982 3974 ἄν
2998 3938 3088 3986 τις
3107 3923 3316 3989 χρείαν
3334 3919 3517 3991 εἶχεν.
3549 3922 3663 3976 Ούκ

2084 4002 2153 4078 ἦν
2184 4008 2303 4060 τότε
2328 4008 2389 4059 τὺ
2438 4007 2572 4076 ἐμόν
2617 4007 2713 4060 καὶ
2746 4007 2806 4059 τὸ
2848 4007 2966 4061 σόν.
3012 4007 3184 4062 Τοῦτό
3219 4011 3340 4063 ἐστι
3371 4009 3544 4079 φιλία,
3575 4010 3661 4063 ἵνα

2089 4094 2164 4167 μὴ
2191 4095 2258 4148 τὰ
2276 4095 2442 4149 αὑτοῦ
2470 4095 2665 4148 ἐαυτοῦ
2690 4112 2775 4158 τις
2802 4095 3022 4168 νομίζῃ,
3049 4095 3183 4150 ἀλλά
3202 4096 3271 4150 τὰ
3288 4098 3383 4152 τοῦ
3410 4099 3662 4168 πλησίον,

2083 4182 2154 4236 τά
2183 4182 2240 4235 δέ
2268 4183 2431 4237 αὑτοῦ
2457 4182 2715 4254 ἀλλότρια
2739 4198 2755 4213 ·
2785 4182 2873 4235 ῖνα
2902 4182 3046 4235 οῦτω
3091 4184 3245 4255 φείδη
3259 4201 3341 4237 ται
3392 4185 3493 4253 τῆς
3513 4187 3659 4239 ἐκεί-

2085 4288 2176 4323 νου
2199 4271 2399 4343 ψυχῆς,
2423 4271 2498 4334 ὡς
2519 4271 2618 4341 τῆς
2635 4269 2852 4336 ἐαυτοῦ,
2876 4271 3126 4335 κάκεῖνος
3145 4272 3349 4341 ὁμοίως
3367 4273 3465 4343 τὴν
3488 4274 3661 4345 αὐτὴν

2084 4358 2324 4412 διάθεσιν
2374 4358 2801 4428 ἐπιδεικνύηται.
2871 4359 2982 4412 Καὶ⁸
3024 4358 3130 4411 ποῦ
3184 4358 3440 4424 δυνατὸν,
3501 4363 3658 4432 φησὶ.

2084 4447 2322 4501 τοιοῦτον
2368 4446 2696 4516 εὑρεθῆναι;
2759 4444 2888 4508 Ναὶ,
2943 4446 3004 4498 οὑ
3042 4445 3297 4510 δυνατὸν,
3358 4448 3544 4520 ἐπειδὴ
3582 4449 3660 4519 μὴ

2084 4533 2407 4604 βουλόμεθα·
2431 4534 2505 4596 ὡς
2526 4533 2579 4585 εί
2599 4550 2663 4600 γε
2687 4531 3039 4602 ἐϐουλόμεθα,
3058 4533 3152 4585 καὶ
3182 4534 3385 4605 σφόδρα
3410 4534 3655 4591 δυνατόν.

2082 4626 2146 4678 EE
2189 4625 2296 4695 γὰρ
2348 4622 2422 4693 μὴ
2465 4622 2686 4675 δυνατὸν
2712 4617 2801 4691 ἦν,
2833 4622 2942 4675 οὐδ’
2968 4622 3035 4675 ἂν
3054 4622 3313 4687 ἐπέταξεν
3344 4626 3372 4677 ό
3400 4625 3655 4695 Χριστὸς,

2082 4712 2181 4765 οὑκ
2197 4712 2261 4765 ἂν
2272 4709 2507 4764 τοσαῦτα
2524 4710 2653 4779 περὶ
2669 4710 2886 4779 ἀγάπης
2899 4709 3165 4781 διελέχθη.
3194 4710 3352 4779 Μέγα
3373 4711 3544 4780 φιλία,
3561 4714 3658 4766 καὶ

2084 4800 2249 4853 πόσον
2276 4798 2438 4869 μέγα,
2464 4796 2641 4859 οὐδεὶς
2658 4795 2726 4848 ἂν
2753 4796 2977 4874 δύναιτο.
2993 4796 3207 4867 μαθεῖν,
3232 4798 3357 4851 οὑτε
3373 4816 3458 4862 τις
3473 4815 3653 4871 παρα-

2083 4890 2277 4958 στῆσαι
2320 4887 2499 4956 λόγος,
2549 4886 2688 4958 πλὴν
2732 4888 2831 4958 τῆς
2871 4887 3064 4960 πείρας
3107 4889 3297 4959 αὐτῆς.
3341 4890 3513 4943 Τοῦτο
3554 4891 3654 4954 τὰς

2081 4978 2322 5047 αἱρέσεις
2354 4976 2665 5046 εἰργάσατο,
2701 4976 2859 5029 τοῦτο
2896 4977 3025 5041 τοὺς
3079 4977 3348 5048 Ἕλληνας
3390 4978 3481 5032 ἔτι
3511 4981 3656 5033 ποιεῖ

2083 5062 2346 5132 ’Έλληνας
2380 5057 2540 5115 εἶναι.
2604 5060 2663 5115 Ὀ
2693 5063 2863 5131 φιλῶν
2909 5064 3008 5117 οὑκ
3061 5064 3368 5119 ἐπιτάττειν
3404 5062 3652 5135 βούλεται

2080 5150 2199 5203 οὑδὲ
2232 5150 2442 5221 ἄρχειν,
2481 5149 2616 5204 ἀλλά
2648 5151 2809 5223 χάριν
2836 5151 2947 5222 ἔχει
2979 5150 3180 5222 μᾶλλον
3216 5152 3517 5222 ἀρχόμενος
3557 5155 3652 5207 καὶ

2081 5238 2503 5307 ἐπιτασσόμενος
2526 5254 2540 5269 ·
2570 5238 2888 5309 χαρίζεσθαι
2915 5239 3162 5309 βούλεται
3187 5239 3407 5310 μᾶλλον,
3428 5241 3463 5310 ἢ
3491 5240 3652 5310 χάριν

2079 5324 2375 5395 λαμϐάνειν
2399 5340 2413 5354 ·
2452 5324 2598 5394 φιλεῖ
2643 5326 2771 5395 γὰρ,
2802 5327 2896 5379 καὶ
2923 5326 2998 5390 ὼς
3036 5328 3138 5380 οὑκ
3165 5326 3454 5398 ἐμπλήσας
3482 5327 3649 5382 αὑτοῦ

2079 5416 2176 5484 τὴν
2210 5413 2527 5482 ἐπιθυμίαν,
2557 5411 2698 5465 οὕτω
2719 5412 3003 5468 διάκειται.
3021 5415 3133 5484 Οὑχ
3152 5413 3323 5476 οὕτως
3343 5409 3402 5467 εὖ
3428 5415 3651 5485 πάσχων

2082 5501 2358 5570 τέρπεται,
2382 5499 2457 5563 ὡς
2481 5496 2538 5553 εὖ
2564 5500 2731 5553 ποιῶν
2759 5517 2772 5531 ·
2799 5499 3045 5570 βούλεται
3072 5501 3179 5573 γάρ
3209 5502 3459 5572 κατέχειν
3486 5502 3649 5557 αὑτὸν

2082 5587 2303 5657 μᾶλλον,
2362 5587 2395 5657 ἢ
2448 5587 2680 5655 ὀφείλειν
2739 5586 2919 5656 αὐτῷ·
2977 5586 3175 5658 μᾶλλον
3214 5588 3269 5640 δὲ
3294 5590 3388 5642 καὶ
3413 5590 3650 5658 ὀφείλειν

2079 5673 2228 5744 αὑτῷ
2257 5674 2524 5744 βούλεται,
2556 5673 2652 5726 καὶ
2683 5673 2970 5743 ὀφειλέτην
3001 5675 3164 5730 αὑτὸν
3195 5676 3370 5746 ἔχειν·
3402 5679 3496 5731 καὶ
3527 5678 3649 5748 βού-

2078 5762 2228 5815 λεται
2254 5760 2594 5838 χαρίζεσθαι,
2620 5761 2714 5815 καί
2740 5761 2801 5812 οὑ
2828 5761 3073 5831 βούλεται
3102 5763 3276 5818 δοκεῖν
3308 5765 3644 5836 χαρίζεσθαι,

2081 5850 2194 5907 ἀλλ’
2206 5848 2487 5923 ὀφειλέτην
2500 5847 2658 5903 αὑτὸν
2674 5845 2811 5904 εἶναι
2821 5849 2989 5921 ,Τάχα
3003 5850 3259 5917 πολλλοὺς
3275 5854 3303 5907 ὑ
3310 5854 3425 5926 μῶν
3436 5856 3647 5934 ἀγνοεῖν
