4128 6398
425 366 531 420 ως)

424 480 538 535 deri
568 478 715 549 prior
738 475 1000 534 beneficio
1020 475 1236 531 afficere
1258 515 1275 541 ,
1306 476 1400 530 sed
1423 474 1649 530 reddere
1675 492 1690 534 :
1723 474 1865 544 quod
1890 475 2007 544 qui-

422 572 547 624 dem
580 570 719 625 Deus
760 582 975 638 quoque
1002 566 1128 622 fecit
1169 567 1225 621 in
1274 566 1598 621 hominibus.
1649 566 1779 621 Erat
1805 564 2003 640 Filium

423 676 578 717 suum
609 676 707 730 pro
733 659 889 716 nobis
930 660 1225 715 donaturus
1246 701 1262 726 ,
1304 659 1398 714 sed
1430 674 1499 714 ne
1526 658 1803 714 videretur
1850 656 2006 711 nobis

423 754 629 809 donare
652 793 668 818 ,
697 752 793 807 sed
824 752 978 807 nobis
1003 752 1200 807 debere
1220 794 1236 818 ,
1279 751 1441 822 jussit
1470 752 1740 807 Abraham
1767 751 1896 806 dare
1940 750 2007 804 fi-

427 846 553 900 lium
575 861 729 900 suum
754 885 772 911 ,
799 854 859 900 ut
896 860 1010 900 rem
1040 860 1287 915 magnam
1312 845 1515 900 faciens
1535 885 1549 907 ,
1579 844 1709 898 nihil
1750 856 2002 913 magnum

425 938 698 993 videretur
722 935 918 991 facere.
946 936 1080 991 Nam
1101 938 1146 990 si
1178 952 1285 991 non
1306 937 1469 991 fuerit
1498 935 1713 1006 quidem
1738 933 1995 997 amicitia,

423 1039 481 1085 et
516 1030 908 1099 exprobramus
955 1030 1219 1085 beneﬁcia
1244 1070 1259 1095 ,
1286 1040 1342 1085 et
1379 1044 1541 1100 parva
1566 1027 1907 1092 extollimus,
1957 1025 2003 1080 si

424 1133 605 1179 autem
655 1123 816 1178 fuerit
841 1123 1073 1179 amicitia
1094 1165 1111 1190 ,
1155 1132 1213 1180 et
1235 1138 1299 1178 ea
1350 1123 1586 1178 celamus
1605 1163 1622 1187 ,
1648 1130 1705 1177 et
1729 1135 1850 1190 qua:
1877 1126 2005 1173 sunt

426 1232 618 1285 magna
645 1230 807 1286 parva
833 1217 1081 1271 volumus
1108 1216 1396 1271 ostendere
1415 1258 1431 1283 ,
1461 1231 1530 1271 ne
1554 1215 1832 1270 videamur
1870 1213 2003 1267 ami-

424 1322 549 1361 cum
576 1306 774 1362 habere
806 1306 1120 1374 debitorem,
1151 1306 1247 1361 sed
1275 1307 1375 1376 ipsi
1400 1322 1520 1362 esse
1548 1305 1817 1361 debitores
1848 1305 1900 1358 in
1936 1318 2003 1359 eo

425 1399 568 1468 quod
611 1414 737 1455 eum
778 1398 1071 1454 habeamus
1114 1398 1438 1453 debitorem.
1484 1397 1608 1454 Scio
1651 1396 1849 1451 multos
1893 1410 2003 1450 non

428 1491 725 1560 intelligere
751 1490 895 1561 quod
933 1489 1132 1545 dicitur
1162 1507 1174 1543 :
1207 1504 1366 1544 causa
1394 1497 1573 1543 autem
1612 1496 1697 1543 est
1734 1485 1876 1556 quod
1915 1485 2002 1540 lo-

425 1599 560 1651 quar
583 1583 651 1638 de
690 1599 750 1638 re
771 1623 786 1646 ,
818 1598 937 1653 quin
966 1596 1109 1637 nunc
1151 1582 1341 1636 caelum
1371 1579 1594 1635 habitat.
1638 1576 2001 1647 Quemadmo-

426 1676 553 1730 dum
586 1690 713 1745 ergo
738 1674 785 1729 si
815 1674 1067 1745 loquerer
1090 1674 1159 1728 de
1185 1673 1362 1743 aliqua
1391 1672 1572 1742 planta
1611 1686 1730 1741 qua:
1755 1679 2005 1725 nascatur

428 1771 482 1824 in
510 1770 655 1824 india
680 1811 696 1835 ,
726 1769 878 1838 cujus
910 1782 1068 1824 nemo
1092 1767 1484 1838 experientiam
1515 1765 1756 1832 haberet,
1784 1779 1853 1819 ne
1879 1777 2007 1834 pos-

429 1873 513 1919 set
557 1862 773 1932 quidem
819 1877 933 1917 rem
976 1861 1247 1931 explicare
1292 1861 1503 1924 oratio,
1536 1859 1745 1914 etiamsi
1798 1856 2004 1913 inﬁnita

427 1955 661 2009 dicerem
685 1970 701 2006 :
725 1955 794 2007 ita
822 1954 981 2009 etiam
1012 1965 1359 2022 quaecumque
1389 1965 1529 2004 nunc
1554 1949 1743 2005 dixero
1762 1990 1778 2013 ,
1807 1949 2004 2003 frustra

429 2046 603 2099 dicam
629 2062 643 2098 :
676 2059 838 2099 nemo
871 2044 1066 2114 poterit
1098 2044 1256 2097 scire.
1280 2041 1337 2095 in
1367 2042 1500 2096 casio
1527 2041 1762 2110 plantata
1786 2051 1867 2095 est
1890 2040 2004 2095 haec

431 2136 606 2204 planta
629 2177 644 2201 ,
678 2150 857 2189 ramos
883 2134 1090 2190 habens
1117 2149 1225 2188 non
1254 2142 1478 2187 onustos
1518 2131 1820 2202 margaritis
1847 2172 1862 2195 ,
1908 2132 2004 2187 sed

431 2228 540 2282 vita
582 2229 780 2282 virtute
818 2238 1044 2294 ornata,
1072 2242 1194 2296 qua:
1239 2234 1325 2280 est
1374 2224 1459 2280 his
1485 2226 1654 2280 multo
1694 2223 2000 2293 jucundior.

429 2319 725 2385 Quamnam
750 2317 830 2373 vis
854 2318 1033 2373 dicere
1053 2317 1414 2386 voluptatem?
1433 2332 1502 2370 an
1531 2325 1775 2387 turpem,
1811 2330 1881 2370 an
1908 2315 2007 2371 ho-

430 2410 679 2463 nestam?
718 2410 812 2464 sed
859 2423 1051 2464 omnes
1079 2418 1367 2478 exsuperat
1417 2409 1664 2478 voluptas
1705 2408 1955 2463 amicitia:
1984 2449 2003 2477 ,

429 2501 640 2556 etiamsi
689 2501 866 2556 mellis
893 2500 1223 2570 voluptatem
1252 2500 1474 2555 dixeris.
1501 2498 1634 2555 Nam
1684 2498 1738 2553 id
1789 2498 2003 2569 quidem

428 2593 587 2649 aﬂ‘ert
635 2595 983 2660 satietatem,
1028 2594 1235 2648 amicus
1281 2602 1462 2648 autem
1508 2607 1832 2664 numquam,
1877 2591 2006 2647 dum

424 2686 590 2739 fuerit
628 2686 866 2750 amicus;
919 2685 1014 2740 sed
1061 2694 1287 2755 augetur
1336 2687 1513 2756 potius
1539 2684 1905 2750 desiderium,
1951 2691 2007 2739 et

429 2778 730 2832 satietatem
776 2794 1064 2848 numquam
1109 2777 1267 2833 affert
1304 2778 1570 2848 voluptas.
1630 2778 1752 2833 Vita
1793 2791 2006 2847 quoque

432 2879 696 2938 prasente
737 2869 943 2926 amicus
988 2879 1072 2925 est
1106 2868 1395 2940 jucundior
1433 2888 1449 2924 :
1494 2869 1646 2924 multi
1697 2876 1844 2925 certe
1888 2877 2008 2939 post

1262 357 1327 413 ΙΝ
1366 356 1583 414 EPIST.
1624 358 1644 413 l
1708 358 1800 413 AD
1838 356 2164 414 THESSAL.
2208 358 2358 414 CAP.
2400 358 2463 414 ll.
2506 360 2735 416 HOMIL.
2776 361 2865 417 lli.

3584 368 3690 424 406

2112 483 2339 530 mortem
2368 477 2662 531 amicorum
2692 494 2761 532 ne
2809 489 3063 548 optarunt
3100 480 3314 549 quidem
3354 482 3584 553 amplius
3610 486 3690 538 vi-

2109 582 2257 621 Vt'l'c.
2309 568 2438 623 Cum
2492 571 2665 627 amico
2708 572 2871 626 etiam
2928 574 3177 628 exsilium
3232 576 3458 629 libenter
3505 576 3690 630 tulerit

2109 660 2375 728 quispiam
2407 678 2419 713 :
2452 661 2657 732 absque
2682 664 2856 718 amico
2884 673 3062 719 autem
3086 680 3153 720 ne
3175 679 3325 720 suam
3352 666 3568 737 quidem
3596 682 3691 737 pa-

2110 751 2266 805 triam
2311 749 2511 807 habere
2545 754 2795 809 voluerit.
2837 753 2972 810 Cum
3002 756 3176 813 amico
3214 756 3373 811 etiam
3405 769 3690 827 paupertas

2107 851 2192 896 est
2232 842 2558 900 tolerabilis:
2592 845 2793 915 absque
2818 846 2911 901 illo
2938 854 3115 901 autem
3148 856 3204 902 et
3230 847 3434 903 sanitas
3460 858 3515 903 et
3542 847 3688 903 divi-

2109 933 2198 987 tia:
2222 944 2347 990 sunt
2377 936 2762 992 intolerabiles.
2809 938 3052 993 Alterum
3082 937 3245 994 habet
3271 939 3529 1009 seipsum.
3569 938 3686 996 An-

2107 1038 2205 1094 gor
2223 1026 2365 1096 quod
2390 1041 2494 1082 non
2523 1030 2721 1097 possim
2737 1030 2985 1099 exemplo
3010 1046 3125 1085 rem
3151 1031 3473 1087 ostendere:
3498 1047 3688 1088 revera

2106 1118 2251 1173 enim
2303 1121 2517 1189 planum
2570 1122 2851 1191 fecissem,
2883 1140 3002 1193 quae
3048 1123 3189 1179 dicta
3219 1134 3345 1180 sunt
3373 1140 3495 1181 esse
3518 1126 3690 1181 multo

2106 1209 2315 1266 minora
2356 1227 2515 1282 quam
2556 1224 2822 1284 oporteat.
2855 1215 2924 1271 Et
2952 1217 3069 1272 haec
3109 1218 3324 1286 quidem
3352 1218 3440 1272 hic
3471 1218 3544 1272 ita
3587 1219 3689 1272 ha-

2107 1302 2271 1360 bent:
2301 1320 2329 1359 a
2357 1305 2470 1361 Deo
2497 1319 2678 1363 autem
2701 1318 2845 1365 tanta
2874 1319 2955 1366 est
2981 1326 3190 1366 merces
3218 1313 3489 1376 amicitiie,
3516 1328 3690 1381 quan-

2106 1404 2162 1451 ta
2202 1412 2270 1452 ne
2309 1396 2415 1452 dici
2456 1398 2672 1469 quidem
2718 1410 2914 1471 potest.
2964 1401 3128 1458 Nobis
3158 1403 3250 1458 dat
3276 1402 3582 1458 mercedem
3631 1412 3692 1458 ut

2106 1486 2245 1542 alter
2269 1488 2498 1544 alterum
2529 1490 2813 1561 diligamus
2842 1510 2856 1547 :
2886 1492 3022 1547 Ama
3062 1494 3238 1557 enim,
3270 1495 3481 1564 inquit,
3512 1502 3568 1548 et
3593 1508 3688 1548 ac-

2106 1580 2227 1648 cipe
2271 1582 2608 1649 mercedem,
2658 1599 2756 1653 pro
2795 1599 2898 1654 qua
2942 1601 3001 1640 re
3042 1584 3303 1640 debemus
3333 1585 3636 1641 mercedem
3676 1602 3692 1638 :

2106 1668 2212 1724 Ora
2230 1710 2247 1735 ,
2278 1671 2448 1741 inquit
2466 1714 2481 1737 ,
2517 1682 2574 1728 et
2600 1675 2784 1743 accipe
2828 1675 3131 1730 mercedem
3159 1718 3174 1739 ,
3203 1692 3300 1745 pro
3327 1692 3435 1745 quo
3475 1692 3690 1731 merce-

2106 1760 2231 1817 dem
2275 1762 2567 1830 debemus,
2600 1766 2725 1834 quia
2770 1766 2909 1821 bona
2959 1768 3231 1836 petimus:
3276 1768 3381 1823 Pro
3429 1784 3494 1823 eo
3545 1769 3689 1836 quod

2107 1854 2276 1922 petis,
2309 1856 2510 1924 inquit,
2542 1858 2726 1925 accipe
2772 1859 3080 1915 mercedem
3107 1874 3121 1913 :
3148 1858 3330 1930 jejuna
3354 1902 3369 1925 ,
3397 1873 3451 1915 et
3501 1862 3688 1930 accipe

2105 1946 2409 2001 mercedem
2440 1966 2453 2001 :
2498 1948 2577 2003 sis
2605 1948 2800 2004 virtute
2849 1950 3105 2018 prwdilus
3126 1991 3142 2015 ,
3186 1962 3241 2006 et
3266 1954 3450 2022 accipe
3482 1970 3692 2009 merce-

2106 2037 2228 2093 dem
2249 2079 2265 2104 ,
2293 2039 2453 2094 etiam
2481 2041 2526 2094 si
2554 2042 2862 2096 mercedem
2891 2042 3093 2097 debeas
3117 2062 3129 2098 :
3154 2045 3248 2099 sed
3271 2046 3410 2100 sicut
3440 2057 3691 2116 parentes

2107 2126 2320 2200 quando
2347 2131 2568 2187 fecerint
2603 2142 2661 2186 ut
2682 2132 2775 2187 filii
2806 2134 2989 2188 vivant
3015 2136 3068 2189 in
3108 2136 3340 2202 virtute,
3372 2147 3497 2193 tunc
3525 2139 3690 2193 etiam

2108 2222 2187 2275 eis
2211 2221 2339 2275 dant
2367 2223 2671 2279 mercedem
2721 2243 2735 2280 :
2786 2235 2911 2279 sunt
2936 2227 3077 2280 enim
3111 2227 3380 2281 debitores
3405 2270 3421 2294 ,
3459 2229 3601 2299 quod
3631 2244 3692 2284 se

2107 2313 2488 2368 constituerint
2518 2315 2571 2368 in
2603 2316 2915 2385 voluptate:
2950 2316 3020 2371 ita
3065 2317 3226 2370 etiam
3279 2318 3438 2373 Deus.
3485 2318 3690 2373 Merce-

2108 2406 2230 2461 dem
2254 2448 2272 2474 ,
2303 2408 2512 2477 inquit.
2549 2409 2733 2479 accipe
2759 2449 2775 2474 ,
2804 2409 2848 2463 si
2893 2411 2967 2464 sis
2999 2411 3197 2465 virtute
3236 2412 3533 2480 praeditus;
3565 2428 3691 2467 nam

2110 2510 2316 2568 patrem
2345 2500 2525 2554 lautitia
2555 2500 2756 2565 afficis,
2788 2511 2843 2557 et
2868 2501 3025 2572 hujus
3052 2503 3128 2557 rei
3159 2504 3248 2557 tibi
3277 2505 3575 2559 mercedem
3598 2505 3695 2560 de-

2110 2589 2256 2645 beo:
2300 2591 2384 2645 sin
2428 2600 2607 2651 autem
2636 2592 2841 2660 malus,
2891 2609 3266 2664 nequaquam;
3323 2595 3503 2650 irritas
3548 2597 3694 2651 enim

2110 2699 2232 2738 eum
2257 2724 2273 2748 ,
2305 2685 2394 2754 qui
2427 2692 2479 2739 te
2507 2684 2713 2753 genuit.
2742 2684 2819 2740 Ne
2842 2686 3021 2756 itaque
3053 2687 3218 2741 Deum
3253 2687 3563 2752 irritemus,
3596 2689 3691 2743 sed

2113 2776 2298 2830 l:etitia
2328 2777 2623 2831 afficiamus
2643 2818 2656 2840 ,
2689 2786 2747 2831 ut
2776 2792 2997 2847 regnum
3028 2778 3283 2833 czelorum
3306 2794 3691 2849 assequamur,

2114 2866 2167 2921 in
2214 2865 2431 2922 Christo
2458 2867 2587 2923 Jesu
2618 2868 2847 2923 Domino
2872 2878 3056 2924 nostro
3075 2912 3090 2935 ,
3123 2879 3227 2924 etc.

1791 3076 2137 3139 HOMILIA
2179 3078 2288 3139 ΙΙΙ.

431 3225 560 3281 CAP.
589 3226 641 3280 Ξ.
678 3242 734 3282 v.
760 3226 816 3283 9.
845 3225 1096 3282 Memores
1122 3227 1257 3280 enim
1299 3224 1437 3290 estis,
1470 3222 1675 3295 fratres,
1705 3222 1891 3278 laboris
1911 3239 2007 3277 no-

505 3322 595 3375 stri
622 3330 668 3374 et
698 3320 1011 3391 fatigationis
1040 3337 1059 3374 :
1080 3329 1224 3374 nocte
1263 3329 1312 3374 et
1351 3319 1433 3373 die
1458 3327 1744 3387 operantcs,
1774 3334 1839 3371 ne
1864 3334 2012 3385 quem

505 3423 719 3468 vestrum
744 3426 1086 3482 gravaremus,
1117 3411 1500 3481 pra'dicavimus
1544 3410 1599 3463 in
1637 3410 1774 3463 vobis
1799 3426 2012 3480 evange-

506 3504 631 3556 lium
655 3503 766 3556 Dei.
796 3503 881 3557 10.
940 3500 1041 3556 Vos
1072 3511 1219 3557 testes
1245 3503 1360 3555 estis
1397 3510 1445 3555 et
1469 3500 1628 3563 Deus,
1655 3516 1807 3570 quant
1842 3510 2013 3554 sancte

506 3607 554 3648 et
570 3597 711 3664 juste
758 3606 802 3649 ct
828 3597 936 3651 sine
956 3597 1158 3667 querela
1186 3596 1321 3649 vobis
1347 3595 1435 3666 qui
1476 3595 1759 3649 credidistis
1786 3596 2013 3663 fuimus;

509 3690 597 3742 1Ι.
624 3690 750 3742 sicut
771 3689 928 3753 scitis,
956 3689 1170 3758 qualiter
1189 3704 1587 3758 unumquemque
1615 3699 1854 3753 vestrum,
1885 3689 2012 3742 sicut

508 3789 651 3849 pater
682 3780 815 3847 ﬁlios
847 3796 986 3847 suos,
1014 3779 1339 3851 deprecantes
1368 3796 1455 3833 vos
1480 3790 1527 3833 et
1555 3780 1886 3844 consolantes,
1922 3780 2011 3834 12.

508 3872 759 3940 testificati
784 3888 963 3928 sumus
991 3881 1044 3924 ut
1067 3872 1388 3925 ambularetis
1416 3873 1568 3943 digne
1603 3871 1728 3937 Deo,
1750 3874 1834 3941 qui
1863 3889 2013 3927 voca-

511 3966 576 4018 vit
606 3981 689 4020 vos
706 3967 758 4019 in
782 3981 991 4035 regnum
1011 3980 1157 4019 suunt
1182 3975 1229 4019 et
1252 3964 1489 4035 gloriam.

512 4147 564 4199 1.
596 4145 874 4201 Doctorem
904 4143 1037 4200 nihil
1062 4152 1273 4215 oportet
1296 4143 1582 4197 onerosum
1613 4149 1800 4210 putare
1828 4154 2013 4193 eorum

436 4255 557 4309 qua:
586 4237 808 4292 tendunt
834 4236 898 4290 ad
920 4236 1143 4291 salutem
1170 4234 1570 4303 discipulorum.
1603 4232 1733 4286 Nam
1760 4235 1803 4285 si
1830 4231 2015 4285 beatus

438 4331 603 4387 Jacoh
623 4339 777 4384 nocte
799 4338 852 4383 et
874 4327 961 4383 die
984 4327 1260 4382 laborabat
1275 4327 1326 4380 in
1348 4327 1523 4379 ovium
1544 4322 1784 4379 custodia
1814 4322 2016 4375 :mullo

438 4421 610 4491 magis
654 4436 775 4476 eum
805 4419 890 4474 cui
918 4418 1134 4473 credita:
1160 4427 1284 4472 sunt
1310 4417 1523 4479 animae,
1557 4414 1764 4470 etiamsi
1793 4415 1864 4467 sit
1884 4427 2018 4483 opus

440 4512 764 4567 laboriosum
789 4519 844 4564 et
862 4510 987 4576 vile,
1012 4509 1188 4564 omnia
1209 4516 1421 4578 oportet
1445 4506 1638 4570 facere,
1665 4520 1826 4559 unum
1844 4504 2017 4558 solum

440 4612 793 4674 spectantem,
826 4616 1021 4670 nempe
1063 4598 1290 4654 salutem
1342 4598 1745 4669 discipulorum,
1797 4606 1854 4651 et
1899 4610 2019 4666 quae

442 4692 568 4748 inde
591 4693 698 4747 Deo
723 4690 946 4745 affertur
970 4690 1213 4761 gloriam.
1240 4688 1373 4743 Vide
1388 4704 1515 4757 ergo
1536 4687 1803 4757 quomodo
1824 4686 2020 4742 Paulus

442 4798 640 4854 praeco,
687 4782 964 4852 apostolus
992 4781 1137 4837 orbis
1169 4790 1345 4844 terrae,
1375 4778 1469 4833 tali
1507 4789 1754 4846 suscepto
1785 4778 2017 4845 honore,

442 4875 763 4947 operabatur
790 4873 1057 4939 manibtts,
1088 4887 1157 4927 ne
1201 4879 1448 4940 gravaret
1483 4868 1793 4939 discipulos.
1824 4868 2023 4922 Memo-

440 4986 519 5023 res
563 4967 697 5021 enim
726 4967 864 5030 estis,
890 4964 1091 5035 inquit,
1121 4965 1321 5033 fratres,
1355 4958 1539 5015 laboris
1576 4960 1736 5014 nostri
1754 4970 1800 5014 et
1828 4959 2020 5029 fatiga-

442 5062 613 5113 tionis.
642 5057 794 5113 Prius
818 5057 1049 5122 dixerat,
1076 5054 1377 5109 Poteramus
1403 5054 1543 5107 oneri
1591 5069 1715 5119 esse,
1764 5060 2023 5123 tamquam

442 5149 632 5203 Christi
652 5150 869 5219 apostoli
892 5162 912 5202 :
935 5146 1075 5216 quod
1105 5146 1265 5201 etiam
1291 5144 1419 5199 dicit
1463 5144 1518 5199 in
1545 5142 1781 5213 Epistula
1806 5142 1875 5197 ad
1911 5142 2021 5198 Co-

445 5240 674 5295 rinthios
701 5256 716 5292 :
747 5236 969 5293 Nescitis
1016 5236 1151 5305 quod
1188 5235 1274 5304 qui
1301 5234 1459 5288 sacris
1497 5243 1789 5303 aperantur,
1821 5249 1849 5287 e
1871 5248 2019 5287 sacro

444 5331 709 5386 comedunt
736 5331 825 5401 (1.
853 5329 972 5384 Cor.
1003 5328 1057 5383 9.
1085 5328 1153 5383 13
1176 5326 1234 5395 )?
1258 5325 1345 5382 Sic
1384 5335 1439 5381 et
1463 5325 1704 5381 Christus
1744 5326 2022 5381 constituit

447 5433 505 5476 ut
533 5424 622 5493 qui
664 5421 996 5491 evangelium
1040 5420 1374 5484 annuntiant,
1418 5434 1484 5473 ex
1512 5419 1788 5487 evangelio
1814 5421 2018 5473 vivant.

448 5514 553 5571 Sed
584 5528 703 5585 ego,
737 5514 939 5583 inquit,
968 5511 1132 5575 nolui,
1182 5509 1279 5565 sed
1329 5510 1584 5565 laboravi.
1612 5509 1799 5580 Neque
1844 5509 2021 5564 solum

449 5614 720 5677 Operatur,
748 5605 843 5661 sed
862 5619 983 5661 cum
1014 5604 1182 5658 multo
1204 5601 1381 5657 studio
1407 5612 1462 5657 et
1488 5601 1779 5671 diligentia.
1807 5600 1879 5656 Et
1902 5600 2026 5656 vide

450 5699 577 5769 quid
603 5698 744 5753 dicat
776 5715 790 5749 :
819 5694 1090 5761 Memora,
1130 5692 1318 5764 inquit,
1349 5693 1485 5756 estis,
1518 5707 1625 5746 non
1647 5690 2023 5762 beneﬁciorum

454 5805 720 5858 meorum,
751 5788 869 5854 sed,
896 5786 1109 5842 Laboris
1135 5786 1293 5841 nostri
1334 5796 1382 5839 et
1411 5783 1741 5856 fatigationis.
1771 5781 1936 5840 Nocte
1976 5791 2023 5838 et

748 5909 1019 5971 PATROL.
1067 5903 1182 5966 Gn.
1228 5900 1421 5967 LXII.

1767 5974 1795 5982 ιο

2113 3218 2196 3277 die
2221 3234 2505 3294 operantes,
2534 3239 2596 3276 ne
2614 3240 2760 3294 quem
2779 3234 2995 3277 uestrum
3031 3238 3376 3293 gravaremus,
3404 3223 3477 3276 sic
3502 3221 3693 3291 prtedi-
3734 3283 3750 3296 _

2115 3330 2290 3369 camus
2327 3315 2465 3369 vobis
2503 3316 2815 3386 evangelium
2864 3314 2982 3368 Dei.
3019 3315 3314 3370 Corinthiis
3343 3324 3520 3369 autem
3549 3313 3696 3369 aliud

2113 3407 2244 3462 dicit
2274 3425 2287 3460 :
2328 3408 2471 3462 Alias
2503 3406 2755 3462 Ecclesias
2787 3407 3081 3477 exspoliavi,
3112 3409 3363 3478 accipiens
3388 3406 3696 3476 stipendium

2112 3498 2183 3550 ad
2210 3498 2541 3552 ministerium
2577 3506 2793 3552 uestrum
2832 3497 2922 3568 (2.
2952 3497 3071 3552 Cor.
3117 3499 3205 3553 11.
3253 3497 3341 3568 8).
3399 3498 3559 3567 Atqui
3591 3498 3700 3550 illic

2114 3605 2326 3659 quoque
2352 3592 2696 3659 operabatur,
2725 3590 2820 3644 sed
2843 3606 2949 3643 non
2980 3590 3253 3643 revocavit
3281 3591 3332 3643 in
3358 3590 3693 3652 memoriam,

2116 3682 2209 3736 sed
2259 3681 2399 3735 aliud
2456 3684 2633 3752 posuit
2677 3681 2821 3753 quod
2890 3681 3059 3752 magis
3120 3692 3409 3754 pungeret;
3477 3682 3701 3751 perinde

2116 3785 2275 3845 atque
2304 3776 2350 3830 si
2378 3776 2622 3833 diceret:
2654 3778 2737 3831 Ab
2761 3776 2882 3830 aliis
2926 3792 3042 3830 sum
3086 3777 3316 3830 nutritus
3341 3778 3492 3830 vobis
3522 3778 3699 3831 inser-

2115 3868 2297 3932 viens;
2350 3866 2438 3922 hic
2479 3878 2657 3922 autem
2705 3884 2810 3922 non
2859 3869 2956 3933 sic,
3014 3867 3110 3924 sed
3144 3868 3305 3939 quid?
3352 3867 3517 3922 Nocte
3542 3880 3588 3921 et
3612 3870 3696 3923 die

2117 3970 2397 4026 aperantes.
2446 3960 2511 4014 Et
2550 3960 2656 4015 illic
2681 3959 2895 4029 quidem
2921 3961 3068 4025 dicit,
3121 3959 3186 4013 Et
3227 3977 3340 4013 cum
3378 3977 3531 4013 essent
3558 3959 3698 4029 apud

2118 4067 2203 4103 vos
2229 4061 2277 4104 et
2306 4068 2521 4122 egerem,
2550 4052 2751 4105 nullum
2777 4053 2985 4122 grauavi
3009 4050 3179 4121 (Ibid.
3209 4064 3255 4103 υ.
3285 4049 3385 4119 9);
3417 4061 3490 4114 et,
3518 4050 3703 4120 Accepi

2117 4145 2420 4212 stipendium
2448 4145 2516 4197 ad
2543 4146 2878 4198 ministerium
2902 4154 3119 4197 vestrum
3145 4159 3164 4197 :
3190 4142 3276 4197 hic
3310 4154 3486 4196 autem
3515 4152 3702 4196 osten~

2118 4234 2195 4288 dit
2220 4249 2314 4288 eos
2340 4249 2458 4288 esse
2485 4235 2534 4287 in
2566 4242 2907 4303 paupertate;
2943 4234 3050 4288 illic
3080 4249 3208 4287 vero
3258 4249 3366 4287 non
3421 4233 3512 4286 ita.
3565 4233 3701 4285 Pro-

2122 4335 2298 4395 pterea
2325 4327 2536 4382 assidue
2561 4343 2655 4381 eos
2695 4327 2910 4382 adducit
2936 4335 3099 4382 testes
3128 4343 3142 4379 :
3185 4324 3287 4379 Vos
3310 4325 3467 4385 enim.
3496 4325 3664 4394 inquit
3682 4364 3699 4389 ,

2120 4427 2267 4472 testes
2293 4419 2411 4472 estis
2452 4428 2501 4471 et
2530 4417 2702 4484 Deus;
2747 4432 3054 4473 sermonem
3084 4416 3188 4471 fide
3231 4415 3449 4485 dignum
3482 4413 3704 4481 faciens,

2119 4518 2175 4563 et
2203 4509 2305 4563 hoc
2332 4523 2556 4577 ponens,
2583 4508 2727 4579 quod
2753 4523 2849 4565 eos
2875 4509 3106 4563 maxime
3124 4506 3381 4562 reddebat
3404 4506 3701 4561 certiores:

2121 4617 2247 4656 nam
2271 4601 2402 4657 illud
2427 4612 2509 4656 est
2533 4602 2796 4657 incertum
2828 4600 3214 4671 ignorantibus,
3242 4599 3347 4655 hoc
3363 4609 3541 4654 autem
3572 4598 3705 4654 nihil

2122 4693 2266 4748 dubii
2312 4693 2583 4764 relinquit.
2625 4694 2693 4748 Et
2722 4708 2790 4749 ne
2817 4692 3031 4748 mireris
3079 4710 3093 4747 :
3137 4708 3243 4748 non
3295 4691 3606 4747 advertebat
3646 4705 3708 4746 se

2122 4785 2345 4840 Paulum
2370 4800 2513 4851 esse,
2559 4785 2649 4855 qui
2687 4785 2803 4840 hinc
2843 4785 3081 4849 diceret;
3110 4783 3208 4839 sed
3253 4782 3543 4839 admodum
3593 4783 3710 4838 vult

2122 4890 2217 4929 eos
2241 4875 2497 4930 certiores
2514 4873 2708 4929 facere.
2730 4874 2855 4929 Ideo
2873 4874 3002 4929 dicit
3025 4892 3037 4927 :
3072 4872 3170 4928 Vos
3191 4884 3335 4928 testes
3350 4874 3469 4928 estis
3483 4884 3528 4927 et
3548 4874 3704 4940 Deus,

2122 4981 2274 5035 quam
2312 4975 2484 5019 sancte
2526 4975 2576 5018 et
2607 4966 2749 5035 justo
2775 4974 2823 5019 et
2868 4966 2976 5020 sine
3015 4966 3218 5034 querela
3246 4967 3383 5019 vobis
3407 4965 3596 5035 fuimus
3619 4965 3707 5033 qui

2122 5058 2343 5113 creditis.
2373 5055 2665 5127 Oportebat
2683 5069 2777 5112 eos
2802 5070 2985 5111 rursus
3001 5056 3216 5111 laudare
3240 5074 3254 5111 :
3282 5057 3402 5111 ideo
3421 5070 3484 5111 ea
3510 5069 3709 5125 propo-

2127 5150 2207 5204 uit
2255 5164 2375 5219 quae
2419 5148 2550 5202 satis
2600 5155 2754 5203 erant
2800 5147 2869 5202 ad
2924 5146 3375 5217 persuadendum.
3428 5145 3560 5200 Nam
3611 5146 3705 5213 qui

2126 5240 2276 5306 illic,
2330 5240 2545 5309 inquit,
2594 5240 2901 5295 laborabam
2950 5249 3222 5310 egestate,
3248 5249 3303 5293 et
3346 5253 3453 5292 non
3492 5238 3698 5305 accepi,

2125 5330 2296 5385 multo
2321 5331 2489 5400 magis
2518 5344 2678 5385 nunc.
2710 5330 2879 5397 Quam
2905 5339 3077 5384 sancte
3117 5341 3165 5384 et
3210 5332 3343 5396 iuste
3384 5338 3432 5381 et
3459 5328 3568 5380 sine
3585 5343 3714 5396 qus-

2126 5421 2234 5475 rela
2288 5421 2480 5489 fuimus
2528 5422 2665 5476 vobis
2717 5421 2804 5491 qui
2844 5421 3088 5485 creditis;
3133 5421 3261 5473 sicut
3288 5419 3443 5483 scitis,
3491 5418 3715 5481 qualiter

2126 5526 2524 5581 unumquemque
2550 5520 2791 5577 uestrum,
2819 5511 2949 5565 sicut
2977 5520 3119 5581 pater
3157 5510 3292 5579 ﬁlios
3316 5524 3454 5575 suos,
3505 5525 3592 5562 uos
3617 5509 3711 5561 de-

2128 5613 2390 5674 precantes
2438 5610 2487 5656 et
2540 5602 2877 5660 consolantes.
2910 5601 3044 5657 Cum
3091 5601 3337 5670 superius
3384 5599 3617 5654 dixisset
3659 5598 3715 5655 id

2128 5692 2270 5763 quod
2290 5703 2407 5749 erat
2424 5692 2870 5757 conversationis,
2899 5689 2987 5746 hic
3015 5691 3145 5746 dicit
3163 5690 3306 5761 quod
3326 5699 3413 5747 est
3439 5690 3715 5754 caritatis;

2129 5785 2273 5859 quod
2298 5784 2470 5858 majus
2494 5794 2596 5854 est,
2618 5793 2675 5842 et
2697 5782 2815 5842 sine
2840 5781 2980 5841 fastu
3000 5781 3224 5840 dictum.
3244 5782 3394 5839 Sicut
3416 5792 3557 5857 pater
3580 5783 3720 5854 ﬁlios

3286 5874 3368 5935 26
