4114 6396
423 300 527 357 407

423 431 541 470 suos
560 456 573 479 ,
602 413 927 484 deprecantes
948 424 1036 464 vos
1060 418 1110 463 et
1138 408 1455 463 cumulantes
1495 414 1543 460 et
1586 402 1906 472 testiﬁcantes
1950 405 2007 449 ut

427 505 693 560 ambuletis
723 505 873 574 digne
903 501 1032 567 Deo,
1074 502 1159 571 qui
1201 510 1342 554 vocat
1372 515 1459 553 vos
1506 499 1561 551 in
1596 508 1809 565 regnum
1862 504 2010 545 suum

426 606 476 650 et
516 595 752 668 gloriam.
781 594 1006 663 Quando
1035 594 1164 648 dicit
1197 611 1209 646 :
1241 589 1310 645 Et
1353 589 1703 659 testiﬁcantes,
1732 594 1857 639 tunc
1893 596 2009 635 me-

428 687 583 742 minit
633 694 865 757 patrum.
894 684 1001 740 Sed
1054 695 1107 739 et
1146 682 1415 740 testificati
1466 693 1683 743 sumus,
1712 676 1816 731 hoc
1872 687 2009 744 quo-

402 794 534 847 ,que
582 793 689 832 non
737 776 1082 832 vehementer
1112 816 1126 840 ,
1156 774 1248 829 sed
1294 774 1431 828 sicut
1461 781 1629 842 pater,
1666 766 2013 837 Unumquem-

430 887 527 941 que
594 880 836 924 vestrum.
888 868 1100 938 Papae!
1158 867 1209 922 in
1258 875 1402 920 tanta
1456 860 1791 918 multitudine
1841 856 2012 913 nemi-

432 977 557 1016 nem
587 961 952 1032 pt‘mtermisit,
994 975 1100 1014 non
1132 972 1374 1029 parvum,
1425 970 1529 1010 non
1584 966 1855 1023 magnum,
1907 964 2014 1004 non

433 1056 675 1120 divitem,
699 1070 798 1109 nec
819 1069 1127 1124 pauperem.
1160 1052 1519 1121 Deprecantes,
1546 1050 1733 1120 inquit,
1750 1047 1830 1102 ad
1853 1046 2017 1116 quid?

433 1146 516 1200 Ad
549 1145 825 1201 ferendum
869 1146 1068 1199 omnia.
1098 1144 1165 1199 Et
1211 1144 1526 1198 consolantes
1579 1152 1624 1194 et
1671 1139 2013 1208 testiﬁcantes.

433 1235 775 1306 Deprecantes
798 1253 816 1290 :
842 1252 947 1291 non
978 1252 1105 1306 ergo
1142 1235 1449 1305 qumrebant
1482 1232 1704 1303 gloriam
1734 1248 1748 1283 :
1781 1229 1850 1283 Et
1878 1227 2019 1283 testi-

436 1332 645 1397 ﬁcantes
673 1345 686 1384 ὲ
712 1346 817 1383 non
849 1344 978 1399 ergo
1007 1328 1380 1382 adulabantur.
1421 1325 1489 1381 Ut
1517 1323 1840 1378 ambularetis
1869 1321 2021 1392 digne

438 1422 572 1489 Deo,
605 1421 691 1493 qui
714 1423 905 1475 vocavit
930 1437 1014 1477 vos
1040 1421 1091 1473 in
1118 1436 1264 1475 suum
1302 1435 1512 1490 regnum
1532 1428 1576 1473 et
1602 1416 1835 1488 gloriam.
1887 1414 2021 1469 Vide

439 1532 628 1571 rursus
652 1514 921 1585 quomodo
952 1528 1196 1579 narrans,
1222 1522 1277 1568 et
1301 1512 1453 1566 docet
1477 1519 1533 1565 et
1575 1509 1881 1565 consolatur
1923 1524 1935 1559 :
1978 1506 2023 1560 si

438 1610 582 1662 enim
606 1608 812 1662 vocavit
839 1606 903 1660 ad
930 1622 1172 1676 regnum,
1202 1612 1414 1673 oportet
1440 1603 1618 1657 omnia
1641 1602 1801 1657 ferre.
1835 1600 2023 1655 Horta-

443 1717 567 1757 mur
596 1702 679 1756 vel
724 1712 992 1771 regamus,
1027 1715 1131 1754 non
1162 1708 1219 1753 ut
1248 1698 1401 1753 nobis
1440 1696 1639 1766 aliquid
1667 1695 1897 1758 donetis,
1929 1693 2023 1748 sed

443 1803 498 1847 ut
527 1808 750 1863 regnum
796 1792 1053 1845 caelorum
1103 1790 1485 1859 assequamini.
1530 1788 1617 1842 15.
1664 1786 1793 1840 Ideo
1848 1795 1895 1839 et
1936 1802 2025 1839 nos

444 1887 635 1954 gratias
659 1884 854 1954 agimus
882 1882 988 1937 Deo
1031 1883 1140 1936 sine
1181 1881 1566 1945 intermissione,
1592 1879 1726 1950 quod
1749 1894 1863 1931 cum
1886 1893 2027 1929 acce—

452 1975 648 2045 pissetis
691 1992 723 2026 (ι
773 1975 914 2027 nobis
947 1975 1148 2027 verbum
1187 1974 1390 2025 auditus
1428 1970 1535 2037 Dei,
1593 1969 1856 2040 accepistis
1901 1968 2030 2021 illud

447 2084 549 2118 non
600 2075 653 2119 ut
696 2066 897 2118 verbum
948 2066 1225 2128 hominum,
1259 2065 1368 2129 sed,
1412 2064 1537 2117 sicut
1566 2072 1637 2115 est
1664 2078 1795 2128 vere,
1827 2061 2029 2114 verbum

449 2159 568 2223 Dei,
592 2160 678 2229 qui
703 2168 942 2228 operatur
968 2159 1019 2211 in
1040 2158 1175 2211 vobis
1200 2159 1283 2227 qui
1310 2156 1612 2210 credidistis.
1631 2154 1746 2209 Non
1774 2154 1916 2215 licet,
1948 2153 2029 2206 in-

448 2252 582 2319 quit,
614 2253 813 2315 dicere,
842 2250 982 2320 quod
1008 2264 1102 2303 uos
1127 2248 1340 2319 quidem
1369 2249 1586 2317 impune
1609 2247 1787 2301 omnia
1803 2245 2028 2313 agimus,

452 2358 549 2397 \os
590 2352 768 2397 autem
802 2342 971 2397 facitis
999 2342 1214 2411 indigna
1243 2350 1424 2395 nostra
1452 2339 1856 2394 conversatione
1887 2355 1899 2391 :
1926 2352 2031 2392 non

450 2434 593 2487 enim
626 2448 723 2488 nos
750 2433 1029 2487 audientes
1058 2432 1232 2487 allecti
1269 2433 1399 2486 estis
1448 2440 1714 2500 tamquam
1760 2428 2035 2483 audientes

452 2526 718 2591 homines,
750 2524 842 2580 sed
879 2533 1147 2594 tamquam
1194 2525 1309 2592 ipso
1338 2522 1448 2576 Deo
1478 2521 1822 2587 admonente,
1856 2520 1927 2573 ita
1956 2526 2036 2572 at-

453 2617 719 2671 tendistis.
748 2616 1028 2672 Undenam
1056 2616 1106 2669 id
1135 2616 1339 2684 liquet?
1382 2613 1531 2669 Sicut
1559 2614 1724 2677 enim,
1756 2611 1900 2682 quod
1930 2626 2034 2664 non

455 2711 508 2763 in
564 2710 871 2763 adulatione
921 2723 1094 2778 neque
1140 2708 1190 2760 in
1233 2707 1375 2760 inani
1426 2706 1591 2775 gloria
1636 2702 2035 2774 praedicaverit,

454 2804 690 2857 ostendit
715 2819 779 2855 ex
807 2802 917 2855 suis
948 2800 1346 2864 tentationibus,
1379 2807 1431 2853 et
1456 2798 1667 2853 illorum
1700 2796 2035 2861 testimonio,

457 2907 512 2949 et
532 2912 594 2950 ex
626 2897 688 2949 iis
713 2910 831 2964 quae
855 2895 1045 2964 agebat
1068 2911 1079 2945 :
1108 2894 1178 2947 ita
1205 2894 1364 2947 etiam
1384 2891 1524 2961 quod
1549 2891 1625 2945 illi
1647 2891 1868 2945 verbum
1896 2900 2040 2944 recte

457 2986 784 3054 acceperint,
818 3000 847 3038 a
876 2984 1271 3038 tentationibus.
1301 2982 1580 3050 Quomodo
1619 2982 1785 3047 enim,
1831 2981 2038 3050 inquit,

458 3077 560 3131 nisi
591 3087 856 3145 tamquam
886 3076 1051 3131 Deum
1082 3075 1345 3131 dicentem
1377 3074 1734 3139 audivissetis,
1767 3073 1891 3127 talia
1933 3072 2041 3127 fer-

458 3169 590 3224 retis
645 3168 919 3238 pericula?
971 3167 1109 3223 Vide
1136 3177 1313 3221 autem
1345 3166 1754 3221 auctoritatem:
1795 3166 1882 3221 14.
1943 3163 2043 3219 Vos

459 3263 593 3315 enim
620 3262 895 3315 imitatores
934 3262 1062 3331 facti
1102 3261 1254 3324 estis,
1299 3259 1514 3329 fratres,
1558 3257 1905 3314 Ecclesiarum
1948 3257 2045 3312 Dei

460 3370 576 3424 qua
598 3363 716 3407 sunt
750 3355 803 3408 in
834 3354 1023 3407 Judaza
1052 3354 1103 3406 in
1130 3352 1330 3406 Christo
1369 3350 1515 3416 Jesu,
1548 3352 1666 3421 quia
1707 3352 1882 3405 eadem
1910 3352 2045 3421 passi

461 3446 580 3499 estis
609 3456 655 3499 et
682 3462 768 3500 vos
784 3462 815 3499 a
838 3444 1200 3499 contribulibus
1220 3446 1412 3506 vestris,
1440 3445 1568 3499 sicut
1588 3454 1634 3498 et
1654 3445 1752 3513 ipsi
1775 3461 1805 3497 a
1825 3443 2041 3509 Iudicis,

462 3538 551 3593 15.
578 3539 663 3607 qui
688 3547 734 3592 et
760 3538 1031 3592 Dominum
1067 3539 1353 3592 occiderunt
1372 3536 1549 3591 Iesum
1581 3547 1626 3591 et
1652 3538 1944 3609 prophetas,
1999 3548 2047 3593 et

462 3647 554 3684 nos
581 3632 863 3701 persequuti
891 3639 1034 3696 sunt,
1080 3639 1127 3683 et
1171 3629 1278 3683 Deo
1317 3645 1419 3682 non
1447 3628 1680 3699 placent,
1728 3638 1775 3682 et
1818 3630 2047 3684 omnibus

465 3723 745 3776 hominibus
788 3723 1158 3788 adversantur;
1206 3723 1292 3778 16.
1338 3721 1651 3791 prohibentes
1695 3738 1785 3776 nos
1821 3724 2048 3791 gentibus

464 3816 601 3882 loqui
626 3824 680 3868 ut
722 3817 877 3869 salva:
923 3816 1078 3883 ﬁant,
1112 3824 1166 3867 ut
1207 3815 1450 3883 impleant
1479 3823 1684 3883 peccata
1708 3831 1803 3869 sua
1827 3831 2044 3885 semper.

466 3905 704 3960 Pervenit
729 3916 896 3960 autent
925 3907 1002 3958 ira
1038 3904 1136 3959 Dei
1160 3920 1313 3974 super
1335 3906 1451 3959 illos
1471 3922 1626 3975 usque
1649 3907 1704 3959 in
1731 3908 1905 3973 ﬁnem.

537 3998 592 4051 2.
631 3996 752 4061 Vos,
786 3997 977 4067 inquit,
999 3997 1271 4050 imitatores
1291 3998 1410 4066 facti
1434 3998 1552 4052 estis
1582 3996 1927 4051 Ecclesiarum
1952 3996 2050 4051 Dei

468 4105 578 4160 qua:
621 4099 738 4142 sunt
766 4090 819 4141 in
842 4087 1050 4143 Iudaea.
1078 4088 1263 4157 Magna
1309 4098 1392 4143 est
1437 4089 1755 4144 consolatio.
1786 4089 1903 4145 Non
1931 4099 2044 4156 est,

468 4183 663 4252 inquit,
696 4182 909 4245 mirum,
956 4182 1001 4234 si
1045 4180 1147 4250 ipsi
1192 4179 1307 4234 htec
1344 4180 1495 4236 vobis
1539 4180 1751 4247 faciant,
1786 4196 1907 4237 cum
1948 4182 2051 4239 hoc

469 4276 629 4329 etiam
650 4273 846 4327 faciant
871 4272 982 4326 suis
1009 4271 1416 4327 contribulibus.
1448 4271 1560 4326 Hoc
1585 4281 1760 4326 autem
1792 4287 1896 4325 non
1927 4288 2049 4342 par-

470 4384 595 4421 vum
621 4382 833 4436 quoque
861 4375 942 4421 est
967 4366 1218 4420 indicium
1245 4366 1384 4435 quod
1424 4379 1549 4419 vera
1592 4366 1661 4419 sit
1712 4364 2049 4434 prmdicatio,

470 4476 592 4515 cum
622 4470 675 4514 et
703 4459 871 4514 Judaei
902 4459 1079 4513 omnia
1117 4458 1256 4513 ferre
1298 4459 1644 4513 sustinerent.
1700 4457 1833 4523 Quia
1880 4459 2055 4512 eadem

471 4554 611 4624 passi
635 4553 749 4607 estis
774 4561 819 4606 et
844 4568 929 4605 vos
955 4568 987 4604 a
1029 4551 1389 4606 contribulibus
1426 4552 1620 4616 vestris,
1670 4551 1799 4604 sicut
1826 4560 1873 4605 et
1897 4551 1995 4620 ipsi
2022 4566 2053 4624 a_

469 4621 688 4700 Judaais.
715 4645 840 4699 Plus
863 4643 1063 4714 aliquid
1089 4643 1247 4699 habet
1288 4644 1341 4699 in
1378 4658 1443 4698 eo
1472 4643 1611 4713 quod
1640 4642 1858 4708 dixerit,
1884 4642 1951 4697 Et
1976 4621 2054 4696 illi
2092 4627 2105 4637 “

471 4738 528 4792 in
577 4735 760 4792 Judtea
790 4753 803 4788 :
836 4736 1070 4791 ostendit
1097 4736 1239 4790 enim
1269 4750 1364 4791 eos
1405 4735 1600 4804 ubique
1626 4735 1817 4801 laetari,
1861 4741 1921 4789 ut
1964 4734 2055 4804 qui

473 4830 859 4883 deccrtasseut.
890 4828 1029 4882 Dicit
1076 4842 1225 4898 ergo,
1259 4826 1366 4881 Vos
1420 4841 1631 4896 quoque
1679 4826 1866 4881 eadem
1913 4827 2055 4895 passi

473 4922 625 4976 estis.
657 4921 725 4975 Et
744 4920 870 4990 quid
899 4920 1113 4983 mirum.
1142 4921 1185 4975 si
1214 4919 1367 4974 vobis
1393 4934 1605 4990 quoque
1628 4919 1905 4987 fecerunt,
1933 4934 2055 4974 cum

475 5014 662 5068 eadem
707 5026 919 5083 quoque
944 5012 1057 5065 ausi
1084 5012 1279 5066 fuerint
1305 5013 1358 5065 in
1387 5011 1689 5065 Dominum.
1733 5010 1893 5065 Vides
1919 5025 2056 5081 quo-

478 5105 638 5159 modo
670 5104 772 5158 hoc
801 5102 1067 5157 induxerit
1099 5101 1241 5171 quod
1268 5116 1514 5171 magnam
1544 5101 1702 5156 habet
1726 5100 2054 5156 consolatio-

477 5196 639 5252 nem?
668 5195 734 5249 Et
767 5196 869 5249 hoc
893 5202 1071 5249 versat
1094 5192 1326 5260 assidue,
1349 5203 1403 5248 et
1422 5194 1475 5247 in
1497 5193 1743 5247 omnibus
1769 5208 2057 5263 propemo-

474 5292 602 5344 dum
663 5288 906 5358 epistolis
962 5288 1063 5344 hoc
1111 5288 1415 5356 inveneris,
1456 5297 1702 5344 accurate
1743 5290 2056 5344 examinans

476 5381 749 5451 quomodo
775 5383 827 5437 in
857 5381 1238 5437 tentationibus
1275 5397 1490 5451 semper
1533 5380 1805 5438 Christum
1847 5383 2057 5439 diverse

477 5471 681 5527 afferat.
714 5470 849 5528 Vide
876 5488 1037 5543 ergo;
1070 5471 1155 5527 hic
1184 5487 1395 5543 quoque
1419 5487 1675 5527 accusans
1698 5473 1932 5541 Judaeos,
1963 5488 2056 5530 eos

475 5573 694 5621 revocat
721 5565 774 5620 in
800 5567 1111 5622 memoriam
1136 5565 1369 5631 Domini,
1406 5573 1459 5619 et
1482 5565 1597 5635 ejus
1629 5565 2053 5634 perpessionum.

475 5656 628 5711 Adeo
672 5656 877 5712 sciebat
921 5672 1033 5713 rem
1063 5657 1346 5712 maximam
1379 5654 1576 5712 habere
1609 5656 2051 5713 consolationem.

480 5748 582 5817 Qui
609 5760 657 5805 et
702 5748 976 5807 Dominum
998 5750 1307 5820 occiderunt,
1335 5751 1523 5822 inquit.
1551 5750 1655 5808 Sed
1682 5750 1905 5809 fortasse
1926 5765 2049 5814 eum

1145 293 1204 353 S.
1241 290 1517 351 JOANNIS
1551 281 2022 346 CIIRYSOSTOMI
2061 279 2373 337 ARCHIEP.
2414 282 2938 344 CONSTANTINOP.

3600 298 3703 355 £08

2120 393 2518 464 ignoraverunt.
2548 399 2660 457 lmo
2686 405 2918 460 maxime
2937 416 3218 461 noverunt.
3249 408 3383 477 Quid
3414 414 3583 467 vero?
3607 430 3700 468 an-

2118 504 2226 542 non
2270 491 2431 545 etiam
2460 507 2586 548 suos
2625 495 2911 565 pr0phetas
2952 499 3280 565 occiderunt,
3338 513 3391 557 et
3436 505 3700 572 lapidibus

2118 580 2433 648 obruerunt,
2454 598 2678 653 quorum
2701 588 2858 641 etiam
2877 588 3040 643 libros
3060 591 3477 648 circumferunt?
3496 595 3565 649 Et
3586 596 3703 651 haec

2120 669 2362 727 fecerunt
2394 690 2501 728 non
2533 685 2750 745 pr0pter
2788 679 3087 734 veritatem.
3120 681 3236 736 Non
3262 695 3499 756 estergo
3527 690 3702 747 solum

2122 763 2418 818 consolatio
2448 765 2498 818 in
2529 768 2932 835 tentationibus,
2965 771 3058 826 sed
3097 774 3258 828 etiam
3286 775 3602 845 admonitio,
3635 795 3705 834 ne

2123 853 2492 910 existimemus
2518 856 2661 926 quod
2690 857 2805 913 htec
2830 858 3026 915 faciant
3058 874 3276 932 propter
3317 868 3619 931 veritatem,
3650 879 3706 923 et

2124 944 2246 999 ideo
2270 947 2672 1002 eonturbemur.
2698 948 2763 1002 Et
2789 967 2900 1017 nos,
2933 951 3124 1023 inquit,
3167 959 3450 1025 persequuti
3474 969 3613 1014 sunt.
3638 960 3707 1014 Et

2125 1053 2245 1105 nos,
2272 1039 2463 1109 inquit,
2499 1044 2643 1111 passi
2669 1058 2853 1098 sumus
2875 1044 3019 1109 mala.
3043 1046 3469 1104 innumerabilia.
3503 1051 3569 1104 Et
3596 1050 3705 1105 Deo

2127 1146 2228 1184 non
2256 1132 2490 1200 placent,
2531 1143 2577 1187 et
2602 1134 2831 1189 omnibus
2862 1136 3147 1191 hominibus
3193 1139 3543 1205 adversantur,
3590 1160 3708 1212 pro—

2128 1222 2348 1277 hibentes
2375 1240 2464 1277 nos
2501 1225 2727 1295 gentibus
2775 1227 2911 1297 loqui
2947 1238 3000 1282 ut
3050 1230 3202 1284 salvae
3249 1232 3396 1299 ﬁant.
3429 1232 3701 1300 Omnibus,

2130 1314 2317 1384 inquit,
2348 1316 2631 1371 hominibus
2654 1319 3000 1375 adversantur.
3026 1320 3339 1388 Quomodo?
3368 1323 3423 1379 Si
3446 1327 3587 1380 enim
3612 1329 3708 1382 toti

2130 1409 2245 1462 orbi
2275 1419 2429 1464 terrae
2455 1409 2595 1481 loqui
2618 1422 2851 1481 oportet,
2882 1414 2969 1469 isti
2988 1424 3165 1469 autem
3190 1428 3390 1485 velant,
3419 1430 3541 1474 sunt
3561 1436 3709 1476 com-

2132 1514 2321 1554 munes
2353 1500 2551 1555 inimici
2583 1503 2729 1556 orbis
2776 1513 2951 1559 terras.
3007 1506 3277 1561 Christum
3317 1510 3627 1565 occiderunt
3655 1523 3711 1567 et

2132 1592 2451 1661 prophetas,
2498 1594 2664 1649 Deum
2711 1597 3031 1651 contumelia
3074 1599 3345 1665 alliciunt,
3395 1612 3521 1656 sunt
3564 1604 3712 1661 orbis

2133 1696 2289 1738 terrae
2306 1699 2617 1741 communes
2634 1687 2855 1755 inimici,
2876 1704 2972 1742 nos
2993 1690 3268 1759 expellunt
3286 1694 3375 1761 qui
3406 1693 3470 1748 ad
3486 1696 3710 1749 salutem

2133 1778 2452 1831 accessimus
2483 1795 2495 1831 :
2526 1777 2652 1846 quid
2673 1780 2885 1845 mirum,
2905 1782 2947 1835 si
2972 1783 3021 1836 in
3056 1798 3149 1837 vos
3169 1801 3379 1855 quoque
3406 1786 3475 1841 ita
3508 1804 3566 1842 se
3592 1803 3712 1858 ges-

2134 1869 2316 1934 serint,
2342 1884 2465 1924 cum
2487 1872 2647 1925 etiam
2675 1872 2726 1924 iu
2755 1871 2937 1927 Judtea
2967 1873 3066 1930 hoc
3098 1876 3360 1932 fecerint?
3384 1878 3714 1935 Pro/tiberim

2136 1976 2228 2013 nos
2273 1962 2499 2031 gentibus
2549 1962 2685 2031 loqui
2711 1974 2765 2016 ut
2802 1966 2954 2019 salva:
2981 1968 3125 2035 ﬁant.
3175 1969 3269 2023 Est
3313 1985 3441 2041 ergo
3481 1972 3712 2037 invidia,

2135 2057 2373 2110 omnium
2420 2057 2680 2127 impedire
2708 2060 2954 2115 salutem.
3001 2062 3067 2116 Ut
3120 2065 3363 2133 impleant
3394 2078 3599 2136 peccata
3623 2085 3717 2121 sua

2137 2162 2349 2215 semper.
2385 2145 2617 2203 Pervenit
2664 2161 2829 2204 autem
2854 2170 3007 2222 super
3043 2155 3159 2208 illos
3196 2156 3272 2209 ira
3324 2155 3419 2211 Dei
3467 2175 3622 2230 usque
3664 2161 3718 2213 in

2139 2241 2308 2307 ﬁnem.
2339 2239 2453 2294 Non
2500 2253 2623 2295 sunt
2650 2245 2877 2314 amplius
2924 2246 3046 2301 talia
3087 2250 3261 2317 qualia
3306 2261 3460 2306 erant
3500 2253 3714 2321 priora;

2140 2346 2244 2383 non
2272 2342 2351 2383 est
2376 2333 2602 2401 amplius
2624 2334 2843 2401 reditus,
2874 2350 2978 2391 non
3008 2340 3237 2408 amplius
3261 2341 3381 2396 ﬁnis
3403 2361 3416 2397 :
3435 2343 3528 2398 sed
3553 2360 3719 2414 pr0pe

2141 2422 2302 2476 instat
2330 2424 2426 2477 ira.
2457 2424 2607 2480 Unde
2634 2426 2686 2480 id
2718 2430 2900 2497 patet?
2926 2430 3003 2484 Ex
3035 2446 3101 2485 eo
3126 2433 3267 2502 quod
3296 2435 3539 2502 praedixit
3561 2436 3718 2490 Chri-

2142 2524 2277 2569 stus.
2299 2517 2411 2570 Non
2437 2517 2538 2573 hoc
2562 2520 2703 2574 enim
2731 2522 2904 2575 solum
2926 2522 3086 2578 habet
3107 2526 3554 2590 consolationem,
3579 2530 3718 2599 quod

2142 2607 2448 2676 acceperint
2473 2609 2646 2665 socios
2682 2609 3066 2681 afflictionum,
3095 2615 3187 2671 sed
3233 2627 3287 2672 et
3329 2619 3471 2688 quod
3511 2634 3603 2676 eos
3630 2621 3721 2691 qui

2143 2700 2447 2769 afﬂigebant
2477 2703 2742 2758 audierint
2770 2706 2952 2775 plexos
2981 2708 3159 2764 fuisse.
3189 2710 3244 2766 Si
3273 2721 3452 2766 autem
3482 2713 3722 2768 molestia

2145 2792 2307 2847 afﬁcit
2333 2794 2539 2858 dilatio,
2572 2798 2881 2854 consoletur
2908 2802 3048 2869 quod
3096 2819 3204 2857 non
3243 2805 3471 2873 amplius
3513 2820 3723 2861 sursum

2146 2887 2427 2955 aspiciant.
2476 2887 2590 2944 Imo
2638 2905 2765 2945 vero
2810 2892 3118 2948 dilationem
3171 2910 3381 2964 quoque
3429 2899 3723 2958 contraxit,

2146 2978 2396 3046 dicendo,
2432 2980 2541 3045 Ira,
2576 2997 2762 3037 rursus
2800 2985 3096 3040 ostendens
3117 3002 3234 3040 eam
3269 2987 3472 3055 deberi,
3503 3005 3729 3060 esseque

2149 3072 2497 3139 prtestitutam
2527 3082 2580 3127 et
2627 3074 2955 3142 praedictam.
2999 3077 3089 3131 17.
3125 3077 3236 3131 Nos
3275 3089 3472 3145 autem,
3504 3080 3684 3149 fratres
3707 3124 3724 3146 ,

2149 3164 2362 3217 desolati
2387 3181 2419 3217 a
2444 3165 2580 3218 vobis
2605 3166 2672 3218 ad
2700 3176 2893 3236 tempus
2920 3168 3076 3234 hanc,
3126 3180 3346 3240 aspectu,
3400 3188 3502 3226 non
3543 3175 3725 3236 corde,

2148 3255 2487 3308 abundantius
2536 3257 2879 3324 festinavimus
2925 3260 3105 3330 facient
3161 3272 3375 3315 vestram
3417 3263 3585 3317 videre
3615 3281 3730 3318 cum

2150 3348 2309 3402 multo
2336 3349 2604 3403 desiderio.
2634 3350 2749 3404 Non
2774 3351 2943 3419 dixit,
2974 3352 3213 3423 Separali
3236 3398 3250 3422 ,
3277 3356 3370 3410 sed
3398 3357 3538 3426 quod
3560 3359 3731 3428 majus

2151 3448 2287 3494 erat.
2339 3438 2595 3508 Superius
2651 3440 2785 3495 dixit
2827 3443 2895 3498 de
2941 3444 3279 3512 adulatione,
3337 3448 3623 3504 ostendens
3670 3464 3732 3505 se

2152 3547 2259 3585 non
2288 3531 2514 3598 adulari,
2545 3548 2651 3587 non
2678 3549 2920 3604 quaerere
2966 3536 3191 3606 gloriam
3226 3555 3238 3590 :
3270 3537 3356 3593 hic
3394 3539 3523 3594 dicit
3550 3540 3617 3595 de
3642 3546 3732 3595 c.1-

2152 3624 2329 3677 ritate.
2373 3622 2636 3690 Quoniam
2695 3626 2941 3695 superius
2974 3627 3130 3695 dixit,
3182 3628 3330 3683 Sicut
3385 3642 3528 3701 pater
3573 3633 3729 3702 ﬁlios,

2153 3712 2301 3768 Sicut
2326 3715 2637 3779 nutrix;hic
2662 3716 2803 3770 aliud
2831 3717 2976 3785 dicit,
2995 3717 3189 3784 Orbati,
3219 3721 3359 3792 quod
3387 3731 3469 3778 est
3497 3723 3731 3779 filiorum

2154 3816 2330 3877 patres
2347 3809 2856 3878 quaerentium.Quid
2892 3827 3039 3877 vero,
3064 3812 3209 3868 illine
3228 3825 3380 3869 erant
3397 3818 3598 3872 orbati?
3616 3817 3731 3873 Non

2154 3900 2346 3968 inquit,
2376 3901 2469 3954 sed
2498 3916 2618 3956 nos.
2645 3900 2776 3957 Nam
2804 3904 2849 3957 si
2887 3906 3006 3974 quis
3038 3905 3360 3963 desiderium
3396 3913 3732 3977 examinave-

2155 3990 2245 4056 rit,
2278 3991 2417 4044 sicut
2446 3992 2594 4059 parvi
2639 3993 2812 4061 pueri,
2868 4012 3092 4063 quorum
3145 3999 3322 4053 nullus
3365 3992 3546 4055 curam
3575 4004 3730 4073 gerit,

2155 4081 2496 4136 immaturam
2524 4082 2813 4139 subeuntes
2841 4086 3120 4141 orbitatem
3138 4130 3153 4155 ,
3184 4089 3235 4143 in
3279 4106 3477 4161 magno
3496 4102 3621 4146 sunt
3644 4109 3733 4162 pa-

2156 4181 2363 4227 rentum
2392 4172 2678 4237 desiderio,
2711 4190 2814 4228 non
2843 4176 3016 4230 solum
3045 4189 3260 4248 propter
3282 4182 3447 4250 ipsam
3466 4194 3731 4250 naturam,

2157 4264 2250 4320 sed
2276 4264 2434 4318 etiam
2468 4275 2683 4335 propter
2711 4267 3048 4324 solitudinem
3079 4287 3094 4324 :
3131 4272 3201 4326 ita
3224 4289 3322 4329 nos
3343 4292 3574 4347 quoque.
3602 4277 3735 4334 lliuc

2157 4370 2369 4425 quoque
2395 4358 2628 4412 ostendit
2656 4374 2803 4413 suam
2822 4362 2983 4415 animi
3009 4363 3398 4431 aegritudinem,
3422 4368 3471 4421 in
3494 4384 3595 4438 qua
3622 4382 3737 4425 erat

2159 4455 2379 4518 propter
2407 4451 2821 4518 separationem.
2854 4452 2923 4505 Et
2951 4452 3085 4519 haec,
3118 4455 3308 4525 inquit,
3361 4472 3467 4512 non
3498 4460 3622 4515 licet
3649 4461 3733 4515 di-

2159 4556 2303 4609 cere,
2331 4543 2473 4612 quod
2505 4544 2727 4599 multum
2780 4556 2988 4617 tempus
3031 4553 3477 4619 exspectavimus,
3509 4554 3625 4622 sed,
3658 4555 3736 4609 Ad

2161 4642 2375 4703 tempus,
2422 4635 2580 4705 idque
2633 4637 2810 4701 Facie,
2862 4655 2963 4692 non
2988 4643 3138 4695 corde
3163 4659 3181 4696 :
3231 4657 3444 4713 semper
3472 4646 3615 4700 enim
3643 4660 3737 4700 vos

2160 4724 2421 4781 habemus
2447 4726 2499 4781 in
2526 4738 2726 4783 mente.
2751 4728 2882 4785 Vide
2903 4742 3101 4800 quanta
3124 4734 3193 4787 sit
3215 4733 3433 4790 dilectio
3457 4752 3470 4788 :
3498 4738 3739 4807 quamvis

2160 4832 2254 4872 eos
2284 4817 2504 4874 haberet
2536 4828 2789 4889 perpetuo
2816 4820 2868 4875 in
2895 4823 3078 4889 corde,
3117 4825 3390 4893 quaerebat
3438 4835 3612 4883 tamen
3640 4842 3739 4884 eo-

2162 4927 2280 4966 rum
2318 4912 2368 4966 in
2395 4921 2612 4982 aspectu
2640 4928 2733 4968 seu
2776 4912 2910 4969 facie
2949 4918 3309 4986 praesentiam.
3356 4919 3430 4975 Ne
3460 4922 3578 4990 quis
3606 4921 3734 4975 mihi

2162 5019 2609 5074 supervacaneam
2640 5006 2776 5062 hanc
2804 5006 2947 5062 dicat
2974 5009 3401 5080 philosophiam:
3435 5013 3537 5068 hoc
3580 5013 3739 5085 plane

2162 5108 2246 5153 est
2268 5100 2503 5154 ardentis
2530 5098 2851 5167 dilectionis,
2881 5101 3081 5170 videre,
3109 5112 3161 5158 et
3200 5105 3386 5160 audire
3404 5147 3418 5171 ,
3443 5116 3497 5161 et
3520 5106 3700 5162 dicere
3724 5150 3739 5171 ,

2163 5201 2218 5247 et
2242 5192 2342 5247 hoc
2363 5192 2583 5246 multum
2602 5194 2904 5248 contulerit.
2927 5194 3296 5264 Abundantius,
3330 5198 3515 5267 inquit,
3531 5201 3745 5270 festina-

2163 5284 2340 5338 vimus.
2370 5284 2507 5352 Quid
2531 5293 2631 5347 est,
2660 5285 3046 5341 Abundantius?
3072 5287 3164 5344 Vel
3189 5288 3289 5344 hoc
3311 5290 3412 5344 sibi
3434 5291 3564 5356 vult,
3596 5291 3739 5362 quod

2163 5390 2258 5432 vos
2288 5378 2463 5444 magni
2515 5377 2837 5432 faciebamus
2869 5396 2883 5431 :
2913 5379 3000 5433 vel
3048 5388 3107 5434 ut
3153 5391 3236 5437 est
3278 5383 3584 5449 verisimile,
3616 5400 3739 5439 cum

2165 5470 2294 5524 hora
2321 5469 2671 5524 abfuissemus
2691 5511 2704 5535 ,
2740 5470 3037 5525 studuimus
3060 5472 3240 5529 videre
3268 5472 3454 5530 faciem
3481 5486 3736 5531 vestram.

2166 5562 2298 5618 Vide
2326 5561 2537 5616 beatum
2567 5560 2810 5626 Paulum,
2859 5576 2980 5616 cum
3020 5577 3115 5631 per
3143 5577 3201 5619 se
3225 5579 3329 5620 non
3360 5576 3538 5636 posset
3583 5580 3737 5621 suum

2166 5654 2388 5724 implere
2408 5653 2758 5719 desiderium,
2788 5653 2892 5708 hoc
2936 5654 3111 5711 facere
3139 5671 3235 5726 per
3258 5657 3393 5712 alios
3418 5675 3429 5709 :
3452 5658 3589 5713 sicut
3618 5673 3739 5712 cum

2167 5751 2330 5808 mittit
2354 5749 2692 5807 Timotheum
2715 5748 2783 5806 ad
2804 5748 3194 5822 Pbilippenses,
3217 5761 3269 5810 et
3287 5750 3533 5812 eumdem
3555 5764 3741 5808 rursus
