4128 6398
409 383 512 440 807

410 502 470 554 τὸ
513 500 604 569 τῆς
640 499 858 566 ἀγάπης
891 495 1082 566 φησίν·
1130 495 1157 546 ὃ
1192 495 1283 546 καὶ
1311 494 1510 563 μᾶλλον
1539 488 1606 562 ἦν
1639 491 1672 560 ἢ
1710 490 1805 560 τῆς
1837 505 1970 558 προ-

412 587 655 648 στασίας.
707 585 814 638 Kal
841 583 934 636 τοῦ
969 582 1172 650 ἀτύφου
1203 581 1261 634 τὸ
1284 581 1595 651 εἰρημένον.
1654 577 1752 641 Ὧς
1780 575 1975 642 πατὴρ

411 673 589 725 τέκνα
647 671 878 735 ἑαυτοῦ,
934 667 1422 737 παρακαλοῦντες
1466 665 1621 734 ὑμᾶς
1650 664 1747 719 καὶ
1793 677 1979 730 παρα-

407 760 771 826 μυθούμενοι
793 757 889 809 καὶ
912 757 1343 824 μαρτυρόμενοι
1382 756 1465 817 είς
1495 753 1559 805 τὸ
1583 748 1980 819 περιπατῆσαι

412 845 570 914 ὑμᾶς
583 846 763 910 ἀξίως
788 844 894 898 τοῦ
921 844 1066 897 Θεοῦ
1089 843 1194 895 τοῦ
1222 842 1552 905 καλοῦν-τος
1579 838 1734 908 ὑμᾶς
1763 840 1847 902 εὶς
1869 835 1981 902 τὴν

414 934 634 988 ἑαυτοῦ
654 934 981 998 ,βασιλείαν
1008 929 1332 994 καὶδόξαν.
1370 930 1496 980 Ὅτε
1526 924 1666 986 εἰπε,
1701 925 1812 979 Καὶ
1852 924 1978 976 δια-

411 1021 870 1088 μαρτιιῳόμενοι,
893 1019 1015 1071 τότε
1056 1017 1305 1086 πατέρων
1331 1018 1622 1086 μέμνηται,
1652 1012 1862 1073 δεικνὺς
1899 1011 1981 1062 ὅτι

420 1108 482 1159 Εἰ
515 1108 607 1159 καὶ
648 1105 1138 1176 διεμαρτυράμεθα.
1161 1103 1294 1156 ἀλλά
1311 1102 1466 1155 τοῦτο
1487 1101 1547 1154 οὑ
1579 1097 1841 1168 σφοδρῶς,
1869 1096 1981 1149 ἀλλ’

417 1194 494 1255 ὼς
544 1194 801 1263 πατέρες.
844 1193 989 1246 Ἕνα
1038 1193 1298 1245 ἕκαστον
1336 1189 1522 1257 ὑμῶν.
1576 1186 1776 1239 Βαϐαὶί
1810 1185 1868 1236 ἐν
1898 1201 1983 1236 το-

424 1280 598 1350 σούτῳ
649 1279 842 1350 πλήθει
876 1279 1082 1349 μηδένα
1137 1277 1487 1347 παραλιπεῖν,
1537 1274 1611 1344 μὴ
1660 1272 1873 1342 μικρὸν,
1909 1270 1982 1340 μὴ

424 1365 616 1436 μέγαν,
657 1367 731 1436 μὴ
769 1366 1040 1430 πλούσιον,
1085 1365 1159 1435 μὴ
1191 1365 1416 1434 πένητα.
1466 1359 1982 1430 Παρακαλοῦντες,

425 1453 560 1523 πρὸς
588 1449 822 1516 τίεῑπες
882 1453 1024 1524 Πρὸς
1081 1453 1140 1505 τὸ
1163 1452 1349 1521 φέρειν
1386 1450 1584 1504 πάντα.
1631 1449 1745 1501 Καὶ
1796 1461 1983 1512 παρα-

417 1541 779 1608 μυθούμενοι
794 1541 892 1592 καὶ
905 1540 1446 1607 διαμαρτυράμενοι.
1463 1533 1953 1604 Παρακαλοῦντες
1969 1549 1980 1558 ·

423 1624 521 1675 οὐκ
545 1623 651 1690 ἄρα
672 1623 825 1685 δόξαν
852 1623 1076 1692 ἐζήτουν
1110 1638 1122 1651 ο
1155 1621 1262 1676 Καὶ
1291 1621 1817 1688 διαμαρτυράμενοι
1837 1632 1849 1644 ·
1887 1616 1986 1667 οὑκ

423 1710 532 1778 ἄρα
554 1710 897 1762 ἐκολάκευον.
944 1712 1050 1773 Εἰς
1090 1708 1156 1761 τὸ
1187 1705 1582 1775 περιπατῆσαι
1623 1703 1776 1773 ὑμᾶς
1804 1703 1983 1767 ἀξίως

423 1793 531 1846 τοῦ
561 1794 707 1848 Θεοῦ
734 1793 840 1847 τοῦ
871 1795 1202 1859 καλοῦντος
1218 1793 1371 1862 ὑμᾶς
1403 1795 1488 1858 εἰς
1516 1793 1630 1858 τὴν
1659 1790 1843 1846 αὑτοῦ
1866 1789 1982 1853 βαι

424 1883 662 1935 σιλείαν
690 1883 786 1934 καὶ
821 1881 1026 1945 δόξαν.
1073 1878 1216 1951 ’Όρα
1268 1882 1426 1934 πάλιν
1467 1881 1581 1941 πῶς
1614 1877 1980 1946 διηγούμενος,

425 1972 516 2022 καὶ
540 1970 778 2040 διδάσκει
799 1969 890 2021 καὶ
918 1969 1316 2037 παραμυθεῖται
1344 1984 1356 1996 ·
1389 1968 1437 2018 εί
1469 1967 1574 2036 γάρ
1603 1967 1680 2029 είς
1713 1961 1984 2033 βασιλείαν

423 2058 667 2119 ἐκάλεσε,
701 2057 876 2111 πάντα
908 2057 988 2109 δεῖ
1030 2057 1234 2126 φέρειν.
1282 2053 1727 2124 Παρακαλοῦμεν,
1763 2053 1862 2121 οὐχ
1899 2051 1985 2102 ἵνα

425 2147 555 2213 ἡμῖν
589 2142 882 2214 χαρίσησθέ
911 2160 984 2204 τι,
1017 2143 1130 2196 ἀλλ’
1156 2143 1220 2195 ἶν’
1246 2141 1539 2210 ἐπιτύχητε
1571 2140 1669 2209 τῆς
1702 2137 1986 2208 βασιλείας

423 2232 529 2284 τῶν
562 2229 824 2301 οὐρανῶν.
877 2233 979 2284 Διίι
1004 2229 1175 2283 τοῦτο
1200 2228 1298 2280 καὶ
1324 2227 1493 2296 ἡμεῖς
1517 2223 1989 2294 εὐχαριστοῦμεν

425 2319 504 2382 τῷ
547 2317 668 2382 Θεῴ
717 2317 1126 2383 ἀδιαλείπτως,
1171 2317 1260 2370 ὅτι
1316 2315 1761 2382 παραλαϐόντες
1805 2315 1990 2380 λόγον

425 2405 611 2474 ἀκοῆς
629 2409 765 2474 παρ’
800 2407 968 2476 ’ἡμῶν
1013 2407 1117 2460 τοῦ
1161 2406 1327 2468 Θεοῦ,
1365 2404 1653 2468 ἐδέξασθε
1697 2404 1768 2456 οὐ
1807 2403 1991 2471 λόγον

426 2493 769 2559 ἀνθρώπων,
825 2493 1004 2554 ἀλλὰ,
1063 2495 1258 2558 καθως
1303 2492 1475 2545 ἐστιν
1520 2489 1774 2557 άληθῶς,
1807 2490 1991 2556 λόγον

431 2581 601 2642 Θεοῦ,
627 2580 693 2645 ὃς
726 2579 822 2633 καὶ
854 2578 1169 2648 ἐνεργεῖται
1193 2581 1261 2631 ἐν
1277 2578 1416 2646 ὑμῖν
1436 2577 1559 2642 τοῖς
1577 2578 1989 2629 πιστεύουσιν.

431 2669 544 2722 Οὐκ
594 2668 741 2720 ἔστιν
785 2668 987 2730 εἰπεῖν,
1057 2668 1250 2737 φησὶν,
1310 2667 1389 2718 ὅτι
1449 2667 1609 2736 ἡμεῖς
1669 2665 1766 2734 μὲν
1814 2664 1992 2716 πάντα

431 2757 735 2826 ἀμέμπτως
765 2755 1093 2824 πράττομεν,
1132 2755 1285 2822 ὑμεῖς
1310 2753 1367 2806 δέ
1393 2753 1586 2816 ἀνάξια
1603 2753 1701 2822 τῆς
1721 2751 1993 2822 ἡμετέρας

431 2847 774 2916 ἀναστροφῆς
791 2848 1080 2916 ἐποιήσατε
1101 2862 1114 2876 ·
1141 2845 1200 2898 οὐ
1225 2845 1332 2916 γὰρ
1351 2846 1426 2908 ὡς
1454 2845 1753 2916 ἀνθρώπων
1772 2844 1994 2897 ἀκούον-

433 2952 541 2998 τες,
567 2934 998 3004 διέκεισθεὴμῶν
1019 2934 1322 2998 ἀκούοντες,
1343 2933 1541 2997 ἀλλ’ὡς
1557 2933 1720 2986 αὑτοῦ
1745 2931 1836 2984 τοῦ
1859 2931 1994 2984 Θεοῦ

435 3022 844 3094 παραινοῦντος,
869 3018 1008 3072 οὕτω
1028 3019 1362 3089 προσείχετε.
1391 3019 1560 3072 Πόθεν
1573 3019 1729 3088 δῆλον
1749 3036 1762 3083 ;
1785 3019 1996 3086 Ὥσπερ

434 3109 540 3178 γάρ
557 3107 705 3178 τὸμὴ
722 3110 777 3160 ἐν
797 3107 1048 3178 κολακείᾳ
1079 3107 1210 3177 μηδὲ
1240 3109 1298 3159 ἐν
1325 3106 1597 3177 κενοδοξία
1625 3105 1857 3177 κηρύξαι
1886 3104 1996 3159 ἀπὸ

434 3195 541 3248 τῶν
555 3195 1091 3266 οἰκείωνπειρασμῶν
1105 3195 1362 3257 δείκνυσι,
1377 3197 1472 3248 καὶ
1495 3193 1594 3264 τῆς
1610 3194 1834 3247 ἐκείνων
1855 3211 1995 3264 μαρ-

435 3283 644 3352 τυρίας,
677 3284 770 3335 καὶ
788 3275 861 3335 ῶν
891 3281 1160 3352 ἔπραττεν
1178 3298 1190 3310 ο
1209 3281 1350 3333 οὕτω
1373 3283 1466 3334 καὶ
1481 3281 1542 3333 τὸ
1557 3281 1797 3343 ἐκείνους
1823 3277 1998 3350 ὀρθῶς

435 3369 685 3434 δέξασθαι
712 3369 990 3437 τὸνλόγον,
1023 3370 1130 3422 ἀπὸ
1163 3369 1268 3421 τῶν
1306 3369 1643 3439 πειρασμῶν.
1676 3368 1847 3420 Πόθεν
1865 3369 1993 3438 γᾴρ,

438 3459 624 3526 φησὶν,
646 3456 786 3526 εἰμὴ
821 3456 893 3520 ῶς
914 3456 1008 3508 τοῦ
1034 3456 1166 3509 Θεοῦ
1189 3456 1435 3524 λέγοντος
1453 3456 1698 3524 ἡκούετε,
1725 3456 1998 3518 τοιούτους

436 3547 658 3616 ἐφέρετε
690 3544 964 3608 κινδύνους
988 3561 1002 3609 ;
1032 3545 1139 3597 Kal
1167 3545 1268 3614 ὅρα
1288 3545 1348 3597 τὸ
1372 3543 1588 3614 ἀξίωμα
1608 3560 1619 3571 ·
1654 3543 1838 3612 Ὑμεῖς
1867 3544 1996 3612 γὰρ,

438 3635 588 3703 φησὶ,
623 3631 869 3702 μιμηταὶ
901 3629 1238 3700 ἐγενήθητε,
1284 3631 1552 3700 ἀδελφοὶ,
1600 3629 1717 3683 τῶν
1759 3632 2000 3695 Ἐκκλη-

436 3720 589 3774 σιῶν
626 3720 730 3773 τοῦ
771 3719 918 3772 Θεοῦ
955 3717 1073 3772 τῶν
1118 3716 1322 3772 οὐσῶν
1357 3718 1426 3770 ἐν
1473 3716 1550 3782 τῇ
1603 3717 1880 3785 Ἰουδαίᾳ,
1929 3717 1998 3769 ἐν

435 3807 668 3876 Χριστῷ
717 3806 932 3873 Ἰησοῦ,
994 3806 1081 3858 ὅτι
1126 3805 1198 3857 τὰ
1251 3805 1403 3858 αὐτὰ
1430 3805 1678 3858 ἐπάθετε
1710 3803 1808 3857 καὶ
1832 3804 1999 3873 ὑμεῖς

435 3895 555 3950 ὑπὸ
575 3893 692 3948 τῶν
714 3893 876 3948 ἰδίων
894 3892 1314 3962 συμφυλετῶν,
1347 3892 1540 3956 καθὼς
1557 3892 1652 3945 καὶ
1687 3892 1856 3945 αὐτοὶ
1879 3891 1998 3945 ὑπὸ

437 3982 555 4036 τῶν
594 3981 916 4044 Ἰουδαίων,
946 3981 1064 4034 τῶν
1099 3982 1195 4034 καὶ
1224 3981 1333 4034 τὸν
1361 3981 1581 4048 Κύριον
1608 3981 1995 4035 ἀποκτεινάν-

437 4087 555 4124 των
593 4070 825 4137 Ἰησοῦν
854 4070 951 4122 καὶ
986 4068 1126 4133 τοὺς
1151 4069 1339 4133 ἰδίους
1355 4070 1684 4135 προφήτας,
1717 4069 1813 4120 καὶ
1843 4067 1998 4136 ἡμᾶς

435 4153 863 4217 ἐκδιωξάντων,
892 4152 992 4206 καί
1017 4150 1138 4216 Θεῷ
1165 4152 1250 4220 μὴ
1275 4152 1674 4218 ἀρεσκόντων,
1710 4151 1812 4205 καὶ
1847 4149 1996 4222 [442]

436 4239 626 4295 πᾶσιν
653 4239 984 4307 ἀνθρώποις
1039 4239 1329 4292 ἐναντίων
1365 4254 1379 4266 ·
1427 4239 1784 4292 κωλυόντων
1842 4238 2000 4307 ἡμᾶς

435 4328 559 4392 τοῖς
582 4327 784 4382 ἔθνεσι
797 4327 1067 4396 λαλῆσαι
1088 4328 1188 4380 ἵνα
1208 4326 1506 4390 σωθῶσιν,
1529 4329 1615 4391 εἰς
1639 4328 1704 4380 τὸ
1727 4328 2000 4393 ἀναπλη-

428 4415 618 4486 ρῶσαι
641 4415 839 4469 αὐτῶν
863 4415 968 4480 τὰς
986 4415 1272 4483 ἁμαρτίας
1307 4415 1582 4468 πάντοτε.
1622 4417 1884 4483 Ἕφθασε
1933 4416 2001 4468 δὲ

437 4505 527 4558 ἐπ’
556 4503 777 4565 αὐτοὺς
797 4504 836 4570 ἡ
867 4501 1010 4571 ὀργὴ
1044 4504 1128 4567 είς
1153 4502 1348 4568 τέλος.

509 4591 573 4660 β’.
602 4590 819 4660 Ὑμεῖς,
844 4590 995 4661 φησὶ,
1017 4587 1590 4658 μιμηταὶέγενήθητε
1609 4588 1727 4643 τῶν
1757 4590 2004 4656 Ἐκκλη-

435 4679 587 4733 σιῶν
612 4677 715 4731 τοῦ
735 4676 883 4732 Θεοῦ
902 4673 1023 4730 τῶν
1047 4674 1249 4730 οὐσῶν
1273 4676 1342 4729 ἐν
1365 4675 1441 4743 τῇ
1479 4676 1757 4744 Ἰουδαίᾳ.
1772 4677 1997 4748 Πολλὴὴ

436 4765 782 4837 παραμυθία.
807 4763 990 4828 Οὐδὲν,
1019 4765 1202 4833 φησὶν,
1229 4763 1537 4833 θαυμαστὸν
1561 4765 1640 4827 είς
1662 4765 1805 4833 ὑμᾶς
1833 4765 2004 4818 ταῦτα

437 4859 696 4928 πράττειν
737 4856 954 4917 αὐτοὺς.
986 4855 1120 4907 ὅπου
1171 4870 1234 4920 γε
1261 4855 1354 4906 καὶ
1383 4855 1463 4915 εἰς
1490 4854 1616 4916 τοὺς
1661 4855 2004 4922 συμφυλέτας

435 4944 632 4996 αὐτῶν.
677 4942 786 4994 Καὶ
814 4940 973 4994 τοῦτο
1015 4940 1070 4992 δέ
1105 4939 1198 4992 τοῦ
1228 4938 1290 4992 τὸ
1321 4941 1585 5010 κήρυγμα
1623 4937 1762 4993 εἶναι
1806 4941 2004 5010 ἀληθὲς

433 5032 494 5084 οὐ
531 5029 726 5100 μικρὸν
769 5031 1086 5098 τεκμήριον,
1115 5028 1247 5080 ὅπου
1295 5043 1359 5094 γε
1415 5030 1508 5080 καὶ
1545 5027 1786 5081 Ἰουδαῖοι
1828 5030 2003 5082 πάντα

435 5119 722 5188 ἠνέσχοντο
743 5118 1049 5188 ὑπομεῖναι.
1070 5117 1198 5169 Ὅτι
1219 5117 1317 5170 καί
1341 5116 1509 5186 ὑμεῖς
1528 5116 1600 5170 τὰ
1624 5117 1795 5181 αὐτὰ,
1816 5121 2000 5186 φησὶν,

434 5207 682 5260 ἐπάθετε
741 5204 861 5259 ὑπὸ
915 5201 1032 5256 τῶν
1076 5203 1239 5257 ιδίων
1287 5203 1706 5274 συμφυλετῶν,
1743 5205 2004 5276 καθάπερ

435 5292 696 5347 κάκεῖνοι
738 5291 858 5345 ὑπὸ
916 5290 1032 5344 τῶν
1085 5291 1403 5345 Ἰουδαίων.
1438 5291 1590 5363 Ἔχει
1622 5310 1674 5346 τι
1719 5293 1876 5348 πλέον
1925 5294 2003 5364 τῷ

435 5381 610 5433 εἰπεῖν
633 5393 682 5446 α,
707 5381 947 5433 κάκεῖνοι
985 5383 1043 5433 ἐν
1081 5382 1148 5449 τῇ
1189 5379 1444 5452 Ἰουδαίᾳ·
1477 5380 1714 5435 δείκνυσι
1760 5383 1868 5452 γὰρ
1921 5383 2000 5435 ὅτι

436 5469 624 5537 ἥδοντο
657 5468 954 5540 πανταχοῦ,
991 5469 1066 5530 ὡς
1094 5467 1440 5537 ἀθλήσαντες.
1470 5468 1630 5538 Λέγει
1651 5465 1764 5536 οὖν,
1784 5471 1864 5523 ὅτι
1892 5470 2003 5522 Kal

439 5555 595 5624 ὑμεῖς
622 5555 690 5608 τά
717 5556 856 5609 αὐτὰ
881 5555 1130 5609 ἐπάθετε.
1165 5556 1274 5608 Kal
1312 5555 1363 5609 τί
1407 5556 1715 5627 θαυμαστὸν
1748 5558 1926 5622 πάλιν,
1953 5559 2002 5611 εί

439 5643 533 5698 καὶ
557 5645 637 5708 είς
667 5643 830 5714 ὑμᾶς,
853 5645 983 5698 ὅπου
1026 5661 1088 5712 γε
1120 5646 1213 5698 καὶ
1235 5646 1314 5706 είς
1355 5645 1444 5700 τὸν
1465 5646 1740 5718 Δεσπότην
1765 5647 1830 5700 τὰ
1865 5645 2002 5702 αύτά

503 5839 521 5864 ⁸
546 5839 730 5893 Mavult
752 5845 804 5892 τὸ
826 5845 967 5895 εἰπεῖν
991 5844 1234 5896 Halesius.

1318 377 1384 432 IN
1426 373 1639 430 EPIST.
1677 372 1697 426 1
1739 369 1826 424 AD
1856 368 2194 432 THESSAL.
2225 372 2455 430 (CAPJI.
2480 369 2704 425 ΙΙΟΜΙΙ..
2744 364 2828 420 111.

3549 352 3650 408 ωε

2080 493 2358 563 ἐτόλμων;
2398 491 2583 560 Ὁρᾷς,
2618 485 2734 548 πῶς
2765 480 2895 534 αὐτὸ
2942 479 3201 548 εἰσήγαγε
3248 471 3488 544 μεγάλην
3531 471 3654 542 ἔχον

2081 581 2179 652 τὴν
2207 576 2587 650 παραμυθίαν;
2609 573 2718 626 Kal
2749 567 2986 637 συνεχῶς
3017 564 3174 618 τοῦτο
3207 560 3450 630 στρέφει,
3475 558 3568 612 καὶ
3597 559 3654 610 ἐν

2080 645 2300 729 πάσαις-
2333 645 2521 734 σγεδὸν
2572 658 2722 731 εὖροι
2765 673 2849 719 τις
2886 656 2952 708 ἂν
3002 651 3135 706 αὐτὸ
3179 650 3298 710 ταῖς
3343 645 3657 708 ἐπιστολαῖς

2080 753 2324 825 ἀκριϐῶς
2370 749 2657 817 ἐξετάζων,
2696 746 2812 808 πῶς
2862 745 2919 796 ἐν
2946 743 3058 804 τοῖς
3090 738 3414 814 πειρασμοῖς
3447 734 3536 788 ἀεὶ
3564 733 3654 787 τὸν

2082 821 2316 910 Χριστὸν
2369 835 2676 906 παραφέρει
2716 831 3011 899 διαφόρως.
3043 825 3189 895 Ὅρα
3234 822 3384 910 γοῦν·
3440 822 3534 874 καὶ
3566 821 3653 873 ἐν-

2080 909 2255 982 ταῦθα
2285 922 2606 994 κατηγορῶν
2640 920 2747 973 τῶν
2793 913 3083 975 Ἰουδαίων,
3111 913 3192 974 είς
3220 909 3524 980 ἀνάμνησιν
3553 909 3654 960 αὑ-

2081 1018 2208 1077 τοὺς
2235 1013 2390 1083 φέρει
2414 1010 2510 1063 τοῦ
2542 1007 2828 1068 Δεσπότου,
2865 1003 2960 1056 καὶ
2987 1000 3094 1054 τῶν
3120 997 3213 1052 τοῦ
3240 997 3510 1050 Δεσπότου
3535 1012 3657 1048 πα-

2084 1082 2340 1174 θημάτων
2359 1118 2372 1134 ·
2400 1098 2574 1160 οὕτως
2601 1093 2711 1148 οἶδε
2762 1092 3022 1162 μεγίστην
3056 1085 3409 1158 παραμυθίαν
3447 1083 3569 1153 ἕχον
3597 1082 3658 1134 τὸ

2083 1169 2334 1262 πρᾶγμα.
2351 1186 2474 1242 Τῶν
2495 1183 2714 1238 καὶτὸν
2729 1181 2946 1247 Κύριον
2957 1171 3453 1262 ἀποκτεινάντων,
3471 1169 3653 1240 φησίν.

2097 1254 2533 1344 ’Ᾰλλίὴγνόησαν
2559 1269 2718 1324 αὑτὸν
2745 1266 2894 1328 ἴσως.
2923 1264 3173 1317 Μάλιστα
3197 1259 3294 1329 μέν
3322 1254 3415 1311 οὖν
3436 1257 3655 1328 ᾔδεσαν.

2084 1367 2148 1419 Τί
2180 1363 2302 1428 δαί;
2334 1363 2454 1431 οὐχὶ
2485 1363 2579 1414 καὶ
2625 1359 2752 1422 τοὺς
2794 1354 2954 1415 ἰδίους
3008 1351 3291 1421 προφήτας
3330 1347 3658 1401 ἀπέκτειναν

2085 1457 2180 1509 καὶ
2227 1451 2629 1520 ἐλιθοϐόλησαν,
2663 1442 2738 1501 ὧν
2785 1447 2878 1499 καὶ
2924 1446 2992 1498 τὰ
3046 1442 3214 1512 τεύχη
3274 1439 3656 1510 περιφέρουσι;

2086 1542 2196 1596 Kal
2245 1541 2350 1611 μὴν
2402 1537 2578 1592 ταῦτα
2626 1537 2725 1589 οὐκ
2765 1532 3021 1603 ἀληθείας
3055 1531 3240 1584 ἐνεκεν
3279 1526 3652 1597 διεπράξαντο.

2087 1633 2200 1684 Οὐκ
2224 1631 2332 1700 ἄρα
2359 1625 2680 1699 παραμυθία
2713 1625 2870 1694 μόνον
2891 1622 3035 1674 ἐστὶν
3067 1619 3160 1671 ἐπὶ
3179 1621 3290 1681 τοῖς
3309 1617 3657 1686 πειρασμοῖς,

2086 1719 2222 1772 ἀλλὰ
2254 1718 2348 1771 καὶ
2373 1716 2678 1783 ὑπόμνησις
2697 1711 2789 1763 τοῦ
2816 1711 2888 1780 μὴ
2921 1707 3159 1776 νομίζειν
3187 1707 3270 1759 ὅτι
3299 1704 3366 1757 δι’
3400 1703 3659 1772 ἀλήθειαν

2086 1807 2259 1858 ταῦτα
2329 1801 2593 1862 ποιοῦσι,
2644 1798 2739 1851 καὶ
2788 1796 2880 1849 διὰ
2929 1795 3084 1848 τοῦτο
3138 1790 3501 1862 θορυϐεῖσθαι.
3549 1786 3660 1843 Kal

2088 1894 2267 1963 ἡμᾶς,
2299 1893 2481 1963 φησὶν,
2509 1885 2940 1950 ἐκδιωξάντων.
2967 1885 3077 1936 Καὶ
3100 1884 3279 1951 ἡμεῖς,
3307 1880 3461 1948 φησὶ,
3491 1875 3660 1948 μυρία

2086 1979 2234 2034 δεινὰ
2269 1976 2635 2045 πεπόνθαμεν.
2681 1973 2789 2027 Καὶ
2836 1969 2956 2036 Θεῷ
2995 1969 3080 2039 μὴ
3119 1966 3519 2036 ἀρεσκόντων,
3556 1963 3660 2016 καὶ

2089 2062 2277 2126 πᾶσιν
2338 2065 2668 2133 ἀνθρώποις
2724 2061 3030 2121 ἐναντίων,
3085 2054 3440 2108 κωλυόντων
3501 2049 3660 2118 ἡμᾶς

2089 2155 2209 2219 τοῖς
2239 2156 2440 2207 ἔθνεσι
2471 2149 2738 2217 λαλῆσαι
2788 2146 2887 2198 ἵνα
2920 2142 3174 2198 σωθῶσι.
3209 2138 3404 2194 Πᾶσιν
3436 2135 3660 2204 ἀνθρώ-

2089 2257 2245 2308 ποις,
2277 2241 2460 2311 φησὶν,
2501 2238 2809 2292 ἐναντίων.
2843 2233 3003 2296 Πῶς;
3036 2233 3098 2284 El
3131 2229 3236 2298 γὰρ
3269 2231 3332 2299 τῇ
3367 2229 3658 2296 οἰκουμένῃ

2089 2331 2170 2381 δεῖ
2209 2328 2459 2399 λαλῆσαι,
2483 2317 2628 2379 οὗτοι
2675 2324 2732 2376 δέ
2784 2319 3077 2380 κωλύουσι,
3121 2316 3291 2370 κοινο)⁵
3343 2315 3442 2384 τῆς
3477 2317 3655 2367 οἰκου-

2093 2417 2260 2486 μένης
2313 2415 2450 2466 είσὶν
2502 2411 2704 2481 ἐχθροί.
2755 2409 2858 2460 Τὸν
2905 2405 3138 2478 Χριστὸν
3186 2403 3503 2470 ἐφόνευσαν,
3533 2402 3660 2463 τοὺς

2091 2503 2500 2578 προφήτας,τὸν
2521 2502 2652 2554 Θεὸν
2684 2498 2985 2568 ὑϐρίζουσι,
3004 2494 3176 2549 κοινοὶ
3205 2495 3304 2562 τῆς
3334 2491 3660 2561 οἰκουμένης

2092 2595 2226 2648 εἰσὶν
2251 2593 2453 2662 ἐχθροὶ,
2479 2590 2622 2659 ἡμᾶς
2650 2587 2929 2640 ἐλαύνουσι
2951 2584 3076 2646 τοὺς
3101 2582 3194 2635 ἐπὶ
3219 2579 3462 2650 σωτηρίᾳ
3485 2595 3659 2650 παρα-

2091 2683 2442 2753 γενομένους·
2491 2679 2544 2731 τί
2593 2675 2926 2746 θαυμαστὴν,
2961 2673 3009 2725 εί
3035 2671 3126 2725 καὶ
3158 2673 3237 2732 εἰς
3267 2671 3410 2738 ὑμᾶς
3435 2666 3663 2720 τοιαῦτα

2094 2771 2453 2834 ἐπεδείξαντο,
2473 2768 2605 2820 ὅπου
2625 2782 2688 2833 γε
2718 2763 2812 2816 καὶ
2843 2763 2901 2815 ἐν
2923 2763 2989 2831 τῇ
3019 2757 3279 2828 Ἰουδαίᾳ;
3298 2757 3662 2810 κωλυόντων

2093 2859 2266 2927 ἡμᾶς,
2312 2856 2465 2925 φησὶ,
2517 2852 2640 2918 τοῖς
2678 2851 2881 2904 ἔθνεσι
2939 2843 3204 2914 λαλῆσαι
3253 2845 3354 2897 ἵνα
3403 2840 3660 2896 σωθῶσι.

2095 2946 2399 3008 Βασκανίας
2441 2945 2548 3013 ἄρα
2583 2942 2699 2994 ἐστὶ
2731 2940 2792 2992 τὸ
2819 2937 2917 3008 τὴν
2959 2936 3067 2989 τῶν
3105 2935 3320 2988 πάντων
3355 2930 3663 3002 ἐμποδίζειν

2097 3033 2388 3104 σωτηρίαν,
2422 3033 2524 3094 Εἰς
2555 3028 2622 3082 τὸ
2653 3023 3084 3093 ἀναπληρῶσαι
3115 3019 3314 3075 αὐτῶν
3347 3020 3454 3084 τὰς
3480 3017 3665 3084 ἀμαρ-

2094 3124 2226 3188 τίας
2254 3103 2553 3174 πάντοτε.
2601 3119 2863 3184 Ἔφθασε
2916 3112 2984 3165 δὲ
3032 3111 3123 3164 ἐπ’
3163 3107 3385 3173 αὐτοὺς
3433 3108 3472 3174 ἠ
3518 3103 3664 3174 ὀργὴ

2094 3210 2180 3272 εὶς
2223 3205 2418 3270 τέλος.
2466 3205 2662 3256 Οὐκέτι
2722 3201 2894 3254 ταῦτα
2955 3199 3109 3251 ἐσται
3159 3191 3246 3249 οἷα
3296 3194 3364 3247 τά
3401 3192 3664 3263 πρότερα,

2096 3296 2278 3350 οὐκέτι
2299 3294 2574 3356 ἐπάνοδος,
2592 3291 2774 3345 οὐκέτι
2800 3290 2973 3360 πέρας
2993 3303 3005 3316 ·
3027 3286 3140 3339 ἀλλ’
3163 3282 3331 3352 ἐγγὺς
3367 3281 3667 3350 ἐφέστηκεν

2096 3386 2129 3453 ἡ
2162 3384 2318 3452 ὀργή.
2352 3382 2520 3435 Πόθεν
2549 3380 2736 3448 δῆλονς
2780 3375 2912 3428 Ἀπὸ
2945 3374 3157 3436 τούτου,
3189 3371 3282 3439 ἀφ’
3317 3360 3378 3422 οὗ
3406 3369 3667 3438 προεῖπεν

2095 3452 2124 3522 ὁ
2156 3468 2407 3541 Χριστός.
2443 3468 2517 3520 Οὐ
2549 3465 2658 3534 γὰρ
2682 3462 2839 3516 τοῦτο
2883 3461 3041 3529 μόνον
3080 3458 3192 3528 ἔχει
3220 3453 3573 3525 παραμυθίαν
3602 3452 3668 3503 τὸ

2096 3539 2383 3616 κοινωνοὺς
2426 3552 2535 3604 τῶν
2579 3549 2813 3617 θλίψεων
2861 3546 3070 3609 λαϐεῖν,
3116 3543 3250 3597 ἀλλά
3295 3542 3388 3595 καὶ
3436 3540 3498 3593 τὸ
3540 3539 3667 3602 τοὺς

2098 3642 2375 3703 θλίϐοντας
2411 3637 2640 3691 ἀκοῦσαι
2671 3634 3139 3705 τιμωρουμένους.
3172 3631 3235 3682 Εἰ
3267 3629 3325 3681 δέ
3354 3628 3387 3697 ἡ
3431 3624 3667 3694 ἀναϐολὴ

2097 3731 2277 3793 λυπεῖ,
2319 3723 2750 3798 παραμυθεῖσθω
2781 3722 2840 3774 τὸ
2885 3720 3080 3789 μηκέτι
3130 3715 3410 3769 ἀνανεύειν
3449 3711 3665 3773 αὐτούς.

2097 3809 2310 3871 Μᾶλλον
2351 3814 2408 3866 δὲ
2454 3813 2548 3865 καὶ
2581 3811 2680 3878 τὴν
2711 3806 2981 3876 ἀναϐολὴν
3029 3802 3332 3856 συνέστειλε
3362 3799 3439 3867 τῷ
3469 3799 3664 3860 εἰπεῖν,

2109 3907 2177 3959 Ἡ
2201 3903 2368 3973 ὀργὴ,
2389 3901 2599 3963 δεικνὺς
2625 3899 2784 3951 πάλιν
2813 3893 3169 3966 ὀφειλομένην
3201 3892 3292 3944 καὶ
3316 3888 3666 3961 προωρισμέ-

2097 4013 2215 4067 νην,
2239 3992 2388 4066 [445]
2411 3991 2504 4045 καὶ
2531 3987 3029 4060 προφητευομένην.
3067 3981 3262 4052 Ἡμεῖς
3287 3979 3371 4044 δέ,
3399 3975 3664 4062 ἀδελφοί,

2097 4059 2643 4150 ἀπορφανῖσθέντες
2676 4074 2776 4143 ἀφ’
2821 4071 2989 4143 ὑμῶν
3036 4070 3184 4137 πρὸς
3246 4067 3456 4135 καιρὸν
3487 4059 3666 4130 ὥρας,

2101 4149 2418 4238 προσώπῳ,
2473 4166 2542 4219 οὐ
2600 4161 2830 4230 καρδίᾳ,
2873 4156 3312 4227 περισσοτέρως
3364 4149 3668 4205 ἐσπουδά-

2100 4274 2292 4328 σαμεν
2319 4256 2384 4309 τὸ
2423 4253 2745 4322 πρόσωπον
2792 4248 2960 4317 ὑμῶν
2999 4245 3145 4299 ἰδεῖν
3183 4244 3254 4296 ἐν
3298 4239 3499 4308 πολλῇ
3543 4239 3671 4292 ἐπι-

2100 4324 2298 4414 θυμίᾳ.
2355 4343 2470 4395 Οὐκ
2518 4337 2660 4401 εἷπε,
2704 4335 3086 4408 χωρισθέντες,
3131 4331 3248 4385 ἀλλ’
3291 4331 3319 4383 ὃ
3370 4329 3532 4381 πλέον
3575 4324 3662 4398 ἦν.

2100 4429 2264 4486 Εἶπεν
2302 4427 2557 4498 ἀνωτέρω
2589 4425 2717 4494 περὶ
2765 4424 2863 4492 τῆς
2897 4419 3208 4482 κολακείας,
3233 4417 3442 4479 δεικνὺς
3487 4415 3568 4467 ὅτι
3605 4413 3666 4466 οὐ

2102 4517 2406 4582 κολακεύει,
2439 4517 2519 4568 ὅτι
2568 4513 2626 4565 οὐ
2663 4513 2814 4580 ζητεῖ
2861 4509 3050 4572 δόξαν·
3090 4507 3236 4573 λέγει
3279 4501 3508 4557 ἐνταῦθα
3539 4503 3669 4572 περὶ

2101 4607 2198 4676 τῆς
2244 4604 2484 4672 ἀγάπης.
2526 4597 2743 4665 Ἐπειδὴ
2797 4591 2949 4647 εἶπεν
3005 4594 3278 4662 ἀνωτέρω·
3325 4591 3421 4656 Ὡς
3473 4587 3668 4655 πατὴρ

2100 4693 2304 4758 τέκνα,
2371 4689 2467 4749 Ὢ(-
2515 4685 2751 4754 τροεεὸς,
2803 4679 3033 4735 ἐνταῦθα
3095 4680 3190 4733 καὶ
3245 4677 3428 4748 ἐτερόν
3483 4693 3668 4745 φησιν,

2115 4761 2704 4847 ’Ᾰπορερανισθέντεα
2732 4771 2868 4839 ὅπερ
2902 4768 3017 4820 ἐστὶ
3050 4766 3255 4820 παίδων
3287 4765 3529 4834 πατέρας
3569 4763 3669 4833 ζηο

2102 4867 2354 4921 τούντων.
2386 4863 2495 4917 Kal
2528 4859 2632 4931 μὴν
2657 4861 2853 4911 ἐδπῖνοι
2891 4851 3407 4924 ἀπωρφανίσθησαν.
3440 4849 3536 4913 Οὒ,
3563 4867 3672 4922 φη-

2106 4958 2210 5019 σὶν,
2258 4953 2370 5008 ἀλλ’
2425 4952 2605 5021 ἡμεῖς.
2639 4948 2703 5000 El
2751 4946 2858 5015 γάρ
2909 4960 2993 5006 τις
3037 4944 3127 4994 τὸν
3162 4940 3325 4993 πόθον
3374 4939 3668 5004 ἐξετάσειε,

2105 5043 2354 5111 καθάπερ
2368 5039 2553 5094 παιδία
2573 5034 2743 5107 μικρά
2761 5031 3190 5102 ἀπροστάτευτα,
3215 5025 3389 5098 ἄωρον
3409 5026 3672 5097 ὀρφανίαν

2105 5131 2429 5192 ὑποστάντα,
2459 5129 2517 5179 ἐν
2553 5122 2732 5193 πολλῷ
2757 5120 2907 5190 πόθῳ
2943 5119 3049 5172 τῶν
3079 5119 3280 5186 γονέων
3308 5118 3467 5180 είσὶν,
3493 5115 3554 5168 οὐ
3585 5114 3674 5168 διὰ

2102 5224 2202 5292 τὴν
2237 5219 2399 5290 φύσιν
2447 5215 2606 5286 μόνον
2644 5211 2831 5279 αὐτὴν,
2865 5208 3001 5263 ἀλλὰ
3034 5209 3128 5261 καὶ
3162 5206 3248 5260 διὰ
3273 5205 3372 5278 τὴν
3395 5204 3635 5275 ἐρημίαν
3655 5220 3671 5235 ο

2103 5288 2345 5375 οῦτωίδὴ
2396 5304 2491 5358 καὶ
2535 5301 2716 5372 ἡμεῖς.
2771 5295 2867 5350 Ἐκ
2902 5294 3094 5349 τούτου
3139 5293 3235 5346 καὶ
3289 5292 3388 5360 τὴν
3432 5288 3671 5359 ἀθυμίαν

2103 5394 2269 5449 αὑτοῦ
2316 5390 2606 5452 δείκνυσιν,
2638 5387 2697 5439 ἐν
2806 5380 2874 5453 ἦν
2946 5381 3035 5436 διὰ
3074 5381 3166 5434 τὸν
3214 5376 3514 5449 χωρισμόν.
3560 5375 3680 5429 Kal

2103 5480 2296 5544 ταῦτα,
2328 5477 2514 5548 φησὶν,
2541 5475 2641 5530 οὐκ
2666 5472 2747 5527 ἔνι
2787 5473 2984 5535 εἰπεῖν,
3014 5469 3098 5523 ὅτι
3129 5465 3295 5520 πολὺν
3330 5465 3522 5536 χρόνον
3573 5465 3675 5518 ἀν-

2103 5570 2418 5640 εμείναμεν,
2448 5563 2584 5618 ἀλλά
2613 5561 2770 5633 Πρὸς
2785 5559 3013 5630 καιρὸν,
3041 5557 3136 5612 καὶ
3162 5553 3320 5608 τοῦτο
3347 5553 3674 5626 Προσώπφ,

2103 5637 2176 5714 οῦ
2207 5637 2447 5726 καρδία⁸
2471 5653 2558 5708 ἀεὶ
2584 5653 2692 5723 γὰρ
2722 5651 2864 5721 ὑμᾶς
2890 5648 3084 5718 ἔχομεν
3112 5645 3170 5697 ἐν
3197 5645 3266 5713 τῇ
3281 5643 3508 5714 διανοίᾳ.
3528 5637 3678 5712 ’θρα

2104 5747 2202 5816 ὅση
2223 5745 2409 5814 ἀγάπη
2426 5759 2441 5773 ο
2462 5739 2637 5796 καίτοι
2661 5738 2798 5808 ἔχων
2827 5736 3021 5796 αὐτοὺς
3045 5731 3338 5794 διαπαντὸς
3365 5732 3422 5783 ἐν
3450 5727 3663 5798 καρδία,

2107 5814 2201 5889 καί
2221 5831 2319 5902 τὴν
2344 5829 2462 5886 κατ’
2485 5825 2607 5899 ὄψιν
2638 5824 2818 5897 ἐζήτει
2845 5822 3165 5896 παρουσίαν.
3191 5819 3283 5890 Μή
3308 5833 3397 5888 μοι
3423 5815 3545 5885 λέγε
3566 5814 3666 5884 τὴν
