4114 6396
481 374 585 433 ιοε

475 491 737 562 περιττὴν
768 489 1085 560 φιλοσοφίαν
1104 507 1117 521 ·
1145 492 1301 545 τοῦτο
1329 494 1544 564 ἀληθῶς
1575 493 1786 565 θερμῆς
1811 495 2052 567 ἀγάπης,

473 584 535 634 τὸ
566 581 662 635 καὶ
694 582 823 634 ίδεῖν
853 581 946 633 καὶ
980 580 1208 633 ἀκοῦσαι
1259 584 1353 635 καὶ
1398 584 1593 649 εἰπεῖν,
1631 583 1727 635 καὶ
1782 584 1952 639 πολλά
1984 585 2052 639 ἂν

471 668 631 722 τοῦτο
652 686 715 722 συ
723 670 1029 739 μϐάλλοιτο.
1062 670 1524 740 Περισσοτέρως,
1548 673 1734 742 φησὶν,
1756 672 2056 729 ἐσπουδά-

452 772 692 825 ,σαμεν.
724 757 790 808 Τί
817 758 955 819 ἐστι,
987 757 1461 825 Περισσοτέρως;
1489 759 1560 811 Ἢ
1601 759 1760 814 τοῦτό
1799 764 1947 815 ἐστιν
1976 764 2055 815 εί-

473 846 618 908 πεῖν,
645 844 728 897 ὅτι
774 844 985 915 Σφόδρα
1032 845 1184 914 ὑμῶν
1212 846 1544 916 ἐξεχόμεθαο
1585 849 1618 918 ἢ
1658 850 1734 913 ὡς
1784 851 1932 914 εἰκὸς
1962 846 2052 922 ἦν,

475 933 541 984 ’Ὠ
546 948 645 1002 ραν
662 930 1082 998 ἀπολειφθέντες
1100 932 1509 1003 ἐσπουδάσαμεν
1525 936 1584 987 τὸ
1600 937 1888 1007 πρόσωπον
1901 938 2056 1009 ὑμῶν

474 1021 623 1075 ἰδεῖν.
647 1020 791 1093 Ὅρα
823 1024 915 1074 τὸν
945 1020 1214 1091 μακάριον
1244 1022 1474 1088 Παῦλον,
1504 1024 1632 1079 ὅταν
1663 1025 1739 1097 μὴ
1762 1026 1830 1079 δι’
1859 1027 2052 1081 ἑαυτοῦ

470 1109 695 1179 δύνηται
727 1107 971 1179 πληροῦν
1014 1109 1180 1163 αὐτοῦ
1222 1110 1316 1164 τὸν
1349 1112 1536 1177 πόθον,
1560 1115 1630 1168 δι’
1662 1115 1866 1189 ἐτέρων
1895 1115 2055 1170 τοῦτο

471 1194 763 1250 ποιοῦντα·
798 1196 989 1266 ῶσπερ
1016 1198 1105 1250 ὅτε
1145 1196 1283 1269 πρὸς
1329 1199 1724 1272 Φιλιππησίους
1764 1202 1857 1256 τὸν
1882 1203 2053 1275 Τιμό-

472 1285 594 1338 θεον
626 1285 858 1355 πέμπει,
883 1285 979 1338 καὶ
1008 1284 1145 1357 πρὸς
1182 1286 1507 1358 Κορινθίους
1545 1290 1711 1345 πάλιν
1748 1291 1839 1345 τὸν
1868 1291 2052 1352 αὐτὸν,

470 1374 538 1428 δι’
566 1375 766 1445 ἑτέρων
797 1375 978 1439 αὐτοῖς
1015 1378 1429 1449 συγγινόμενος,
1456 1381 1584 1436 ὅταν
1617 1382 1693 1453 μὴ
1737 1382 1961 1453 δύνηται
1987 1382 2052 1436 δι’

472 1460 688 1516 ἑαυτοῦ.
719 1462 1026 1533 Ἐρώμενυς
1049 1458 1241 1533 γὰρῆν
1264 1467 1489 1534 μανικός
1515 1483 1599 1530 τις
1616 1470 1712 1521 καὶ
1728 1467 2051 1533 ἀκάθεκτος,

471 1548 566 1602 καὶ
592 1549 963 1620 ἀκαρτέρητος
994 1551 1075 1614 είς
1100 1550 1301 1618 φιλίαν.
1326 1552 1424 1607 Διὸ
1446 1554 1836 1623 ἠθελήσαμεν
1855 1554 2056 1610 ἐλθεῖν

473 1639 623 1702 πρὸς
644 1634 820 1705 ὑμᾶς.
851 1636 1030 1707 Ὅπερ
1060 1637 1209 1691 ἐστὶν
1239 1639 1480 1710 ἀγάπης.
1506 1641 1695 1694 Καίτοι
1724 1658 1789 1710 γε
1820 1641 2055 1696 ἐνταῦθα

471 1721 731 1791 οὐδεμίαν
762 1723 955 1795 ἑτέραν
983 1723 1179 1795 χρείαν
1200 1726 1385 1794 φησὶν,
1406 1726 1520 1779 ἀλλ’
1549 1728 1636 1782 ἵνα
1663 1729 1861 1798 ἴδωμεν
1885 1730 2050 1798 ὑμᾶς.

485 1809 626 1876 Ἐγὼ
648 1808 765 1878 μὲν
788 1810 1049 1878 Παῦλος,
1076 1811 1170 1866 καὶ
1193 1812 1356 1878 ἅπαξ
1377 1813 1476 1867 καὶ
1496 1813 1591 1881 δίς
1610 1816 1734 1869 ’καὶ
1757 1815 2055 1885 ἐνέκοψεν

474 1897 507 1949 ό
535 1895 824 1959 Σατανᾶς.

543 1990 611 2051 γ’.
637 1985 700 2037 Τί
729 1984 934 2054 λέγεις;
964 1988 999 2041 ό
1026 1986 1299 2055 Σατανᾶς
1325 1988 1634 2057 ἐγκόπτει;
1670 1989 1811 2043 Ναί·
1846 1990 1910 2043 οὑ
1939 1989 2048 2061 γὰρ

471 2072 610 2125 Θεοῦ
641 2072 799 2127 τοῦτο
841 2073 998 2147 ἐργον
1024 2070 1112 2147 ἦν.
1167 2077 1290 2131 Ἐπὶ
1327 2078 1426 2148 μὲν
1470 2079 1581 2149 γάρ
1608 2079 1716 2133 τῶν
1756 2079 2044 2149 Ῥωμαίων

473 2160 661 2229 φησὶν,
696 2161 779 2214 ὅτι
808 2161 837 2213 6
865 2161 997 2225 Θεὸς
1029 2163 1302 2217 ἐκώλυσε·
1337 2166 1432 2218 καὶ
1471 2165 1706 2236 ἀλλαχοῦ
1730 2165 1789 2219 δέ
1825 2184 1988 2237 φησιν
2022 2170 2051 2222 6

474 2246 706 2310 Λουκᾶς,
732 2248 813 2301 ὅτι
847 2247 920 2299 Τὸ
943 2248 1168 2321 Πνεῦμα
1196 2250 1519 2305 διεκώλυσεν
1544 2253 1743 2317 αὐτοὺς
1773 2253 1947 2308 ἐλθεῖν
1972 2257 2053 2320 είς

472 2332 573 2402 τὴν
623 2333 838 2387 Ἀσίαν·
870 2335 965 2388 καὶ
1009 2336 1317 2407 Κορινθίοις
1346 2350 1372 2378 ιι
1417 2338 1511 2392 τοῦ
1545 2341 1858 2412 Πνεύματός
1888 2359 2051 2412 φησιν

473 2415 614 2472 εἶναι
641 2421 702 2474 τὸ
750 2420 930 2494 ἔργον,
964 2423 1199 2478 ἐνταῦθα
1229 2424 1286 2478 δὲ
1332 2426 1490 2496 μόνον
1519 2428 1615 2481 τοῦ
1647 2430 1885 2484 Σατανᾶ.
1916 2429 2050 2483 Τίνα

472 2506 531 2559 δὲ
582 2507 730 2576 λέγει
782 2509 1027 2579 ἐγκοπὴν
1061 2509 1157 2564 τοῦ
1213 2513 1456 2579 Σατανᾶ;
1501 2515 1851 2587 Πειρασμούς
1899 2535 2051 2582 τινας

472 2595 913 2667 ἀπροσδοκήτους
941 2598 1037 2651 καὶ
1077 2598 1360 2669 σφοδρούς.
1395 2602 1694 2673 Γενομένης
1724 2604 1835 2674 γάρ
1880 2605 2045 2676 αὐτῷ,

473 2685 661 2752 φησὶν,
704 2684 993 2755 ἐπιϐουλῆς
1032 2685 1136 2738 ὑπὸ
1168 2686 1276 2738 τῶν
1328 2687 1616 2754 Ἰουδαίων,
1663 2690 1945 2761 κατείχετο
1991 2694 2050 2746 ὲν

470 2772 539 2840 τῇ
581 2770 787 2825 Ἐλλάδι
812 2775 961 2843 τρεῖς
989 2774 1182 2844 μῆνας.
1210 2775 1438 2846 Ἕτερον
1474 2775 1532 2829 δέ
1563 2778 1712 2831 ἐστιν
1740 2778 2051 2850 οίκονομίας

472 2856 662 2910 ἕνεκεν
703 2859 1039 2929 παραμένειν
1070 2860 1164 2913 καὶ
1192 2861 1404 2926 ἑκόντα,
1442 2864 1539 2917 καὶ
1569 2863 1753 2935 ἕτερον
1783 2867 2049 2934 ἐγκοπτό-

474 2961 657 3012 μενον.
704 2946 852 2998 Ἐκεῖ
887 2946 986 3014 μὲν
1010 2946 1120 3017 γὰρ
1139 2949 1273 3018 φησι
1291 2965 1304 2978 ·
1326 2951 1422 3003 Διὸ
1440 2951 1658 3020 μηκέτι
1685 2956 1873 3008 τόπον
1894 2955 2051 3023 ἔχων

470 3032 541 3083 ἐν
585 3031 702 3098 τοῖς
752 3033 1003 3102 κλίμασι
1052 3036 1305 3102 τούτοις,
1333 3037 1449 3101 καὶ,
1478 3038 1832 3108 Φειδόμενος
1883 3041 2053 3111 ὑμῶν

474 3119 683 3173 οὐκέτι
720 3116 915 3190 ἦλθον
969 3124 1056 3186 είς
1106 3121 1432 3190 Κόρινθον·
1483 3125 1718 3180 ἐνταῦθα
1782 3129 1839 3181 δὲ
1898 3128 2051 3183 οὐδὲν

470 3206 730 3271 τοιοῦτον,
760 3208 896 3261 άλλά
923 3209 1004 3276 τί;
1032 3209 1181 3282 [444]
1210 3211 1339 3265 Ὅτι
1362 3216 1394 3267 ό
1427 3214 1697 3281 Σατανᾶς
1733 3216 2047 3285 ἐνέκοψεν.

484 3293 633 3363 Ἐγὼ
656 3293 792 3363 μὲν,
824 3297 979 3365 φησὶ,
1013 3297 1277 3361 Παῦλος,
1309 3298 1408 3354 καί
1438 3298 1600 3364 ἅπαξ
1633 3301 1733 3354 καί
1761 3301 1876 3369 δίς.
1908 3305 2050 3374 Ὅρα

471 3383 592 3446 πῶς
621 3384 985 3455 φιλοτιμεῖται
1014 3386 1107 3438 καὶ
1136 3387 1622 3453 ἐγκαλλωπίζεται.
1650 3388 1818 3444 θέλων
1851 3391 2045 3458 δεῖξαι,

471 3473 554 3526 ὅτι
606 3472 841 3541 μάλιστα
890 3474 1109 3526 πάντων
1148 3475 1345 3539 αὐτοὺς
1399 3475 1592 3544 ἐφίλει.
1623 3479 1715 3542 Τὸ,
1753 3480 1898 3547 Ἐγὼ
1931 3479 2049 3548 μὲν

473 3558 738 3624 Παῦλος,
778 3558 900 3620 ἀντὶ
950 3560 1064 3613 τοῦ·
1103 3561 1169 3614 Εἰ
1209 3562 1299 3615 καὶ
1333 3561 1407 3632 μὴ
1439 3564 1489 3615 οἱ
1542 3563 1711 3630 ἄλλοι,
1740 3566 1893 3635 φησί.
1935 3568 2044 3620 Κά-

476 3649 645 3700 κεῖνοι
679 3647 778 3715 μὲν
800 3646 909 3718 γάρ
936 3647 1127 3717 ἤθελον
1153 3651 1333 3718 μόνον,
1358 3651 1469 3718 ἐγὼ
1496 3651 1552 3704 δέ
1573 3652 1665 3705 καὶ
1693 3654 2045 3725 ἐπεχείρησα.

478 3741 574 3804 Τίς
613 3738 724 3807 γὰρ
762 3739 905 3807 ἡμῖν
951 3740 1145 3805 ἐλπὶς,
1194 3742 1231 3809 ἢ
1275 3746 1453 3811 χαρὰ,
1500 3744 1538 3811 ἢ
1572 3746 1871 3813 στέφανος
1901 3765 2047 3802 καυ-

473 3825 741 3895 χήσεως;
762 3828 837 3881 "H
863 3827 996 3893 οὐχὶ
1029 3828 1125 3879 καί
1148 3827 1314 3896 ὑμεῖς
1335 3829 1673 3899 ἔμπροσθεν
1696 3833 1801 3886 τοῦ
1828 3836 2048 3901 Κυρίου

473 3913 644 3983 ἡμῶν
688 3915 893 3983 Ἰησοῦ
935 3916 1191 3983 Χριστοῦ
1236 3916 1308 3973 ἐν
1348 3918 1421 3986 τῇ
1468 3921 1771 3988 παρουσίᾳ
1817 3924 2046 3988 αὐτοῦ;

474 4002 781 4066 Μακεδόνες
823 4002 952 4068 εἰσὶ,
985 4005 1107 4056 είπέ
1153 4022 1268 4071 μοι,
1316 4008 1350 4077 ἠ
1390 4007 1544 4069 ἐλπίς
1579 4024 1693 4073 σου,
1720 4002 1765 4060 ὦ
1812 4011 2048 4080 μακάριε

475 4091 687 4153 Παῦλε;
719 4092 829 4162 Οὐχ
860 4088 1005 4147 οὗτοι
1042 4094 1217 4164 μόνοι,
1245 4095 1410 4165 φησί·
1442 4096 1531 4149 διά
1552 4096 1710 4151 τοῦτο
1739 4099 2044 4170 ἐπήγαγεν·

477 4181 551 4234 Ἦ
581 4180 718 4250 οὐχὶ
759 4179 859 4234 καί
898 4180 1068 4250 ὑμεῖς
1082 4197 1100 4245 ;
1141 4183 1236 4246 Τίς
1280 4183 1391 4252 γάρ
1436 4184 1607 4237 ἐστιν
1652 4184 1816 4254 ἡμῖν,
1861 4190 2045 4257 φησὶν,

474 4268 671 4335 ἐλπὶς,
719 4269 758 4337 ἣ
821 4270 994 4338 χαρὰ,
1041 4269 1081 4338 ἢ
1133 4270 1433 4339 στέφανος
1489 4273 1871 4340 καυχήσεως;
1904 4271 2051 4347 Ἄρα

475 4355 871 4424 ἐπιγινώσκετε
895 4356 962 4409 τά
993 4358 1211 4428 ῥήματα
1233 4358 1509 4426 γυναικῶν
1531 4359 1658 4413 ὄντα
1679 4360 1820 4413 πάνυ
1842 4361 2051 4434 διαθερ-

481 4443 822 4514 μαινομένων
852 4446 961 4505 τοῖς
997 4443 1343 4514 σπλάγχνοις,
1367 4445 1461 4498 καὶ
1495 4445 1631 4516 πρὸς
1659 4445 1848 4499 παιδία
1881 4447 2051 4518 μικρά

475 4532 872 4602 διαλεγομένων
892 4549 907 4598 ;
932 4533 1040 4587 Καὶ
1064 4532 1385 4601 στέφανος,
1407 4535 1561 4603 φησὶ,
1587 4534 1959 4603 καυχήσεως.
1974 4536 2049 4590 Οὐ

475 4623 584 4692 γὰρ
613 4622 771 4691 ἤρκει
798 4620 858 4673 τὸ
880 4620 1144 4689 στέφανος
1180 4620 1351 4691 ὄνομα
1368 4621 1536 4686 δεῖξαι
1551 4621 1648 4693 τὴν
1668 4622 2046 4694 λαμπρότητα,

475 4708 612 4760 ἀλλά
644 4707 949 4777 προσέθηκε
975 4708 1088 4770 καὶ,
1116 4707 1502 4777 Καυχήσεως.
1535 4709 1714 4781 Πόσης
1752 4708 2052 4779 πυρώσεως

475 4794 668 4858 τοῦτο;
707 4794 820 4846 Οὐκ
852 4793 917 4846 ἄν
955 4811 1083 4846 ποτε
1116 4796 1320 4866 μήτηρ,
1353 4796 1473 4849 οὐδὲ
1500 4796 1701 4867 πατὴρ,
1731 4797 1787 4849 εἴ
1814 4813 1879 4865 γε
1913 4798 2050 4867 ὁμοῦ

478 4884 761 4952 συνῆλθον,
790 4883 998 4937 καὶτὸν
1034 4884 1243 4937 ἑαυτῶν
1276 4886 1600 4956 ἀνεμίξαντο
1641 4885 1826 4949 πόθον,
1851 4887 2049 4958 ἠδυνή-

475 4974 649 5043 θησαν
678 4970 849 5037 δεῖξαι
895 4971 1180 5043 ἰσόρροπον
1207 4971 1335 5025 ὄντα
1365 4971 1442 5042 τῷ
1489 4971 1687 5044 Παύλῳ
1713 4973 1805 5026 τὸν
1844 4974 2049 5027 ἐαυτῶν

476 5057 658 5111 πόθον.
682 5059 863 5125 Χαρὰ,
895 5058 1049 5127 φησὶ,
1074 5058 1173 5111 καὶ
1202 5060 1521 5128 στέφανος·
1548 5060 1813 5128 τουτέστι,
1834 5060 2050 5114 Μᾶλλον

477 5147 561 5215 ἐφ’
592 5146 739 5215 ὑμῖν,
773 5146 956 5215 φησὶν,
991 5146 1313 5216 ἀγάλλομαι,
1343 5148 1376 5217 ἢ
1410 5148 1502 5200 ἐπὶ
1530 5149 1799 5219 στεφάνῳ.
1839 5149 2051 5219 Ἐννόη-

479 5251 572 5286 σον
604 5234 712 5303 γάρ
741 5233 865 5286 ὅσον
912 5235 1059 5287 ἐστὶν
1101 5235 1427 5306 Ἐκκλησίαν
1455 5234 1745 5307 ὁλόκληρον
1794 5241 2051 5308 παρεῖναι

478 5321 832 5389 φυτευθεῖσαν
858 5323 954 5374 καὶ
982 5321 1303 5391 ῥιζωθείσαν
1333 5324 1439 5376 ὑπὸ
1470 5324 1704 5379 Παύλου.
1726 5325 1822 5390 Τίς
1856 5326 1955 5379 οὐκ
1985 5326 2050 5379 ἂν

478 5409 573 5462 ἐπὶ
623 5410 859 5481 τοσαύτῃ
906 5410 1233 5482 πολυπαιδίᾳ
1285 5415 1379 5465 καὶ
1430 5413 1684 5483 εὐπαιδίᾳ
1730 5414 2045 5482 ἀγάλλοιτο;

479 5496 645 5551 Ὥστε
692 5498 814 5551 οὺδέ
856 5499 1014 5551 τοῦτο
1066 5500 1355 5562 κολακείας
1398 5502 1563 5555 ἐστίν.
1603 5502 1678 5554 Οὐ
1728 5502 1836 5573 γάρ
1876 5499 2049 5567 εἶπεν,

492 5584 701 5655 Ὑμεῖς,
727 5585 935 5651 ἁπλῶς,
960 5585 1118 5647 ἀλλὰ,
1149 5587 1258 5640 Καὶ
1289 5587 1479 5656 ὑμεῖς,
1521 5592 1658 5658 μετά
1710 5590 1819 5642 τῶν
1853 5590 2046 5644 ἄλλων.

492 5672 687 5739 ’Υμεῐς
732 5673 841 5742 γάρ
884 5674 1025 5725 ἐστε
1068 5674 1107 5741 ἡ
1148 5674 1298 5739 δόξα
1340 5674 1509 5743 ἡμῶν
1537 5678 1633 5730 καὶ
1681 5678 1720 5745 ἡ
1750 5677 1921 5746 χαρά.
1953 5680 2049 5731 Διὸ

477 5759 692 5828 μηκέτι
738 5759 1056 5828 στέγοντες
1117 5761 1537 5834 εὐδοκήσαμεν
1588 5762 2048 5835 καταλειφθῆναι

549 5908 576 5937 ⁸
604 5905 757 5971 Unus,
777 5910 857 5957 καὶ
882 5910 956 5958 ἐπὶ
976 5910 1248 5971 Κορινθίων.

1229 377 1286 431 S.
1323 375 1603 434 JOANNIS
1636 379 2127 438 CHRYSOSTOMI
2165 383 2483 441 ARCHIEP.
2525 384 3069 442 CONSTANTINOP.

3623 389 3731 443 MO

2160 496 2231 550 ἐν
2272 498 2537 566 Ἀθήναις
2564 501 2752 568 μόνοι.
2784 500 2955 555 Τοῦτο
2979 498 3132 556 εἶπεν
3161 503 3280 557 ἀντὶ
3309 506 3424 570 τοῦ,
3462 505 3735 575 εἱλόμεθα.

2160 584 2270 673 Kal
2303 586 2657 657 ἐπέμψαμεν
2688 592 2966 659 Τιμόθεον
2994 591 3102 653 τὸν
3125 591 3393 661 ἀδελφὸν
3414 593 3601 660 ἡμῶν,
3637 596 3738 648 καὶ

2158 670 2442 725 διάκονον
2485 676 2593 728 τοῦ
2634 675 2806 740 Θεοῦ,
2846 678 2945 729 καί
2994 679 3295 747 συνεργὸν
3336 678 3505 747 ἡμῶν
3545 680 3613 732 ἐν
3658 679 3741 745 τῷ

2158 760 2505 829 Εὑαγγελίῳ
2531 760 2638 815 τοῦ
2684 762 2962 830 Χριστοῦ.
2995 764 3104 817 Καὶ
3134 765 3292 817 τοῦτο
3337 766 3398 818 οὐ
3428 766 3520 819 τὸν
3568 767 3740 837 Τιμό-

2158 844 2278 898 θεον
2333 848 2595 919 ἐπαίρων,
2626 851 2810 921 φησὶν,
2855 850 2969 903 ἀλλ’
3024 852 3222 915 αὐτοὺς
3272 853 3466 922 τιμῶν,
3518 855 3601 907 ὅτι
3645 855 3739 908 τὸν

2158 935 2447 1003 συνεργὸν,
2512 936 2609 990 καὶ
2676 936 2923 991 διάκονον
2986 937 3080 991 τοῦ
3147 937 3483 1007 Εὑαγγελίου
3553 940 3737 1005 αὐτοῖς

2155 1020 2427 1091 ἐπεμψεν·
2459 1022 2534 1086 ὡς
2581 1024 2648 1078 ἂν
2683 1027 2731 1078 εί
2758 1025 2961 1091 ἔλεγεν·
3010 1028 3452 1091 Ἀποσπάσαντες
3498 1029 3604 1081 ἀπὸ
3628 1031 3739 1085 τῶν

2155 1102 2331 1177 ἐργων
2364 1110 2689 1181 ἐπέμψαμεν
2716 1112 2855 1182 πρὸς
2885 1113 3029 1183 ὑμᾶς
3055 1112 3149 1166 τὸν
3180 1113 3424 1166 διάκονον
3451 1114 3545 1167 τοῦ
3575 1115 3734 1181 Θεοῦ,

2156 1198 2253 1251 καὶ
2291 1201 2550 1269 συνεργὸν
2599 1200 2760 1271 ἡμῶν
2810 1204 2868 1255 ἐν
2897 1203 2974 1272 τῷ
3007 1202 3325 1273 Εὐαγγελίῳ
3354 1202 3449 1255 τοῦ
3476 1204 3733 1274 Χριστοῦ.

2156 1280 2292 1338 Εἶτα
2324 1288 2419 1339 καὶ
2454 1288 2487 1356 ἡ
2525 1289 2704 1341 αἰτία·
2731 1291 2837 1354 Εὶς
2878 1288 2946 1341 τὸ
2976 1288 3257 1355 στηρίξαι
3302 1287 3456 1357 ὑμᾶς
3493 1291 3590 1343 καὶ
3627 1306 3737 1342 πα-

2149 1374 2490 1439 ρακαλέσαι
2529 1378 2682 1444 ὑπερ
2709 1375 2818 1443 τῆς
2859 1377 3117 1442 πίστεως
3160 1374 3347 1445 ὑμῶν,
3396 1374 3477 1441 τῷ
3501 1377 3737 1446 μηδένα

2155 1460 2475 1515 σαίνεσθαι
2504 1462 2572 1515 ἐν
2598 1461 2727 1527 ταῖς
2756 1463 3003 1530 θλίψεσι
3032 1463 3294 1527 ταύταις.
3325 1462 3389 1515 Τί
3417 1463 3481 1532 δὴ
3504 1463 3737 1517 ἐνταῦθά

2157 1563 2351 1616 φησιν;
2394 1548 2612 1618 Ἐπειδὴ
2642 1547 2752 1601 τῶν
2796 1548 3132 1602 διδασκάλων
3160 1549 3210 1601 οἱ
3244 1550 3540 1619 πειρασμοὶ
3568 1550 3735 1621 θορυ-

2157 1633 2313 1686 ϐοῦσι
2370 1634 2495 1698 τοὺς
2554 1632 2824 1704 μαθητὰς,
2866 1636 2990 1688 τότε
3052 1634 3109 1688 δὲ
3169 1635 3383 1700 πολλοῖς
3440 1637 3732 1708 περιέπεσε

2155 1724 2498 1791 πειρασμοῖς,
2544 1721 2620 1784 ὡς
2674 1722 2770 1774 καὶ
2820 1721 2982 1785 αὐτός
3032 1739 3216 1792 φησιν,
3266 1724 3348 1775 ὃτι
3408 1723 3734 1792 Ἐνέκοψεν

2153 1806 2313 1875 ἡμᾶς
2354 1810 2389 1861 ό
2427 1806 2718 1874 Σατανᾶς·
2760 1807 3143 1879 ἀνακτώμενος
3199 1809 3397 1873 αὐτοὺς
3451 1809 3625 1873 οὕτως
3656 1810 3734 1864 εῖ-

2154 1912 2342 1967 ρηκεν.
2375 1898 2441 1949 Ὃ
2470 1896 2525 1949 δὲ
2559 1896 2727 1964 λέγει,
2748 1896 2904 1949 τοῦτό
2934 1899 3083 1950 ἐστι·
3114 1897 3223 1950 Καὶ
3253 1898 3400 1965 ἅπαξ
3430 1900 3525 1953 καὶ
3550 1899 3731 1953 δεύτε-

2154 2001 2246 2056 ρον
2277 1984 2469 2056 ἤθελον
2488 1985 2685 2048 ἐλθεῖν,
2715 1988 2811 2038 καὶ
2837 1986 2937 2039 οὐκ
2970 1985 3166 2058 ἴσχυσα
3184 2006 3195 2016 ·
3221 1988 3248 2040 ὃ
3270 1988 3469 2059 πολλης
3496 1988 3616 2057 βίας
3636 1982 3727 2058 ἧν.

2151 2072 2312 2136 Εἰκὸς
2341 2073 2399 2125 δὲ
2428 2074 2587 2125 τοῦτο
2619 2072 2920 2145 θορυϐῆσαι
2958 2074 3177 2138 αὐτούς.
3201 2076 3275 2128 Οὐ
3307 2075 3414 2146 γὰρ
3445 2074 3617 2138 οὕτως
3637 2075 3730 2128 ἐπὶ

2150 2163 2260 2224 τοῖς
2290 2160 2511 2224 οἰκείοις
2541 2165 2886 2231 πειρασμοῖς,
2910 2162 2986 2224 ώς
3012 2162 3106 2215 ἐπὶ
3125 2164 3238 2224 τοῖς
3260 2162 3367 2214 τῶν
3396 2161 3729 2215 διδασκάλων

2152 2247 2505 2315 θορυϐοῦνται
2536 2250 2585 2301 oi
2633 2248 2902 2319 μαθηταί·
2930 2248 3121 2318 ῶσπερ
3150 2248 3270 2301 οὐδὲ
3292 2247 3463 2311 οὕτως
3497 2248 3589 2300 ἐπὶ⁵
3618 2246 3729 2299 τῶν

2150 2334 2366 2391 οἰκείων
2403 2335 2711 2404 θορυϐεῖται
2746 2333 3070 2406 πειρασμῶν
3109 2333 3466 2406 στρατιώτης,
3500 2333 3576 2397 ὼς
3601 2334 3728 2387 ὅταν

2151 2422 2244 2476 τὸν
2289 2422 2596 2492 στρατηγὸν
2647 2423 2733 2496 ῖδῃ
2783 2423 3133 2493 βεϐλημένον.
3175 2423 3279 2488 Είς
3332 2423 3400 2475 τὸ
3450 2421 3727 2489 στηρίξαι

2150 2508 2328 2578 ὑμᾶς,
2361 2510 2546 2579 φησίν.
2572 2510 2715 2580 ’Δρα
2743 2509 2832 2563 διά
2859 2510 2919 2563 τὸ
2949 2512 3024 2581 μὴ
3061 2510 3430 2579 θορυϐηθῆναι
3460 2508 3722 2579 ἐπεμψεν,

2149 2596 2265 2650 ἀλλ’
2314 2598 2413 2666 οὐχ
2460 2598 2536 2660 ὡς
2583 2597 2931 2661 ἐλλείποντάς
2988 2615 3041 2651 τι
3085 2599 3184 2668 τῆς
3228 2597 3487 2661 πίστεως,
3515 2598 3623 2649 οὐδ’
3649 2597 3725 2660 ὡς

2150 2683 2461 2751 ὀφείλοντάς
2494 2702 2547 2737 τι
2602 2686 2814 2755 μαθεῖν.
2847 2684 2958 2738 Καὶ
2989 2684 3403 2754 παρακαλέσαι
3441 2683 3592 2753 ὑπὲρ
3615 2683 3726 2751 τῆς

2151 2773 2411 2837 πίστεως
2460 2771 2664 2841 ὑμῶν,
2705 2770 2785 2837 τῷ
2838 2770 3073 2840 μηδένα
3123 2772 3441 2826 σαίνεσθαι
3486 2774 3556 2826 ὲν
3596 2771 3726 2836 ταῖς

2151 2860 2399 2928 θλίψεσι
2438 2861 2712 2926 ταύταις·
2742 2860 2912 2914 αὐτοὶ
2943 2859 3056 2930 γὰρ
3088 2861 3288 2914 οἴδατε
3321 2861 3411 2913 ὅτι
3431 2864 3521 2927 είς
3552 2860 3727 2914 τοῦτο

2150 2947 2410 3015 κείμεθα.
2440 2947 2549 3000 Καὶ
2589 2946 2701 3016 γὰρ
2731 2947 2830 3000 ὅτε
2859 2948 3010 3016 πρὸς
3055 2948 3214 3017 ὑμᾶς
3259 2944 3434 3017 ἦμεν,
3477 2947 3727 3017 προελέ-

2150 3051 2334 3104 γομεν
2367 3034 2531 3103 ὑμῖν,
2557 3033 2645 3087 ὅτι
2673 3034 2977 3103 μέλλομεν
3002 3033 3155 3105 [445]
3178 3035 3509 3100 θλίϐεσθαι,
3536 3031 3730 3097 καθὼς

2150 3122 2249 3174 καὶ
2279 3121 2536 3191 ἐγένετο,
2568 3120 2666 3174 καὶ
2697 3121 2915 3175 οἴδατε.
2952 3122 3026 3174 Οὐ
3060 3121 3141 3173 δεῖ
3166 3119 3535 3188 θορυϐεῖσθαι,
3563 3117 3724 3188 φησί·

2150 3213 2245 3265 καὶ
2273 3213 2381 3282 γὰρ
2411 3213 2563 3265 οὐδὲν
2602 3213 2776 3278 ξένον,
2826 3212 2980 3265 οὐδὲν
3028 3213 3157 3281 παρ’
3187 3210 3377 3264 ἐλπίδα
3406 3209 3724 3281 συμϐαίνει·

2154 3300 2293 3369 ὅπερ
2344 3299 2525 3353 ἱκανὸν
2565 3298 2632 3369 ἦν
2674 3300 2872 3362 αὐτοὺς
2909 3298 3281 3367 διαναστῆσαι.
3320 3298 3484 3369 Ὁρᾷς
3520 3298 3603 3351 ὅτι
3639 3295 3729 3360 διὰ

2147 3389 2307 3442 τοῦτο
2331 3390 2470 3441 καὶὸ
2488 3388 2720 3458 Χριστὸς
2752 3387 3015 3459 προέλεγε
3040 3390 3153 3451 τοῖς
3180 3388 3445 3458 μαθηταῖς
3465 3404 3479 3451 ;
3499 3387 3728 3441 ἄκουσον

2148 3476 2259 3547 γὰρ
2289 3476 2453 3529 αὑτοῦ
2486 3476 2735 3544 λέγοντος
2756 3492 2769 3506 ·
2813 3475 3048 3543 Ἆπιὶρτι
3091 3471 3268 3529 εἷπον
3291 3474 3435 3544 ὑμῖν
3471 3473 3587 3542 πρὸ
3622 3472 3728 3526 τοῦ

2148 3563 2462 3632 γενέσθαι,
2503 3562 2605 3625 ἵν’,
2638 3561 2786 3615 ὅταν
2828 3561 3091 3632 γένηται,
3134 3562 3524 3629 πιστεύσητε.
3566 3561 3728 3628 Μέγα

2148 3651 2277 3721 γάρ,
2322 3650 2493 3711 ὅντως
2538 3648 2679 3717 μέγα
2736 3650 2814 3712 εἰς
2872 3649 3225 3719 παραμυθίαν
3261 3649 3371 3701 τῶν
3426 3648 3622 3711 ἄλλων,
3666 3647 3730 3700 τὸ

2149 3739 2301 3806 παρὰ
2335 3737 2445 3791 τῶν
2477 3736 2812 3789 διδασκάλων
2845 3735 3078 3790 ἀκοῦσαι
3110 3736 3179 3789 τά
3202 3737 3481 3806 γινόμενα.
3514 3737 3727 3804 ’Ὠσπερ

2148 3826 2255 3894 γὰρ
2306 3828 2334 3879 6
2389 3826 2614 3895 κάμνων
2671 3824 2824 3893 παρά
2860 3823 2955 3877 τοῦ
2998 3823 3205 3894 ἰατροῦ,
3246 3824 3341 3879 ἐὰν
3384 3823 3593 3894 ἀκούσῃ
3642 3824 3730 3876 ὅτι

2147 3914 2266 3967 τόδε
2299 3914 2509 3982 γίνεται
2544 3913 2638 3967 καὶ
2667 3914 2806 3975 τόδε,
2831 3913 2893 3966 οὐ
2929 3912 3133 3982 σφόδρα
3167 3912 3476 3982 θορυϐεῖται
3499 3930 3512 3943 ·
3546 3913 3643 3965 ἐάν
3667 3912 3729 3965 δὲ

2150 4001 2569 4072 ἀπροσδοκήτως
2602 3999 2759 4073 ἐκϐῇ,
2788 4000 2863 4062 ῶς
2910 3999 3164 4052 κάκείνου
3211 3999 3601 4071 ἀπορηθέντος,
3631 3999 3730 4052 καὶ

2148 4088 2242 4140 τοῦ
2264 4088 2567 4159 νοσήματος
2601 4085 2847 4158 μείζονος
2867 4086 2968 4155 τῆς
3001 4086 3197 4156 τέχνης
3234 4086 3545 4156 γενομένου,
3573 4086 3727 4140 ἀλύει

2148 4173 2245 4226 καὶ
2274 4172 2610 4239 θορυϐεῖται·
2640 4171 2784 4226 οὕτω
2822 4172 2917 4226 καὶ
2946 4171 3203 4226 ἐνταῦθα.
3235 4173 3414 4242 Ἀπερ
3442 4172 3727 4243 προειδὼς,

2148 4261 2176 4313 6
2193 4260 2422 4324 Παῦλος,
2437 4264 2694 4331 προεῖπεν
2708 4260 2890 4324 αὐτοῖς
2913 4261 3033 4313 Ὅτι
3057 4258 3364 4330 μέλλομεν
3384 4262 3688 4314 θλίϐεσθαι
3705 4275 3723 4291 ·

2148 4348 2370 4414 Καθὼς,
2408 4349 2561 4418 φησὶ,
2619 4346 2719 4400 καὶ
2766 4346 3002 4417 ἐγένετο
3058 4346 3157 4401 καὶ
3210 4346 3428 4401 οἴδατε.
3482 4348 3593 4418 Οὐχ
3644 4348 3729 4402 ὅτι

2150 4434 2364 4503 ἐγένετο
2407 4435 2565 4488 τοῦτο
2586 4434 2735 4503 λέγει
2770 4437 2951 4508 μόνον,
2988 4434 3105 4488 ἀλλ’
3138 4436 3221 4488 ὄτι
3267 4433 3440 4488 πολλά
3474 4435 3569 4489 καὶ
3592 4434 3729 4489 ἄλλα

2152 4524 2405 4592 προεῖπε,
2436 4523 2529 4576 καὶ
2563 4521 2749 4591 ἐξέϐη.
2789 4523 2895 4589 Είς
2931 4522 3109 4575 τοῦτο
3139 4522 3400 4591 κείμεθα.
3434 4522 3595 4574 Ὥστε
3628 4523 3728 4594 οὐκ

2150 4609 2292 4679 ὑπὲρ
2332 4609 2442 4663 τῶν
2488 4610 2869 4681 παρελθόντων
2926 4611 3085 4679 μόνον
3144 4612 3204 4663 οὐ
3245 4611 3325 4664 δεῖ
3380 4609 3727 4681 θορυϐεῖσθαι

2149 4697 2245 4749 καὶ
2287 4697 2684 4767 ταράττεσθαι·
2728 4697 2886 4750 τοῦτο
2932 4696 3042 4765 γάρ
3094 4698 3211 4750 ἐστι
3258 4697 3565 4751 σαίνεσθαι·
3609 4697 3725 4751 ἀλλ’

2150 4785 2263 4836 οὐδ’
2294 4786 2433 4854 ὑπὲρ
2459 4785 2570 4839 τῶν
2605 4784 2926 4855 μελλόντων,
2974 4785 3029 4837 εἴ
3069 4802 3121 4838 τι
3178 4784 3421 4856 συμϐαίη
3460 4785 3724 4840 τοιοῦτον.

2151 4874 2253 4935 Είς
2283 4872 2456 4926 τοῦτο
2482 4874 2593 4941 γὰρ
2622 4875 2882 4942 κείμεθα.

2216 4959 2278 5013 δ’.
2322 4961 2667 5032 Ἀκούσωμεν
2706 4956 2786 5022 οἷς
2826 4962 2972 5015 ἐστιν
3006 4953 3120 5013 ὦτα
3153 4960 3402 5014 ἀκούειν·
3442 4962 3527 5024 είς
3563 4960 3723 5014 τοῦτο

2152 5056 2327 5106 κεῖται
2358 5053 2387 5103 6
2416 5050 2755 5120 Χριστιανός.
2788 5049 2882 5109 T6,
2920 5050 3022 5115 Είς
3054 5049 3227 5103 τοῦτο
3259 5050 3532 5119 κείμεθα,
3588 5052 3721 5121 περὶ

2152 5142 2368 5194 πάντων
2417 5138 2565 5207 λέγει
2594 5136 2703 5191 τῶν
2726 5135 2956 5190 πιστῶν.
2991 5139 3095 5202 Εἰς
3130 5136 3305 5191 τοῦτο
3326 5138 3598 5207 κείμεθα·
3631 5139 3731 5192 καὶ

2151 5231 2315 5299 ἡμεῖς
2372 5226 2573 5279 ὡσανεὶ
2627 5227 2707 5288 είς
2755 5224 2937 5277 ἄνεσιν
2991 5224 3257 5294 κείμενοι.
3297 5225 3725 5297 ξενοπαθοῦμεν.

2148 5315 2367 5369 Μᾶλλον
2412 5314 2470 5366 δὲ
2532 5312 2676 5375 τίνος
2720 5311 2908 5364 ἕνεκεν
2951 5309 3388 5383 ξενοπαθοῦμεν;
3446 5312 3569 5366 οὐδέ
3614 5312 3728 5383 γάρ

2152 5401 2386 5470 θλίψεως
2440 5400 2652 5468 καιρὸς,
2712 5397 2832 5450 οὐδὲ
2869 5396 3177 5467 πειρασμὸς
3219 5398 3538 5465 κατέλαϐεν,
3574 5403 3622 5451 εί
3648 5399 3728 5471 μὴ

2152 5485 2508 5556 ἀνθρώπινος.
2541 5483 2809 5553 Εῦκαιρον
2831 5484 2925 5536 καὶ
2962 5484 3098 5552 πρὸς
3130 5485 3275 5555 ὑμᾶς
3304 5487 3502 5550 εἰπεῖν,
3547 5487 3727 5539 Ούπω

2146 5573 2358 5642 μέχρις
2411 5573 2656 5640 αἵματος
2692 5572 3155 5637 ἀντικατέστητε
3203 5572 3353 5639 πρὸς
3398 5572 3514 5639 τὴν
3543 5574 3729 5642 ἀμαρ-

2151 5662 2287 5713 τίαν
2354 5658 2901 5726 ἀνταγωνιζόμενοι.
2958 5656 3177 5711 Μᾶλλον
3235 5658 3293 5710 δὲ
3330 5660 3393 5712 οὑ
3442 5658 3602 5712 τοῦτο
3629 5659 3727 5712 εῦ-

2152 5763 2342 5816 καιρον
2386 5747 2560 5798 εἰπεῖν
2596 5744 2733 5815 πρὸς
2783 5744 2949 5813 ὑμᾶς,
2979 5742 3115 5796 ἀλλά
3164 5746 3351 5810 ποῖον;
3401 5744 3569 5799 Οὔπω
3592 5762 3730 5817 χρη-

2157 5833 2341 5903 μάτων
2388 5832 2850 5902 κατεφρονήσατε.
2923 5829 3186 5893 Ἐκείνοις
3239 5831 3337 5901 μὲν
3380 5831 3488 5903 γὰρ
3513 5835 3625 5895 τοῖς
3652 5834 3729 5886 τὰ

2159 5921 2336 5976 αὐτῶν
2356 5921 2753 5976 ἀπολωλεκόσιν
2780 5921 2997 5976 ἅπαντα
3026 5918 3252 5982 εἰκότως
3278 5918 3447 5973 ταῦτα
3477 5922 3719 5991 ἐλέγετο·
