4128 6398
443 332 550 389 ιω
1254 342 1319 398 ΙΝ
1359 344 1569 403 EPlST.
1612 347 1632 403 l
1695 350 1786 405 AD
1825 351 2152 411 THESSAL.
2192 357 2347 418 CAP.
2387 361 2476 419 lli.
2516 364 2725 424 llOMlL
2788 371 2878 429 Ill.

440 447 507 501 ad
537 447 858 518 Corinthios,
892 467 987 520 per
1011 454 1142 511 alios
1167 470 1287 518 cum
1311 460 1389 515 eis
1417 477 1657 528 versans,
1684 479 1805 520 cum
1837 482 1932 537 per
1959 483 2020 525 se

438 552 544 591 non
576 549 757 608 posset
789 558 802 595 :
831 553 947 598 erat
992 546 1134 611 enim
1165 564 1351 603 amans
1400 551 1579 608 furore
1619 565 1938 627 correptus,
1964 569 2021 615 et

435 629 593 697 cujus
621 630 852 702 impetus
877 634 941 689 ad
964 637 1253 693 amicitiam
1277 643 1513 697 cohiberi
1543 659 1649 699 non
1674 657 1905 716 poterat.
1924 650 2014 706 18.

439 720 692 786 Quoniam
739 726 990 782 voluimus
1033 732 1201 784 venire
1245 732 1316 785 ad
1341 750 1448 788 vos.
1497 735 1648 804 Quod
1690 738 1904 809 quidem
1933 750 2018 797 est

431 811 755 869 dilectionis.
790 817 1034 887 Etiamsi,
1065 821 1256 892 inquit,
1286 826 1430 881 nullo
1458 827 1563 881 alio
1591 829 1721 882 mihi
1746 845 1881 900 opus
1907 840 2007 897 est,

431 918 590 970 quam
618 914 677 959 ut
705 922 801 961 vos
828 909 1122 966 videamus.
1150 913 1260 983 Ego
1284 916 1487 985 quidem
1529 918 1759 988 Paulus,
1785 932 1833 976 et
1860 924 2013 979 semel

430 1004 476 1047 et
497 996 715 1062 iterum;
742 1000 832 1053 sed
873 1002 1132 1072 impedivit
1161 1021 1253 1060 nos
1277 1018 1501 1063 satanas.

3606 397 3735 454 “0‘

2128 472 2349 529 turbant
2396 477 2720 551 discipulos;
2754 487 2845 544 ille
2867 498 3053 547 autem
3085 502 3210 553 tunc
3240 498 3293 554 in
3337 506 3536 563 multas
3577 511 3712 568 inci-

2124 563 2278 621 derat
2305 573 2644 642 tentationes,
2680 587 2738 633 ut
2764 589 2816 634 et
2845 582 2959 651 ipse
2982 585 3130 654 dicit,
3154 588 3427 662 Impedivit
3457 615 3547 653 nos
3569 614 3711 657 sata-

2122 671 2250 724 nas;
2277 659 2422 731 ipsos
2451 680 2703 725 recreans
2748 672 2818 728 ita
2849 675 3096 746 loquutus
3137 692 3253 750 est;
3285 701 3347 741 ac
3383 690 3426 743 si
3456 693 3659 750 diceret
3689 718 3704 754 :

2121 747 2190 804 Et
2234 755 2399 809 semel
2449 766 2503 812 et
2548 758 2631 815 his
2680 764 2821 819 volui
2866 770 3071 837 venire,
3122 782 3176 828 et
3206 791 3312 830 non
3348 782 3719 855 potuitquod'

2118 841 2332 910 quidem
2347 863 2551 919 magna:
2566 862 2682 909 erat
2694 857 3289 923 violentimNerisimile
3304 882 3481 927 autem
3501 886 3584 930 est
3605 877 3707 935 hoc

2117 946 2212 989 eos
2237 939 2608 999 conturbasse.
2639 946 2752 1001 Non
2794 958 2898 1004 tam
2940 953 3081 1009 enim
3127 959 3238 1013 suis
3263 960 3508 1032 discipuli
3538 983 3697 1037 quam

2114 1026 2493 1095 magistrorum
2549 1040 2944 1098 conturbantur
3008 1052 3393 1109 lentalionibus
3453 1074 3468 1109 :
3524 1026 3699 1132 neque

499 1087 554 1142 3.
593 1089 728 1156 Quid
758 1092 1169 1151 dicis?Satanas
1210 1098 1458 1168 impedit?
1486 1101 1644 1157 Certe
1674 1119 1824 1159 :non
1855 1106 1999 1161 enim

429 1174 531 1231 hoc
558 1190 673 1233 erat
702 1197 837 1251 opus
864 1182 978 1239 Dei.
1006 1186 1087 1241 Ad
1116 1187 1388 1245 Romanos
1431 1193 1646 1261 quidem
1676 1193 1807 1250 dicit
1835 1196 2003 1252 Deum

426 1271 763 1339 prohibuisse
794 1276 966 1346 (Rom.
998 1280 1084 1336 15.
1112 1281 1240 1351 22);
1272 1292 1324 1338 et
1346 1285 1472 1339 alibi
1498 1285 1625 1341 dicit
1661 1287 1853 1352 Lticas,
1881 1290 2005 1357 Spi-

423 1362 559 1415 ritus
591 1364 859 1432 prohibuit
907 1370 1053 1439 ipsos
1096 1374 1281 1428 venire
1324 1375 1376 1429 in
1418 1376 1601 1432 Asiam
1629 1378 1884 1449 (ActJG.
1911 1380 2001 1454 6);

421 1452 710 1510 Corinthiis
740 1467 918 1514 autem
953 1461 1081 1517 dicit
1109 1478 1244 1535 opus
1273 1480 1394 1522 esse
1423 1468 1643 1535 spiritus
1672 1486 1685 1522 :
1712 1469 1797 1525 hic
1824 1452 2002 1527 autem

418 1544 595 1600 solum
639 1557 857 1604 satanre.
905 1552 1199 1619 Quamnam
1230 1567 1406 1613 autem
1435 1559 1567 1614 dicit
1611 1561 1773 1618 fuisse
1800 1572 2002 1620 satana:

416 1635 835 1695 cohibitionem?
863 1642 1259 1714 lnexspeetatas
1284 1650 1545 1719 quasdam
1574 1661 1627 1706 et
1658 1652 2001 1710 vehementes

417 1730 759 1786 tentationes.
788 1733 918 1788 Nam
946 1752 1069 1792 cum
1111 1740 1160 1793 ei
1203 1740 1429 1798 fuissent
1454 1755 1671 1800 structae
1715 1763 1745 1801 a
1799 1747 1998 1804 Judzeis

415 1818 621 1876 insidias
670 1824 806 1894 (Act.
850 1826 939 1882 20.
985 1829 1062 1900 5),
1111 1841 1353 1890 retentus
1404 1845 1486 1892 est
1534 1838 1587 1891 in
1628 1838 1848 1895 Hellade
1887 1850 1997 1895 tres

411 1926 646 1968 menses.
696 1917 855 1972 Aliud
887 1929 1066 1976 autem
1092 1932 1176 1977 est
1219 1936 1369 1981 certo
1420 1930 1647 1984 consilio
1682 1939 1736 1985 et
1781 1941 1997 2000 prepter

410 2000 862 2071 dispensationem
911 2027 1148 2079 manere,
1202 2025 1257 2070 et
1296 2032 1389 2073 sua
1420 2030 1641 2089 sponte;
1673 2023 1813 2076 aliud
1840 2023 1993 2079 cohi-

408 2091 546 2147 beri.
574 2094 706 2149 Nam
737 2098 845 2154 illic
875 2103 1089 2170 quidem
1121 2107 1269 2173 dicit,
1300 2110 1471 2176 Quare
1511 2129 1612 2167 non
1658 2116 1878 2185 amplius
1915 2117 1993 2171 lo-

408 2199 523 2238 cum
545 2187 733 2243 habens
762 2192 814 2245 in
835 2194 915 2247 his
938 2197 1221 2264 regionibus
1240 2189 1416 2263 (Rom.
1452 2205 1539 2259 15.
1568 2205 1697 2276 25);
1728 2215 1801 2272 et,
1842 2206 1992 2263 Vobis

407 2292 639 2346 parcens,
671 2286 893 2337 nondum
920 2289 1030 2340 veni
1070 2288 1369 2346 Corinthum
1395 2288 1473 2357 (2.
1502 2296 1618 2354 Cor.
1656 2299 1706 2352 1.
1739 2298 1835 2369 25)
1865 2317 1878 2352 :
1904 2299 1991 2355 hic

404 2380 582 2424 autem
609 2373 740 2427 nihil
767 2376 905 2442 tale;
954 2378 1051 2433 sed
1096 2381 1268 2450 quid?
1297 2383 1525 2440 Satanas
1562 2388 1843 2457 impedivit.
1875 2390 1988 2462 Ego

403 2463 605 2530 quidem
650 2465 867 2536 Paulus,
900 2481 945 2525 et
972 2475 1125 2528 semel
1140 2485 1184 2529 et
1215 2476 1310 2531 bis.
1342 2479 1473 2535 Vide
1508 2494 1763 2550 quantum
1789 2484 1987 2554 gloria-

404 2563 509 2621 tur,
531 2558 712 2614 volens
728 2563 1009 2618 ostendere
1028 2580 1087 2620 se
1109 2581 1203 2621 eos
1221 2571 1451 2626 maxime
1474 2574 1710 2628 omnium
1737 2576 1982 2645 diligere.

402 2643 515 2715 Ego
539 2649 737 2715 quidem
767 2652 1001 2720 Paulus;
1041 2672 1105 2712 ac
1132 2660 1177 2714 si
1212 2659 1415 2718 diceret
1449 2683 1462 2719 :
1495 2664 1607 2719 Etsi
1640 2683 1743 2721 non
1776 2643 1884 2723 alii.
1917 2669 1987 2724 Et

402 2735 476 2790 illi
505 2739 717 2808 quidem
760 2745 1013 2801 volebant
1059 2758 1288 2820 tantum,
1334 2770 1435 2824 ego
1472 2766 1651 2811 autem
1700 2773 1982 2829 aggressus

398 2844 539 2885 sum.
568 2832 655 2887 19.
694 2834 820 2901 Quae
847 2847 918 2891 est
944 2841 1077 2893 enim
1107 2854 1279 2897 nostra
1307 2862 1441 2913 spes,
1478 2857 1566 2901 aut
1597 2851 1860 2919 gaudium,
1891 2862 1983 2907 aut

396 2937 584 2976 corona
604 2926 782 2995 gloria:
798 2929 824 2980 ?
847 2927 1036 2985 Nonne
1062 2949 1147 2988 vos
1175 2946 1294 2990 ante
1321 2937 1594 2993 Dominum
1620 2951 1849 2996 nostrum
1883 2943 1979 2997 Je-

394 3027 509 3065 sum
533 3014 787 3070 Christum
815 3022 933 3074 estis
962 3022 1013 3076 in
1040 3025 1257 3080 adventu
1282 3030 1431 3099 ejus?
1476 3030 1794 3089 Macedones
1831 3047 1974 3103 sunt,

393 3101 700 3174 dic,quarso,
727 3124 851 3179 spes
886 3123 992 3178 tua,
1039 3131 1073 3170 ο
1100 3116 1256 3174 beate
1286 3120 1481 3176 Paule?
1524 3123 1642 3179 Non
1683 3126 1740 3190 ii,
1784 3101 1973 3197 inquit,

393 3197 494 3249 soli
524 3215 537 3250 :
574 3212 855 3268 propterea
882 3207 1178 3277 subjunxit,
1222 3213 1408 3267 Annon
1443 3232 1529 3271 vos
1554 3219 1788 3289 quoque?
1816 3220 1973 3286 Qua:-

392 3303 511 3341 nam
541 3300 611 3343 est
638 3294 793 3359 enim,
824 3297 1014 3367 inquit,
1049 3302 1193 3356 nobis
1216 3320 1349 3373 spes,
1368 3316 1457 3360 aut
1476 3309 1738 3377 gaudium,
1769 3320 1857 3363 aut
1883 3327 1972 3365 ca-

390 3397 518 3434 rona
540 3384 758 3451 gloria}?
784 3388 1151 3458 Agnoscitisne
1173 3396 1332 3450 verba
1361 3413 1479 3453 esse
1506 3401 1786 3456 mulierum
1814 3403 1974 3457 visce-

391 3473 539 3527 ribus
568 3476 724 3531 valde
764 3479 1223 3549 incalescenlium,
1252 3490 1585 3559 loquentium
1627 3508 1748 3547 cum
1800 3494 1973 3549 infan-

389 3565 574 3621 tibus?
604 3567 669 3620 Et
698 3586 902 3638 corona,
933 3574 1118 3645 inquit,
1148 3562 1343 3648 glorise.
1372 3581 1487 3636 Non
1516 3585 1813 3642 sufﬁciebat
1828 3590 1969 3643 enim

389 3673 609 3715 eorona‘.
664 3678 858 3718 nomen
902 3667 971 3721 ad
1013 3670 1402 3727 ostendendum
1455 3675 1818 3744 splendorem,
1875 3681 1969 3734 sed

385 3750 545 3804 etiam
572 3752 795 3822 addidit,
829 3756 1038 3812 Gloriae.
1070 3761 1262 3828 Quanti
1292 3772 1375 3817 est
1404 3765 1506 3820 hoc
1527 3767 1765 3821 ardoris!
1797 3768 1966 3823 Num-

386 3857 544 3908 quam
577 3854 728 3913 pater
754 3857 807 3900 et
837 3859 1031 3917 mater,
1072 3855 1114 3905 si
1160 3855 1315 3909 simul
1344 3867 1527 3912 essent
1571 3862 1866 3930 congressi,
1912 3871 1969 3917 et

385 3947 541 3987 suum
587 3938 928 3996 miscuissent
957 3945 1307 4013 desiderium,
1359 3951 1657 4018 potuissent
1682 3956 1967 4011 ostendere

385 4042 539 4082 suum
583 4030 904 4089 desiderium
954 4052 1020 4092 ex
1060 4055 1214 4108 aequo
1247 4044 1577 4112 respondens
1612 4046 1796 4103 Paulo.
1834 4047 1966 4102 Gau-

384 4118 547 4186 dium,
577 4122 764 4193 inquit,
798 4135 847 4180 et
883 4144 1089 4183 corona.
1120 4131 1308 4202 Magis,
1361 4134 1550 4203 inquit,
1601 4139 1810 4195 exsulto
1839 4156 1964 4209 pro-

384 4219 504 4278 pter
532 4228 627 4267 vos
657 4231 816 4285 quam
867 4229 1088 4289 prepter
1112 4237 1391 4280 Coronam.
1423 4227 1608 4297 Cogita
1635 4231 1777 4285 enim
1804 4247 1964 4302 quan-

385 4312 496 4357 tum
529 4306 599 4359 sit
625 4308 883 4379 integram
914 4312 1107 4370 adesse
1133 4315 1449 4384 Ecclesiam,
1481 4335 1647 4389 quam
1671 4322 1837 4377 Paulo
1864 4323 1965 4379 fuit

384 4397 643 4465 plantata,
667 4408 721 4454 et
749 4403 857 4471 egit
885 4404 1096 4460 radices
1131 4427 1143 4461 :
1173 4409 1293 4476 quis
1337 4424 1442 4463 non
1485 4413 1720 4466 exsultet
1745 4424 1963 4483 propter

384 4496 490 4541 tam
519 4490 713 4546 bonam
743 4502 799 4547 et
826 4511 1163 4551 numerosam
1190 4501 1429 4567 prolem?
1457 4502 1816 4568 Quamobrem
1860 4523 1962 4564 nec

381 4579 484 4635 hoc
513 4592 596 4637 est
645 4583 985 4641 adulationis.
1036 4588 1153 4644 Non
1197 4591 1332 4646 dixit
1380 4594 1522 4648 enim
1569 4605 1794 4665 tantum,
1829 4598 1958 4669 Vos,

379 4676 498 4737 sed,
527 4676 635 4731 Vos
663 4694 782 4732 cum
808 4681 945 4735 aliis.
969 4682 1058 4738 ‘20.
1099 4682 1199 4737 Vos
1222 4685 1356 4739 enim
1379 4687 1496 4741 estis
1525 4688 1687 4757 gloria
1707 4701 1880 4745 nostra
1912 4702 1962 4747 et

378 4766 643 4834 gaudium.
699 4768 863 4839 (Cap.
901 4772 979 4837 5.)
1024 4773 1076 4827 1.
1123 4771 1340 4843 Propter
1390 4776 1525 4846 quod
1562 4793 1664 4832 non
1710 4780 1959 4835 sustinen-

379 4866 451 4910 tes
493 4860 736 4927 amplius,
790 4861 983 4931 placuit
1064 4863 1205 4918 nobis
1254 4882 1512 4922 remanere
1560 4869 1769 4925 Athenis
1811 4874 1953 4928 solis.

380 4947 607 5015 Placuit,
639 4951 689 5005 id
714 4962 817 5017 est,
845 4952 1134 5023 Elegimus.
1164 4955 1220 5009 9...
1254 4957 1323 5010 Et
1370 4960 1597 5015 misimus
1644 4961 1957 5019 Timotheum

377 5042 586 5111 fratrem
658 5053 883 5097 nostrum
907 5087 922 5111 ,
980 5057 1031 5100 et
1076 5049 1364 5105 ministrum
1426 5051 1525 5107 Dei
1576 5054 1632 5108 in
1697 5058 1955 5125 evangelio

375 5133 585 5191 Christi.
616 5135 686 5191 Et
712 5137 813 5193 hoc
842 5138 995 5205 dicit,
1026 5156 1131 5196 non
1156 5142 1496 5200 Timotheum
1537 5148 1823 5217 extollens,
1857 5150 1953 5207 sed

376 5225 522 5295 ipsos
541 5226 835 5294 honorans,
866 5240 923 5285 ut
952 5231 1041 5300 qui
1071 5232 1368 5303 adjutorem
1381 5245 1436 5291 et
1460 5237 1761 5295 ministrum
1789 5256 1953 5295 evan-

372 5318 496 5387 gelii
527 5321 732 5376 miserit
760 5322 922 5390 ipsis;
966 5326 1114 5392 quasi
1141 5326 1361 5394 diceret,
1392 5330 1646 5385 Avulsum
1677 5332 1745 5387 ab
1773 5332 1950 5405 operi-

370 5410 472 5466 bus
496 5414 739 5469 misimus
762 5415 830 5470 ad
860 5431 954 5471 vos
980 5417 1281 5473 ministrum
1310 5421 1424 5485 Dei,
1451 5432 1507 5477 et
1524 5423 1820 5493 adjutorem
1850 5444 1949 5482 no-

370 5512 541 5557 strum
589 5504 642 5558 in
695 5506 972 5575 evangelio
1020 5507 1238 5565 Christi.
1293 5510 1427 5566 Tum
1477 5528 1692 5570 causam
1746 5509 1942 5575 addit:

369 5593 453 5646 Ad
474 5595 851 5663 conﬁrmandos
878 5614 963 5652 vos
982 5609 1027 5652 et
1053 5600 1394 5657 exhortandas
1419 5621 1506 5658 vos
1532 5622 1624 5671 pro
1640 5608 1742 5677 ﬁde
1761 5620 1941 5676 vestra,

369 5684 425 5739 ὅ.
456 5694 509 5737 ut
541 5702 687 5740 nemo
713 5699 969 5742 moveatur
993 5692 1046 5743 in
1076 5690 1485 5749 tribulationibus
1510 5696 1640 5751 istis.
1675 5698 1812 5765 Quid
1841 5716 1941 5755 au-

372 5784 477 5832 tem
506 5774 591 5833 hic
614 5766 778 5834 dicit?
804 5779 1060 5847 Quoniam
1081 5783 1450 5853 magistrorum
1472 5788 1790 5847 tentatibnes
1810 5805 1941 5850 cou-

2112 1116 2255 1171 enim
2310 1121 2463 1177 miles
2517 1127 2653 1182 adeo
2704 1133 2814 1187 suis
2868 1139 3219 1197 conturbatur
3272 1116 3695 1220 tentationibtis,

2110 1216 2170 1263 ut
2216 1215 2430 1280 quando
2478 1220 2671 1277 viderit
2716 1229 3013 1285 sauciatam
3058 1234 3249 1291 ducem
3295 1244 3582 1299 exercitus.
3612 1246 3694 1301 Ad

2109 1304 2485 1372 conﬁrmandos
2533 1328 2655 1379 vos,
2704 1317 2894 1387 inquit.
2928 1322 3071 1394 Ergo
3121 1336 3179 1381 ut
3231 1345 3299 1385 ne
3351 1334 3694 1393 turbarentur

2107 1396 2274 1463 misit,
2303 1415 2409 1455 non
2467 1412 2734 1476 tamquam
2782 1414 2978 1482 quibus
3029 1417 3151 1475 ﬁdei
3209 1422 3421 1482 deesset
3469 1430 3694 1501 aliquid,

2106 1501 2281 1558 neque
2317 1500 2378 1547 ut
2420 1496 2511 1565 qui
2553 1497 2813 1557 deberent
2860 1507 3055 1575 aliquid
3104 1511 3333 1570 discere.
3379 1517 3453 1573 Et
3504 1496 3691 1578 ear-hor;

2104 1580 2286 1636 tandos
2312 1598 2399 1637 vos
2428 1602 2521 1654 pro
2557 1589 2661 1658 fide
2707 1604 2905 1664 vestra,
2934 1609 2990 1652 ut
3019 1619 3163 1657 nemo
3200 1620 3457 1664 moveatur
3497 1614 3551 1668 in
3594 1617 3692 1669 tri-

2102 1670 2442 1730 bulationibus
2485 1678 2594 1735 istis
2616 1697 2635 1734 :
2660 1683 2760 1753 ipsi
2783 1688 2915 1741 enim
2941 1692 3078 1746 scitis
3123 1696 3260 1764 quod
3302 1700 3354 1753 in
3403 1702 3497 1756 hoc
3534 1708 3693 1775 positi

2101 1777 2296 1818 sumus.
2318 1767 2373 1821 4.
2411 1767 2551 1822 Nam
2574 1782 2624 1825 et
2662 1791 2777 1828 cum
2805 1780 2947 1844 apud
2984 1797 3072 1837 vos
3102 1802 3343 1855 essemus,
3376 1796 3687 1861 prcediceba-

2100 1870 2213 1909 mus
2233 1858 2390 1921 vobis,
2424 1877 2662 1929 passuros
2709 1884 2800 1922 nos
2839 1871 3211 1944 tribulationes,
3238 1858 3441 1935 sicut‘et
3494 1888 3688 1957 factum

2098 1953 2189 2010 est,
2222 1957 2270 2000 et
2314 1951 2473 2006 scitis.
2506 1954 2619 2010 Non
2647 1968 2878 2027 oportet,
2914 1963 3119 2034 inquit,
3166 1973 3476 2029 conturbari
3494 1951 3521 2029 γε
3549 1978 3681 2033 nihil

2094 2036 2237 2091 enim
2262 2054 2459 2097 novum
2490 2061 2660 2116 neque
2682 2060 2876 2117 prmter
2894 2069 3042 2122 spem
3056 2059 3278 2114 accidit:
3300 2065 3440 2133 quod
3464 2069 3676 2137 quidem

2094 2127 2224 2182 satis
2252 2141 2368 2185 erat
2395 2134 2461 2187 ad
2490 2134 2636 2204 ipsos
2660 2142 2996 2199 excitandos.
3028 2147 3188 2205 Vides
3225 2127 3364 2221 quod
3397 2127 3678 2227 propterea

2093 2217 2336 2277 Christus
2373 2241 2588 2297 quoque
2619 2233 2944 2298 przedicebat
2990 2217 3309 2312 discipulis?
3357 2217 3676 2310 audi-enim

2091 2327 2212 2368 eum
2238 2315 2503 2373 dicentem
2539 2339 2551 2373 :
2576 2321 2645 2376 Et
2672 2341 2803 2380 nunc
2832 2328 2940 2382 dixi
2985 2334 3127 2400 prius
3154 2352 3302 2403 quam
3326 2340 3435 2408 fiat,
3466 2354 3521 2396 ut
3564 2362 3679 2400 cum

2090 2408 2283 2475 factum
2330 2412 2483 2479 fuerit
2530 2416 2749 2471 credatis
2795 2418 2973 2477 (Joan.
3011 2425 3097 2479 14.
3130 2425 3247 2497 Ξ9).
3290 2429 3475 2501 Magna
3509 2437 3675 2500 enim,

2088 2511 2278 2567 magna
2323 2516 2411 2555 res
2456 2513 2539 2557 est
2578 2506 2641 2558 ad
2690 2508 2914 2564 aliorum
2964 2516 3411 2589 consolationem,
3461 2524 3676 2583 audisse

2088 2600 2206 2655 qum
2229 2587 2362 2644 ﬁunt
2383 2606 2412 2644 a
2437 2596 2727 2664 magistris.
2762 2599 2911 2655 Sicut
2936 2605 3079 2658 enim
3111 2619 3399 2677 :cgrotans,
3424 2615 3469 2667 si
3498 2630 3527 2668 a
3560 2632 3676 2671 me-

2086 2675 2208 2733 dico
2232 2681 2498 2737 audiverit
2526 2687 2667 2754 quod
2702 2689 2803 2745 hoc
2831 2691 2920 2745 ﬁat
2948 2704 3002 2748 et
3031 2675 3200 2763 illud,
3232 2716 3338 2754 non
3365 2704 3518 2760 valde
3543 2721 3675 2762 con-

2087 2772 2360 2838 turbatur;
2392 2775 2473 2829 sin
2519 2786 2696 2834 autem
2738 2797 2803 2836 ex
2854 2783 3132 2855 inopinato
3176 2791 3378 2862 aliquid
3406 2800 3668 2865 evenerit,

2084 2876 2205 2918 eum
2231 2874 2286 2919 et
2314 2866 2403 2921 ille
2429 2866 2625 2925 dubius
2651 2873 2721 2927 sit
2746 2889 2811 2930 ac
2834 2879 3143 2947 perplexus,
3175 2892 3229 2936 et
3252 2885 3471 2940 morbus
3496 2898 3669 2944 artem

2081 2964 2319 3023 superet,
2374 2948 2586 3016 tristitia
2630 2965 2861 3021 afﬁcitur
2901 2979 2956 3023 et
3006 2975 3355 3031 conturbatur
3397 2996 3413 3032 :
3467 2980 3537 3034 ita
3582 2981 3671 3038 hic

2079 3060 2313 3114 quoque.
2339 3047 2468 3114 Qua:
2491 3054 2779 3121 prrcsciens
2806 3058 3022 3125 Paulus,
3047 3064 3295 3132 praedixit
3327 3069 3405 3123 eis
3432 3068 3665 3130 futurum

2079 3146 2135 3190 ut
2156 3137 2547 3209 afﬂigerentur,
2574 3144 2740 3212 Sicut,
2786 3149 2982 3220 inquit,
3007 3165 3055 3206 ct
3084 3160 3274 3225 factum
3304 3171 3399 3227 est,
3430 3172 3476 3215 et
3503 3166 3662 3219 scitis.

2078 3228 2191 3282 Non
2239 3232 2380 3300 quod
2435 3234 2537 3290 hoc
2592 3237 2789 3293 factum
2846 3244 2915 3296 sit
2963 3247 3138 3300 solum
3186 3249 3337 3317 dicit,
3385 3252 3481 3308 sed
3520 3258 3664 3325 quod

2078 3321 2242 3375 multa
2269 3324 2576 3392 praedixerit
2600 3369 2616 3391 ,
2644 3340 2697 3383 et
2725 3336 3023 3389 evenerint.
3048 3337 3114 3391 In
3158 3340 3253 3394 hoc
3292 3345 3441 3411 positi
3464 3321 3658 3402 sumus.

2075 3412 2436 3479 Quamobrem
2486 3434 2590 3473 non
2642 3423 2813 3476 solum
2845 3425 2915 3480 de
2959 3431 3243 3495 praeteritis
3294 3448 3398 3487 non
3448 3447 3671 3505 oportet

2073 3503 2372 3570 perturbari
2404 3521 2578 3576 neque
2608 3510 2884 3579 confundi,
2918 3516 3011 3569 sed
3060 3534 3231 3587 neque
3260 3520 3329 3575 de
3363 3503 3576 3591 futuris,
3606 3530 3656 3582 si

2073 3594 2178 3649 tale
2204 3596 2329 3665 quid
2355 3600 2659 3670 contigerit.
2692 3602 2756 3657 In
2780 3606 2876 3659 hoc
2902 3609 3034 3662 etaim
3062 3612 3210 3677 positi
3230 3629 3420 3669 sumus.

2142 3686 2195 3738 4.
2238 3686 2531 3745 Audiamus
2561 3693 2755 3762 quibus
2783 3707 2908 3751 sunt
2927 3714 3089 3755 aures
3117 3702 3182 3756 ad
3212 3705 3533 3762 audiendum
3558 3728 3573 3765 :
3596 3709 3656 3767 In

2073 3772 2173 3829 hoc
2193 3778 2399 3846 positus
2423 3792 2505 3834 est
2525 3779 2879 3841 Christianus.
2905 3788 3041 3855 Hoc,
3074 3789 3141 3845 In
3162 3793 3256 3847 hoc
3276 3798 3426 3864 positi
3453 3797 3655 3864 sumus.

2070 3864 2137 3919 de
2161 3868 2411 3924 omnibus
2439 3870 2569 3927 dicit
2590 3873 2855 3933 ﬁdelibus.
2884 3879 2952 3933 in
2978 3882 3072 3935 hoc
3095 3885 3246 3953 positi
3268 3903 3461 3957 sumus,
3485 3900 3540 3945 ct
3556 3909 3655 3948 nos

2068 3959 2217 4027 quasi
2248 3961 2303 4015 in
2330 3963 2499 4017 otium
2520 3975 2574 4020 et
2603 3969 2843 4039 requiem
2884 3972 3051 4028 simus
3072 3976 3253 4045 positi,
3283 3979 3462 4034 alieno
3489 3984 3650 4040 modo

2067 4050 2350 4107 allicimur.
2400 4054 2512 4111 lmo
2541 4072 2669 4114 vero
2716 4076 2945 4131 quanam
2972 4064 3040 4119 de
3068 4082 3229 4121 causa
3272 4071 3451 4127 alieno
3489 4076 3652 4147 modo

2065 4144 2368 4199 allieimur?
2420 4163 2594 4217 neque
2641 4152 2784 4207 enim
2829 4164 3037 4225 tempus
3084 4158 3422 4229 afllictionis,
3477 4144 3653 4237 neque

2068 4235 2289 4290 tentatio
2320 4238 2676 4308 apprehendit
2711 4258 2811 4299 nos
2856 4247 2958 4300 nisi
2990 4247 3243 4304 humana.
3275 4235 3648 4323 Opportunum

2064 4336 2149 4381 est
2199 4328 2349 4383 vobis
2396 4347 2608 4401 quoque
2654 4333 2837 4391 dicere
2884 4353 2899 4392 :
2951 4336 3200 4393 Nondum
3238 4342 3306 4394 ad
3352 4348 3650 4416 sanguinem

2062 4432 2218 4488 usque
2239 4422 2488 4476 restitistis
2511 4434 2685 4477 contra
2711 4437 2969 4496 peccatum
2993 4430 3301 4486 decertantes
3329 4433 3347 4504 (
3370 4434 3528 4492 Hebr.
3556 4442 3645 4495 12.

2063 4510 2139 4576 4).
2174 4508 2283 4565 lmo
2312 4528 2378 4566 ne
2402 4525 2763 4583 opportunum
2791 4519 3007 4586 quidem
3032 4532 3114 4575 est
3144 4521 3246 4577 hoc
3268 4526 3421 4580 vobis
3437 4528 3643 4598 dicere;

2063 4603 2158 4657 sed
2186 4604 2350 4673 quid?
2378 4607 2614 4662 nondum
2663 4610 2916 4678 pecunias
2964 4612 3311 4681 despexistis.
3362 4619 3494 4675 Nam
3543 4625 3645 4679 illis

2060 4696 2277 4765 quidem
2305 4699 2395 4768 qui
2426 4713 2520 4753 sua
2541 4702 2721 4755 omnia
2751 4702 3114 4771 perdiderant,
3138 4709 3334 4764 merito
3360 4711 3476 4767 hazc
3497 4715 3646 4771 dice-

2060 4788 2254 4842 bantur
2278 4804 2291 4852 ;
2322 4772 2390 4843 iis
2409 4800 2587 4846 autem
2616 4793 2703 4862 qui
2731 4807 2827 4847 sua
2859 4794 3077 4864 habent,
3110 4797 3235 4867 hoc,
3264 4801 3490 4859 Cuinam
3517 4818 3644 4861 sunt

2058 4886 2223 4946 raptae
2268 4882 2503 4948 pecuniae
2543 4893 2763 4953 propter
2789 4884 3099 4943 Christum?
3126 4892 3210 4945 cui
3255 4903 3380 4950 sunt
3425 4897 3641 4967 impacti

2057 4968 2309 5038 colaphi?
2355 4971 2477 5041 quis
2521 4974 2848 5030 contumelia
2900 4975 3126 5036 allectus
3176 4985 3293 5038 est?
3349 5002 3516 5056 usque
3571 4990 3639 5043 ad

2056 5060 2254 5128 verba,
2310 5063 2548 5133 inquam.
2607 5065 2883 5124 Undenam
2924 5081 3009 5126 est
3050 5073 3339 5143 gloriatio?
3370 5079 3636 5134 undenam

2055 5160 2209 5220 potes
2246 5153 2443 5211 habere
2486 5156 2773 5213 ﬁduciam?
2801 5160 2931 5216 Tam
2956 5165 3120 5219 multa
3149 5182 3339 5236 passus
3361 5180 3444 5224 est
3481 5171 3638 5226 Chri-

2055 5251 2171 5298 stus
2200 5255 2417 5313 propter
2446 5262 2544 5302 nos
2567 5250 2655 5319 qui
2686 5266 2903 5308 eramus
2948 5254 3149 5312 inimici
3184 5278 3196 5312 :
3227 5259 3479 5329 quidnam
3511 5276 3638 5332 pos-

2053 5347 2240 5389 sumus
2276 5338 2558 5395 ostendere
2587 5343 2725 5411 quod
2771 5356 2992 5413 propter
3039 5348 3212 5418 ipsum
3242 5353 3383 5420 passi
3424 5354 3636 5410 simus?

2051 5421 2206 5490 Quod
2223 5428 2360 5495 passi
2387 5428 2600 5498 quidem
2620 5446 2806 5488 sumus
2832 5436 2963 5490 nihil
2992 5448 3074 5492 ost
3097 5456 3112 5504 ;
3142 5450 3268 5494 sunt
3291 5452 3470 5497 autem
3492 5444 3632 5502 bona

2050 5512 2457 5573 innumerabilia
2498 5520 2689 5588 quibus
2733 5523 2802 5577 ab
2850 5525 2968 5595 ipso
3020 5528 3304 5586 afﬁcimur.
3354 5533 3631 5593 Undenam

2048 5606 2151 5660 crit
2170 5607 2322 5663 nobis
2345 5608 2436 5664 illo
2458 5611 2547 5666 die
2573 5611 2807 5669 ﬁducia?
2829 5616 3057 5673 Nescitis
3074 5621 3214 5690 quod
3232 5624 3389 5679 miles
3417 5629 3632 5696 quando

2047 5700 2195 5756 mille
2236 5701 2419 5773 plagas
2443 5713 2498 5759 et
2539 5706 2765 5762 vulnera
2812 5712 3083 5779 ostendit,
3118 5724 3245 5771 tunc
3288 5721 3483 5786 poterit
3510 5739 3630 5782 esse

2049 5793 2277 5852 illustris
2296 5796 2435 5869 apud
2462 5801 2673 5871 regem?
2690 5802 2772 5858 sin
2797 5812 2976 5862 autem
2998 5806 3133 5864 nihil
3153 5811 3323 5880 possit
3347 5816 3629 5877 ostendere
