4114 6396
446 367 541 422 ιιι
1150 360 1207 417 S.
1245 358 1517 417 JOANNIS
1551 356 2028 415 CHRYSOSTOMI
2067 355 2377 411 ARCHIEP.
2419 356 2945 415 CONSTANTINOP.

450 491 594 537 recte
618 488 674 535 et
698 479 904 533 fortiter
920 486 1151 547 gestum,
1174 477 1385 533 etiamsi
1404 475 1532 529 nihil
1559 472 1860 537 offenderit,
1884 471 2025 526 inter

448 581 718 627 extremos
744 568 1134 625 collocabitur?
1159 571 1229 623 At
1275 583 1381 624 non
1424 576 1526 630 est,
1554 566 1781 635 inquies,
1816 574 2028 632 tempus

448 662 597 717 belli.
641 660 775 716 Nam
826 660 868 715 si
912 668 1073 724 esset,
1128 659 1233 725 dic,
1261 672 1464 729 quaeso,
1511 656 1631 727 quis
1657 652 2027 709 decertasset?

448 752 572 822 quis
600 749 668 804 ad
696 765 926 819 pugnam
956 746 1310 820 prosiliisset?
1351 746 1471 816 quis
1514 745 1832 814 phalangem
1863 741 2028 796 fudis-

449 844 571 899 set?
617 843 868 899 Fortasse
904 842 1083 897 nullus
1128 860 1140 894 :
1184 856 1305 894 nam
1352 855 1474 893 cum
1505 837 1659 892 video
1712 845 1762 890 te
1812 842 2028 904 propter

448 936 721 991 Christum
750 934 1003 1004 pecunias
1034 948 1139 987 non
1183 932 1458 1001 despicere
1478 973 1492 997 ,
1524 928 1791 998 quomodo
1813 925 2025 981 credam

448 1028 683 1080 futurum
718 1034 774 1078 ut
815 1024 999 1095 plagas
1047 1024 1343 1091 deSpicias?
1389 1022 1481 1075 Dic
1524 1020 1689 1084 mihi,
1744 1019 2027 1074 fortiterne

450 1116 604 1171 fertis
637 1129 732 1169 eos
759 1114 849 1183 qui
885 1114 1085 1184 probro
1120 1122 1175 1168 et
1210 1111 1531 1167 contumelia
1557 1126 1651 1165 vos
1690 1110 1949 1173 afficiunt,
1972 1116 2029 1162 et

447 1209 528 1264 eis
554 1207 912 1262 benedieitis?
943 1206 1055 1260 Hoc
1081 1221 1186 1260 non
1216 1204 1346 1259 facis
1368 1247 1382 1269 ,
1416 1213 1465 1258 et
1496 1219 1599 1256 non
1628 1202 1837 1257 obedis.
1870 1198 2026 1268 Quod

380 1334 391 1363 κ
448 1300 580 1355 nihil
610 1300 769 1354 habet
795 1298 1012 1368 periculi
1042 1312 1145 1351 non
1193 1296 1344 1359 facis,
1387 1304 1442 1350 et
1468 1296 1670 1364 plagas,
1698 1293 2017 1362 dic,qu:eso,

449 1397 614 1461 feres,
642 1395 694 1447 in
728 1394 923 1462 quibus
968 1392 1193 1445 multum
1222 1400 1303 1444 est
1332 1388 1559 1442 tristitiae
1585 1396 1638 1441 et
1664 1385 1901 1441 doloris?
1924 1384 2028 1438 Ne-

376 1493 382 1499 ’
448 1486 598 1541 scitis
624 1484 765 1554 quod
816 1487 867 1536 in
902 1498 1029 1552 pace
1068 1497 1127 1535 se
1170 1480 1234 1535 ad
1264 1480 1461 1533 bellum
1492 1486 1704 1547 oportet
1727 1473 2025 1530 exercere?

365 1616 374 1625 .
448 1592 556 1630 non
584 1575 777 1629 videtis
800 1574 898 1628 hos
928 1574 1144 1637 milites,
1170 1571 1256 1641 qui
1280 1571 1439 1624 etiam
1464 1568 1608 1623 nullo
1628 1576 1847 1637 urgente
1865 1565 2023 1630 bello,

362 1676 369 1723 η’
449 1679 505 1721 et
531 1668 612 1720 vel
657 1666 708 1720 in
739 1680 947 1719 summa
996 1678 1145 1731 pace,
1178 1661 1435 1716 abstersis
1481 1660 1664 1722 armis,
1698 1673 1818 1712 cum
1856 1655 2024 1724 magi-

449 1759 598 1819 stris,
622 1758 710 1827 qui
735 1766 943 1811 struere
972 1756 1141 1810 aciem
1169 1764 1224 1809 et
1248 1753 1464 1807 ordines
1492 1750 1759 1806 collocare
1795 1761 1889 1802 eos
1926 1746 2025 1800 do-

450 1859 593 1914 cent,
616 1851 668 1902 iu
700 1856 946 1918 patentes
996 1854 1052 1901 et
1092 1846 1227 1900 latos
1271 1858 1489 1912 campos
1528 1840 1764 1911 quotidie
1795 1838 1906 1893 fere
1931 1852 2026 1892 ex-

450 1948 662 2007 euntes,
691 1955 807 1994 rem
834 1940 1122 1993 militarem
1156 1946 1408 1992 exercent
1437 1931 1877 1989 accuratissime?
1897 1929 2028 1997 Quis

452 2032 555 2086 hoc
586 2031 709 2085 facit
736 2030 960 2083 militum
998 2027 1392 2097 spiritualium?
1422 2026 1629 2079 Nullus.
1659 2023 1951 2091 Pr0pterea
1976 2021 2025 2073 in

450 2124 610 2179 bellis
656 2120 850 2175 molles
879 2135 1061 2174 sumus
1090 2129 1142 2173 et
1172 2119 1367 2188 ignavi,
1411 2126 1464 2172 et
1506 2118 1574 2171 ab
1599 2114 1849 2170 omnibus
1877 2112 2029 2166 facile

452 2218 697 2287 capimur
716 2226 771 2272 et
790 2230 1175 2285 expuguamur.
1203 2214 1372 2280 Quam
1401 2212 1609 2266 hebetis
1634 2219 1813 2265 autem
1842 2215 1925 2261 est
1950 2206 2028 2258 in-

453 2310 618 2377 genii,
642 2310 947 2364 existimare
968 2322 1205 2377 praesens
1231 2317 1439 2375 tempus
1460 2321 1565 2359 non
1595 2318 1715 2359 esse
1739 2301 1888 2365 belli,
1907 2314 2026 2353 cum

454 2402 651 2456 clamet
681 2402 874 2456 Paulus
905 2419 918 2453 :
952 2399 1136 2454 Omnes
1172 2410 1338 2453 autem
1381 2400 1467 2467 qui
1487 2400 1658 2451 volunt
1698 2397 1778 2465 pie
1801 2396 1958 2448 vivere
1976 2393 2028 2445 in

454 2493 652 2547 Christo
678 2493 822 2555 Jesu,
848 2493 1274 2562 persequutionem
1302 2491 1545 2559 patientur
1565 2486 1648 2557 (2.
1676 2486 1804 2540 Tim.
1836 2485 1887 2540 '5.
1915 2483 2025 2552 12);

454 2595 507 2639 et
529 2586 666 2639 dicat
691 2585 950 2649 Christus,
970 2584 1037 2636 In
1059 2583 1245 2636 mtme
1262 2583 1573 2652 aﬂlictionem
1591 2578 1829 2633 habebitis
1849 2576 1903 2647 (.1
1910 2593 2023 2629 orm.

455 2676 544 2730 16.
570 2676 662 2740 55)
688 2692 702 2739 ;
732 2684 787 2730 et
823 2690 1009 2730 rursus
1046 2675 1233 2729 beatus
1279 2673 1474 2728 Paulus
1504 2674 1646 2727 clara
1678 2685 1808 2725 voce
1837 2670 2031 2723 clamet

454 2778 505 2821 et
540 2765 703 2830 dicat,
734 2765 857 2819 Non
898 2775 970 2818 est
999 2765 1140 2819 nobis
1186 2765 1319 2818 lucta
1362 2770 1599 2817 adversus
1643 2761 1939 2830 sanguinem
1985 2769 2030 2813 et

455 2871 657 2909 carnem
678 2874 698 2921 ;
724 2866 779 2911 et
807 2871 1012 2922 rursus,
1044 2855 1198 2911 Stctis
1222 2872 1338 2925 ergo
1366 2854 1605 2909 succincti
1632 2852 1824 2906 lumbos
1845 2862 2030 2906 vestros

455 2948 508 2999 in
535 2948 740 3000 veritate
765 2947 782 3017 (
804 2946 995 3015 Ephes.
1024 2946 1076 3000 6.
1111 2946 1197 3000 1‘2.
1228 2947 1347 3012 M).
1382 2946 1446 2998 Et
1475 2946 1650 2998 nullus
1678 2943 1770 2996 illo
1793 2953 2032 3012 tempore

457 3038 610 3099 dixit,
633 3037 770 3105 Quid
804 3052 901 3091 nos
937 3052 1131 3101 armas,
1160 3036 1478 3105 dic,qua~so,
1521 3050 1640 3089 cum
1675 3049 1782 3088 non
1826 3034 1894 3087 sit
1920 3033 2033 3087 bel-

459 3129 614 3183 lum?
655 3144 753 3184 cur
784 3128 936 3183 nobis
978 3139 1180 3184 temere
1218 3129 1425 3198 negotia
1457 3127 1715 3181 exhibes?
1747 3126 1924 3179 loricis
1950 3126 2036 3179 in-

458 3221 579 3276 duis
603 3222 819 3285 milites,
849 3236 967 3278 cum
1005 3221 1284 3291 quiescere
1311 3220 1467 3274 liceat
1495 3232 1548 3273 et
1570 3222 1799 3274 recreari
1822 3219 1844 3270 ?
1864 3217 1957 3273 sed
1988 3228 2033 3272 st

459 3312 579 3379 quis
624 3312 735 3366 haec
774 3313 1016 3375 dixisset,
1065 3326 1380 3380 responsum
1424 3311 1501 3365 illi
1544 3311 1729 3365 fuisset
1761 3327 1773 3362 :
1803 3309 2033 3363 Maxime

460 3402 696 3469 quidem,
747 3404 847 3457 etsi
888 3419 993 3457 non
1034 3413 1177 3457 esset
1203 3402 1423 3468 bellum,
1475 3410 1747 3470 Oporteret
1783 3402 1849 3455 de
1895 3400 2033 3455 bello

460 3508 644 3550 curam
676 3509 863 3563 gerere
886 3503 940 3548 et
969 3494 1405 3549 sollicitudinem.
1452 3492 1582 3547 Nam
1611 3493 1698 3562 qui
1726 3493 1777 3546 in
1811 3506 1939 3561 pace
1968 3491 2035 3545 de

459 3586 649 3653 praelia
671 3594 752 3639 est
778 3585 1057 3651 sollicitus,
1087 3586 1189 3638 erit
1213 3584 1462 3639 terribilis
1484 3585 1535 3638 in
1557 3595 1795 3653 tempore
1824 3582 1990 3652 praelii
2018 3601 2030 3636 :

460 3678 550 3746 qui
581 3686 756 3731 autem
784 3686 867 3731 est
906 3677 980 3730 rei
1020 3676 1223 3730 bellicm
1270 3677 1568 3745 imperitus,
1611 3677 1770 3730 etiam
1812 3675 1863 3729 in
1907 3690 2035 3744 pace

460 3770 632 3838 magis
677 3769 1103 3823 conturbabitnr.
1156 3770 1550 3835 Quamobrem?
1583 3770 1842 3836 Quoniam
1891 3768 2037 3822 flebit.

461 3875 562 3931 pro
589 3859 653 3917 iis
680 3875 798 3929 quae
837 3860 1015 3924 habet,
1047 3869 1101 3912 et
1135 3859 1343 3913 tristitia
1386 3859 1646 3913 afficietur
1674 3859 1813 3928 quod
1845 3875 1941 3928 pro
1972 3861 2034 3911 iis

464 3966 574 4005 non
610 3949 780 4018 possit
806 3964 1062 4017 pugnare.
1091 3948 1284 4002 Timidi
1311 3949 1451 4003 enim
1480 3959 1532 4003 et
1574 3950 1811 4018 imperiti
1839 3958 1890 4003 et
1936 3965 2034 4017 pu-

464 4057 582 4112 gna:
607 4041 773 4110 ignari
794 4041 931 4095 bona
948 4048 1002 4094 et
1032 4041 1394 4108 possessiones
1416 4050 1539 4094 sunt
1567 4041 1802 4094 omnium
1822 4040 2035 4094 fortium

464 4140 520 4187 et
548 4132 637 4200 qui
659 4132 835 4185 sciunt
865 4131 1083 4184 bellare.
1110 4130 1466 4195 Quamobrem
1492 4139 1771 4199 propterea
1804 4133 2033 4201 primum

463 4237 560 4276 vos
582 4237 752 4275 armo.
776 4222 976 4275 Deinde
1002 4236 1127 4275 vero
1150 4222 1270 4274 belli
1298 4237 1505 4290 quoque
1531 4230 1735 4291 tempus
1756 4233 1839 4277 est
1870 4232 2036 4277 totum

464 4323 679 4382 tempus
719 4313 840 4366 vitm
872 4324 1090 4367 nostrae.
1119 4313 1398 4379 Quomodo
1424 4322 1478 4367 et
1516 4329 1742 4381 quanam
1786 4316 1990 4371 ratione
2016 4317 2038 4369 ?

464 4402 710 4463 Imminet
732 4420 943 4473 semper
954 4404 1212 4459 diabolus.
1233 4406 1369 4459 Audi
1401 4406 1525 4474 quid
1543 4406 1712 4460 deillo
1728 4406 1868 4461 dicat
1890 4408 2038 4462 :Cir-

464 4496 798 4565 cuitrugiens
814 4506 870 4550 ut
891 4497 972 4551 leo
991 4497 1035 4567 (f
1049 4534 1065 4551 .
1088 4495 1226 4548 Petr.
1246 4498 1299 4551 5.
1313 4496 1392 4564 8),
1407 4497 1591 4551 volens
1611 4498 1862 4566 arripere.
1880 4498 2036 4553 Innu—

464 4587 752 4641 merabiles
796 4589 1038 4657 corporis
1077 4587 1387 4641 affectiones
1438 4603 1537 4642 nos
1586 4589 1862 4655 invadunt,
1907 4605 2039 4658 quas

467 4677 681 4748 quidem
710 4693 929 4732 necesse
947 4687 1029 4732 est
1049 4693 1350 4742 recensere,
1370 4694 1437 4733 ne
1459 4694 1557 4733 nos
1592 4689 1794 4735 temere
1808 4681 2040 4749 decipia-

466 4767 745 4834 mus.Quid
758 4765 1358 4838 enim,dic,qua:so,non
1376 4770 1650 4825 nobiscum
1667 4770 1861 4825 bellum
1878 4773 2040 4841 gerit?

467 4859 691 4925 divitiae,
713 4859 1079 4929 pulchritudo,
1113 4860 1341 4926 deliciae,
1389 4871 1644 4929 potestas,
1676 4862 1891 4928 invidia,
1920 4865 2039 4934 glo-

467 4950 569 5013 ria,
600 4950 920 5020 arrogantia.
952 4951 1067 5005 Non
1099 4952 1273 5011 solum
1296 4952 1438 5007 enim
1479 4962 1658 5007 nostra
1685 4955 1881 5009 bellum
1904 4956 2038 5025 gerit

465 5041 658 5111 gloria,
690 5041 981 5111 prohibens
1002 5058 1070 5097 ne
1091 5060 1191 5098 nos
1217 5044 1557 5100 demittamns
1580 5046 1648 5099 ad
1665 5046 2037 5116 humilitatem,

466 5132 560 5186 sed
589 5132 815 5187 aliorum
836 5149 1048 5203 quoque
1086 5134 1254 5204 gloria
1282 5135 1516 5190 educens
1543 5151 1641 5190 nos
1668 5137 1735 5191 ad
1766 5138 2037 5193 invidiam.

465 5223 571 5280 Sed
604 5224 730 5294 quid
773 5226 1038 5280 contraria
1064 5268 1078 5291 ,
1111 5236 1412 5295 paupertas,
1461 5227 1771 5297 ignominia,
1813 5229 2035 5299 despici,

464 5313 647 5383 abjici,
695 5315 865 5369 nullas
907 5315 1104 5370 habere
1135 5316 1313 5370 vires?
1343 5317 1469 5372 Haec
1503 5318 1719 5386 quidem
1752 5319 1805 5373 in
1838 5320 1990 5375 nobis
2022 5338 2036 5373 :

464 5420 584 5473 qua:
611 5414 789 5459 autem
816 5414 939 5459 sunt
964 5408 1030 5460 ab
1061 5406 1363 5462 hominibus
1382 5450 1396 5474 ,
1424 5410 1711 5477 pravitates
1734 5450 1749 5473 ,
1791 5411 1996 5465 insidia:
2021 5452 2039 5477 ,

465 5496 594 5562 doli,
620 5496 921 5562 calumniae,
950 5498 1095 5552 mille
1119 5499 1620 5554 circumventiones.
1644 5499 1903 5556 Similiter
1920 5517 2038 5572 quae

463 5596 590 5646 sunt
638 5602 669 5642 a
709 5587 1057 5656 (immanibus,
1093 5590 1441 5660 principatus,
1490 5600 1812 5659 potestates,
1854 5592 2037 5647 mundi

466 5691 707 5737 rectores
734 5684 1070 5738 tenebrarum
1097 5683 1255 5753 hujus
1278 5684 1490 5750 saeculi,
1523 5684 1820 5753 Spiritualia
1848 5684 2039 5752 nequi—

469 5775 570 5834 tizc.
612 5775 714 5834 Alii
740 5789 922 5831 sumus
952 5776 1212 5844 laetantes,
1232 5777 1320 5831 alii
1347 5777 1588 5834 dolentes
1616 5795 1628 5832 :
1661 5786 1885 5847 utraque
1911 5786 2033 5833 sunt

3607 367 3710 422 εις

2139 470 2446 526 declinatio.
2475 469 2579 527 Sed
2609 474 2828 539 sanitas,
2857 472 2950 528 sed
2980 472 3279 531 infirmitas.
3300 475 3578 533 Undenam
3604 496 3708 535 non

2137 563 2376 633 peccabit
2406 564 2712 634 quispiam?
2735 565 2906 620 Vultis
2934 576 2989 621 ut
3015 576 3070 621 et
3094 567 3160 622 ab
3192 569 3308 636 ipso
3336 570 3542 624 Adamo
3574 573 3705 626 inci-

2135 654 2308 723 piens,
2359 653 2533 709 dicam
2569 656 2746 709 statim
2790 657 2856 711 ab
2909 656 3099 711 initio?
3145 659 3270 729 quid
3321 663 3707 730 protoplastum

2134 746 2277 814 cepit
2305 756 2359 800 et
2385 750 2749 817 expugnavit?
2776 748 3034 819 Voluptas
3079 761 3132 805 et
3165 753 3267 807 cibi
3313 763 3367 808 et
3416 756 3707 824 imperandi

2133 834 2483 892 desiderium.
2516 839 2652 905 Quid
2680 839 2820 894 illius
2852 841 3015 895 filium
3035 845 3121 912 qui
3151 859 3271 898 eum
3299 856 3381 899 est
3406 858 3661 917 sequutus
3686 849 3710 902 ?

2136 924 2332 981 invidia
2359 938 2413 983 et
2440 930 2597 984 livor.
2639 930 2772 995 Quid
2803 947 2897 985 eos
2924 934 3012 1001 qui
3044 933 3259 989 fuerunt
3289 948 3527 1005 tempore
3556 939 3739 1011 Noe?,

2132 1016 2427 1087 Corporum
2455 1021 2779 1090 voluptates,
2809 1032 2863 1077 et
2900 1039 3019 1093 qua:
3034 1041 3098 1079 ex
3122 1026 3200 1080 eis
3227 1039 3520 1083 nascuntur
3544 1032 3704 1085 mala.

2134 1108 2270 1175 Quid
2300 1110 2414 1179 ejus
2458 1112 2661 1166 filium?
2703 1113 3003 1170 Petulantia
3031 1126 3086 1170 et
3118 1118 3279 1171 nimia
3312 1119 3544 1174 licentia.
3573 1122 3707 1186 Quid

2134 1199 2478 1255 Sodomitas?
2506 1201 2695 1257 Libido
2740 1214 2795 1259 et
2843 1206 3094 1261 salacitas
3138 1216 3191 1260 et
3219 1224 3409 1276 panum
3437 1212 3703 1265 saturitas.
3740 1216 3746 1252 ὲ

2132 1289 2283 1359 Smpe
2308 1300 2482 1345 autem
2514 1293 2614 1348 hoc
2659 1311 2869 1365 quoque
2918 1296 3045 1351 facit
3082 1311 3403 1368 paupertas:
3431 1313 3703 1371 propterea

2133 1380 2343 1436 dicebat
2385 1383 2597 1452 quidam
2643 1388 2856 1455 sapiens
2886 1406 2899 1442 :
2927 1388 3143 1443 Divitias
3185 1402 3231 1445 et
3275 1406 3618 1462 paupertatem
3648 1414 3708 1449 ne

2133 1472 2330 1525 dederis
2356 1475 2480 1528 mihi
2505 1474 2695 1545 (Prov.
2726 1479 2811 1532 50.
2839 1478 2934 1549 8).
2965 1478 3074 1533 imo
3108 1496 3234 1535 vero
3265 1498 3360 1537 nec
3388 1484 3581 1538 divitiae
3611 1504 3707 1542 nec

2132 1571 2438 1630 paupertas,
2486 1565 2578 1618 sed
2605 1567 2743 1635 quod
2771 1567 2851 1623 his
2894 1570 3129 1640 utrisque
3155 1572 3229 1625 uti
3262 1588 3363 1627 non
3386 1578 3551 1643 possit
3577 1579 3705 1630 libe-

2134 1666 2248 1704 rum
2276 1653 2574 1710 arbitrium.
2607 1658 2849 1727 Agnosce,
2876 1656 3066 1731 inquit,
3097 1664 3232 1731 quod
3260 1668 3442 1721 transis
3471 1669 3520 1721 in
3544 1671 3705 1723 medio

2133 1743 2420 1811 laqueorum
2453 1746 2640 1814 (Eccli.
2672 1749 2725 1803 9.
2760 1749 2868 1821 18).

2202 1835 2255 1888 5.
2289 1837 2681 1894 Adntirabiliter
2710 1841 2842 1895 dixit
2870 1842 3057 1897 beatus
3084 1845 3274 1901 Paulus
3302 1865 3314 1901 :
3340 1847 3403 1900 In
3427 1849 3518 1902 hoc
3552 1852 3701 1917 positi

2132 1940 2323 1981 sumus.
2357 1928 2468 1982 Non
2491 1929 2621 1983 dixit
2648 1932 2839 1997 solum,
2872 1933 3179 2002 Tentamur,
3207 1938 3319 1999 sed,
3350 1938 3415 1992 In
3439 1940 3533 1994 hoc
3556 1943 3706 2008 positi

2132 2030 2342 2080 sumus;
2370 2033 2431 2073 ac
2455 2020 2501 2073 si
2524 2020 2745 2085 diceret,
2780 2024 2832 2076 ln
2862 2024 2962 2079 hoc
2988 2029 3091 2080 nati
3126 2042 3326 2081 sumus.
3360 2029 3469 2084 lloc
3497 2041 3579 2085 est
3606 2049 3696 2086 no-

2133 2116 2302 2160 strum
2338 2124 2531 2164 munus
2559 2121 2613 2165 et
2636 2112 2889 2181 officium,
2922 2115 3035 2169 haec
3076 2127 3156 2171 est
3182 2121 3287 2172 vita
3333 2130 3534 2188 nostra,
3566 2134 3617 2176 et
3650 2133 3705 2176 tu

2133 2196 2326 2263 qumris
2363 2198 2631 2267 quietem?
2659 2201 2773 2257 Non
2806 2206 2966 2259 instat
3000 2206 3153 2261 lictor
3191 2208 3325 2263 latus
3366 2210 3621 2276 lacerans,
3652 2225 3705 2267 et

2132 2299 2327 2354 cogens
2350 2291 2677 2355 sacriﬁcare;
2711 2295 2806 2349 sed
2837 2296 2997 2351 instat
3026 2299 3314 2356 vehemens
3347 2305 3581 2372 pecuniae
3607 2322 3704 2359 eu-

2134 2375 2325 2443 piditas
2348 2387 2401 2433 et
2427 2383 2667 2449 avaritia,
2698 2386 2852 2439 nobis
2879 2387 3137 2443 effodiens
3162 2393 3365 2448 oculos.
3395 2393 3580 2449 Nullus
3604 2397 3706 2449 mi-

2135 2465 2213 2521 les
2235 2469 2385 2523 nobis
2412 2475 2648 2528 accendit
2674 2492 2880 2546 rogum,
2906 2496 3002 2536 nec
3030 2498 3125 2536 nos
3156 2484 3377 2553 imponit
3404 2490 3701 2554 cratienlze;

2134 2558 2227 2612 sed
2267 2575 2549 2631 corporum
2590 2566 2936 2625 inflammatio
2964 2575 3131 2642 magis
3160 2591 3317 2645 quam
3351 2578 3434 2632 illa
3466 2581 3707 2635 accendit

2134 2652 2384 2715 animam.
2416 2655 2531 2711 Non
2558 2658 2707 2714 adest
2727 2677 2816 2716 rex
2849 2662 2984 2717 bona
3010 2667 3324 2734 promittens
3352 2670 3707 2726 innumerabi-

2136 2743 2225 2807 lia,
2256 2754 2309 2799 et
2339 2749 2536 2815 pudore
2565 2750 2837 2818 afﬁciens;
2868 2755 2960 2809 s‘cd
2992 2758 3144 2811 adest
3172 2759 3385 2814 insanus
3414 2777 3563 2816 amor
3593 2765 3707 2833 glo-

2136 2838 2228 2892 ria:
2253 2854 2369 2909 quae
2396 2842 2511 2909 plus
2542 2859 2696 2912 quam
2734 2845 2823 2900 ille
2855 2847 3029 2902 titillat
3056 2860 3107 2902 et
3132 2851 3314 2905 allicit.
3344 2853 3587 2924 Magnum
3619 2871 3706 2909 rc-

2136 2943 2261 2983 vcra
2290 2930 2508 2998 bellum,
2533 2944 2586 2988 et
2607 2935 2762 2989 valde
2787 2952 3032 3006 magnum
3074 2940 3117 2993 si
3158 2943 3426 3010 sapiamus
3454 2956 3509 2999 et
3537 2945 3705 2999 simus

2138 3020 2298 3074 sobrii
2330 3039 2342 3070 :
2372 3022 2527 3077 habet
2553 3040 2779 3079 coronas
2808 3042 3043 3095 praesens
3068 3045 3276 3099 quoque
3307 3045 3512 3102 tempus
3541 3052 3555 3089 :
3587 3036 3707 3091 audi

2138 3113 2355 3168 Paulum
2381 3115 2642 3172 dicentem
2676 3137 2688 3169 :
2722 3117 2799 3172 De
2823 3132 3000 3175 σωτενο
3026 3125 3243 3192 reposita
3268 3136 3342 3179 est
3370 3128 3494 3181 mihi
3522 3145 3709 3184 corona

2128 3206 2364 3275 justitiw,
2389 3226 2538 3277 quam
2558 3211 2729 3264 reddet
2751 3213 2875 3267 mihi
2886 3216 3057 3283 justus
3076 3216 3281 3283 ludar;
3312 3236 3411 3273 non
3436 3223 3595 3276 solum
3618 3223 3710 3275 an;

2138 3307 2235 3350 tem
2266 3299 2408 3363 mihi,
2435 3300 2523 3353 sed
2553 3312 2595 3353 et
2623 3303 2853 3357 omnibus
2880 3307 2965 3375 qui
2994 3307 3276 3361 dilexerunt
3307 3312 3572 3365 adventum
3599 3315 3710 3383 ejus

2139 3389 2232 3459 (2.
2261 3389 2394 3444 Tim.
2424 3394 2476 3446 4.
2509 3393 2604 3462 8).
2652 3394 2874 3462 Quando
2914 3399 3157 3453 amiseris
3195 3400 3448 3456 dilectum
3498 3405 3707 3458 unicum

2141 3483 2320 3548 lilium,
2352 3484 2403 3537 in
2432 3486 2635 3554 magnis
2660 3489 2915 3543 nutritum
2938 3491 3213 3559 apibus,et
3239 3494 3325 3560 qui
3350 3494 3540 3548 bonam
3562 3495 3628 3549 de
3651 3513 3709 3551 se

2140 3589 2287 3645 spem
2314 3577 2635 3645 concitabat,
2664 3590 2718 3633 et
2746 3581 2839 3634 tibi
2868 3582 3013 3636 solus
3038 3585 3241 3637 futurus
3266 3594 3383 3638 erat
3409 3588 3581 3652 heres,
3607 3604 3710 3642 non

2140 3666 2282 3736 lnge,
2321 3669 2412 3723 sed
2448 3670 2553 3723 Deo
2582 3686 2678 3740 age
2704 3672 2990 3739 gratias,et
3023 3673 3253 3742 glorifica
3287 3691 3406 3729 emn
3435 3679 3525 3746 qui
3557 3695 3712 3733 acce-

2142 3759 2248 3826 pit;
2282 3761 2405 3813 etin
2435 3760 2535 3815 hoc
2563 3763 2865 3816 Abrahamo
2886 3764 3053 3820 nihilo
3074 3766 3179 3819 eris
3208 3766 3447 3823 inferior.
3477 3769 3543 3825 Ut
3569 3773 3709 3826 enim

2141 3849 2228 3904 ille
2256 3851 2364 3905 Deo
2392 3852 2537 3906 dedit
2563 3854 2650 3922 qui
2674 3854 2926 3923 jusserat,
2956 3856 3023 3909 ita
3065 3867 3117 3910 tu
3139 3898 3154 3923 ,
3184 3873 3303 3912 cum
3336 3859 3449 3928 ipse
3471 3863 3712 3931 accepis-

2142 3948 2240 4001 set,
2272 3944 2375 3994 nan
2404 3945 2669 4010 gemuisti.

2214 4031 2589 4086 lncantationes
2623 4045 2666 4087 et
2705 4036 2946 4105 ligamina
2972 4054 3063 4105 pro
3090 4039 3274 4093 morbis
3304 4041 3555 4094 curandis.
3570 4041 3716 4095 adhi-

2143 4124 2264 4176 bita.
2295 4124 2630 4179 Divinatores.
2655 4156 2723 4164 —
2754 4126 2809 4180 In
2853 4129 3095 4183 morbum
3124 4145 3339 4200 gravem
3370 4131 3628 4196 incidisti;
3661 4144 3715 4189 et

2144 4217 2297 4270 multi
2322 4218 2619 4286 adsuntqui
2644 4229 2860 4289 cogunt,
2885 4222 2972 4274 alii
3000 4223 3213 4291 quidem
3245 4225 3711 4294 incantationibus,

2143 4307 2231 4360 alii
2256 4322 2383 4361 vero
2412 4308 2765 4378 ligaminibus,
2791 4312 2879 4365 alii
2899 4328 3026 4367 vero
3048 4315 3362 4383 quibusdam
3386 4318 3503 4372 aliis
3527 4320 3716 4376 sedare

2145 4398 2383 4451 malum?
2421 4410 2473 4452 tu
2507 4416 2633 4455 vero
2666 4413 2883 4471 propter
2911 4405 3000 4459 Dei
3032 4416 3229 4465 metum
3270 4408 3391 4462 forti
3431 4419 3485 4463 et
3526 4427 3719 4481 magno

2146 4490 2310 4545 tulisti
2348 4506 2410 4545 ac
2451 4492 2705 4547 immobili
2751 4496 2950 4559 animo,
2987 4506 3041 4551 et
3082 4498 3311 4553 maluisti
3357 4501 3565 4569 quidvis
3609 4504 3717 4571 pati

2143 4599 2302 4653 quam
2331 4586 2595 4641 sustinere
2615 4598 2672 4641 ut
2701 4589 2896 4659 aliquid
2921 4606 3105 4659 ageres
3125 4608 3189 4647 ex
3216 4593 3279 4647 iis
3306 4609 3424 4664 quae
3452 4597 3720 4664 pertinent

2145 4679 2211 4733 ad
2238 4680 2437 4733 cultum
2464 4680 2766 4736 idolorum?
2803 4683 2904 4737 hoc
2938 4685 3027 4739 tibi
3057 4685 3210 4740 affert
3236 4701 3488 4741 coronam
3518 4699 3718 4758 marty-

2145 4770 2240 4833 rii;
2281 4785 2380 4825 nec
2404 4770 2604 4825 dubita.
2632 4772 2910 4839 Quomodo
2939 4784 3030 4828 aut
3058 4791 3283 4844 quanam
3321 4779 3568 4833 ratione?
3608 4780 3718 4848 Ego

2145 4860 2266 4917 dico
2290 4879 2302 4913 :
2326 4862 2447 4931 quia
2474 4863 2609 4917 sicut
2628 4863 2715 4918 ille
2737 4880 2926 4933 magno
2951 4875 3004 4919 et
3032 4865 3151 4920 forti
3175 4868 3353 4922 animo
3373 4867 3475 4922 fert
3503 4869 3719 4923 dolores

2147 4960 2550 5016 tormentorum,
2586 4962 2640 5006 ut
2664 4969 2768 5007 non
2795 4956 2978 5010 adoret
3004 4956 3379 5024 simulacrum;
3410 4960 3478 5014 ita
3511 4969 3563 5015 tu
3586 4976 3722 5030 quo-

2146 5058 2249 5112 que
2277 5042 2386 5097 fers
2412 5043 2623 5097 dolores
2654 5046 2846 5111 morbi,
2879 5057 2936 5100 ut
2961 5048 3102 5101 nullo
3132 5063 3265 5117 opus
3299 5050 3495 5105 habeas
3524 5066 3716 5108 eorum

2147 5151 2263 5204 qua:
2286 5136 2374 5189 ille
2400 5135 2621 5204 praebet,
2647 5153 2819 5207 neque
2853 5138 3015 5194 facias
3039 5157 3158 5211 qua!
3180 5142 3350 5213 jubet.
3381 5146 3451 5198 At
3475 5154 3599 5199 sunt
3622 5146 3719 5200 do-

2147 5227 2289 5281 lores
2328 5228 2401 5281 illi
2429 5229 2891 5285 vehementiores?
2933 5233 3039 5287 Sed
3070 5235 3155 5289 isti
3186 5236 3454 5306 longiores
3485 5257 3498 5292 :
3527 5254 3718 5308 quam-

2148 5318 2329 5372 obrem
2357 5335 2449 5387 par
2471 5330 2551 5373 est
2575 5336 2759 5375 eorum
2791 5323 2983 5377 exitus.
3018 5324 3171 5395 Scepe
3197 5339 3372 5382 autem
3404 5338 3526 5383 sunt
3554 5329 3717 5384 etiam

2145 5409 2594 5486 vehementiores.
2639 5412 2774 5479 Quid
2818 5415 2981 5481 enim,
3024 5416 3340 5486 dic,quaeso,
3373 5436 3495 5475 cum
3522 5423 3718 5476 ardens

2148 5484 2323 5555 febris.
2338 5511 2387 5556 te
2415 5503 2555 5557 intus
2579 5515 2736 5558 vexat
2764 5515 2818 5559 et
2846 5508 2983 5575 urit,
3023 5518 3077 5564 et
3115 5484 3339 5565 aliorum
3380 5514 3717 5569 suadentium

2147 5594 2352 5648 excutis
2392 5594 2826 5663 incantationem,
2870 5612 3046 5653 annon
3095 5616 3152 5655 es
3196 5604 3470 5659 redimitus
3517 5620 3718 5662 corona

2146 5687 2427 5757 martyrii?
2469 5688 2668 5743 Rursus
2706 5692 2882 5745 amisit
2921 5694 3181 5762 quispiam
3222 5698 3533 5764 pecuniam?
3562 5699 3719 5753 multi

2149 5788 2271 5844 sunt
2302 5780 2390 5849 qui
2420 5780 2640 5836 suadent
2680 5791 2736 5836 ut
2774 5792 2860 5837 eat
2896 5782 2960 5838 ad
3003 5785 3325 5844 divinatores
3357 5803 3368 5843 :
3399 5788 3634 5851 maluisti
3662 5798 3721 5845 tu
