4128 6398
417 351 518 407 ιιι

418 474 532 534 τοῖς
563 467 619 522 δὲ
636 466 704 521 τὰ.
725 465 902 521 αὐνιῖιν
933 464 1134 535 ἔχουσι,
1158 463 1342 518 τοῦτο’
1361 467 1458 529 Τίς
1476 466 1703 538 ἡρπάγη
1729 467 1988 538 χρήματα

420 557 510 614 διὰ
540 554 807 626 Χριστόν;
836 553 916 617 τίς
936 552 1276 624 ἐρῤαίσθη;
1305 552 1386 616 τίς
1406 552 1670 624 ὑϐρίσθης
1704 555 1864 623 μέχρι
1897 554 1992 621 ρη-

421 644 630 714 μάτων,
687 641 848 709 λέγω.
902 640 1071 693 Πόθεν
1125 641 1158 709 ἡ
1225 639 1531 710 καύχησις;
1582 640 1745 693 πόθεν
1768 638 1992 692 δύνασαι

425 729 736 802 παρρησίαν
764 728 910 798 ἐχειν
935 744 948 789 ;
983 725 1231 780 Τοσαῦτα
1261 726 1434 780 ἔπαθε
1477 727 1544 779 δι’
1574 728 1736 798 ἡμεῖς
1767 726 1994 797 ἐχθροὺς

421 819 580 879 ὄντας
599 819 628 871 6
657 815 891 886 Χριστός
913 831 926 844 ’
953 814 1005 867 τί
1033 813 1306 885 δυνάμεθα
1332 813 1595 881 ἐπιδεῖξαι
1631 815 1790 884 ἡμεῖς
1826 808 1901 867 ὧν
1923 813 1992 866 δι’

422 904 585 957 αὐτὸν
643 901 1022 972 πεπόνθαμεν;
1061 894 1162 954 Ὧν
1219 900 1320 969 μὲν
1379 901 1752 970 πεπόνθαμεν,
1797 900 1989 954 οὐδέν’

420 986 497 1045 ὧν
546 990 604 1044 δὲ
651 989 936 1059 πάσχομεν
973 990 1108 1059 παρ’
1149 988 1316 1040 αὐτοῦ
1357 987 1561 1051 καλῶν,
1596 989 1785 1058 μυρία.
1822 987 1994 1042 Πόθεν

423 1080 556 1148 ἡμῖν
597 1079 631 1149 ή
677 1075 961 1148 παρρησία
999 1075 1153 1129 ἔσται
1201 1077 1322 1129 κατ’
1358 1075 1578 1146 ἐκείνην
1600 1076 1700 1146 τὴν
1734 1077 1991 1147 ήμέραν;

423 1165 541 1218 Οὐκ
583 1165 720 1229 ῐστε,
761 1164 843 1216 ὅτι
886 1163 980 1216 κα)⁸
1005 1163 1034 1215 6
1070 1161 1428 1232 στρατιώτης,
1462 1163 1590 1215 ὅταν
1621 1161 1790 1234 μυρία
1820 1161 1994 1232 τραύ-

428 1269 574 1321 ματα.
637 1253 730 1306 ml
778 1250 1007 1312 ὠτειλὰς
1064 1249 1490 1320 ἐπιδεικνύηται,
1530 1250 1651 1303 τότε
1705 1250 1992 1321 δυνήσεται

423 1338 672 1410 λαμπρὸς
714 1335 853 1392 εἶναι
909 1338 1066 1410 παρὰ
1092 1337 1168 1409 τῷ
1204 1337 1441 1408 βασιλεῖ;
1479 1336 1544 1390 ἂν
1586 1338 1643 1390 δὲ
1687 1338 1852 1408 μηδέν
1893 1337 1991 1409 ἔχῃ

422 1427 591 1492 δεῖξαι
636 1425 986 1496 κατόρθωμα,
1034 1425 1138 1478 κᾶν
1170 1423 1333 1493 μηδὲν
1422 1423 1900 1492 προσκεκρουκὼς,
1935 1426 1993 1477 ἐν

424 1517 535 1576 τοίς
588 1514 837 1583 ἐσχάτοις
890 1513 1202 1577 τετάξεται;
1269 1511 1410 1563 Ἀλλ’
1455 1511 1555 1563 οὐκ
1609 1510 1725 1564 ἐστι
1751 1511 1991 1580 πολέμου

424 1602 635 1670 καιρὸς,
682 1603 865 1672 φησὶν,
926 1603 990 1655 Εί
1041 1602 1151 1670 γὰρ
1171 1596 1260 1670 ἦν,
1291 1600 1412 1652 εἰπέ
1444 1617 1556 1668 μοι,
1587 1599 1670 1661 τίς
1694 1599 1760 1652 ἂν
1791 1600 1994 1669 ἠγωνί-

429 1707 600 1754 cato;
623 1689 708 1753 τίς
742 1689 809 1744 ἂν
850 1690 1200 1760 ἐπεπήδησε;
1249 1689 1332 1752 τίς
1369 1688 1436 1741 ἂν
1470 1689 1569 1757 τὴν
1627 1689 1882 1756 φάλαγγα
1913 1688 1994 1740 δι-

427 1778 597 1843 έξωσε
627 1791 652 1820 α
677 1785 698 1844 ;“
713 1780 863 1850 Τάχα
907 1778 1078 1840 οὐδείς
1106 1793 1118 1806 ο
1170 1780 1298 1830 ὅταν
1328 1776 1434 1847 γὰρ
1458 1775 1551 1829 ίδω
1579 1777 1660 1828 ὅτι
1697 1776 1992 1846 χρημάτων

425 1867 487 1921 οὐ
520 1868 877 1937 καταφρονεῖς
895 1865 1078 1918 ἕνεκεν
1101 1864 1193 1917 τοῦ
1221 1863 1478 1934 Χριστοῦ,
1497 1863 1613 1926 πῶς
1643 1881 1724 1916 σοι
1763 1862 1992 1916 πιστεύ-

427 1967 508 2003 σω
555 1951 637 2003 ὅτι
660 1948 898 2021 ’πληγῶν
933 1951 1366 2019 καταφρονήσεις
1395 1966 1408 2013 ;
1441 1947 1598 2011 Εἰπὲ,
1647 1947 1841 2018 φέρετε
1867 1948 1994 2010 τοὺς

426 2036 749 2107 ὑϐρίζοντας
792 2035 1079 2104 γενναίως,
1132 2035 1227 2088 καὶ
1266 2035 1537 2103 εὐλογεῖτε
1566 2035 1795 2098 αὐτούς;
1824 2035 1994 2088 Τοῦτο

425 2124 490 2177 οὐ
516 2125 706 2186 ποιεῖς,
746 2121 912 2194 [446]
941 2122 1077 2175 ἀλλά
1113 2122 1467 2193 παρακούεις.
1521 2124 1586 2175 Ὃ
1622 2123 1863 2176 κίνδυνον
1895 2124 1995 2176 οὐκ

426 2209 562 2280 ἔχει,
608 2210 670 2263 οὐ
717 2213 912 2274 ποιεῖς,
959 2211 1054 2263 καὶ
1102 2210 1315 2279 πληγὰς
1339 2212 1527 2274 οἴσεις,
1561 2210 1682 2263 εἰπέ
1719 2227 1831 2280 μοι,
1865 2209 1995 2263 ἔνθα

426 2298 564 2352 πολὺ
611 2298 672 2352 τὸ
718 2298 816 2368 τῆς
877 2299 1071 2365 ὀδύνης
1113 2298 1328 2366 καὶτῆς
1365 2297 1698 2367 ἀλγηδόνος;
1733 2300 1847 2350 Οὐκ
1881 2299 1993 2351 ἴστε

424 2385 508 2437 ὃτι
538 2386 597 2438 ἐν
627 2386 816 2458 εἰρήνῃ
844 2386 912 2438 τά
934 2385 1027 2438 τοῦ
1055 2384 1292 2454 πολέμου
1320 2384 1697 2455 γυμνάζεσθαι
1720 2386 1824 2455 χρή
1847 2400 1862 2449 ;
1895 2387 1994 2454 οὐχ

425 2471 589 2541 ὁρᾶτε
621 2474 748 2534 τούς
769 2471 1108 2541 στρατιώτας
1144 2471 1385 2536 τούτους,
1417 2472 1486 2536 οἳ,
1517 2471 1611 2524 καὶ
1644 2471 1870 2542 μηδενὸς
1885 2471 1998 2524 ἐνο-

426 2557 676 2628 χλοῦντος
694 2558 948 2629 πολέμου,
968 2557 1082 2611 ἀλλ’
1103 2559 1322 2629 εἰρήνης
1337 2556 1502 2628 οὔσης
1520 2557 1760 2627 βαθείας,
1775 2558 1841 2610 τὰ
1857 2558 1998 2612 ὅπλα

426 2648 902 2717 ἀποσμηξάμενοι,
955 2647 1048 2699 καὶ
1088 2646 1227 2716 μετὰ
1270 2645 1379 2698 τῶν
1421 2645 1755 2698 διδασκάλων
1792 2644 1904 2698 τῶν
1931 2646 1999 2698 τά

425 2734 661 2789 τακτικά
697 2735 1058 2789 διδασκόντων
1111 2733 1335 2798 αὐτοὺς,
1396 2737 1477 2796 εἰς
1519 2733 1689 2786 ὕπτια
1718 2733 1877 2786 πεδία
1901 2734 1998 2786 καὶ

428 2823 715 2895 εὐρύχωρα
744 2824 863 2877 καθ’
887 2825 1142 2893 ἑκάστην,
1170 2823 1245 2887 ὡς
1268 2824 1464 2887 εἰπεῖν,
1497 2823 1710 2894 ἡμέραν
1736 2821 1993 2888 ἐξιόντες,

427 2909 499 2963 τὰ
526 2911 620 2964 τοῦ
650 2913 884 2982 πολέμου
915 2910 1284 2982 γυμνάζονται
1309 2911 1447 2980 μετά
1470 2910 1670 2978 πολλῆς
1697 2909 1798 2979 τῆς
1841 2912 1998 2980 ἀκρι-

427 2997 614 3064 6είας;
643 2999 740 3063 Τίς
767 2998 925 3052 τοῦτο
958 3000 1250 3070 εἰργάσατο
1281 2999 1390 3051 τῶν
1414 2996 1803 3068 πνευματικῶν
1833 3014 2000 3068 στρα-

428 3084 643 3138 τιωτῶν
672 3102 686 3150 ;
721 3087 857 3140 Οὐδὲ
881 3082 982 3150 εἷς.
1019 3087 1117 3140 Διά
1142 3086 1298 3139 τοῦτο
1335 3087 1393 3137 ἐν
1416 3088 1529 3149 τοῖς
1568 3085 1835 3156 πολέμοις
1862 3083 1997 3155 χαῦ-

429 3188 513 3225 νοι
547 3173 643 3225 καὶ
667 3172 950 3242 βάναυσοι,
978 3174 1074 3226 καὶ
1099 3174 1264 3226 πᾶσιν
1287 3171 1547 3226 εὐάλωτοι
1576 3172 1856 3242 γινόμεθα.
1894 3172 1998 3224 Πό-

431 3275 532 3330 σης
569 3259 628 3313 δὲ
656 3259 886 3324 νωθείας
913 3259 974 3312 τὸ
1001 3259 1074 3330 μὴ
1090 3257 1344 3330 ἡγεῖσθαι
1377 3258 1617 3327 πολέμου
1645 3257 1834 3328 καιρὸν
1860 3253 1999 3310 εἶναι

427 3345 522 3400 τὸν
554 3347 817 3417 παρόντα,
851 3344 945 3398 τοῦ
968 3345 1180 3398 Παύλου
1215 3345 1464 3415 βοῶντοςο
1483 3344 1712 3410 Πάντες
1740 3344 1808 3397 δὲ
1833 3347 1886 3398 οί
1909 3345 2002 3399 θέ·

429 3437 644 3501 ,ιοντες
696 3433 958 3499 εὐσεϐῶς
1011 3431 1116 3502 ζῇν
1158 3432 1478 3501 ὲνΧριστῴ
1516 3433 1721 3499 Ἰησοῦ
1745 3431 1998 3502 διωχθή-

429 3534 677 3582 σονται;
721 3518 815 3571 καὶ
849 3516 944 3569 τοῦ
988 3515 1225 3586 Χριστοῦ
1256 3517 1524 3585 λέγοντος·
1569 3518 1664 3569 Ἐν
1687 3516 1767 3581 τῷ
1797 3517 2000 3586 κόσμῳ

431 3607 639 3675 θλῖψιν
658 3605 846 3670 ἒξετεε
878 3606 984 3658 Καὶ
1012 3604 1173 3657 πάλιν
1200 3603 1293 3656 τοῦ
1323 3603 1592 3674 μακαρίου
1621 3604 1832 3656 Παύλου
1857 3605 2000 3674 λαμ-

431 3696 547 3764 πρᾷ
563 3696 629 3764 τῇ
662 3695 812 3764 φωνῇ
845 3692 1076 3762 βοῶντος
1110 3691 1206 3744 καὶ
1227 3690 1496 3758 λέγοντος
1522 3693 1642 3744 Οὐκ
1666 3699 1837 3744 ἐστιν
1858 3693 2002 3760 ἡμῖν

431 3783 474 3849 ἡ
503 3781 666 3847 πάλη
695 3780 844 3847 πρὸς
881 3775 1024 3847 αἷμα
1047 3777 1148 3831 καὶ
1186 3776 1432 3846 σάρκιη
1467 3779 1559 3830 καὶ
1605 3778 1786 3832 πάλιν·
1813 3777 2002 3846 Στῆτε

431 3863 548 3923 οὖν
567 3864 1022 3934 περιζωσάμενοι
1051 3864 1168 3935 τὴν
1199 3865 1400 3934 ὀσφὺν
1420 3863 1588 3932 ὑμῶν
1623 3866 1693 3918 ὲν
1718 3865 2001 3932 ἀληθείᾳ;

433 3955 546 4008 Καὶ
586 3954 759 4016 οὐδεὶς
780 3954 1003 4006 ἐκείνων
1027 3949 1146 4005 εἷπε
1179 3952 1321 4016 τότε,
1349 3953 1413 4004 Τί
1436 3951 1674 4016 ὁπλίζεις
1708 3937 1875 4023 ἡμᾶς,
1903 3970 2003 4006 πο-

433 4040 603 4112 λέμου
650 4041 752 4094 οὐκ
793 4040 982 4104 δντος;
1031 4039 1083 4094 τί
1133 4039 1310 4110 μάτην
1343 4042 1474 4110 ἡμῖν
1532 4041 1829 4112 πράγματα
1863 4058 2005 4109 παρ-

434 4130 969 4200 έχειςςθωρακίζεις
1010 4130 1136 4193 τοὺς
1183 4129 1538 4201 στρατιώτας,
1580 4130 1700 4194 ἐξὸν
1734 4129 2005 4183 ἀναπαύε-

436 4219 562 4271 σθαι
614 4217 708 4270 καὶ
751 4216 1070 4287 ήσυχάζεινς
1112 4214 1256 4269 Ἀλλ’
1303 4215 1463 4286 είπερ
1517 4233 1598 4278 τις
1635 4211 1756 4268 εἶπε
1808 4215 2003 4280 ταῦτα,

434 4305 850 4377 ἀνθυπήνεγκεν
873 4305 968 4377 άνς
988 4304 1238 4358 Μάλιστα
1261 4305 1358 4374 μέν
1387 4302 1502 4366 οὖν,
1531 4307 1579 4358 εἰ
1611 4306 1704 4358 καὶ
1721 4305 1795 4376 μὴ
1814 4300 1881 4375 ἦν
1911 4305 2007 4358 πό-

438 4403 621 4464 λεμος,
676 4393 780 4445 ἔδει
827 4393 896 4445 τά
941 4391 1036 4445 τοῦ
1085 4391 1320 4461 πολέμου
1382 4393 1668 4462 μεριμνᾷν.
1731 4392 1788 4445 '0
1811 4392 1917 4463 γὰρ
1948 4395 2006 4445 ἐν

437 4482 633 4554 εἰρήνῃ
663 4480 770 4534 τῶν
803 4482 901 4550 τῆς
933 4480 1113 4550 μάχης
1146 4477 1473 4549 φροντίζων,
1504 4479 1734 4551 φοϐερὸς
1764 4480 1916 4533 ἐσται
1948 4482 2004 4532 ἐν

437 4570 517 4640 τῷ
559 4569 737 4639 καιρῷ
778 4568 876 4636 τῆς
905 4567 1082 4636 μάχης
1101 4583 1115 4596 ο
1147 4569 1175 4619 6
1198 4566 1254 4618 δὲ
1281 4567 1507 4638 ἄπειρος
1533 4567 1641 4621 τῶν
1669 4568 2004 4638 πολεμικῶν,

440 4655 643 4728 μᾶλλον
703 4652 1134 4724 θορυϐηθήσεται
1177 4654 1272 4705 καὶ
1315 4657 1372 4706 ἐν
1419 4655 1629 4726 είρήνῃ.
1673 4655 1737 4706 Τί
1763 4655 2004 4725 δήποτε;

441 4745 565 4798 Ὀτι
595 4744 925 4814 δακρύσεται
958 4742 1094 4813 ὐπέρ
1131 4735 1206 4794 ὧν
1231 4742 1365 4812 ἔχει,
1390 4743 1481 4795 καὶ
1506 4745 1586 4795 ὅτι
1615 4743 1690 4813 μὴ
1713 4743 2007 4812 δυνάμενος

441 4831 780 4902 ὑπερμαχεῖν
841 4827 1045 4889 αὐτῶν,
1109 4829 1516 4899 όδυνηθήσεται.
1568 4829 1674 4882 Τοῦ
1702 4831 1810 4899 γὰρ
1831 4829 2004 4882 δειλοῦ

439 4919 535 4975 καὶ
575 4918 803 4988 ἀπείρου
851 4915 1104 4986 καὶπρὸς
1133 4915 1232 4978 τὰς
1286 4917 1464 4986 μάχας
1494 4915 1763 4983 βαναύσου
1790 4918 1856 4970 τὰ
1884 4935 2007 4987 κτη·

441 5023 584 5077 ματα
624 5006 839 5058 πάντων
887 5004 1006 5057 ἐστὶ
1032 5003 1138 5055 τῶν
1166 5003 1426 5074 ἀνδρείων
1456 5005 1550 5057 καὶ
1580 5005 1835 5074 πολεμεῖν
1871 5007 2009 5058 είδὸ-

439 5111 546 5146 των
565 5109 579 5124 ·
607 5092 749 5145 ὥστε
779 5092 866 5145 διά
896 5089 1051 5143 τοῦτο
1089 5091 1304 5158 πρῶτον
1350 5091 1494 5160 ὑμᾶς
1520 5091 1742 5156 όπλίζω.
1777 5093 2008 5146 Ἔπειτα

439 5180 499 5234 δέ
546 5180 642 5234 καὶ
695 5178 929 5249 πολέμου
991 5178 1182 5248 καιρὸς
1206 5178 1314 5240 πᾶς
1348 5178 1490 5247 ὁτῆς
1520 5177 1663 5249 ζωῆς
1690 5180 1845 5250 ἡμῶν
1892 5181 2008 5233 ἐστὶ

441 5267 650 5337 χρόνος.
677 5268 802 5331 Πῶς
833 5267 924 5320 καὶ
957 5268 1062 5319 τίνι
1088 5266 1311 5337 τρόπῳ;
1348 5266 1406 5320 '0
1435 5266 1678 5331 διάϐολος
1708 5269 2008 5339 ἐφέστηκεν

440 5355 549 5409 ἀεί.
568 5355 834 5409 ’Δκουσον
854 5355 906 5409 τί
931 5355 1060 5426 περὶ
1085 5353 1250 5408 αὐτοῦ
1281 5371 1436 5425 φησι.
1461 5354 1814 5425 Περιέρχεται
1832 5356 2009 5428 ὠρυό-

445 5457 602 5511 μενος
626 5441 702 5505 ὡς
721 5441 877 5508 λέων,
901 5442 1144 5513 ἁρπάσαι
1171 5441 1362 5494 θέλων.
1395 5442 1690 5512 Σωματικά
1731 5441 1875 5515 πάθη
1910 5460 2010 5512 μυ-

445 5528 536 5600 ρία
577 5527 877 5582 ἐπιτίθεται
926 5532 1081 5600 ἡμῖν,
1131 5531 1276 5600 άπερ
1319 5531 1613 5598 ἀναγκαῖον
1649 5529 1895 5597 διελθεῖν,
1925 5533 2011 5586 ἵνα

447 5617 524 5687 μὴ
557 5616 730 5686 μάτην
759 5616 980 5679 ἑαυτοὺς
994 5616 1312 5686 ἀπαιτῶμεν.
1353 5616 1417 5669 Τί
1447 5618 1574 5689 γὰρ,
1598 5618 1718 5672 εἰπέ
1743 5636 1854 5689 μοι,
1881 5621 2012 5689 ἡμῖν

444 5703 508 5755 οὐ
561 5701 817 5772 πολεμεί;
845 5703 907 5756 οὐ
943 5704 1196 5768 πλοῦτος,
1225 5704 1439 5770 κάλλος,
1478 5706 1674 5776 τρυφὴ,
1704 5705 2011 5771 δυναστεία,

507 5803 526 5834 ⁴¹
554 5803 719 5857 Un.C.
746 5814 884 5858 ctm.
928 5805 1080 5859 Savil.
1123 5809 1345 5870 διέσεισε,
1389 5809 1534 5860 lectio
1574 5823 1669 5860 non
1714 5811 2006 5873 spernenda.

1294 349 1357 404 IN
1394 347 1655 421 EPISTJ
1695 350 1786 405 AD
1825 343 2161 406 THESSAL.
2192 348 2700 409 CAPJHJIOMIL.
2739 351 2826 405 Ill.

3551 346 3659 404 ΗΞ

2093 463 2332 530 ἐξουσία,
2380 466 2666 536 βασκανία,
2710 465 2860 532 δόξα,
2909 464 3163 528 ἀπόνοια,
3199 463 3272 516 Οὐ
3302 462 3412 534 γάρ
3448 464 3657 534 μόνονή

2093 553 2341 626 ἡμετέρα
2384 553 2513 619 δόξα
2560 553 2789 623 πολεμεῖ
2820 551 3102 605 κωλύουσα
3127 551 3259 619 πρὸς
3300 568 3658 622 ταπεινοφρο-

2095 639 2260 710 σύνην
2309 640 2670 694 καταπίπτειν
2699 680 2713 702 ,
2759 639 2892 693 ἀλλὰ
2927 639 3078 707 καὶὴ
3129 637 3330 706 ἐτέρων
3359 639 3438 700 είς
3468 637 3663 706 φθόνον

2091 729 2125 797 ή
2136 729 2241 797 μᾶς
2267 728 2362 782 καὶ
2392 728 2690 798 βασκανίαν
2720 726 3007 794 ἐξάγουσα.
3032 725 3097 777 Τί
3123 724 3177 777 δέ
3200 724 3268 776 τὰ
3298 725 3540 788 ἐναντία,
3574 741 3666 777 πε-

2093 813 2201 877 νία,
2259 816 2472 886 ἀτιμία,
2506 815 2568 868 τὸ
2613 812 3095 886 καταφρονεῖσθαι,
3126 811 3187 864 τὸ
3219 810 3572 882 ἀπεῤῥῖφθαι,
3603 812 3664 864 τὸ

2098 901 2370 972 μηδεμίαν
2420 902 2565 973 ἔχειν
2615 892 2829 972 ἰσχύνς
2864 900 3026 954 Ἀλλὰ
3061 897 3235 955 ταῦτα
3269 898 3368 969 μὲν
3405 900 3462 952 ἐν
3495 899 3660 968 ἡμῖν·

2093 987 2162 1042 τά
2196 989 2252 1042 δέ
2287 988 2437 1060 παρὰ
2491 989 2817 1060 ἀνθρώπων,
2858 987 3134 1058 πονηρίαι,
3170 985 3472 1050 ἐπιϐουλαὶ,
3498 985 3660 1051 δόλοι,

2096 1078 2475 1146 συκοφαντίαι,
2531 1078 2881 1148 περιστάσεις
2941 1075 3173 1146 μυρίαι·
3229 1075 3432 1144 ὁμοίως
3471 1075 3566 1128 καὶ
3597 1077 3675 1128 τὰι

2095 1163 2246 1236 παρά
2307 1164 2415 1218 τῶν
2476 1166 2766 1236 δαιμόνων,
2815 1165 2999 1236 ἀρχαὶ,
3039 1162 3303 1229 ἐξουσίαι,
3360 1164 3666 1234 κοσμοκρά-

2094 1268 2254 1323 τορες
2312 1251 2408 1306 τοῦ
2451 1252 2676 1315 σκότους
2713 1251 2806 1305 τοῦ
2851 1253 3046 1314 αἰῶνος
3078 1251 3290 1313 τούτου,
3316 1249 3386 1302 τά
3417 1266 3686 1318 πνευμα-Δ

2094 1340 2222 1392 τικά
2272 1339 2372 1410 τῆς
2413 1339 2698 1409 πονηρίας.
2750 1337 2933 1391 ’Ἄλλοι
2977 1337 3144 1407 ἐσμὲν
3181 1338 3482 1408 χαίροντες,
3517 1337 3670 1391 ἄλλοι

2095 1425 2387 1493 ἀλγοῦντες
2412 1443 2426 1458 ·
2453 1426 2737 1496 ἀμφότερα
2760 1429 3140 1495 παρεκτροπή.
3174 1425 3314 1476 Ἀλλ’
3345 1425 3523 1491 ὑγεία,
3549 1424 3666 1477 ἀλλ’

2094 1513 2372 1569 ἀσθένεια.
2439 1513 2607 1565 Πόθεν
2666 1512 2762 1581 οὐχ
2819 1512 3198 1581 άμαρτήσεταί
3244 1528 3363 1577 τις;
3405 1511 3668 1564 Βούλεσθε

2095 1602 2190 1653 καὶ
2216 1601 2323 1653 ἀπὸ
2352 1599 2445 1653 τοῦ
2489 1598 2660 1669 Ἀδὰμ
2686 1598 2994 1668 ἀρξάμενος
3013 1600 3141 1667 ύμῖν
3172 1599 3311 1650 είπω
3337 1598 3539 1662 εὐθέως
3562 1599 3670 1652 ἀπὸ

2093 1689 2196 1758 τῆς
2224 1687 2402 1758 ἀρχῆς
2432 1705 2446 1754 ;
2480 1687 2653 1759 [447]
2681 1687 2746 1738 Τί
2784 1686 2876 1739 τὸν
2898 1686 3324 1756 πρωτόπλαστον
3353 1681 3531 1753 είλενς
3573 1688 3668 1739 Ἦ-

2094 1775 2220 1845 δονὴ
2269 1777 2364 1829 καί⁸
2401 1775 2666 1847 βρώματα
2693 1776 2788 1827 καὶ
2817 1774 3112 1844 φιλαρχίας
3142 1773 3299 1846 ἔρως.
3334 1774 3399 1826 Τί
3420 1775 3511 1828 τὸν
3548 1776 3666 1844 μετ’

2097 1865 2303 1916 ἐκεῖνον
2347 1862 2439 1915 τὸν
2491 1862 2606 1914 υἱδν
2626 1861 2718 1913 τὸν
2741 1861 2987 1925 ἐκείνους
3019 1861 3296 1914 Βασκανία
3336 1862 3432 1914 καὶ
3456 1861 3666 1930 φθόνος.

2096 1950 2162 2001 Τί
2193 1951 2319 2013 τοὺς
2347 1950 2440 2002 ἐπὶ
2462 1948 2584 2002 Νῶε
2608 1967 2622 2015 ;
2648 1948 2921 2018 Σωμάτων
2949 1949 3153 2018 ἡδοναὶ,
3187 1949 3279 2002 καὶ
3311 1949 3379 2001 τά
3409 1949 3518 2002 ἀπὸ
3547 1949 3671 2001 τού-

2096 2055 2206 2090 των
2263 2037 2560 2104 τικτόμενα
2592 2036 2759 2088 κακά.
2793 2035 2857 2086 Τί
2905 2034 2999 2088 τὸν
3046 2035 3159 2088 υἱὸν
3187 2035 3280 2087 τὸν
3308 2037 3531 2099 τούτου;
3569 2035 3670 2087 ’Ύ-

2099 2126 2219 2195 6ρις
2249 2126 2341 2178 καὶ
2368 2123 2543 2177 ἄδεια.
2564 2124 2606 2176 Τ
2614 2122 2630 2174 ί
2654 2123 2780 2185 τοὺς
2809 2122 3104 2193 Σοδομίτας
3125 2141 3140 2189 ;
3161 2122 3355 2194 ’Ὕϐρις
3383 2123 3476 2176 καὶ
3509 2123 3670 2175 ἀσέλ-

2095 2231 2226 2282 γεια
2282 2213 2376 2265 καὶ
2429 2211 2715 2282 πλησμονὴ
2751 2212 2950 2281 ἄρτων.
2985 2211 3255 2276 Πολλάκις
3293 2213 3348 2264 δὲ
3381 2215 3479 2266 καὶ
3510 2213 3669 2266 πενία

2097 2300 2256 2353 τοῦτο
2317 2301 2495 2352 ποιεῖ·
2547 2297 2635 2351 διὰ
2674 2297 2832 2352 τοῦτο
2862 2298 3024 2367 σοφός
3046 2316 3129 2362 τις
3154 2299 3308 2366 ἔλεγε
3335 2315 3348 2328 ⁸
3397 2299 3668 2353 Πλοῦτον

2098 2388 2166 2442 δὲ
2197 2387 2294 2440 καὶ
2325 2389 2544 2441 πενίαν
2562 2386 2648 2457 μή
2674 2403 2775 2456 μοι
2812 2384 2948 2451 δῷς.
2993 2385 3210 2439 Μᾶλλον
3237 2385 3292 2437 δὲ
3327 2387 3388 2438 οὐ
3422 2385 3670 2449 πλοῦτος,

2097 2475 2219 2530 οὐδέ
2247 2475 2425 2539 πενία,
2461 2473 2576 2527 ἀλλ’
2606 2475 2640 2543 ἡ
2694 2471 2768 2542 μὴ
2806 2473 3080 2542 δυναμένη
3124 2471 3335 2535 τούτοις
3392 2474 3672 2543 ἑκατέροις

2098 2562 2416 2633 προαίρεσις
2461 2559 2790 2631 χρήσασθαι.
2854 2559 3178 2627 Ἐπίγννωθι,
3242 2559 3427 2629 φησὶν,
3479 2559 3567 2612 ὅτι
3601 2559 3673 2613 ἐν

2093 2652 2261 2720 μέσῳ
2292 2647 2558 2719 παγίδων
2604 2648 2951 2712 διαϐαίνεις.

2168 2744 2230 2791 ε’.
2248 2736 2587 2808 Θαυμαστῶς
2608 2733 2762 2788 εἶπεν
2786 2738 2813 2788 6
2846 2736 3114 2806 μακάριος
3130 2735 3362 2798 Παῦλος·
3385 2734 3488 2800 Εἰς
3501 2737 3676 2790 τοῦτο

2098 2827 2371 2896 κείμεθα·
2417 2825 2520 2877 οὐκ
2561 2822 2714 2876 εἶπεν
2758 2823 2963 2886 ἁπλῶς,
3015 2824 3094 2875 ὅτι
3135 2822 3529 2894 πειραζόμεθα,
3559 2823 3676 2876 ἀλλ’

2099 2919 2203 2981 Εἰς
2264 2914 2440 2968 τοῦτο
2497 2913 2756 2981 κείμεθα,
2807 2911 2930 2964 ἀντὶ⁵
2970 2912 3084 2974 τοῦ,
3147 2914 3228 2976 εἰς
3293 2911 3450 2965 τοῦτο
3485 2914 3679 2980 ἐγενήιη

2100 3003 2292 3074 θημεν.
2352 3000 2522 3053 Τοῦτο
2558 2999 2619 3053 τὸ
2665 2997 2824 3068 ἔργον
2857 2998 3033 3070 ήμῶν,
3069 2993 3223 3062 οὗτος
3265 3001 3294 3052 6
3325 2999 3458 3069 βίος,
3490 2999 3585 3053 καὶ
3612 3001 3675 3050 σὺ

2101 3090 2288 3144 ἄνεσιν
2346 3088 2562 3158 ζητεῖς;
2610 3087 2723 3140 Οὐκ
2767 3087 3070 3156 ἐφέστηκεν
3108 3088 3136 3139 6
3163 3086 3357 3158 δήμιος
3390 3087 3489 3156 τὴν
3517 3087 3679 3138 πλευ-

2102 3178 2202 3251 ράν
2257 3176 2620 3240 καταξαίνων,
2690 3175 2783 3228 καὶ
2815 3174 2995 3228 θῦσαι
3044 3175 3507 3245 καταναγκάζων·
3561 3175 3675 3226 ἀλλ’

2100 3265 2399 3334 ἐφέστηκεν
2447 3261 2711 3331 ἐπιθυμία
2753 3261 2960 3330 σφοδρὰ
3002 3262 3300 3331 χρημάτων
3330 3262 3426 3314 καὶ
3455 3261 3678 3314 πλεονε-

2102 3351 2239 3416 ξίας,
2291 3349 2651 3422 ἐξορύττουσα
2709 3349 2834 3410 τούς
2903 3346 3214 3416 ὀφθαλμοὺς
3269 3349 3420 3417 ήμῖν.
3482 3348 3670 3409 Οὐδεὶς

2103 3438 2440 3510 στρατιώτης
2499 3436 2682 3504 πυράν
2747 3437 2878 3504 ἡμῖν
2919 3433 3152 3503 ἀνῆψεν,
3197 3435 3325 3487 οὐδὲ
3356 3434 3552 3506 έθηκεν
3583 3437 3676 3487 ἐπί⁵

2101 3525 2398 3596 κρατίκλης
2427 3540 2439 3553 ·
2485 3523 2601 3576 ἀλλ’
2639 3525 2667 3574 6
2727 3523 2834 3575 τῶν
2884 3521 3155 3592 σωμάτων
3193 3521 3431 3590 φλογμὸς
3478 3521 3678 3591 μᾶλλον

2101 3613 2322 3666 ἐκείνων
2381 3611 2607 3675 ἐξάπτει
2654 3609 2756 3680 τὴν
2785 3609 2984 3679 ψυχήν.
3035 3609 3110 3661 Οὐ
3157 3612 3391 3679 πάρεστι
3426 3608 3679 3678 βασιλεὺς

2106 3700 2276 3772 μυρία
2337 3697 2803 3768 ἐπαγγελλόμενος
2845 3696 3026 3765 ἀγαθά
3072 3697 3168 3749 καὶ
3211 3697 3474 3749 δυσωπῶν
3499 3712 3513 3726 ·
3547 3696 3680 3750 ἀλλά

2103 3789 2370 3859 πάρεστιν
2393 3789 2427 3856 ὴ
2461 3785 2750 3855 δοξομανία
2787 3787 2967 3854 χεῖρον
2997 3784 3206 3837 ἐκείνου
3248 3784 3677 3854 γαργαλίζουσα.

2102 3875 2292 3942 Μέγας
2323 3872 2559 3943 πόλεμος
2586 3871 2773 3936 ὅντως,
2796 3872 2893 3926 καὶ
2916 3871 3050 3924 πολὺ
3097 3871 3288 3941 μέγας,
3318 3871 3384 3925 ἂν
3406 3872 3680 3941 ἐθέλωμεν

2103 3963 2293 4033 νήφειν
2318 3978 2330 3992 ⁸
2359 3960 2473 4031 ἔχει
2511 3960 2808 4029 στεφάνους
2844 3965 2939 4013 καὶ
2967 3962 2995 4013 6
3025 3960 3215 4028 παρὼν
3259 3959 3450 4031 καιρὸς
3471 3975 3486 3993 ’λ
3515 3961 3681 4014 ἀκουε

2105 4049 2319 4105 Παύλου
2371 4049 2655 4117 λέγοντος’
2717 4049 2941 4102 Λοιπὸν
3002 4048 3309 4102 ἀπόκειταί
3351 4066 3448 4116 μοι
3502 4052 3533 4102 ό
3574 4048 3681 4117 τῆς

2077 4147 2090 4164 ⁸
2105 4137 2493 4204 δικαιοσύνης
2511 4136 2830 4204 στέφανος.
2856 4135 2929 4188 ὂν
2951 4134 3253 4188 ἀποδώσει
3274 4153 3378 4203 μοι
3402 4138 3434 4188 ό
3451 4135 3682 4199 δίκαιος

2106 4223 2313 4291 κριτής
2335 4241 2348 4254 ·
2388 4225 2458 4277 οὐ
2483 4225 2678 4290 μόνον
2723 4222 2791 4276 δὲ
2827 4221 2978 4291 ἐμοὶ,
3032 4222 3192 4275 ἀλλὰ
3229 4222 3328 4274 καί
3377 4220 3528 4276 πᾶσι
3558 4222 3680 4288 τοῖς

2105 4312 2448 4380 ’ἠγαπηκόσι
2483 4309 2599 4378 τὴν
2647 4309 3009 4378 ἐπιφάνειαν
3044 4309 3250 4362 αὑτοῦ.
3288 4309 3460 4362 Ὅταν
3482 4309 3680 4362 ἀπολέ-

2109 4418 2206 4471 σῃς
2252 4399 2465 4452 παιδίον
2506 4399 2789 4468 ἀγαπητὸν
2832 4397 3138 4467 μονογενὲς,
3161 4397 3219 4449 ἐν
3258 4396 3474 4467 πλούτῳ
3503 4397 3682 4466 πολλῷ

2104 4487 2459 4559 τρεφόμενον,
2515 4484 2735 4547 ἐλπίδας
2784 4485 3079 4552 ὐποφαῖνον
3129 4487 3390 4554 χρηστάς,
3441 4486 3573 4538 αὐτό
3598 4503 3680 4538 σοι

2110 4575 2302 4645 μέλλον
2371 4573 2532 4642 μόνον
2599 4570 2942 4639 διαδέχεσθαι
3012 4570 3102 4623 τὸν
3151 4571 3372 4642 κλῆρον,
3437 4571 3512 4642 μὴ
3557 4589 3681 4624 στε-

2106 4662 2291 4731 νάξῃς,
2341 4659 2458 4712 ἀλλ’
2497 4657 2893 4728 εὐχαρίστησον
2933 4655 3009 4725 τῷ
3054 4657 3193 4726 Θεῷ,
3236 4659 3327 4711 καὶ
3367 4658 3556 4725 δόξαζε
3591 4659 3682 4711 τὸν

2107 4747 2384 4818 εἰληφότα,
2447 4747 2542 4799 καὶ
2585 4745 2736 4798 οὐδὲν
2781 4743 2879 4814 ἔσῃ
2927 4743 3021 4796 τοῦ
3081 4745 3334 4817 Ἀϐραὰμ
3362 4745 3504 4800 κατά
3525 4746 3683 4800 τοῦτο

2106 4836 2323 4905 χείρων.
2357 4833 2626 4903 Καθάπερ
2671 4832 2782 4903 γὰρ
2806 4833 3012 4894 ἐκεῖνος
3039 4831 3114 4900 τῷ
3141 4832 3260 4902 Θεῷ
3298 4833 3464 4888 ἔδωκε
3497 4835 3682 4890 κελεύ-

2109 4938 2281 4985 σαντι,
2322 4920 2463 4975 οὓτω
2491 4921 2556 4973 σύ
2593 4918 2847 4980 λαϐόντος
2880 4918 3045 4971 αὐτοῦ
3065 4921 3166 4972 οὐκ
3191 4922 3502 4987 ἐστέναξας.

2176 5009 2334 5078 Νόσῳ
2355 5007 2679 5077 περιέπεσες
2698 5006 2930 5077 χαλεπῇ,
2961 5006 3053 5058 καὶ
3072 5007 3257 5061 πολλοὶ
3287 5011 3690 5079 παραγίνονται

2107 5095 2526 5163 ἀναγκάζοντες,
2569 5097 2619 5147 οί
2670 5095 2769 5164 μὲν
2813 5094 3070 5165 ἐπῳδαῖς,
3111 5098 3158 5148 οί
3191 5095 3249 5147 δέ
3278 5099 3681 5167 περιάμμασιν,

2108 5186 2157 5238 οί
2194 5184 2253 5237 δέ
2295 5183 2500 5253 ἐτέροις
2543 5183 2654 5236 τισὶ
2694 5181 3196 5253 παραμυθήσασθαι
3240 5184 3301 5235 τὸ
3353 5184 3558 5246 κακόν;
3589 5183 3681 5238 διὰ

2111 5273 2204 5325 τὸν
2241 5270 2337 5324 τοῦ
2381 5269 2516 5323 Θεοῦ
2547 5269 2710 5337 φόδον
2736 5270 2972 5340 ’ήνεγκας
3000 5270 3262 5337 γενναίως
3295 5271 3389 5324 καὶ
3416 5270 3674 5334 ἀκλινῶς,

2112 5360 2205 5412 καὶ
2237 5357 2416 5417 πάντα
2441 5355 2508 5409 ἂν
2529 5356 2672 5408 εἵλου
2697 5357 2888 5410 παθεῖν
2913 5355 2946 5424 ἢ
2979 5357 3276 5426 ὑποστῆναί
3305 5374 3359 5408 τι
3382 5355 3488 5408 τῶν
3523 5356 3678 5409 είδω⁸

2110 5445 2278 5500 λικῶν
2309 5443 2546 5516 πρᾶξαις
2573 5443 2732 5497 τοῦτό
2767 5461 2851 5497 σοι
2885 5445 3186 5514 μαρτυρίου
3214 5443 3474 5511 στέφανον
3501 5444 3676 5515 φέρει.

2110 5540 2224 5592 Καὶ
2278 5537 2354 5608 μὴ
2411 5535 2736 5606 ἀμφίϐαλλε.
2814 5535 2925 5589 Καὶ
2996 5535 3114 5598 πῶς
3163 5536 3259 5588 καὶ
3296 5535 3402 5587 τίνι
3449 5536 3682 5608 τρόπῳ;

2113 5624 2222 5692 ἐγὼ
2251 5625 2412 5692 λέγω.
2439 5625 2561 5678 ’Ότι
2592 5623 2843 5692 καθάπερ
2881 5626 3086 5685 ἐκεῖνος
3124 5623 3222 5687 τὰς
3248 5623 3356 5676 ἀπὸ
3381 5623 3492 5677 τῶν
3514 5624 3686 5694 βασά-

2112 5729 2216 5764 νων
2257 5711 2448 5775 όδύνας
2501 5711 2657 5781 φέρει
2708 5711 2989 5776 γενναίως,
3027 5709 3169 5763 ὥστε
3206 5712 3280 5782 μὴ
3305 5713 3682 5783 προσκυνῆσαι

2116 5800 2176 5855 τὸ
2217 5799 2454 5870 είδωλον,
2497 5797 2638 5854 οὐτω
2683 5799 2774 5853 καὶ
2820 5798 2883 5853 σὺ
2926 5797 3022 5862 τὰς
3046 5799 3154 5853 ἀπὸ
3182 5799 3279 5870 τῆς
3307 5800 3464 5858 νόσου
3498 5801 3686 5873 φέρεις
