4128 6398
474 317 581 378 H3

469 438 793 508 ἀλγηδόνας,
831 434 970 489 ὥστε
1000 434 1224 505 μηδενὸς
1240 430 1494 503 δεηθῆναι
1517 426 1625 481 τῶν
1654 426 1783 498 παρ’
1815 424 2045 488 ἐκείνου,

470 525 611 597 μηδέ
661 523 872 596 πρᾶξαι
936 523 1080 591 ἆπερ
1121 520 1421 573 ἐπιτάττει.
1487 514 1650 569 Ἀλλά
1691 511 2051 584 σφοδρότεραι

456 613 675 667 ἐκεῖναι
700 629 715 679 ;
764 608 906 664 Ἀλλ’
932 603 1094 663 αὕται
1122 606 1483 677 μακρότεραι,
1512 601 1655 655 ῶστε
1691 601 1770 663 είς
1803 599 1919 652 ῐσον
1946 613 2051 649 κα-

465 701 716 771 ταλήγει.
753 697 1021 759 Πολλάκις
1053 695 1111 747 δέ
1132 694 1227 747 καὶ
1260 692 1637 763 σφοδρότεραι.
1672 688 1739 741 Τί
1767 686 1898 757 γὰρ,
1929 682 2051 771 εἰπέ

468 770 598 857 μοι,
640 787 770 840 ὅταν
805 783 1027 839 καύσων
1073 783 1220 835 ενδον
1248 778 1439 848 ἐνοχλῇ
1467 777 1564 830 καὶ
1593 776 1789 845 φλέγῃ,
1816 774 1909 827 καὶ
1942 770 2050 825 τῶν

462 875 644 928 ἀλλων
673 871 1085 943 παραινούντων
1109 868 1374 936 ἀποσείσῃ
1395 864 1493 935 τήν
1518 863 1754 933 ἐπῳδὴν,
1771 858 1895 931 οὐχὶ
1910 874 2052 929 μαρ-

463 962 655 1033 τυρίου
707 960 972 1028 στέφανον
1006 957 1253 1026 ἀνεδήσω
1280 973 1295 1022 ;
1321 954 1492 1007 Πάλιν
1531 949 1780 1005 ἀπώλεσέ
1803 966 1887 1011 τις
1914 947 2052 1017 χρή-

468 1065 659 1120 ματας
709 1046 894 1100 πολλοὶ
935 1048 984 1099 οἱ
1020 1042 1414 1113 παραινοῦντες
1454 1040 1590 1110 πρὸς
1625 1037 1851 1109 μάντεις
1880 1034 2049 1090 ἀπελ-

467 1134 614 1189 θεῖν·
648 1136 712 1190 σὺ
744 1136 801 1188 δὲ
835 1134 925 1188 τὸν
974 1132 1069 1185 τοῦ
1124 1132 1261 1184 Θεοῦ
1302 1130 1487 1199 φόϐον,
1532 1127 1721 1199 ἐπειδὴ
1753 1124 1922 1198 [448]
1952 1141 2047 1177 κε-

467 1224 731 1288 κώλυται,
788 1224 931 1276 εἵλου
978 1221 1178 1292 μᾶλλον
1224 1219 1300 1290 μὴ
1355 1218 1542 1271 λαϐεῖν
1575 1217 1645 1271 τὰ
1697 1216 1983 1287 χρήματα,
2013 1212 2049 1282 ἢ

466 1310 822 1383 παρακοῦσαι
856 1309 950 1363 τοῦ
981 1308 1153 1372 Θεοῦς
1196 1309 1312 1361 ίσον
1354 1306 1499 1375 ἔχεις
1526 1305 1617 1357 τὸν
1654 1303 1848 1374 μισθὸν
1870 1301 1949 1373 τῷ
1968 1303 2049 1364 εἰς

467 1401 711 1470 πένητας
737 1399 878 1452 αύτά
906 1397 1162 1451 δεδωκότι
1184 1411 1199 1425 ·
1220 1396 1287 1448 ἂν
1314 1394 1590 1456 ἀπολέσας
1615 1392 2046 1463 εὐχαριστήσῃς,

466 1490 563 1542 καὶ
610 1489 911 1557 δυνάμενος
958 1487 1095 1555 πρὸς
1140 1484 1367 1554 μάντεις
1407 1481 1686 1547 ἀπελθεῖν,
1720 1480 1938 1549 ἀνάσχῃ
1972 1476 2048 1549 μὴ

465 1578 652 1631 λαϐεῖν
694 1578 836 1629 αὐτὰ
880 1575 1102 1643 μᾶλλον,
1146 1572 1179 1643 ἦ
1216 1572 1359 1625 οὕτω
1393 1570 1599 1633 λαϐεῖν,
1650 1571 1764 1622 ἴσον
1791 1567 1935 1638 ἔχεις
1966 1568 2047 1629 εἰς

466 1666 658 1736 κέρδος
686 1666 763 1734 τῷ
798 1664 885 1717 διά
916 1664 1009 1715 τὸν
1042 1662 1178 1715 Θεὸν
1214 1661 1519 1714 κενώσαντι
1546 1656 1739 1711 ταῦτα.
1776 1654 2047 1725 Καθάπερ

465 1755 577 1824 γάρ
638 1754 847 1816 ἐκεῖνος
879 1751 970 1805 διά
1004 1752 1098 1803 τὸν
1144 1749 1239 1802 τοῦ
1275 1748 1412 1800 Θεοῦ
1459 1745 1626 1816 φόϐον
1668 1745 1751 1805 είς
1779 1744 1906 1805 τοὺς
1927 1741 2046 1794 δεο-

468 1840 666 1908 μένους
697 1839 989 1902 ἐκένωσεν,
1015 1835 1158 1891 οὕτω
1188 1837 1285 1889 καὶ
1310 1836 1375 1889 σὺ
1410 1836 1503 1889 διά
1531 1835 1625 1887 τὸν
1660 1832 1754 1886 τοῦ
1779 1830 1916 1885 Θεοῦ
1948 1829 2047 1900 φό-

466 1929 585 1993 ϐον,
616 1928 984 1999 ἁρπασάντων
1004 1926 1249 1989 ἐκείνων,
1280 1926 1382 1977 οὐκ
1409 1923 1694 1985 ἀνέλαϐες.
1730 1921 1923 1990 Ἡμεῖς
1944 1920 2048 1972 κύ-

468 2032 576 2086 ριοι
629 2017 726 2069 καὶ
766 2014 861 2073 τοῦ
908 2014 1120 2069 ἀδικεῖν
1164 2013 1415 2075 ἑαυτοὺς.
1455 2008 1677 2064 καὶτοῦ
1715 2010 1827 2078 μή·
1858 2008 2047 2078 ἐτερος

465 2104 526 2159 δὲ
563 2104 764 2167 οὐδείς.
816 2104 949 2168 Καὶ,
980 2104 1029 2155 εί
1065 2099 1345 2173 βούλεσθε,
1380 2098 1467 2152 ἐπ’
1498 2098 1669 2169 αὐτῆς
1699 2096 1801 2166 τῆς
1833 2095 2048 2165 κλοπῆς

464 2192 529 2246 τὸ
558 2193 791 2266 πρᾶγμα
821 2192 1221 2260 γυμνάσωμεν.
1250 2188 1404 2240 Διέτε
1416 2203 1483 2256 με
1512 2184 1606 2238 τὸν
1643 2185 1823 2252 τοῖχον
1862 2185 1891 2236 6
1925 2181 2049 2235 κλέ-

466 2296 631 2353 πτης,
672 2279 1036 2351 εἰσεπήδησεν
1066 2279 1146 2340 είς
1178 2276 1269 2330 τὸν
1293 2274 1559 2344 θάλαμον,
1578 2271 1880 2342 ἐξεφόρησε
1910 2287 2045 2341 χρυ-

467 2369 560 2422 σία
605 2368 954 2439 πολυτίμητα
990 2366 1090 2419 καὶ
1134 2365 1318 2427 λίθους
1346 2362 1585 2433 τιμίους,
1617 2361 1806 2423 ἀπλῶς
1842 2360 2049 2430 θησαυ-

467 2458 565 2528 ρὸν
584 2458 879 2528 ὁλόκληρον
909 2455 1154 2519 ἐξέϐαλε,
1198 2453 1295 2507 καὶ
1323 2452 1421 2522 οὐχ
1451 2450 1616 2506 ἐάλω.
1647 2450 1721 2502 Τὸ
1753 2449 1852 2519 μὲν
1889 2448 2047 2516 γενό-

468 2564 632 2615 μενον
668 2546 833 2616 βαρὺ,
870 2547 965 2599 καὶ
996 2545 1145 2597 δοκεῖ
1167 2543 1342 2614 ζημία
1371 2542 1431 2595 τὸ
1469 2540 1705 2611 πρᾶγμα
1743 2536 1907 2602 εἶναι,
1946 2540 2049 2592 ούκ

466 2636 582 2689 ἔστι
623 2634 679 2687 δὲ
715 2634 951 2698 οὐδέπω,
992 2631 1107 2685 ἀλλ’
1152 2633 1212 2685 ἐν
1259 2631 1342 2683 σοὶ
1393 2632 1570 2682 κεῖται
1609 2628 1642 2698 ἢ
1678 2626 1887 2697 ζημίαν
1914 2627 2048 2679 αὐτὸ

466 2724 713 2794 ποιῆσαι,
756 2722 790 2793 ἢ
839 2721 1049 2792 κέρδος.
1093 2721 1203 2773 Καὶ
1248 2719 1365 2781 πῶς
1388 2718 1455 2771 ἂν
1486 2716 1700 2786 γένοιτο
1728 2715 1887 2769 τοῦτο
1913 2714 2045 2785 κέρ-

463 2810 587 2875 60;;
616 2812 803 2882 φησίν.
857 2806 1001 2878 Ἐγὼ
1036 2807 1195 2862 τοῦτο
1219 2806 1502 2873 ἀποδεῖξαι
1531 2805 1871 2874 πειράσομαι
1901 2803 2046 2869 πῶς.

466 2899 568 2953 Σοῦ
631 2899 979 2969 βουλομένου,
1035 2898 1225 2968 κέρδος
1280 2895 1437 2949 ἐσται
1493 2895 1671 2966 μέγα·
1733 2894 1808 2965 μὴ
1848 2893 2046 2964 βουλη-

465 2985 648 3051 θέντος
675 2987 751 3048 δέ.
787 2986 1148 3057 χαλεπωτέρα
1190 2986 1291 3054 τῆς
1341 2983 1644 3053 γενομένης
1677 2982 1871 3052 ζημία.
1897 2983 2048 3036 Καθ-

464 3077 610 3147 άπερ
658 3076 765 3147 γάρ
809 3077 903 3128 ἐπὶ¹
948 3075 1058 3127 τῶν
1095 3072 1355 3143 τεχνιτῶν
1395 3070 1531 3141 ὕλης
1587 3069 1982 3141 ὑποκειμένης,
2016 3071 2047 3124 ὀ

465 3164 569 3233 μὲν
595 3162 860 3235 ἔμπειρος
886 3163 985 3232 τῆς
1000 3160 1197 3231 τέχνης
1228 3162 1309 3223 είς
1333 3158 1454 3212 δέον
1475 3158 1617 3229 αὐτῇ
1641 3158 1929 3228 κέχρηται,
1946 3156 2045 3211 όδὲ

463 3251 690 3321 ἄπειρος
724 3251 975 3323 ἠφάνισε,
1001 3250 1096 3303 καὶ¹
1138 3249 1395 3318 ἐποίησεν
1439 3246 1588 3317 αὐτῷ
1630 3246 1835 3318 ζημίαν
1856 3262 1870 3277 ·
1901 3246 2046 3301 οὕτω

462 3340 560 3393 καὶ
590 3341 683 3393 ἐπὶ
716 3339 826 3392 τῶν
848 3338 1216 3409 πραγμάτων.
1245 3336 1370 3399 Πῶς
1398 3331 1492 3389 οῦν
1510 3334 1664 3388 ἔσται
1693 3334 1920 3406 κέρδος;
1945 3335 2045 3388 Ἂν

462 3427 864 3498 εὐχαριστήσῃς
894 3424 975 3495 τῷ
997 3424 1135 3495 Θεῷ,
1166 3423 1233 3478 ἂν
1268 3422 1343 3493 μὴ
1370 3423 1591 3493 κωκύῃς
1608 3422 1726 3487 ὀξὺ,
1759 3422 1826 3477 ἂν
1848 3422 1918 3476 τά
1946 3422 2042 3477 τοῦ

474 3515 596 3569 Ἰὼϐ
626 3515 788 3586 εῐπῃς
829 3514 1053 3585 ῥήματα
1082 3528 1096 3541 ·
1124 3512 1179 3563 '0
1224 3512 1444 3577 Κύριος
1474 3510 1721 3577 ἔδωκεν,
1759 3514 1792 3565 ὁ
1830 3512 2047 3580 Κύριος

460 3605 743 3674 ἀφείλετο
763 3619 781 3632 ·
802 3600 1030 3671 γυμνὸς
1043 3599 1311 3668 ἐξῆλθον
1321 3600 1389 3651 ἐκ
1411 3599 1647 3665 κοιλίας
1657 3600 1885 3669 μητρός
1900 3618 2042 3668 μου,

458 3693 690 3762 γυμνὸς
742 3692 840 3746 καὶ
895 3690 1328 3757 ἀπελεύσομαι.
1374 3687 1439 3741 Τί
1489 3688 1689 3756 λέγεις,
1730 3688 1784 3741 '0
1827 3690 2045 3757 Κύριος

460 3782 778 3852 ἁςρείλετο;
839 3780 897 3831 Ὀ
932 3778 1172 3846 κλέπτης
1204 3776 1477 3846 ἀφείλετο,
1524 3778 1619 3829 καὶ
1675 3776 1791 3839 πῶς
1815 3776 2042 3849 δυνήσῃ,

462 3872 651 3940 φησιν,
678 3872 877 3931 εἰπεῖν,
914 3867 970 3920 '0
986 3867 1203 3934 Κύριος
1233 3866 1545 3934 aspellam;
1586 3866 1678 3933 Μὴ
1710 3865 1998 3938 θαυμάσῃς
2023 3883 2040 3899 ·

460 3958 559 4011 καὶ
590 3957 701 4028 γάρ
726 3957 821 4009 καὶ
871 3957 900 4009 6
942 3953 1137 4019 ἰὼϐ,ἃ
1174 3954 1203 4006 6
1241 3952 1488 4015 διάϐολος
1524 3953 1802 4022 ἀφείλετο,
1842 3954 2041 4020 ταῦτα,

460 4045 684 4115 ἔφησεν,
731 4044 785 4097 '0
821 4043 1036 4109 Κύριος
1077 4040 1373 4110 ἀφείλετο.
1423 4042 1487 4095 Εἰ
1531 4040 1588 4094 δὲ
1621 4043 1829 4103 ἐκεῖνος
1867 4041 2043 4107 οὕτως

461 4134 769 4205 ἐθάρρησεν
793 4132 987 4195 εἰπεῖν,
1025 4129 1143 4191 πῶς
1165 4129 1201 4183 ά
1226 4131 1254 4182 6
1279 4128 1517 4196 κλέπτης
1533 4128 1741 4194 ἔλαϐεν,
1772 4130 1872 4183 οὐκ
1899 4132 2043 4203 ἐρεῖς

463 4223 649 4288 σὺ,δτι
677 4221 705 4273 ὁ
733 4218 938 4289 Κύριος
964 4215 1249 4284 ἀφείλετο;
1286 4214 1421 4269 Τίνα
1444 4215 1762 4286 θαυμάζεις,
1788 4218 1908 4270 είπέ
1929 4235 2040 4288 μοι,

460 4311 553 4363 τὸν
583 4309 654 4363 τά
691 4306 855 4362 αὑτοῦ
886 4305 1204 4359 κενῶσαντα
1230 4305 1309 4366 είς
1325 4303 1583 4372 πένητας.
1613 4304 1646 4375 ἢ
1673 4303 1765 4356 τὸν
1801 4303 1920 4358 Ἰὼϐ
1948 4307 2041 4359 ἐπὶ

460 4398 569 4451 τῶν
620 4397 883 4468 ῥημάτων
930 4393 1160 4457 τούτων;
1224 4387 1334 4462 ἆρα
1390 4391 1465 4462 μὴ
1521 4391 1741 4445 ἔλαττον
1790 4391 1904 4461 ἔχει
1943 4393 2040 4447 τοῦ

460 4484 829 4556 ἐλεημοσύνην
858 4481 1036 4545 δόντος
1065 4482 1271 4543 ἐκεῖνος
1301 4480 1329 4531 6
1360 4477 1434 4549 μὴ
1463 4478 1586 4541 δοὺς
1607 4479 1761 4543 τότε;
1812 4480 1905 4550 Μὴ
1931 4479 2039 4551 γὰρ

459 4570 642 4644 εἴπῃς,
675 4572 788 4623 Οὐκ
812 4569 921 4639 ἔχω
947 4568 1127 4638 χάριν,
1157 4567 1259 4619 οὐκ
1297 4565 1438 4636 ἐμῆς
1465 4564 1693 4636 γνώμης
1717 4566 1777 4618 τὺ
1803 4568 2041 4644 πρᾶγμα

457 4640 681 4729 ἦν’-οὐκ
722 4656 923 4717 εἰδότος
970 4653 1093 4706 οὐδὲ
1147 4652 1496 4722 βουλομένου,
1538 4654 1566 4705 ο
1598 4652 1800 4724 λῃστὴς
1839 4640 2037 4707 ἔλαϐε·

461 4747 615 4809 ποῖος
645 4745 801 4797 ἔσται
843 4760 934 4813 μοι
957 4741 1146 4813 μισθός
1172 4758 1187 4805 ;
1216 4742 1351 4794 Ούδὲ
1381 4742 1474 4795 τοῦ
1516 4740 1635 4794 Ἰὼϐ
1659 4741 1883 4809 εἰδότος,
1916 4743 2042 4796 οὐδέ

461 4832 808 4905 βουλομένου,
867 4832 1041 4885 ταῦτα
1086 4831 1277 4885 ἔλαϐε·
1328 4831 1445 4893 πῶς
1514 4831 1650 4901 γάρς
1718 4830 1837 4884 ἀλλ’
1889 4833 2042 4902 ὅμως

458 4921 942 4995 ήθλησεν.’Έξεστι
974 4921 1067 4974 καὶ
1096 4922 1179 4974 σοὶ
1200 4919 1452 4974 τοσοῦτον
1479 4919 1665 4973 λαϐεῖν
1681 4918 1891 4990 μισθὸν,
1914 4922 2040 4973 ὅσον

456 5012 524 5065 ἂν
550 5013 599 5065 εί
624 5010 764 5064 ἑκὼν
786 5009 1017 5083 ἔρριψας
1044 5009 1202 5062 αὐτά.
1236 5010 1347 5061 Καὶ
1368 5008 1593 5071 εἰκότως
1620 5008 1811 5061 τοῦτον
1839 5008 2039 5079 μᾶλλον

458 5098 814 5170 θαυμάζομεν
843 5099 935 5150 τὸν
955 5096 1219 5167 ἐπηρείας
1248 5095 1581 5167 εὐχαρίστως
1601 5096 1856 5168 φέροντα,
1884 5096 1918 5167 ἢ
1946 5098 2041 5150 τὸν

457 5186 655 5239 ἐκόντα
695 5184 926 5238 διδόντα.
978 5184 1043 5237 Τί
1089 5184 1331 5252 δήποτε;
1370 5184 1492 5236 "Ou
1529 5186 1736 5247 ἐκεῖνος
1775 5183 1876 5254 μέν
1925 5187 2040 5248 τοῖς

460 5272 707 5336 ἐπαίνοις
756 5272 1040 5343 τρέφεται,
1091 5272 1186 5323 καὶ
1230 5270 1309 5339 τῷ
1362 5269 1625 5323 συνειδότι
1664 5270 1759 5324 καὶ
1794 5272 2039 5340 χρηστάς

459 5360 574 5432 εχει
611 5361 711 5425 τὰς
739 5360 992 5424 ἐλπίδας·
1048 5360 1144 5414 καὶ
1184 5360 1449 5431 πρότερον
1487 5360 1750 5428 γενναίως
1797 5362 2038 5429 ἐνεγκὼν

460 5449 558 5519 τὴν
609 5450 869 5520 στέρησιν
911 5449 1024 5503 τῶν
1052 5450 1378 5520 χρημάτων,
1425 5450 1551 5502 τότε
1594 5448 1735 5503 αύτά
1777 5448 2037 5521 ἔρριψεν·

461 5528 618 5599 οὗτος
650 5537 708 5589 δέ
743 5537 822 5589 ἔτι
846 5536 1269 5607 προσδεδεμένος
1328 5536 1577 5607 ἀφῃρέθη
1620 5536 1732 5607 βίᾳ.
1777 5538 1889 5589 Οὐκ
1924 5537 2040 5591 ἔστι

462 5625 521 5677 δέ
552 5626 687 5689 ἴσον,
717 5626 979 5695 πρότερον
1025 5624 1313 5677 πεισθέντα
1367 5625 1672 5695 ἀποστῆναι
1718 5627 2039 5696 χρημάτων,

465 5709 638 5772 οὕτως
667 5712 806 5764 αὐτὰ
845 5712 1101 5778 κενῶσαι,
1128 5711 1226 5765 καὶ¹
1256 5711 1337 5765 ἔτι
1362 5712 1542 5765 αὐτῶν
1573 5713 1876 5782 κρατοῦντα
1903 5713 2039 5767 ἀπο-

472 5798 822 5869 στερηθῆναι.
859 5802 955 5853 Ἂν
982 5801 1155 5855 ταῦτα
1170 5801 1330 5873 εἴπῃς
1364 5800 1431 5854 τά
1460 5801 1700 5873 ῥήματα,
1730 5800 1875 5871 λήψῃ
1904 5802 2037 5855 πολι

1133 312 1195 368 s.
1230 306 1511 367 JOANNIS
1545 299 2035 363 cnmsosmm
2069 283 2391 358 mm
2425 289 2971 357 cnnamusop.

3628 285 3731 341 ιιι

2156 420 2514 485 λαπλασίονα,
2552 420 2646 472 καὶ
2671 412 2948 483 πλείοναῆ
2976 412 3004 465 6
3044 407 3187 463 Ἰὼϐ.
3227 405 3464 483 Ἐκεῖνος
3498 400 3597 473 μὲν
3623 408 3735 474 γάρ

2162 508 2223 561 τά
2257 508 2575 560 διπλασίονα
2608 503 2841 558 ἐνταῦθα
2874 500 3030 555 ἔλαϐε
3052 515 3064 528 ·
3102 495 3185 551 σοὶ
3212 493 3269 546 δέ
3301 504 3329 553 ὁ
3357 490 3587 568 Χριστὸς
3612 488 3733 542 ἐκα-

2156 594 2591 648 τονταπλασίονα
2614 589 2998 662 ἐπηγγείλατο.
3039 585 3153 638 Οὐκ
3186 581 3618 650 ἐϐλασφήμηὸας
3642 576 3732 630 διὰ

2150 682 2242 737 τὸν
2270 682 2438 753 φόϐον
2464 680 2561 736 τοῦ
2590 678 2749 743 Θεοῦ,
2798 676 3017 747 ἐχρήσω
3050 673 3336 753 μάντεσιν,
3388 663 3541 740 [M9]
3573 665 3733 734 εὐχα-

2154 752 2416 839 ρίστησας
2465 767 2651 830 κακῶς
2691 763 2914 828 παθών;
2966 762 3151 831 ὅμοιος
3196 752 3249 810 εῐ
3276 753 3354 826 τῷ
3383 769 3732 823 καταπεφρο-

2148 856 2339 927 νηκότι
2385 874 2400 890 ·
2427 856 2523 910 καὶ
2554 854 2662 925 γὰρ
2685 852 2781 907 καὶ
2801 849 2975 905 ταῦτα
3001 848 3064 902 οὐ
3092 845 3321 914 γίνεται,
3355 841 3423 897 ἂν
3456 842 3532 911 μὴ
3562 859 3732 895 κατα-

2150 945 2427 1016 φρονήσῃς
2453 942 2740 1015 πρότερον.
2764 939 2879 993 Οὐκ
2900 937 3017 990 ἐστι
3034 935 3091 989 δέ
3122 934 3237 987 ἴσον
3262 932 3319 984 ἐν
3358 929 3535 1001 πολλῷ
3553 930 3730 1001 χρόνῳ

2153 1030 2449 1101 μελετῆσαι
2492 1025 2905 1098 καταφρονῆσαι
2934 1022 3041 1077 τῶν
3070 1020 3391 1092 χρημάτων,
3418 1019 3514 1072 καὶ
3536 1018 3731 1089 ἀθρόον

2151 1118 2354 1191 ζημίαν
2380 1118 2668 1189 συμϐᾶσαν
2697 1115 2963 1183 ἐνεγκεῖν.
3025 1110 3182 1166 Οὕτω
3213 1109 3422 1177 γίνεται
3473 1108 3664 1177 κέρδος
3694 1108 3727 1177 ή

2151 1204 2358 1276 ζημία,
2416 1206 2513 1260 καὶ
2556 1204 2710 1259 οὐδὲν
2750 1202 3026 1275 βλαϐήσῃ,
3082 1197 3222 1253 ἀλλά
3272 1196 3368 1249 καὶ
3398 1194 3728 1265 ὠφεληθήσῃ

2154 1293 2307 1363 παρά
2326 1292 2421 1346 τοῦ
2449 1292 2719 1346 διαϐόλου.

2220 1421 2298 1480 ς’.
2339 1416 2464 1478 Πῶς
2490 1414 2547 1468 δέ
2584 1414 2679 1467 καὶ
2708 1410 2881 1483 ζημία
2914 1409 3123 1478 γίνεται
3156 1404 3401 1476 χαλεπής
3429 1403 3599 1456 ’Όταν
3629 1401 3727 1470 τὴν

2146 1501 2327 1573 ψυχὴν
2348 1501 2651 1572 ζημιωθῇς.
2675 1500 2809 1555 Εἰπὲ
2832 1500 2941 1568 γάρ
2956 1514 3066 1568 μοι,
3085 1492 3423 1563 ἀπεστέρησέ
3443 1489 3729 1562 σεχρημά.

2148 1608 2259 1643 των
2294 1592 2323 1644 6
2349 1590 2631 1659 κλέπτηςς
2669 1589 2760 1643 διὰ
2784 1587 2836 1640 τί
2868 1587 2933 1639 σὺ
2986 1583 3180 1637 σαυτὸν
3217 1582 3536 1651 ἀποστερεῖς
3564 1595 3730 1646 σωτη-

2150 1678 2303 1748 ρίας,
2336 1677 2424 1731 διὰ
2451 1676 2504 1729 τί
2534 1674 2715 1743 ἀλγῶν
2746 1676 2831 1742 ἐφ’
2859 1668 2943 1736 οἷς
2978 1673 3109 1743 παρ’
3140 1670 3342 1741 ἐτέρων
3374 1667 3563 1730 κακῶς
3589 1666 3726 1719 ἐπα-

2148 1762 2260 1829 θες,
2288 1764 2448 1827 αὐτὸς
2469 1763 2678 1817 πλείοσι
2701 1761 3046 1833 περιϐάλλεις
3076 1758 3268 1814 σαυτὸν
3297 1758 3522 1821 κακοῖς;
3558 1757 3728 1809 Ἐκεῖ·

2147 1852 2237 1915 νός
2268 1869 2327 1904 σε
2366 1851 2495 1915 ῐσως
2536 1850 2698 1921 πενία
2731 1847 3043 1920 περιέϐαλε,
3094 1848 3157 1900 σὺ
3203 1845 3260 1898 δέ
3292 1844 3484 1897 σαυτὸν
3527 1845 3586 1896 ἐν
3617 1846 3728 1906 τοῖς

2148 1940 2385 2011 καιρίοις
2430 1938 2666 2007 μάλιστα
2692 1935 3095 1997 καταϐλάπτεις
3127 1931 3452 2003 κακούργως
3480 1947 3495 1960 ·
3522 1932 3728 1993 ἐκεῖνος

2148 2028 2493 2099 ἀπεστέρησέ
2538 2044 2598 2081 σε
2622 2027 2693 2081 τά
2726 2026 2885 2089 ἐκτός
2917 2041 3013 2078 σου
3041 2022 3190 2084 ὅντα,
3236 2022 3330 2075 καὶ
3369 2019 3595 2090 ὕστερον
3633 2020 3728 2073 καὶ

2150 2114 2377 2178 ἀκοντός
2402 2131 2495 2167 σου
2524 2112 2947 2185 ἀποπηδήσοντα
2974 2126 2987 2140 ·
3019 2110 3083 2163 σὺ
3113 2109 3170 2162 δέ
3200 2108 3289 2162 τὸν
3304 2106 3523 2161 αἰώνιον
3556 2104 3727 2158 πλοῦς

2146 2219 2240 2255 τον
2270 2202 2462 2256 σαυτὸν
2488 2204 2717 2273 ἀφαιρῇ.
2761 2198 3032 2267 Ἐλύπησε
3064 2214 3125 2250 σε
3170 2197 3199 2249 6
3250 2194 3493 2257 διάϐολος
3531 2192 3728 2261 ἀφελό-

2152 2307 2312 2361 μενος
2338 2290 2405 2345 τά
2427 2290 2531 2361 χρή
2541 2304 2722 2360 ματα;
2754 2287 2998 2356 λύπησον
3022 2284 3185 2338 αὐτὸν
3207 2283 3302 2337 καὶ
3331 2283 3395 2336 σὺ
3413 2281 3728 2352 εὐχαριστή-

2150 2394 2269 2440 σας,
2310 2377 2403 2430 καὶ
2435 2378 2509 2447 μὴ
2539 2376 2835 2447 εὐφράνῃς.
2877 2374 2975 2426 Ἂν
3007 2372 3143 2444 πρὸς
3194 2370 3416 2441 μάντεις
3455 2368 3725 2439 ἀπέλθῃς,

2149 2464 2421 2534 εὔφρανας
2440 2484 2453 2497 ο
2489 2465 2555 2518 ἂν
2576 2463 2979 2534 εὐχαριστήσῃς
3006 2460 3085 2531 τῷ
3110 2459 3250 2529 Θεῷ,
3277 2458 3496 2528 καιρίαν
3519 2456 3725 2519 ἔδωκας

2148 2553 2299 2623 αὐτῷ
2324 2553 2423 2623 τήν
2454 2554 2691 2623 πληγήν.
2748 2552 2860 2606 Καὶ
2911 2552 3014 2621 δρα
3065 2548 3119 2601 τί
3152 2549 3387 2616 γίνεται·
3439 2544 3562 2598 οὕτε
3587 2544 3725 2598 αύτά

2150 2641 2401 2711 εὑρήσεις
2425 2639 2677 2695 ἀπελθὼν
2728 2639 2865 2709 πρὸς
2894 2638 3021 2700 τοὺς
3053 2637 3274 2707 μάντεις
3300 2652 3314 2665 ·
3349 2635 3411 2687 ού
3447 2635 3556 2704 γάρ
3578 2634 3725 2685 ἐστιν

2150 2728 2373 2782 ἐκείνων
2395 2728 2594 2781 εἰδέναι
2614 2744 2630 2759 ·
2652 2728 2701 2780 εἰ
2725 2727 2783 2779 δέ
2815 2742 2917 2779 που
2939 2724 3035 2777 καὶ
3061 2720 3213 2777 εἷπον
3238 2721 3606 2791 ἐπιτυχόντες.
3632 2721 3725 2774 καὶ

2145 2815 2246 2886 τὴν
2271 2814 2451 2885 ψυχὴν
2480 2813 2943 2886 προσαπολλύεις,
2970 2813 3066 2865 καὶ
3086 2811 3190 2865 ὑπὸ
3216 2812 3325 2863 τῶν
3350 2808 3592 2878 ἀδελφῶν
3622 2825 3724 2861 κα-

2145 2902 2530 2975 ταγελασθήσῃ
2550 2901 2659 2954 τῶν
2683 2900 2814 2961 σῶν,
2832 2900 2924 2954 καὶ
2938 2899 3101 2953 πάλιν
3116 2898 3255 2953 αὐτὰ
3278 2895 3465 2959 κακῶς
3481 2895 3720 2957 ἀπολεῖς.

2158 2991 2217 3043 Ὀ
2242 2990 2351 3061 γάρ
2377 2989 2587 3059 δαίμων
2612 2987 2766 3052 εἰδὼς
2784 2988 2867 3041 ὅτι
2896 2986 3101 3057 ζημίαν
3122 2986 3183 3038 οὐ
3209 2985 3417 3054 φέρεις,
3442 2984 3559 3037 ἀλλ’
3585 2982 3725 3052 ὑπὲρ

2144 3078 2351 3132 τούτων
2380 3077 2586 3130 καὶτὸν
2625 3076 2757 3129 Θεόν
2804 3092 2898 3127 σου
2941 3074 3113 3144 ἀρνῇ,
3165 3072 3327 3125 πάλιν
3371 3072 3628 3141 χρήματα
3648 3070 3726 3122 δί-

2143 3165 2327 3231 δωσιν,
2352 3165 2442 3220 ἵνα
2472 3164 2727 3237 ἀφορμὴν
2774 3165 2874 3234 σχῇ
2899 3162 2993 3216 τοῦ
3026 3162 3195 3216 πάλιν
3226 3178 3285 3214 σε
3311 3160 3607 3228 ἀπατῆσαι.
3661 3159 3722 3211 ΕΙ

2142 3254 2201 3308 δὲ
2229 3254 2324 3308 καὶ
2353 3253 2563 3322 λέγοιεν
2582 3254 2631 3307 οί
2666 3254 2907 3323 μάντεις,
2945 3250 3018 3321 μὴ
3044 3249 3355 3321 θαυμάζετε
3382 3267 3396 3279 ·
3434 3248 3723 3318 ἁσὼματός

2143 3343 2291 3396 ἐστιν
2324 3343 2354 3396 6
2389 3342 2629 3412 δαίμων,
2681 3340 2957 3410 πανταχοῦ
2984 3339 3283 3410 περίεισιν·
3320 3338 3484 3400 αὐτὸς
3528 3338 3725 3400 αὐτοὺς

2143 3428 2353 3493 ὁπλίζει
2384 3430 2514 3493 τοὺς
2536 3429 2739 3501 λῃστάς
2759 3445 2773 3460 ·
2799 3428 2861 3481 οὐ
2889 3427 2999 3498 γὰρ
3026 3428 3154 3482 ἄνευ
3182 3426 3434 3496 δαίμονος
3451 3425 3622 3479 ταῦτα
3638 3424 3723 3492 γί-

2142 3534 2312 3571 νεται.
2346 3517 2410 3570 Εί
2439 3517 2620 3571 τοίνυν
2642 3516 2851 3581 ὁπλίζει
2880 3515 3125 3579 τούτους,
3146 3515 3238 3567 καὶ
3259 3509 3367 3567 οἶδε
3387 3513 3480 3567 καὶ
3502 3511 3606 3565 ποῦ
3622 3530 3725 3566 κα-

2142 3603 2450 3659 τατίθενται
2468 3620 2482 3633 ·
2503 3604 2604 3657 οὐκ
2621 3604 2807 3671 ἀγνοεῖ
2820 3604 2948 3666 τοὺς
2963 3602 3128 3656 αὐτοῦ
3145 3602 3443 3673 ὑπηρέτας.
3479 3601 3594 3654 Οὐκ
3609 3600 3724 3655 ἐστι

2140 3691 2199 3745 δὲ
2226 3691 2538 3762 θαυμαστὸν
2569 3691 2729 3745 τοῦτο
2751 3708 2765 3722 ·
2796 3691 2863 3745 ἂν
2891 3691 2976 3762 ῐδῃ
3005 3689 3275 3760 ἀλγοῦντά
3307 3705 3364 3742 σε
3410 3691 3475 3759 τῇ
3522 3687 3719 3758 ζημίᾳ,

2142 3779 2237 3831 καὶ
2271 3773 2475 3848 ἑτέραν
2498 3778 2691 3846 ἐπάγει
2713 3794 2729 3809 ·
2768 3776 2836 3831 ἂν
2869 3777 2954 3849 ῐδῃ
2990 3776 3377 3845 καταγελῶντα
3414 3775 3510 3829 καὶ
3556 3791 3723 3827 κατα-

2142 3862 2465 3934 φρονοῦντα,
2497 3865 2867 3936 ἀποστήσεται
2902 3864 3107 3936 ταύτης
3140 3866 3240 3934 τῆς
3282 3861 3423 3915 ὀδοῦ.
3455 3860 3724 3931 Καθάπερ

2140 3952 2251 4022 γὰρ
2286 3954 2451 4023 ἡμεῖς
2479 3953 2664 4006 ἐκεῖνα
2682 3952 2810 4015 τοὺς
2844 3952 3074 4024 ἐχθροὺς
3104 3950 3413 4021 διατίθεμεν
3446 3951 3505 4002 ἐν
3531 3944 3614 4013 οἷς
3630 3949 3723 4002 λυ·-

2142 4040 2352 4110 ποῦμεν
2381 4038 2577 4103 αὐτούς
2598 4055 2611 4068 ·
2647 4038 2714 4093 ἂν
2736 4038 2793 4092 δέ
2830 4038 3028 4110 ἴδωμεν
3052 4041 3133 4093 ὅτι
3154 4040 3253 4093 οὐκ
3283 4037 3557 4106 ἀλγοῦσιν,
3592 4037 3720 4106 ἀφι-

2144 4126 2389 4197 στάμεθα
2414 4125 2623 4190 λοιπὸν,
2648 4126 2726 4190 ὡς
2747 4126 2845 4180 οὐκ
2866 4125 3079 4197 ἔχοντες
3116 4126 3313 4190 αὐτοὺς
3338 4126 3519 4179 δακεῖν
3539 4140 3551 4154 ·
3578 4122 3720 4177 οὕτω

2142 4215 2239 4269 καὶ
2272 4216 2302 4268 6
2330 4213 2597 4277 διάϐολος.

2212 4319 2279 4373 Τί
2319 4318 2536 4388 λέγεις;
2575 4319 2673 4390 οὐχ
2713 4319 2846 4389 δρᾷς
2881 4319 3009 4382 τοὺς
3052 4321 3109 4372 ἐν
3158 4320 3223 4389 τῇ
3259 4317 3500 4388 θαλάσσῃ
3534 4316 3719 4371 πλέον·

2138 4422 2260 4471 τας,
2290 4405 2410 4462 πῶς
2443 4406 2504 4459 οὐ
2549 4406 2889 4476 φροντίζουσι
2924 4406 3245 4477 χρημάτων,
3274 4404 3542 4474 χειμῶνος
3568 4422 3716 4473 γινο-

2145 4493 2329 4563 μένου,
2352 4492 2490 4546 ἀλλά
2512 4494 2605 4546 καὶ
2634 4492 2703 4545 τὰ
2734 4492 2865 4546 ὄντα
2891 4493 3141 4565 ῥίπτουσι
3162 4508 3176 4556 ;
3201 4493 3297 4545 καὶ
3330 4491 3508 4555 οὐδεὶς
3543 4491 3715 4559 λέγει,

2144 4580 2212 4632 Τί
2272 4582 2489 4645 ποιεῖς,
2560 4578 2847 4650 ἀνθρωπες
2920 4579 2998 4649 τῷ
3060 4579 3292 4649 χειμῶνι
3340 4579 3716 4649 συμπράττεις

2141 4670 2237 4722 καὶ
2277 4668 2356 4740 τῷ
2376 4668 2653 4738 ναυαγίῳ;
2711 4669 2843 4737 πρὶν
2887 4668 2921 4737 ἡ
2969 4685 3028 4719 σε
3056 4667 3117 4720 τὸ
3166 4666 3320 4738 κῦμα
3355 4667 3448 4720 τὸν
3489 4666 3716 4721 πλοῦτον

2138 4755 2429 4825 ἀφέληται,
2474 4756 2538 4808 σὺ
2593 4756 2715 4818 ταῖς
2766 4754 2963 4807 σαυτοῦ
3024 4754 3181 4825 χερσὶ¹
3228 4752 3389 4808 τοῦτο
3417 4756 3622 4821 ποιεῖς;
3661 4755 3715 4808 τί

2139 4842 2248 4911 πρὸ
2305 4842 2402 4896 τοῦ
2454 4841 2714 4910 ναυαγίου
2764 4841 3007 4909 ναυαγίῳ
3071 4839 3419 4911 περιϐάλλεις
3480 4842 3712 4905 σαυτόν;

2150 4928 2311 4983 Ἀλλὰ
2328 4929 2498 4983 ταῦτα
2520 4928 2619 5000 μὲν
2643 4929 2711 4984 ἂν
2731 4927 2875 4981 εἴποι
2894 4928 3149 4999 ἄγροικος
3168 4926 3474 4997 ἄνθρωπος,
3496 4927 3715 4981 καὶτῶν

2137 5018 2197 5069 ἐν
2225 5016 2464 5091 θαλάττῃ
2513 5016 2839 5088 πειρασμῶν
2858 5016 3081 5086 ἄπειρος
3116 5031 3130 5046 ·
3165 5016 3194 5067 6
3222 5014 3407 5085 μέντοι
3438 5014 3712 5077 ναυτικὸς.

2138 5104 2235 5157 καὶ
2263 5103 2317 5156 τί
2359 5104 2461 5174 μὲν
2506 5104 2798 5177 ἐργάζεται
2823 5102 3087 5175 γαλήνην,
3120 5100 3175 5154 τί
3208 5101 3264 5154 δὲ
3292 5103 3439 5155 ποιεῖ
3470 5100 3713 5171 χειμῶνα

2138 5191 2384 5263 ἀκριϐῶς
2406 5193 2785 5264 ἐπιστάμενος,
2820 5191 2913 5245 καὶ
2957 5189 3391 5257 καταγελάσεται
3419 5189 3513 5242 τοῦ
3542 5188 3712 5242 ταῦτα

2138 5278 2389 5346 λέγοντος
2415 5295 2429 5308 ·
2464 5278 2563 5332 Διά
2583 5280 2691 5351 γὰρ
2716 5279 2872 5332 τοῦτο
2900 5278 3092 5348 ῥίπτω,
3129 5276 3313 5346 φησὶν,
3347 5277 3436 5330 ἴνα
3481 5276 3555 5347 μὴ
3582 5275 3713 5329 κλυ-

2139 5365 2247 5418 δὼν
2274 5366 2519 5436 γένηται.
2582 5364 2740 5419 Οὕτω
2766 5365 2859 5418 καὶ
2896 5367 2926 5417 ό
2956 5364 3217 5433 ἔμπειρος
3268 5361 3379 5415 τῶν
3408 5364 3466 5416 ἐν
3495 5363 3574 5432 τῷ

2139 5453 2483 5523 πραγμάτων
2502 5453 2722 5507 καὶτῶν
2738 5451 3077 5522 πειρασμῶν,
3100 5451 3227 5503 ὅταν
3249 5450 3333 5521 ῐδῃ
3354 5450 3444 5502 τὸν
3465 5450 3712 5519 χειμῶνα

2138 5540 2457 5605 ἐπιστάντα,
2482 5540 2574 5592 καὶ
2603 5540 2672 5592 τὰ
2692 5538 3034 5609 πνευματικά
3057 5537 3156 5605 τῆς
3174 5536 3436 5606 πονηρίας
3456 5536 3711 5600 ναυάγιον

2142 5625 2479 5695 ἐργάσασθαι
2512 5625 2832 5696 βουλόμενα,
2862 5625 2958 5677 καὶ
2983 5624 3050 5677 τὰ
3076 5623 3331 5675 λείποντα
3355 5623 3465 5675 τῶν
3490 5622 3709 5693 χρημά-

2140 5730 2248 5766 των
2276 5715 2476 5787 ρίπτει.
2520 5713 2767 5781 Ἐγένετο
2802 5712 2978 5781 κλοπή
3011 5728 3095 5763 σοι
3118 5751 3133 5771 ,
3166 5709 3390 5779 ποίησον
3408 5707 3707 5780 ἐλεημοσύ-

2142 5819 2259 5873 νην,
2295 5804 2390 5858 καὶ
2420 5802 2694 5873 κουφίζεις
2734 5801 2795 5855 τὸ
2824 5800 3026 5858 πλοῖον.
3062 5800 3352 5871 Ἣρπασαν
3390 5799 3441 5851 ot
3476 5795 3669 5869 λῃσταί
3688 5814 3703 5865 ;
