4114 6396
397 308 500 365 ιιτ.

403 430 623 493 propter
662 420 754 478 Dei
795 430 994 476 metum
1016 462 1030 486 ,
1060 420 1309 490 quoniam
1337 428 1422 474 est
1446 418 1693 482 vetitum,
1722 413 1976 484 pecunias

400 528 505 568 non
535 512 805 584 accipere,
836 529 994 583 quam
1027 514 1134 568 Deo
1164 527 1268 567 non
1294 510 1552 566 obedire?
1589 524 1770 579 parem
1812 505 1977 559 habes

400 604 700 662 mercedem
730 614 888 676 atque
928 605 1015 660 ille
1051 607 1141 675 qui
1172 620 1262 659 eas
1289 603 1531 673 erogavit
1555 598 1896 672 pauperibus,
1927 595 1975 651 si

399 694 464 751 iis
500 696 711 752 amissis
749 696 946 766 gratias
969 696 1164 766 egeris,
1190 704 1245 749 et
1269 710 1391 750 cum
1420 708 1607 764 posses
1638 693 1716 747 ire
1743 690 1807 745 ad
1834 687 1973 743 divi-

396 799 631 853 natores,
650 788 949 843 sustinuisti
975 803 1068 845 eas
1090 788 1263 857 potius
1291 802 1397 841 non
1428 786 1692 855 accipere,
1712 798 1870 853 quam
1897 782 1975 835 sic

394 880 657 948 accipere.
688 878 820 934 Nam
847 880 982 935 sicut
1008 879 1100 935 ille
1124 889 1343 949 propter
1369 877 1466 932 Dei
1496 886 1694 931 metum
1718 891 1810 929 cas
1839 873 1975 928 effu-

391 970 472 1027 dit
501 973 553 1027 in
578 988 777 1043 egenos
802 991 816 1028 :
837 976 906 1029 ita
935 983 989 1029 ttt
1016 989 1228 1044 quoque
1250 981 1467 1042 propter
1492 971 1583 1026 Dei
1607 980 1825 1035 metum,
1851 984 1973 1025 cum

391 1064 467 1119 illi
495 1066 819 1133 rapuissent,
850 1082 955 1121 non
985 1065 1257 1133 recepisti.
1295 1064 1350 1118 In
1392 1072 1573 1119 nostra
1599 1072 1684 1118 est
1710 1070 1973 1132 potestate

391 1166 451 1211 ιιι
471 1157 552 1212 vel
576 1173 671 1212 nos
694 1157 836 1229 ipsos
858 1159 1050 1227 injuria
1070 1159 1385 1222 afﬁciamus,
1411 1156 1496 1213 vel
1527 1171 1630 1211 non
1656 1173 1669 1210 :
1693 1156 1746 1211 in
1774 1155 1973 1210 nullius

389 1259 569 1305 autem
604 1250 845 1305 alterius.
889 1251 957 1306 Et
985 1254 1026 1306 si
1055 1252 1213 1306 vultis
1231 1292 1247 1316 ,
1277 1253 1328 1307 in
1355 1252 1472 1322 ipso
1496 1251 1637 1306 furto
1660 1266 1775 1306 rem
1800 1252 1971 1320 agite-

390 1356 529 1395 mus.
564 1340 602 1393 F
609 1358 670 1396 ur
695 1358 905 1397 murum
932 1343 1219 1414 perfregit,
1256 1342 1542 1398 thalamum
1569 1353 1652 1399 est
1679 1345 1968 1413 ingressus,

390 1448 513 1486 vasa
555 1436 855 1503 exportavit
881 1451 1039 1490 aurea
1069 1437 1244 1507 magni
1274 1436 1468 1506 pretii,
1494 1444 1549 1493 et
1572 1451 1808 1506 gemmas
1849 1450 1970 1506 pre-

389 1524 581 1589 tiosas;
626 1533 681 1579 et
711 1535 768 1579 ut
795 1526 961 1581 semel
987 1527 1157 1581 dicam
1178 1569 1193 1593 ,
1237 1528 1499 1598 integrum
1532 1528 1732 1581 amovit
1759 1528 1970 1581 thesau-

388 1630 549 1680 rum,
602 1631 700 1672 nec
750 1618 846 1671 fttit
906 1618 1347 1688 comprehensus.
1404 1619 1577 1674 Grave
1622 1619 1832 1688 quidem
1887 1625 1971 1673 est

386 1706 529 1775 quod
576 1706 773 1762 factum
820 1718 923 1774 est,
955 1720 1010 1764 et
1052 1710 1248 1764 damno
1290 1725 1409 1764 esse
1450 1725 1537 1765 res
1575 1709 1803 1776 videtur,
1838 1725 1972 1764 non-

386 1799 513 1852 dum
544 1809 626 1853 est
653 1807 868 1866 autem;
911 1800 1004 1855 sed
1052 1802 1104 1855 in
1145 1810 1197 1856 te
1232 1802 1393 1856 situm
1439 1809 1522 1857 est
1560 1809 1618 1856 ut
1663 1801 1715 1855 id
1763 1802 1833 1856 sit
1872 1801 1969 1856 tibi

386 1894 473 1947 vel
521 1892 716 1949 damno
760 1896 843 1950 vel
892 1896 1061 1951 lucro.
1108 1896 1175 1951 Et
1214 1896 1514 1966 quomodo,
1560 1896 1747 1967 inquit,
1794 1905 1971 1966 potest

387 1983 490 2039 hoc
518 2000 637 2041 esse
663 1986 849 2041 lucro?
879 1988 992 2057 Ego
1019 1988 1236 2043 tcutabo
1260 1989 1545 2043 ostendere
1569 1989 1860 2059 quomodo.
1891 1988 1969 2044 Te

384 2078 601 2131 volente
648 2078 752 2133 erit
790 2094 1039 2149 magnotu
1084 2080 1311 2144 lucrum,
1337 2090 1392 2135 et
1421 2082 1464 2135 si
1494 2080 1765 2147 nolueris,
1797 2080 1969 2150 majus

385 2168 640 2223 damnum
683 2185 841 2238 quam
885 2171 1026 2241 quod
1075 2171 1191 2226 fuit.
1238 2171 1369 2225 Nam
1409 2173 1545 2226 sicut
1571 2172 1623 2226 in
1649 2172 1964 2237 artiﬁcibus,

383 2258 621 2329 subjecta
652 2260 894 2323 materia,
927 2261 973 2315 is
1009 2262 1224 2331 quidem
1255 2264 1342 2332 qui
1370 2272 1449 2317 est
1474 2262 1678 2333 peritus
1708 2264 1838 2317 artis
1858 2305 1871 2328 ,
1904 2279 1967 2318 ea

384 2352 451 2406 ad
497 2352 638 2422 quod
681 2363 891 2423 oportet
929 2355 1129 2417 utitur;
1176 2355 1456 2422 imperitus
1491 2365 1666 2411 autem
1705 2358 1880 2427 perdit
1916 2367 1970 2412 et

384 2445 699 2514 corrumpit,
732 2455 786 2500 et
815 2454 872 2500 ut
903 2445 1003 2500 sibi
1033 2446 1230 2501 damno
1254 2448 1323 2500 sit
1346 2447 1510 2502 efﬁcit
1542 2466 1555 2501 :
1589 2450 1657 2502 ita
1702 2451 1861 2502 etiam
1912 2450 1966 2503 in

386 2538 468 2592 his
497 2539 675 2592 rebus.
703 2538 981 2606 Quomodo
1005 2555 1133 2609 ergo
1153 2541 1256 2594 erit
1284 2540 1527 2596 lucrum?
1556 2540 1610 2596 Si
1641 2542 1749 2595 Deo
1769 2543 1967 2611 gratias

384 2630 580 2699 egeris,
608 2632 649 2684 si
680 2647 784 2685 non
814 2632 997 2701 lugeas
1022 2648 1121 2687 nec
1149 2634 1338 2701 ejulcs,
1371 2634 1414 2687 si
1442 2633 1558 2688 Jobi
1588 2636 1747 2689 verba
1774 2635 1919 2689 dit-as
1949 2654 1962 2691 :

383 2720 636 2775 Dominus
662 2722 820 2787 dedit,
851 2722 1099 2778 Dominus
1128 2725 1333 2779 abstulit
1356 2742 1374 2780 :
1410 2726 1578 2779 nudus
1604 2743 1716 2780 sum
1742 2744 1967 2796 egressus

382 2829 447 2867 ex
474 2824 615 2867 utero
640 2815 818 2869 matris
844 2830 988 2881 mete,
1018 2815 1186 2868 nudus
1222 2817 1375 2869 etiam
1412 2817 1557 2869 abibo
1583 2819 1599 2884 (
1624 2816 1722 2869 Job
1756 2820 1802 2871 l.
1832 2819 1892 2872 21
1923 2823 1962 2888 ).

382 2903 519 2970 Quid
564 2903 719 2970 dicis,
766 2904 1025 2958 Dominus
1069 2904 1325 2960 abstulit?
1370 2904 1452 2959 fur
1488 2908 1725 2970 abstulit,
1755 2917 1809 2962 et
1832 2925 1969 2978 quo-

384 2996 545 3051 modo
586 2997 806 3066 poteris,
838 2998 1025 3067 inquit,
1058 2998 1260 3063 dicere,
1302 2998 1559 3053 Dominus
1590 3000 1850 3055 abstulit?
1889 3001 1966 3058 Ne

383 3088 595 3143 mireris
623 3108 636 3143 :
666 3090 863 3144 etenim
891 3089 989 3144 Job
1009 3106 1127 3160 qua:
1148 3091 1392 3145 diabolus
1419 3092 1654 3159 abstulit,
1677 3092 1773 3154 Ea,
1806 3093 1961 3161 dixit,

383 3179 634 3233 Dominus
663 3180 887 3235 abstulit.
927 3182 983 3237 Si
1019 3192 1197 3237 autem
1227 3183 1316 3237 ille
1343 3184 1421 3238 sic
1448 3199 1609 3239 ausus
1635 3195 1717 3239 est
1743 3186 1924 3241 dicere
1946 3226 1961 3251 ,

381 3271 652 3341 quomodo
675 3288 795 3341 quae
826 3271 908 3325 fur
927 3276 1152 3342 accepit,
1177 3290 1281 3329 non
1309 3275 1455 3329 dices
1480 3274 1766 3331 abstulisse
1794 3278 1965 3331 Domi-

383 3364 550 3416 mnn?
577 3362 747 3429 Quem
774 3364 1005 3428 miraris,
1034 3366 1345 3436 dic,qu;cso,
1374 3383 1567 3422 eumne
1592 3369 1678 3438 qui
1708 3384 1802 3422 sua
1833 3370 1966 3423 effu-

381 3455 461 3510 dit
486 3456 537 3510 in
566 3470 857 3526 pauperes,
889 3472 955 3511 an
980 3456 1170 3511 Jobtun
1203 3468 1421 3529 propter
1448 3459 1563 3514 hmo
1596 3461 1793 3515 verba?
1837 3478 1962 3516 num

383 3548 472 3604 ille
498 3550 587 3620 qui
618 3559 743 3603 tunc
771 3564 877 3603 nou
906 3549 1074 3614 dedit,
1100 3549 1274 3605 minus
1307 3551 1465 3606 habet
1489 3567 1648 3621 quam
1677 3554 1765 3623 qui
1794 3554 1962 3609 dede-

383 3642 546 3696 runt?
569 3640 647 3696 Ne
671 3641 836 3707 dicas,
865 3641 979 3696 Non
1014 3641 1183 3695 habeo
1206 3643 1463 3713 gratiam;
1492 3660 1597 3697 non
1625 3660 1690 3699 ex
1717 3646 1821 3700 mei
1844 3646 1963 3699 ani-

381 3733 454 3810 mi
481 3732 749 3786 sententia
774 3746 861 3787 res
883 3731 980 3786 fuit
1008 3749 1021 3784 :
1052 3749 1138 3786 me
1165 3748 1264 3787 nec
1286 3734 1488 3788 scit-nte
1516 3748 1613 3788 nec
1644 3735 1855 3790 volente
1880 3736 1965 3791 fur

381 3825 629 3893 accepit:
661 3839 905 3895 qtttenam
955 3824 1056 3879 erit
1099 3825 1338 3880 merces?
1386 3824 1566 3894 Neque
1614 3828 1816 3881 sciente
1865 3843 1963 3882 nec

381 3916 592 3970 volente
612 3914 749 3970 Jobo
771 3915 885 3969 hmc
904 3914 1112 3985 accepit
1136 3933 1150 3969 :
1172 3915 1439 3985 quomodo
1459 3915 1600 3970 enim
1619 3916 1642 3970 ?
1667 3917 1761 3972 sed
1786 3928 1961 3973 tamen

381 4007 695 4062 decertavit.
727 4006 875 4061 Licet
901 4017 1079 4061 autem
1120 4005 1213 4061 tibi
1254 4016 1452 4061 tantam
1481 4007 1725 4078 accipere
1754 4025 1961 4065 merce-

381 4100 527 4166 dem,
557 4109 804 4170 quantam
828 4102 985 4156 sicas
1012 4111 1097 4155 ttta
1121 4110 1313 4170 sponte
1341 4101 1652 4171 abjecisses.
1682 4102 1752 4158 Et
1772 4108 1963 4160 merito

382 4191 527 4247 hunc
553 4194 721 4263 magis
743 4193 1069 4246 admiramur
1099 4193 1189 4263 qui
1212 4192 1432 4263 injurias
1460 4206 1613 4263 grato
1633 4194 1735 4250 fert
1757 4197 1958 4265 animo,

380 4298 540 4351 quam
568 4297 689 4338 eum
711 4282 800 4353 qui
832 4282 922 4337 dat
942 4298 1036 4337 sua
1062 4291 1271 4352 sponte.
1311 4283 1527 4351 Quare?
1569 4284 1831 4352 Quoniam
1875 4286 1964 4343 hic

380 4377 597 4447 quidem
639 4376 883 4431 laudibus
918 4377 1077 4430 alitur
1105 4384 1161 4431 et
1184 4377 1532 4444 conscientia,
1560 4388 1616 4432 et
1644 4377 1838 4434 bonam
1867 4379 1964 4435 ha-

381 4468 472 4525 bet
502 4484 673 4540 spem,
703 4478 757 4525 et
783 4484 903 4524 cum
930 4470 1171 4541 pecunias
1201 4471 1550 4540 privationem
1582 4474 1728 4543 prius
1753 4474 1963 4532 fortiter

379 4561 610 4628 tulisset,
642 4572 769 4614 tunc
794 4574 910 4615 eam
946 4560 1142 4630 abjecit
1169 4576 1183 4613 :
1216 4560 1308 4617 ille
1330 4576 1461 4618 vero
1482 4603 1499 4630 ,
1526 4578 1647 4618 cum
1678 4564 1757 4620 eis
1788 4564 1964 4621 adhuc

379 4660 526 4706 esset
569 4651 854 4721 alligatus,
892 4651 942 4706 vi
986 4652 1084 4706 fuit
1124 4653 1401 4722 spoliatus.
1445 4653 1560 4710 Non
1609 4665 1734 4711 sunt
1781 4668 1959 4714 autem

380 4746 548 4814 paria,
571 4759 691 4800 cum
721 4744 867 4815 prius
893 4744 1055 4800 fueris
1075 4760 1361 4816 persuasus
1382 4756 1441 4802 ut
1465 4762 1493 4801 a
1523 4750 1761 4818 pecuniis
1790 4752 1964 4809 disce-

379 4836 555 4902 deres,
580 4851 672 4891 eas
699 4836 770 4890 ita
791 4835 1061 4900 effudisse,
1085 4846 1140 4891 et
1165 4852 1288 4891 cum
1316 4853 1407 4893 eas
1430 4836 1607 4895 adhuc
1637 4841 1959 4911 possideres,

379 4929 460 4984 eis
501 4942 622 4983 esse
661 4930 943 4998 privatum.
990 4922 1046 4983 Si
1092 4929 1204 4982 haec
1250 4928 1413 4983 νει-ιιι
1457 4929 1690 4998 dixeris,
1732 4932 1961 5002 accipies

381 5021 759 5091 multiplicata,
814 5032 870 5077 et
915 5022 1075 5092 longe
1130 5023 1285 5092 plura
1338 5038 1498 5094 quam
1529 5023 1650 5078 Job.
1680 5024 1815 5079 Nam
1867 5025 1958 5082 ille

382 5112 604 5181 quidem
647 5111 735 5165 hic
779 5112 989 5182 accepit
1028 5112 1260 5182 duplicia
1301 5113 1414 5181 (Job
1463 5114 1593 5184 42);
1631 5115 1729 5169 tibi
1773 5124 1956 5170 autem

384 5202 635 5268 Christus
683 5204 772 5259 hic
816 5204 1085 5275 pollicitus
1139 5213 1222 5260 est
1271 5206 1606 5276 centuplum.
1665 5206 1780 5263 Non
1841 5207 1957 5262 bla-

383 5294 677 5364 sphemasti
705 5306 927 5365 prepter
966 5305 1169 5349 metum
1201 5296 1317 5359 Dei,
1341 5312 1449 5351 non
1491 5312 1622 5350 usus
1656 5313 1714 5352 es
1749 5297 1959 5352 divina-

384 5386 611 5451 toribus,
643 5388 840 5457 gratias
886 5386 1042 5456 egisti
1081 5386 1234 5440 malis
1290 5386 1564 5442 affectus?
1593 5402 1653 5443 es
1678 5389 1876 5443 similis
1905 5388 1955 5443 ei

381 5476 475 5545 qui
517 5477 760 5546 despexit
808 5496 822 5531 ε
868 5477 1069 5532 etenim
1115 5478 1230 5532 haec
1280 5493 1391 5532 non
1445 5477 1583 5532 ﬁunt
1634 5478 1743 5533 nisi
1805 5479 1956 5549 prius

381 5567 717 5639 despexeris.
758 5570 877 5624 Non
916 5579 1042 5624 sunt
1070 5579 1249 5624 autem
1293 5570 1461 5640 paria,
1492 5570 1664 5625 multo
1713 5580 1956 5640 tempore

382 5660 634 5715 meditari
663 5661 942 5731 despicere
969 5662 1248 5733 pecunias,
1273 5669 1328 5716 et
1361 5662 1503 5717 ferre
1520 5662 1779 5717 damnum
1811 5663 1955 5733 quod

384 5760 606 5823 repente
651 5752 925 5809 acciderit.
980 5754 1067 5809 Sic
1110 5753 1369 5810 damnum
1414 5752 1647 5809 efficitur
1696 5753 1905 5809 lucrum
1936 5796 1951 5821 ,

1178 306 1247 364 IN
1285 305 1500 363 EPIST.
1543 303 1561 358 1
1627 303 1717 360 AD
1754 297 2083 359 TllESSAL.
2110 298 2259 356 CAP.
2292 300 2377 356 111.
2414 300 2650 359 HOMIL.
2679 303 2771 359 111.

3549 306 3656 362 416

2085 418 2138 466 ει
2163 413 2300 467 nihil
2331 422 2384 469 te
2418 415 2594 483 ltedct,
2624 417 2717 471 sed
2758 417 2922 473 etiam
2967 419 3059 473 tibi
3104 420 3348 490 proderit
3386 420 3654 478 diabolus.

2156 503 2210 557 6.
2272 501 2552 569 Quomodo
2615 513 2792 559 autem
2848 506 2905 560 ﬁt
2951 508 3112 563 etiam
3159 525 3321 579 grave
3367 511 3665 571 damnum?

2081 592 2306 661 Quando
2351 594 2604 650 damnum
2644 598 2912 663 acceperit
2951 601 3151 653 anima.
3196 601 3288 657 Dic
3315 604 3456 658 enim
3488 607 3662 665 mihi:

2081 683 2167 738 fur
2205 693 2257 740 te
2296 686 2522 755 privavit
2564 689 2846 757 pecuniis?
2874 697 2926 743 tu
2963 705 3061 744 cur
3089 700 3139 745 te
3167 692 3337 761 ipsum
3369 696 3549 764 privas
3580 715 3667 754 sa-

2080 774 2229 830 lute?
2264 792 2432 847 quare
2459 776 2648 834 dolens
2680 788 2896 849 propter
2932 781 3068 835 mala
3107 798 3227 854 qua:
3273 801 3459 854 passus
3499 793 3558 844 es
3600 794 3668 844 ah

2080 866 2218 930 aliis,
2255 868 2371 936 ipse
2413 878 2465 923 te
2507 869 2562 923 in
2606 870 2756 936 plura
2801 872 2939 925 mala
2987 872 3199 943 injicis?
3231 876 3324 931 Ille
3355 888 3405 933 te
3437 879 3667 940 fortasse

2078 959 2306 1029 conjecit
2335 962 2387 1015 in
2416 971 2819 1032 paupbrtatem;
2868 975 2921 1020 ttt
2954 977 3005 1022 te
3032 979 3213 1023 autem
3257 976 3494 1030 maxime
3516 976 3666 1033 la-dis

2077 1053 2132 1109 in
2156 1054 2435 1127 praecipuis
2466 1057 2594 1113 :ille
2620 1067 2671 1112 te
2695 1061 2933 1115 externis
2961 1063 3193 1130 privavit
3222 1066 3582 1134 facultatibus,
3614 1084 3669 1124 et

2076 1160 2197 1216 quae
2224 1148 2309 1203 vel
2339 1159 2390 1204 te
2415 1149 2581 1204 invito
2599 1161 2723 1206 sunt
2744 1160 2926 1221 postea
2953 1154 3270 1223 resiliturze;
3305 1168 3358 1213 tu
3380 1174 3558 1215 autent
3586 1164 3666 1218 di-

2074 1237 2231 1291 vitias
2258 1246 2490 1295 aeternas
2521 1242 2611 1295 tibi
2650 1241 2755 1312 ipsi
2789 1242 3001 1299 adimis.
3030 1245 3108 1301 Te
3136 1247 3380 1304 diabolus
3404 1253 3664 1308 modestia

2074 1330 2255 1387 affecit
2296 1332 2489 1387 ablatis
2530 1336 2810 1405 pecuniis?
2846 1337 3021 1407 ipsum
3065 1350 3119 1394 tu
3163 1356 3375 1414 quoque
3419 1349 3663 1402 molestia

2074 1423 2230 1479 affiee
2254 1425 2455 1493 gratias
2480 1441 2675 1497 agens;
2708 1444 2777 1485 ne
2804 1430 2853 1485 ei
2876 1431 3114 1487 laetitiam
3142 1435 3335 1491 afferas
3360 1454 3376 1491 :
3404 1437 3449 1492 si
3480 1455 3573 1496 eas
3595 1442 3664 1497 ad

2073 1513 2425 1582 divinatores,
2452 1518 2632 1573 ltetitia
2662 1521 2862 1585 afficis;
2892 1522 2935 1577 si
2972 1524 3082 1579 Deo
3108 1542 3234 1597 agas
3261 1532 3495 1599 gratias,
3529 1532 3663 1589 leta-

2073 1604 2180 1659 lem
2209 1606 2414 1675 plagam
2450 1609 2498 1663 ei
2538 1609 2754 1679 infligis.
2797 1611 2931 1667 Vide
2959 1625 3138 1671 autem
3168 1620 3294 1687 quid
3324 1621 3451 1675 ﬁat:
3487 1640 3663 1695 neque

2075 1696 2219 1765 ipsas
2267 1699 2528 1766 invenies,
2559 1702 2604 1756 si
2645 1703 2806 1758 iveris
2836 1705 2899 1760 ad
2932 1706 3294 1777 divinatores;
3341 1730 3445 1768 non
3486 1725 3664 1785 potest

2072 1789 2215 1843 enim
2255 1805 2375 1845 esse
2415 1802 2473 1846 ut
2516 1793 2590 1848 illi
2635 1795 2835 1861 sciant;
2878 1799 3020 1869 quod
3069 1800 3113 1855 si
3162 1804 3321 1857 etiam
3366 1807 3655 1877 aliquando

2072 1896 2201 1935 casu
2255 1882 2523 1950 dixerint,
2579 1896 2634 1941 et
2683 1888 2916 1943 animam
2962 1902 3217 1960 przeterea
3276 1899 3472 1964 perdis,
3513 1911 3565 1956 et
3621 1918 3652 1957 a

2073 1970 2329 2028 fratribus
2360 1976 2462 2029 tuis
2493 1976 2823 2043 irrideberis,
2856 1990 2907 2034 et
2938 1995 3028 2035 eas
3056 1998 3246 2039 rursus
3278 1989 3418 2042 male
3447 1992 3658 2060 perdes.

2076 2063 2294 2121 Daemon
2332 2067 2473 2121 enim
2516 2069 2690 2124 sciens
2732 2080 2783 2125 te
2820 2087 2925 2126 non
2967 2088 3121 2144 {equo
3159 2078 3337 2133 animo
3382 2080 3524 2137 ferre
3561 2085 3660 2138 da-

2073 2170 2279 2224 mnum,
2308 2157 2400 2212 sed
2429 2173 2525 2228 pro
2553 2159 2637 2214 his
2664 2164 2825 2216 etiam
2854 2164 3017 2218 Deum
3049 2175 3194 2222 tuum
3224 2185 3440 2239 negare,
3472 2191 3660 2231 rursus

2073 2247 2166 2302 dat
2206 2250 2478 2317 pecunias,
2509 2262 2564 2305 ιιι
2597 2252 2788 2308 habeat
2814 2260 3150 2313 occasionem
3186 2270 3239 2315 te
3278 2263 3577 2332 decipiendi
3606 2281 3659 2324 et

2073 2338 2340 2396 efficiendi
2372 2351 2430 2395 ιιι
2457 2342 2697 2398 deﬁcias.
2729 2344 2881 2413 Quod
2913 2348 2956 2402 si
2988 2349 3148 2403 etiam
3181 2351 3363 2407 dicant
3386 2355 3656 2414 divinato-

2072 2449 2190 2499 res,
2224 2450 2291 2488 ne
2322 2436 2586 2490 miremini
2620 2456 2635 2494 :
2666 2439 2876 2495 daemon
2922 2452 3003 2496 est
3050 2444 3399 2516 incorporeus
3423 2492 3438 2515 ,
3481 2456 3658 2507 onmis

2071 2525 2185 2580 obit
2205 2526 2351 2582 orbis
2378 2537 2574 2597 partes,
2605 2530 2717 2599 ipse
2743 2542 2917 2586 armat
2937 2533 3173 2590 latrones
3204 2553 3217 2589 :
3244 2553 3348 2592 non
3377 2541 3518 2595 enim
3544 2542 3658 2599 haec

2072 2618 2207 2673 fiunt
2244 2620 2446 2691 absque
2473 2621 2739 2678 dmmoue.
2768 2624 2823 2680 Si
2855 2642 2983 2697 ergo
3012 2643 3107 2682 eos
3133 2638 3338 2697 armat,
3366 2633 3469 2687 scit
3495 2637 3655 2691 etiam

2070 2712 2160 2766 ubi
2194 2713 2298 2767 illa:
2338 2723 2463 2769 sunt
2500 2717 2753 2786 reposita:
2784 2735 2797 2771 :
2826 2734 2930 2773 non
2964 2720 3174 2790 ignorat
3202 2737 3329 2779 suos
3357 2726 3655 2783 ministros.

2072 2805 2188 2860 Non
2234 2814 2317 2860 est
2360 2816 2537 2861 autem
2586 2808 2687 2863 hoc
2732 2810 2924 2864 mirum
2957 2830 2971 2866 :
3003 2813 3045 2865 si
3088 2822 3141 2867 te
3169 2815 3364 2869 viderit
3400 2817 3658 2873 damnum

2070 2912 2215 2967 :egre
2242 2897 2523 2964 ferentem,
2556 2910 2612 2953 et
2640 2900 2867 2954 alterum
2896 2902 3084 2957 afferet
3115 2922 3127 2956 :
3162 2905 3205 2958 si
3234 2915 3284 2960 te
3317 2907 3509 2963 viderit
3537 2910 3659 2965 irri-

2069 2988 2286 3043 dentem
2336 2997 2391 3043 et
2435 2989 2844 3059 despicientem,
2874 2993 2942 3047 ab
2968 2993 3069 3049 hac
3096 2994 3181 3049 via
3223 2998 3459 3053 recedet.
3506 2999 3658 3057 Sicut

2069 3081 2212 3135 enim
2242 3096 2339 3134 nos
2364 3082 2426 3135 iis
2454 3080 2717 3137 afficimus
2739 3083 2983 3140 inimicos
3007 3087 3199 3156 quibus
3219 3106 3311 3145 eos
3334 3094 3654 3162 pungimus;

2068 3171 2150 3224 sin
2166 3180 2345 3226 autem
2373 3170 2660 3226 viderimus
2687 3188 2781 3228 eos
2795 3192 2899 3229 non
2928 3176 3132 3248 dolere,
3159 3178 3415 3251 deinceps
3442 3183 3659 3239 desisti-

2070 3277 2210 3328 mus,
2227 3272 2283 3316 ut
2303 3264 2393 3333 qui
2418 3279 2522 3317 non
2545 3267 2808 3334 possimus
2830 3269 3075 3325 mordere
3092 3288 3106 3324 :
3123 3272 3192 3325 ita
3211 3274 3371 3327 etiam
3388 3273 3653 3332 diabolus.

2142 3354 2397 3408 Pecunias
2443 3368 2759 3412 contemnere
2797 3361 2996 3415 suadet.
3016 3392 3087 3401 —
3114 3362 3252 3429 Quid
3280 3365 3451 3419 dicis?
3477 3382 3654 3424 annon

2070 3449 2224 3505 vides
2268 3466 2362 3505 eos
2396 3453 2486 3521 qui
2528 3452 2580 3505 in
2628 3453 2759 3507 mari
2806 3456 3075 3526 navigant,
3107 3460 3377 3528 quomodo
3407 3464 3658 3531 pecunias

2070 3555 2177 3594 non
2202 3550 2393 3596 curent
2419 3542 2462 3596 si
2493 3551 2608 3596 orta
2636 3544 2707 3597 sit
2734 3554 3024 3614 tempestas
3046 3588 3061 3613 ,
3094 3549 3186 3603 sed
3220 3551 3381 3605 etiam
3413 3569 3538 3609 suas
3563 3556 3657 3609 ab-

2064 3635 2253 3703 jiciant
2277 3634 2593 3689 facultates?
2616 3646 2670 3690 et
2701 3652 2859 3692 nemo
2879 3639 3025 3702 dicit,
3049 3640 3185 3708 Quid
3212 3641 3365 3710 facis,
3395 3659 3429 3699 o
3460 3647 3658 3703 homo?

2068 3735 2125 3781 tu
2152 3742 2273 3781 cum
2304 3737 2619 3797 tempestate
2646 3728 2778 3783 facis
2797 3740 2850 3784 et
2872 3730 3188 3802 naufragio?
3218 3735 3526 3806 priusquam
3552 3740 3657 3793 llu-

2068 3827 2185 3873 ctus
2212 3817 2308 3872 tibi
2334 3817 2593 3872 ademerit
2614 3818 2847 3883 divitias,
2873 3829 2926 3875 tu
2956 3821 3060 3876 tuis
3086 3825 3330 3878 manibus
3363 3826 3465 3881 hoc
3492 3827 3658 3884 facis?

2068 3928 2165 3968 cur
2191 3921 2317 3966 ante
2347 3910 2683 3982 naufragium
2726 3920 2779 3967 te
2819 3913 2871 3967 in
2918 3917 3256 3985 naufragium
3300 3918 3513 3987 injicis?
3551 3921 3654 3977 Sed

2070 4004 2185 4059 haec
2214 4000 2428 4073 quidem
2458 4002 2657 4057 dixerit
2696 4004 2958 4072 rusticus,
2991 4017 3048 4061 et
3091 4008 3257 4063 maris
3296 4012 3653 4079 procellarum

2069 4097 2286 4167 ignarus
2316 4113 2329 4150 :
2359 4095 2436 4151 rei
2464 4106 2640 4150 autem
2672 4098 2902 4151 nautica:
2925 4099 3146 4168 peritus,
3173 4110 3227 4155 et
3252 4103 3339 4173 qui
3369 4104 3469 4158 scit
3495 4121 3656 4161 areu»

2068 4198 2183 4245 rate
2206 4187 2332 4259 quid
2360 4187 2559 4242 efﬁciat
2588 4189 3027 4259 tranquillitatem
3053 4233 3069 4258 ,
3101 4193 3226 4261 quid
3257 4204 3652 4263 tempestatem,

2067 4293 2190 4333 eum
2219 4280 2308 4350 qui
2340 4279 2457 4334 haec
2483 4280 2613 4334 dicit
2638 4281 2799 4335 etiam
2831 4281 3076 4337 irridebit
3105 4302 3118 4336 :
3148 4282 3439 4354 Propterea
3466 4290 3608 4342 enim
3636 4331 3651 4353 ,

2068 4372 2261 4443 inquit,
2283 4371 2446 4442 jacio,
2475 4386 2543 4428 ne
2571 4370 2764 4427 fluctus
2792 4372 3040 4428 obruant.
3084 4372 3159 4429 Ita
3190 4376 3351 4430 etiam
3393 4393 3570 4433 rerum
3604 4393 3656 4437 rt

2068 4464 2423 4518 tentationum
2447 4478 2566 4533 quae
2588 4463 2641 4517 in
2664 4462 2765 4518 hac
2786 4472 2914 4520 sunt
2940 4466 3040 4520 vita
3066 4467 3290 4536 peritus,
3315 4485 3436 4523 cum
3458 4472 3657 4528 viderit

2068 4555 2351 4610 imminere
2393 4563 2787 4624 tempestatem,
2816 4565 2871 4611 et
2898 4558 3194 4626 spiritualia
3238 4562 3491 4630 nequitia:
3536 4580 3656 4635 qua:

2069 4650 2261 4703 volunt
2289 4647 2466 4702 facere
2495 4646 2828 4718 naufragium
2853 4691 2869 4715 ,
2901 4648 3085 4717 abjicit
3110 4651 3251 4720 quod
3283 4662 3367 4707 est
3389 4655 3655 4725 reliquum

2068 4741 2330 4812 pecunias.
2365 4739 2671 4795 Admissum
2698 4750 2781 4795 est
2811 4742 2861 4795 in
2888 4750 2942 4796 te
2972 4742 3214 4798 furtum?
3241 4743 3325 4799 fac
3346 4747 3653 4822 eleemosy-

2068 4850 2213 4897 nam,
2246 4842 2301 4888 et
2324 4834 2494 4887 levius
2516 4833 2696 4888 reddis
2724 4835 3011 4905 navigium.
3047 4836 3356 4906 Rapuerunt
3381 4840 3657 4899 latrones?

2068 4935 2122 4981 tu
2149 4926 2365 4981 Christo
2393 4924 2459 4979 da
2486 4924 2781 4995 reliquias:
2815 4926 2893 4981 sic
2931 4942 3047 4981 eam
3088 4943 3209 4997 qua:
3250 4932 3399 5000 prius
3448 4936 3655 4990 exstitit

2067 5019 2335 5074 solaberis
2355 5027 2741 5089 paupertatem.
2761 5017 2954 5074 Levius
2976 5020 3140 5077 redde
3164 5023 3453 5093 navigium,
3481 5042 3547 5081 ne
3568 5043 3655 5083 re-

2069 5109 2240 5163 tineas
2261 5123 2322 5163 ea
2350 5124 2468 5179 qua:
2497 5118 2829 5174 manserunt,
2862 5125 2931 5165 ne
2953 5111 3149 5181 scapha
3181 5113 3458 5169 obruatur.
3488 5116 3566 5172 illi
3598 5129 3657 5175 ut

2067 5212 2284 5259 servent
2318 5218 2574 5273 corpora,
2603 5204 2824 5273 ejiciunt
2867 5206 3276 5275 supellectilem,
3316 5225 3417 5264 nec
3458 5227 3654 5283 exspe-

2066 5305 2215 5349 ctant
2257 5295 2383 5350 dum
2425 5296 2682 5365 ingruens
2717 5295 2909 5351 fluctus
2947 5308 3157 5353 evertat
3185 5303 3439 5372 scapham
3471 5324 3483 5359 :
3512 5313 3567 5358 tu
3597 5317 3655 5360 ut

2067 5401 2249 5441 serves
2278 5387 2502 5453 animas,
2529 5402 2633 5441 non
2656 5389 2919 5457 reprimes
2948 5388 3317 5459 naufragium?
3346 5392 3647 5450 Periculum

2066 5476 2399 5546 facite.rogo,
2428 5478 2471 5531 si
2496 5494 2601 5532 non
2628 5478 2880 5545 credatis,
2911 5489 2964 5535 et
2995 5481 3245 5537 videbitis
3271 5482 3495 5553 gloriam
3528 5486 3648 5542 Dei.

2065 5573 2288 5641 Quando
2310 5574 2400 5629 tibi
2428 5574 2625 5643 aliquid
2650 5574 2858 5629 molesti
2877 5576 3180 5645 contigerit,
3200 5576 3263 5631 da
3295 5580 3472 5635 statim
3500 5581 3652 5639 eice-

2065 5681 2340 5737 mosynam
2368 5706 2383 5733 ,
2411 5669 2609 5737 gratias
2653 5682 2753 5737 age
2796 5667 2941 5738 quod
2987 5668 3307 5739 contigerit;
3349 5680 3405 5727 et
3445 5674 3651 5731 videbis

2067 5765 2322 5830 quantum
2368 5758 2558 5815 subeat
2600 5758 2871 5831 gaudium.
2921 5758 3148 5815 Lucrum
3177 5762 3319 5817 enim
3348 5764 3649 5835 spirituale,
