4114 6396
493 298 598 355 415

490 410 695 467 etiamsi
725 411 795 466 sit
822 424 1067 482 parvum,
1100 421 1303 469 tantum
1331 424 1413 469 est
1436 425 1491 468 ut
1517 429 1675 468 omne
1704 415 1997 469 abscondat
2014 422 2069 469 et

491 502 740 556 obscuret
780 502 1030 556 damnum
1066 506 1366 574 corporale.
1411 505 1672 573 Quamdiu
1714 504 1879 559 habes
1923 506 2066 575 quod

485 593 583 648 des
604 593 838 659 Christo,
867 610 927 649 es
956 596 1126 651 dives.
1160 597 1484 667 Dic,qu:eso,
1514 598 1559 651 si
1592 597 1684 652 tibi
1712 598 1942 666 spoliato
1970 613 2067 653 rex

486 684 750 739 accedens
777 700 992 740 manum
1020 686 1227 756 tendat,
1253 703 1447 755 rogans
1478 698 1537 742 ut
1565 703 1595 741 a
1622 697 1673 743 te
1701 688 1899 759 aliquid
1928 688 2054 743 acci-

487 776 619 846 piat,
647 791 827 831 annon
867 786 919 831 te
956 777 1348 832 existimaveris
1374 780 1613 833 omnium
1653 779 1996 846 ditissimum,
2019 779 2065 833 si

488 884 555 923 ne
582 878 703 938 post
742 878 941 923 tantam
967 870 1182 939 quidem
1211 881 1577 939 paupertatem
1622 872 1699 925 tui
1746 871 1940 941 pudeat
1981 886 2067 927 re-

484 961 646 1029 gem?
673 959 749 1014 Ne
775 960 1092 1029 abripiaris;
1142 970 1195 1015 te
1235 961 1407 1015 solum
1453 976 1666 1032 supera,
1699 972 1753 1017 et
1789 962 2064 1031 superabis

485 1053 705 1108 insidias
730 1052 947 1107 diaboli.
990 1052 1141 1108 Licet
1169 1052 1265 1107 tibi
1297 1068 1486 1123 magna
1527 1054 1741 1108 lucrari.
1787 1054 2061 1123 Despicia-

483 1160 602 1199 mus
644 1144 874 1208 divitias,
906 1152 965 1197 ut
1004 1160 1071 1198 ne
1113 1144 1471 1213 despiciamus
1497 1146 1753 1199 animam.
1783 1144 2062 1211 Quomodo

480 1244 664 1289 autem
702 1234 1055 1304 despexeris?
1084 1234 1198 1289 Non
1227 1236 1416 1290 videtis
1443 1236 1696 1304 praeclara
1730 1250 1978 1304 corpora,
2005 1244 2061 1289 ct

478 1341 573 1381 eos
609 1327 697 1396 qui
736 1328 875 1395 capti
912 1335 1036 1380 sunt
1073 1342 1261 1381 eorum
1303 1343 1507 1393 amore,
1552 1328 1803 1398 quamdiu
1844 1328 2057 1397 quidem

477 1430 602 1474 sunt
642 1422 695 1474 in
738 1429 1051 1491 conspectu,
1080 1420 1389 1475 accenditur
1416 1421 1572 1491 ignis,
1607 1421 1845 1490 exsurgit
1874 1422 2023 1491 splen

476 1512 601 1567 dida
648 1511 891 1576 ﬂamma;
942 1520 1222 1582 postquam
1266 1521 1442 1567 autem
1484 1514 1745 1582 quispiam
1777 1528 1838 1568 ea
1871 1511 2056 1581 procul

478 1602 797 1669 abduxerit,
837 1603 1099 1656 exstincta
1124 1612 1248 1657 sunt
1274 1604 1451 1656 omnia
1479 1611 1534 1658 et
1558 1605 1768 1673 sepita?
1795 1604 1869 1657 lta
1894 1604 2054 1659 etiam

472 1696 530 1751 in
558 1696 756 1751 divitiis
785 1714 799 1750 :
826 1710 983 1750 nemo
1008 1710 1196 1750 aurum
1225 1696 1322 1750 sibi
1354 1704 1645 1764 comparet,
1671 1712 1826 1750 nemo
1851 1695 2051 1765 lapides

487 1790 3547 1816 mw

1271 300 1328 357 S.
1372 301 1648 358 JOANNIS
1685 299 2155 358 (IllBYSOSTOMI
2195 303 2508 361 ARCHIEP.
2548 306 3081 370 CONSTANTINOP.

3651 325 3750 383 ιιε

2184 417 2447 488 pretiosos
2467 460 2483 485 ,
2525 436 2684 477 nemo
2712 432 2928 495 torques
2953 437 3006 481 et
3031 429 3247 484 monilia
3281 448 3293 484 :
3324 447 3385 486 ea
3415 434 3540 490 dum
3567 439 3751 495 viden-

2174 514 2278 574 tur,
2315 510 2555 566 inescant
2582 515 2782 569 oculos.
2815 516 2869 572 Si
2896 519 2973 572 vis
2996 535 3114 576 esse
3135 522 3285 578 dives
3310 534 3366 579 ut
3396 537 3621 594 veteres,
3645 549 3749 590 non

2174 599 2226 654 in
2255 616 2386 657 auro
2411 604 2662 672 ditescas,
2692 609 2786 662 sed
2818 609 2871 665 in
2909 612 3069 667 rebus
3108 622 3441 685 necessariis,
3487 630 3546 676 ut
3589 626 3747 681 etiam

2171 702 2353 761 parata
2385 695 2507 750 aliis
2533 697 2897 756 distribuenda
2930 703 3161 771 habeas;
3208 724 3276 763 ne
3301 716 3630 769 ornamentis
3655 717 3751 772 deo

2170 785 2385 842 lectoris
2414 805 2428 842 :
2458 790 2720 858 ejusmodi
2759 794 2957 849 divitia:
2986 806 3166 865 patent
3206 801 3411 856 insidiis
3441 804 3704 861 latronum
3729 850 3745 872 ,

2169 886 2223 931 et
2268 878 2422 934 nobis
2470 882 2709 951 praebent
2751 885 3153 943 sollicitudines.
3198 890 3312 946 Non
3341 907 3465 948 vasa
3495 911 3654 951 aurea
3692 907 3747 952 et

2168 979 2419 1037 argentea
2449 974 2693 1041 posside;
2740 976 2834 1030 sed
2875 979 2983 1031 sint
3021 980 3295 1049 apotheca:
3325 983 3601 1053 frumenti,
3634 991 3741 1044 vini

2169 1068 2223 1114 et
2246 1062 2349 1116 olei
2379 1078 2392 1114 :
2424 1064 2550 1128 sint,
2582 1080 2689 1119 non
2720 1074 2778 1120 ut
2807 1083 2989 1123 rursus
3013 1072 3241 1127 vendita:
3268 1076 3546 1141 pecuniam
3577 1080 3748 1134 conli-

2166 1154 2345 1217 ciant,
2375 1156 2467 1209 sed
2495 1164 2552 1209 ut
2577 1169 2863 1227 erogentur
2891 1163 3188 1229 egentibus.
3240 1164 3295 1220 Si
3328 1181 3425 1222 nos
3455 1168 3741 1224 abduxeri-

2167 1258 2286 1299 mus
2312 1246 2378 1299 ab
2406 1246 2509 1301 illis
2544 1253 2956 1318 supervacaneis
2980 1294 2994 1319 ,
3037 1269 3384 1324 assequemur
3414 1259 3551 1313 bona
3586 1261 3741 1315 caele-

2166 1338 2288 1401 stia,
2335 1354 2452 1406 qua:
2492 1340 2646 1394 nobis
2692 1343 2939 1398 omnibus
2979 1348 3230 1415 consequi
3259 1348 3417 1403 detur
3446 1351 3497 1404 in
3527 1351 3739 1408 Christo

2163 1426 2288 1481 Jesu
2319 1429 2543 1483 Domino
2574 1442 2777 1498 nostro,
2807 1449 2927 1489 cum
2956 1452 3062 1504 quo
3093 1436 3235 1491 Patri
3262 1440 3524 1510 simulque
3553 1455 3737 1497 sancto

2164 1516 2383 1588 Spiritui
2411 1521 2600 1588 gloria,
2628 1532 2881 1591 potestas,
2910 1536 2963 1580 et
3005 1527 3197 1594 honor,
3227 1546 3366 1585 nunc
3406 1541 3461 1586 et
3501 1547 3732 1602 semper,

2160 1619 2214 1663 et
2240 1610 2292 1664 in
2324 1612 2513 1665 saecula
2545 1614 2879 1669 szeculornm.
2910 1620 3097 1672 Amen.

3552 1810 3708 1823 η,ιῖ

1950 1833 2297 1894 HOMILIA
2342 1834 2447 1893 ιν.

472 1935 604 1991 CAP.
636 1935 686 1989 5.
717 1951 768 1987 v.
799 1935 853 1989 5.
900 1930 1184 2003 Pr0pterea
1213 1943 1257 1986 et
1288 1949 1377 2001 ego
1402 1933 1623 2004 amplius
1651 1950 1753 1986 non
1776 1934 2049 1997 sustinens,

548 2027 662 2080 misi
713 2026 782 2079 ad
820 2025 1215 2096 cognoscendam
1243 2025 1392 2094 ﬁdem
1434 2036 1667 2093 vestram,
1690 2036 1752 2079 ne
1783 2029 1910 2096 forte
1940 2036 2049 2079 ten-

544 2121 720 2174 taverit
747 2137 831 2174 vos
855 2121 897 2173 is
923 2117 1007 2191 qui
1035 2129 1211 2183 tentet,
1245 2129 1292 2172 et
1335 2120 1502 2171 inanis
1537 2120 1629 2186 fiat
1674 2118 1816 2172 labor
1860 2126 2046 2170 noster.

544 2212 599 2266 6.
633 2211 786 2265 Nunc
810 2222 977 2266 autem
1004 2213 1227 2265 veniente
1263 2211 1331 2262 ad
1357 2227 1447 2263 nos
1478 2208 1741 2263 Timotheo
1766 2226 1797 2261 a
1825 2208 1981 2273 vobis,
2004 2217 2051 2261 et

543 2306 874 2357 annuntiante
894 2305 1035 2358 nobis
1062 2305 1215 2372 ﬁdem
1238 2312 1283 2357 et
1303 2304 1565 2357 caritatem
1591 2312 1825 2365 vestram,
1850 2310 1894 2355 et
1914 2302 2049 2371 quod

541 2399 837 2450 memoriam
883 2397 1043 2450 nostri
1085 2395 1278 2449 habetis
1317 2412 1532 2464 semper,
1580 2395 1918 2447 desiderantes
1957 2410 2049 2446 nos

539 2490 727 2556 videre,
757 2490 884 2543 sicut
915 2498 961 2542 et
1005 2504 1096 2542 nos
1130 2504 1327 2558 quoque
1366 2503 1451 2540 vos
1502 2503 1521 2540 :
1565 2488 1619 2541 7.
1649 2487 1761 2539 ideo
1801 2486 2048 2539 consolati

539 2599 732 2648 sumus,
762 2586 965 2653 fratres,
998 2582 1051 2634 in
1097 2581 1254 2647 vobis,
1284 2582 1338 2633 in
1368 2580 1506 2633 omni
1546 2581 1838 2633 necessitate
1880 2589 1927 2632 et
1952 2580 2046 2631 tri-

538 2675 793 2726 bulatione
812 2682 986 2725 nostra
1013 2688 1102 2741 per
1128 2672 1283 2741 fidem
1308 2682 1523 2725 vestram
1541 2688 1558 2724 :
1579 2671 1633 2726 8.
1656 2673 1893 2737 quoniam
1915 2688 2047 2724 nunc

540 2765 768 2827 vivimus,
800 2765 844 2817 si
872 2779 956 2816 vos
979 2762 1126 2816 statis
1146 2764 1197 2815 in
1220 2761 1463 2817 Domino.

541 2859 595 2912 1.
636 2856 959 2925 Pr0ponitur
990 2856 1145 2910 nobis
1174 2854 1333 2908 hodie
1355 2855 1601 2925 quaestio,
1633 2870 1751 2925 quze
1793 2870 1823 2908 a
1865 2854 2045 2910 multis

460 2948 741 3019 qumritnr,
777 2956 832 3000 et
874 2945 1111 3015 undique
1148 2946 1435 3015 colligitur.
1465 2946 1720 3013 Qumnam
1760 2955 1841 3000 est
1866 2956 2043 3000 autem

459 3038 727 3109 quaestio?
758 3036 1037 3106 PrOpterea
1072 3046 1119 3090 et
1149 3052 1260 3107 ego,
1284 3036 1475 3106 inquit,
1512 3037 1729 3106 amplius
1759 3053 1859 3090 non
1887 3037 2042 3090 susti-

462 3147 606 3191 nens,
640 3130 739 3183 nisi
768 3128 1085 3182 Timotheum
1110 3127 1176 3180 ad
1201 3128 1601 3198 cognoscendam
1627 3128 1778 3195 ﬁdem
1804 3139 2039 3182 vestram.

461 3222 599 3291 Quid
644 3221 816 3276 dicis?
846 3220 936 3290 qui
986 3230 1092 3273 tam
1141 3220 1304 3274 multa
1354 3220 1470 3285 scit,
1500 3221 1589 3289 qui
1632 3221 1835 3275 audivit
1880 3221 2042 3275 verba

460 3328 676 3376 arcana,
736 3314 823 3383 qui
866 3312 933 3366 ad
979 3311 1193 3366 tertium
1233 3327 1402 3381 usque
1447 3311 1634 3365 cadum
1686 3312 1945 3378 ascendit,
1996 3312 2043 3366 is

466 3421 574 3459 non
606 3404 774 3469 novit,
808 3404 967 3474 idque
996 3419 1117 3458 cum
1167 3403 1238 3457 sit
1268 3404 1533 3458 Athenis?
1581 3420 1899 3474 quamquam
1942 3419 2041 3459 nec

463 3511 713 3567 magnum
745 3494 1040 3550 intercedat
1059 3495 1418 3558 intervallum,
1439 3510 1612 3565 neque
1639 3496 1711 3549 ita
1740 3495 1942 3564 pridem
1971 3496 2040 3550 ab

461 3590 542 3644 eis
566 3590 636 3644 sit
664 3588 980 3657 separatus?
1007 3588 1184 3641 Urbati
1204 3589 1370 3651 enim,
1397 3589 1585 3658 inquit,
1608 3606 1639 3641 a
1664 3589 1799 3643 vobis
1822 3590 1889 3642 ad
1917 3600 2040 3642 tem-

462 3697 557 3751 pus
601 3681 742 3734 hora:
772 3678 967 3750 (Supra
994 3680 1049 3732 2.
1083 3680 1197 3750 17).
1228 3679 1342 3734 Non
1373 3681 1521 3735 novit
1550 3681 1708 3751 igitur
1734 3683 1851 3736 talis
1878 3681 2040 3737 homo

456 3788 547 3828 res
593 3772 1176 3837 Thessalonicensium,
1225 3773 1318 3827 sed
1371 3787 1590 3828 necesse
1620 3774 1779 3828 habet
1824 3774 2039 3829 mittere

456 3863 801 3919 Timotheum
848 3864 916 3917 ad
968 3864 1394 3933 cognoscendam
1461 3864 1621 3918 fidem
1666 3879 1851 3918 eorum
1894 3883 1907 3918 :
1956 3864 2039 3919 Ne

466 3957 618 4024 forte,
648 3956 838 4025 inquit,
884 3956 1143 4007 tentaverit
1174 3971 1258 4008 vos
1285 3956 1329 4009 is
1357 3955 1445 4026 qui
1489 3966 1666 4019 tentat,
1690 3966 1736 4009 et
1756 3957 1921 4010 inanis
1947 3957 2038 4025 [ἰαί

459 4047 606 4102 labor
631 4048 836 4100 noster?
874 4046 1010 4113 Quid
1044 4047 1203 4115 igitur
1229 4046 1425 4100 dixerit
1453 4047 1681 4116 aliquis?
1722 4063 1827 4101 non
1859 4050 2037 4103 omnia

458 4155 623 4196 nosse
652 4140 903 4195 sanctos?
931 4139 985 4193 Id
1017 4148 1194 4193 autem
1220 4155 1284 4193 ex
1313 4141 1493 4194 multis
1532 4140 1802 4204 didiceris,
1847 4158 2037 4211 nempe

456 4241 518 4289 et
561 4248 592 4287 a
644 4230 849 4301 primis,
882 4241 935 4283 et
983 4229 1048 4283 iis
1095 4244 1214 4299 qua:
1255 4240 1377 4285 sunt
1430 4240 1612 4300 postea
1670 4243 2031 4303 consequuta:

459 4327 607 4382 velut
637 4327 864 4381 Elisteus
892 4326 1154 4395 ignoravit
1174 4325 1241 4379 de
1267 4325 1491 4379 muliere
1521 4325 1597 4397 (4.
1625 4323 1755 4395 Reg.
1776 4326 1865 4395 1.):
1893 4327 2038 4380 velut

458 4418 604 4474 Elias
634 4418 846 4473 dicebat
872 4417 1003 4483 Deo,
1035 4416 1145 4488 Ego
1170 4417 1375 4470 relictus
1402 4432 1514 4469 sum
1538 4415 1700 4479 solus,
1734 4426 1781 4469 et
1806 4428 2035 4484 quierunt

455 4515 678 4567 animam
706 4529 868 4565 meam
896 4511 972 4583 (5.
1000 4509 1127 4581 Reg.
1153 4510 1241 4565 19.
1266 4508 1354 4564 10.
1380 4507 1495 4578 18).
1519 4508 1806 4578 Propterea
1833 4508 2035 4563 audivit

457 4620 488 4657 a
536 4605 662 4669 Deo,
700 4604 898 4673 Reliqui
931 4604 1054 4655 mihi
1102 4612 1293 4668 septem
1338 4600 1502 4653 millia
1542 4601 1765 4654 virorum
1795 4601 1869 4670 (1.
1905 4602 2028 4670 Reg.

458 4696 550 4750 16.
574 4696 654 4766 7).
678 4694 745 4749 Et
768 4694 983 4749 Samuel
1009 4707 1195 4747 rursus
1214 4692 1431 4762 quando
1462 4692 1658 4746 missus
1684 4692 1785 4746 fuit
1813 4708 1840 4745 a
1869 4692 2035 4747 David

459 4785 767 4856 ungendum
802 4804 815 4839 :
866 4784 1030 4851 Dixit,
1059 4785 1251 4852 inquit,
1279 4784 1324 4836 ei
1362 4782 1611 4838 Dominus
1633 4800 1651 4836 :
1681 4782 1765 4837 Ne
1802 4784 2035 4838 attendas

458 4880 569 4949 ejus
612 4878 850 4947 speciem,
876 4892 1034 4944 neque
1081 4876 1307 4929 habitum
1351 4875 1711 4945 magnitudinis
1745 4877 1876 4945 ejus,
1904 4891 2034 4945 quo-

454 4971 593 5025 niam
640 4984 755 5023 eum
801 4968 949 5021 nihili
977 4968 1074 5038 [cci
1108 4967 1387 5036 :quoniam
1435 4983 1536 5019 non
1587 4976 1841 5036 tamquam
1887 4967 2034 5020 homo

452 5062 635 5117 uidebit
668 5059 800 5113 Deus
827 5075 846 5113 :
890 5059 1038 5113 homo
1069 5059 1202 5111 enim
1240 5058 1432 5111 vultum
1477 5058 1705 5127 aspiciet,
1744 5074 1830 5110 cor
1867 5067 2035 5111 autem

454 5152 616 5207 Deus.
651 5151 764 5205 Hoc
790 5160 968 5204 autem
1000 5148 1059 5203 ﬁt
1094 5165 1286 5219 magna
1318 5149 1414 5203 Dei
1444 5164 1569 5203 cura
1600 5159 1653 5203 et
1677 5148 2031 5218 providentia.

454 5243 737 5314 Quomodo
761 5252 814 5297 et
839 5256 1068 5313 quanam
1097 5241 1337 5296 ratione?
1367 5240 1437 5294 Et
1472 5248 1690 5310 propter
1736 5240 1882 5309 ipsos
1907 5255 2034 5294 san-

452 5349 592 5404 ctos,
634 5346 689 5390 et
718 5343 939 5405 prepter
981 5348 1075 5388 eos
1101 5332 1192 5403 qui
1242 5332 1372 5401 ipsis
1396 5331 1638 5387 credunt.
1693 5329 1843 5386 Sicut
1890 5331 2035 5387 enim

453 5433 569 5502 ipse
594 5429 853 5501 permittit
878 5427 990 5483 ﬁeri
1014 5427 1473 5497 persequutiones,
1493 5426 1564 5480 ita
1585 5427 1746 5482 etiam
1778 5427 1890 5496 ipse
1912 5441 2034 5495 per—

455 5523 620 5577 mittit
646 5537 741 5577 eos
787 5521 953 5575 multa
998 5521 1263 5589 ignorare,
1294 5527 1351 5571 ut
1379 5518 1444 5571 ad
1490 5517 1705 5572 modum
1750 5518 2032 5588 quemdam

456 5612 802 5669 reducantur.
848 5610 1139 5680 Propterea
1177 5609 1375 5664 Paulus
1398 5624 1609 5679 quoque
1638 5607 1885 5664 dicebat:
1919 5607 2034 5663 Da-

456 5715 539 5758 tus
579 5713 649 5757 est
680 5703 803 5755 mihi
832 5702 1067 5756 stimulus
1105 5701 1268 5764 carni,
1301 5701 1511 5773 angelus
1535 5710 1730 5755 satana:
1755 5712 1809 5757 ut
1836 5719 1915 5756 me
1941 5719 2032 5757 co-

454 5796 677 5867 laphiset
705 5795 778 5867 (2.
813 5795 910 5851 Cor
962 5795 1045 5850 l2.
1078 5795 1158 5866 7),
1193 5810 1260 5852 ne
1289 5794 1510 5852 nimium
1541 5795 1801 5866 extollar;
1836 5806 1889 5854 et
1917 5812 2035 5853 rur-

2160 1946 2271 1999 sus,
2301 1950 2367 1987 ne
2395 1933 2483 1987 alii
2528 1950 2717 2005 magna
2746 1937 2813 1991 de
2858 1939 2963 1993 illis
3011 1940 3449 2012 imaginarentur.
3492 1947 3547 2003 Si
3592 1952 3733 2006 enim

2157 2038 2223 2076 ex
2260 2024 2426 2093 signis
2465 2041 2558 2080 eos
2588 2043 2707 2081 esse
2737 2030 2868 2084 deos
2895 2032 3270 2090 existimarunt
3309 2040 3443 2108 (Act.
3487 2042 3571 2096 14.
3619 2045 3731 2114 10),

2157 2115 2325 2169 multo
2355 2118 2522 2187 magis
2553 2119 2596 2172 si
2637 2131 2896 2190 perpetuo
2922 2125 3248 2181 mansissent
3276 2131 3508 2186 scientes
3531 2137 3729 2191 omnia.

2157 2205 2226 2260 Et
2256 2207 2370 2277 ipse
2400 2225 2585 2264 rursus
2609 2211 2739 2266 dicit
2763 2230 2777 2266 :
2830 2212 2915 2267 Ne
2941 2217 3054 2283 quis
3081 2218 3143 2270 de
3172 2236 3249 2273 me
3277 2224 3457 2291 cogitet
3488 2241 3640 2295 supra
3679 2229 3735 2280 id

2154 2301 2289 2367 quod
2316 2300 2445 2353 videt
2474 2318 2579 2355 esse
2623 2320 2721 2369 me,
2751 2315 2842 2357 aut
2880 2322 2943 2358 ea:
2980 2324 3058 2360 me
3100 2311 3244 2363 audit
3273 2312 3467 2383 aliquid
3498 2316 3572 2386 (2.
3611 2316 3727 2374 Cor.

2158 2390 2244 2443 12.
2273 2392 2349 2462 6).
2374 2393 2441 2447 Et
2470 2388 2656 2449 rursus
2682 2397 2807 2451 audi
2838 2398 3053 2454 Petrum
3083 2402 3369 2471 dicentem,
3403 2410 3614 2477 quando
3639 2427 3734 2467 cu-

2154 2484 2292 2537 ravit
2321 2485 2604 2539 claudum:
2644 2488 2779 2554 Quid
2827 2506 2916 2543 nos
2959 2492 3075 2559 ﬁxis
3122 2495 3348 2563 aspicitis
3379 2501 3557 2566 oculis,
3602 2513 3732 2555 tam-

2153 2591 2305 2641 quam
2346 2588 2519 2631 nostra
2549 2579 2728 2632 virtute
2771 2592 2858 2633 aut
2890 2584 3073 2652 pietate
3116 2589 3381 2653 fecerimus
3414 2608 3524 2644 eum
3555 2596 3731 2647 ambu-

2153 2665 2259 2718 lare
2289 2666 2424 2734 (Act.
2457 2669 2510 2722 5.
2564 2669 2694 2741 12)?
2724 2672 2779 2727 Si
2827 2684 3009 2728 autem
3058 2675 3142 2729 his
3191 2678 3303 2733 hate
3332 2680 3635 2738 dicentibus
3676 2695 3731 2741 et

2152 2757 2488 2825 facientibus,
2521 2762 2606 2815 vel
2649 2777 2714 2816 ex
2766 2766 2945 2833 parvis
2987 2768 3063 2820 sic
3090 2769 3401 2825 oriebantur
3430 2790 3603 2842 prava:
3633 2791 3726 2831 su-

2149 2849 2451 2916 spiciones;
2500 2853 2669 2905 multo
2699 2856 2866 2924 magis
2912 2872 2977 2911 ex
3009 2863 3236 2929 magnis.
3268 2862 3435 2918 Porro
3465 2867 3569 2921 alia
3597 2883 3728 2937 quo-

2149 2955 2254 3010 que
2280 2940 2346 2995 de
2371 2957 2530 2997 causa
2569 2945 2682 2999 haec
2714 2947 3180 3014 permittebantur.
3208 2951 3340 3007 Nam
3368 2971 3437 3010 ne
3466 2958 3726 3026 quispiam

2149 3042 2332 3102 posset
2370 3033 2571 3102 dicere,
2602 3037 2764 3105 ipsos,
2800 3039 2943 3108 quod
2973 3041 3214 3097 homines
3244 3060 3348 3099 non
3394 3058 3594 3115 essent,
3640 3068 3726 3106 res

2151 3135 2326 3180 tantas
2368 3128 2623 3197 gessisse,
2653 3140 2814 3201 atque
2860 3133 2931 3186 ita
2960 3148 3148 3188 onmes
3177 3134 3370 3190 ﬁerent
3414 3139 3631 3197 desides
3673 3154 3726 3198 et

2149 3220 2328 3287 supini
2354 3237 2365 3272 :
2401 3232 2681 3291 propterea
2713 3225 2946 3278 ostendit
2975 3240 3160 3280 eormn
3192 3229 3631 3303 imbecillitatem,
3669 3250 3727 3292 ut

2148 3310 2371 3380 ingratis
2406 3314 2598 3367 animis
2624 3315 2967 3384 impudentia:
2994 3334 3207 3376 onmem
3238 3334 3540 3393 amputaret
3568 3344 3724 3384 oeca-

2146 3402 2379 3457 sionem.
2413 3405 2705 3475 Propterea
2757 3407 3002 3476 ignorat;
3061 3421 3344 3480 propterea
3398 3418 3558 3471 etiam
3601 3400 3722 3474 cum

2146 3509 2290 3565 saepe
2322 3500 2691 3566 preposuisset
2717 3500 2923 3567 venire,
2953 3517 3057 3555 non
3086 3505 3252 3567 venit,
3284 3516 3340 3559 ut
3365 3507 3571 3565 discant
3600 3527 3723 3567 eum

2144 3588 2311 3642 multa
2343 3589 2569 3643 nescire.
2613 3591 2691 3644 Ex
2721 3592 2822 3645 hoc
2850 3608 2980 3663 ergo
3019 3596 3242 3649 multum
3288 3600 3596 3668 capiebatur
3637 3604 3721 3657 lu-

2145 3694 2318 3732 crum.
2351 3680 2604 3749 Alioquin
2648 3683 2788 3735 enim
2821 3685 2980 3737 etiam
3020 3686 3098 3741 sic
3121 3697 3276 3742 erant
3319 3690 3491 3745 adhuc
3519 3695 3607 3763 qui
3637 3694 3720 3748 di-

2144 3780 2348 3834 cerent,
2392 3772 2533 3826 hunc
2555 3788 2677 3827 esse
2704 3791 2948 3845 magnam
2979 3777 3070 3831 Dei
3104 3779 3374 3848 virtutem,
3404 3792 3458 3837 et
3484 3785 3573 3838 alii
3598 3801 3719 3841 eum

2143 3875 2264 3915 esse
2310 3862 2455 3917 hunc
2492 3874 2546 3917 et
2593 3864 2762 3919 illum.
2796 3867 2851 3921 Si
2904 3868 3017 3921 hare
3048 3886 3153 3923 non
3199 3872 3334 3927 facta
3365 3885 3563 3943 essent,
3593 3878 3718 3947 quid

2144 3969 2249 4005 non
2280 3954 2719 4010 existimassem?
2751 3957 2971 4014 Videtur
3000 3972 3177 4016 autem
3206 3965 3291 4018 hic
3319 3983 3438 4021 esse
3477 3970 3717 4035 qumdam

2143 4059 2326 4098 eorum
2361 4046 2743 4115 reprehensio;
2793 4050 2887 4104 sed
2932 4052 2977 4105 si
3005 4054 3125 4119 quis
3166 4064 3369 4111 attente
3393 4060 3713 4127 consideret,

2141 4140 2309 4194 multo
2342 4140 2509 4209 magis
2550 4142 2750 4195 indicat
2787 4158 2879 4197 eos
2909 4159 3028 4198 esse
3058 4146 3419 4215 admirabiles,
3459 4162 3512 4205 et
3541 4163 3718 4206 osten-

2141 4231 2286 4285 ditur
2328 4234 2677 4287 tentationum
2728 4239 3088 4305 exsuperatio.
3131 4239 3427 4306 Quomodo,
3481 4244 3713 4298 attende.

2144 4325 2272 4378 Nam
2315 4325 2469 4380 sicis
2517 4326 2665 4395 prius
2706 4327 2906 4392 dixisti,
2957 4329 3023 4382 In
3066 4331 3159 4385 hoc
3204 4335 3357 4402 positi
3399 4352 3593 4402 sumus,
3638 4347 3712 4402 et,

2138 4415 2308 4471 Nemo
2352 4418 2719 4484 conturbetur,
2768 4408 2863 4473 cur
2912 4437 3095 4476 rursus
3142 4425 3307 4478 mittis
3352 4425 3712 4494 Timotheum,

2140 4508 2336 4562 timens
2363 4523 2428 4561 ne
2449 4509 2574 4577 quid
2603 4509 2694 4562 ﬁat
2721 4526 2786 4564 ex
2813 4512 2878 4564 iis
2902 4527 3019 4581 qua:
3048 4529 3153 4567 non
3194 4516 3313 4569 vis?
3364 4516 3477 4572 Hoc
3502 4520 3715 4588 quidem

2139 4599 2266 4652 facit
2312 4614 2377 4653 ex
2425 4599 2592 4653 multa
2629 4600 2917 4657 dilectione
2958 4621 2971 4656 :
3016 4619 3139 4658 nam
3166 4605 3256 4674 qui
3286 4606 3528 4677 diligunt,
3556 4610 3715 4664 etiam

2140 4706 2259 4759 quae
2302 4700 2429 4745 sunt
2475 4701 2606 4754 tuta,
2636 4704 2882 4761 suspecta
2926 4694 3122 4749 habent
3150 4712 3212 4750 ex
3246 4714 3437 4768 magno
3468 4699 3711 4754 fervore:

2140 4779 2265 4834 facit
2304 4782 2467 4835 etiam
2511 4795 2729 4851 propter
2774 4784 2971 4839 multas
3025 4791 3365 4842 tentationes.
3424 4789 3555 4842 Nam
3607 4790 3714 4844 dixi

2139 4873 2449 4942 quidem,ln
2481 4875 2573 4927 hoc
2596 4892 2770 4929 suntus
2813 4879 2995 4945 positi;
3050 4880 3357 4949 magnitudo
3398 4892 3574 4936 autem
3604 4898 3716 4936 ma-
3746 4936 3747 4939 η

2139 4964 2312 5018 lorum
2336 4981 2423 5019 me
2453 4966 2660 5020 terruit.
2706 4968 3064 5034 Quamobrem
3096 4985 3202 5025 non
3228 4971 3378 5037 dixit,
3409 4971 3477 5028 Ut
3505 4975 3595 5043 qui
3621 4990 3717 5030 vos

2138 5057 2540 5111 condemnarim
2595 5058 2788 5123 mitto;
2838 5066 2963 5126 sed,
3016 5060 3135 5115 Non
3179 5064 3397 5132 amplius
3442 5065 3715 5131 sustinens,

2138 5149 2281 5218 quod
2312 5150 2481 5219 magis
2504 5158 2621 5203 erat
2648 5150 2917 5205 amicitiae.
2949 5153 3083 5219 Quid
3108 5165 3188 5208 est
3210 5196 3225 5221 ,
3256 5153 3341 5208 Ne
3378 5156 3509 5225 forte
3555 5166 3717 5210 tenta-

2138 5241 2205 5294 rit
2244 5256 2329 5295 vos
2374 5242 2417 5295 is
2466 5241 2554 5309 qui
2598 5243 2796 5296 tentat?
2846 5243 3005 5299 Vides
3051 5245 3189 5315 quod
3234 5246 3286 5301 in
3314 5248 3719 5303 'tentationibus

2141 5332 2327 5387 labare
2370 5342 2451 5387 est
2499 5332 2818 5390 diabolicum
2846 5378 2861 5403 ,
2891 5347 2945 5391 et
2988 5352 3053 5391 ex
3098 5337 3359 5393 diabolica
3405 5338 3719 5395 seductionc

2140 5424 2361 5479 ortum?
2400 5424 2534 5479 Nam
2582 5426 2794 5495 quando
2833 5443 2932 5483 nos
2977 5430 3121 5497 ipsos
3164 5445 3271 5483 non
3314 5432 3569 5500 potuerit,
3611 5431 3719 5484 alio

2142 5516 2303 5571 modo
2332 5530 2428 5586 per
2458 5532 2557 5572 nos
2586 5518 2834 5573 labefacit
2878 5519 3293 5576 imbecilliores:
3324 5521 3466 5591 quod
3502 5521 3718 5591 quidem

2142 5618 2225 5663 cst
2250 5609 2482 5665 maxime
2513 5610 2910 5676 imbecillitatis,
2942 5619 2996 5664 et
3019 5626 3138 5680 quas
3180 5612 3378 5666 nullam
3424 5614 3507 5666 hal
3529 5620 3585 5667 et
3607 5627 3707 5667 ex-

2141 5704 2474 5758 cusationem
2507 5722 2520 5759 :
2565 5705 2699 5758 sicut
2727 5703 2850 5759 fecit
2881 5705 2932 5757 in
2960 5702 3080 5771 Job,
3116 5705 3333 5760 incitata
3362 5720 3528 5760 uxore
3554 5721 3566 5758 :
3597 5703 3717 5770 Dic,

2151 5798 2340 5868 inquit,
2393 5796 2600 5866 aliquod
2642 5795 2843 5852 verbum
2890 5806 3065 5853 contra
3112 5795 3409 5867 Dominum,
3438 5807 3485 5852 et
3518 5812 3719 5852 morere
