4128 6398
371 376 478 432 415

368 485 517 564 [450]
543 485 606 538 σὺ
643 484 729 546 δὸς
767 479 836 534 τὰ
872 478 1100 547 λείψανα
1131 477 1209 548 τῷ
1254 474 1509 546 Χριστῷ·
1532 473 1675 526 οὑτω
1714 472 1808 524 καὶ
1841 469 1941 538 τὴν

367 558 460 632 ἐπὶ
490 576 603 637 τοῖς
644 571 930 641 προτέροις
962 564 1332 637 παραμυθήσῃ
1395 564 1608 616 πενίαν.
1664 558 1938 626 Κούφισον

366 667 428 719 τὸ
461 664 674 723 πλοῖον,
724 658 797 729 μὴ
830 657 1109 728 κατάσχῃς
1134 657 1201 707 τὰ
1235 653 1512 723 μείναντα,
1549 651 1637 703 ἴνα
1675 647 1749 718 μὴ
1776 662 1936 716 περι-

368 753 624 823 αντλῆται
651 761 677 789 ι
702 748 762 801 τὸ
791 747 1015 814 σκάφος.
1083 744 1344 808 Ἐκεῖνοι,
1388 743 1475 794 ἵνα
1513 738 1742 809 σώματα
1772 735 1938 804 φυλά-

370 843 553 905 ξωσιν,
586 834 813 906 ἐκϐολὴν
843 831 1120 887 ποιοῦνται
1153 831 1260 885 τῶν
1298 829 1529 893 σκευῶν,
1571 826 1668 879 καὶ
1687 825 1746 878 οὑ
1776 840 1937 894 περι-

372 929 594 998 μένουσι
642 924 703 976 τὸ
758 921 911 991 κῦμα
959 918 1184 973 ἐπελθὸν
1232 915 1559 989 περιτρέψαι
1592 913 1653 966 τὸ
1696 913 1937 979 σκάφος·

370 1019 436 1068 σὺ
468 1013 556 1066 ἴνα
603 1009 779 1080 ψυχὰς
821 1006 990 1080 σώσῃ,
1022 1007 1083 1059 οὑ
1113 1005 1345 1066 παύσεις
1382 1004 1441 1056 τὸ
1484 1002 1781 1067 ναυάγιον;
1813 999 1938 1051 Πει-

378 1100 596 1170 ράσατε,
626 1099 676 1149 εί
728 1098 1042 1156 ἀπιστεῖτε,
1094 1089 1434 1158 παρακαλῶ,
1483 1088 1802 1156 πειράσατε,
1847 1084 1943 1138 καὶ

372 1185 572 1255 δψεσθε
599 1185 699 1252 τὴν
733 1182 891 1245 δόξαν
935 1179 1029 1233 τοῦ
1063 1176 1221 1232 Θεοῦ.
1270 1177 1439 1229 Ὅταν
1494 1174 1577 1226 σοί
1621 1191 1675 1225 τι
1705 1170 1945 1241 λυπηρὸν

377 1271 582 1343 συμϐῇ,
637 1269 725 1332 δὸς
767 1266 1134 1338 ἐλεημοσύνην
1164 1262 1387 1326 εὐθέως,
1438 1260 1834 1331 εὐχαρίστησον
1863 1258 1945 1309 ὅτι

380 1359 598 1428 συνέϐη,
632 1358 725 1410 καὶ
764 1355 885 1424 ὄψει
925 1354 1065 1422 πόση
1108 1351 1254 1421 χαρὰ
1287 1350 1687 1419 ἐπεισέρχεται.
1743 1346 1815 1397 T6
1840 1344 1946 1412 γὰρ

381 1449 568 1520 κέρδος
592 1446 655 1500 τὸ
688 1442 1054 1513 πνευματικὸν
1086 1441 1189 1494 κᾶν
1214 1439 1393 1507 ὀλίγον
1422 1434 1477 1509 ᾗ,
1510 1434 1761 1489 τοσοῦτόν
1778 1434 1947 1493 ἐστιν,

379 1519 461 1601 ὡς
485 1536 664 1589 πᾶσαν
708 1530 1023 1601 ἀποκρύψαι
1061 1527 1264 1598 ζημίαν
1309 1526 1645 1595 σωματικήν.
1696 1523 1838 1583 Ἕως
1883 1519 1951 1572 ἀν

382 1624 510 1695 ἔχῃς
534 1622 733 1676 διδόναι
757 1618 835 1690 τῷ
861 1615 1105 1687 Χριστῷ,
1145 1614 1421 1676 πλουτεῖς.
1476 1610 1611 1663 Εἰπέ
1644 1626 1754 1678 μοι,
1776 1609 1825 1658 εἰ
1857 1624 1951 1659 συ-

383 1712 598 1781 ληθέντι
628 1725 709 1761 σοι
749 1702 1064 1775 προσελθὼν
1089 1706 1117 1755 ὁ
1171 1700 1419 1771 βασιλεὺς
1469 1700 1626 1768 χεῖρα
1673 1695 1952 1747 ὑπέτεινεν

384 1797 550 1866 ἀξιῶν
570 1814 620 1848 τι
640 1794 824 1848 λαῦεῖν
852 1792 1001 1861 παρά
1023 1788 1139 1855 σοῦ,
1169 1785 1279 1858 ἆρα
1304 1788 1402 1840 οὑκ
1432 1786 1497 1839 ἂν
1524 1784 1782 1853 ἐνόμισας
1816 1781 1951 1833 πάν-

385 1902 493 1938 των
546 1877 687 1935 εἶναι
729 1878 1150 1946 πλουσιώτερος,
1206 1877 1253 1927 εί
1301 1874 1437 1943 μηδὲ
1481 1869 1621 1942 μετὰ
1667 1867 1938 1937 τοσαύτην

388 1971 579 2026 πενίαν
606 1966 991 2038 ἐπαισχύνεταί
1031 1983 1089 2017 σε
1110 1967 1138 2017 6
1164 1961 1445 2033 βασιλεύς;
1474 1960 1566 2030 Μὴ
1584 1957 1953 2027 συναρπαγῇςο

393 2061 553 2135 μόνον
586 2060 857 2130 κράτησον
893 2053 1109 2116 σαυτοῦ,
1137 2053 1232 2105 καὶ
1270 2052 1562 2121 κρατήσεις
1590 2048 1688 2117 τῆς
1715 2045 1811 2097 τοῦ
1839 2043 1957 2096 δια-

390 2132 547 2202 δόλου
574 2147 882 2216 ἐπιϐουλῆς,
917 2140 1132 2207 Ἔξεστί
1168 2158 1249 2193 σοι
1296 2139 1549 2209 κερδᾶναι
1585 2132 1816 2204 μεγάλα.
1840 2133 1958 2185 Κα-

455 2335 483 2365 ﬂ
513 2320 648 2373 Colb.
670 2326 728 2373 et
756 2332 908 2380 marg.
933 2318 1082 2368 Savil.
1105 2313 1465 2378 ὑπεραντλῆται.

1211 365 1276 421 IN
1318 361 1532 419 EPIS'I‘.
1564 361 1587 416 ι
1618 360 1707 416 AD
1744 354 2077 413 THESSAL.
2112 348 2614 408 ΟᾹΡΛΙΙΛΙΟΒΙΗ..
2652 346 2740 402 IV.

3499 336 3603 393 “6

2049 467 2477 537 ταφρονήσωμεν
2529 462 2797 523 πλούτου,
2835 460 2922 513 ἵνα
2970 457 3046 527 μὴ
3113 451 3612 523 καταφρονήσωμεν

2043 554 2140 623 τῆς
2197 551 2394 622 ψυχῆς.
2447 550 2570 611 Πῶς
2612 548 2670 600 δὲ
2708 547 2772 600 ἄν
2821 563 2905 607 τις
2958 542 3448 613 ααταφρονήσειενς
3501 541 3613 609 υύχ

2039 641 2203 711 ὁρᾶτε
2226 640 2295 692 τά
2320 637 2547 707 λαμπρά
2585 635 2690 688 τῶν
2729 633 3016 703 σωμάτων,
3058 630 3154 683 καὶ
3198 628 3325 689 τοὺς
3371 626 3615 698 ἐρῶντας

2042 726 2223 781 αὑτῶν
2255 739 2268 752 ·
2294 724 2399 786 ἕως
2442 725 2539 793 μὲν
2576 721 2642 774 ἂν
2679 723 2736 773 ἐν
2767 720 2954 789 ὄψεσιν
2993 714 3051 790 ᾖ,
3082 713 3365 769 ἐκκαίεται
3389 712 3452 765 τὸ
3483 712 3613 782 πῦρ,

2041 812 2271 884 λαμπρά
2321 811 2524 864 ἄνεισιν
2578 810 2612 877 ἡ
2664 806 2835 875 φλόξο
2892 805 3108 858 ἐπειδὰν
3165 801 3222 856 δέ
3283 817 3368 863 τις
3419 800 3616 861 αὑτοὺς

2043 902 2310 972 ἀπαγάγῃ
2353 900 2577 969 πόρρω,
2619 897 2797 951 πάντα
2845 893 3139 953 ἔσϐεσται,
3204 890 3384 943 πάντα
3438 887 3619 940 κεκοί-

2050 1004 2272 1061 μισται;
2305 985 2460 1039 Οῦτω
2493 986 2589 1037 καὶ
2634 985 2726 1036 ἐπὶ
2765 980 2860 1035 τοῦ
2901 978 3156 1041 πλούτου,
3202 976 3391 1047 μηδεὶς
3424 973 3621 1044 χρυσία

2046 1060 2534 1135 κατασκευαζέτω,
2605 1070 2793 1140 μηδεὶς
2862 1068 3045 1128 λίθους
3112 1065 3361 1133 τιμίους,
3432 1060 3621 1130 μηδεὶς

2046 1160 2409 1230 περιδέρῤαια
2446 1174 2459 1188 ⁸
2506 1157 2748 1221 δελεάζει
2788 1156 2914 1217 τοὺς
2969 1151 3283 1221 ὀφθαλμοὺς
3336 1147 3615 1219 ὁρώμενα.

2046 1250 2110 1302 Εἰ
2138 1249 2194 1301 δὲ
2214 1248 2391 1317 βούλει
2436 1246 2680 1298 πλουτεῖν
2721 1244 2795 1306 ὡς
2823 1245 2871 1296 οἱ
2918 1240 3157 1305 παλαιοὶ,
3207 1237 3424 1290 πλούτει
3459 1236 3534 1305 μὴ
3556 1237 3613 1286 ἐν

2045 1335 2275 1407 χρυσίῳ,
2321 1335 2434 1387 ἀλλ’
2463 1336 2519 1385 ἐν
2551 1334 2662 1393 τοῖς
2694 1329 3028 1397 ἀναγκαίοις,
3080 1328 3167 1379 ἵνα
3198 1323 3377 1388 καὶέξ
3398 1324 3619 1391 ἑτοίμου

2048 1423 2294 1494 παρέχῃς
2321 1425 2431 1485 τοῖς
2455 1422 2633 1482 ἄλλοις
2662 1436 2675 1447 ·
2713 1421 2788 1489 μὴ
2811 1418 3140 1487 φιλόκοσμος
3165 1416 3256 1467 ἔσο
3285 1429 3299 1443 ’
3333 1415 3360 1465 ὁ
3385 1411 3625 1473 τοιοῦτος

2048 1510 2277 1573 πλοῦτος
2316 1510 2550 1571 καὶτοῖς
2594 1508 2815 1578 λῃσταῖς
2854 1507 3000 1557 ἐστιν
3047 1501 3507 1563 εὑεπιόούλευτος,
3534 1499 3627 1551 καὶ

2050 1600 2179 1669 ἡμῖν
2204 1598 2428 1667 παρέχει
2446 1595 2731 1665 φροντίδας
2753 1610 2765 1622 ·
2798 1593 2871 1663 μὴ
2896 1590 3061 1660 σκεύη
3099 1591 3280 1660 χρυσᾶ
3303 1585 3627 1656 καὶάργυρᾶ

2052 1685 2185 1749 κτῶ,
2232 1683 2345 1738 ἀλλ’
2383 1682 2626 1735 ἔστωσαν
2678 1679 2951 1748 ἀποθῆκαι
2999 1677 3179 1742 σίτου,
3210 1675 3374 1739 οίνου,
3408 1672 3586 1725 ἐλαίου
3609 1687 3622 1699 ο

2054 1773 2315 1835 ἔστωσαν,
2340 1770 2437 1838 οὑχ
2466 1770 2553 1821 ἵνα
2581 1767 2742 1821 πάλιν
2783 1766 3161 1834 διαπραθεῖσαι
3203 1760 3441 1831 ἄργυρον
3473 1757 3630 1827 ἐργά-

2055 1876 2272 1923 σωνται,
2324 1856 2438 1909 ἀλλ’
2490 1856 2577 1907 ἵνα
2624 1857 2737 1915 τοῖς
2790 1851 3062 1920 δεομένοις
3111 1846 3475 1919 χορηγῶνται.
3536 1845 3629 1895 Ἂν

2054 1946 2360 2013 ἀπάγωμεν
2394 1942 2619 2002 ἐαυτοὺς
2649 1939 2872 1992 ἐκείνων
2897 1937 3006 1989 τῶν
3046 1934 3334 2005 περιττῶν,
3362 1929 3632 1991 ἐπιτευξό-

2060 2033 2198 2104 μεθα
2225 2030 2334 2084 τῶν
2354 2029 2622 2100 οὑρανίων
2647 2026 2867 2093 ἀγαθῶν
2892 2040 2906 2054 ·
2938 2018 3013 2075 ὧν
3034 2024 3241 2090 γένοιτο
3254 2020 3460 2079 πάντας
3485 2018 3632 2087 ἡμᾶς

2056 2099 2350 2189 ἐπιτυχεῖν,
2379 2099 2436 2169 ἐν
2466 2115 2685 2186 Χριστῲ
2714 2110 2887 2182 Ἰησοῦ
2918 2112 2994 2181 τῷ
3022 2108 3402 2180 Κυρίῳήμῶν,
3427 2105 3544 2177 μεθ’
3570 2099 3632 2158 οὗ

2051 2208 2134 2276 τῷ
2162 2206 2337 2277 Πατρὶ
2358 2206 2474 2274 ἅμα
2496 2202 2571 2272 τῷ
2588 2203 2727 2269 ἁγίῳ
2755 2198 3033 2266 Πνεύματι
3062 2195 3206 2259 δόξα,
3228 2194 3447 2263 κράτος,
3473 2190 3629 2260 τιμὴ,

2059 2295 2153 2349 νῦν
2190 2292 2285 2347 καὶ
2318 2293 2425 2357 ἀεὶ,
2451 2290 2543 2343 καὶ
2563 2291 2642 2351 είς
2672 2289 2796 2348 τοὺς
2818 2286 3017 2347 αἰῶνας
3039 2283 3146 2336 τῶν
3181 2280 3408 2335 αἰώνων.
3440 2280 3628 2349 Ἀμήν.

474 2406 2425 2437 ______________.__.__——-————

1837 2484 2083 2543 ΟΜΙΛῙΛ
2130 2480 2209 2536 Δ’.

397 2596 552 2674 [45η
574 2593 875 2674 Διὰ.τοῦτο
899 2591 1058 2674 κάγὼ
1075 2590 1306 2674 μηκέτι.
1324 2583 1961 2674 στέγωνηὲπεμψξι-εῐς

469 2652 552 2722 τὸ³
600 2665 819 2737 γνῶναι
855 2652 996 2732 τῆν’
1018 2652 1224 2737 πίστιν
1281 2652 1465 2737 ὑμῶν)
1514 2655 1599 2725 μή
1632 2672 1782 2737 ¹πως
1804 2652 1963 2704 ἐπεί-

462 2721 657 2808 ρασέν
686 2734 841 2808 ὑμᾶς
877 2721 1235 2808 ῥ’πειρᾴζων,
1261 2721 1964 2808 Δκαίεἰς,ἇιεκὸνωιγιένῃζιιι

470 2794 504 2863 ὅ
546 2794 739 2871 κόποξ
784 2794 972 2873 ἡμῶν.
1025 2794 1318 2873 ξἌρτι-δε
1363 2798 1641 2873 ἐλθόντος
1671 2794 1963 2873 ,Τιμοθέου

471 2823 504 2863 ο
546 2823 733 2871 κοπος
784 2823 822 2873 η
870 2823 972 2856 ων.
1058 2823 1195 2868 Λρτι
1251 2823 1318 2851 vc'
1363 2823 1564 2851 διιυυῑι
1578 2823 1635 2859 υς
1696 2823 1961 2860 ιιμιυυσυυ

471 2877 617 2944 πρὸς
640 2874 792 2944 ’ἡμᾶς
812 2823 909 2943 ἔφ’
930 2871 1112 2944 ὑμῶν,
1136 2870 1232 2944 καί
1253 2864 1795 2944 εὑαγγελισαμένου
1821 2860 1966 2944 ᾐμνῖν

471 2930 611 3014 τίν’
645 2930 869 2997 ,τῖίσξιν”
892 2930 989 2995 καὶ
1033 2930 1157 3014 ,τὴν
1203 2930 1439 3014 (fy-cini}?
1475 2930 1659 3014 -ὐμῷςν
1682 2972 1697 2995 ,
1738 2930 1834 3014 κάί
1877 2930 1966 2982 ὅτι

475 3001 641 3085 ἔχετε
682 3016 896 3085 μνείαν
935 3001 1113 3085 ἡμῶν
1154 3001 1409 3085 adﬂari;
1457 3001 1719 3085 ἀπῇιίζὴν,
1759 3001 1967 3085 ὲξτιεξοέ

474 3073 721 3149 θ’ὄῦντεὶ*
751 3083 909 3152 ἡμᾶς
939 3073 1086 3135 ἰδεῖν
1104 3120 1121 3152 _,
1147 3078 1420 3152 καθάπερ-
1440 3073 1551 3152 Δκαὶ
1580 3073 1749 3152 ἡμεῖς
1776 3073 1937 3152 ’ὑμᾶς
1950 3084 1964 3099 ·

473 3138 570 3210 διά
634 3138 810 3208 to?)er
847 3138 1305 3221 παρεκλήθημεν
1328 3186 1342 3209 ,
1367 3138 1669 3221 αδελφοί,-
1709 3141 1800 3221 ἐρ’
1828 3138 1971 3221 ὐιέῖξθ

619 3207 785 3292 πάσῃ
836 3207 1593 3292 τῇᾎλίψειίκαὶὲάνέγθὶῃ
1638 3207 1830 3292 ἡμῶν,
1871 3207 1971 3289 διὰ

430 3362 435 3367 ,
473 3294 587 3367 τῆς
617 3280 804 3367 ὐμῶίξ,
832 3280 1085 3367 πίρτεωξ·
1106 3306 1118 3319 ·
1154 3289 1241 3342 ὅτι
1280 3288 1395 3341 νῦν
1429 3280 1631 3355 ζῶμεν,
1666 3280 1775 3337 ἐὰν
1804 3280 1971 3348 ὑμεῖς

473 3362 737 3433 στήκητε
760 3364 829 3416 ὲν
857 3362 1065 3429 Κυρίῳ.

478 3533 547 3582 α’.
581 3528 806 3597 Ζήτημα
831 3522 1114 3592 πρόκειται
1143 3522 1379 3590 τήμερον
1424 3518 1555 3588 ἡμῖν
1584 3515 1735 3586 παρά
1760 3515 1971 3569 πολλῶν

412 3613 759 3684 ζητούμενον,
805 3612 897 3663 καὶ
928 3607 1253 3678 πολλαχόθεν
1293 3606 1699 3674 συλλεγόμενον.
1734 3603 1797 3655 Τί
1833 3603 1890 3656 δὲ
1916 3602 1976 3655 τὸ

413 3701 635 3772 ζήτημά
657 3701 773 3752 ἐστι
794 3714 809 3764 ;
828 3696 929 3749 Διὰ
942 3696 1138 3759 τοῦτο,
1156 3694 1311 3763 φησὶ,
1331 3693 1491 3761 κάγὼ
1501 3690 1709 3760 μηκέτι
1723 3690 1969 3758 στέγων,

412 3790 651 3858 ἔπεμψα
686 3788 962 3855 Τιμόθεον
988 3786 1075 3848 είς
1098 3784 1164 3835 τὸ
1190 3781 1407 3850 γνῶναι
1424 3782 1538 3847 τὴν
1564 3780 1771 3832 πίστιν
1788 3776 1971 3846 ὑμῶν.

414 3874 481 3929 Τί
530 3874 742 3943 λέγεις;
794 3874 823 3925 6
869 3870 1106 3924 τοσαῦτα
1144 3867 1320 3931 εἰδὼς,
1355 3868 1383 3918 6
1416 3866 1700 3934 ἀπόρρητα
1734 3863 1973 3923 ἀκούσας

417 3964 657 4033 ῥήματα,
715 3963 745 4014 6
800 3962 962 4030 μέχρι
986 3958 1170 4025 τρίτου
1218 3953 1455 4007 ἀνελθὼν
1504 3951 1772 4022 οὐρανοῦ,
1824 3945 1976 4008 οὗτος

415 4052 518 4104 οὑκ
560 4048 703 4115 οἶδε,
755 4050 848 4102 καὶ
888 4051 946 4100 ἐν
986 4046 1235 4118 Ἀθήναις
1274 4044 1380 4108 ῶν;
1431 4042 1608 4095 καίτοι
1667 4041 1727 4092 οὑ
1782 4037 1975 4091 πολλοῦ

415 4139 569 4202 ὄντος
619 4136 712 4190 τοῦ
768 4136 1164 4204 διαστήματος,
1215 4133 1333 4184 οὑδὲ
1403 4129 1508 4199 πρὸ
1561 4126 1757 4180 πολλοῦ
1824 4142 1981 4195 χωρι-

420 4227 566 4289 σθεὶς
605 4224 784 4278 αὑτῶν
809 4242 824 4257 ⁸
865 4219 1431 4292 Ἀπορερανισθέντες
1475 4215 1609 4286 γάρέ
1656 4214 1841 4284 φησὶν,
1878 4214 1978 4281 ἀφ’

418 4314 586 4384 ὑμῶν
621 4311 769 4381 πρὸς
818 4311 1026 4379 καιρὸν
1063 4308 1240 4377 ὥρας.
1288 4307 1400 4359 Οὐκ
1426 4302 1532 4358 οἶδε
1560 4300 1652 4357 οῦν
1696 4306 1723 4355 6
1747 4301 1980 4361 τοιοῦτος

417 4401 488 4455 τὰ
510 4399 965 4462 Θεσσαλονικέων,
1001 4396 1115 4450 ἀλλ’
1141 4395 1504 4461 ἀναγκάζεται
1547 4390 1759 4459 πέμψαι
1809 4387 1979 4457 Τιμό-

421 4489 543 4542 θεον
566 4490 645 4550 είς
674 4486 737 4539 τὸ
761 4486 964 4554 γνῶναι
992 4484 1089 4554 τὴν
1102 4482 1282 4535 πίστιν
1305 4481 1484 4534 αὑτῶν
1506 4494 1521 4509 ο
1550 4478 1645 4545 Μή
1675 4494 1798 4541 πως
1820 4476 1949 4528 ἐπεί
1956 4504 1979 4514 -

416 4591 609 4643 ρασεν
637 4573 813 4643 ὑμᾶς,
847 4573 1031 4641 φησὶν,
1070 4574 1102 4625 ό
1131 4567 1432 4636 πειράζων,
1460 4566 1559 4619 καί
1577 4568 1663 4629 εἰς
1683 4564 1861 4618 κενὸν
1888 4561 1983 4631 γέ-

421 4678 599 4728 νηται
638 4664 671 4715 ὁ
703 4662 889 4726 κόπος
925 4658 1132 4728 ἡμῶν;
1181 4657 1247 4709 Τί
1288 4651 1380 4709 οῦν
1403 4656 1467 4710 ἄν
1497 4671 1581 4716 τις
1606 4652 1749 4704 εῐποι
1775 4668 1789 4716 ;
1819 4651 1899 4703 ὅτι
1923 4648 1984 4701 οὑ

425 4748 603 4803 πάντα
628 4748 845 4818 ⁴ᾔδεισαν
871 4748 920 4798 οί
968 4746 1112 4813 ἀγιοι
1140 4760 1154 4808 ;
1188 4745 1297 4797 Καὶ
1328 4744 1409 4795 ὅτι
1443 4743 1542 4794 οὑκ
1572 4741 1813 4811 ᾔδεισαν,
1853 4739 1984 4790 πολι-

425 4835 652 4905 λαχόθεν
699 4835 765 4887 ἄν
799 4851 884 4894 τις
916 4832 1095 4902 μάθοι,
1128 4830 1235 4884 ἀπό
1275 4846 1334 4882 τε
1363 4828 1470 4881 τῶν
1505 4827 1758 4897 πρώτων,
1792 4825 1900 4878 ἀπό
1927 4841 1986 4877 τε

426 4923 536 4975 τῶν
590 4921 730 4991 μετὰ
784 4919 993 4972 ταῦτα’
1048 4917 1295 4987 καθάπερ
1352 4915 1653 4975 Ἐλισσαῖος
1705 4912 1834 4982 περὶ
1889 4912 1988 4978 τῆς

428 5008 682 5076 γυναικὸς
724 5006 955 5075 ἠγνόησε
982 5023 995 5037 ο
1021 5004 1267 5073 καθάπερ
1304 5001 1490 5064 Ἠλίας
1532 5001 1681 5068 ἔλεγε
1726 5000 1862 5070 πρὸς
1898 4999 1990 5052 τὸν

429 5096 594 5149 Θεόν-
634 5093 774 5161 Ἐγὼ
814 5092 1189 5160 ὑπελείφθην
1215 5090 1433 5158 μόνος,
1471 5087 1569 5140 καὶ
1602 5085 1842 5153 ζητοῦσι
1881 5085 1992 5151 τὴν

428 5182 644 5253 ψυχήν
676 5198 812 5251 μου.
868 5180 968 5233 Διά
1015 5179 1171 5231 τοῦτο
1209 5178 1374 5248 ἤκουε
1421 5175 1575 5245 παρὰ
1600 5173 1693 5227 τοῦ
1729 5172 1883 5237 Θεοῦ,
1912 5173 1994 5225 ὅτι

432 5273 765 5326 Κατέλιπον
848 5267 1079 5338 ἐμαυτῷ
1168 5265 1661 5334 ἑπτακισχιλίους
1750 5262 1991 5330 ἄνδρας.

432 5357 700 5427 Καθάπερ
729 5357 758 5409 6
787 5353 1038 5425 Σαμουὴλ
1080 5353 1266 5417 πάλιν,
1309 5352 1472 5422 ἡνίκα
1497 5350 1772 5420 ἀπεστάλη
1808 5352 1994 5420 χρῖσαι

430 5445 522 5497 τὸν
555 5444 716 5497 Δαυῖδ
741 5460 754 5473 ο
787 5440 953 5504 Εἷπε,
1001 5441 1163 5509 φησὶ,
1209 5441 1422 5507 Κύριος
1462 5438 1610 5506 πρὸς
1652 5438 1869 5491 αὐτόν’
1898 5438 1993 5503 Μὴ

435 5532 699 5600 πρόσχες
755 5533 842 5596 είς
884 5530 999 5597 τὴν
1053 5529 1197 5597 ὄψιν
1255 5526 1479 5590 αὑτοῦ,
1526 5524 1681 5595 μηδὲ
1730 5527 1816 5590 εἰς
1881 5524 1996 5589 τὴν

436 5618 567 5682 ἕξιν
593 5618 701 5673 τοῦ
719 5618 1007 5688 μεγέθους
1037 5616 1245 5681 αὑτοῦ,
1273 5615 1361 5669 ὅτι
1387 5612 1761 5679 ἑξουδένωκα
1789 5612 1993 5666 αὐτόν·

438 5707 527 5760 ὅτι
550 5709 663 5775 οὐχ
687 5706 766 5772 ὡς
789 5706 1097 5774 ἄνθρωπος
1114 5705 1323 5773 ὄψεται
1347 5707 1378 5757 ό
1395 5704 1559 5767 Θεός·
1588 5700 1675 5754 ὅτι
1691 5700 1997 5767 ἅνθρωπος

440 5793 746 5860 ὄψεταιεις
761 5794 1103 5860 πρόσωπον,
1123 5795 1155 5846 ό
1169 5793 1236 5845 δὲ
1252 5790 1393 5855 Θεὸς
1418 5791 1504 5854 εἰς
1538 5787 1807 5856 καρδίαν.
1830 5781 1999 5838 Τοῦτο

443 5880 499 5935 δὲ
524 5879 727 5951 γίνεται
758 5880 893 5935 κατ-ἀ
930 5879 1124 5952 πολλὴν
1157 5878 1252 5933 τοῦ
1289 5878 1423 5934 Θεοῦ
1450 5874 1793 5949 κηδεμονίαν.
1877 5872 1999 5936 Πῶς

2061 2579 2154 2629 καλ¹
2181 2576 2283 2627 τίνι
2311 2568 2496 2643 τρόπῳ
2518 2584 2532 2631 ;
2562 2566 2745 2619 Αὑτῶν
2766 2584 2823 2618 τε
2846 2566 3030 2617 ἕνεκεν
3055 2565 3162 2615 τῶν
3184 2560 3374 2628 ἁγίων,
3408 2557 3501 2611 καὶ
3528 2556 3637 2610 τῶν

2062 2662 2423 2714 πιστευόντων
2446 2660 2647 2721 αὑτοις.
2672 2653 2937 2715 Καθάπερ
2965 2651 3072 2724 γὰρ
3093 2649 3368 2719 καὶδιωγμ
3381 2646 3473 2713 οὺς
3500 2660 3632 2717 συγ-

2061 2753 2231 2821 χωρεῖ
2272 2747 2541 2816 γίνεσθαι,
2587 2744 2760 2807 οὕτως
2803 2745 2998 2805 αὑτοὺς
3030 2743 3303 2810 συγχωρεῖ
3333 2738 3504 2791 πολλὰ
3535 2739 3634 2790 καὶ

2063 2838 2296 2904 ἀγνοεῖν,
2330 2835 2416 2886 ἵνα
2452 2832 2940 2885 καταστέλλωνται.
2995 2829 3093 2881 Διὰ
3121 2828 3278 2880 τοῦτο
3308 2826 3403 2877 καὶ
3427 2824 3638 2888 Παῦλος

2064 2921 2245 2989 ἔλεγεν
2270 2939 2282 2950 ·
2301 2920 2503 2985 Ἐδόθη
2517 2937 2617 2987 μοι
2639 2920 2881 2984 σκόλοψ
2895 2914 2966 2982 τῇ
2986 2909 3641 2982 σαρκὶ,ᾶγγελοςΣατᾶν

2066 3010 2165 3062 ἵνα
2201 3025 2271 3077 με
2299 3005 2616 3073 κολαφίζῃ,
2654 3005 2740 3057 ἴνα
2777 3004 2849 3073 μὴ
2880 3000 3293 3071 ὑπεραίρωμαι·
3330 2999 3422 3052 καὶ
3456 2998 3639 3063 πάλιν,

2070 3100 2157 3153 ἵνα
2193 3100 2281 3152 καὶ
2309 3100 2355 3150 οἱ
2386 3097 2533 3150 ἄλλοι
2564 3097 2639 3167 μὴ
2665 3094 2876 3165 μεγάλα
2906 3092 3032 3162 περὶ
3062 3090 3222 3143 αὑτὸν
3245 3086 3639 3157 φαντάζωνται.

2068 3189 2130 3240 ΕΞ
2160 3188 2263 3258 γὰρ
2298 3186 2406 3239 ἀπὸ
2455 3184 2695 3255 σημείων
2740 3184 2895 3244 θεοὺς
2947 3181 3143 3241 αὑτοὺς
3190 3175 3327 3230 εἶναι
3360 3177 3638 3245 ἐνόμισαν,

2070 3276 2247 3347 πολλῴ
2272 3276 2492 3347 μᾶλλον,
2520 3276 2568 3326 εἰ
2590 3273 2882 3333 διαπαντὸς
2907 3269 3003 3321 ἐπέ
3015 3285 3173 3337 μενον
3205 3268 3272 3321 τὰ
3299 3266 3476 3318 πάντα
3509 3265 3646 3317 εἰδό-

2068 3382 2176 3428 τες.
2211 3364 2321 3417 Καὶ
2344 3363 2503 3415 τοῦτο
2534 3361 2627 3412 καὶ
2666 3360 2828 3421 αὑτὸς
2857 3358 3018 3410 πάλιν
3052 3355 3214 3425 φησίν
3235 3371 3248 3385 °
3276 3355 3410 3407 Ἵνα
3440 3350 3524 3420 μή
3558 3368 3646 3415 τις

2070 3456 2157 3518 εὶς
2177 3451 2280 3521 ἐμὲ
2300 3452 2615 3520 λογίσηται
2640 3446 2791 3513 ὑπὲρ
2820 3444 2850 3497 ὃ
2870 3444 3087 3508 βλέπει
3109 3460 3201 3511 με,
3225 3442 3263 3509 ἢ
3283 3443 3485 3494 ἀκούει
3506 3457 3557 3492 τι
3578 3438 3647 3501 ἐξ

2076 3542 2223 3614 [45⁸2]
2261 3540 2428 3610 ἐμοῦ.
2474 3541 2585 3591 Καὶ
2617 3537 2778 3590 πάλιν
2823 3537 2985 3590 ἄκουε
3018 3532 3110 3585 τοῦ
3140 3532 3346 3601 Πέτρου
3378 3529 3648 3595 λέγοντος,

2073 3631 2235 3700 ἡνίκα
2258 3630 2348 3681 τὸν
2372 3626 2544 3697 χωλὸν
2574 3625 2910 3695 ἐθεράπευσε
2930 3640 2942 3653 ·
2978 3623 3037 3676 Τί
3070 3620 3215 3689 ἡμῖν
3250 3616 3539 3677 ἀτενίζετε
3570 3616 3652 3679 ὡς

2079 3717 2196 3782 ἰδίᾳ
2240 3713 2489 3781 δυνάμει
2528 3712 2566 3779 ἢ
2618 3710 2892 3779 εὐσεϐείᾳ
2926 3708 3101 3761 τοῦτο
3146 3704 3506 3771 πεποιηκόσι
3544 3701 3651 3755 τοῦ

2078 3800 2420 3869 περιπατεῖν
2443 3802 2657 3859 αὐτόγ;
2690 3796 2749 3848 Εἰ
2787 3796 2842 3848 δὲ
2874 3796 2967 3847 καὶ
2997 3793 3174 3846 αὑτῶν
3202 3790 3357 3843 τοῦτο
3387 3790 3653 3857 λεγόντων

2078 3888 2173 3939 καὶ
2204 3887 2518 3947 ποιούντων,
2548 3886 2695 3949 ὅμως
2719 3883 2811 3935 καὶ
2836 3881 2943 3934 ἀπὸ
2974 3882 3080 3933 τῶν
3103 3880 3295 3948 ὀλίγων
3322 3880 3414 3931 καὶ
3441 3876 3652 3947 μικρῶν

2077 3973 2249 4035 οὕτως
2300 3972 2573 4023 ἐτίκτοντο
2626 3970 2868 4021 ὑπόνοιαι
2920 3966 3174 4036 πονηραὶ,
3231 3964 3410 4033 πολλῷ
3459 3963 3656 4034 μᾶλλον

2079 4061 2187 4113 ἀπὸ
2232 4058 2340 4111 τῶν
2383 4056 2652 4128 μεγάλων.
2716 4055 2829 4108 Καὶ
2876 4054 2939 4106 δι’
2984 4054 3169 4122 ἓτερον
3219 4052 3274 4103 δὲ
3322 4051 3493 4103 ταῦτα
3534 4067 3655 4102 συν-

2080 4148 2361 4216 εχωρεῖτο.
2394 4144 2509 4195 Ἵνα
2530 4142 2638 4211 γὰρ
2679 4142 2751 4210 μή
2786 4158 2869 4202 τις
2900 4140 2996 4210 ἔχῃ
3043 4139 3243 4207 λέγειν,
3280 4139 3359 4190 ὅτι
3409 4136 3530 4205 οὐχὶ
3560 4136 3655 4189 άν-

2082 4228 2289 4298 θρωποι
2339 4225 2488 4286 ὄντες
2533 4223 2902 4293 κατώρθωσαν
2949 4222 3093 4291 ἅπερ
3138 4219 3527 4289 κατώρθωσαν,
3564 4218 3659 4271 καὶ

2081 4316 2223 4369 οὑτω
2255 4314 2454 4375 πάντες
2484 4312 2662 4364 ὕπτιοι
2696 4312 2973 4379 γίνωνται,
3002 4310 3089 4362 διὰ
3120 4308 3276 4361 τοῦτο
3299 4307 3535 4358 δείκνυσι
3566 4306 3660 4357 καὶ

2083 4403 2277 4464 αὑτοὺς
2310 4400 2467 4461 ὂντας
2502 4400 2559 4449 ἐν
2594 4397 2867 4467 ἀσθενείᾳ,
2907 4396 2993 4448 ἴνα
3028 4395 3138 4447 τῶν
3172 4395 3504 4463 ἀγνωμονεῖν
3534 4392 3658 4461 βου-

2084 4488 2325 4558 λομένων
2354 4487 2531 4539 πᾶσαν
2562 4484 2773 4555 ἐγκόψῃ
2816 4481 3199 4551 ἀναισχυντίας
3234 4480 3526 4547 πρόφασιν.
3562 4479 3663 4530 Διὰ

2084 4574 2242 4627 τοῦτο
2292 4574 2495 4641 ἀγνοεῖ,
2527 4572 2616 4625 διὰ
2665 4570 2823 4622 τοῦτο
2873 4570 2967 4621 καὶ
3019 4568 3279 4630 πολλάκις
3327 4566 3663 4636 προθέμενος

2073 4662 2184 4714 οὑκ
2215 4659 2451 4729 ἔρχεται,
2480 4659 2566 4710 ἵνα
2602 4658 2843 4727 μάθωσιν
2876 4657 2957 4708 ὅτι
3005 4654 3173 4707 πολλὰ
3216 4655 3317 4706 οὑκ
3362 4649 3490 4707 οἶδε.
3519 4651 3662 4704 Πολὺ

2087 4739 2180 4798 οῦν
2207 4745 2271 4796 ἐκ
2302 4744 2493 4795 τούτου
2522 4741 2583 4793 τὸ
2614 4740 2804 4810 κέρδος
2832 4736 2918 4809 ἦν.
2945 4734 3022 4790 Ἦ
3051 4738 3159 4808 γὰρ
3187 4736 3251 4788 ἂν
3279 4732 3418 4807 ἦσαν
3449 4734 3529 4788 ἔτι
3568 4734 3665 4787 καὶ

2088 4830 2236 4884 οὕτω
2262 4830 2511 4897 λέγοντές
2543 4846 2708 4891 τινες,
2737 4828 2818 4880 ὅτι
2867 4819 3033 4888 Οὗτός
3064 4826 3210 4878 ἐστιν
3244 4827 3276 4895 ή
3316 4824 3542 4894 δύναμις
3570 4822 3664 4875 τοῦ

2088 4918 2223 4972 Θεοῦ
2271 4919 2304 4988 ἡ
2351 4917 2580 4988 μεγάλη,
2614 4917 2707 4969 καὶ
2760 4915 2908 4970 ἄλλοι
2935 4916 3099 4979 τινὲς,
3122 4916 3202 4968 ὅτι
3242 4914 3300 4966 ’0
3333 4914 3479 4966 δεῖνα
3510 4911 3600 4964 καὶ
3636 4910 3665 4961 6

2091 5005 2257 5059 δεῖνα.
2304 5005 2368 5056 Εἰ
2417 5002 2491 5074 μὴ
2518 5002 2687 5055 ταῦτα
2734 5002 3002 5069 ἐγένοντο,
3037 5005 3088 5054 τί
3137 5001 3236 5054 οὑκ
3287 4999 3353 5053 ἂν
3381 5002 3664 5068 ἐνομισαν;

2108 5090 2371 5145 Ἐνταῦθα
2411 5090 2468 5142 δὲ
2515 5090 2662 5141 δοκεῖ
2706 5088 2890 5157 μέντοι
2929 5084 3066 5141 εἶναι
3112 5087 3292 5141 αὑτῶν
3328 5082 3664 5154 κατηγορία)

2095 5177 2176 5248 τῷ
2210 5179 2267 5231 δὲ
2302 5176 2542 5247 ἀκριϐῶς
2574 5175 2862 5229 σκοποῦντι
2890 5175 2984 5229 κοιλ⁴
3015 5174 3148 5228 πολὺ
3192 5173 3252 5225 τὸ
3283 5172 3465 5239 θαῦμα
3492 5169 3669 5223 αὑτῶν

2096 5265 2371 5335 ἐμφαίνει,
2397 5266 2491 5316 καὶ
2521 5264 2630 5315 τῶν
2661 5264 2980 5333 πειρασμῶν
3007 5263 3039 5332 ἡ
3070 5260 3343 5332 ὑπερϐολὴ
3374 5258 3665 5310 δείκνυται.

2097 5352 2244 5414 Πῶς,
2267 5351 2518 5421 πρόσεχε.
2546 5350 2610 5403 Et
2630 5350 2739 5419 γὰρ
2766 5352 3022 5419 προεῖπες
3044 5349 3223 5410 αὐτοῖς
3243 5347 3343 5408 ὅτι,
3370 5346 3473 5409 Εἰς
3495 5342 3671 5396 τοῦτο

2097 5440 2359 5506 κείμεθα,
2376 5438 2469 5490 καὶ
2490 5438 2691 5507 Μηδεὶς
2713 5436 3063 5508 θορυδείσθω,
3078 5436 3130 5488 τί
3144 5434 3303 5488 πάλιν
3321 5433 3558 5502 πέμπεις
3581 5431 3672 5484 τὸν

2097 5526 2379 5595 Τιμόθεον,
2401 5523 2588 5594 ὥσπερ
2603 5524 2852 5588 δεδοικὼς
2877 5526 3017 5594 μήτι
3039 5523 3261 5592 γένηται
3277 5513 3351 5572 ὧν
3376 5519 3435 5571 οὑ
3462 5518 3668 5589 βούλει;

2097 5612 2266 5665 Τοῦτο
2299 5611 2396 5682 μὲν
2424 5608 2516 5665 οῦν
2542 5611 2649 5665 ἀπὸ
2676 5612 2878 5681 πολλῆς
2911 5611 3131 5679 ἀγάπης
3152 5611 3328 5661 ποιεῖ·
3360 5608 3410 5659 οἱ
3439 5606 3547 5677 γὰρ
3580 5624 3670 5675 φι-

2099 5699 2314 5762 λοῦντες
2343 5697 2524 5753 καὶτὰ
2552 5698 2767 5770 ἀσφαλῆ
2790 5697 3184 5750 ὑποπτεύουσιν
3214 5695 3320 5749 ἀπὸ
3343 5695 3441 5765 τῆς
3471 5692 3671 5763 πολλῆς

2101 5786 2467 5857 θερμότητοςο
2496 5786 2651 5838 τοῦτο
2692 5785 2747 5837 δὲ
2794 5784 2902 5838 ἀπὸ
2937 5784 3041 5837 τῶν
3080 5783 3287 5836 πολλῶν
3328 5781 3667 5851 πειρασμῶν.

2104 5867 2270 5930 Εἶπον
2306 5873 2406 5943 μὲν
2433 5871 2560 5943 γὰρ,
2587 5873 2667 5926 ὅτι
2694 5873 2795 5938 Εἰς
2836 5871 3007 5925 τοῦτο
3048 5872 3283 5940 κείμεθα
3302 5889 3313 5902 ·
3343 5873 3376 5941 ἡ
3403 5871 3460 5923 δὲ
3500 5870 3674 5938 ὑπερ-
