4128 6398
472 258 581 314 ιη

453 372 589 442 ϐολὴ
620 372 727 424 τῶν
777 370 961 423 κακῶν
989 370 1224 439 ἐφόϐησέ
1267 388 1354 439 με.
1385 370 1474 422 Διὸ
1505 369 1603 421 οὑκ
1635 362 1907 432 εἷπεν,ὄτι
1932 368 2051 419 Κα-

456 460 686 526 ταγνοὺς
736 459 890 528 ὑμῶν
912 458 1247 522 ἀποστέλλω,
1282 456 1680 523 ἁλλὰ,Μηκέτι
1720 454 1981 522 στέγων·
2018 453 2048 506 ὃ

462 546 661 617 μᾶλλον
691 546 873 613 φιλίας
899 541 985 613 ἦν.
1014 545 1079 597 Τί
1105 546 1244 606 ἐστι,
1267 544 1361 611 Μή
1384 560 1510 609 πως
1545 543 1867 612 ἐπείρασεν
1895 538 2053 610 ὑμᾶς

460 637 493 685 o’
515 630 845 700 πειράζων;
876 633 1036 701 Ὁρᾷς
1060 632 1143 685 ὅτι
1172 632 1232 685 τὸ
1258 633 1317 684 ἐν
1341 633 1459 694 ταῖς
1489 629 1703 698 omam
1729 626 2053 682 σαλεύεσθαι

456 718 768 772 διαϐολικὸν
804 721 943 780 ἐστι.
964 719 1060 773 καὶ
1086 719 1182 788 τῆς
1208 718 1421 772 ἐκείνου
1449 717 1810 788 παρατροπῆς
1832 734 1846 780 ;
1880 716 2053 769 ’Ὅταν

461 808 570 876 γὰρ
603 807 750 875 ἡμᾶς
784 806 983 868 αὑτοὺς
1025 805 1100 876 μὴ
1146 805 1371 876 δυνηθῇ,
1404 804 1604 875 ἑτέρως
1635 802 1701 856 δι’
1732 801 1891 873 ἡμῶν
1928 803 2055 863 τοὺς

461 893 890 961 ἀσθενεστέρους
943 891 1351 962 παρασαλεύει·
1408 892 1547 961 ὅπερ
1605 888 2055 959 ὑπερϐαλλούσης

463 979 746 1041 ἀσθενείας
767 980 905 1043 ἐστὶ,
931 980 1025 1031 καὶ
1043 978 1301 1047 οὐδεμίαν
1322 978 1554 1048 ἐχούσης
1574 978 1893 1043 ἀπολογίαν*
1916 976 2054 1030 καθ-

464 1074 609 1140 άπερ
637 1069 729 1121 ἐπί
752 1067 845 1120 τοῦ
878 1068 998 1121 Ἰὼϐ
1040 1070 1329 1138 πεποίηκε,
1368 1069 1468 1136 τὴν
1496 1069 1729 1136 γυναῖκα
1754 1066 2052 1137 διεγείρας·

461 1154 611 1208 Εἰπέ
646 1172 703 1207 τι
746 1154 935 1223 ῥῆμα,
978 1156 1133 1223 φησι,
1164 1156 1313 1224 πρὸς
1361 1156 1601 1221 Κύριον,
1641 1154 1740 1207 καὶ
1782 1155 2053 1207 τελεύτα.

474 1241 579 1292 Ἴδε
614 1239 729 1303 πῶς
764 1240 932 1310 αὐτὴν
978 1242 1259 1312 ἐπείρασε.
1291 1244 1390 1295 Διὰ
1434 1242 1487 1295 τί
1525 1242 1582 1295 δέ
1615 1242 1690 1312 μὴ
1721 1237 1894 1305 εἶπεν,
1925 1241 2057 1294 ἐσάο

466 1329 679 1393 λευσεν,
730 1328 868 1395 ἀλλ’,
932 1331 1320 1399 Ἐπείρασεν;
1361 1330 1485 1383 Ὀτι
1541 1330 1815 1395 τοσοῦτον,
1868 1330 2054 1399 φησὶν,

469 1417 803 1469 ὑπώπτευσα
836 1416 1017 1485 μόνον,
1047 1420 1170 1471 ὅσον
1222 1417 1584 1488 πειρασθῆναι
1636 1418 1812 1488 ὑμᾶς·
1854 1417 1915 1470 οὑ
1949 1416 2056 1486 γὰρ

464 1505 532 1576 δὴ
562 1506 659 1574 τὴν
703 1508 896 1575 πεῖραν
936 1506 1102 1559 αὑτοῦ
1137 1506 1295 1561 σάλον
1325 1505 1500 1558 καλεῖ.
1544 1506 1601 1559 '0
1635 1506 1743 1577 γὰρ
1768 1505 2056 1576 δεχόμενος

468 1592 634 1646 αὑτοῦ
665 1593 761 1663 τὴν
808 1592 1132 1665 προσϐολὴν,
1162 1592 1451 1663 ἐσαλεύθη.
1492 1592 1696 1647 Βαϐαὶί
1732 1593 1873 1663 πόση
1908 1593 2058 1659 φιλοο

473 1680 700 1749 στοργία
729 1681 820 1732 τοῦ
858 1680 1070 1733 Παύλου
1092 1697 1105 1712 ·
1137 1682 1237 1733 οὑκ
1272 1680 1466 1749 ἔμελεν
1506 1680 1657 1750 αὑτῷ
1686 1679 1793 1732 τῶν
1827 1678 2059 1748 θλίψεων

472 1767 592 1819 οὑδέ
617 1767 728 1820 τῶν
756 1764 1081 1823 ἐπιϐουλῶν.
1110 1763 1275 1837 Οἶμαι
1313 1769 1422 1838 γάρ
1460 1767 1620 1821 αὑτὸν
1649 1769 1764 1819 ἐκεῖ
1798 1767 1918 1819 τότε
1958 1783 2058 1836 με-

477 1855 773 1925 μενηκέναι
793 1871 806 1885 ·
837 1856 1088 1925 καθάπερ
1124 1856 1289 1925 φησὶν
1312 1856 1340 1908 ὁ
1374 1857 1608 1920 Λουκᾶς,
1636 1856 1717 1907 ὅτι
1746 1855 1803 1907 ἐν
1832 1856 1896 1924 τῇ
1937 1855 2059 1907 Ἐλ-

475 1942 597 1995 λάδι
646 1943 827 2012 ἔμεινε
878 1942 1162 2011 τρίμηνον,
1206 1942 1507 2013 γενομένης
1565 1942 1714 2012 αύτῷ
1769 1942 2059 2013 ἐπιϐουλῆς

477 2030 584 2082 ὑπὸ
611 2028 720 2082 τῶν
767 2030 1057 2083 Ἰουδαίων.

549 2118 614 2187 β’.
631 2118 743 2170 Οὑκ
760 2116 949 2185 ἔμελεν
965 2114 1058 2169 οὖν
1074 2114 1224 2185 αὑτῷ
1238 2114 1346 2168 τῶν
1370 2114 1647 2178 κινδύνων,
1667 2114 1801 2167 ἀλλὰ
1817 2114 1925 2167 τῶν
1957 2131 2061 2185 μα-

477 2204 873 2274 θητευομένων.
911 2204 1072 2274 Ὁρᾷς
1112 2205 1194 2256 ὅτι
1226 2204 1403 2256 πάντα
1431 2203 1658 2271 φυσικὸν
1685 2202 1897 2271 πατέρα
1917 2218 2059 2271 παρ-

476 2291 759 2362 εληλύθει;
804 2292 997 2361 Ἡμεῖς
1029 2292 1128 2361 μὲν
1156 2292 1263 2360 γὰρ
1296 2291 1355 2342 ἐν
1421 2292 1543 2351 ταῖς
1588 2289 1799 2358 θλίψεσι
1830 2290 2061 2351 καὶτοῖς

478 2378 629 2451 [455]
677 2378 944 2441 κινδύνοις
1002 2379 1220 2431 πάντων
1260 2377 1358 2447 τὴν
1412 2378 1636 2446 μνήμην
1686 2376 2056 2446 ἐκϐάλλομεν·

473 2466 637 2528 αὐτὸς
676 2465 733 2518 δὲ
785 2464 957 2527 οὕτως
1017 2465 1273 2517 ἐδεδοίκει
1325 2465 1419 2516 καὶ
1476 2464 1708 2533 ἐτρεμεν
1756 2462 1895 2532 ὑπὲρ
1950 2461 2060 2514 τῶν

475 2551 703 2615 παίδων,
736 2550 811 2612 ὼς
844 2552 938 2603 καὶ
980 2551 1039 2602 ὃν
1083 2551 1244 2620 μόνον
1288 2546 1402 2619 εἶχε
1439 2550 1811 2620 παραμυθίαν,
1846 2549 1935 2600 τὸν
1967 2549 2061 2599 Τι-

479 2637 669 2705 μόθεον
696 2640 790 2689 καὶ
833 2637 1087 2690 κοινωνὸν
1120 2638 1213 2689 καὶ
1248 2637 1530 2706 συνεργὸν,
1557 2636 1747 2689 τοῦτον
1788 2638 1846 2690 ἐν
1875 2636 2061 2698 αὑτοῖς

476 2727 585 2787 τοῖς
620 2724 882 2787 κινδύνοις
914 2724 1124 2793 πέμψαι
1158 2725 1294 2793 πρὸς
1321 2723 1538 2786 αὐτούς.
1581 2724 1691 2777 Καὶ
1738 2726 1829 2789 είς
1857 2724 2056 2789 κενὸν,

476 2812 632 2881 φησὶ,
672 2811 916 2879 γένηται
958 2814 990 2863 ό
1024 2812 1211 2877 κόπος
1247 2810 1433 2879 ἡμῶν.
1479 2812 1579 2864 Διά
1611 2812 1697 2875 τί;
1738 2812 1787 2863 εἰ
1827 2810 1934 2880 γὰρ
1966 2811 2061 2864 καὶ

478 2899 931 2970 παρετράπησαν,
955 2900 1013 2950 οὑ
1046 2899 1199 2969 παρὰ
1221 2900 1318 2971 τὴν
1348 2898 1447 2969 σὴν
1472 2899 1671 2962 αἰτίαν,
1698 2900 1757 2950 οὑ
1789 2899 1941 2969 παρὰ
1962 2900 2062 2970 τὴν

479 2986 581 3054 σὴν
636 2983 930 3054 ῥαθυμίαν.
980 2985 1121 3037 Ἀλλ’
1153 2986 1303 3054 ὅμως
1352 2988 1445 3040 καὶ
1490 2984 1696 3038 τούτων
1746 2985 1937 3050 ὅντων,
1972 3003 2064 3039 κε-

480 3070 748 3124 κενῶσθαί
782 3088 871 3140 μοι
901 3071 992 3122 τὸν
1016 3071 1182 3123 κόπον
1214 3072 1419 3141 νομίζω
1451 3073 1558 3125 ἀπὸ
1590 3073 1690 3143 τῆς
1720 3072 1921 3142 πολλῆς
1942 3074 2064 3142 φιλο

480 3158 759 3227 αδελφίας.
801 3157 894 3225 Μή
943 3174 1067 3223 πως
1130 3156 1454 3225 ἐπείρασεν
1496 3158 1651 3228 ὑμᾶς
1682 3162 1715 3212 ό
1756 3158 2058 3229 πειράζων.

482 3244 737 3316 Πειράζει
762 3245 818 3297 δὲ
844 3246 941 3298 οὑκ
971 3244 1127 3306 εἰδὼς
1159 3247 1207 3298 εί
1243 3246 1558 3300 καταϐαλεῖ.
1586 3242 1701 3300 Εἶτ’
1730 3250 1933 3311 ἐκεῖνος
1962 3247 2063 3319 μὲν

482 3334 579 3387 καὶ
621 3332 698 3396 ὡς
750 3332 850 3385 οὐκ
897 3332 1052 3395 εἰδὼς
1096 3333 1409 3403 ἐπέρχεται,
1439 3336 1601 3405 ἡμεῖς
1632 3336 1691 3389 δὲ
1741 3336 1941 3399 εἰδότες
1978 3338 2061 3389 ὅτι

485 3421 688 3491 σφόδρα
726 3419 888 3473 αὑτοῦ
920 3421 1304 3490 περιεσόμεθα,
1327 3423 1387 3474 οὑ
1421 3424 1694 3493 νήφομενς
1723 3423 1846 3476 ’Ότι
1879 3422 1936 3475 δέ
1963 3424 2064 3477 οὐκ

482 3508 635 3569 εἰδὼς
666 3509 798 3576 ἡμῖν
842 3507 1172 3575 προσϐάλλει
1201 3521 1249 3573 ιι,
1285 3509 1380 3562 ἐπὶ
1432 3510 1527 3563 τοῦ
1591 3510 1709 3563 Ἰὼϐ
1770 3510 2058 3581 ἐδήλωσεν.

483 3596 675 3661 Ἔλεγε
696 3594 800 3665 γὰρ
834 3594 971 3663 πρὸς
1001 3594 1089 3646 τὸν
1121 3594 1251 3647 Θεὸν
1278 3596 1307 3646 ὁ
1334 3598 1567 3667 πονηρὸς
1593 3597 1799 3659 ἐκεῖνος
1822 3598 2028 3669 δαίμων
2045 3614 2060 3628 ·

475 3684 559 3735 Οὺ
588 3681 669 3734 σὺ
703 3680 1100 3750 περιέφραξας
1147 3682 1334 3737 αὐτοῦ
1385 3684 1455 3737 τὰ
1498 3684 1619 3735 ἔσω
1669 3685 1766 3737 καὶ
1814 3687 1885 3739 τὰ
1912 3686 2063 3751 ἐξω;

480 3769 728 3836 Περὶελε
772 3769 957 3822 αὐτοῦ
989 3771 1058 3821 τὰ
1085 3769 1461 3839 ὑπάρχοντα·
1490 3766 1529 3840 ἦ
1549 3770 1677 3840 μὴν
1712 3775 1801 3839 εἰς
1833 3775 2064 3841 πρόσω-

480 3861 601 3911 πόν
650 3874 723 3911 σε
775 3857 1116 3925 εὐλογήσει.
1161 3860 1436 3930 ΙΙειράζει.
1473 3860 1571 3913 Ἂν
1606 3861 1689 3932 ῖδῃ
1719 3878 1770 3914 τι
1816 3863 2062 3928 ἀσθενὲς,

480 3945 869 4017 ἐπεχείρησεν·
904 3944 969 3996 ἂν
1024 3944 1262 4013 ἰσχυρὸν,
1310 3946 1543 4016 ἀπέστη.
1574 3948 1686 4000 Καὶ.
1727 3951 1814 4013 εἱς
1858 3950 2059 4011 κενὸν,

478 4034 635 4102 φησὶ,
659 4031 902 4100 γένηται
927 4034 958 4084 ό
986 4034 1176 4096 κόπος
1203 4030 1389 4100 ἡμῶν.
1425 4032 1772 4103 Ἀκούσωμεν
1801 4033 2060 4101 ἅπαντες,

478 4120 598 4183 πῶς
639 4118 877 4187 ἔκαμνεν
924 4120 953 4170 ὁ
991 4118 1223 4180 Παῦλος.
1273 4119 1387 4171 Ούκ
1420 4115 1594 4186 εἶπεν,
1642 4121 1824 4192 ἔργον,
1850 4124 1964 4176 ἀλλ’
2008 4126 2061 4178 ⁸0

476 4207 685 4271 κόπος·
704 4207 802 4257 οὑκ
815 4200 958 4265 εἷπε,
982 4205 1074 4257 καὶ
1091 4205 1248 4275 ὑμεῖς
1266 4206 1551 4260 ἀπολεῖσθε
1565 4208 1614 4271 δ,
1629 4208 1763 4272 ἀλλ’,
1790 4210 1851 4262 Ὀ
1875 4212 2062 4278 κόπος

475 4293 667 4362 ἡμῶν.
700 4293 860 4344 Ὥστε
894 4294 943 4344 εί
977 4292 1071 4344 καὶ
1100 4292 1298 4362 συνέϐη
1329 4311 1402 4367 τι,
1423 4294 1570 4358 εἰκὸς
1605 4295 1845 4363 ἐγίνετο·
1873 4299 2060 4371 ἐπειδὴ

476 4379 537 4431 δέ
561 4381 621 4431 οὑ
655 4379 875 4448 συνέϐη,
899 4379 1031 4430 πολὺ
1064 4378 1125 4431 τὸ
1156 4378 1359 4448 θαῦμα.
1384 4381 1569 4435 Ταῦτα
1602 4381 1701 4452 μὲν
1729 4384 2060 4457 προσεδοκή-

479 4482 674 4536 σαμεν,
717 4466 902 4535 φησὶν,
934 4465 1092 4536 ἐξέϐη
1129 4465 1186 4518 δὲ
1236 4469 1306 4520 τὰ
1353 4467 1605 4521 ἐναντία·
1645 4469 1707 4523 οὑ
1756 4470 1865 4541 γὰρ
1901 4473 2060 4543 μόνον

476 4554 796 4626 προσθήκην
828 4552 1058 4620 θλίψεως
1110 4553 1369 4623 οὐδεμίαν
1409 4558 1539 4628 παρ’
1570 4558 1723 4628 ὑμῶν
1770 4560 2058 4629 ἐλάϐομεν,

475 4641 613 4695 ἀλλὰ
643 4642 735 4694 καὶ
763 4641 1128 4711 παράκλησιν.
1159 4641 1315 4708 Ἄρτι
1339 4642 1408 4694 δὲ
1437 4644 1724 4711 ἐλθόντος
1759 4648 2056 4717 Τιμοθέου,

474 4729 631 4796 φησι,
661 4728 812 4796 πρὸς
834 4728 991 4796 ἡμᾶς
1023 4729 1125 4797 ἀφ’
1154 4727 1343 4796 ὑμῶν,
1370 4732 1472 4784 καὶ
1508 4734 2057 4805 εὐαγγελισαμένου

474 4815 619 4882 ἡμῖν
671 4816 787 4882 τὴν
832 4816 1059 4880 πίστιν,
1109 4816 1207 4869 καί
1252 4817 1367 4884 τὴν
1413 4817 1656 4889 ἀγάπην
1711 4824 1897 4892 ὑμῶν.
1943 4825 2055 4878 Καὶ

472 4902 1042 4973 εὐαγγελισαμένου,
1096 4906 1282 4973 φησίν.
1345 4906 1508 4977 Ὁρᾷς
1554 4909 1654 4980 τὴν
1700 4910 2055 4984 περιχάρειαν

472 4990 718 5056 Παύλου;
747 4990 860 5043 Οὐκ
897 4987 1072 5054 εἶπεν,
1101 4991 1557 5062 ἀπαγγείλαντος,
1591 4996 1731 5062 ἀλλ’,
1756 4999 2055 5069 Εὑαγγελι-

473 5078 738 5148 σαμένου·
785 5078 1037 5132 τοσοῦτον
1086 5079 1289 5147 ἀγαθὸν
1327 5084 1512 5152 ἡγεῖτο
1562 5085 1662 5154 τὴν
1712 5086 1936 5141 ἐκείνων
1966 5087 2054 5157 βε-

470 5165 698 5219 ϐαίωσιν
726 5166 820 5218 καὶ
860 5166 958 5236 τὴν
987 5165 1229 5237 ἀγάπην.
1269 5168 1505 5242 Ἀνάγκη
1550 5171 1659 5239 γὰρ
1708 5174 1923 5243 ἐκείνης
1963 5174 2055 5245 βε-

471 5254 629 5316 ϐαίας
683 5254 948 5324 μενούσης
1014 5256 1108 5309 καὶ
1170 5254 1372 5325 ταύτην
1426 5258 1767 5328 ἐστηρίχθαι.
1820 5261 1928 5314 Καὶ
1986 5264 2049 5333 τῇ

470 5342 658 5411 ἀγάπῃ
689 5341 748 5393 δὲ
793 5341 973 5395 αὐτῶν
1016 5341 1256 5413 ἔχαιρεν,
1298 5345 1380 5396 ὅτι
1423 5347 1645 5414 σημεῖον
1674 5347 1773 5416 τῆς
1798 5349 2053 5411 πίστεως

468 5420 556 5494 ἦν,
582 5426 689 5479 Καὶ
712 5425 801 5480 ὅτι
819 5429 1007 5496 ἔχετε,
1036 5429 1192 5498 φησὶ,
1216 5429 1433 5496 μνείαν
1456 5429 1626 5499 ἡμῶν
1652 5433 1887 5503 ἀγαθὴν
1901 5434 2049 5488 πάν-

471 5529 603 5566 τοτε
629 5514 1053 5580 ἐπιποθοῦντες
1089 5514 1252 5583 ἡμᾶς
1276 5515 1444 5579 ἰδεῖν,
1466 5517 1733 5587 καθάπερ
1758 5522 1856 5574 καὶ
1880 5522 2050 5591 ἡμεῖς

535 5635 561 5700 ξι
588 5633 669 5700 ξῇο
688 5639 962 5700 ςριτεεῳῐη
987 5647 1049 5683 ex
1073 5634 1229 5696 Colb.,
1261 5648 1366 5699 pro,
1402 5640 1672 5700 προϐάλλει.
1703 5642 1825 5692 Em:

534 5692 563 5731 δ
599 5692 861 5751 Ἀπόλησθε
880 5695 905 5743 ‘P
1184 5702 1191 5710 ’

1150 252 1210 308 S.
1250 246 1542 310 JOANNIS
1573 244 2065 305 CHRYSOSTOMI
2107 244 2420 300 ARCHIEP.
2462 244 3015 302 CONSTANTINOP.

3623 255 3728 310 “8

2159 361 2338 431 ὑμᾶς.
2390 362 2648 416 Τουτέστι
2696 364 2832 433 μετὰ
2883 364 3143 418 ἐπαίνων.
3184 365 3293 435 Οὑχ
3330 367 3418 419 ὅτε
3457 368 3730 440 παρῆμεν,

2159 452 2267 506 οὐδ’
2297 451 2385 505 ὅτε
2417 452 3005 523 ὲθαυματουργοῦμεν,
3033 454 3170 507 άλλά
3200 456 3291 507 καὶ
3316 454 3442 521 νῦν,
3482 458 3568 511 ὅτε
3598 461 3733 530 πόρ-

2156 539 2236 609 ρω
2293 538 2483 608 ἐσμὲν,
2536 538 2631 591 καὶ
2667 538 3060 609 μαστιζομεθα,
3108 541 3203 593 καὶ
3254 541 3426 612 μυρία
3456 544 3735 614 πάσχομεν

2151 626 2321 690 δεινὰ,
2363 625 2551 694 μνείαν
2597 627 2752 695 ἡμῶν
2801 627 3015 696 ἀγαθὴν
3061 627 3234 697 ἔχετε.
3278 629 3573 682 Ἀκούσατε
3620 633 3737 695 πῶς

2154 712 2524 782 θαυμάζονται
2548 712 2790 782 μαθηταὶ
2817 714 3006 781 μνείαν
3025 712 3235 785 ἀγαθὴν
3255 716 3383 785 περὶ
3405 715 3737 768 διδασκάλων

2154 800 2391 871 ἔχοντες,
2454 800 2571 863 πῶς
2638 800 3053 870 μακαρίζονται.
3109 802 3423 871 Μιμώμεθα
3484 803 3734 864 τούτους·

2152 890 2303 960 ἡμᾶς
2336 889 2443 960 γὰρ
2474 890 2673 953 αὐτοὺς
2700 888 3043 959 ὠφελούμεν,
3077 892 3137 944 οὑ
3164 892 3291 954 τοὺς
3318 893 3734 962 ἀγαπωμένους.

2168 976 2627 1041 Ἑπιποθοῦντες
2670 976 2852 1045 ἡμᾶς,
2894 979 3078 1047 φησὶν,
3125 976 3295 1042 ἰδεῖν,
3331 979 3593 1045 καθάπερ
3640 978 3737 1031 καὶ

2155 1065 2327 1135 ἡμεῖς
2356 1064 2529 1134 ὑμᾶς.
2565 1066 2673 1118 Καὶ
2709 1066 2869 1119 τοῦτο
2908 1067 2964 1120 δὲ
3012 1067 3207 1128 αὑτοὺς
3236 1068 3490 1137 εὑφρανε.
3524 1068 3596 1119 Τὸ
3626 1068 3736 1138 γὰρ

2161 1153 2354 1224 μαθεῖν
2379 1153 2470 1205 τὸν
2503 1152 2782 1221 φιλοῦντα,
2809 1154 2890 1207 ὅτι
2940 1154 3101 1208 τοῦτο
3138 1149 3280 1207 οἶδεν
3323 1158 3352 1208 ὁ
3395 1155 3737 1225 φιλούμενος,

2155 1241 2238 1294 ὃτι
2269 1241 2529 1309 φιλεῖται.
2554 1239 2724 1311 πολλὴ
2754 1240 3082 1311 παραμυθία
3114 1242 3209 1295 καὶ
3246 1242 3609 1312 παράκλησις.
3638 1244 3742 1294 Διά

2154 1326 2332 1381 τοῦτο
2361 1328 2849 1398 παρεκλήθημεν,
2872 1328 3143 1397 ἀδελφοὶ,
3166 1329 3257 1397 ἐφ’
3277 1329 3419 1398 ὑμῖν
3447 1328 3544 1382 ἐπὶ
3575 1328 3742 1397 πάσῃ

2155 1412 2232 1481 τῇ
2264 1415 2466 1483 θλίψει
2500 1415 2601 1469 καί
2646 1415 2879 1484 ἀνάγκῃ
2922 1415 3094 1484 ἡμῶν
3137 1414 3236 1468 διὰ
3279 1412 3389 1482 τῆς
3432 1413 3597 1484 ὑμῶν
3642 1430 3742 1467 πι-

2156 1517 2379 1567 στεως·
2431 1502 2521 1556 ὅτι
2562 1502 2680 1556 νῦν
2727 1503 2932 1572 ζῶμεν,
2974 1502 3083 1555 ἐὰν
3121 1501 3290 1570 ὑμεῖς
3351 1502 3616 1568 στήκητε
3674 1502 3743 1557 ἐν

2156 1592 2373 1659 Κυρίῳ.
2406 1591 2474 1643 Τί
2502 1591 2719 1645 Παύλου
2758 1592 2873 1644 ῐσον
2901 1590 3098 1659 γένοιτ’
3128 1590 3217 1657 ἂν,
3244 1590 3303 1653 ὃς
3333 1591 3433 1656 τὴν
3460 1590 3569 1644 τῶν
3603 1591 3742 1660 πλη-

2160 1678 2275 1730 σίον
2320 1679 2595 1749 σωτηρίαν
2639 1677 2886 1748 ἐνόμιζεν
2934 1672 3075 1730 εἶναι
3118 1675 3217 1746 τὴν
3245 1676 3462 1742 ἑαυτοῦ,
3494 1676 3745 1747 καθάπερ

2160 1764 2309 1838 [454]
2339 1766 2501 1835 σῶμα
2545 1765 2684 1836 πρὸς
2734 1765 2894 1834 μέλη,
2921 1762 3063 1818 οὕτω
3102 1764 3238 1834 πρὸς
3270 1766 3478 1827 πάντας
3524 1764 3747 1817 διακεί-

2162 1868 2319 1922 μενος
2334 1869 2349 1916 ;
2364 1852 2445 1916 τίς
2460 1851 2746 1922 δυνήσεται
2762 1851 2965 1921 ταύτην
2984 1851 3142 1922 ῥῆξαι
3158 1852 3255 1921 τὴν
3270 1851 3453 1921 φωνὴν
3468 1849 3564 1903 νῦν
3582 1869 3595 1916 ;
3617 1850 3747 1921 μᾶλ-

2158 1938 2246 1990 λον
2267 1937 2326 1990 δὲ
2345 1938 2429 2000 τίς
2456 1938 2745 2009 δυνήσεται
2782 1936 2924 1989 οὑτω
2957 1938 3223 2007 φρονῆσαί
3257 1955 3417 2005 ποτε;
3446 1939 3559 1991 Οὐκ
3589 1937 3745 2006 ἠξίου

2156 2025 2317 2095 χάριν
2350 2025 2550 2088 αὐτοὺς
2580 2025 2778 2079 εἰδέναι
2807 2024 2955 2095 αὑτῷ
2985 2025 3091 2077 τῶν
3121 2025 3444 2095 πειρασμῶν
3471 2026 3579 2076 τῶν
3605 2024 3748 2094 ὑπὲρ

2157 2112 2358 2175 αὐτῶν,
2395 2113 2530 2166 ἀλλὰ
2556 2114 2714 2184 χάριν
2757 2114 2939 2174 αὐτοῖς
2968 2112 3105 2183 ᾔδει,
3134 2113 3213 2166 ὅτι
3246 2114 3346 2166 οὑκ
3374 2113 3749 2180 ἐσαλεύθησαν

2156 2200 2245 2253 διὰ
2276 2200 2402 2263 τοὺς
2446 2201 2789 2270 πειρασμοὺς
2836 2201 2963 2262 τοὺς
3010 2200 3176 2253 αὑτοῦ
3198 2217 3209 2229 ·
3239 2200 3315 2263 ὼς
3347 2199 3413 2253 ἂν
3442 2202 3493 2253 εἰ
3533 2200 3741 2269 ἔλεγεν,

2158 2291 2240 2344 ὅτι
2272 2289 2432 2359 Ὑμῖν
2453 2290 2674 2359 μᾶλλον.
2699 2290 2731 2360 ἢ
2762 2291 2891 2360 ἡμῖν
2915 2290 3023 2343 ἀπὸ
3048 2289 3158 2343 τῶν
3182 2290 3507 2360 πειρασμῶν
3532 2289 3748 2357 ἐγένετο

2159 2376 2331 2447 βλάϐη
2351 2394 2364 2406 ·
2396 2378 2555 2446 ὑμεῖς
2583 2378 2945 2447 ἐπειράσθητε
2994 2377 3194 2446 μᾶλλον
3220 2378 3251 2448 ἢ
3287 2379 3467 2446 ἡμεῖς,
3503 2378 3660 2446 ὑμεῖς
3691 2376 3745 2429 οἱ

2161 2462 2325 2532 μηδὲν
2345 2462 2625 2527 παθόντες,
2651 2463 2809 2533 ἡμῶν
2832 2463 2938 2515 τῶν
2968 2463 3266 2515 παθόντων.
3308 2463 3523 2533 Ἐπειδὴ
3544 2463 3737 2527 ταῦτα,

2160 2552 2345 2620 φησὶν,
2375 2550 2768 2617 εὐηγγελίσατο
2802 2552 2947 2619 ἡμᾶς
2981 2553 3009 2603 ὁ
3050 2551 3331 2621 Τιμόθεος,
3362 2551 3511 2604 οὐδὲν
3550 2550 3745 2604 αἰσθα-

2158 2637 2363 2706 νόμεθα
2413 2637 2523 2688 τῶν
2581 2637 2862 2706 λυπηρῶν,
2908 2637 3079 2703 ἀλλὰ,
3128 2639 3597 2705 Παρεκλήθημεν
3642 2636 3744 2690 ἐπὶ

2158 2724 2325 2795 πάσῃ
2365 2723 2440 2793 τῇ
2480 2724 2713 2792 θλίψει·
2743 2725 2802 2776 οὑ
2835 2723 3005 2795 ταύτῃ
3040 2724 3098 2777 δὲ
3148 2725 3331 2795 μόνον,
3363 2725 3500 2778 ἀλλὰ
3534 2725 3627 2779 καὶ
3665 2723 3746 2793 Τῇ

2157 2812 2390 2881 ἀνάγκῃ
2443 2810 2634 2879 ἡμῶν,
2688 2811 2882 2881 φησίν·
2940 2813 3185 2875 εἰκότως.
3243 2813 3573 2865 Διδασκάλου
3636 2812 3747 2881 γάρ

2164 2897 2377 2966 ἀγαθοῦ
2409 2898 2559 2950 οὐδὲν
2597 2897 2662 2951 ἂν
2694 2898 2888 2964 ἅψαιτο
2920 2898 3125 2963 λοιπὸν,
3172 2898 3276 2961 ἕως
3304 2900 3371 2955 ἂν
3402 2901 3472 2952 τὰ
3500 2900 3610 2952 τῶν
3640 2916 3746 2969 μα-

2160 2986 2339 3055 θητῶν
2363 2986 2502 3039 κατὰ
2533 2986 2759 3056 γνώμην
2785 2986 2933 3056 αὑτῴ
2980 2990 3266 3059 προχωρῇ.
3287 2987 3363 3041 Δι’
3386 2988 3561 3057 ὑμῶν,
3587 2989 3745 3055 φησὶ,

2161 3073 2589 3143 παρεκλήθημεν
2607 3090 2621 3104 ·
2655 3074 2952 3137 τουτέστιν,
2982 3073 3142 3144 ὑμεῖς
3171 3076 3317 3145 ἡμᾶς
3344 3074 3737 3146 ἐστερεώσατε.

2161 3164 2272 3216 Καὶ
2317 3163 2423 3235 μὴν
2458 3163 2768 3215 τούναντίον
2809 3158 2911 3233 ἦν·
2945 3163 3005 3215 τὸ
3054 3164 3163 3234 γὰρ
3215 3164 3488 3225 παθόντας
3537 3165 3612 3235 μὴ
3658 3166 3746 3217 ἐν·

2160 3252 2366 3317 δοῦναι,
2400 3252 2536 3305 ἀλλὰ
2561 3252 2754 3321 στῆναι
2789 3252 3073 3321 γενναίως,
3113 3253 3296 3308 ἱκανὸν
3326 3255 3453 3318 τοὺς
3496 3254 3746 3325 μαθητὰς

2162 3340 2435 3411 στηρίξαι.
2476 3338 2615 3391 Ἀλλ’
2642 3340 2803 3401 αὐτὸς
2828 3339 2972 3393 ἆπαν
3004 3341 3314 3395 τούναντίον
3345 3344 3507 3406 ποιεῖ,
3533 3343 3626 3394 καὶ
3663 3345 3744 3406 είς

2162 3428 2406 3490 ἐκείνους
2469 3427 2789 3497 περιτρέπει
2851 3429 2913 3480 τὸ
2990 3428 3527 3499 ἐγκώμιον·”ὑμεῖς
3598 3430 3744 3500 ἡμᾶς

2159 3515 2441 3586 ἠλείψατε,
2470 3516 2635 3584 φησίν
2654 3533 2668 3547 ·
2699 3517 2855 3585 ὑμεῖς
2887 3517 3018 3585 ἡμῖν
3063 3514 3404 3569 ἀναπνεῦσαι
3442 3514 3739 3569 δεδώκατε·

2162 3604 2320 3671 ὑμεῖς
2352 3602 2455 3656 οὑκ
2492 3604 2739 3674 ἀφήκατε
2785 3602 2895 3654 τῶν
2939 3603 3260 3672 πειρασμῶν
3297 3603 3597 3656 αἰσθέσθαι.
3632 3603 3743 3656 Καὶ

2161 3692 2262 3745 οὑκ
2325 3688 2499 3754 εἶπεν,
2562 3691 2990 3760 ἁνεπνεύσαμεν,
3050 3692 3195 3757 οὑδὲ,
3237 3691 3737 3763 παρεμυθήθημεν·

2162 3779 2300 3831 ἀλλὰ
2323 3783 2408 3845 τί;
2433 3778 2563 3833 Νῦν
2591 3778 2803 3847 ζῶμεν·
2830 3777 3044 3842 δεικνὺς
3077 3781 3159 3832 ὅτι
3200 3780 3293 3832 καὶ
3318 3779 3623 3852 πειρασμὸν
3646 3781 3742 3833 καὶ⁵

2162 3867 2394 3920 θάνατον
2442 3865 2595 3918 οὐδὲν
2649 3866 2777 3921 ἄλλο
2829 3868 3066 3936 ἡγεῖται,
3111 3867 3143 3937 ἢ
3204 3866 3266 3919 τὸ
3329 3867 3625 3921 σκάνδαλον
3680 3866 3743 3919 τὺ

2161 3953 2404 4017 ἐκείνων,
2428 3954 2561 4006 ὅπου
2593 3969 2656 4022 γε
2687 3953 2781 4006 καὶ
2811 3952 2955 4023 ζωὴν
3007 3953 3105 4022 τὴν
3160 3953 3383 4006 ἐκείνων
3429 3954 3737 4024 προκοπήν.

2163 4040 2289 4103 Πῶς
2318 4040 2384 4093 ἂν
2424 4039 2583 4103 ἄλλος
2621 4050 2749 4103 τιςο
2780 4040 2813 4112 ἢ
2841 4040 2939 4110 τὴν
2973 4039 3149 4109 λύπην
3200 4040 3297 4110 τὴν
3346 4041 3440 4092 ἐπὶ
3506 4044 3572 4111 τῇ
3632 4039 3741 4092 τῶν

2165 4127 2424 4199 μαθητῶν
2464 4127 2810 4199 ἀσθενείᾳ,ῆ
2878 4128 2977 4197 τὴν
3037 4127 3213 4198 χαρὰν
3269 4127 3571 4199 ἐδήλωσεν;
3623 4127 3737 4180 Οὐκ

2161 4212 2303 4279 εἷπε,
2335 4216 2618 4286 χαίρομεν,
2663 4215 2817 4281 ἀλλὰ,
2848 4215 3070 4285 Ζώμεν,
3102 4215 3247 4285 ζωὴν
3272 4214 3444 4284 λέγων
3477 4216 3576 4287 τὴν
3610 4214 3737 4286 μέλο

2160 4300 2379 4357 λουσαν.
2814 4311 2817 4314 ⁴

2230 4397 2301 4460 γ’.
2340 4391 2505 4444 Ὥστε
2549 4390 2677 4445 ἄνευ
2710 4389 2900 4444 τούτου
2926 4390 3047 4444 οὑδὲ
3077 4391 3176 4461 ζῇν
3201 4393 3262 4445 τὸ
3297 4391 3397 4463 ζῇν
3428 4392 3730 4463 ἡγούμεθα.

2159 4479 2314 4533 Οὕτω
2346 4480 2472 4541 τοὺς
2510 4478 2859 4541 διδασκάλους
2908 4478 3211 4531 διακεῖσθαι
3258 4482 3384 4550 χρὴ,
3430 4480 3572 4533 οὑτω
3611 4483 3737 4544 τοὺς

2167 4564 2437 4635 μαθητάς,
2472 4565 2568 4618 καὶ
2594 4565 2747 4618 οὐδὲν
2770 4565 2967 4618 ἄτοπον
2990 4565 3141 4617 ἔσται
3168 4568 3319 4620 ποτέ,
3351 4563 3485 4620 Εἶτα
3518 4568 3736 4638 προσλι-

2159 4651 2367 4726 παίνων
2390 4652 2658 4723 αὑτὸ,ὃρα
2675 4650 2727 4703 τί
2754 4668 2909 4721 φησι·
2944 4654 3082 4706 Τίνα
3102 4652 3211 4721 γὰρ
3232 4655 3624 4722 εὐχαριστίαν
3636 4655 3736 4709 δυ-

2158 4737 2384 4807 νάμεθα
2398 4738 2478 4804 τῷ
2496 4738 2618 4804 Θεῷ
2632 4738 3074 4793 ἀνταποδοῦναι
3090 4740 3223 4808 περὶ
3240 4740 3406 4808 ὑμῶν
3434 4741 3535 4794 ἐπὶ
3566 4742 3735 4811 πάσῃ

2156 4825 2233 4894 τῇ
2252 4825 2426 4896 χαρᾷ,
2442 4822 2484 4899 ᾖ
2520 4828 2804 4896 χαίρομεν
2827 4826 2902 4880 δι’
2933 4827 3087 4896 ὑμᾶς
3106 4829 3445 4897 ἔμπροσθεν
3464 4830 3571 4883 τοῦ
3586 4830 3732 4885 Θεοῦ

2154 4912 2342 4982 ἡμῶν,
2356 4915 2576 4979 νυκτὸς
2602 4913 2700 4968 καὶ
2724 4912 2947 4982 ἡμέρας
2975 4916 3495 4983 ὑπερεκπερισσοῦ
3527 4916 3730 4987 δεόμε-

2154 5017 2251 5054 νοι
2271 5003 2358 5067 είς
2392 5001 2460 5054 τὸ
2498 5001 2649 5055 ἰδεῖν
2683 5000 2854 5071 ὑμῶν
2873 5002 2941 5056 τὸ
2967 5003 3307 5070 πρόσωπον,
3334 5003 3434 5057 καί
3455 5007 3729 5072 καταρτί·

2154 5104 2262 5141 σαι
2281 5088 2355 5142 τὰ
2373 5088 2755 5158 ὑστερήματα
2780 5087 2891 5157 τῆς
2913 5090 3170 5155 πίστεως
3192 5092 3391 5160 ὑμῶν;
3409 5091 3542 5162 Οὐχὶ
3560 5090 3726 5162 ζωῆς,

2155 5176 2341 5247 φησὶν,
2365 5177 2527 5230 αἴτιοι
2558 5178 2688 5247 ἡμῖν
2723 5177 3018 5245 γεγένησθε
3048 5178 3230 5247 μόνον,
3250 5178 3385 5231 ἀλλὰ
3408 5179 3502 5233 καὶ
3530 5181 3727 5249 εὐφρο-

2156 5262 2322 5333 σύνης
2353 5263 2573 5335 πολλῆς,
2606 5266 2699 5317 καὶ
2740 5265 3025 5331 τοσαύτης,
3061 5264 3136 5328 ὡς
3168 5266 3303 5334 μηδὲ
3334 5267 3727 5336 εὐχαριστῆσαι

2152 5349 2414 5404 δύνασθαι
2441 5351 2516 5420 τῷ
2548 5350 2666 5421 Θεῷ
2694 5350 2815 5404 κατ’
2843 5351 3020 5415 ἀξίαν.
3063 5352 3135 5403 Τὸ
3164 5352 3317 5421 ὑμῶν
3338 5352 3365 5391 ά
3397 5353 3727 5423 κατόρθωμα

2150 5437 2323 5506 δῶρον
2352 5435 2511 5504 εἶναι,
2542 5438 2695 5508 φησὶ,
2720 5437 2813 5491 τοῦ
2839 5438 2972 5491 Θεοῦ
2996 5438 3277 5509 ἡγούμεθα
3298 5456 3311 5471 ·
3336 5441 3556 5493 τοιαῦτα
3577 5442 3724 5511 ἡμᾶς

2217 5586 2239 5614 ε
2273 5584 2522 5633 Εχρίᾶὶεςε
2542 5586 2737 5635 videtur
2759 5587 2925 5644 οὕτως,
2952 5588 3029 5635 vel
3072 5586 3234 5637 simile
3254 5587 3553 5638 adverbium.
3584 5587 3718 5637 Enn.

2154 5644 2560 5757 uifLegcbatur
2581 5650 2734 5709 ἡμῶν.
2772 5648 3101 5711 Correximus,
3136 5653 3414 5711 postulante
3456 5653 3718 5701 sententia.
