4114 6396
347 434 442 488 l-l'l

347 550 464 616 (Job
495 548 550 601 9..
575 546 655 612 9).
688 545 820 600 Vide
847 544 1114 616 quomodo
1145 545 1313 612 ipsam
1360 539 1661 594 tentavcrit.
1688 535 1798 590 Cur
1828 550 1922 610 au-

347 654 455 696 tem
489 658 595 696 non
622 641 792 704 dixit,
822 637 1189 701 Labefecerit,
1235 635 1326 689 sed
1350 675 1364 699 ,
1415 629 1746 685 Tentaverit?
1778 627 1923 693 Quo-

353 735 495 787 niam
523 743 749 793 tantum,
788 731 978 799 inquit,
1004 730 1304 797 suspicatus
1330 741 1445 779 sum
1483 739 1577 776 vos
1607 736 1726 774 esse
1753 727 1924 774 tenta-

349 836 464 879 tos:
491 840 594 878 non
625 825 768 877 enim
796 823 914 890 ejus
939 822 1284 874 tentationem
1309 825 1463 869 vocat
1490 811 1921 870 commotionem.

349 918 479 973 Nam
510 918 598 985 qui
630 917 746 984 ejus
793 914 1026 968 admittit
1077 913 1344 965 incursum
1375 917 1428 961 et
1477 904 1851 974 irruptionem,
1883 901 1928 953 is

350 1019 429 1062 cst
479 1006 825 1061 labefactatus
871 1014 925 1058 et
966 1010 1285 1056 commotus.
1348 999 1541 1066 Papae!
1602 1001 1798 1064 quanta
1846 1001 1928 1044 est

353 1101 501 1155 Pauli
529 1098 901 1154 benevolentia
928 1098 941 1150 !
975 1111 1079 1149 non
1113 1093 1327 1147 fuerunt
1352 1093 1399 1144 ei
1421 1104 1563 1143 curze
1589 1085 1923 1149 afﬁictiones,

353 1207 452 1246 nec
483 1190 710 1245 insidia}.
755 1187 959 1257 Opinor
998 1186 1140 1240 enim
1172 1200 1294 1239 eum
1335 1192 1458 1236 tunc
1497 1180 1605 1235 illic
1644 1177 1925 1233 mansisse.

352 1281 504 1336 Sicut
551 1279 681 1335 dicit
733 1278 926 1343 Lucas,
955 1292 1078 1330 eum
1123 1277 1172 1329 in
1228 1273 1447 1328 Hellade
1503 1270 1765 1325 mansisse
1817 1276 1928 1320 tres

356 1386 601 1434 menses,
649 1386 768 1423 cum
815 1370 863 1423 ei
909 1379 1127 1422 Structze
1158 1365 1385 1420 fuissent
1426 1361 1634 1418 insidiae
1661 1375 1692 1414 a
1730 1357 1928 1413 Judaeis

358 1465 493 1529 (Act.
524 1463 614 1519 20.
646 1464 725 1531 5).

425 1556 478 1609 2.
503 1555 618 1610 Νοη
645 1568 775 1623 ergo
821 1554 867 1608 ei
895 1568 1036 1606 cura:
1062 1559 1214 1606 erant
1245 1547 1499 1619 pericula,
1531 1543 1626 1600 sed
1652 1540 1922 1612 discipuli.

363 1648 520 1702 Vides
541 1647 680 1716 quod
706 1645 948 1716 quemvis
967 1645 1256 1697 naturalem
1279 1651 1480 1711 patrem
1507 1634 1926 1707 exsuperavcrit.

357 1739 488 1793 Nam
525 1753 623 1792 nos
648 1737 865 1807 quidem
883 1737 933 1789 in
963 1734 1340 1789 afflictionibus
1365 1742 1420 1785 et
1450 1730 1700 1801 periculis
1729 1741 1932 1782 memo-

359 1834 488 1886 riam
516 1831 752 1884 omnium
799 1829 1150 1898 expellimus:
1185 1828 1299 1896 ipse
1324 1835 1503 1880 autem
1549 1825 1614 1878 de
1646 1823 1768 1876 filiis
1795 1821 1932 1877 adeo

361 1924 574 1978 timebat
590 1932 642 1975 et
666 1921 946 1979 tremebat.
970 1931 1027 1974 ut
1049 1935 1204 1989 quem
1222 1918 1608 1973 consolatorem
1637 1915 1808 1970 solum
1832 1914 1930 1968 ha-

359 2016 511 2069 bebat
563 2014 902 2067 Timotheum
942 2021 994 2065 et
1023 2012 1349 2078 adjutorem,
1381 2025 1504 2063 eum
1537 2009 1588 2060 in
1625 2008 1754 2076 ipsis
1781 2005 1929 2076 peri-

358 2107 492 2160 Culis
539 2107 775 2159 mitteret
818 2103 886 2157 ad
936 2119 1048 2156 eos.
1083 2102 1146 2154 Et
1190 2102 1358 2155 inanis
1408 2102 1498 2168 ﬁat
1547 2101 1688 2154 labor
1737 2109 1928 2153 noster.

358 2198 571 2264 Quare?
622 2213 742 2250 nam
771 2195 873 2250 etsi
900 2195 1073 2249 eversi
1104 2203 1303 2257 essent,
1340 2209 1444 2247 non
1480 2203 1567 2248 tua
1599 2193 1774 2262 culpa,
1823 2208 1932 2246 non

361 2299 447 2342 tua
477 2288 720 2342 socordia
748 2287 800 2341 id
822 2286 1123 2340 accidisset.
1147 2285 1250 2339 Sed
1278 2295 1452 2339 tamen
1474 2286 1630 2338 rebus
1656 2285 1722 2337 ita
1755 2298 1813 2337 se
1835 2283 1934 2335 ha-

357 2381 629 2443 bentibus,
686 2379 898 2432 inanem
928 2376 1090 2429 fuisse
1129 2377 1377 2430 existimo
1426 2375 1554 2428 mihi
1589 2375 1826 2428 laborem
1867 2389 1935 2426 ex

357 2470 528 2524 multo
557 2468 793 2522 fraterno
840 2482 1044 2520 amore.
1081 2465 1160 2519 Ne
1189 2470 1318 2538 forte
1347 2466 1607 2519 tentaverit
1652 2482 1737 2518 vos
1779 2466 1820 2517 is
1850 2465 1936 2532 qui

360 2571 535 2614 tentat.
565 2561 759 2614 Tentat
811 2569 989 2613 autem
1039 2560 1285 2612 nesciens
1322 2574 1389 2611 an
1435 2559 1505 2611 sit
1551 2566 1930 2626 prostraturus.

360 2652 559 2706 Deinde
583 2652 672 2705 ille
695 2651 928 2721 quidem,
955 2651 1118 2704 etiam
1157 2659 1213 2702 ut
1239 2665 1343 2702 non
1392 2651 1568 2703 sciens
1595 2647 1932 2716 aggreditur;

358 2762 457 2799 nos
479 2755 680 2809 autem,
704 2743 936 2797 scientes
956 2757 1054 2795 nos
1083 2757 1204 2795 eum
1235 2742 1390 2810 longe
1418 2749 1764 2809 superaturos
1792 2753 1934 2805 esse,

359 2838 543 2906 vigiles
567 2852 671 2890 non
703 2836 928 2890 sumus?
950 2834 1102 2900 Quod
1129 2841 1307 2888 autem
1338 2835 1587 2887 nesciens
1618 2847 1715 2886 nos
1745 2847 1934 2902 aggre-

359 2929 551 2992 diatur,
581 2929 632 2981 in
674 2928 776 2984 Job
800 2929 1054 2984 ostendit.
1101 2929 1211 2983 Deo
1243 2928 1384 2982 enim
1433 2925 1645 2980 dicebat
1674 2925 1937 2993 malignus

360 3022 449 3075 ille
477 3021 685 3076 dietnon
717 3038 732 3076 :
768 3020 954 3074 Nonne
983 3030 1034 3073 tu
1078 3037 1158 3073 res
1202 3021 1310 3088 ejus
1336 3034 1449 3088 qua:
1489 3027 1535 3071 et
1575 3019 1710 3070 intus
1735 3026 1781 3071 et
1811 3016 1937 3086 foris

359 3121 475 3165 sunt
493 3113 713 3164 muniisti
734 3112 758 3164 ?
784 3112 941 3180 Aufer
962 3112 1071 3181 ejus
1097 3109 1384 3180 facultates,
1416 3118 1546 3162 certe
1566 3109 1617 3161 in
1642 3108 1824 3178 faciem
1850 3106 1938 3160 tibi

359 3203 610 3256 benedicet
640 3201 760 3273 (Job
791 3203 842 3256 1.
876 3202 964 3256 10.
996 3202 1109 3271 11).
1140 3201 1353 3255 Tentat.
1404 3200 1462 3254 Si
1507 3199 1699 3253 viderit
1731 3198 1935 3267 aliquid

361 3295 705 3356 imbecillum,
761 3294 997 3359 invadit;
1030 3294 1075 3347 si
1124 3292 1380 3358 validum,
1413 3291 1636 3346 recedit.
1675 3289 1742 3343 Et
1771 3290 1937 3344 inanis

360 3389 470 3455 ﬁat,
503 3387 690 3456 inquit,
723 3385 863 3438 labor
893 3395 1079 3438 noster.
1108 3385 1401 3438 Audiamus
1429 3399 1636 3446 omnes,
1668 3380 1936 3451 quomodo

361 3479 678 3535 laboraverit
705 3479 922 3533 Paulus.
954 3479 1068 3532 Non
1090 3478 1243 3532 dixit.
1263 3479 1428 3547 Opus,
1456 3478 1571 3544 sed,
1603 3477 1802 3541 Labor;
1830 3492 1934 3530 non

360 3569 510 3631 dixit,
535 3568 709 3622 Etvos
726 3569 999 3638 peribitis;
1033 3568 1148 3632 sed,
1181 3567 1348 3620 Labor
1377 3577 1562 3621 noster.
1582 3568 1936 3635 Quamobrem

361 3659 406 3712 si
451 3659 650 3730 aliquid
694 3659 1000 3726 accidisset,
1029 3659 1392 3713 verisimiliter
1432 3670 1747 3713 eventurum
1776 3669 1890 3713 erat
1918 3673 1933 3711 :

361 3752 608 3818 quoniam
636 3759 814 3804 autem
843 3765 948 3804 uou
978 3750 1191 3816 accidit,
1228 3750 1385 3804 valde
1414 3761 1497 3804 est
1544 3750 1934 3804 admirandum.

364 3841 488 3895 Hinc
521 3839 757 3910 quidem,
784 3840 975 3908 inquit,
1010 3841 1457 3909 exspectavimus,
1505 3851 1800 3895 evenerunt
1839 3857 1936 3894 au-

363 3944 466 3988 tem
488 3936 756 3989 contraria
782 3953 794 3988 :
817 3950 923 3989 non
943 3937 1114 3989 solum
1131 3935 1272 3990 enim
1297 3934 1496 3988 nullam
1522 3934 1823 3988 afﬁictionis
1843 3950 1938 3991 ac-

361 4027 657 4081 cessionem
685 4042 715 4081 a
746 4027 895 4081 vobis
922 4027 1246 4097 accepimus,
1287 4026 1380 4080 sed
1411 4027 1572 4080 etiam
1613 4026 1935 4080 consolatio-

362 4132 503 4171 Item.
539 4116 692 4170 Nunc
718 4128 886 4171 autent
915 4118 1137 4171 veniente
1168 4116 1428 4171 Timotheo
1452 4118 1519 4170 ad
1541 4135 1631 4170 nos
1651 4135 1681 4169 a
1706 4118 1862 4181 vobis,
1889 4127 1936 4170 et

361 4209 693 4262 annuntiante
715 4209 857 4262 nobis
887 4210 1039 4277 ﬁdem
1065 4217 1111 4264 et
1145 4208 1406 4262 caritatem
1453 4217 1688 4262 vestram.
1717 4207 1936 4260 Annuu-

363 4299 534 4364 tiante,
567 4300 757 4369 inquit.
807 4300 964 4355 Vides
1007 4315 1257 4370 magnam
1306 4299 1458 4354 Pauli
1511 4297 1934 4354 laatitiam?Non

363 4395 515 4458 dixit,
542 4400 927 4462 ἀπαγγείλαντος,
956 4396 1009 4450 id
1040 4406 1146 4463 est,
1180 4397 1481 4458 nuntiante,
1515 4393 1610 4448 sed
1635 4398 1936 4459 sim-nelias:-

360 4498 521 4556 μένου,
552 4489 604 4542 id
633 4497 734 4552 est,
776 4490 947 4544 fausta
997 4489 1279 4543 nuntiante
1307 4506 1319 4542 :
1352 4497 1558 4542 tantum
1599 4486 1937 4540 existimabat

361 4580 560 4634 bonum
589 4581 798 4634 illorum
833 4581 1161 4644 firmitatem,
1187 4589 1242 4635 et
1269 4581 1569 4633 caritatem.
1597 4577 1827 4633 Necesse
1854 4585 1936 4631 est

360 4671 501 4723 enim
531 4671 618 4723 illa
647 4672 798 4724 ﬁrma
828 4679 1078 4725 manente
1109 4680 1165 4725 et
1193 4669 1391 4736 stabili,
1422 4670 1561 4722 hanc
1586 4683 1796 4738 quoque
1815 4683 1935 4722 esse

360 4759 564 4814 ﬁrmam
609 4776 673 4814 ac
719 4761 985 4815 stabilem.
1034 4760 1340 4816 Lzetabatur
1388 4769 1564 4813 autem
1615 4767 1669 4811 et
1719 4767 1936 4827 propter

359 4851 597 4919 ipsorum
628 4853 925 4918 caritatem,
969 4851 1111 4921 quod
1158 4866 1219 4905 ea
1273 4860 1418 4906 esset
1461 4851 1669 4918 signum
1698 4847 1837 4913 ﬁdei,
1868 4845 1934 4900 Et

356 4942 510 5012 quod,
541 4943 734 5011 inquit,
768 4943 1061 4996 memoriam
1083 4943 1240 4996 nostri
1269 4941 1459 4995 habetis
1488 4955 1683 5010 semper
1725 4939 1929 5005 bonam,

357 5034 699 5088 desiderantes
744 5051 836 5087 nos
867 5035 1056 5100 videre,
1080 5034 1208 5087 sicut
1253 5042 1299 5087 ct
1344 5049 1435 5086 nos
1464 5048 1660 5100 quoque
1684 5047 1791 5084 vos.
1820 5029 1932 5083 Hoc

354 5135 436 5180 est
466 5141 587 5179 cum
638 5126 886 5182 laudibus
931 5144 944 5181 :
989 5142 1098 5182 non
1143 5125 1356 5197 quando
1406 5125 1712 5188 aderamus,
1758 5138 1933 5192 neque

355 5216 567 5284 quando
621 5217 877 5271 miracula
920 5217 1282 5283 faciebamus;
1332 5217 1426 5272 sed
1480 5231 1621 5271 nunc
1671 5230 1925 5286 quoque,

355 5307 568 5376 quando
596 5309 781 5377 procul
821 5309 1096 5375 absumus,
1129 5318 1184 5364 et
1210 5308 1388 5379 ﬁagris
1426 5306 1683 5364 caedimur
1709 5317 1761 5362 et
1792 5306 1930 5359 mala

355 5399 585 5467 patimur
607 5399 1032 5464 innumerabilia,
1065 5400 1376 5454 memoriam
1401 5400 1564 5454 nostri
1608 5399 1813 5454 habetis
1835 5399 1931 5452 bo-

358 5504 503 5542 nam.
534 5490 729 5544 Audite
756 5490 1025 5559 quomodo
1074 5492 1127 5545 in
1156 5489 1511 5545 admiratione
1541 5489 1802 5544 habentur
1843 5488 1928 5542 di-

354 5583 582 5650 scipuli,
628 5583 696 5638 de
742 5585 1010 5652 magistris
1058 5584 1257 5639 bonam
1302 5584 1560 5638 habentes
1592 5583 1922 5647 memoriam,

353 5675 620 5744 quomodo
649 5675 787 5730 beati
811 5677 1166 5746 prmdicantur
1189 5693 1202 5730 :
1229 5691 1322 5731 eos
1339 5677 1607 5732 imitemur
1628 5693 1640 5728 :
1665 5689 1761 5729 nos
1784 5675 1926 5729 enim

356 5767 498 5834 ipsos
519 5766 846 5835 juvabimus,
878 5782 986 5822 non
1013 5783 1106 5823 eos
1146 5767 1236 5838 qui
1265 5767 1572 5836 diliguntur.
1618 5763 1927 5819 Desideran-

357 5867 428 5913 ιρι
460 5875 547 5912 nos
575 5860 760 5926 ridere,
785 5863 913 5915 sicut
939 5872 984 5915 et
1011 5878 1102 5916 nos
1128 5877 1234 5915 vos.
1265 5859 1375 5916 lloc
1413 5874 1623 5930 quoque
1652 5859 1800 5930 ipsos
1831 5858 1926 5913 hie-

1175 427 1240 482 ΙΝ
1278 423 1491 481 EPIST.
1536 420 1554 474 l
1617 421 1709 475 AD
1746 416 2071 472 THESSAL.
2111 417 2262 472 CAP.
2304 415 2392 472 lll.
2433 418 2661 475 llOMlL.
2702 419 2793 478 IV.

3500 420 3606 475 Mi!

2031 533 2142 586 titia
2187 533 2474 591 afficiebat.
2505 535 2636 590 Nam
2693 535 2833 606 quod
2863 537 2953 605 qui
2997 537 3169 607 diligit
3206 536 3454 592 didicerit
3481 553 3605 594 eum

2030 627 2119 694 qui
2151 626 2389 696 diligitur
2417 627 2517 682 hoc
2559 643 2738 691 nosse,
2785 645 2978 698 nempe
3007 645 3066 684 se
3090 631 3258 699 diligi,
3306 647 3494 700 magna
3526 642 3608 685 est

2031 716 2325 770 Consolatio
2355 726 2406 770 et
2435 719 2719 773 recreatio.
2754 719 2805 771 7.
2831 718 2962 772 Ideo
2992 721 3237 773 consolati
3268 737 3460 785 simius,
3500 723 3608 791 fra-
3678 765 3680 767 .

2031 815 2150 872 tres,
2178 808 2227 859 in
2259 809 2394 860 vobis
2421 810 2474 861 in
2503 809 2639 862 omni
2666 810 2960 863 necessitate
2985 820 3031 863 et
3060 811 3383 864 tribulatione
3410 823 3607 876 nostra,

2031 911 2119 962 per
2145 896 2308 975 ﬁdem.
2325 909 2538 950 vestram
2563 914 2580 951 :
2610 899 2850 965 quoniam
2873 915 3007 952 nunc
3034 900 3268 966 vivimus,
3303 901 3346 952 si
3369 916 3456 952 vos
3499 911 3610 953 sta-

2031 985 2093 1038 tis
2120 987 2171 1038 in
2198 984 2437 1041 Domino.
2462 987 2596 1056 Quid
2619 988 2782 1043 Paulo
2812 989 2981 1058 possit
2999 990 3449 1059 tequiparari,qui
3486 1006 3611 1060 pro-

2031 1076 2347 1146 pinquorum
2374 1079 2600 1134 salutem
2631 1080 2968 1134 existimabat
2992 1095 3112 1136 esse
3135 1097 3284 1136 suam
3308 1100 3321 1144 ;
3344 1091 3613 1151 tamquam

2031 1183 2226 1236 corpus
2255 1183 2379 1239 erga
2407 1170 2667 1236 membra,
2701 1172 2779 1226 sic
2796 1187 2921 1242 erga
2959 1186 3148 1226 omnes
3199 1172 3460 1226 affectus?
3489 1174 3614 1242 quis

2033 1275 2173 1314 nunc
2194 1263 2388 1329 poterit
2415 1263 2467 1316 in
2497 1262 2632 1317 hanc
2659 1280 2844 1317 vocem
2873 1265 3193 1332 erumpere?
3222 1267 3326 1319 imo
3342 1279 3468 1319 vero
3492 1265 3613 1333 quis

2032 1353 2231 1420 poterit
2257 1354 2333 1406 sic
2358 1369 2607 1422 umquam
2637 1354 2838 1409 sentire
2874 1363 2928 1408 et
2959 1355 3235 1423 cogitare?
3264 1355 3492 1409 Nolebat
3517 1371 3613 1410 eos

2034 1444 2136 1515 ipsi
2166 1445 2362 1499 habere
2383 1448 2605 1515 gratiam
2635 1446 2701 1501 de
2728 1446 2989 1516 susceptis
3018 1462 3115 1516 pro
3142 1447 3272 1517 ipsis
3305 1447 3618 1501 tentatioui-

2032 1533 2169 1601 bus;
2206 1536 2300 1590 sed
2332 1537 2410 1591 eis
2436 1536 2666 1591 habebat
2696 1539 2920 1608 gratiam
2941 1578 2957 1604 ,
2991 1536 3135 1608 quod
3168 1553 3274 1591 non
3305 1538 3616 1592 labaverant

2033 1639 2256 1699 propter
2271 1629 2387 1698 ejus
2419 1633 2741 1686 tentationes
2772 1649 2785 1684 :
2817 1632 2968 1702 quasi
2993 1632 3217 1695 diceret,
3246 1631 3411 1686 Vobis
3443 1632 3614 1702 magis

2033 1737 2192 1790 quam
2245 1723 2400 1776 nobis
2425 1723 2680 1777 damnum
2711 1723 2904 1778 accidit
2931 1740 2996 1779 es
3049 1723 3430 1778 tentatiouibus
3474 1741 3488 1778 :
3518 1738 3614 1779 vos

2034 1813 2202 1882 magis
2225 1829 2382 1882 quam
2408 1829 2505 1869 nos
2527 1816 2709 1868 tentati
2737 1815 2899 1870 estis:
2929 1830 3024 1869 vos
3040 1817 3128 1886 qui
3153 1816 3280 1869 nihil
3304 1817 3443 1886 passi
3462 1817 3615 1882 estis,

2033 1917 2190 1972 quam
2225 1918 2322 1957 nos
2351 1905 2438 1973 qui
2474 1905 2614 1973 passi
2661 1920 2864 1960 sumus.
2909 1905 3219 1974 Postquam,
3275 1905 3467 1972 inquit,
3503 1907 3618 1960 ha'c

2036 1995 2188 2049 nobis
2226 1996 2560 2049 annuntiavit
2588 1995 2922 2060 Timotheus,
2975 1997 3103 2050 nihil
3135 1997 3418 2052 molestum
3449 1997 3618 2050 senti-

2037 2102 2176 2152 mus,
2206 2085 2585 2149 sed,Consolati
2608 2103 2778 2140 sumus
2807 2088 2860 2140 in
2889 2089 3024 2140 omni
3067 2088 3350 2158 afﬂictione,
3383 2102 3486 2140 non
3518 2085 3620 2141 hac

2036 2179 2229 2239 solum,
2278 2176 2370 2231 sed
2402 2177 2584 2241 etiam,
2621 2175 2686 2229 In
2732 2178 3024 2230 necessitate
3065 2186 3261 2241 nostra,
3311 2177 3516 2246 inquit;
3564 2185 3621 2232 et

2035 2269 2248 2323 merito.
2282 2268 2486 2321 Bonum
2519 2269 2661 2322 enim
2708 2269 3021 2336 magistrqu
3055 2267 3186 2320 nihil
3217 2266 3284 2321 de
3310 2276 3508 2322 caetero
3534 2267 3618 2320 of-

2036 2361 2284 2426 fenderit,
2319 2359 2574 2430 quamdiu
2623 2376 2710 2415 res
2752 2360 3135 2430 discipulorum
3179 2361 3227 2414 ei
3261 2360 3622 2428 processerint

2035 2467 2103 2506 ex
2132 2453 2418 2506 sententia.
2443 2451 2546 2506 Per
2566 2467 2684 2517 vos,
2735 2451 3363 2522 inquit,consolationem
3409 2453 3625 2520 accepi-

2037 2562 2155 2599 mus
2181 2562 2193 2597 :
2225 2545 2276 2598 id
2297 2554 2400 2611 est,
2425 2543 2532 2598 Vos
2551 2559 2649 2598 nos
2671 2543 3079 2597 corroborastis.
3106 2543 3264 2613 Atqui
3293 2543 3621 2597 contrarium

2037 2644 2154 2689 erat
2185 2653 2197 2686 :
2232 2650 2354 2688 nam
2379 2634 2522 2703 quod
2552 2633 2695 2703 passi
2738 2649 2844 2688 non
2873 2633 3155 2698 cesserint,
3188 2633 3280 2685 sed
3313 2632 3522 2686 fortiter
3543 2648 3624 2687 re-

2038 2727 2299 2788 stiteriut,
2342 2726 2543 2780 sufficit
2585 2726 2651 2779 ad
2704 2725 3102 2780 conﬁrmandos
3145 2725 3460 2794 diSeipulos.
3511 2725 3616 2778 Sed

2039 2827 2206 2871 totum
2238 2818 2359 2872 facit
2387 2817 2737 2882 contrarium,
2762 2826 2817 2872 et
2847 2815 3056 2870 laudem
3084 2816 3138 2870 in
3170 2815 3289 2870 illos
3313 2815 3577 2869 convertit
3608 2833 3623 2869 :

2040 2909 2169 2971 Vos,
2211 2909 2400 2978 inquit,
2448 2923 2548 2962 nos
2595 2909 2820 2962 unxistis
2849 2918 2903 2963 et
2952 2908 3313 2972 instruxistis;
3346 2923 3439 2960 vos
3469 2907 3625 2962 nobis

1994 3010 1996 3012 '
2039 3000 2262 3054 dedistis
2291 3009 2346 3053 ut
2371 3001 2800 3069 rcspirarcmus;
2832 3015 2926 3054 vos
2948 3015 3050 3052 non
3073 2999 3388 3068 permisistis
3419 3009 3474 3053 ut
3495 3013 3626 3054 sen-

2040 3092 2261 3146 tiremus
2289 3091 2632 3146 tentationes.
2665 3091 2845 3161 Neque
2873 3091 3026 3156 dicit,
3056 3090 3481 3160 Respiravimus,
3519 3107 3624 3145 nc-

2039 3201 2162 3255 que,
2189 3183 2619 3239 Consolationcm
2646 3186 2968 3253 accepimus,
2996 3183 3089 3238 sed
3113 3183 3282 3253 quid?
3315 3182 3466 3236 Nunc
3501 3183 3626 3236 vivi-

2039 3293 2186 3342 mus;
2215 3277 2506 3331 ostendens
2536 3276 2676 3347 quod
2707 3285 2760 3330 et
2791 3275 3140 3330 tentationem
3161 3283 3215 3328 et
3239 3283 3465 3327 mortem
3490 3275 3624 3328 nihil

2038 3368 2182 3422 aliud
2212 3369 2489 3422 existimat
2547 3382 2706 3436 quam
2759 3367 2973 3420 illorum
3020 3367 3393 3428 offensionem,
3425 3366 3515 3419 tibi
3569 3375 3627 3421 et

2040 3460 2252 3513 illorum
2303 3457 2602 3528 profectum
2643 3458 2914 3512 existimat
2952 3471 3074 3510 esse
3117 3455 3302 3509 vitam.
3341 3455 3624 3522 Quomodo

2046 3557 2184 3610 ullus
2211 3555 2350 3608 alius
2373 3554 2612 3607 dolorem
2641 3559 2858 3620 propter
2883 3548 3266 3619 discipulorum
3288 3548 3627 3602 imbecillita-

2039 3657 2186 3711 tem,
2234 3657 2325 3701 aut
2372 3645 2622 3715 gaudium
2676 3643 2748 3697 ita
2798 3640 3225 3711 signiﬁcaverit?
3277 3639 3392 3692 Non
3445 3640 3618 3708 dixit,

2038 3736 2328 3800 Laetamur,
2356 3734 2473 3800 sed,
2516 3731 2758 3797 Vivimus,
2791 3732 2954 3786 vitam
2987 3730 3230 3785 indicans
3254 3729 3510 3784 futuram.

2113 3831 2164 3884 5.
2181 3828 2538 3895 Quamobrem
2565 3826 2766 3896 absque
2790 3824 2890 3879 hoc
2917 3839 2985 3878 ne
3002 3825 3178 3878 vivere
3191 3822 3406 3893 quidem
3435 3823 3622 3878 vivere

2039 3936 2159 3976 esse
2185 3919 2671 3974 existimamus.Sic
2698 3917 2917 3972 allectos
2938 3925 3149 3986 Oportet
3169 3931 3290 3971 esse
3313 3917 3617 3986 magistros,

2038 4016 2118 4070 sic
2170 4014 2500 4082 discipulos;
2556 4020 2611 4066 et
2660 4010 2791 4064 nihil
2849 4024 3098 4079 umquam
3158 4010 3260 4062 erit
3305 4008 3618 4062 absurdum.

2039 4106 2243 4162 Deinde
2271 4106 2373 4160 hoc
2402 4118 2624 4174 augens,
2654 4103 2776 4158 vide
2802 4102 2929 4172 quid
2975 4103 3118 4156 dicat
3145 4119 3157 4154 :
3187 4102 3240 4157 9.
3285 4101 3448 4166 Quam
3489 4104 3622 4154 enim

2037 4199 2317 4270 gratiarum
2345 4197 2593 4249 actionem
2621 4211 2886 4263 possumus
2908 4191 3016 4246 Deo
3042 4193 3317 4246 retribuere
3341 4209 3432 4260 pro
3458 4193 3615 4259 vobis,

2035 4294 2088 4346 in
2109 4293 2243 4346 omni
2264 4289 2450 4361 gaudio
2478 4304 2576 4358 quo
2605 4288 2885 4358 gaudemus
2908 4295 3112 4353 propter
3138 4300 3244 4349 vos,
3273 4294 3390 4337 ante
3435 4282 3616 4349 Deum,

2037 4384 2126 4438 10.
2165 4391 2310 4436 nocte
2330 4392 2378 4434 et
2412 4381 2493 4433 die
2518 4378 2858 4432 abundantius
2888 4387 3110 4440 orantes,
3145 4384 3200 4428 ut
3230 4375 3488 4428 videamus
3532 4377 3617 4445 fa-

2036 4476 2162 4528 ciem
2207 4483 2444 4535 vestram,
2482 4480 2528 4524 et
2557 4470 2899 4537 compleamus
2928 4484 2987 4520 ea
3021 4481 3135 4536 qua:
3174 4466 3354 4520 desunt
3389 4466 3509 4533 ﬁdei
3537 4481 3620 4519 ve-

2036 4576 2153 4620 stra:
2169 4565 2194 4616 ?
2219 4563 2334 4618 Non
2353 4562 2547 4626 solum,
2573 4561 2761 4630 inquit,
2788 4559 2961 4613 fuistis
2983 4558 3136 4612 nobis
3157 4558 3277 4610 vitae
3299 4566 3546 4611 auctores
3567 4567 3620 4611 et

2035 4673 2232 4722 causae,
2266 4655 2362 4709 sed
2391 4654 2552 4710 etiam
2582 4652 2730 4706 multi
2758 4651 2956 4721 gaudii,
2987 4657 3042 4704 et
3069 4649 3222 4713 tanti,
3255 4660 3312 4703 ut
3355 4664 3423 4702 ne
3448 4649 3620 4718 possi-

2035 4765 2154 4805 mus
2179 4747 2415 4818 quidem,
2446 4755 2503 4799 ut
2527 4759 2624 4814 par
2651 4751 2752 4806 est,
2779 4743 2888 4796 Deo
2914 4743 3113 4810 gratias
3142 4755 3319 4808 agere.
3345 4740 3496 4806 Quod
3522 4754 3617 4794 vos

2031 4849 2182 4896 recte
2225 4838 2488 4908 gessistis,
2519 4836 2635 4900 Dei,
2669 4834 2860 4903 inquit,
2915 4833 3111 4887 donum
3167 4847 3290 4886 esse
3332 4831 3610 4886 existima-

2035 4948 2154 4987 mus
2189 4949 2201 4985 :
2237 4946 2334 4985 nos
2357 4928 2556 4983 talibus
2579 4926 2830 4981 affecistis
2859 4924 3150 4988 beneficiis,
3177 4923 3614 4976 utexistimemus

2034 5041 2094 5080 ea
2117 5037 2236 5080 esse
2264 5023 2381 5088 Dei,
2431 5020 2515 5074 vel
2549 5018 2727 5089 potius
2757 5016 2918 5072 etiam
2949 5030 3070 5071 esse
3109 5028 3244 5084 Opus
3281 5013 3372 5068 Dei
3400 5031 3413 5066 :
3439 5027 3612 5081 neque

2034 5117 2179 5171 enim
2210 5114 2474 5168 humanus
2495 5113 2724 5175 animus,
2756 5122 2856 5162 nec
2877 5104 3110 5161 studium
3143 5114 3197 5160 et
3217 5103 3476 5157 industria
3497 5101 3612 5156 haec

2032 5214 2210 5277 potest
2253 5203 2555 5272 concipere.
2604 5199 2787 5264 Nocte,
2831 5197 3020 5267 inquit,
3072 5205 3120 5250 et
3161 5194 3244 5247 die
3272 5192 3612 5246 abundantius

2033 5308 2254 5353 orantes.
2290 5295 2404 5351 Hoc
2433 5308 2645 5364 quoque
2683 5300 2765 5346 est
2801 5290 3008 5359 signum
3059 5285 3256 5356 gaudii.
3285 5284 3435 5338 Sicut
3464 5283 3609 5336 enim

2033 5387 2266 5460 agricola
2300 5385 2525 5441 audiens
2548 5397 2707 5454 agros
2731 5397 2760 5436 a
2781 5396 2840 5435 se
2868 5379 3041 5434 cultos
3070 5391 3188 5432 esse
3215 5374 3445 5429 refertos
3495 5374 3607 5425 fru-

2031 5482 2226 5546 Ctibus,
2256 5475 2530 5532 desiderat
2557 5487 2738 5529 coram
2765 5479 2966 5525 tantam
2995 5466 3178 5521 videre
3206 5464 3444 5519 ltetitiam
3476 5478 3489 5513 :
3533 5461 3608 5515 ita

2030 5575 2190 5630 etiam
2218 5569 2410 5625 Paulus
2442 5565 2827 5621 Macedoniam.
2857 5559 3210 5615 Abundantius
3231 5563 3447 5609 orantes.
3475 5551 3610 5606 Vide

2030 5663 2383 5737 hyperbolen.
2422 5659 2489 5715 Ut
2509 5658 2766 5712 videamus
2789 5655 2972 5727 faciem
2997 5661 3235 5715 vestram,
3266 5657 3314 5702 et
3339 5645 3606 5737 complea-

2030 5735 2142 5811 mus
2167 5772 2226 5810 ea
2243 5769 2354 5824 qua:
2375 5754 2555 5805 desunt
2583 5749 2702 5819 ﬁdei
2719 5757 2912 5801 vestrm.
2938 5745 3033 5798 Hic
3050 5756 3237 5811 magna
3257 5747 3339 5794 est
3359 5735 3606 5824 quaestio.

2030 5852 2086 5909 Si
2114 5821 2264 5908 enim.
2286 5861 2423 5901 nunc
2452 5844 2586 5899 vivis
2612 5841 2868 5913 quoniam
2899 5847 3064 5907 stant,
3088 5847 3138 5892 et
3166 5834 3482 5890 Timotheus
3511 5821 3607 5881 tibi
