4114 6396
485 330 590 388 ιιο

485 439 817 496 annuntiavit
869 439 1109 510 ipsorum
1162 439 1318 496 ﬁdem
1373 451 1428 498 et
1468 444 1766 510 caritatem,
1814 453 1870 499 et
1925 453 2069 498 tanta

485 547 544 586 cs
603 532 789 602 plenus
837 531 1054 598 ltetitia,
1109 539 1170 585 ut
1221 548 1292 588 ne
1354 534 1526 602 possis
1579 534 1814 602 quidem,
1876 542 1932 588 ut
1979 549 2075 604 par

485 635 612 692 est,
665 626 775 680 Deo
833 641 995 695 agere
1041 626 1262 694 gratias,
1321 626 1593 695 quomodo
1645 625 1732 680 hic
1774 627 1909 681 dicis
1952 641 2072 682 esse

487 717 610 772 ﬁdei
647 717 931 772 defectus?
976 732 1152 771 annon
1207 726 1334 770 sunt
1375 717 1463 770 illa
1508 719 1672 771 verba
1712 717 2073 772 adulationis?

485 811 848 881 Nequaquam,
876 810 1032 865 absit.
1057 809 1188 864 Nam
1217 809 1363 879 prius
1386 817 1610 864 testatus
1639 817 1725 866 est
1750 825 1844 864 eos
1873 811 2070 865 multos

486 904 801 959 sustinuisse
852 903 1084 969 labores,
1140 911 1196 958 et
1255 918 1363 957 non
1415 904 1594 958 minus
1655 916 1800 958 esse'
1851 904 2071 959 affectos

485 1012 644 1066 quam
676 995 931 1050 Ecclesia:
975 995 1028 1048 in
1070 994 1275 1050 Judaca.
1315 994 1454 1062 Quid
1493 1010 1621 1067 ergo
1656 996 1770 1050 est?
1806 995 1921 1050 Non
1949 1011 2069 1051 om-

486 1105 609 1144 nem
635 1099 982 1158 perceperant
1021 1089 1343 1156 doctrinam,
1383 1106 1557 1160 neque
1596 1091 1896 1147 didicerant
1923 1109 2069 1163 qua:-

485 1194 716 1249 cumque
749 1180 986 1249 oportuit
1022 1179 1231 1234 discere
1257 1197 1270 1234 :
1295 1191 1350 1234 et
1398 1179 1502 1235 hoc
1540 1181 1805 1251 significat
1849 1183 1901 1236 in
1939 1183 2066 1238 fine.

486 1270 736 1326 Fortasse
751 1273 1089 1341 quaerebatur
1103 1271 1170 1326 ab
1185 1273 1264 1328 eis
1284 1271 1351 1326 de
1374 1274 1804 1340 resurrectione;
1831 1284 1886 1329 et
1915 1274 2068 1330 multi

485 1370 640 1417 erant
664 1362 755 1431 qui
785 1376 879 1416 eos
906 1362 1323 1430 conturbabant,
1355 1379 1461 1418 non
1494 1365 1723 1435 amplius
1755 1368 2067 1423 tentationi-

486 1456 586 1511 bus
599 1473 697 1513 nec
719 1459 991 1528 periculis,
1022 1459 1114 1514 sed
1140 1461 1452 1515 simulantes
1487 1476 1545 1516 se
1582 1476 1704 1520 esse
1727 1462 1978 1520 doctores
2015 1473 2069 1519 et

491 1551 792 1618 magistros.
845 1550 968 1604 Ideo
1016 1550 1117 1605 hoc
1161 1551 1328 1615 dicit,
1373 1551 1610 1625 Defectus
1656 1558 1798 1624 fidei.
1849 1557 1918 1610 Et
1961 1572 2068 1611 non

486 1642 646 1707 dixit,
680 1640 749 1696 Ut
774 1642 1173 1712 confirmemus,
1201 1644 1319 1716 sed,
1350 1644 1416 1704 Ut
1441 1650 1798 1720 compleantus.
1826 1649 1956 1704 Nam
1983 1651 2073 1705 ubi

489 1740 556 1796 de
580 1743 696 1814 ipsa
719 1744 933 1814 puidem
947 1742 1054 1800 ﬁde
1083 1738 1355 1810 timuerat,
1380 1745 1516 1810 Misi,
1544 1746 1730 1816 inquit,
1759 1745 2070 1799 Timotheum

491 1835 560 1887 ad
586 1836 960 1904 conﬁrmandos
1001 1851 1086 1889 vos
1109 1852 1127 1899 ;
1158 1837 1240 1889 hic
1266 1846 1442 1890 autem
1475 1837 1542 1891 ad
1570 1837 1945 1906 complendum
1973 1838 2071 1893 de-

497 1925 688 1985 fectus.
718 1913 819 1979 seu.
837 1941 898 1981 ea
929 1943 1046 1996 qua:
1073 1927 1266 1983 desunt
1289 1946 1300 1980 :
1325 1928 1465 1997 quod
1493 1930 1662 1998 magis
1684 1939 1766 1984 est
1791 1929 2067 1996 doctrinm,

494 2033 653 2085 quam
683 2018 1106 2074 conﬁrmationis
1131 2039 1144 2074 ε
1167 2021 1304 2075 sicut
1327 2029 1380 2074 et
1404 2021 1525 2074 alibi
1551 2022 1698 2084 dicit,
1731 2022 1798 2076 Ut
1821 2023 1930 2076 sitis
1953 2038 2070 2092 per-

498 2111 618 2178 fecti
657 2110 726 2162 ad
751 2127 898 2163 omne
923 2127 1051 2178 opus
1077 2111 1260 2164 bonum
1294 2113 1366 2182 (l.
1399 2111 1516 2167 Cor.
1549 2113 1600 2166 l.
1634 2112 1744 2182 10).
1773 2111 2071 2167 Perfectum

493 2211 668 2255 autem
701 2213 818 2265 est,
850 2203 934 2257 cui
964 2218 1147 2272 parum
1177 2203 1300 2273 quid
1341 2203 1493 2258 deest
1521 2220 1534 2256 :
1565 2202 1666 2258 hoc
1692 2204 1833 2259 enim
1860 2204 2070 2272 perﬁci-

495 2303 599 2346 tur.
633 2294 717 2348 ll.
748 2293 774 2346 1
784 2311 872 2364 pse
899 2306 1066 2348 autent
1100 2294 1237 2350 Deus
1268 2304 1313 2350 et
1340 2294 1495 2349 Pater
1521 2307 1707 2362 noster,
1737 2307 1782 2350 et
1821 2296 2070 2350 Dominus

497 2394 665 2437 noster
691 2383 840 2438 Jcsus
871 2384 1099 2440 Christus
1127 2388 1311 2457 dirigat
1339 2389 1470 2440 viam
1499 2399 1724 2441 nostram
1752 2388 1819 2440 ad
1849 2404 1952 2441 vos.
1983 2388 2069 2442 12.

505 2473 606 2528 Vos
630 2487 793 2528 autem
825 2474 1072 2530 Dominus
1093 2478 1413 2546 multiplicet,
1443 2489 1489 2531 et
1516 2478 1776 2540 abundare
1802 2479 1956 2548 faciat
1985 2495 2074 2531 ca-

494 2568 695 2620 ritatem
723 2578 933 2620 vestram
967 2569 1178 2622 invicem
1217 2579 1263 2622 et
1290 2570 1343 2624 in
1369 2587 1558 2635 omnes,
1590 2571 2008 2640 quemadmodum
2027 2579 2076 2623 et

499 2675 589 2712 nos
629 2661 681 2712 in
713 2661 867 2714 vobis.
907 2661 1018 2715 lloc
1049 2671 1128 2716 est
1155 2677 1377 2717 summa:
1405 2663 1729 2730 dilectionis,
1763 2679 1866 2717 non
1899 2665 2072 2718 Solum

499 2750 635 2817 apud
668 2765 725 2804 se
755 2760 939 2819 Optare
964 2793 978 2817 ,
1013 2753 1106 2806 sed
1137 2754 1296 2807 etiam
1324 2764 1503 2808 votum
1535 2755 1774 2823 epistolae
1801 2757 2034 2810 inserere
2059 2773 2072 2808 :

497 2841 600 2895 hoc
629 2851 712 2895 est
741 2842 992 2896 ferventis
1037 2844 1236 2910 animi,
1267 2853 1320 2898 et
1346 2846 1433 2914 qui
1461 2845 1615 2914 plane
1646 2862 1752 2900 non
1783 2856 1954 2915 potest
1982 2861 2076 2900 co-

503 2935 674 2988 hiberi
705 2951 717 2986 :
750 2934 852 2988 hoc
882 2944 963 2989 est
991 2936 1152 2990 etiam
1183 2936 1436 2990 indicium
1470 2953 1684 3006 precum
1713 2954 1830 3008 quae
1859 2939 1965 2994 illic
1993 2937 2074 2992 fa-

501 3037 603 3080 ctae
633 3026 861 3093 fuerant,
887 3035 941 3082 et
962 3028 1118 3081 simul
1141 3029 1411 3083 excusatio
1431 3045 1494 3084 ac
1515 3030 1776 3093 defensio,
1802 3032 1942 3102 quod
1970 3046 2077 3086 non

503 3117 773 3182 labentes,
806 3133 904 3172 nec
925 3133 1021 3188 per
1048 3121 1347 3174 socordiam
1379 3136 1485 3175 non
1511 3122 1704 3176 adsint.
1737 3122 1900 3188 Quasi
1927 3122 2078 3181 dice-

505 3216 608 3274 ret,
638 3208 756 3276 lpse
783 3217 960 3262 autem
991 3209 1130 3264 Deus
1153 3220 1389 3280 amputet
1415 3213 1733 3267 tentationes
1761 3229 1878 3284 qttte
1901 3230 2000 3269 nos
2027 3216 2078 3269 in

503 3314 715 3352 omnem
750 3308 953 3368 partem
985 3302 1222 3364 tralmnt,
1248 3313 1306 3355 ut
1332 3312 1480 3356 recta
1505 3302 1570 3356 ad
1594 3317 1688 3359 vos
1717 3304 1944 3358 veniam.
1979 3303 2080 3360 Vos

501 3399 671 3443 autem
703 3388 949 3446 Dominus
984 3390 1304 3462 multiplicet,
1339 3401 1384 3445 et
1423 3391 1680 3447 abundare
1710 3395 1886 3464 faciat.
1921 3395 2081 3450 Vides

502 3481 806 3538 dilectionis
835 3482 1098 3538 fervorem
1141 3486 1230 3552 qui
1270 3500 1375 3539 non
1410 3495 1584 3556 potest
1607 3489 1846 3543 cohiberi
1869 3531 1883 3552 ,
1913 3489 2003 3559 qui
2029 3498 2083 3544 et

504 3576 684 3631 verbis
727 3576 1078 3653 ostenditur?
1104 3576 1444 3646 Multiplicet,
1487 3581 1686 3647 inquit,
1732 3590 1779 3634 et
1824 3581 2083 3636 abundare

505 3671 660 3740 faciat
685 3684 702 3723 :
723 3685 819 3740 pro
845 3684 910 3724 eo
936 3669 1076 3740 quod
1104 3680 1205 3734 est,
1234 3680 1442 3741 augeat.
1471 3672 1629 3738 Quasi
1657 3672 1877 3738 dixeris,
1909 3689 1974 3727 ex
1996 3690 2086 3727 su-

509 3760 929 3830 perabundantia
959 3760 1354 3830 quodammodo
1389 3762 1657 3817 desiderat
1701 3763 1769 3817 ab
1804 3764 1883 3818 eis
1911 3765 2081 3835 diligi.

511 3851 945 3915 Quemadmodum
973 3863 1021 3906 et
1047 3868 1138 3906 nos
1160 3895 1174 3918 ,
1216 3853 1424 3922 inquit,
1452 3854 1506 3906 in
1545 3853 1702 3909 vobis.
1736 3853 1790 3909 Id
1821 3863 1936 3921 est,
1965 3855 2082 3911 Jam

508 3943 721 4011 quidem
748 3951 831 3996 est
856 3952 1124 4007 nostrum,
1153 3941 1400 3997 volumus
1425 3951 1600 3998 autem
1630 3955 1684 3998 ut
1712 3947 1801 4000 fiat
1827 3955 2083 4001 vestrum.

514 4035 675 4089 Vides
699 4045 952 4105 quantum
975 4034 1089 4088 vult
1112 4034 1326 4088 extendi
1353 4035 1668 4090 caritatem?
1695 4052 1800 4091 uon
1829 4038 1964 4093 inter
1991 4055 2087 4094 nos

511 4129 707 4193 Solum,
739 4127 831 4181 sed
859 4127 1017 4180 etiam
1045 4126 1260 4195 ubique.
1288 4125 1418 4180 Nam
1444 4125 1545 4180 hoc
1567 4127 1722 4195 plane
1747 4137 1829 4182 est
1852 4130 2088 4184 caritatis

517 4218 810 4274 secundum
842 4219 1007 4274 Deum
1033 4261 1048 4282 ,
1081 4232 1268 4272 omnes
1311 4219 1589 4288 complecti
1616 4237 1628 4272 :
1653 4220 1697 4274 si
1727 4229 1904 4275 autem
1947 4221 2090 4278 hunc

511 4311 724 4379 quidem
756 4310 930 4379 diligis
956 4352 970 4375 ,
1005 4311 1150 4363 illum
1191 4325 1318 4364 vero
1362 4311 1613 4377 minime,
1641 4321 1723 4366 est
1749 4313 1976 4367 amicitia
2005 4328 2089 4368 se—

512 4402 743 4455 cundum
796 4403 1084 4455 hominem.
1125 4400 1233 4455 Sed
1273 4410 1451 4455 nostra
1491 4418 1598 4457 non
1641 4413 1724 4458 est
1765 4405 2085 4473 hujusmodi.

518 4492 950 4558 Quemadmodum
987 4501 1032 4546 et
1070 4508 1160 4546 nos
1197 4493 1249 4545 in
1287 4493 1423 4548 vobis
1456 4509 1474 4546 :
1507 4495 1594 4548 15.
1633 4494 1700 4547 ad
1740 4496 2092 4564 conﬁrmanda

513 4583 668 4635 corda
706 4594 868 4637 vestra
907 4585 1012 4638 sine
1053 4583 1255 4650 querela
1292 4585 1345 4638 in
1383 4587 1648 4641 sanctitate
1685 4598 1802 4641 ante
1843 4589 2003 4643 Deum
2045 4599 2092 4645 et

517 4674 726 4727 Patrem
755 4685 977 4727 nostrum
1006 4675 1058 4727 in
1087 4675 1304 4729 adventu
1331 4675 1537 4730 Domini
1576 4679 1733 4732 nostri
1755 4678 1879 4732 Jesu
1907 4679 2092 4734 Christi

514 4780 629 4816 cum
673 4765 901 4817 onmibus
941 4767 1129 4818 sanctis
1176 4769 1304 4836 ejus.
1347 4765 1593 4821 Ostendit
1635 4769 1972 4824 dilectionem
2013 4771 2092 4827 eis

515 4853 708 4908 afferre
733 4853 974 4919 lucrum,
1007 4870 1111 4909 non
1141 4856 1205 4911 iis
1235 4857 1327 4926 qui
1366 4857 1675 4928 diliguntur.
1709 4859 1865 4926 Volo,
1899 4863 2088 4932 inquit,

514 4946 786 5001 abundare
819 4949 953 5002 hanc
979 4950 1252 5004 caritatem
1279 4993 1294 5018 ,
1336 4960 1394 5006 ut
1423 4953 1572 5006 nulla
1611 4954 1681 5008 sit
1723 4954 2086 5024 reprehensio.

512 5039 628 5094 Non
658 5038 822 5104 dixit,
855 5039 935 5092 Ad
963 5055 1059 5094 vos
1086 5041 1480 5098 confirmandos
1499 5086 1514 5110 ,
1547 5043 1661 5108 sed,
1691 5045 1859 5099 Corda
1887 5057 2049 5102 vestra
2072 5063 2092 5102 :

513 5129 600 5185 Ex
640 5130 792 5184 corde
818 5130 950 5184 enim
978 5142 1160 5186 exeunt
1199 5134 1349 5188 malta
1387 5137 1714 5206 cogitationes
1755 5137 1964 5210 (Matth.
1998 5141 2086 5196 15.

514 5225 630 5296 19).
660 5225 802 5280 Fieri
829 5225 972 5280 enim
1004 5235 1178 5296 potest
1203 5237 1259 5282 ut
1288 5229 1378 5299 qui
1405 5230 1535 5284 nihil
1561 5231 1668 5302 agit
1697 5233 1766 5286 sit
1795 5233 1968 5288 malus
1992 5251 2005 5287 :
2028 5242 2088 5289 ut

517 5319 558 5373 si
594 5316 789 5372 habeat
825 5317 1110 5384 invidiam,
1141 5319 1602 5389 incredulitatem,
1632 5323 1846 5392 dolum,
1879 5325 2086 5380 laetetur

514 5410 666 5466 malis
688 5451 704 5477 ,
739 5424 842 5464 non
872 5409 942 5464 sit
970 5425 1264 5480 propensus
1293 5413 1359 5467 ad
1387 5415 1690 5483 amandum,
1717 5416 1964 5487 dogmata
1996 5417 2090 5471 ha-

512 5502 637 5558 beat
662 5515 912 5572 perversa
944 5519 957 5556 :
987 5502 1101 5559 haec
1129 5506 1306 5558 omnia
1337 5514 1462 5560 sunt
1488 5507 1683 5562 cordis.
1717 5507 1830 5564 Hoc
1853 5524 1981 5565 vero
2007 5518 2092 5566 est

512 5598 789 5663 sanctitas,
818 5596 886 5651 ab
912 5597 995 5654 his
1019 5612 1139 5654 esse
1165 5612 1344 5668 puros.
1374 5599 1503 5654 Nam
1533 5601 1746 5671 proprie
1769 5603 1984 5674 quidem
2005 5602 2091 5658 di-

511 5689 655 5742 citur
679 5687 932 5744 sanctitas
955 5693 1302 5760 temperantia
1324 5707 1443 5762 quae
1468 5701 1550 5747 est
1570 5709 1666 5764 per
1691 5695 2086 5761 excellentiam,

511 5780 776 5850 siquidem
806 5781 1138 5840 immunditia
1163 5795 1243 5842 est
1273 5785 1550 5844 fornicatio
1577 5795 1632 5843 et
1659 5788 2012 5846 adulterium:
2036 5790 2089 5846 in

1223 331 1278 388 S.
1320 330 1594 389 JOANNIS
1632 332 2096 390 CHRYSOSTUMI
2135 334 2444 391 ARCHIEP.
2485 336 3011 398 CONSTANTINOP.

3645 355 3749 412 420

2181 460 2389 500 summa
2432 455 2610 503 autem
2654 465 2813 507 omne
2857 463 3130 522 peccatum
3171 465 3255 512 est
3297 459 3668 529 immunditia,
3698 479 3754 524 et

2177 538 2353 592 omnis
2375 537 2542 593 virtus
2568 543 2766 611 puritas
2789 553 2844 598 et
2865 546 3150 602 mundities
3173 567 3185 602 .'
3209 547 3358 605 Beati
3377 553 3540 620 enim,
3561 557 3752 628 inquit,

2175 631 2351 684 mundi
2380 632 2532 686 corde
2552 632 2764 703 (Matth.
2786 636 2842 692 5.
2868 635 2946 710 8).
2965 638 3192 696 Mundos
3218 641 3349 698 dicit.
3374 660 3472 702 eos
3498 649 3587 718 qui
3609 652 3755 707 omni

2176 737 2242 774 ex
2277 732 2425 792 parte
2445 734 2569 778 sunt
2593 726 2796 781 mundi.

2247 813 2303 867 4.
2350 813 2474 869 Scio
2518 815 2659 870 enim
2701 818 2803 872 alia
2849 835 3058 890 quoque
3103 837 3206 877 non
3256 825 3431 881 minus
3476 829 3754 898 inquinare

2173 903 2427 957 animam.
2454 905 2583 959 Nam
2613 908 2754 977 quod
2779 909 2961 964 vitium
2986 911 3187 980 polluat
3208 916 3460 982 animam,
3484 919 3604 974 audi
3627 936 3752 991 pro-

2175 991 2391 1062 phetam
2417 994 2678 1051 dicentem
2706 1016 2719 1050 :
2755 998 2916 1052 Ablue
2942 1018 2972 1054 a
3000 1003 3118 1056 vitio
3144 1021 3230 1057 cor
3258 1016 3398 1060 tuum
3421 1049 3438 1074 ,
3471 1008 3756 1064 Jerusalem

2176 1079 2307 1153 (Jer.
2330 1084 2383 1138 4.
2410 1085 2534 1156 14);
2563 1096 2616 1140 et
2643 1102 2848 1153 rursus,
2869 1088 3152 1159 Lavamini,
3177 1095 3353 1148 mundi
3369 1107 3541 1163 estote,
3563 1100 3757 1167 auferte

2177 1176 2447 1240 pravitates
2471 1178 2534 1230 ab
2560 1180 2825 1235 animabus
2851 1184 3026 1237 vestris
3051 1183 3209 1252 (Isai.
3238 1189 3286 1241 l.
3313 1190 3423 1260 16).
3453 1191 3571 1246 Non
3597 1193 3750 1259 dixit,

2174 1265 2580 1324 Fornicationes
2609 1289 2622 1324 :
2652 1275 2901 1341 quocirca
2947 1291 3051 1329 non
3087 1277 3368 1336 fornicatio
3412 1283 3585 1338 solum
3611 1327 3628 1351 ,
3658 1287 3754 1342 sed

2173 1357 2336 1412 etiam
2360 1359 2462 1413 alia
2489 1361 2769 1430 inquinant
2789 1365 3044 1420 animum.
3067 1367 3148 1422 Ad
3168 1372 3537 1439 conﬁrmanda,
3563 1376 3751 1446 inquit,

2173 1451 2328 1503 corda
2366 1463 2529 1506 vestra
2567 1456 2675 1508 sine
2715 1458 2919 1526 querela
2961 1460 3015 1513 in
3061 1465 3324 1518 sanctitate
3355 1481 3525 1520 coram
3565 1467 3674 1523 1)ιο
3708 1480 3755 1524 et

2174 1538 2332 1593 Patre
2362 1553 2566 1607 nostra,
2599 1545 2652 1597 in
2691 1545 2909 1600 adventu
2949 1548 3151 1604 Domini
3195 1553 3352 1606 nostri
3391 1555 3515 1609 Jesu
3559 1556 3753 1613 Christi

2176 1645 2290 1684 cum
2309 1634 2538 1687 omnibus
2555 1636 2742 1688 sanctis
2759 1638 2880 1691 suis.
2897 1637 3067 1694 ludex
3084 1657 3212 1712 ergo
3231 1651 3351 1698 tunc
3369 1647 3466 1700 erit
3479 1646 3750 1704 Christus:

2177 1737 2282 1775 non
2310 1733 2434 1777 ante
2463 1725 2634 1793 ipsum
2663 1735 2863 1794 autem,
2888 1730 2981 1784 sed
3007 1731 3168 1786 etiam
3193 1743 3318 1789 ante
3344 1735 3553 1792 Patrem
3575 1740 3750 1796 adsta-

2177 1829 2317 1877 mus,
2349 1815 2472 1868 dum
2497 1816 2818 1886 judicamur.
2853 1822 2959 1874 Aut
2989 1821 3092 1877 hoc
3120 1824 3266 1890 dicit,
3303 1825 3435 1880 nulli
3464 1829 3756 1898 reprehen-

2177 1905 2314 1959 sioni
2342 1905 2530 1962 affines
2559 1923 2678 1963 esse
2707 1922 2959 1980 oportere
2984 1923 3108 1968 ante
3137 1915 3302 1969 Deum
3330 1936 3342 1972 :
3368 1919 3510 1988 quod
3541 1921 3755 1989 quidem

2177 2011 2390 2066 semper
2411 1998 2554 2063 dico,
2583 2016 2762 2055 coram
2793 2003 2900 2057 Deo
2923 2005 3062 2076 (haec
3086 2007 3226 2060 enim
3252 2009 3419 2063 virtus
3443 2020 3522 2066 est
3548 2027 3680 2083 pura
3702 2024 3758 2070 et

2177 2091 2406 2160 sincera)
2434 2131 2449 2156 ,
2497 2107 2602 2146 non
2642 2108 2822 2148 coram
2852 2096 3173 2152 hominibus.
3205 2099 3408 2155 Caritas
3437 2118 3565 2173 ergo
3593 2104 3759 2161 efﬁcit

2177 2183 2306 2236 nulli
2334 2183 2523 2239 affines
2549 2186 2949 2254 reprehensioni
2975 2207 2988 2242 :
3010 2199 3065 2245 et
3088 2207 3214 2247 vere
3240 2193 3535 2264 inculpatos
3562 2197 3754 2255 reddit.

2177 2272 2308 2328 Cum
2333 2290 2430 2344 ego
2455 2276 2740 2344 aliquando
2760 2279 2968 2332 cuidam
2991 2297 3260 2338 narrarem
3286 2295 3339 2340 et
3358 2287 3588 2342 dicerem
3615 2291 3759 2360 quod

2179 2365 2370 2418 caritas
2398 2366 2587 2421 reddat
2631 2369 2758 2422 nulli
2801 2369 2988 2425 affines
3026 2375 3423 2442 reprehensioni
3445 2419 3460 2440 ,
3494 2394 3590 2432 nec
3618 2381 3759 2436 sinat

2179 2471 2262 2517 ea,
2295 2473 2412 2526 quae
2438 2472 2557 2512 cum
2582 2459 2824 2527 proximo
2852 2463 3131 2517 intercedit
3152 2464 3398 2528 amicitia,
3424 2469 3634 2538 aliquod
3657 2470 3758 2526 de-

2181 2547 2366 2602 lictum
2400 2549 2670 2619 irrepere,
2704 2559 2758 2606 et
2787 2552 2888 2606 alia
2919 2555 3094 2608 omnia
3128 2571 3459 2612 recenserem
3499 2571 3554 2615 et
3583 2561 3759 2617 verbis

2180 2653 2551 2709 persequerer,
2570 2643 2784 2712 quidam
2806 2659 2868 2698 ex
2887 2647 3018 2699 meis
3037 2645 3380 2703 familiaribus
3403 2653 3756 2722 respondens,

2180 2731 2319 2786 dixit
2351 2750 2364 2785 :
2397 2731 2533 2798 Quid
2572 2750 2700 2805 ergo
2738 2738 3027 2793 scortatio?
3056 2754 3232 2795 annon
3266 2741 3387 2795 licet
3417 2753 3469 2796 et
3497 2761 3674 2800 amare
3705 2759 3762 2802 et

2181 2825 2444 2879 scortari?
2475 2835 2528 2880 et
2551 2827 2651 2880 hoc
2671 2828 2882 2897 quidem
2913 2830 2968 2882 ﬁt
2991 2845 3056 2884 ex
3083 2833 3337 2886 amicitia.
3361 2835 3517 2890 Certe
3540 2839 3759 2893 avaritia

2181 2914 2392 2984 quidem
2424 2925 2478 2970 et
2505 2915 2824 2970 adulterium
2844 2919 2859 2948 ¹
2891 2928 2944 2972 et
2971 2920 3164 2974 invidia
3206 2931 3256 2976 et
3290 2923 3492 2979 insidia:
3511 2968 3527 2992 ,
3559 2936 3612 2981 et
3639 2944 3762 2998 qua:

2183 3018 2308 3064 sunt
2337 3009 2622 3079 ejusmodi,
2657 3022 2877 3081 possunt
2905 3025 3147 3070 avertere
3175 3032 3204 3070 a
3234 3020 3646 3089 propinquorum
3671 3023 3761 3077 di-

2183 3099 2441 3165 lectione;
2467 3103 2721 3158 scortatio
2741 3113 2941 3170 autem,
2963 3106 3150 3175 inquit,
3171 3109 3476 3177 quomodo?
3500 3112 3609 3183 Ego
3632 3129 3762 3169 vero

2184 3191 2292 3246 dixi
2319 3235 2334 3259 ,
2366 3193 2508 3264 quod
2534 3194 2635 3249 hoc
2662 3211 2873 3266 quoque
2901 3207 3074 3266 potest
3101 3201 3394 3270 reprimere
3421 3213 3473 3258 et
3503 3203 3764 3275 impedire

2183 3287 2399 3341 caritas.
2431 3287 2563 3341 Nam
2593 3288 2638 3343 si
2668 3289 2787 3359 quis
2815 3300 2958 3345 amet
2985 3292 3266 3348 mulierem
3303 3311 3421 3364 quae
3453 3307 3718 3352 scortatur
3741 3340 3760 3363 ,

2184 3379 2254 3432 ab
2288 3379 2408 3434 aliis
2437 3381 2566 3435 viris
2595 3395 2711 3435 eam
2746 3383 2971 3436 tentabit
2999 3383 3268 3440 abducere
3291 3428 3306 3452 ,
3341 3403 3514 3457 neque
3550 3389 3661 3459 ipse
3693 3390 3764 3444 ad

2185 3480 2465 3539 peccatum
2494 3472 2758 3528 admittet.
2783 3473 3139 3540 Quamobrem
3164 3478 3252 3547 qui
3277 3489 3558 3547 scortatur,
3590 3497 3767 3538 mere-

2191 3565 2376 3618 tricem
2408 3565 2694 3620 admodum
2722 3567 2866 3632 odit;
2901 3568 2991 3636 qui
3023 3580 3199 3624 autem
3233 3571 3382 3627 valde
3411 3574 3574 3645 diligit
3596 3615 3612 3640 ,
3643 3591 3764 3630 eam

2187 3655 2416 3711 abducet
2454 3657 2522 3710 ab
2559 3657 2647 3710 illa
2692 3657 3044 3714 abominanda
3085 3664 3315 3718 actione.
3363 3664 3476 3720 Non
3504 3677 3623 3732 est,
3654 3684 3765 3721 non

2189 3755 2271 3800 est
2297 3747 2461 3801 ullum
2489 3757 2787 3817 peceatum,
2815 3750 2956 3820 quod
2987 3767 3091 3807 non
3121 3762 3389 3824 tamquam
3417 3757 3550 3827 ignis
3572 3774 3770 3814 consu-

2191 3849 2302 3893 mat
2329 3841 2412 3894 vis
2439 3841 2678 3896 caritatis
2703 3853 2757 3897 et
2787 3843 3109 3900 dilectionis.
3139 3844 3370 3902 Facilius
3392 3850 3536 3904 enim
3566 3853 3771 3907 resistit

2191 3932 2296 3985 vile
2323 3945 2648 3987 sarmentum
2678 3950 2869 4004 magno
2894 3935 3030 4004 ignis
3062 3951 3210 4006 rogo,
3239 3955 3395 4008 quam
3429 3950 3614 3996 natura
3644 3958 3773 4012 pec-

2193 4025 2295 4078 cati
2329 4026 2576 4092 potestati
2604 4026 2862 4080 caritatis.
2907 4027 3053 4082 l-lanc
3095 4043 3224 4100 ergo
3264 4031 3560 4100 plantemus
3590 4035 3642 4089 in
3671 4050 3773 4090 no-

2194 4115 2318 4169 stris
2361 4115 2588 4179 animis,
2632 4127 2691 4169 ut
2723 4126 2927 4173 stemus
2969 4133 3090 4173 cum
3129 4123 3377 4177 omnibus
3415 4126 3612 4180 sanctis
3643 4144 3658 4180 :
3691 4128 3774 4182 illi

2194 4207 2336 4258 enim
2365 4221 2551 4260 omnes
2581 4206 2900 4276 placuerunt
2937 4219 2991 4263 et
3031 4213 3235 4281 accepti
3281 4213 3494 4270 fuerunt
3536 4231 3604 4271 ex
3630 4216 3775 4273 dile-

2193 4299 2370 4352 ctione
2415 4299 2665 4366 proximi.
2707 4299 2860 4356 Undc
2903 4301 3094 4356 accidit
3131 4304 3270 4372 quod
3311 4306 3659 4378 interemptus
3703 4312 3774 4365 sit

2196 4389 2352 4453 Abel,
2384 4399 2437 4443 et
2466 4405 2569 4442 non
2601 4391 2973 4446 interemerit?
3003 4394 3080 4448 Ex
3111 4411 3176 4449 eo
3201 4397 3340 4464 quod
3374 4401 3587 4454 fratrem
3619 4402 3774 4457 valde

2194 4479 2439 4551 diligeret
2466 4499 2478 4536 :
2509 4496 2680 4550 neque
2707 4484 2959 4538 sustinuit
2980 4494 3035 4538 ut
3061 4485 3151 4540 illa
3179 4487 3440 4555 ejusmodi
3465 4490 3512 4544 ei
3542 4489 3592 4544 in
3617 4507 3772 4546 men-

2197 4581 2305 4626 tem
2335 4573 2543 4626 veniret
2581 4573 2851 4641 cogitatio.
2899 4574 3177 4630 Undenam
3228 4579 3438 4634 invidim
3484 4581 3773 4650 perniciem

2195 4665 2428 4733 suscepit
2480 4664 2646 4718 Cain?
2690 4681 2795 4719 non
2840 4667 2982 4720 enim
3030 4682 3151 4722 eum
3198 4666 3266 4723 de
3308 4679 3502 4724 caetero
3546 4671 3771 4727 dixerim

2195 4754 2414 4809 fratrem
2440 4754 2643 4809 Abelis.
2667 4755 2928 4822 Quoniam
2951 4756 3089 4826 apud
3115 4772 3236 4812 eum
3263 4774 3369 4813 non
3393 4759 3522 4814 satis
3549 4760 3775 4816 ﬁrmiter

2197 4856 2352 4900 erant
2393 4845 2535 4915 jacta
2565 4846 2802 4900 caritatis
2838 4846 3202 4902 fundamenta.
3230 4847 3529 4924 Undenam
3552 4850 3671 4904 boni
3719 4862 3776 4906 et

2197 4937 2350 5008 probi
2367 4948 2488 4992 sunt
2509 4938 2794 4992 existimati
2819 4937 2911 4992 ﬁlii
2927 4937 3078 4993 Noe?
3097 4955 3274 4994 annon
3296 4941 3542 5009 quoniam
3565 4953 3774 5013 patrem

2197 5028 2528 5099 diligebant,
2561 5045 2731 5100 neque
2774 5031 3144 5086 sustinuerunt
3184 5031 3302 5101 ejus
3338 5031 3521 5087 videre
3565 5033 3774 5087 nudita-

2197 5120 2345 5174 tem?
2373 5119 2646 5174 Undenam
2669 5129 2844 5174 autem
2865 5120 3000 5175 alter
3015 5121 3185 5176 diram
3208 5137 3492 5192 perpessus
3513 5134 3593 5178 est
3613 5139 3774 5180 exse-

2197 5210 2491 5264 crationem
2507 5208 2532 5263 ?
2550 5225 2728 5264 annon
2749 5225 2816 5264 ex
2832 5225 2898 5264 eo
2915 5211 3057 5280 quod
3079 5227 3184 5265 non
3207 5212 3483 5282 diligeret?
3502 5213 3772 5269 Abraham

2196 5309 2375 5354 autem
2397 5299 2535 5355 unde
2555 5309 2636 5354 est
2657 5310 2972 5371 assequutus
2988 5301 3198 5357 laudem
3219 5313 3271 5357 et
3291 5303 3774 5359 existimationem?

2197 5407 2376 5448 annon
2397 5407 2468 5448 ex
2491 5391 2797 5459 dilectione,
2821 5400 2880 5447 ut
2899 5393 2987 5463 qui
3006 5409 3090 5449 res
3112 5393 3290 5450 fratris
3311 5397 3392 5450 sui
3415 5395 3509 5451 ﬁlii
3531 5398 3772 5452 curavit?

2264 5615 2279 5645 ι
2314 5610 2610 5677 In_Colb.__et
2650 5623 2804 5673 marg.
2825 5610 2996 5677 ‘Savil.
3019 5611 3089 5677 sic
3118 5610 3301 5673 legitur
3328 5624 3341 5660 :
3365 5609 3489 5673 Quid
3528 5617 3686 5677 mitem
3710 5611 3774 5677 de

2199 5667 2482 5726 scortatione
2502 5669 2664 5722 dicere
2686 5667 2846 5735 potas?
2867 5685 3026 5722 minor:
3043 5671 3151 5723 licet
3171 5667 3340 5722 Emme
3360 5667 3408 5723 et
3422 5667 3670 5735 scortari?
3690 5675 3774 5735 atp-

2200 5735 2261 5788 sit
2285 5750 2302 5786 :
2328 5738 2542 5804 "mxima
2563 5732 2695 5805 vero
2718 5734 2784 5784 ad
2818 5747 3037 5805 amorem
3059 5736 3267 5805 pertinet
3299 5748 3413 5805 non_
3433 5733 3659 5805 scortari.
3687 5732 3776 5784 Ille

2203 5805 2362 5852 autem
2386 5810 2403 5850 :
2425 5797 2657 5861 Equidem
2692 5795 2912 5859 avaritia,
2936 5795 3109 5861 inquit,
3135 5804 3181 5849 et
3203 5795 3522 5858 adulterium,
3549 5802 3648 5846 etc.
