4114 6396
361 350 468 403 ιιι)

358 463 778 533 εὑηργετήσατε.
816 461 890 524 ὼς
927 462 1020 515 τοῦ
1060 462 1196 515 Θεοῦ
1237 464 1488 533 ’νομίζειν
1526 461 1701 519 εῖναι·
1735 466 1934 532 μᾶλλον

356 551 413 602 δέ
451 549 546 602 καὶ
585 549 743 619 ἔργον
791 547 926 601 Θεοῦ
948 565 962 580 ο
997 548 1059 600 ού
1089 553 1195 621 γὰρ
1231 550 1579 621 ἀνθρωπίνης
1608 552 1788 621 ψυχῆς
1816 553 1938 604 οὑδέ

358 635 595 704 σπουδῆς
621 633 872 688 τοσοῦτον
901 635 1177 705 φρόνημα.
1213 637 1470 701 Νυκτὸς,
1499 639 1652 708 φησὶ,
1678 639 1775 691 καὶ
1795 639 1937 707 ἠμέ-

348 741 464 791 ρας
485 722 1002 790 ὑπερεκπερισσοῦ
1028 723 1316 792 δεόμενοι.
1340 726 1448 778 Καὶ
1466 726 1623 778 τοῦτο
1643 727 1739 796 τῆς
1768 728 1939 796 χαρᾶς

359 813 601 880 σημεῖον.
623 809 889 880 Καθάπερ
912 809 1020 879 γάρ
1047 826 1132 872 τις
1158 808 1422 880 γεωργὸς,
1443 810 1657 864 ἀκούων
1687 813 1814 882 περὶ
1840 813 1939 882 τῆς

357 896 523 950 αὑτοῦ
566 896 749 966 χώρας
795 899 893 966 τῆς
948 897 1276 966 πονηθείσης
1337 897 1505 966 αὐτῷ,
1556 899 1637 952 ὅτι
1695 897 1939 968 βρίθεται

356 988 467 1048 τοῖς
492 988 724 1055 καρποῖς
745 997 792 1046 ι,
811 984 968 1036 ποθεῖ
982 986 1099 1037 κατ’
1116 983 1236 1053 δψιν
1258 984 1355 1054 τὴν
1370 985 1640 1056 τοσαύτην
1662 985 1791 1038 ίδεῖν
1817 987 1941 1056 ἠδο-

359 1075 456 1142 νήν
475 1089 486 1102 ·
523 1071 666 1124 οὕτω
695 1072 788 1124 καὶ
821 1071 1032 1134 Παῦλος
1063 1071 1158 1140 τὴν
1187 1070 1548 1126 Μακεδονίαν.
1585 1073 1939 1140 ’Υπερεκπε-

352 1160 576 1228 ρισσοῦ
608 1159 895 1229 δεόμενοι.
926 1151 1068 1230 Ὅρα
1095 1159 1194 1228 τὴν
1221 1160 1546 1231 ὑπερϐολήν.
1572 1163 1677 1226 Είς
1704 1160 1771 1213 τὸ
1793 1160 1942 1214 ἰδεῖν

358 1247 525 1317 ὑμῶν
542 1248 604 1300 τὸ
623 1248 966 1314 πρόσωπον,
983 1246 1080 1300 καὶ
1102 1249 1451 1314 καταρτίσαι
1472 1247 1543 1300 τὰ
1562 1247 1941 1316 ὑστερήματα

360 1332 470 1400 τῆς
510 1333 772 1399 πίστεως
815 1331 1002 1402 ὑμῶν.
1050 1333 1312 1386 Ἐνταῦθα
1346 1333 1480 1388 πολὺ
1510 1335 1570 1388 τὸ
1611 1335 1849 1405 ζήτημα.
1878 1335 1939 1386 Εἰ

359 1421 466 1491 γὰρ
494 1420 588 1472 νῦν
627 1419 726 1489 ζῇς
778 1420 860 1472 ὅτι
911 1421 1196 1491 ἑστήκασι,
1239 1422 1334 1474 καὶ
1367 1422 1627 1490 Τιμόθεος
1658 1421 1940 1491 εὐηγγελί-

364 1507 493 1560 σατό
518 1525 576 1560 σε
606 1508 704 1576 τὴν
744 1507 927 1560 πίστιν
961 1508 1140 1560 αὐτῶν
1169 1510 1263 1561 καὶ
1285 1510 1384 1580 τὴν
1418 1509 1660 1579 ἀγάπην,
1694 1511 1786 1562 καὶ
1814 1526 1938 1562 τοσ-

360 1595 528 1664 αύτης
561 1593 710 1666 [4551
738 1593 785 1648 εἷ
815 1598 988 1666 χαρᾶς
1020 1597 1234 1666 μεστὸς,
1289 1597 1364 1660 ῶς
1392 1598 1525 1668 μηδέ
1564 1597 1822 1651 δύνασθαι
1860 1597 1940 1667 τῷ

357 1682 475 1752 Θεῷ
492 1682 610 1736 κατ’
628 1682 785 1747 ἀξίαν
807 1685 1218 1754 εὑχαριστῆσαι,
1239 1686 1352 1748 πῶς
1376 1685 1606 1738 ἐνταῦθα
1627 1686 1694 1739 τὰ
1715 1687 1940 1756 ὑστερή-

361 1787 506 1839 ματα
555 1770 654 1839 τῆς
686 1771 921 1833 πίστεως
949 1772 1128 1823 αὑτῶν
1163 1769 1304 1825 εἶναι
1356 1773 1489 1843 φῄς;
1533 1767 1644 1842 ἆρα
1679 1773 1752 1842 μὴ
1784 1773 1942 1825 κολα-

358 1857 510 1919 κείας
535 1857 603 1909 τά
631 1858 853 1927 ῥήματα
872 1859 1054 1910 ἐκεῖνα
1074 1875 1088 1923 ;
1107 1858 1389 1928 Μηδαμῶς
1409 1876 1422 1888 ·
1450 1859 1524 1928 μὴ
1552 1860 1780 1926 γένοιτο.
1805 1861 1942 1930 Προ-

357 1942 538 1997 λαϐὼν
589 1943 697 2014 γὰρ
773 1944 1176 2015 ἐμαρτύρησεν,
1223 1947 1303 1998 ὅτι
1338 1945 1566 2010 πολλοὺς
1613 1946 1807 2009 ἄθλους
1840 1949 1941 1999 ὑπ-

358 2032 603 2101 έμειναν,
641 2032 736 2083 καὶ
771 2032 922 2084 οὐδὲν
951 2035 1130 2102 χεῖρον
1149 2033 1465 2104 διετέθησαν
1500 2033 1606 2086 τῶν
1632 2036 1689 2087 ἐν
1707 2037 1772 2104 τῇ
1813 2035 1942 2087 Ἰου-

357 2119 482 2189 δαία
525 2118 878 2189 Ἐκκλησιῶν.
904 2120 969 2171 Τί
999 2117 1090 2172 οὖν
1113 2121 1289 2185 ἐστιν;
1315 2122 1388 2173 Οὑ
1417 2122 1598 2190 πάσης
1628 2122 1940 2174 ἀπέλαυσαν

356 2206 458 2274 τῆς
492 2205 860 2268 διδασκαλίας,
887 2206 1006 2258 οὑδέ
1035 2207 1134 2260 ὅσα
1160 2208 1328 2277 ἐχρῆν
1359 2207 1551 2276 μαθεῖν
1585 2208 1786 2277 ἔμαθον
1807 2227 1821 2238 ·
1849 2210 1941 2261 καὶ

356 2293 514 2346 τοῦτο
559 2293 710 2363 δηλοῖ
765 2294 901 2364 πρὸς
931 2293 1008 2363 τῷ
1057 2294 1217 2347 τέλει.
1260 2294 1414 2359 Ἱσως
1464 2295 1521 2348 δὲ
1569 2297 1662 2349 καὶ
1700 2298 1942 2366 ἐζητεῖτο

358 2381 492 2452 παρ’
523 2383 708 2444 αὐτοῖς
739 2381 870 2452 περὶ
913 2383 1012 2451 τῆς
1050 2383 1418 2448 ἀναστάσεως,
1452 2385 1545 2437 καὶ
1577 2384 1761 2438 πολλοὶ
1799 2381 1942 2457 ἦσαν

356 2470 407 2520 οί
445 2467 803 2537 θορυϐοῦντες
841 2468 1058 2533 αὐτοὺς,
1091 2469 1274 2522 οὐκέτι
1299 2474 1415 2533 τοῖς
1441 2475 1794 2542 πειρασμοῖς,
1823 2474 1941 2527 οὑδέ

357 2558 469 2617 τοῖς
492 2555 781 2618 κινδύνοις,
811 2555 924 2608 ἀλλ’
959 2557 1378 2627 ὑποκρινόμενοι
1407 2559 1534 2620 τοὺς
1562 2558 1934 2624 διδασκάλους.

357 2642 528 2695 Τοῦτό
552 2643 578 2682 b
603 2659 755 2712 φησι,
787 2643 863 2696 Τὰ
885 2643 1269 2710 ὑστερήματα
1291 2643 1397 2710 τῆς
1423 2645 1682 2711 πίστεως
1698 2663 1710 2674 ·
1735 2649 1826 2700 καὶ
1854 2647 1941 2701 διὰ

355 2728 515 2782 τοῦτο
546 2729 718 2792 οὔτως
764 2731 1010 2800 ἐνέφηνε,
1043 2731 1138 2784 καὶ
1188 2733 1288 2784 οὑκ
1328 2729 1500 2798 εἶπεν,
1532 2735 1613 2797 είς
1658 2734 1719 2787 τὸ
1751 2752 1940 2806 στηρι-

361 2818 577 2888 χθῆναι,
602 2817 756 2880 ἀλλὰ,
783 2819 1165 2886 Καταρτίσαι.
1205 2817 1373 2871 Ἔνθα
1411 2820 1511 2890 μὲν
1551 2821 1660 2891 γὰρ
1693 2823 1819 2893 περὶ
1847 2824 1944 2875 αύ-

354 2905 452 2973 τῆς
502 2905 599 2973 τῆς
648 2905 882 2966 πίστεως
935 2905 1210 2968 ἐδεδοίκει,
1245 2906 1542 2974 Ἔπεμψα,
1575 2908 1730 2977 φησὶ,
1779 2912 1943 2978 Τιμό-

358 2995 495 3045 θεον
519 2994 608 3056 είς
632 2991 697 3044 τὸ
730 2992 1006 3059 στηρίξαι
1039 2992 1196 3062 ὑμᾶς
1216 3009 1229 3023 ·
1256 2993 1488 3046 ἐνταῦθα
1513 2994 1589 3060 δὲ,
1622 2995 1690 3047 τά
1718 2995 1943 3067 ὑστερή-

361 3097 507 3149 ματα
539 3080 688 3148 λέγει
725 3081 1075 3151 καταρτίσαι,
1109 3081 1138 3133 ὃ
1167 3081 1518 3145 διδασκαλίας
1546 3082 1744 3151 μᾶλλόν
1771 3084 1939 3148 ἐστιν,

357 3167 392 3236 ἢ
437 3165 780 3237 βεϐαιώσεως
805 3183 819 3196 ’
860 3167 1111 3236 καθάπερ
1164 3168 1259 3221 καὶ
1305 3168 1540 3238 ἀλλαχοῦ
1574 3187 1768 3240 φησιν·
1805 3169 1943 3223 Ἵνα

357 3253 462 3323 ἦτε
492 3254 949 3323 κατηρτισμένοι
985 3259 1073 3322 είς
1124 3254 1248 3310 πᾶν
1286 3257 1464 3326 ἔργον
1507 3257 1751 3326 ἀγαθόν.
1786 3258 1859 3310 Τὸ
1885 3258 1942 3310 δὲ

359 3343 791 3414 κατηρτισμένον
838 3345 1013 3414 ἐκεῖνό
1075 3346 1245 3407 ἐστιν,
1292 3338 1337 3411 ᾧ
1390 3345 1571 3413 ὀλίγον
1629 3364 1681 3399 τι
1733 3347 1940 3400 λείπει·

356 3430 515 3484 τοῦτο
547 3431 655 3500 γὰρ
688 3431 1092 3500 καταρτίζεται.
1126 3431 1319 3497 Αὐτὸς
1348 3432 1417 3485 δὲ
1445 3437 1477 3486 ὀ
1509 3434 1654 3500 Θεὸς
1681 3435 1780 3487 καὶ
1822 3441 1941 3489 Πα-

357 3518 468 3584 τὴρ
513 3515 708 3585 ἡμῶν,
761 3517 860 3570 καί
912 3517 944 3570 ὁ
979 3518 1194 3584 Κύριος
1224 3517 1394 3586 ’ἡμῶν
1421 3518 1660 3585 Ἰησοῦς
1692 3521 1942 3587 Χριστὸς

358 3606 715 3659 κατευθύναι
746 3603 864 3671 τὴν
895 3604 1037 3658 ὁδὸν
1069 3605 1238 3674 ἡμῶν
1275 3607 1424 3674 πρὸς
1452 3607 1629 3673 ὑμᾶς.
1666 3608 1850 3677 ’Υμᾶς
1875 3609 1944 3662 δὲ

359 3695 392 3745 o'
432 3693 651 3760 Κύριος
687 3689 1045 3756 πλεονάσαι,
1075 3692 1173 3744 καὶ
1214 3694 1616 3759 περισσεύσαι
1642 3691 1716 3760 τῇ
1741 3693 1940 3762 ἀγάπῃ

355 3782 442 3844 εἰς
465 3780 779 3846 ἀλλήλους
810 3779 908 3832 καὶ
941 3781 1028 3845 είς
1061 3780 1314 3845 πάντας,
1347 3779 1614 3847 καθάπερ
1647 3781 1747 3834 καὶ
1774 3779 1944 3849 ἡμεῖς

355 3867 438 3928 εὶς
487 3865 663 3934 ὑμᾶς.
719 3866 888 3919 Τοῦτο
946 3866 1390 3936 ὑπερϐαλλούσης
1450 3867 1689 3936 ἀγάπης,
1739 3869 1801 3920 τὸ
1865 3868 1940 3939 μὴ

359 3956 520 4022 μόνον
541 3953 661 4006 καθ’
689 3954 880 4007 ἐαυτὸν
914 3952 1192 4024 εὑχεσθαι,
1220 3953 1355 4007 ἀλλὰ
1385 3954 1479 4006 καὶ
1506 3955 1563 4006 ἐν
1592 3956 1656 4024 τῇ
1685 3955 1940 4027 ἐπιστολῇ

355 4039 452 4110 τὴν
469 4040 635 4109 εὐχὴν
661 4040 966 4094 ἐντίθεσθαι
981 4058 994 4072 ο
1015 4039 1170 4092 τοῦτο
1187 4039 1414 4110 ζεούσης
1431 4039 1632 4110 ψυχῆς,
1659 4041 1752 4093 καὶ
1770 4041 1940 4105 ὅντως

356 4129 730 4200 ἀκαρτερήτου
747 4147 761 4162 ο
780 4129 937 4184 τοῦτο
957 4129 1152 4199 δεῖγμα
1179 4131 1271 4182 καὶ
1297 4129 1405 4181 τῶν
1426 4130 1542 4181 ἐκεῖ
1561 4130 1941 4199 γεγενημένων

355 4214 560 4284 εὑχῶνο
598 4215 714 4284 ἅμα
753 4215 810 4268 δὲ
843 4217 939 4270 καὶ
972 4216 1261 4284 ἀπολογία,
1288 4217 1369 4269 ὅτι
1417 4216 1514 4286 οὐχ
1553 4216 1789 4280 ἐκόντες,
1820 4217 1939 4269 οὑδὲ

359 4301 728 4373 ῥᾳθυμοῦντες
785 4304 845 4356 οὑ
904 4305 1318 4373 παραγίνονται.
1385 4304 1473 4366 Ὧς
1525 4303 1590 4356 ἂν
1629 4305 1676 4356 εί
1723 4303 1935 4372 ἔλεγεν·

331 4386 527 4454 Ἀὺτδς
559 4391 616 4444 δὲ
647 4393 675 4445 ὁ
703 4392 834 4456 Θεὸς
866 4392 1097 4461 ἐκκόψαι
1127 4393 1253 4456 τοὺς
1278 4393 1613 4463 πειρασμοὺς
1645 4393 1771 4455 τοὺς
1797 4409 1936 4446 παν-

353 4478 518 4547 ταχοῦ
561 4479 949 4550 περιέλκοντας
998 4482 1166 4549 ἡμᾶς,
1204 4479 1346 4532 ὣστε
1395 4479 1561 4550 ὀρθὴν
1590 4480 1762 4532 ἐλθεῖν
1801 4480 1938 4550 πρὸς

357 4566 518 4634 ὑμᾶς.
553 4565 726 4635 Ὑμᾶς
754 4565 821 4618 δὲ
860 4569 893 4620 ό
929 4567 1145 4632 Κύριος
1195 4566 1553 4629 πλεονάσαι,
1587 4565 1687 4619 καὶ
1732 4580 1937 4633 περισ-

354 4655 592 4709 σεύσαι.
642 4655 803 4724 Ὁρᾷς
849 4654 949 4723 τὴν
1005 4655 1201 4724 μανίαν
1233 4655 1332 4724 τῆς
1380 4654 1604 4724 ἀγάπης
1657 4654 1754 4723 τὴν
1801 4655 1938 4707 ἀκά-

356 4741 564 4803 θεκτον,
592 4741 690 4812 τὴν
721 4740 810 4793 διὰ
836 4740 945 4794 τῶν
982 4740 1244 4810 ῥημάτων
1269 4739 1624 4809 δεικνυμένην
1644 4755 1657 4804 ;
1676 4739 1937 4794 Πλεονά-

354 4844 479 4893 σαι,
505 4828 671 4896 φησὶ,
715 4826 814 4880 καὶ
871 4827 1289 4894 περισσεύσαι,
1342 4827 1465 4879 ἀντί
1513 4824 1628 4890 τοῦ,
1680 4826 1932 4896 αύξήσαι.

363 4915 452 4979 Ὠς
468 4915 533 4968 ἂν
548 4916 688 4968 εἴποι
703 4932 805 4978 τις,
823 4914 917 4968 Ἐκ
938 4916 1251 4984 περιουσίας
1266 4933 1383 4978 πως
1395 4914 1652 4984 ἐπιθυμεῖ
1663 4914 1935 4982 φιλεῖσθαι

352 5005 484 5074 παρ’
515 5002 715 5055 αὑτῶν.
753 5002 1046 5069 Καθάπερ,
1087 5004 1241 5072 φησὶ,
1277 5003 1376 5056 καὶ
1416 5001 1587 5069 ἡμεῖς
1625 5004 1714 5066 εἰς
1756 5000 1931 5069 ὑμᾶς.

354 5091 634 5154 Τουτέστι,
663 5089 738 5142 Τὸ
768 5091 865 5160 μὲν
897 5091 1164 5161 ἡμέτερον
1192 5091 1292 5160 ἥδη
1325 5089 1476 5142 ἐστί·
1508 5089 1570 5142 τὺ
1592 5088 1648 5141 δὲ
1671 5089 1935 5159 ὑμέτερον

351 5177 606 5246 ἀξιοῦμεν
646 5176 919 5246 γενέσθαι.
956 5177 1116 5248 Ὁρᾷς
1147 5176 1250 5229 ποῦ
1288 5175 1534 5246 βούλεται
1570 5175 1670 5246 τὴν
1713 5176 1934 5246 ἀγάπην

350 5263 719 5331 ἐκτείνεσθαι;
741 5264 841 5317 οὐκ
865 5265 944 5327 είς
968 5263 1230 5336 ἀλλήλους
1263 5265 1443 5334 μόνον,
1467 5262 1604 5316 ἀλλά
1632 5263 1928 5334 πανταχοῦ.

349 5350 520 5404 Τοῦτο
543 5350 650 5419 γὰρ
675 5350 844 5414 ὅντως
880 5351 1103 5421 ἀγάπης
1131 5351 1231 5422 τῆς
1264 5350 1405 5404 κατὰ
1433 5349 1587 5413 Θεὸν,
1613 5350 1674 5403 τὸ
1721 5351 1932 5414 πάντας

349 5437 808 5507 περιπλέκεσθαι·
839 5437 906 5491 ἂν
951 5438 1007 5490 δέ
1065 5438 1154 5490 τὸν
1205 5437 1351 5490 δεῖνα
1406 5437 1506 5507 μὲν
1552 5438 1792 5508 ἀγαπᾷς,
1839 5438 1931 5492 τὸν

346 5521 495 5577 δεῖνα
536 5524 594 5578 δὲ
623 5525 843 5597 μηκέτι,
876 5525 1018 5578 κατά
1051 5525 1336 5595 ἄνθρωπον
1368 5526 1402 5596 ἡ
1434 5523 1607 5592 φιλία.
1655 5525 1795 5578 Ἀλλ’
1831 5526 1929 5596 οὑχ

349 5610 385 5679 ἡ
413 5611 654 5681 ἡμετέρα
681 5612 926 5683 τοιαύτη.
964 5611 1238 5681 Καθάπερ
1268 5612 1368 5666 καὶ
1412 5611 1583 5681 ἡμεῖς
1610 5613 1698 5678 είς
1733 5610 1888 5681 ὑμᾶς
1910 5629 1924 5642 ⁶

413 5763 442 5830 _‘
465 5763 603 5830 (ΞΟΠ).
631 5770 686 5830 gt
702 5777 856 5830 m_arg.
884 5765 1035 5818 Savil.
1059 5766 1158 5823 τοῖς
1181 5766 1436 5828 ἀστάχυσι.

417 5827 444 5866 b
468 5826 556 5874 Διά
577 5825 718 5875 τοῦτο
735 5825 760 5874 ?

1249 347 1315 405 IN
1345 348 1565 406 EPIS'I‘.
1598 351 1619 403 Ι
1650 347 1741 402 ΑΙ)
1778 345 2114 401 THESSAL.
2156 346 2306 402 CAP.
2339 345 2426 412 ΙΙΙ,
2468 344 2700 401 ιιοιιιι..
2743 344 2829 400 IV.

3509 350 3615 406 HO

2040 463 2127 526 είς
2159 462 2226 515 τὸ
2255 463 2531 531 στηρίξαι
2559 461 2726 532 ὑμῶν
2759 463 2863 527 τὰς
2897 461 3144 530 καρδίας
3171 461 3516 531 ἀμέμπτους
3541 465 3613 517 ἐν

2042 548 2347 617 ἁγιωσύνῃ
2374 551 2713 619 ἔμπροσθεν
2730 549 2836 603 τοῦ
2865 550 3012 604 Θεοῦ
3037 549 3137 602 καὶ
3167 550 3397 617 Πατρδς
3422 550 3612 620 ήμῶν,

2037 635 2109 688 ἐν
2137 635 2210 704 τῇ
2239 638 2540 704 παρουσίᾳ
2561 637 2665 701 τοῦ
2691 638 2913 704 Κυρίου
2944 636 3336 704 ήμῶν-Ἰησοῦ
3360 638 3616 705 Χριστοῦ

2034 723 2184 792 μετὰ
2243 723 2484 776 πάντων
2535 722 2653 776 τῶν
2723 725 2907 792 ἁγίων
2963 724 3170 777 αὑτοῦ.
3224 723 3335 794 Τὴν
3392 722 3616 792 ἀγάπην

2038 809 2307 862 δείκνυσιν
2345 811 2526 874 αὐτοῖς
2567 811 2754 882 κέρδος
2793 810 3086 882 φέρουσαν,
3115 812 3173 864 ού
3209 813 3320 874 τοῖς
3361 810 3618 881 φιλουμέυ

2040 914 2170 960 νοις.
2215 896 2505 968 Βούλομαι,
2547 899 2700 968 φησὶ,
2745 898 3040 951 πλεονάσαι
3081 898 3181 969 τὴν
3219 898 3439 968 ἀγάπην
3481 897 3617 952 ταύαι

2037 1001 2160 1053 την,
2205 986 2294 1038 ἵνα
2349 985 2537 1055 μηδεὶς
2585 985 2774 1057 μῶμος
2818 986 3062 1055 γένηται.
3101 986 3213 1038 Οὑκ
3263 979 3437 1047 εἶπεν,
3470 985 3615 1055 ὑμᾶς

2043 1073 2312 1144 στηρίξαι,
2351 1074 2506 1139 ἀλλὰ,
2542 1074 2655 1141 Τὰς
2698 1074 2946 1144 καρδίας
2980 1073 3176 1143 ὑμῶν·
3213 1075 3315 1128 Ἐκ
3357 1075 3468 1144 γὰρ
3504 1073 3616 1142 τῆς

2039 1162 2286 1230 καρδίας
2314 1161 2658 1231 ἐξέρχονται
2691 1161 3064 1232 διαλογισμοὶ
3095 1162 3365 1229 πονηροί.
3399 1162 3614 1216 Ἐνεστι

2041 1250 2150 1319 γὰρ
2176 1250 2341 1319 μηδὲν
2371 1251 2698 1319 πράττοντα,
2731 1250 2966 1320 πονηρὸν
2994 1245 3158 1311 εἶναι,
3183 1244 3293 1302 οἷον
3317 1248 3614 1318 βασκανίαν

2039 1335 2204 1404 ἔχειν,
2239 1337 2516 1400 ἀπιστίαν,
2563 1336 2733 1399 δόλον,
2763 1337 2823 1389 τὸ
2863 1339 3076 1406 χαίρειν
3121 1337 3213 1389 ἐπὶ
3249 1339 3361 1399 τοῖς
3401 1339 3613 1400 κακοῖς,

2041 1419 2189 1494 [456]
2203 1423 2262 1476 τὸ
2285 1422 2359 1494 μὴ
2385 1418 2524 1476 εἶναι
2552 1423 2782 1491 φιλικὸν,
2805 1423 2865 1475 τὸ
2895 1423 3138 1492 δόγματα
3155 1423 3298 1493 ἐχειν
3323 1423 3615 1492 διεστραμ-

2044 1511 2180 1579 μένα
2199 1527 2213 1540 ’
2239 1510 2412 1563 ταῦτα
2440 1511 2616 1564 πάντα
2655 1511 2754 1580 τῆς
2799 1511 3025 1580 καρδίας
3053 1512 3167 1562 ἐστί
3189 1531 3199 1542 ·
3225 1511 3287 1562 τὸ
3315 1510 3370 1562 δὲ
3409 1509 3614 1562 τούτων

2041 1596 2400 1669 καθαρεύειν,
2461 1598 2608 1650 ἐστὶν
2671 1598 2988 1666 ἀγιωσύνη.
3049 1597 3268 1667 Κυρίως
3349 1596 3446 1667 μὲν
3506 1597 3617 1666 γὰρ

2043 1683 2320 1752 ἀγιωσύνη
2350 1683 2569 1751 λέγεται
2598 1685 2630 1754 ή
2665 1684 2988 1755 σωφροσύὺη
3033 1683 3156 1736 κατ’
3188 1683 3378 1754 ἐξοχὴν
3427 1682 3628 1754 ἐπειδὴ

2041 1773 2135 1822 καὶ
2177 1771 2488 1841 ἀκαθαρσία
2511 1774 2544 1842 ἡ
2573 1771 2800 1838 πορνεία
2835 1773 2929 1824 καὶ
2959 1773 2990 1841 ἡ
3024 1771 3239 1842 μοιχεία
3259 1790 3271 1801 ·
3311 1770 3616 1833 καθολικῶς

2040 1857 2095 1909 δὲ
2134 1859 2285 1910 πᾶσα
2317 1860 2558 1928 ἁμαρτία
2603 1859 2936 1930 ἀκαθαρσία,
2969 1861 3064 1910 καὶ
3113 1861 3262 1912 πᾶσα
3315 1859 3484 1929 ἀρετὴ
3516 1875 3617 1912 κα·

2041 1943 2277 2014 θαρότης
2302 1946 2623 2013 ’Μακάριοι
2651 1947 2780 2015 γὰρ,
2815 1947 2999 2015 φησὶν,
3027 1949 3079 1999 οὶ
3113 1946 3354 2013 καθαροὶ
3374 1944 3447 2014 τῇ
3471 1962 3611 2014 καρ-

2041 2031 2159 2099 δίᾳ.
2188 2033 2474 2104 Καθαροὺς
2507 2036 2631 2097 τοὺς
2665 2034 2842 2105 πάντῃ
2874 2034 3146 2105 καθαρούς
3183 2051 3367 2104 φησιν.

2108 2121 2173 2175 δ’.
2197 2116 2330 2174 Οἶδα
2356 2122 2464 2192 γάρ
2499 2124 2597 2176 καὶ
2630 2122 2698 2176 τά
2728 2122 2864 2176 ἀλλα
2894 2123 2992 2192 οὑχ
3020 2117 3182 2193 ἦττον
3210 2124 3308 2192 τὴν
3326 2121 3502 2192 ψυχὴν
3523 2125 3616 2193 ρυ-

2041 2207 2194 2261 ποῦν.
2226 2209 2350 2262 Ὅτι
2381 2210 2488 2280 γὰρ
2529 2210 2765 2281 πονηρία
2818 2209 3035 2280 μολύνει
3081 2211 3180 2281 τὴν
3223 2209 3418 2280 ψυχὴν,
3449 2208 3616 2262 ἄκουε

2038 2296 2132 2347 τοῦ
2161 2297 2440 2366 προφήτου
2460 2297 2705 2366 λέγοντος
2727 2314 2740 2328 ο
2773 2298 3103 2351 Ἀπόπλυνε
3122 2298 3241 2350 ἀπὸ
3276 2297 3488 2360 κακίας
3505 2294 3618 2363 τὴν

2040 2382 2293 2452 καρδίαν
2314 2399 2450 2447 σου,
2489 2382 2913 2452 Ἰερουσαλήμο
2943 2383 3038 2436 καὶ
3066 2382 3247 2445 πάλιν,
3278 2383 3613 2444 Λούσασθε,

2040 2470 2284 2540 καθαροὶ
2314 2471 2584 2539 γένεσθε,
2608 2470 2861 2540 ἀφέλετε
2891 2471 2996 2535 τὰς
3028 2470 3317 2536 πονηρίας
3349 2467 3466 2522 ἀπὸ
3500 2467 3619 2521 τῶν

2039 2560 2126 2624 ’μου
2133 2555 2256 2624 χῶν
2286 2557 2474 2626 ὑμῶν.
2501 2559 2616 2610 υὺκ
2640 2554 2780 2619 εἷπε,
2800 2557 2895 2620 τάς
2924 2556 3179 2627 πορνείας
3203 2573 3214 2584 '
3236 2556 3375 2608 ὥστε
3398 2555 3458 2607 ού
3483 2571 3618 2624 πορι-

2039 2645 2157 2698 νεία
2193 2645 2372 2714 μόνον,
2409 2644 2545 2698 ἀλλὰ
2585 2643 2680 2696 καὶ
2726 2643 2792 2696 τά
2835 2643 2970 2696 ἀλλα
3021 2641 3237 2712 μολύνει
3286 2640 3385 2711 τὴν
3416 2640 3614 2710 ψυχήν.

2039 2733 2319 2801 Στηρίξαι
2350 2733 2540 2800 ὑμῶν,
2566 2733 2721 2801 φησὶ,
2755 2733 2862 2795 τὰς
2901 2729 3147 2796 καρδίας
3181 2728 3519 2798 ἀμέμπτους
3549 2727 3620 2780 ἐν

2039 2821 2343 2890 ἁγιωσύνῃ
2369 2823 2706 2890 ἔμπροσθεν
2734 2820 2841 2873 τοῦ
2876 2819 3023 2874 Θεοῦ
3046 2817 3143 2872 καὶ
3177 2817 3401 2885 Πατρός
3429 2815 3617 2885 ἡμῶν,

2038 2909 2099 2961 ἐν
2136 2907 2208 2975 τῇ
2239 2908 2541 2976 παρουσίᾳ
2562 2907 2669 2960 τοῦ
2692 2908 2913 2974 Κυρίου
2942 2905 3111 2973 ἡμῶν
3143 2903 3343 2971 Ἰησοῦ
3363 2901 3620 2970 Χριστοῦ

2033 2996 2185 3064 μετὰ
2217 2995 2460 3048 πάντων
2494 2995 2611 3048 τῶν
2645 2995 2830 3062 ἁγίων
2865 2993 3072 3047 αὑτοῦ.
3104 2993 3314 3062 Κριτὴς
3354 2991 3462 3061 ἄρα
3495 2991 3618 3042 τότε

2039 3085 2191 3135 ἐσται
2219 3085 2248 3135 ὁ
2293 3084 2559 3152 Χριστός’
2587 3083 2688 3134 οὑκ
2713 3080 3020 3150 ἔμπροσθεν
3059 3079 3116 3131 δὲ
3144 3079 3328 3143 αὑτοῦ,
3359 3077 3492 3131 ἀλλά
3524 3077 3619 3131 καὶ

2037 3169 2132 3222 τοῦ
2153 3170 2361 3241 Πατρὸς
2379 3171 2700 3240 παρεστήκα
2709 3186 2806 3239 μεν
2823 3169 3153 3239 κρινόμενοι.
3171 3167 3242 3219 Ἢ
3256 3164 3413 3218 τοῦτό
3430 3181 3617 3235 φησιν,

2039 3256 2120 3309 ὅτι
2169 3257 2490 3327 ἀμέμπτους
2541 3255 2852 3326 ἔμπροσθεν
2903 3253 2995 3307 τοῦ
3042 3253 3177 3307 Θεοῦ
3210 3253 3289 3305 δεῖ
3332 3253 3616 3320 γενέσθαιο

2039 3345 2176 3413 ὅπερ
2223 3345 2308 3397 ἀεὶ
2363 3344 2526 3412 λέγω,
2553 3344 2614 3396 τὸ
2642 3342 2872 3396 ἐνώπιον
2917 3341 3007 3395 τοῦ
3051 3339 3186 3393 Θεοῦ
3235 3339 3393 3404 (αὕτη
3430 3340 3539 3410 γὰρ
3583 3341 3618 3409 ἡ

2040 3432 2209 3502 ἀρετὴ
2258 3433 2600 3502 εἰλικρινής),
2635 3432 2734 3484 οὑκ
2779 3428 3006 3482 ἐνώπιον
3051 3427 3371 3498 ἀνθρώπων.
3411 3428 3552 3498 ’Δρα
3581 3428 3616 3496 ἡ

2040 3520 2226 3587 ἀγάπη
2271 3518 2596 3587 ἀμέμπτους
2637 3518 2807 3568 ποιεῖ·
2837 3518 2928 3569 καὶ
2968 3516 3077 3586 γάρ
3106 3515 3273 3576 ὅντως
3299 3514 3619 3584 ἀμέμπτους

2041 3607 2202 3658 ποιεῖ.
2235 3606 2342 3658 Καὶ
2388 3603 2523 3674 ἐμοῦ
2556 3604 2690 3656 ποτὲ
2725 3602 2884 3656 τοῦτο
2917 3601 3274 3672 διηγουμένου
3309 3601 3442 3671 πρός
3473 3617 3615 3666 τινα,

2039 3693 2134 3746 καὶ
2162 3692 2431 3758 λέγοντος,
2468 3691 2550 3744 ὃτι
2577 3693 2609 3761 ὴ
2639 3692 2826 3760 ἀγάπη
2857 3691 3177 3761 ἀμέμπτους
3203 3691 3366 3753 ποιεῖ,
3398 3689 3493 3742 καὶ
3514 3688 3615 3741 οὐκ

2038 3780 2262 3849 ἀφίησιν
2307 3781 2340 3848 ἡ
2372 3779 2506 3848 πρὸς
2534 3779 2624 3831 τὸν
2664 3777 2890 3850 πλησίον
2923 3777 3072 3846 φιλία
3105 3775 3452 3847 παρείσδυσίν
3493 3792 3616 3830 τινα

2038 3866 2288 3936 γενέσθαι
2321 3866 2420 3935 τῆς
2444 3865 2550 3934 πλη
2559 3865 2816 3935 μμελίας,
2838 3865 3022 3919 καὶτὰ
3036 3863 3170 3917 ἀλλα
3195 3864 3374 3917 πάντα
3391 3863 3615 3928 διεξιόν-

2037 3972 2128 4016 τος
2153 3954 2248 4006 καὶ
2277 3953 2709 4024 ἐπεξερχομένου
2728 3952 2806 4022 τῷ
2821 3952 2981 4023 λόγῳ,
3009 3952 3116 4005 τῶν
3149 3951 3272 4021 ἐμοί
3298 3967 3382 4013 τις
3409 3950 3612 4021 γνωρί-

2043 4059 2158 4112 μων
2188 4040 2472 4095 ὑποϐαλὼν
2505 4042 2716 4105 ἐαυτὸν,
2745 4043 2906 4112 φησί·
2952 4042 3016 4093 Τί
3045 4037 3136 4094 οὖν
3178 4043 3210 4111 ἡ
3237 4041 3492 4112 πορνεία;
3513 4039 3613 4093 οὑκ

2040 4129 2245 4181 ἔνεστιν
2271 4123 2363 4182 οὖν
2393 4129 2484 4182 καὶ
2507 4129 2681 4198 φιλεῖν
2710 4132 2805 4182 καὶ
2838 4129 3119 4199 πορνεύειν
3139 4146 3154 4192 ς
3177 4131 3272 4182 καὶ
3296 4127 3401 4180 ἀπὸ
3429 4127 3613 4195 φιλίας

2042 4217 2140 4283 μὲν
2174 4215 2330 4268 τοῦτο
2353 4215 2584 4284 γίνεται.
2626 4215 2916 4279 Πλεονεξία
2947 4217 3044 4284 μὲν
3082 4213 3174 4269 οὖν
3206 4217 3300 4268 καὶ
3339 4214 3555 4285 μοιχεία
3583 4224 3606 4252 ε

2039 4305 2132 4356 καὶ
2156 4302 2349 4372 φθόνος
2373 4306 2469 4356 καὶ
2489 4302 2770 4356 ἐπιϐουλαὶ
2796 4304 2890 4355 καὶ
2908 4303 3008 4355 ὅσα
3022 4301 3247 4356 τοιαῦτα
3269 4302 3377 4354 ἀπὸ
3395 4301 3614 4372 ἀγάπης

2037 4393 2136 4463 τῆς
2162 4392 2272 4447 τῶν
2309 4392 2540 4462 πλησίον
2574 4392 2843 4461 ἀνακόψαι
2875 4392 3193 4462 δυνήσεται·
3226 4393 3260 4462 η
3290 4390 3349 4442 δὲ
3387 4392 3614 4461 πορνεία

2038 4481 2190 4547 πῶς;
2242 4481 2428 4550 φησίν.
2490 4480 2632 4548 Ἐγὼ
2677 4479 2858 4532 τοίνυν
2900 4475 3074 4543 εἷπον,
3107 4480 3187 4531 ὃτι
3233 4480 3265 4548 ἠ
3299 4478 3484 4549 ἀγάπη
3522 4482 3613 4532 καὶ

2034 4567 2198 4621 τοῦτο
2227 4569 2452 4622 δύναται
2485 4567 2774 4634 ἀνακόψαι.
2802 4567 2864 4618 Εἰ
2889 4566 2998 4636 γὰρ
3037 4565 3218 4635 φιλοίη
3245 4582 3327 4628 τις
3356 4565 3453 4636 τὴν
3483 4583 3614 4636 πορ-

2035 4659 2331 4728 νευομένην
2347 4659 2603 4726 γυναῖκα,
2619 4658 2712 4710 καὶ⁹
2733 4655 2841 4709 τῶν
2863 4655 3038 4708 ἄλλων
3062 4655 3232 4725 αὐτὴν
3276 4654 3486 4725 ἀνδρῶν
3508 4657 3613 4709 ἀπ-

2034 4747 2261 4813 αγαγεῖν
2283 4745 2623 4815 πειράσεται,
2647 4743 2766 4813 οὐχὶ
2786 4742 2844 4794 δὲ
2873 4745 2968 4795 καὶ
2995 4741 3156 4804 αὐτὸς
3179 4741 3526 4812 προστιθένατ
3542 4745 3608 4813 τῇ

2036 4833 2299 4904 ἁμαρτίᾳ.
2327 4833 2493 4886 Ὥστε
2529 4832 2735 4902 σφόδρα
2769 4829 3050 4901 μισοῦντός
3080 4831 3196 4883 ἐστι
3225 4829 3324 4899 τὴν
3353 4847 3609 4900 πορνευοο

2035 4922 2206 4991 μένην
2233 4921 2293 4974 τὸ
2324 4920 2608 4990 πορνεύειν
2629 4921 2708 4982 εἰς
2733 4919 2935 4989 αύτὴνο
2955 4916 3236 4984 φιλοῦντος
3267 4917 3323 4970 δὲ
3350 4918 3519 4980 ὅντως
3548 4916 3610 4970 τὸ

2033 5009 2339 5076 ἀπαγαγεῖν
2362 5008 2532 5078 αὐτὴν
2563 5005 2664 5075 τῆς
2697 5022 2767 5075 μυ
2778 5005 2946 5074 σαρᾶς
2966 5005 3180 5074 ἐκείνης
3203 5003 3470 5075 πράξεως.
3498 5006 3610 5058 Καὶ

2032 5097 2132 5148 οὑκ
2164 5094 2332 5158 ἐστιν,
2361 5097 2459 5147 οὐκ
2485 5094 2632 5146 ἐστιν
2651 5093 2801 5146 οὐδὲν
2825 5093 3148 5164 ἁμάρτημα,
3176 5093 3206 5146 ὃ
3237 5094 3331 5164 μὴ,
3352 5091 3610 5163 καθάπερ

2034 5183 2166 5254 πῦρ,
2198 5181 2478 5236 ἀναλίσκει
2504 5180 2603 5250 τῆς
2641 5180 2862 5251 ἀγάπης
2889 5182 2920 5251 ή
2953 5180 3198 5251 δύναμις.
3228 5178 3606 5252 Εὑκολώτερον

2031 5270 2142 5342 γὰρ
2169 5270 2445 5341 φρύγανον
2468 5267 2683 5330 εὐτελὲς
2713 5267 3029 5337 ἀντιστῆναι
3057 5269 3206 5338 πυρᾷ
3234 5267 3478 5338 πολλῇ,ἢ
3507 5267 3605 5335 τῆς

2032 5357 2308 5427 ἁμαρτίας
2330 5355 2428 5426 τὴν
2460 5354 2620 5423 φύσιν
2649 5356 2717 5424 τῇ
2749 5354 2848 5426 τῆς
2874 5355 3093 5425 ἀγάπης
3120 5354 3364 5424 δυνάμει.
3388 5353 3604 5425 Ταύτην

2030 5443 2124 5502 οῦν
2151 5445 2506 5516 φυτεύσωμεν
2534 5445 2592 5498 ἐν
2615 5446 2735 5508 ταῖς
2765 5444 2973 5497 ἐαυτῶν
2989 5444 3207 5514 ψυχαῖς,
3228 5444 3314 5496 ἵνα
3337 5441 3474 5514 μετά
3494 5444 3605 5498 τῶν

2031 5535 2202 5604 ἁγίων
2230 5533 2449 5588 πάντων
2485 5531 2730 5602 στῶμεν·
2763 5531 2996 5600 καὶγὰρ
3030 5530 3226 5584 ἐκεῖνοι
3250 5530 3450 5594 πάντες
3475 5531 3602 5604 εὑη-

2091 5701 2115 5730 °
2156 5694 2746 5760 Colb._et»pargim‘marg.
2773 5693 2946 5760 S_avil.,
2971 5693 3017 5760 τί
3041 5693 3082 5740 δ’
3125 5694 3182 5760 ἀν
3206 5694 3353 5760 εἴποις
3392 5698 3498 5760 περὶ
3518 5705 3604 5758 τῆς

2025 5761 2242 5822 πορνείας
2253 5756 2322 5822 ;Λῆ
2345 5758 2434 5818 γὰρ
2452 5757 2718 5822 ,οὑκ-ἔνεστι
2743 5757 2824 5822 καὶ
2847 5757 3117 5822 φλιιαὶςπιξΔ
3138 5756 3306 5822 ἄπαγε·
3335 5759 3428 5806 ἀπὸ
3451 5756 3606 5822 φιλίοις

2033 5815 2245 5883 μάλιστα
2267 5815 2470 5869 ἔσταιτὸ
2504 5819 2568 5879 μὴ
2592 5815 2933 5882 ποριεύεινζὉ
2963 5817 3030 5868 δέ.
3057 5815 3309 5874 Ιιλεονεξία
3342 5823 3422 5878 μὶν
3450 5815 3530 5870 καὶ
3558 5815 3609 5882 μζ
3683 5876 3686 5879 _
