4114 6396
514 282 611 336 6‘31

492 396 762 467 ρέετησαν
790 394 898 447 ἀπ’)
936 393 1034 464 τῆς
1066 396 1145 457 είς
1183 396 1407 464 πλησίον
1438 392 1678 461 ἀγάπης.
1710 390 1880 443 Πόθεν
1919 390 2053 462 ἀνῃ-

493 472 650 543 ρέθη,
677 474 766 525 καὶ
800 473 900 526 οὑκ
934 474 1143 527 ἀνεῖλεν
1169 475 1197 526 6
1226 472 1432 535 "A651;
1467 471 1691 531 Πάντως
1727 467 1807 537 τῷ
1852 467 2063 537 σφόδρα

493 551 665 619 φιλεῖν
708 552 800 604 τὸν
820 551 1047 622 ἀδελφόν
1072 567 1086 581 ·
1126 553 1247 606 οὑδὲ
1280 550 1531 615 δέξασθαι
1568 547 1806 599 τοιοῦτον
1820 547 2068 615 ἠνείχετο

491 631 771 701 λογισμόν.
802 631 972 685 Πόθεν
997 632 1212 697 ἐδέξατο
1247 632 1341 683 τὸν
1371 632 1468 700 τῆς
1522 626 1820 697 βασκανίας
1849 625 2068 696 ὄλεθρον

490 711 522 761 6
563 710 737 773 Κάῖν;
781 709 843 762 οὑ
882 709 991 781 γὰρ
1030 709 1098 763 ἂν
1132 710 1317 762 λοιπὸν
1345 712 1556 777 εἴποιμι
1586 704 1749 758 αὑτὸν
1776 703 1871 755 τοῦ
1902 705 2069 757 Ἀϐελ

494 787 606 855 ἐγὼ
638 787 888 855 ἀδελφὸν,
921 789 1002 842 ὅτι
1033 790 1134 841 οὐκ
1155 788 1413 856 ἀσφαλῶς
1435 788 1734 856 ἠρήρειστο
1759 783 1890 853 παρ’
1920 783 2069 853 αὑτῷ

492 867 561 919 τά
593 868 693 935 τῆς
721 866 941 937 ἀγάπης
981 866 1229 937 θεμέλια.
1281 866 1454 919 Πόθεν
1497 863 1861 933 εὐδοκίμησαν
1888 862 1936 914 οἱ
1974 862 2067 915 τοῦ

492 943 642 1015 [457]
681 944 805 996 Νῶε
856 945 1076 1012 παῖδες;
1119 946 1219 998 οὑκ
1262 944 1449 1010 ἐπειδὴ
1492 943 1698 1011 σφόδρα
1728 941 1945 1008 ἐφίλουν
1977 941 2071 992 τὸν

493 1022 729 1091 πατέρα,
755 1023 875 1075 οὑδὲ
912 1022 1010 1093 τὴν
1031 1022 1314 1092 γύμνωσιν
1346 1022 1637 1091 ἠνέσχοντο
1674 1018 1825 1072 ἰδεῖν.
1874 1018 1932 1070 '0
1959 1019 2073 1071 ἐτε-

498 1116 589 1167 ρος
612 1099 668 1153 δὲ
698 1101 861 1153 πόθεν
886 1100 1173 1169 κατηράθη
1201 1116 1215 1165 ;
1261 1100 1361 1152 οὑκ
1399 1098 1508 1151 ἀπὸ
1536 1096 1630 1149 τοῦ
1662 1095 1735 1166 μὴ
1759 1095 1932 1164 φιλεῖν
1955 1112 1971 1159 ;
2013 1096 2071 1148 Ὀ

491 1178 552 1230 δὲ
603 1178 856 1250 Ἁϐραάμ
878 1179 1041 1231 πόθεν
1073 1179 1443 1248 ηὐδοκίμησεν
1475 1193 1490 1241 ;
1549 1175 1648 1228 οὐκ
1679 1174 1788 1227 ἀπὸ
1817 1174 1915 1244 τῆς
1937 1175 2073 1243 ἀγά-

493 1274 627 1323 πης,
682 1259 752 1311 τὰ
805 1259 933 1329 περὶ
981 1257 1073 1310 τὸν
1103 1257 1418 1325 ἀδελφιδοῦν
1478 1254 1948 1325 διαπραξάμενοςς
2001 1255 2073 1307 τὰ

492 1338 626 1409 περὶ¹
652 1337 750 1408 τὴν
774 1338 1054 1409 ἱκετηρίαν
1082 1336 1179 1407 τὴν
1209 1337 1349 1407 ὑπὲρ
1368 1334 1477 1388 τῶν
1500 1333 1832 1403 Σοδομιτῶν;
1860 1332 2073 1403 Σφόδρα

492 1417 624 1489 γὰρ,
684 1416 890 1487 σφόδρα
923 1416 1268 1484 φιλόστοργοι
1290 1410 1429 1485 ἦσαν
1453 1416 1501 1466 οἱ
1530 1413 1700 1480 ἀγιοι,
1729 1412 1822 1464 καὶ
1858 1429 2075 1489 συμπα-

492 1488 726 1563 θητικοί.
774 1495 1056 1565 Ἐννόησον
1100 1495 1208 1563 γάρ
1240 1510 1330 1562 μοι
1366 1492 1485 1554 πῶς
1513 1490 1806 1543 διατίθεται
1851 1488 1910 1553 ἐξ
1938 1488 2075 1557 ἀγά-

494 1592 604 1644 πης
630 1576 657 1627 6
681 1575 775 1627 καὶ
796 1574 967 1644 πυρὸς
991 1566 1348 1641 κατατολμῶν
1374 1569 1608 1632 Παῦλος,
1634 1569 1662 1620 ὁ
1693 1566 2071 1637 ἀδαμάντινος,

491 1655 523 1706 6
550 1655 799 1723 στερρὸς,
831 1657 859 1706 6
889 1653 1138 1720 ἀκλινὴς,
1171 1652 1199 1704 6
1232 1651 1462 1703 πάντοτε
1494 1647 2023 1717 συγκεκροτημένος,
2045 1649 2074 1700 6

492 1733 880 1803 καθηλωμένος
908 1732 986 1802 τῷ
1008 1730 1158 1801 φόϐῳ
1188 1730 1282 1783 τοῦ
1311 1727 1468 1789 Θεοῦ,
1489 1730 1517 1780 ὁ
1542 1727 1824 1796 ἀκαμπής.
1854 1724 1949 1788 Τίς
1964 1725 2073 1797 γάρ

493 1811 671 1880 ἡμᾶς,
690 1814 844 1882 φησὶ,
875 1812 1113 1880 χωρίσει
1136 1809 1255 1864 ἀπὸ
1274 1807 1380 1875 τῆς
1404 1807 1640 1876 ἀγάπης
1656 1806 1761 1859 τοῦ
1784 1804 2040 1872 Χριστοῦ
2052 1821 2072 1870 ;

495 1891 721 1958 θλῖψις,
753 1890 790 1958 ἢ
812 1891 1199 1959 στενοχωρία,
1224 1887 1263 1956 ἣ
1281 1886 1553 1955 διωγμὸς,
1577 1886 1614 1953 ἣ
1640 1885 1837 1953 λιμὸς,
1862 1883 1900 1951 ἢ
1931 1903 2075 1954 γυμ-

492 1972 699 2036 νότης,
734 1970 773 2037 ἢ
803 1969 1106 2032 κίνδυνος,
1140 1969 1179 2035 ἢ
1216 1966 1515 2035 μάχαιρα;
1565 1965 1624 2017 Ὀ
1663 1964 1867 2016 τούτων
1898 1962 2075 2016 τοίνυν

496 2049 750 2103 ἁπάντων
778 2045 1159 2116 κατατολμῶν,
1187 2045 1285 2098 καὶ
1310 2045 1414 2115 γῆς
1442 2044 1536 2097 καὶ
1576 2043 1872 2115 θαλάσσης.
1910 2046 1938 2098 ὁ
1964 2044 2076 2098 τῶν

495 2129 875 2199 ἀδαμαντίνων
901 2128 995 2180 τοῦ
1026 2127 1151 2198 ᾅδου
1191 2126 1379 2179 πυλῶν
1420 2127 1762 2194 καταγελῶν,
1817 2129 1876 2181 ὃν
1923 2130 2076 2183 οὐδὲν

495 2214 760 2281 ὑφίστατο
807 2210 977 2273 ὅλω;’
1022 2206 1175 2272 οὗτος
1201 2210 1388 2280 ἐπειδή
1430 2227 1591 2261 τινων
1635 2212 1935 2281 ἀγαπητῶν
1967 2209 2074 2265 εἶδε

492 2292 725 2363 δάκρυα,
776 2292 917 2343 οὕτω
937 2288 1284 2359 κατεκλάσθη
1324 2289 1419 2341 καὶ
1452 2289 1742 2360 συνετρίϐη
1774 2293 1802 2343 ό
1841 2291 2072 2360 ἀδάμας,

494 2372 571 2436 ὼς
607 2371 742 2442 μηδὲ
771 2370 979 2442 κρύψαι
1027 2370 1090 2423 16
1134 2367 1327 2432 πάθος,
1357 2367 1474 2420 ἀλλ’
1519 2369 1696 2420 εἰπεῖν
1736 2369 1937 2432 εὐθέως
1962 2386 1975 2398 ’
2013 2371 2075 2424 Τί

495 2449 714 2503 ποιεῖτε
750 2449 1096 2513 κλαίοντες,
1148 2445 1246 2499 καὶ
1272 2445 1760 2511 συνθρύπτοντές
1801 2465 1920 2515 μου
1963 2447 2078 2514 τὴν

494 2529 785 2597 καρδίαν;
822 2528 887 2580 Τί
913 2527 1124 2594 λέγεις;
1157 2523 1277 2577 εἰπέ
1310 2540 1401 2592 μοι
1424 2538 1440 2553 ο
1472 2525 1688 2594 ἐκείνην
1710 2526 1808 2591 τὴν
1839 2526 2076 2596 ἀδαμαν-

493 2608 648 2677 τίνην
676 2606 854 2676 ψυχὴν
879 2604 1165 2673 συντρίψαι
1199 2603 1432 2673 δάκρυον
1481 2601 1701 2671 ίσχυσε;
1739 2604 1867 2669 Ναὶ,
1904 2605 2075 2675 φησί’

494 2688 632 2757 πρὸς
667 2685 846 2738 πάντα
881 2683 991 2752 γάρ
1029 2682 1263 2750 ἀντέχω,
1312 2679 1452 2745 πλὴν
1499 2681 1598 2749 τῆς
1643 2682 1862 2751 ἀγάπης
1894 2697 1908 2712 ·
1938 2682 2077 2754 αὕτη

497 2783 601 2835 μου
630 2763 966 2835 περιγίνεται
998 2761 1096 2813 καὶ
1135 2761 1349 2830 κρατεῖ.
1395 2757 1567 2810 Τοῦτο
1608 2758 1687 2829 τῷ
1738 2760 1858 2829 Θεῷ
1907 2763 2076 2817 δοκεῖ.

498 2844 768 2904 Ἀϐυσσος
806 2841 966 2893 αὑτὸν
1012 2839 1074 2891 οὑ
1129 2836 1447 2904 συνέτριψεν
1500 2835 1743 2900 ὑδάτων,
1774 2841 1870 2893 καὶ
1912 2841 2080 2912 μικρά

492 2921 705 2990 δάκρυα
750 2916 1057 2987 συνέτριψε.
1124 2916 1187 2969 Τί
1212 2914 1431 2968 ποιεῖτε
1462 2916 1777 2981 κλαίοντες
1801 2920 1900 2971 καί
1929 2935 2081 2972 συν-

492 2998 796 3066 τρίϐοντές
842 3014 958 3065 μου
1001 2993 1115 3061 τὴν
1163 2993 1458 3059 καρδίαν;
1514 2992 1686 3061 Πολλὴ
1711 2995 1820 3065 γὰρ
1846 2996 2080 3068 αὐτῆςή

498 3078 671 3148 ἰσχύς.
733 3075 919 3136 Θέλεις
972 3073 1134 3126 αὑτὸν
1201 3072 1327 3123 ἰδεῖν
1383 3072 1545 3124 πάλιν
1570 3072 1859 3136 κλαίοντας
1916 3073 2080 3127 ἄκουε

494 3157 659 3208 αὑτοῦ
714 3150 946 3223 ἀλλαχοῦ
1014 3150 1264 3218 λέγοντος
1296 3165 1311 3179 ⁶
1379 3149 1668 3216 Τριεντίαν,
1742 3153 1933 3206 νύκτα
1983 3152 2083 3205 καὶ

494 3232 932 3303 ἡμέραν,φησὶν,
956 3232 1066 3284 οὐκ
1090 3226 1453 3295 ἐπαυσάμην
1473 3228 1622 3295 μετὰ
1645 3230 1922 3298 δακρύων
1943 3247 2083 3284 νου-

494 3313 682 3369 θετῶν
718 3313 827 3366 ἕνα
856 3311 1135 3363 ἕκαστον.
1168 3307 1301 3359 Ἀπὸ
1326 3307 1525 3376 πολλῆς
1547 3309 1765 3378 ἀγάπης
1804 3310 2079 3376 ἐδεδοίκει,

498 3395 573 3464 μή
603 3411 685 3456 τις
708 3389 994 3459 ἐπεισέλθῃ
1020 3387 1188 3455 λύμη.
1214 3385 1321 3436 Καὶ
1349 3385 1509 3437 πάλιν
1534 3403 1548 3417 ο
1588 3388 1682 3439 Ἐκ
1707 3388 1815 3455 γὰρ
1841 3389 2083 3456 πολλῆς

494 3476 759 3543 θλίψεως
804 3470 902 3525 καὶ
943 3465 1217 3535 συνοχῆς
1254 3467 1500 3534 καρδίας
1544 3468 1779 3537 ἔγραψα
1814 3467 1958 3537 ὑμῖν
1985 3468 2084 3526 διὰ

496 3553 745 3608 πολλῶν
780 3550 1071 3618 δακρύων.
1117 3545 1183 3597 Τί
1209 3544 1308 3597 δέὀ
1345 3546 1562 3615 Ἰωσὴφ,
1593 3546 1712 3601 είπέ
1733 3565 1843 3616 μοι,
1869 3551 1897 3601 ὸ
1926 3552 2084 3619 περ-

499 3635 613 3705 ρὸς,
646 3635 675 3685 6
704 3631 839 3701 πρὸς
865 3626 1155 3697 τυραννίδα
1183 3625 1453 3694 τοσαύτην
1471 3627 1623 3689 στὰς,
1714 3626 1853 3693 πρὸς
1883 3628 2082 3680 τοσαύ-

497 3704 596 3781 την
628 3710 827 3780 ἔρωτος
880 3704 1060 3775 πυράν
1107 3705 1251 3757 οὓτω
1298 3707 1544 3772 γενναῖος
1592 3704 1800 3772 ὀφθεὶς,
1866 3706 1894 3758 6
1942 3705 2084 3760 οὑτω

497 3787 1010 3857 καταγωνισάμενος
1069 3785 1162 3836 καί⁵
1228 3783 1639 3845 καταπαλαίσας
1664 3785 1763 3853 τῆς
1797 3784 2084 3855 δεσποίνης

496 3871 598 3939 τὴν
626 3866 894 3933 τοσαύτην
932 3862 1162 3932 μανίαν;
1190 3860 1242 3912 τί
1270 3861 1390 3939 Ϋγάρ
1418 3862 1516 3913 οὐκ
1547 3860 1736 3927 ἔθελγε
1768 3863 1925 3925 τότες
1962 3864 2084 3930 ὄψις

499 3938 819 4016 εύπρεπὴς,
879 3940 1185 4009 ἀξιώματος
1229 3938 1417 4005 τῦφος,
1469 3938 1697 4006 ἱματίων
1738 3940 2081 4005 πολυτέλεια,

498 4014 806 4092 ἀρωμάτων
833 4017 1062 4085 εύοσμία
1096 4014 1211 4083 (καὶ
1252 4014 1358 4082 γὰρ
1408 4015 1503 4067 καὶ
1534 4014 1709 4067 ταῦτα
1736 4016 2084 4086 καταμαλάτ-

497 4119 610 4155 τειν
639 4096 745 4153 οἵδε
774 4097 997 4167 ψυχήν),
1030 4094 1252 4163 ῥήματα
1282 4092 1497 4145 πάντων
1530 4092 1925 4165 μαλακώτερα;

570 4224 631 4272 ε’.
658 4220 801 4271 Ἴστε
830 4215 935 4287 γάρ
964 4215 1105 4283 ὁτιή
1130 4211 1330 4282 ἐρῶσα,
1356 4212 1451 4265 καὶ⁵
1470 4210 1612 4265 οὓτω
1638 4213 1902 4282 σφοδρῶς,
1930 4215 2084 4269 οὐδὲν

498 4295 750 4351 ταπεινὸν
798 4292 1204 4363 παραιτήσεται
1251 4292 1448 4353 εἰπεῖν,
1473 4291 1660 4360 σχῆμα
1702 4293 1930 4355 ίκέτιδος
1956 4295 2085 4347 ἀνα-

500 4375 757 4430 λαϐοῦσα.
812 4372 965 4425 Οὕτω
990 4370 1099 4441 γὰρ
1122 4368 1464 4438 κατεκλάσθη
1488 4371 1520 4438 ή
1541 4370 1953 4441 χρυσοφοροῦσα
1982 4390 2084 4441 γυ-

500 4455 588 4524 νή,
634 4454 728 4506 καὶ
766 4452 827 4504 ἐν
869 4450 1140 4520 ἀξιώματι
1166 4443 1301 4500 οὖσα
1334 4448 1621 4518 βασιλικῷ,
1667 4450 1742 4512 ὼς
1767 4449 1860 4502 τοῦ
1893 4452 2085 4515 παιδὸς

501 4534 597 4586 τοῦ
631 4530 973 4601 αἰχμαλώτου
1010 4527 1144 4598 πρὸς
1176 4528 1243 4580 τὰ
1280 4527 1482 4594 γόνατα
1507 4527 1636 4589 ἴσως
1664 4529 1861 4598 ἑαυτὴν
1908 4532 2083 4600 ῥῖψαι,

503 4614 635 4675 ἴσως
671 4611 728 4663 δέ
754 4612 849 4663 καὶ
874 4607 1253 4678 παρακαλέσαι
1289 4606 1631 4676 δακρύουσαν
1657 4610 1752 4661 καὶ
1796 4608 1904 4660 τῶν
1926 4610 2088 4676 γονά-

503 4706 611 4743 των
640 4686 972 4757 ἁπτομένην,
1021 4686 1115 4737 καλ⁵
1160 4686 1316 4737 τοῦτο
1360 4686 1460 4754 οὺχ
1495 4685 1663 4750 ἀπαξ,
1705 4687 1767 4738 ού
1812 4687 2084 4755 δεύτερον,

505 4768 641 4821 ἀλλὰ
674 4766 933 4825 πολλάκις
975 4762 1453 4833 μηχανησαμένην.
1495 4764 1650 4833 Ἐνῆν
1678 4764 1771 4816 καὶ
1809 4764 2085 4836 ὀφθαλμὸν

506 4840 635 4899 ἰδεῖν
668 4846 786 4897 τότε
823 4842 1059 4911 μάλιστα
1101 4840 1387 4909 λάμποντα
1422 4858 1435 4873 ·
1470 4842 1530 4894 ού
1570 4844 1679 4910 γὰρ
1716 4842 1901 4905 ἁπλῶς
1939 4844 2087 4907 είκὺς

506 4926 696 4997 αὐτὴν,
726 4924 863 4978 ἀλλά
892 4921 1032 4993 μετά
1070 4922 1268 4992 πολλῆς
1316 4922 1417 4991 τῆς
1456 4922 1779 4994 περιεργίας
1807 4922 2085 4976 καλλωπί·

505 5004 718 5069 ζεσθαι,
751 5003 846 5057 ἆτε
879 5000 1210 5070 βουλομένην
1253 4999 1469 5063 πολλοῖς
1512 5003 1625 5063 τοῖς
1664 5000 1903 5061 δικτύοις
1947 5000 2087 5053 ἐλεῖν

506 5085 569 5137 16
602 5083 784 5154 ἀρνίον
819 5081 914 5133 τοῦ
969 5079 1225 5149 Χριστοῦ.
1286 5079 1525 5149 Πρόσθες
1593 5097 1681 5147 μοι
1733 5078 1967 5154 ἐνταῦθα
1991 5081 2088 5133 καὶ

511 5153 661 5234 [458]
695 5160 924 5230 μαγείας
947 5158 1167 5221 πολλάς.
1233 5157 1372 5209 Ἀλλ’
1404 5158 1554 5234 ὅμως
1577 5159 1605 5208 6
1624 5158 1887 5227 ἀκαμπὴς
1909 5153 2085 5234 οὗτος,

508 5227 536 5294 6
568 5227 810 5310 στέρῤδς,
832 5240 859 5290 6
876 5236 1319 5304 πεπετρωμένος,
1339 5227 1525 5303 ἐπειδῆ
1546 5236 1672 5296 τοὺς
1695 5235 1957 5301 ἀδελφοὺς
1981 5233 2087 5289 εἶδε

508 5320 632 5380 τοὺς
656 5317 1173 5385 ἀπεμπολήσαντας,
1193 5316 1319 5377 τοὺς
1339 5314 1418 5375 είς
1440 5314 1639 5367 λάκκον
1663 5313 1942 5382 βαλόντας,
1963 5318 2090 5378 τοὺς

510 5397 898 5466 ἀποδομένους,
929 5395 1054 5456 τοὺς
1082 5394 1179 5445 καί
1203 5395 1518 5446 ἀποκτεῖναι
1548 5391 1923 5460 βουλομένους,
1963 5396 2089 5457 τοὺς

509 5475 606 5529 καὶ
636 5472 730 5526 τοῦ
759 5471 1126 5542 δεσμωτηρίου
1177 5472 1271 5524 καὶ
1300 5471 1399 5537 τῆς
1434 5471 1597 5539 τιμῆς
1622 5473 1826 5533 αἰτίους
1864 5473 2091 5541 γενομέ-

510 5571 634 5616 νους
660 5567 674 5581 ·
703 5552 889 5622 ἐπειδὴ
923 5553 1124 5620 ἤκουσε
1162 5549 1291 5619 παρ’
1329 5549 1529 5610 αὑτῶν,
1565 5548 1598 5602 ἃ
1640 5550 1731 5600 τὸν
1766 5550 1977 5617 πατέρα
2014 5551 2092 5603 δι-

509 5635 733 5700 έθηκαν’
768 5631 1042 5698 Ειπωμεν
1062 5629 1192 5700 γὰρ,
1220 5629 1403 5697 φησὶν,
1433 5628 1521 5679 ὅτι
1546 5630 1577 5681 ὁ
1605 5622 1690 5692 εἷς
1707 5629 2093 5694 θηριόὄρωτος

512 5711 719 5779 γέγονε
745 5727 758 5740 ·
789 5709 1153 5778 κατεκλάσθη,
1190 5706 1595 5777 συνεμαλάχθη,
1644 5705 1955 5775 συνετρίϐη,
1997 5706 2092 5757 καὶ

512 5788 742 5844 ἐκλαυσε
764 5802 779 5820 ·
812 5788 998 5860 καὶμὴ
1031 5789 1209 5858 φέρων
1225 5785 1513 5860 τὸςπάθος,
1536 5783 1791 5839 εἰσελθὼν
1830 5784 1885 5837 Ἐ
1890 5801 2090 5854 νεκρα-

1198 280 1259 336 S.
1299 275 1587 335 JOANNIS
1621 270 2103 331 CHRYSOSTOMI
2140 269 2456 328 ARCIIIEP.
2497 270 3040 329 CONSTANTINOP.

3627 279 3735 335 4‘29.

2170 386 2426 440 τεύσατο
2448 400 2512 449 ³,.
2553 388 2851 449 τουτέστιν,
2908 387 3245 457 ἀπεμάξατο.
3291 387 3360 442 Τί
3407 387 3596 457 τοῦτο;
3647 392 3740 444 δα-

2168 469 2377 538 κρύεις,
2405 464 2450 523 ὧ
2487 471 2715 540 Ἰωσήφ;
2743 471 2856 524 Καὶ
2873 471 2979 541 μὴν
3003 471 3103 524 οὐκ
3129 470 3254 535 ἀξια
3279 472 3348 525 τά
3376 472 3618 543 παρόντα
3651 474 3743 528 δα-

2168 552 2375 623 κρύων,
2431 554 2544 607 ἀλλ’
2592 554 2763 623 ὀργῆς
2817 556 2910 607 καὶ
2965 552 3138 622 θυμοῦ
3170 555 3264 608 καὶ
3299 556 3742 625 ἀγανακτήσεως,

2172 637 2411 706 μεγάλης
2436 637 2699 707 τιμωρίας
2727 637 2821 690 καὶ
2849 637 3253 701 ἀνταποδόσεως
3282 655 3297 669 ·
3325 637 3471 707 ἔχεις
3514 642 3595 702 εὶς
3626 642 3746 709 χεῖ-

2171 723 2270 792 ρὰς
2293 724 2418 782 τοὺς
2444 723 2670 791 ἐχθροὺς
2694 722 2820 785 τοὺς
2865 722 3282 788 ἀδελφοκτόνους
3302 764 3317 788 ,
3379 723 3606 776 δύνασαι
3652 722 3747 775 τὸν

2170 804 2339 874 θυμὸν
2363 804 2658 874 ἐμπλῆσαι.
2717 807 2909 858 Καίτοι
2950 804 3072 857 οὑδέ
3103 803 3260 857 τοῦτο
3298 804 3481 858 ἀδικία
3505 821 3519 835 ·
3550 805 3613 858 οὐ
3638 804 3745 875 γὰρ

2168 888 2330 952 αὐτὸς
2354 887 2542 960 ἄρχεις
2569 886 2765 958 χειρῶν
2791 887 3012 955 ἀδίκων,
3039 888 3153 941 ἀλλ’
3178 887 3363 958 ἀμύνῃ
3388 891 3516 950 τοὺς
3548 887 3744 958 ήδικη-

2170 972 2350 1035 κότας.
2400 971 2492 1042 Μὴ
2526 973 2633 1044 γάρ
2668 990 2759 1042 μοι
2820 972 2958 1044 πρὸς
3007 973 3068 1026 16
3100 967 3319 1042 ἀξίωμα
3370 972 3484 1043 ἴδῃς
3510 989 3523 1002 ·
3559 973 3620 1024 οὑ
3649 972 3747 1041 τῆς

2170 1055 2393 1108 ἐκείνων
2422 1055 2637 1123 ἐγένετο
2670 1053 2915 1124 γνώμης,
2972 1055 3107 1108 ἀλλά
3139 1054 3234 1108 τοῦ
3277 1053 3409 1107 Θεοῦ
3436 1052 3551 1107 -τοῦ
3582 1070 3749 1106 κατα-

2170 1139 2395 1209 χέαντός
2427 1157 2509 1191 σοι
2542 1139 2640 1207 τήν
2669 1140 2847 1209 χάριν.
2897 1139 2963 1191 Τί
2996 1138 3236 1201 κλαίεις;
3281 1138 3422 1191 Ἀλλ’
3468 1135 3622 1190 εἶπεν
3656 1136 3741 1190 ἀν’

2170 1225 2260 1294 Μή
2295 1239 2383 1291 μοι
2414 1222 2622 1290 γένοιτο
2642 1223 2701 1272 ἐν
2729 1222 2896 1273 πᾶσιν
2926 1220 3346 1290 εὐδοκιμήσαντι
3377 1220 3553 1273 πάντα
3574 1236 3745 1272 κατα-

2170 1306 2330 1361 λῦσαι
2357 1307 2539 1360 ἐκεῖνα
2569 1307 2656 1360 διὰ
2684 1304 2888 1373 ταύτης
2913 1304 3013 1373 τῆς
3056 1305 3418 1374 μνησικακίας
3454 1322 3467 1335 ’
3494 1303 3746 1372 δακρύων

2171 1390 2339 1453 ὅντως
2353 1390 2542 1460 καιρός
2562 1406 2575 1419 ο
2592 1390 2688 1441 οὑκ
2705 1390 2822 1457 εἰμὶ
2836 1387 2944 1440 τῶν
2964 1387 3167 1458 θηρίων
3182 1386 3513 1458 ἀγριώτερος
3533 1405 3547 1420 ο
3564 1390 3748 1441 ἐκεῖνα

2172 1472 2311 1543 πρὸς
2343 1471 2439 1542 τὴν
2471 1471 2630 1539 φύσιν
2675 1470 2980 1533 σπένδεται,
3030 1470 3141 1523 πὰν
3167 1470 3347 1523 ὁτιοῦν
3376 1464 3526 1541 πάθῃ
3551 1471 3743 1523 δεινόν.

2172 1555 2380 1618 Κλαίω,
2405 1556 2590 1625 φησὶν,
2614 1555 2695 1607 ὃτι
2721 1571 2788 1623 με
2818 1553 2956 1616 ὅλως
2982 1552 3209 1606 τοιαῦτα
3237 1553 3514 1622 διέθηκαν.
3547 1552 3748 1606 Τοῦτον

2174 1635 2270 1689 καλ⁸
2295 1637 2453 1705 ἡμεῖς
2483 1633 2800 1704 μιμώμεθα.
2820 1633 2916 1686 καὶ
2931 1633 3217 1703 πενθῶμεν
3240 1634 3366 1696 τοὺς
3385 1632 3712 1702 ἠδικηκότας
3728 1648 3742 1662 ⁸

2178 1718 2252 1790 μὴ
2264 1716 2608 1788 ὀργιζώμεθα
2620 1715 2754 1786 πρὸς
2768 1714 2961 1776 αὐτούς
2985 1731 2997 1743 ·
3017 1716 3183 1775 ὅντως
3197 1716 3305 1787 γὰρ
3317 1716 3563 1786 δακρύων
3585 1715 3746 1781 ἄξιοι,

2172 1796 2242 1872 ἦς
2269 1801 2491 1861 ἑαυτοὺς
2519 1799 2790 1869 τιμωρίας
2807 1799 2903 1851 καὶ
2924 1799 3223 1868 καταδίκης
3244 1798 3579 1859 ὑπευθύνους
3621 1797 3748 1851 καθ-

2177 1884 2414 1938 ιστῶσιν.
2440 1877 2570 1935 Οἶδα
2598 1882 2715 1945 πῶς
2741 1880 2952 1935 κλαίετε
2974 1882 3087 1945 νῦν,
3112 1883 3229 1945 πῶς
3256 1882 3500 1953 χαίρετε,
3528 1883 3623 1934 καὶ
3650 1881 3742 1934 τὸν

2173 1968 2384 2020 Παῦλον
2413 1964 2802 2032 θαυμάζοντες,
2842 1964 2938 2017 καλ⁹
2957 1958 3260 2035 τδνἹωσήφ
3291 1963 3745 2035 ἐκπληττόμενοι,

2173 2050 2270 2103 καὶ
2302 2047 2715 2118 μακαρίζοντες.
2764 2046 2902 2098 Ἀλλ’
2928 2048 2981 2099 εῖ
3003 2058 3087 2114 τις
3113 2048 3304 2117 ἐχθρὸν
3334 2046 3469 2116 ἔχει,
3499 2048 3578 2109 είς
3610 2048 3750 2116 μνή-

2178 2150 2286 2203 μην
2322 2130 2484 2184 αὐτὸν
2514 2128 2609 2182 νῦν
2639 2128 2982 2198 λαμϐανέτω,
3010 2131 3090 2191 είς
3117 2129 3243 2183 νοῦν
3291 2129 3566 2199 βαλλέσθω
3587 2144 3599 2157 ·
3637 2129 3747 2193 ἵνα,

2173 2216 2279 2278 ἓως
2305 2214 2385 2267 ἔτι
2408 2212 2491 2276 ξεῖ
2520 2213 2547 2252 b
2572 2214 2638 2282 τῇ
2668 2214 2853 2281 μνήμῃ
2880 2211 2988 2263 τῶν
3037 2211 3207 2277 ἁγίων
3229 2213 3261 2276 ἡ
3291 2211 3503 2283 καρδία,
3540 2210 3743 2281 δυνηθῇ

2172 2298 2234 2350 16
2263 2296 2509 2367 πεπηγὸς
2531 2295 2631 2363 τῆς
2655 2294 2871 2365 μήνιδος
2901 2293 3082 2358 λῦσαι,
3108 2294 3202 2346 καὶ
3228 2294 3289 2346 16
3302 2296 3476 2365 τραχὺ
3492 2295 3584 2347 καὶ
3610 2295 3749 2347 ἀπε-

2175 2379 2412 2451 σκληκδς
2456 2377 2857 2447 καταμαλάξαι.
2916 2372 3046 2429 Οἶδα
3080 2378 3162 2430 ὅτι
3202 2377 3338 2447 μετά
3368 2378 3468 2449 τὴν
3498 2376 3747 2430 ἐντεῦθεν

2172 2464 2370 2529 ἔξοδον,
2399 2465 2535 2532 μετά
2555 2461 2615 2515 16
2644 2461 2954 2515 παύσασθαί
2985 2479 3052 2531 με
3068 2462 3318 2530 λέγοντα,
3348 2463 3450 2516 κᾶν
3475 2462 3748 2534 ἀπομείνῃ

2174 2565 2227 2601 τι
2242 2548 2340 2616 τῆς
2358 2546 2566 2616 θέρμης
2588 2546 2681 2599 καὶ
2705 2546 2806 2613 τῆς
2831 2544 3053 2608 ζέσεως,
3072 2546 3133 2598 ού
3159 2544 3411 2598 τοσοῦτόν
3434 2547 3601 2611 ἐστιν,
3624 2547 3751 2598 ὅσον

2175 2632 2270 2684 νῦν
2300 2632 2358 2683 ἐν
2385 2633 2451 2700 τῇ
2476 2630 2756 2699 ἀκροάσει.
2810 2629 2878 2682 Et
2904 2647 2991 2693 τις
3012 2625 3126 2694 οῦν,
3180 2629 3234 2682 εἴ
3279 2648 3363 2693 τις
3393 2631 3747 2699 κατέψυκται,

2174 2713 2351 2767 λυέτω
2392 2713 2491 2782 τὴν
2521 2712 2733 2782 πάχνην
2760 2729 2775 2743 ·
2812 2712 2994 2782 πάχνη
3027 2711 3136 2780 γὰρ
3167 2712 3334 2776 ὅντως
3370 2714 3462 2766 καὶ
3487 2714 3693 2782 κρυμὸς
3716 2716 3751 2783 ή

2181 2795 2535 2867 μνησικακία.
2585 2792 2748 2846 Ἀλλά
2782 2794 3105 2864 καλέσωμεν
3137 2795 3226 2848 τὸν
3252 2795 3403 2865 ἥλιον
3426 2795 3523 2861 τῆς
3545 2797 3751 2849 δικαιο-

2179 2880 2363 2947 σύνης,
2392 2877 2713 2947 ἀξιώσωμεν
2749 2876 2910 2931 αὑτὸν
2944 2878 3231 2945 ἐπαφεῖναι
3259 2878 3358 2943 τὰς
3382 2879 3624 2945 ἀκτῖνας,
3657 2883 3755 2934 καὶ

2177 2960 2359 3014 οὐκέτι
2387 2960 2538 3013 ἔσται
2570 2960 2748 3029 πάχνη
2778 2962 2999 3029 παχεῖα,
3039 2961 3163 3013 ’ἀλλ’
3205 2961 3347 3030 ὕδωρ
3376 2962 3619 3026 πότιμον.
3650 2964 3751 3015 Ἂν

2179 3043 2385 3112 ἅψηται
2420 3042 2481 3095 16
2510 3041 2604 3095 τοῦ
2638 3041 2789 3110 ἡλίου
2831 3042 2933 3112 τῆς
2959 3043 3300 3115 δικαιοσύνης
3342 3043 3454 3115 πῦρ
3477 3045 3577 3114 τῆς
3612 3047 3756 3115 ἡμε-

2177 3125 2342 3195 τέρας
2380 3124 2580 3195 ψυχῆς,
2629 3125 2779 3177 οὐδὲν
2817 3124 2967 3178 ἐάσει
3003 3127 3273 3195 πεπηγὸς,
3310 3128 3463 3179 οὐδὲν
3497 3128 3753 3199 σκληρὸν,

2179 3210 2334 3262 οὐδὲν
2392 3208 2715 3272 καυστικὸν,
2760 3208 2913 3262 οὐδὲν
2968 3209 3219 3280 ἄκαρπον
3250 3226 3265 3241 ’
3315 3211 3494 3264 πάντα
3546 3211 3755 3284 ὦριμα,

2180 3293 2361 3346 πάντα
2407 3290 2639 3359 γλυκέα,
2676 3291 2855 3345 πάντα
2910 3292 3113 3361 πολλῆς
3162 3295 3398 3364 γέμοντα
3434 3294 3532 3365 τῆς
3561 3295 3757 3364 ἡδονῆς

2179 3372 2454 3437 ἐπιδείξει.
2493 3374 2590 3425 Ἂν
2633 3373 2935 3442 ἀγαπῶμεν
2975 3374 3271 3446 ἀλλήλους,
3312 3376 3436 3447 ἥξει
3467 3377 3754 3450 κάκείνηή

2180 3456 2356 3517 ἀκτίς.
2412 3455 2540 3509 Δότε
2572 3472 2684 3527 μοι,
2716 3456 3040 3527 παρακαλῶ,
3077 3460 3216 3529 μετά
3252 3462 3559 3532 προθυμίας
3580 3462 3757 3516 ταῦτα

2180 3539 2361 3608 λέγειν
2380 3556 2393 3569 ⁸
2430 3541 2694 3609 ποιήσατέ
2734 3557 2802 3609 με
2831 3541 3061 3595 ἀκοῦσαι
3104 3544 3185 3596 ὅτι
3220 3544 3326 3595 άπὸ
3356 3545 3465 3597 τῶν
3495 3546 3757 3614 ῥημάτων

2179 3622 2384 3675 τούτων
2408 3621 2686 3692 ήνύσαμέν
2713 3639 2765 3674 τι
2790 3639 2802 3651 ·
2835 3624 2919 3675 ὅτι
2944 3622 3134 3694 ἐχθρόν
3159 3642 3241 3683 τις
3262 3625 3528 3687 ἀπελθὼν,
3558 3626 3756 3689 εὐθέως

2181 3703 2501 3774 περιέϐαλεν
2531 3703 2699 3773 ἄμφω
2727 3705 2804 3757 τὼ
2829 3708 3001 3777 χεῖρε,
3038 3708 3403 3777 περιεπλάκη,
3431 3708 3753 3779 περιεχύθη,

2181 3786 2562 3856 κατεφίλησεν,
2596 3786 2885 3858 ἐδάκρυσε.
2934 3789 3054 3841 Κᾶν
3104 3790 3290 3859 θηρίον
3319 3792 3522 3853 ἐκεῖνος
3553 3788 3608 3864 ᾖ,
3653 3790 3759 3844 κᾶν

2180 3869 2346 3935 λίθος,
2382 3868 2487 3922 κᾶν
2532 3868 2742 3933 ὁτιοῦν,
2803 3870 2907 3923 ὑπὸ
2958 3872 3057 3940 τῆς
3103 3872 3274 3942 αὐτῆς
3306 3878 3329 3906 ο
3363 3873 3759 3944 φιλοφροσύνης

2182 3952 2620 4021 ήμερωθήσεται.
2656 3950 2805 4022 1459]
2857 3952 2957 4006 Διά
2994 3954 3045 4006 τί
3074 3954 3181 4023 γάρ
3228 3972 3320 4007 σου
3349 3955 3538 4026 ἐχθρός
3566 3958 3713 4009 ἐστιν
3739 3974 3755 4021 ;

2180 4033 2375 4097 νύϐρισέ
2410 4051 2504 4098 σε;
2550 4034 2664 4087 ἀλλ’
2715 4035 2866 4087 οὐδὲν
2914 4036 3191 4106 ἠδίκησεν.
3266 4038 3426 4091 ’Λλλά
3460 4040 3759 4109 χρημάτων

2182 4116 2366 4169 ἕνεκεν
2398 4118 2660 4187 περιορᾷς
2682 4117 2773 4169 τὸν
2795 4117 3019 4186 ἀδελφὸν
3039 4118 3384 4188 ἐχθραίνοντα
3405 4137 3419 4184 ;
3439 4122 3551 4189 Μὴ,
3577 4139 3759 4192 παρα-

2183 4198 2352 4253 καλῶ.
2386 4198 2567 4252 Πάντα
2616 4198 2889 4270 λύσωμεν.
2938 4201 3238 4271 Ἠμέτερος
3282 4205 3310 4255 ὁ
3352 4204 3572 4274 καιρός·
3614 4222 3758 4275 χρη-

2185 4279 2408 4351 σώμεθα
2428 4280 2579 4350 αὑτῴ
2604 4282 2684 4344 είς
2712 4282 2848 4335 δέον.
2866 4282 2946 4335 Τὰ
2977 4284 3181 4352 σχοινία
3214 4283 3319 4337 τῶν
3347 4285 3758 4356 ἁμαρτημάτων

2182 4362 2571 4432 διακόψωμενο
2624 4363 2754 4432 πρὶν
2785 4363 2819 4433 ἢ
2878 4364 3133 4417 ἀπελθεῖν
3188 4366 3268 4429 είς
3325 4366 3386 4419 16
3448 4369 3755 4439 κριτήριον,

2184 4446 2339 4500 αὐτοὶ
2367 4445 2642 4515 κρίνωμεν
2671 4445 2951 4515 ἀλλήλους.
2996 4446 3058 4499 '0
3105 4446 3300 4516 ἥλιος,
3334 4449 3489 4517 φησὶ,
3518 4450 3603 4518 μὴ
3628 4450 3762 4504 ἐπι-

2185 4529 2372 4581 δυέτω
2404 4528 2506 4581 ἐπὶ
2534 4527 2613 4593 τῷ
2638 4528 3020 4597 παροργισμῷ
3043 4528 3229 4599 ὑμῶν.
3294 4532 3499 4607 Μηδεὶς
3520 4533 3758 4586 ἀναϐαλ-

2184 4609 2387 4664 λέσθω·
2412 4611 2467 4664 αἱ
2489 4610 2747 4664 ἀναϐολαὶ
2772 4611 3056 4682 μελλήσεις
3086 4613 3377 4669 τίκτουσιν.
3404 4614 3501 4671 Ἂν
3522 4616 3762 4687 σήμερον

2188 4692 2419 4762 ὑπέρθῃ,
2453 4692 2651 4762 μᾶλλον
2682 4693 2945 4765 ἐρυθριᾷς
2970 4711 2984 4725 ·
3010 4694 3113 4748 κᾶν
3142 4695 3240 4765 τήν
3272 4696 3460 4767 αὔριον
3494 4697 3758 4767 προσθῇς,

2189 4775 2392 4843 μείζων
2425 4777 2458 4845 ἡ
2506 4775 2734 4845 αἰσχύνη
2764 4793 2779 4807 ο
2815 4777 2917 4829 κᾶν
2952 4776 3050 4847 τὴν
3076 4777 3287 4847 τρίτην,
3333 4780 3411 4831 ἑτι
3443 4780 3622 4834 πλέον.
3663 4782 3763 4852 Μὴ

2185 4857 2250 4927 δὴ
2276 4856 2725 4927 καταισχύνωμεν
2750 4858 2971 4917 ἑαυτοὺς
2991 4896 3004 4920 ,
3035 4858 3148 4912 ἀλλ’
3180 4860 3429 4930 ἀφῶμεν,
3468 4862 3555 4916 ἵνα
3583 4862 3765 4935 ἀφεθῇ

2185 4942 2342 5009 ἡμῖν.
2391 4941 2456 4991 Εί
2498 4940 2557 4993 δὲ
2606 4941 2805 5012 ἀφεθῇ,
2855 4942 3073 4995 πάντων
3124 4943 3517 5013 ἐπιτευξόμεθα
3545 4945 3652 4999 τῶν
3698 4949 3770 5001 ὲν

2186 5023 2398 5095 οὐρανῷ
2432 5023 2648 5091 ἀγαθῶν
2685 5026 2743 5077 ἐν
2766 5026 2984 5096 Χριστῷ
3025 5026 3194 5096 Ἰησοῦ
3233 5026 3310 5097 τῷ
3355 5027 3545 5098 Κυρίῳ
3582 5028 3771 5099 ήμῶν,

2192 5107 2310 5177 μεθ’
2367 5124 2428 5161 ου
2476 5107 2554 5176 τῷ
2607 5109 2780 5178 Πατρὶ
2824 5109 2937 5177 ἅμα
2989 5108 3068 5179 τῷ
3114 5110 3252 5181 ἁγίῳ
3302 5110 3576 5182 Πνεύματι
3611 5111 3772 5177 δόξα,

2189 5190 2408 5258 κράτος,
2440 5192 2597 5260 τιμὴν
2645 5191 2740 5243 νῦν
2770 5193 2863 5244 καὶ
2890 5194 2996 5258 ἀεὶ,
3027 5195 3120 5245 καὶ
3144 5194 3224 5256 είς
3272 5195 3398 5256 τοὺς
3425 5195 3624 5258 αἰῶνας
3652 5196 3776 5250 τῶν

2191 5273 2420 5325 αἰώνων.
2502 5275 2555 5328 Ἀ
2568 5274 2694 5343 μήν.

2258 5488 2274 5511 ⁸
2311 5489 2652 5556 Supplqndum
2676 5492 3082 5556 forsranAcUencs.
3119 5494 3198 5552 ιδ,
3222 5494 3319 5543 50:
3366 5486 3583 5544 εἰσελθὼν
3606 5497 3659 5544 δὲ
3696 5499 3778 5556 εἰς

2193 5550 2246 5621 τό
2268 5550 2459 5621 ταμεῖον
2485 5553 2714 5621 ἔκλαυσεν
2755 5554 2868 5601 ἐκεῖ’
2895 5557 2974 5601 καὶ
2997 5550 3243 5617 νιψάμενος
3266 5558 3321 5605 τὸ
3344 5560 3597 5621 πρόσωπον
3638 5550 3779 5612 £551:-

2194 5614 2283 5675 θὼν
2304 5613 2687 5675 ἐνεκρατεύσατο.

2195 5673 2479 5785 BLV/uls"
2526 5678 2592 5731 ὡς
2644 5676 2712 5723 ἔτι
2764 5680 2835 5737 ζῇ.
2875 5677 3139 5726 lectionem
3186 5684 3397 5729 nostram
3441 5681 3600 5730 ﬁrmat
3619 5679 3775 5734 ϐαιὴ.

2264 5798 2285 5826 ο
2312 5795 2497 5847 Mavult
2526 5798 2619 5847 ὑπὸ
2639 5798 2870 5857 τοσαύτης
2888 5797 3118 5849 Duua‘us.
