4114 6396
434 455 615 497 annon
657 434 820 495 etiam
858 433 925 492 c'x
966 435 1083 505 ejus
1127 429 1515 503 supplicatione
1551 430 1649 495 pro
1678 412 2014 478 Sodomitis?

440 530 608 587 valde
633 529 803 595 enim,
835 527 990 582 valde
1016 532 1261 581 amantes
1284 529 1439 576 erant
1465 515 1655 578 sancti,
1687 522 1744 568 et
1772 508 2021 581 propensi

440 624 507 679 :u‘d
532 621 1089 679 ‘commiserationem.
1116 615 1300 686 Cogita
1329 613 1470 667 enim
1501 608 1642 680 quali
1672 605 1913 661 lcaritatis
1938 601 2022 656 af-

437 714 581 772 fectu
611 724 756 771 esset
796 713 995 769 Paulus
1032 710 1125 764 ille
1143 749 1160 776 ,
1189 706 1279 777 qui
1307 703 1393 759 vel
1418 701 1677 756 adverSus
1705 700 1881 769 ignem
1905 698 2024 750 erat

440 811 666 875 audens,
696 809 787 863 ille
812 805 1207 869 adamantinus,
1235 801 1327 856 ille
1357 799 1561 861 ﬁrmus,
1595 792 1904 858 immobilis,
1934 789 2023 843 ille

436 902 581 957 omni
609 916 675 956 ex
703 907 854 969 parte
877 906 1150 963 constans,
1180 894 1268 948 ille
1295 892 1486 946 timore
1510 888 1606 944 Dei
1634 885 1900 949 confixus,
1932 882 2024 937 ille

440 991 766 1047 inﬂexibilis.
798 990 925 1058 Quis
948 988 1112 1049 enim,
1143 984 1336 1055 inquit,
1359 998 1451 1037 nos
1477 977 1731 1050 separabit
1756 994 1790 1031 a
1811 976 2024 1030 caritate

440 1080 671 1139 Christi?
696 1080 922 1153 afflictio,
939 1096 1005 1132 an
1031 1077 1284 1148 angustia,
1307 1091 1373 1128 an
1396 1070 1733 1144 persequutio,
1756 1084 1824 1121 an
1840 1067 2021 1137 fames,

437 1186 527 1229 aut
557 1152 782 1238 nuditas,
814 1182 903 1225 aut
928 1169 1228 1243 periculum,
1258 1177 1346 1220 aut
1374 1164 1577 1237 gladius
1604 1161 1778 1233 (Rom.
1805 1159 1857 1214 8.
1890 1152 2026 1227 35)?

442 1270 537 1325 Ille
562 1265 654 1337 qui
680 1266 940 1321 adversus
974 1264 1088 1318 hate
1116 1261 1293 1316 omnia
1322 1271 1530 1313 summa
1558 1263 1676 1310 erat
1701 1251 1941 1315 audacia,
1969 1256 2024 1305 et

441 1361 704 1415 adversus
735 1368 932 1411 terram
959 1364 1015 1409 et
1044 1368 1212 1416 mare,
1236 1351 1323 1421 qui
1340 1345 1709 1404 adamanti’n’as
1731 1343 2024 1398 inferorum

444 1462 625 1521 portas
650 1448 928 1514 irridebat,
951 1447 1035 1501 cui
1065 1444 1198 1500 nihil
1219 1442 1437 1497 omnino
1459 1437 1743 1495 resistebat
1770 1454 1782 1489 :
1813 1436 1859 1490 is
1878 1442 2027 1505 post-

442 1551 600 1613 quam
643 1542 774 1595 vidit
812 1538 1165 1611 quorumdam
1210 1536 1309 1590 sibi
1355 1534 1672 1589 dilectorum
1727 1530 2022 1597 lacrymas,

443 1634 579 1692 adeo
602 1635 907 1689 confractus
944 1641 999 1687 et
1038 1630 1300 1685 contritus
1328 1627 1425 1682 fuit
1465 1626 1554 1681 ille
1592 1624 1845 1686 adamas,
1875 1629 1933 1675 ut
1959 1636 2026 1675 ne

443 1727 606 1790 animi
650 1725 863 1797 quidem
909 1724 1112 1779 celaret
1154 1729 1382 1781 motum,
1424 1717 1519 1772 sed
1559 1716 1739 1771 statim
1784 1714 2022 1768 diceret:

448 1821 587 1889 Quid
619 1819 786 1891 facitis
812 1816 993 1889 ﬂentes
1019 1858 1032 1881 ,
1064 1824 1110 1869 et
1132 1830 1219 1869 cor
1245 1828 1411 1865 meum
1438 1814 1747 1863 conterentes
1773 1806 1904 1876 (Act.
1933 1805 2024 1859 21.

444 1916 534 1985 15)
551 1915 575 1967 ?
594 1913 729 1990 Quid
756 1912 913 1977 dicis,
936 1906 1162 1981 quaeso?
1185 1907 1421 1962 animum
1451 1904 1599 1959 illum
1627 1902 2025 1957 adamantinum

443 2015 725 2061 conterere
770 2004 944 2074 potuit
990 2000 1268 2073 lacr‘yma?
1306 1998 1486 2061 Certe,
1530 1995 1701 2065 inquit
1734 2012 1747 2045 :
1779 1992 2027 2047 omnibus

442 2099 640 2153 resisto
683 2104 884 2166 prteter
927 2094 1237 2155 caritatem;
1281 2106 1343 2145 ea
1382 2104 1468 2144 me
1504 2095 1753 2157 superat,
1779 2092 1837 2139 'et
1863 2084 1913 2138 in
1939 2093 2027 2138 m‘e

443 2190 651 2245 obtinet
674 2187 1028 2251 dominatum.
1077 2185 1189 2239 lloc
1236 2182 1349 2237 Deo
1380 2182 1572 2251 placet.
1603 2180 1840 2249 Abyssus
1862 2190 2029 2245 aqua-

440 2293 561 2335 rum
587 2293 713 2334 eum
732 2292 845 2333 non
863 2277 1116 2343 conterit,
1142 2284 1197 2330 et
1220 2274 1426 2343 exiguaa
1446 2278 1733 2326 conterunt
1751 2267 2023 2338 lacrymze.

446 2370 587 2438 Quid
617 2370 786 2441 facitis
816 2370 996 2439 ﬂentes
1023 2409 1039 2434 ,
1071 2376 1119 2421 et
1147 2383 1234 2421 cor
1258 2380 1427 2419 meum
1465 2360 1814 2417 contuentes?
1838 2359 2028 2429 Magna

441 2470 528 2515 est
554 2461 697 2515 enim
730 2460 971 2515 caritatis
1020 2459 1276 2528 potentia.
1310 2456 1403 2511 Vis
1445 2469 1633 2511 rursus
1658 2452 1840 2509 videre
1878 2452 2027 2507 illum

442 2552 703 2608 ﬂentem?
749 2552 872 2607 audi
922 2551 1073 2605 illum
1118 2549 1429 2604 dicentem:
1457 2546 1751 2601 Triennium
1798 2552 1941 2597 nocte
1980 2551 2028 2597 et

444 2646 548 2711 die,
578 2643 769 2715 inquit,
801 2659 904 2698 non
927 2642 1116 2697 cessavi
1140 2657 1253 2694 cum
1281 2638 1518 2710 lacr’ymis
1548 2637 1818 2691 admonere
1844 2650 2031 2689 unum-

445 2750 686 2807 quemque
710 2742 927 2790 ‘vestrum
957 2734 1092 2804 (Act.
1124 2732 1218 2788 ΞΟ.
1243 2733 1354 2801 51).
1380 2731 1464 2785 Ex
1490 2730 1654 2784 multa
1680 2727 1906 2783 caritate
1932 2735 2029 2781 ve-

442 2827 663 2882 hebatur
700 2842 768 2881 ne
801 2827 979 2895 aliqua
1022 2826 1245 2879 intraret
1286 2822 1569 2893 pernicies.
1603 2821 1670 2876 Et
1697 2822 1887 2875 iterum
1915 2837 1927 2871 :
1952 2817 2031 2871 Ea:

444 2922 608 2975 inuita
640 2920 903 2992 afﬂictione
931 2928 977 2972 et
1015 2918 1251 2988 angustia
1290 2916 1458 2969 cordis
1502 2913 1686 2982 scripsi
1721 2913 1790 2964 ad
1821 2926 1908 2964 vos
1941 2925 2032 2980 per

444 3014 635 3067 inuitas
661 3014 912 3082 lacrymas
938 3009 1014 3081 (2.
1043 3010 1162 3064 Cor.
1184 3008 1238 3062 2.
1270 3008 1349 3078 4).
1377 3006 1513 3074 Quid
1537 3008 2028 3073 vcro,dic,quteso,

443 3104 603 3160 fortis
630 3104 720 3160 ille
743 3102 943 3173 Joscph
969 3143 985 3169 ,
1017 3101 1110 3172 qui
1138 3110 1325 3156 contra
1356 3106 1557 3154 tantam
1584 3095 1761 3151 stabat
1786 3093 2029 3166 tyranni-

444 3196 571 3252 dem
595 3235 612 3262 ,
638 3198 729 3266 qui
755 3194 1015 3250 adversus
1044 3202 1246 3248 tantam
1274 3191 1474 3245 amoris
1500 3202 1688 3261 pyram
1716 3201 1775 3243 se
1801 3186 1954 3241 fortis
1977 3196 2032 3239 et

442 3287 647 3343 excelsi
691 3287 856 3342 animi
899 3285 1244 3349 ostenderat,
1283 3283 1375 3354 qui
1418 3290 1621 3337 tantam
1662 3279 1893 3335 domina:
1919 3293 2033 3332 sua:

446 3384 711 3439 insaniam
739 3380 811 3435 ita
842 3363 1379 3449 superaveratiquid
1410 3376 1553 3431 enim
1596 3387 1702 3429 non
1745 3383 1871 3427 tunc
1896 3371 2032 3427 deli-

448 3475 676 3531 niisset?
702 3474 897 3529 decora
925 3472 1087 3528 facies
1105 3513 1118 3538 ,
1153 3470 1321 3525 fastus
1348 3468 1640 3540 dignitatis,
1667 3466 1900 3522 vestium
1923 3464 2033 3520 ele-

444 3566 623 3637 gantia
647 3575 703 3622 et
729 3562 1146 3635 magnificentia,
1169 3568 1465 3616 aromatum
1489 3557 1777 3629 fragrantia
1807 3555 2029 3626 (etenim

446 3659 626 3715 sciunt
652 3658 767 3713 haec
792 3671 1005 3728 quoque
1023 3654 1269 3710 emollire
1293 3650 1580 3723 animum),
1606 3651 1767 3707 verba
1792 3650 2031 3706 omnium

447 3752 783 3808 mollissima.

517 3850 572 3904 5.
602 3848 818 3920 Iosephi
845 3848 1068 3902 castitas.
1096 3845 1285 3901 Contra
1312 3843 1617 3914 injurian
1644 3838 2033 3893 memoriam.—-

463 3942 610 3998 scitis
647 3944 812 4006 eiiim,
843 3941 987 4012 quod
1014 3956 1135 4011 qua:
1176 3937 1411 4003 amabat,
1440 3947 1495 3992 et
1538 3945 1644 3990 tam
1686 3933 2034 3987 vehementer

448 4038 682 4099 amabat.
712 4036 839 4091 nihil
889 4034 1153 4105 abjectum
1182 4043 1235 4087 et
1273 4030 1473 4085 humile
1501 4038 1645 4084 esset
1681 4033 1990 4082 recusatura
2013 4063 2030 4089 ,

448 4127 704 4197 supplicis
752 4128 1004 4197 suscepto
1046 4125 1252 4182 habitu.
1310 4124 1457 4179 Adeo
1500 4122 1643 4176 enim
1703 4118 1873 4173 fracta
1920 4125 2036 4171 erat

452 4220 647 4274 nmlier
673 4234 865 4274 aureas
885 4228 1100 4291 gestans
1128 4228 1327 4283 vestes,
1342 4227 1397 4271 et
1420 4230 1541 4286 quae
1560 4222 1678 4269 erat
1704 4211 1963 4267 collocata
1980 4211 2032 4263 in

450 4312 709 4383 dignitate
731 4316 961 4384 regia,ut
972 4314 1036 4368 ad
1049 4313 1188 4369 servi
1202 4311 1393 4381 captivi
1406 4323 1576 4381 genua
1591 4307 1729 4363 forte
1744 4303 2035 4376 procubue-

452 4404 545 4471 rit,
565 4414 620 4459 et
638 4409 770 4460 forte
787 4407 946 4459 etiam
963 4405 1098 4459 ﬂens
1110 4404 1306 4475 rogarit
1320 4412 1375 4458 et
1391 4412 1615 4471 tangens
1634 4412 1805 4469 genua
1828 4414 1842 4451 :
1861 4410 2037 4466 neque

453 4495 510 4551 id
544 4499 713 4554 semel
750 4508 841 4553 aut
866 4498 982 4565 bis,
1013 4498 1107 4553 sed
1135 4498 1293 4552 etiam
1330 4492 1527 4563 saepius
1553 4491 1791 4546 tentarit.
1816 4488 2038 4544 Licebat

459 4602 584 4647 tunc
599 4593 760 4646 etiam
786 4590 969 4646 videre
989 4590 1199 4644 oculum
1220 4586 1453 4641 maxime
1471 4584 1757 4654 fulgentem
1789 4598 1802 4635 :
1832 4596 1937 4633 non
1957 4587 2040 4633 est

458 4686 603 4741 enim
650 4685 943 4739 verisimile
993 4698 1112 4737 eam
1162 4697 1222 4736 se
1258 4681 1447 4735 leviter
1491 4687 1546 4732 et
1590 4685 1896 4743 utcumque,
1944 4671 2037 4726 sed

456 4778 669 4833 curiose
696 4791 941 4843 ornasse,
970 4785 1028 4829 ut
1063 4790 1181 4845 qua:
1209 4773 1388 4829 multis
1415 4771 1617 4827 retibus
1645 4769 1807 4824 vellet
1842 4782 2037 4837 agnum

458 4873 655 4929 Christi
677 4889 892 4943 capere.
912 4872 1007 4926 llic
1024 4886 1230 4941 quoque
1252 4869 1479 4939 adjunge
1502 4866 1629 4920 mihi
1654 4863 1847 4918 multas
1877 4860 2043 4930 magi-

463 4984 555 5024 cas
578 4968 988 5023 incantationes.
1019 4965 1125 5019 Sed
1153 4974 1329 5017 tamen
1360 4963 1448 5015 ille
1471 4957 1793 5022 inﬂexibilis,
1820 4955 1908 5010 ille
1932 4955 2041 5007 ior-

466 5061 535 5114 tis
559 5074 623 5114 ac
674 5058 912 5129 rigidus,
956 5067 1011 5111 et
1060 5057 1246 5125 quavis
1273 5058 1424 5124 petra
1474 5048 1717 5113 solidior,
1762 5056 2044 5116 postquam

464 5154 598 5209 vidit
630 5151 822 5207 fratres
864 5151 951 5218 qui
986 5148 1356 5209 vendiderant,
1387 5146 1474 5215 qui
1507 5146 1557 5198 ir.
1586 5145 1871 5197 cisternam
1897 5139 2043 5209 jece~

467 5252 611 5310 rant,
662 5242 752 5313 qui
798 5239 1163 5301 tradiderant,
1218 5238 1307 5308 qui
1338 5237 1585 5291 volebant
1629 5232 1909 5295 occidere,
1954 5229 2045 5299 qui

468 5339 681 5393 fuerant
707 5350 885 5390 causae
914 5342 970 5389 et
1009 5333 1240 5387 carceris
1283 5342 1335 5385 et
1364 5330 1620 5392 honoris;
1666 5337 1943 5398 postquam
1981 5329 2048 5382 ab

466 5431 547 5484 eis
573 5427 776 5481 audivit
819 5424 1090 5495 quomodo
1134 5422 1353 5476 affectus
1401 5430 1544 5476 esset
1586 5430 1774 5490 pater;
1806 5417 2049 5474 Dicamus

468 5522 633 5583 enim,
668 5519 858 5589 inquit,
890 5517 1025 5585 quod
1054 5532 1183 5569 unus
1225 5514 1378 5584 fuerit
1403 5531 1434 5567 a
1468 5516 1577 5583 fera
1605 5514 1870 5567 devoratus
1896 5510 2045 5584 (Gen.

470 5617 560 5671 57.
587 5614 683 5683 20)
710 5633 724 5681 ;
756 5612 955 5668 fractus
999 5611 1117 5678 fuit,
1148 5608 1407 5673 mollitus,
1453 5607 1734 5672 contritus,
1764 5620 1828 5661 ac
1866 5605 2047 5671 ﬂevit;

471 5718 526 5765 et
554 5708 718 5766 animi
744 5718 948 5761 motum
976 5720 1080 5760 non
1118 5703 1317 5768 ferens,
1366 5702 1636 5771 ingressus
1667 5700 1737 5756 Se
1762 5702 2005 5754 continuit
2032 5743 2047 5767 ,

474 5807 577 5860 hoc
598 5813 706 5865 est,
723 5800 990 5858 abstersit.
1013 5797 1148 5865 Quid
1176 5794 1292 5859 ﬂes,
1315 5808 1347 5848 ο
1362 5791 1605 5863 Joseph?
1635 5793 1788 5863 Atqui
1816 5805 2055 5863 prmsen~

802 5911 1073 5970 Parum.
1120 5905 1237 5966 Gn.
1289 5905 1478 5966 LXII.

1249 316 1317 372 IN
1357 302 1573 369 EPIST.
1613 290 1635 363 l
1699 292 1792 361 Al)
1829 290 2163 357 TBESSAL.
2204 278 2355 349 car.
2396 282 2484 351 tu.
2526 285 2759 355 deum.
2802 300 2889 356 IV.

3600 305 3708 367 4°22

2136 408 2206 505 tia
2233 423 2341 465 non
2371 422 2495 467 sunt
2535 413 2694 485 digna
2742 415 3013 489 lacrymis,
3056 419 3150 475 sed
3180 421 3279 489 ira,
3309 422 3708 495 indignatione,

2126 506 2322 574 magno
2356 506 2618 576 supplicio
2643 515 2699 563 et
2722 507 2925 564 ultione
2950 530 2964 563 :
2994 509 3160 568 habes
3188 513 3238 567 in
3267 518 3512 572 manibus
3537 519 3711 575 inimi-

2126 608 2240 661 cos,
2273 594 2597 664 fratricidas,
2626 608 2780 669 potes
2809 602 3046 657 animum
3068 607 3351 663 exsatiare.
3377 609 3709 683 Quamquam

2126 694 2195 743 ne
2220 685 2324 743 hoc
2364 689 2578 759 quidem
2608 694 2695 746 'est
2729 691 2982 761 injustitia
3008 712 3023 760 ;
3055 712 3161 751 non
3203 699 3346 753 enim
3376 704 3523 770 prior
3544 704 3714 762 infers

2127 794 2322 835 manus
2350 780 2596 851 injustas,
2620 782 2713 838 sed
2742 798 2837 839 eos
2880 785 3155 842 ulcisceris
3177 791 3267 859 qui
3294 799 3347 847 te
3368 792 3557 862 injuria
3585 797 3713 852 affe-

2126 880 2334 925 cerant.
2360 870 2493 926 Nam
2517 872 2583 927 ad
2607 882 2751 928 tuam
2777 889 2846 930 ne
2868 875 2998 931 mihi
3016 882 3290 949 aspexeris
3315 887 3709 944 auctoritatem:

2124 976 2233 1017 non
2262 963 2314 1018 id
2361 978 2427 1021 ex
2455 979 2642 1021 eorum
2687 966 2885 1023 factum
2932 980 3014 1026 est
3038 974 3201 1029 animi
3245 980 3531 1041 sententia.
3559 981 3652 1036 sed
3682 999 3713 1037 a

2130 1054 2240 1109 Deo
2264 1056 2355 1126 qui
2396 1056 2493 1111 tibi
2517 1057 2705 1114 eﬂ'udit
2749 1063 2994 1131 gratiam.
3020 1063 3157 1133 Quid
3201 1066 3475 1126 ﬂes?Sed
3515 1073 3715 1129 diierit

2128 1146 2218 1203 ille
2248 1164 2261 1201 :
2293 1149 2468 1215 Absit,
2494 1149 2663 1225 utqui
2696 1156 2745 1210 in
2772 1158 3020 1214 omnibus
3051 1160 3101 1216 in
3138 1161 3279 1219 bona
3308 1163 3500 1221 fuerim
3528 1171 3714 1225 existi-

2126 1241 2387 1309 matione,
2429 1245 2517 1300 illa
2556 1249 2733 1302 omnia
2771 1261 3005 1305 evertam
3046 1267 3141 1321 per
3174 1253 3310 1311 hanc
3356 1258 3563 1328 injuriae
3604 1277 3711 1315 ac-

2123 1342 2294 1405 eeptze
2319 1337 2740 1394 recordationem
2768 1356 2783 1395 :
2815 1340 3166 1412 lacrymarum
3192 1360 3318 1402 vere
3338 1358 3423 1403 est
3463 1360 3671 1421 tempus
3696 1371 3711 1418 ;

2127 1443 2232 1481 non
2285 1440 2405 1482 sum
2453 1430 2578 1484 feris
2628 1431 2913 1488 crudelior.
2972 1436 3084 1490 Illae
3134 1453 3259 1492 cum
3310 1448 3497 1495 natura
3545 1442 3715 1498 foedus

2130 1520 2350 1587 ineunt,
2380 1521 2752 1594 quodcumque
2779 1526 2903 1579 mali
2934 1542 3104 1596 passae
3135 1528 3351 1586 fuerint.
3384 1531 3545 1601 Fleo,
3569 1538 3713 1605 quod

2128 1613 2349 1669 omnino
2381 1615 2459 1669 sic
2501 1630 2589 1670 me
2616 1615 2912 1672 affecerint.
2945 1620 3096 1677 Hunc
3145 1637 3241 1678 nos
3290 1639 3503 1697 quoque
3542 1629 3716 1683 imite-

2130 1716 2271 1774 mur,
2302 1716 2357 1762 et
2383 1707 2656 1780 lugeamus
2698 1724 2793 1765 eos
2816 1713 2905 1781 qui
2939 1712 3181 1783 injuriam
3222 1714 3503 1787 fecerunt;
3541 1731 3610 1777 ne
3634 1724 3716 1777 eis

2130 1799 2457 1857 irascamur:
2485 1812 2609 1858 sunt
2637 1805 2777 1859 enim
2806 1821 2992 1861 revera
3009 1807 3152 1878 digni
3181 1809 3448 1881 lacrymis,
3472 1815 3615 1884 quod
3639 1831 3717 1870 se-

2131 1892 2278 1961 ipsos
2305 1893 2533 1948 reddant
2551 1895 2812 1951 Obnoxios
2851 1899 3112 1967 supplicio
3152 1910 3205 1954 et
3226 1901 3576 1959 damnationi.
3598 1905 3715 1961 Non

2131 1984 2320 2053 ignoro
2347 1985 2617 2055 quomodo
2645 2002 2786 2042 nunc
2814 1988 3007 2054 lleatis,
3041 1998 3094 2044 et
3123 1993 3393 2061 quomodo
3417 1992 3713 2064 gaudeatis,

2131 2084 2186 2129 et
2212 2075 2437 2131 Paulum
2466 2078 2792 2135 admirantes
2817 2090 2870 2136 et
2893 2081 3091 2151 Jotseph
3119 2093 3417 2153 stupentes,
3443 2101 3506 2143 ac
3530 2076 3715 2143 beatos

2133 2170 2558 2237 pronuntiantes.
2614 2170 2721 2227 Sed
2760 2173 2805 2227 si
2845 2174 2964 2244 quis
3008 2175 3201 2231 habeat
3234 2177 3506 2234 inimicum
3532 2222 3547 2245 ,
3591 2194 3715 2236 eum

2131 2277 2273 2317 nunc
2317 2262 2371 2317 in
2399 2265 2655 2319 memoria
2689 2265 2901 2331 habeat,
2928 2284 3049 2322 eum
3093 2280 3272 2328 mente
3297 2274 3480 2344 agitet,
3508 2280 3566 2328 ut
3589 2274 3717 2330 dum

2131 2354 2306 2410 adhuc
2333 2371 2429 2411 cor
2460 2356 2629 2413 fervet
2658 2359 2712 2413 in
2757 2362 3017 2417 mem‘oria
3048 2374 3378 2429 sanctorum,
3425 2369 3594 2436 possit
3624 2370 3716 2422 inn

2131 2447 2345 2503 solvere
2371 2447 2646 2515 duritiem,
2668 2451 2985 2522 mollireque
3011 2456 3354 2523 asperitatem
3381 2466 3436 2512 et
3458 2458 3713 2529 rigorem.

2146 2537 2271 2595 Scio
2313 2539 2457 2610 quod
2508 2546 2786 2611 postquam
2830 2542 2956 2600 hinc
2995 2544 3263 2615 abieritis,
3307 2559 3587 2621 postquam
3614 2565 3716 2623 ego

2133 2646 2350 2688 cessaro
2397 2633 2582 2704 loqui,
2638 2637 2849 2691 etiamsi
2894 2639 3019 2707 quid
3065 2643 3386 2699 remanserit
3428 2644 3622 2702 caloris
3663 2653 3719 2701 et

2134 2726 2378 2791 fervoris,
2405 2742 2510 2781 non
2535 2735 2738 2782 tantum
2770 2738 2853 2784 est
2875 2741 3129 2800 quantum
3157 2751 3318 2802 nunc,
3349 2737 3475 2792 dum
3502 2740 3714 2795 auditis.

2138 2814 2193 2871 Si
2223 2817 2345 2887 quis
2388 2832 2536 2887 ergo,
2565 2819 2608 2873 si
2657 2820 2777 2890 quis
2820 2822 2888 2876 sit
2934 2814 3131 2895 frigore
3175 2832 3495 2893 concretus,
3548 2832 3721 2887 Solvat

2138 2909 2383 2976 pruinam
2412 2924 2428 2960 :
2455 2910 2645 2978 pruina
2671 2912 2813 2966 enim
2861 2928 3044 2969 revera
3073 2925 3127 2970 et
3161 2917 3359 2987 glacies
3404 2930 3486 2975 est
3513 2921 3721 2991 injuria:

2135 3012 2369 3071 accepta:
2408 3003 2724 3059 recordatio.
2775 3005 2880 3061 Sed
2926 3009 3235 3065 invocemus
3276 3013 3442 3069 solem
3466 3014 3716 3085 justitim,

2136 3097 2389 3163 rogemus
2409 3109 2529 3149 eum
2559 3105 2616 3150 ut
2637 3097 2885 3154 immittat
2911 3101 3094 3156 radios
3116 3119 3131 3169 ;
3165 3112 3219 3159 et
3238 3120 3344 3160 non
3364 3108 3469 3162 erit
3496 3111 3724 3181 amplius

2134 3198 2318 3241 crassa
2346 3189 2560 3257 pruina,
2588 3190 2683 3246 sed
2708 3198 2843 3262 aqua
2870 3186 3136 3263 potabilis.
3170 3197 3224 3252 Si
3258 3198 3391 3269 ignis
3417 3202 3547 3257 solis
3567 3204 3725 3273 justi-

2139 3275 2491 3335 tiaenostram
2542 3282 2776 3353 tetigerit
2823 3286 3075 3351 animum,
3122 3287 3255 3344 nihil
3304 3293 3568 3363 relinquet
3597 3311 3727 3350 con-

2137 3382 2368 3441 cretum,
2400 3376 2534 3431 nihil
2558 3376 2772 3443 durum,
2804 3378 2933 3433 nihil
2964 3381 3105 3450 quod
3137 3383 3244 3437 vim
3274 3383 3469 3441 habeat
3494 3389 3683 3443 urendi
3705 3430 3725 3457 ,

2140 3464 2273 3520 nihil
2323 3467 2466 3537 quod
2512 3467 2689 3524 fructu
2726 3478 2909 3526 careat
2937 3490 2951 3526 :
2978 3474 3157 3528 omnia
3202 3477 3452 3533 ostendet
3474 3488 3681 3536 matura
3708 3524 3725 3549 ,

2134 3557 2319 3611 Omnia
2348 3558 2547 3627 dulcia,
2580 3561 2760 3615 omnia
2792 3562 2944 3631 plena
2976 3566 3141 3620 multa
3173 3568 3463 3638 voluptate.
3508 3571 3564 3628 Si
3590 3574 3728 3629 alter

2135 3648 2365 3703 alterum
2394 3650 2714 3721 diligamus,
2747 3655 2927 3710 veniet
2954 3656 3048 3712 ille
3095 3672 3309 3730 quoque
3350 3663 3553 3720 radius.
3594 3667 3727 3723 Date

2137 3740 2457 3812 mihi,rogo,
2478 3754 2534 3799 ut
2562 3759 2685 3800 cum
2725 3753 2974 3819 prompto
3015 3760 3070 3805 et
3095 3751 3257 3807 alacri
3290 3755 3471 3811 animo
3500 3757 3614 3813 hmo
3634 3760 3721 3812 di-

2140 3848 2256 3887 cam
2288 3850 2302 3886 :
2336 3823 2495 3890 facite
2519 3844 2576 3890 ut
2605 3837 2816 3892 audiam
2842 3854 2940 3894 vos
2967 3839 3050 3896 his
3092 3844 3271 3899 verbis
3303 3846 3502 3917 aliquid
3535 3851 3715 3919 profe-

2137 3927 2299 3987 cisse.
2331 3933 2391 3980 et
2435 3926 2579 3996 quod
2625 3929 2812 3984 abiens
2841 3932 3101 4001 quiSpiam
3154 3936 3394 4003 protinus
3443 3938 3717 3998 inimicum

2139 4020 2207 4069 sit
2235 4017 2568 4087 complexus,
2598 4019 2785 4075 ambas
2811 4025 3150 4080 conseruerit
3175 4034 3388 4095 manus,
3421 4030 3469 4085 ei
3498 4034 3731 4088 circum-

2141 4110 2292 4167 fusus
2320 4113 2410 4180 sit,
2466 4113 2739 4170 osculatus
2763 4122 2820 4170 et
2857 4115 3240 4190 illacrymatus.
3273 4121 3495 4178 Etiamsi
3526 4126 3618 4181 ille
3665 4130 3736 4183 sit

2140 4201 2276 4273 fera,
2308 4203 2521 4261 etiamsi
2556 4204 2714 4276 lapis,
2742 4208 2949 4262 etiamsi
2980 4210 3227 4279 quodvis,
3258 4213 3326 4268 ab
3354 4211 3457 4269 hac
3483 4216 3731 4288 benigni—

2141 4304 2251 4352 tate
2295 4298 2621 4367 mitigabitnr
2659 4305 2714 4352 et
2755 4311 3118 4357 mansuescet.
3164 4302 3295 4357 Nam
3341 4320 3439 4359 cur
3483 4316 3567 4362 est
3612 4319 3730 4366 tuus

2145 4390 2434 4446 inimicus?
2490 4403 2542 4445 te
2585 4392 2908 4447 contumelia
2953 4394 3175 4449 aﬂ‘e’cit?
3212 4397 3307 4451 sed
3359 4398 3560 4467 nullam
3607 4401 3737 4457 fecit

2147 4484 2417 4554 injuriam.
2458 4483 2563 4539 Sed
2595 4494 2816 4555 propter
2846 4488 3098 4556 pecunias
3126 4489 3359 4561 despicis
3389 4490 3606 4549 fratrem
3633 4512 3733 4567 ge-

2146 4586 2355 4631 rentem
2386 4576 2732 4630 inimicitias?
2755 4593 2821 4632 ne
2846 4578 3007 4634 facias
3034 4595 3180 4651 rogo.
3203 4580 3391 4638 Omnia
3419 4586 3690 4643 solvamus
3712 4630 3729 4655 ,

2148 4678 2389 4723 nostrum
2434 4676 2518 4723 est
2545 4677 2754 4739 tempus
2785 4689 2798 4724 :
2831 4684 2897 4724 eo
2939 4681 3152 4727 utamur
3180 4683 3240 4729 ut
3278 4686 3510 4745 oportet.
3554 4680 3732 4736 Funes

2150 4773 2493 4835 peccatorum
2560 4765 2907 4821 concidamus
2951 4785 2965 4820 :
3017 4768 3325 4837 priusquam
3369 4773 3621 4829 abeamus
3668 4776 3736 4831 ad

2147 4857 2427 4928 judicium,
2463 4858 2564 4926 ipsi
2593 4858 2728 4913 alter
2751 4858 2976 4913 alterum
3018 4860 3336 4929 judicemus.
3373 4864 3486 4928 Sol,
3529 4867 3732 4936 inquit,

2152 4963 2215 5003 ne
2262 4949 2457 5019 occidat
2496 4964 2649 5019 super
2695 4949 3012 5003 iracundiam
3064 4962 3278 5007 vestram
3322 4953 3488 5025 (Eph.
3534 4959 3586 5011 4.
3617 4959 3733 5029 26).

2154 5042 2323 5097 Nemo
2352 5040 2564 5097 differat
2598 5060 2611 5095 :
2640 5041 2922 5097 dilationes
2953 5044 3165 5112 pariunt
3209 5056 3387 5101 moras
3417 5058 3469 5102 et
3514 5062 3735 5104 cuncta-

2158 5136 2352 5190 tiones.
2385 5135 2443 5190 Si
2488 5133 2649 5190 hodie
2695 5134 2989 5201 distuleris,
3041 5139 3210 5207 magis
3253 5140 3563 5201 erubescis;
3609 5144 3737 5196 etsi

2155 5227 2446 5282 crastinum
2488 5224 2779 5291 addideris,
2830 5226 3001 5297 major
3044 5239 3124 5282 est
3166 5230 3373 5300 pudor;
3407 5241 3454 5286 et
3501 5232 3544 5285 si
3593 5233 3734 5287 diem

2160 5319 2399 5382 tertium,
2426 5317 2601 5373 adhuc
2644 5317 2834 5388 major.
2869 5318 2947 5373 Ne
2976 5334 3075 5372 nos
3104 5320 3248 5389 ipsos
3284 5322 3490 5390 pudore
3530 5321 3738 5375 afficia-

2159 5428 2299 5474 mus,
2329 5411 2426 5467 sed
2454 5411 2815 5475 remittamus,
2843 5419 2900 5464 ut
2938 5410 3093 5465 nobis
3136 5410 3453 5464 remittatur.
3483 5408 3539 5466 Si
3567 5422 3739 5467 autem

2159 5505 2444 5558 remissum
2472 5502 2649 5569 fuerit,
2681 5503 2859 5556 omnia
2904 5502 3157 5557 cazlorum
3185 5502 3324 5557 bona
3354 5516 3745 5572 consequemur

2162 5597 2214 5650 in
2244 5594 2458 5650 Christo
2487 5594 2611 5649 Jesu
2644 5595 2870 5649 Domino
2898 5602 3104 5660 nostro,
3128 5608 3251 5648 cum
3280 5608 3386 5664 quo
3410 5595 3551 5649 Patri
3582 5596 3744 5650 simul

2163 5703 2284 5744 cum
2312 5696 2497 5743 sancto
2524 5687 2725 5759 Spiritu
2767 5687 2958 5758 gloria,
2988 5697 3243 5757 potestas,
3296 5688 3489 5757 honor,
3520 5704 3660 5745 nunc
3688 5698 3746 5747 et

2168 5798 2402 5853 semper,
2429 5791 2483 5839 et
2505 5783 2557 5838 in
2584 5782 2779 5839 saecula
2803 5781 3142 5839 saeculorum.
3174 5782 3368 5837 Amen.

3322 5868 3450 5952 27'
