4114 6396
420 347 525 401 £25

1159 349 1215 405 S.
1256 349 1530 407 JOANNIS
1564 348 2034 406 CHRYSOSTOMI
2080 342 2940 404 ARCHIEP.CONSTANTINOP.

3576 340 3682 399 ὥὲᾶ

442 460 3214 485 W

1821 530 2163 593 HOMILIA
2203 530 2281 591 V.

426 679 552 735 CAP.
586 678 637 732 4.
675 693 728 730 v.
762 679 813 730 1.
840 676 916 731 De
943 687 1119 732 ctetero
1144 694 1282 748 ergo.
1314 679 1513 746 fratres,
1537 694 1774 747 rogamus
1832 692 1918 730 vos
1966 686 2017 729 et

502 774 817 828 obsecramus
857 775 911 827 in
949 772 1170 827 Domino
1210 772 1355 838 Jesu,
1390 783 1446 826 ut
1469 771 1889 842 quemadmodum
1915 785 2004 823 ac-

503 868 705 935 cepistis
735 883 765 919 a
794 867 935 920 nobis
976 867 1226 935 quomodo
1269 874 1498 934 Oporteat
1535 881 1620 918 vos
1657 863 1918 917 ambulare
1960 872 2006 914 et

508 961 705 1028 placere
754 959 881 1023 Deo,
934 960 1008 1013 sic
1048 968 1094 1012 et
1138 958 1402 1012 ambuletis
1431 968 1485 1011 ut
1514 956 1777 1011 abundetis
1822 956 2004 1025 magis.

506 1054 563 1108 ἓ.
596 1054 751 1108 Scitis
780 1053 913 1105 enim
940 1068 1052 1121 qua:
1077 1060 1327 1121 praecepta
1373 1050 1595 1104 dederim
1641 1049 1776 1102 vobis
1802 1064 1890 1114 per
1913 1044 2008 1099 Je-

509 1163 621 1200 sum
671 1145 944 1201 Christum.
995 1145 1048 1199 5.
1107 1142 1231 1197 Haec
1278 1151 1350 1197 est
1398 1151 1567 1195 autem
1612 1140 1842 1194 voluntas
1891 1138 2009 1202 Dei,

509 1238 841 1305 sanctiﬁcatio
867 1245 1047 1290 vestra.

514 1331 567 1383 1.
598 1329 888 1397 Postquam
918 1328 969 1381 in
1001 1327 1065 1381 iis
1088 1341 1209 1397 quae
1239 1325 1498 1396 urgebant
1526 1332 1575 1379 et
1605 1339 1723 1395 qua:
1755 1330 1911 1377 erant
1960 1322 2012 1375 in

449 1421 691 1475 manibus
740 1421 1053 1475 immoralus
1104 1429 1205 1485 est,
1261 1434 1323 1473 ea
1369 1418 1621 1487 deinceps
1670 1430 2017 1487 aggressurus

444 1531 563 1583 quae
590 1522 710 1567 sunt
736 1520 1016 1583 perpetua,
1058 1520 1112 1565 et
1139 1526 1259 1579 qua:
1301 1524 1512 1579 semper
1555 1508 1740 1563 audire
1785 1516 2014 1576 oportet,

450 1605 717 1673 praL-mittit
764 1604 865 1658 hoc
906 1603 1146 1667 verbum,
1191 1601 1271 1655 De
1306 1611 1503 1657 castero.
1528 1600 1641 1654 Hoc
1669 1610 1768 1661 est,
1796 1599 2019 1668 Semper

444 1702 663 1773 quidem
693 1713 748 1757 et
771 1708 1028 1771 perpetuo
1070 1714 1167 1755 vos
1195 1713 1445 1769 rogamus
1483 1706 1538 1751 et
1581 1697 1924 1751 obsecramus
1966 1694 2020 1748 in

455 1797 700 1850 Domino.
752 1794 940 1863 Papte!
990 1808 1058 1848 ne
1103 1792 1169 1846 ad
1212 1790 1503 1861 rogandum
1546 1789 1756 1859 quidem
1801 1803 1859 1842 se
1898 1787 2025 1841 dicit

451 1902 571 1942 esse
617 1886 721 1940 fide
765 1885 1023 1955 dignum:
1073 1897 1393 1953 quamquam
1437 1881 1556 1950 quis
1605 1888 1720 1935 erat
1760 1879 1894 1933 adeo
1922 1878 2025 1932 ﬁde

456 1978 683 2049 dignus?
722 1978 816 2032 sed
862 1975 1130 2032 Christum
1176 1975 1417 2028 assumit.
1452 1973 1553 2027 Per
1599 1972 1787 2037 Deum,
1832 1971 2022 2040 inquit,

456 2090 552 2128 vos
592 2086 841 2140 rogamus
884 2080 939 2125 et
986 2071 1370 2124 obsecramus:
1421 2067 1525 2121 hoc
1570 2066 1711 2120 enim
1766 2064 1865 2118 sibi
1918 2063 2029 2117 vult

457 2164 608 2229 illud,
637 2163 705 2217 In
732 2163 971 2216 Domino.
1004 2160 1155 2227 Quod
1183 2160 1342 2213 etiam
1370 2158 1581 2212 dicebat
1600 2156 1665 2210 ad
1684 2152 1987 2210 Corinthios
2011 2173 2022 2206 :

460 2258 619 2319 Deus,
652 2255 843 2324 inquit,
876 2268 961 2307 vos
985 2253 1209 2305 obsecrat
1241 2266 1329 2319 per
1352 2266 1441 2303 nos
1483 2248 1561 2317 (2.
1581 2248 1699 2303 Cor.
1733 2247 1786 2301 5.
1817 2246 1923 2316 20).
1963 2244 2031 2299 Ut

458 2346 884 2416 quemadmodum
932 2343 1194 2411 accepistis
1241 2358 1274 2395 a
1310 2341 1472 2395 nobis.
1522 2339 1676 2405 Illud,
1732 2337 2026 2405 Accepistis,

462 2454 566 2491 non
598 2446 681 2491 est
717 2435 889 2491 solum
930 2435 1233 2495 verborum,
1283 2432 1378 2487 sed
1427 2431 1585 2485 etiam
1627 2444 1827 2484 rerum.
1873 2427 2029 2489 Illud,

460 2527 728 2594 Quomodo
783 2534 1013 2596 oporteat
1062 2541 1149 2578 vos
1197 2523 1475 2585 ambulare,
1531 2522 1585 2574 in
1642 2519 1744 2574 hoc
1802 2518 2036 2573 ostendit

462 2634 674 2673 omnem
718 2618 842 2671 vitte
885 2616 1367 2670 conversationem.
1419 2612 1488 2665 Et
1548 2610 1656 2665 Deo
1711 2612 1928 2679 placere,
1980 2621 2036 2663 ut

463 2710 728 2764 abundetis
768 2709 965 2778 magis;
1010 2706 1112 2760 hoc
1151 2717 1253 2770 est,
1286 2704 1357 2759 Ut
1392 2718 1457 2758 ex
1489 2702 1677 2772 majori
1713 2701 2034 2756 abundantia

461 2818 571 2855 non
607 2800 806 2855 sistatis
832 2813 1001 2867 usque
1031 2796 1096 2849 ad
1133 2794 1398 2857 mandata,
1429 2793 1525 2848 sed
1555 2807 1616 2847 ea
1656 2794 1987 2862 exsuperetis
2020 2809 2033 2845 :

467 2895 567 2948 hoc
588 2901 671 2947 est
695 2892 837 2945 enim
865 2888 1013 2952 illud,
1047 2886 1113 2941 Ut
1137 2885 1415 2939 abundetis.
1444 2885 1575 2939 Nam
1606 2884 1659 2937 in
1683 2883 2037 2954 praecedenti-

468 2988 565 3039 bus
587 2981 774 3037 solidae
806 2995 996 3036 eorum
1043 2979 1163 3033 fidei
1207 2987 1412 3047 gratam
1455 2985 1511 3031 et
1553 2986 1829 3045 acceptam
1880 2975 2040 3030 habet

465 3075 871 3130 admirationem
895 3089 910 3138 ;
943 3070 1029 3125 hic
1056 3079 1235 3124 autem
1262 3070 1421 3123 vitam
1447 3071 1737 3138 componit.
1764 3068 1877 3124 Hoc
1896 3070 2038 3123 enim

465 3174 550 3222 est
568 3163 860 3236 profectus,
884 3163 1043 3217 etiam
1062 3175 1384 3231 exsuperare
1407 3161 1650 3215 mandata
1670 3171 1999 3232 etpraecepta
2025 3183 2038 3218 :

467 3273 574 3311 non
596 3257 739 3312 enim
776 3254 1005 3324 amplius
1047 3267 1114 3307 ex
1155 3251 1414 3306 doctrina:
1460 3252 1796 3317 necessitate,
1843 3254 1937 3308 sed
1976 3268 2039 3309 ex

469 3349 623 3403 liberi
664 3347 867 3401 arbitrii
914 3344 1177 3400 electione
1220 3343 1279 3397 ﬁt
1321 3344 1658 3399 universum.
1700 3344 1852 3400 Sicut
1898 3346 2040 3401 enim

469 3450 670 3495 terram
712 3453 819 3492 non
862 3436 1034 3490 solum
1074 3442 1287 3504 oportet
1312 3433 1453 3489 ferre
1486 3434 1630 3505 jacta
1660 3444 1932 3490 sementa:
1965 3437 2044 3491 sic

468 3533 631 3589 etiam
668 3530 898 3584 animam
946 3534 1157 3597 oportet
1201 3541 1309 3582 non
1348 3542 1517 3596 usque
1556 3527 1622 3583 ad
1662 3543 1724 3584 ea
1752 3529 2039 3584 subsistere

469 3640 589 3694 quze
618 3631 742 3679 sunt
766 3634 972 3692 sparsa,
1020 3619 1114 3674 sed
1140 3619 1301 3673 etiam
1328 3632 1672 3689 exsuperare.
1721 3619 1883 3675 Vides
1922 3635 2042 3675 eum

472 3719 661 3774 merito
703 3715 904 3770 dixisse
941 3712 1305 3780 exsuperare?
1341 3710 1474 3765 Nam
1512 3712 1563 3766 in
1596 3710 1710 3767 hazc
1739 3712 1846 3767 duo
1876 3712 2045 3767 divisa

470 3819 556 3866 est
580 3810 776 3873 virtus,
800 3822 990 3875 nempe
1020 3806 1287 3860 declinare
1307 3820 1337 3859 a
1359 3805 1520 3872 malo,
1547 3814 1601 3860 et
1620 3805 1797 3861 facere
1822 3806 2042 3862 bonum.

472 3905 590 3959 Non
643 3902 784 3958 enim
830 3898 1027 3953 sufﬁcit
1066 3913 1311 3953 recessus
1356 3913 1385 3951 a
1425 3898 1566 3953 malo
1604 3898 1670 3953 ad
1709 3900 2047 3970 adeptionem

474 3994 704 4057 virtutis,
750 3990 847 4047 sed
894 3998 977 4045 est
1015 3989 1229 4059 quidem
1273 3991 1356 4042 via
1379 3999 1435 4043 et
1456 3989 1663 4044 initium
1688 3990 1814 4045 illuc
1840 3993 2045 4059 ferens;

472 4099 608 4156 opus
633 4092 717 4139 est
746 4092 926 4137 autem
955 4080 1108 4135 nobis
1137 4080 1296 4135 etiam
1330 4096 1521 4150 magna
1558 4082 1722 4136 animi
1751 4083 2043 4139 alacritate.

471 4179 602 4243 Quae
641 4181 767 4229 sunt
807 4171 1022 4242 quidem
1068 4169 1313 4240 fugienda
1354 4169 1482 4225 dicit
1508 4171 1589 4226 eis
1611 4181 1879 4243 tamquam
1906 4189 2047 4244 prae-

470 4274 627 4336 cepta
652 4273 708 4319 et
731 4261 962 4317 merito:
998 4275 1119 4313 nam
1150 4260 1264 4312 haec
1287 4259 1504 4327 quidem
1539 4263 1584 4315 si
1624 4260 1774 4330 ﬁant,
1820 4264 2050 4320 afferunt

473 4356 829 4426 supplicium;
878 4352 924 4406 si
965 4366 1071 4405 non
1127 4351 1255 4403 liant
1304 4360 1506 4415 autem,
1558 4352 1760 4407 nullam
1814 4354 2042 4409 laudem.

472 4450 602 4516 Quae
624 4456 801 4501 autem
829 4443 896 4498 ad
925 4443 1175 4497 virtutem
1200 4442 1487 4510 pertinent,
1510 4449 1569 4495 ut
1591 4440 1867 4499 effundere
1891 4460 2051 4513 pecu—

475 4543 612 4606 nias,
631 4547 685 4593 et
708 4549 1055 4607 quzecumque
1078 4542 1202 4587 sunt
1219 4532 1541 4602 hujusmodi,
1567 4548 1670 4587 non
1692 4546 1835 4602 sunt,
1856 4536 2047 4607 inquit,

476 4633 527 4684 in
543 4628 825 4700 praeceptis
854 4624 1259 4685 constituenda;
1291 4623 1383 4677 sed
1411 4622 1575 4693 quid?
1618 4624 1718 4689 Qui
1755 4636 1914 4694 potest
1959 4645 2051 4682 ca-

475 4736 614 4787 pere,
637 4719 805 4787 capiat
833 4715 1046 4787 (Matth.
1076 4714 1167 4769 19.
1193 4712 1304 4781 12).
1343 4714 1441 4767 Est
1464 4729 1596 4784 ergo
1618 4716 1910 4772 verisimile
1930 4734 2051 4774 eum

477 4829 598 4867 cum
658 4812 824 4865 multo
882 4809 1075 4863 timore
1122 4816 1179 4862 et
1223 4817 1453 4861 tremore
1500 4808 1578 4862 eis
1629 4810 1969 4879 praecepisse,
2001 4822 2056 4868 et

476 4919 574 4972 per
623 4901 720 4955 has
765 4901 944 4955 literas
990 4899 1070 4952 eis
1115 4898 1167 4951 in
1213 4898 1523 4953 memoriam
1579 4914 1863 4956 revocasse
1906 4903 2051 4959 illam

480 4994 751 5064 pietatem.
777 4986 1132 5058 Quamobrem
1160 5004 1221 5043 ea
1249 5004 1353 5043 non
1384 4990 1556 5058 ponit,
1584 4990 1679 5045 sed
1706 4986 1813 5047 illis
1840 5005 2057 5051 revocat

480 5088 533 5140 in
594 5085 926 5139 memoriam.
983 5082 1139 5137 Scitis
1192 5082 1346 5146 enim,
1400 5084 1595 5152 inquit,
1641 5100 1755 5153 qua:
1802 5098 2057 5158 prtecepta

483 5176 620 5230 robis
646 5175 867 5228 dederim
893 5190 980 5243 per
1008 5173 1281 5225 Dominum
1312 5182 1537 5226 nostrum
1574 5172 1753 5229 Jesum
1777 5176 2051 5235 Christum.

484 5268 611 5323 llatc
632 5277 704 5322 est
722 5276 888 5320 autem
910 5265 1140 5319 voluntas
1170 5264 1287 5333 Dei,
1331 5266 1658 5333 sanctiﬁcatio
1699 5278 1881 5325 vestra.
1925 5271 2058 5329 Vide

484 5371 663 5416 autem
700 5356 966 5429 quomodo
1009 5357 1075 5412 de
1111 5356 1253 5410 nulla
1294 5370 1355 5410 re
1398 5356 1501 5409 alia
1555 5364 1664 5410 tam
1713 5358 2058 5417 vehementer

482 5454 711 5508 obscure
740 5461 793 5505 et
818 5448 1149 5518 aenigmatice
1192 5447 1455 5516 loquitur,
1501 5463 1657 5518 quam
1696 5450 1763 5505 de
1809 5454 1909 5507 hac
1950 5469 2053 5509 re:

487 5544 623 5598 sicut
643 5542 803 5597 etiam
846 5540 1037 5595 alicubi
1082 5539 1321 5594 scribens
1359 5538 1525 5592 dicit:
1572 5538 1761 5594 Pacem
1802 5546 2057 5599 sectemini

489 5651 604 5688 cum
629 5634 856 5687 omnibus
884 5641 934 5685 et
949 5631 1418 5699 sanctiﬁcationem,
1449 5629 1556 5683 sine
1580 5647 1680 5699 qua
1706 5649 1850 5688 nemo
1874 5632 2055 5690 Denti-

484 5742 608 5780 num
642 5726 825 5780 uidebit
863 5724 1044 5795 (Hebr.
1079 5724 1161 5777 12.
1194 5725 1305 5793 Μ).
1340 5723 1405 5776 Et
1427 5723 1554 5793 quid
1585 5726 1794 5780 miraris
1818 5728 1863 5782 si
1893 5728 2055 5784 disci-

489 5818 627 5889 pulis
653 5816 720 5872 de
747 5814 848 5871 hoc
876 5814 1067 5885 ubique
1088 5814 1291 5882 scribit,
1313 5828 1434 5869 cum
1454 5814 1613 5871 etiam
1636 5816 1701 5872 ad
1722 5816 2054 5875 Timotheum

2116 673 2355 727 scribens
2395 672 2637 727 diceret:
2670 671 2910 742 Teipsum
2946 682 3139 726 castum
3177 673 3370 726 custodi
3433 674 3512 744 (1.
3550 672 3683 728 Tim.

2114 764 2167 818 5.
2216 759 2426 834 22)?ln
2466 763 2697 818 secunda
2739 777 2950 833 quoque
2992 762 3227 833 Epistola
3269 764 3336 819 ad
3380 763 3687 821 Corinthios

2110 856 2371 922 scribens,
2400 854 2613 911 dicebat
2642 872 2656 908 :
2687 854 2755 909 In
2781 856 3045 909 tolerantia
3071 857 3253 921 multa,
3285 858 3339 910 in
3356 858 3589 927 jejuniis,
3641 870 3691 911 et

2115 948 2340 1000 castitate
2370 947 2447 1016 (2.
2475 947 2591 1001 Cor.
2622 947 2673 1001 6.
2795 947 2870 1016 6).
2902 946 2970 1001 Et
2998 948 3179 1001 multis
3210 949 3261 1002 in
3301 949 3431 1004 locis
3464 949 3568 1005 hoc
3610 950 3694 1005 in-

2115 1039 2347 1105 veneris,
2376 1040 2505 1093 etin
2531 1040 2762 1109 Epistola
2793 1040 2858 1094 ad
2889 1040 3178 1106 Romanos,
3204 1050 3257 1095 et
3282 1042 3495 1112 ubique,
3536 1052 3587 1098 et
3632 1044 3685 1096 in

2116 1132 2363 1185 omnibus
2416 1131 2675 1201 epistolis.
2730 1131 2939 1186 Revera
2984 1132 3125 1185 enim
3174 1132 3421 1188 omnibus
3468 1135 3688 1188 exitium

2118 1222 2275 1277 affert
2314 1224 2413 1277 hoc
2441 1223 2637 1277 malum
2668 1242 2681 1281 :
2710 1233 2764 1278 et
2791 1225 2929 1278 sicut
2955 1239 3146 1293 porcus
3175 1225 3287 1280 luto
3319 1226 3527 1295 plenus,
3553 1243 3688 1297 quo-

2118 1329 2346 1383 cumque
2392 1314 2661 1383 ingressus
2710 1313 2869 1369 fuerit
2912 1316 3090 1369 omnia
3143 1316 3328 1385 implet
3374 1316 3583 1383 foetore,
3638 1330 3693 1372 et

2121 1419 2309 1458 sensus
2337 1404 2523 1472 implet
2545 1416 2816 1459 stercore:
2847 1406 2916 1459 ita
2944 1408 3102 1459 etiam
3122 1408 3405 1473 scortatio;
3436 1420 3519 1463 εει
3549 1409 3691 1464 enim

2122 1494 2317 1549 malum
2345 1493 2490 1563 quod
2522 1494 2739 1549 difﬁcile
2773 1506 2948 1565 potest
2981 1497 3109 1550 elui.
3148 1498 3371 1562 Quando
3390 1508 3565 1553 autem
3592 1499 3695 1554 hoc

2123 1586 2283 1639 etiam
2329 1583 2526 1639 faciunt
2562 1584 2723 1654 aliqui
2762 1585 2850 1654 qui
2893 1585 3088 1640 habent
3130 1602 3344 1656 uxores,
3390 1599 3582 1658 quanta
3614 1603 3697 1643 est

2125 1675 2544 1730 deformitas?5.
2577 1673 2701 1729 Hcce
2744 1686 2816 1729 est
2856 1685 3043 1739 autem,
3088 1677 3280 1747 inquit,
3325 1680 3558 1732 voluntas
3605 1679 3697 1732 Dci

2125 1768 2458 1835 sanctificatio
2480 1777 2664 1834 vestra,
2696 1778 2753 1821 ut
2773 1768 3063 1825 abstineatis
3091 1770 3152 1824 ab
3177 1772 3314 1825 omni
3343 1774 3693 1842 fornicatione.

2127 1858 2285 1912 Multa
2330 1867 2454 1913 sunt
2490 1859 2632 1913 enim
2669 1874 2866 1929 genera
2905 1861 3348 1931 intemperantiae,
3380 1865 3701 1933 multiplices

2129 1962 2184 2009 et
2201 1955 2360 2008 variae
2380 1952 2677 2023 voluptates
2695 1953 2923 2009 lascivire
2943 1962 2997 2010 et
3013 1954 3266 2023 libidinis,
3285 1972 3417 2028 quas
3432 1974 3498 2013 ne
3520 1959 3701 2015 dicere

2130 2045 2345 2116 quidem
2376 2053 2458 2099 est
2483 2045 2778 2100 tolerabile.
2809 2044 2941 2100 Cum
2968 2055 3144 2102 autem
3180 2048 3421 2113 dixisset,
3453 2050 3526 2103 Ab
3566 2054 3704 2105 omni

2133 2137 2485 2207 fornicatione,
2516 2151 2634 2191 eam
2660 2136 2916 2206 relinquit
2940 2137 3005 2191 iis
3024 2138 3115 2207 qui
3138 2148 3335 2193 norunt
3359 2161 3372 2196 :
3398 2141 3454 2195 4.
3480 2141 3547 2195 Ut
3575 2144 3703 2195 sciat

2133 2231 2470 2300 unusquisque
2497 2240 2712 2285 vestrum
2736 2247 2823 2285 vas
2854 2247 2999 2285 suum
3033 2234 3288 2302 possidere
3324 2234 3379 2287 in
3417 2236 3707 2302 sanctifica-

2134 2323 2269 2376 tione
2306 2333 2353 2376 et
2379 2323 2566 2375 honore
2587 2337 2606 2375 :
2633 2322 2688 2377 5.
2713 2339 2818 2376 non
2846 2323 2897 2376 in
2929 2324 3160 2393 passione
3195 2324 3451 2391 desiderii,
3488 2326 3614 2379 sicut
3656 2336 3707 2378 et

2134 2421 2302 2483 gentes
2348 2427 2460 2481 qute
2501 2412 2738 2482 ignorant
2796 2411 2981 2465 Deum.
3020 2412 3086 2467 Ut
3127 2414 3273 2481 sciat,
3319 2415 3509 2485 inquit,
3552 2432 3708 2470 unus-

2135 2503 2341 2572 quisque
2370 2512 2584 2556 uestrum
2610 2518 2696 2555 vas
2732 2519 2877 2556 suum
2906 2504 3179 2571 possidere.
3211 2504 3319 2560 Res
3348 2515 3431 2560 est
3471 2521 3598 2576 ergo
3626 2507 3710 2561 di-

2136 2596 2368 2665 ciplinae,
2392 2604 2554 2665 atque
2575 2595 2709 2649 adeo
2726 2610 2950 2664 magnae,
2972 2611 3040 2651 ne
3066 2596 3421 2653 lasciviamus.
3450 2598 3555 2653 Nos
3581 2614 3708 2668 ergo

2140 2687 2193 2741 id
2236 2686 2586 2756 possidemus,
2631 2686 2844 2755 quando
2873 2686 3129 2742 manserit
3159 2689 3414 2743 mundum
3443 2699 3497 2744 et
3533 2700 3614 2744 est
3652 2692 3707 2743 in

2140 2777 2561 2832 sanctificatione
2583 2794 2598 2831 :
2624 2791 2747 2831 cum
2775 2788 2955 2832 autem
2977 2786 3062 2833 est
3084 2779 3437 2844 immundum,
3470 2782 3709 2850 possidet

2140 2878 2446 2941 peccatum;
2478 2879 2533 2925 et
2566 2872 2781 2926 merito.
2820 2870 2935 2926 Non
2978 2872 3121 2926 enim
3154 2872 3283 2927 facit
3309 2874 3445 2928 ultra
3474 2891 3591 2944 quae
3621 2891 3714 2927 vo-

2143 2963 2340 3030 lumus,
2396 2963 2492 3017 sed
2542 2977 2659 3031 qua:
2708 2962 2835 3017 illud
2882 2962 3126 3033 imperat.
3186 2965 3307 3019 Non
3357 2967 3410 3020 in
3459 2969 3712 3036 passione,

2144 3056 2336 3126 inquit,
2380 3056 2633 3109 desiderii.
2689 3055 2789 3111 Hic
2839 3056 3073 3111 ostendit
3127 3058 3290 3112 etiam
3338 3060 3554 3114 modum
3604 3077 3713 3131 quo

2144 3159 2358 3220 Oportet
2384 3164 2503 3205 esse
2533 3158 2908 3219 temperantes,
2940 3157 3000 3204 ut
3028 3160 3333 3220 amputetur
3362 3163 3536 3207 motus
3565 3154 3709 3208 desi-

2146 3245 2298 3300 derii.
2347 3243 2559 3298 Deliciae
2598 3244 2741 3298 enim
2776 3254 2830 3299 et
2872 3243 3092 3310 divitiae,
3136 3245 3401 3313 socordia,
3441 3247 3714 3317 segnities,

2145 3339 2334 3405 otium,
2377 3347 2431 3393 et
2461 3337 2576 3392 haec
2604 3339 2803 3403 omnia,
2841 3352 2939 3393 nos
2979 3339 3046 3393 ad
3084 3339 3375 3395 absurdum
3412 3352 3466 3396 et
3494 3358 3715 3413 pravum

2147 3429 2415 3484 deducunt
2458 3429 2799 3484 desiderium.
2855 3430 3001 3484 Sicut
3042 3440 3088 3483 et
3136 3440 3325 3501 gentes,
3375 3433 3562 3503 inquit,
3606 3450 3719 3505 qua

2148 3523 2383 3591 ignorant
2402 3519 2588 3576 Deum.
2623 3520 2752 3575 Nam
2783 3521 2887 3575 illac
2929 3521 3142 3591 quidem
3185 3532 3311 3577 sunt
3340 3524 3491 3590 tales,
3522 3540 3716 3594 exspe-

2150 3620 2355 3666 ctantes
2380 3612 2611 3665 futurum
2635 3622 2691 3665 ut
2716 3610 3067 3681 dentpcenas.
3108 3612 3162 3667 6.
3205 3613 3271 3666 Et
3301 3631 3362 3667 ne
3395 3617 3507 3685 quis
3541 3633 3720 3685 super-

2151 3708 2448 3777 grediatur,
2480 3718 2638 3770 neque
2658 3702 3013 3756 circumueniat
3037 3705 3090 3756 in
3108 3706 3303 3775 negotio
3324 3709 3531 3775 fratrem
3551 3724 3717 3761 suum.

2219 3798 2271 3851 2.
2299 3796 2464 3851 Recte
2490 3794 2645 3860 dixit,
2669 3794 2753 3848 Ne
2778 3796 3195 3866 supergrediatur
3216 3812 3236 3851 :
3268 3798 3552 3869 unicuique
3576 3802 3718 3856 enim

2152 3888 2292 3943 Deus
2320 3887 2504 3942 tribuit
2538 3901 2781 3949 uxorem,
2812 3896 2867 3942 et
2893 3897 3097 3942 natura:
3126 3890 3405 3943 constituit
3442 3894 3720 3957 terminos,

2150 3992 2344 4047 nempe
2385 3992 2505 4036 cum
2548 3992 2653 4031 una
2698 3977 3059 4032 concubitum.
3105 3977 3460 4045 Quamobrem
3504 3982 3549 4035 si
3598 3997 3720 4037 cum

2151 4070 2318 4124 altera
2362 4057 2677 4125 concubitus
2720 4078 2802 4124 est
2849 4072 3220 4137 transgressio,
3270 4080 3325 4127 et
3362 4073 3723 4143 latrocinium,

2152 4170 2207 4215 et
2239 4162 2415 4226 fraus;
2459 4162 2567 4215 imo
2605 4175 2733 4215 vero
2775 4171 2857 4215 est
2899 4162 3115 4229 gravior
3163 4178 3374 4232 quoque
3418 4165 3725 4223 latrocinio.

2153 4252 2269 4306 Non
2298 4251 2439 4306 enim
2476 4250 2609 4306 adeo
2638 4251 2882 4311 dolemus
2926 4252 2971 4305 si
2993 4262 3190 4308 nostra:
3216 4252 3531 4311 auferuntur
3554 4273 3727 4327 pecu-

2154 4344 2277 4409 nia},
2322 4352 2381 4396 ut
2406 4342 2449 4397 si
2483 4352 2724 4396 nostrum
2765 4344 3153 4398 matrimoniale
3178 4346 3505 4415 perfodiatur
3529 4351 3727 4407 cubile.

2154 4434 2393 4489 Fratrem
2421 4447 2600 4499 vocas,
2634 4442 2689 4488 et
2708 4448 2801 4503 per
2821 4436 3096 4489 avaritiam
3128 4436 3323 4492 damno
3344 4438 3533 4509 allicis,
3564 4442 3726 4498 etiam

2156 4524 2208 4577 in
2256 4524 2321 4581 iis
2360 4524 2415 4578 in
2448 4523 2642 4594 quibus
2680 4538 2787 4578 non
2828 4526 3070 4594 oportet?
3100 4525 3194 4580 llic
3226 4529 3456 4597 loquitur
3483 4532 3551 4587 de
3578 4536 3731 4590 adul-

2156 4618 2324 4682 terio;
2353 4617 2598 4684 superius
2625 4625 2803 4671 autem
2826 4615 2896 4672 de
2915 4619 3058 4672 omni
3089 4622 3412 4676 scortatione
3440 4636 3533 4678 seu
3558 4624 3730 4680 forni-

2157 4713 2384 4767 catione.
2406 4711 2538 4765 Nam
2567 4712 2814 4781 quoniam
2842 4720 2957 4766 erat
2975 4712 3212 4769 dicturus
3234 4713 3452 4771 fratrem
3480 4733 3583 4773 non
3609 4735 3731 4777 esse

2157 4802 2684 4874 supergrediendum,
2731 4818 2903 4872 neque
2946 4818 3042 4874 per
3076 4806 3350 4861 avaritiam
3392 4809 3586 4865 damno
3614 4814 3734 4866 επὶ-

2158 4895 2403 4951 ciendum
2423 4936 2439 4963 ,
2468 4896 2546 4950 sic
2582 4894 2833 4964 praefatur
2866 4895 2983 4951 :Ne
3022 4898 3332 4969 existimes,
3365 4902 3558 4971 inquit,
3587 4908 3732 4974 quod

2160 4988 2275 5042 haec
2297 4988 2469 5041 solum
2499 4985 2671 5040 dicam
2699 4985 2767 5041 de
2794 4986 2988 5055 fratre;
3021 4989 3113 5045 sed
3138 5006 3311 5061 neque
3340 4993 3562 5049 aliorum
3594 5013 3733 5050 uxo-

2160 5096 2267 5147 res,
2298 5094 2469 5150 neque
2513 5094 2605 5133 eas
2647 5095 2766 5150 qua:
2808 5089 2992 5135 carent
3016 5082 3242 5149 maritis,
3270 5099 3443 5154 neque
3486 5102 3732 5141 commu-

2163 5188 2256 5227 nes
2283 5175 2479 5228 habere
2515 5182 2743 5244 oportet.
2776 5172 2859 5227 Ab
2900 5175 3043 5228 omni
3082 5174 3427 5232 fornicatione
3462 5180 3736 5237 abstinere

2161 5275 2407 5336 oportet:
2440 5265 2559 5321 ideo
2597 5267 2765 5321 dicit:
2800 5268 3048 5334 Quoniam
3085 5270 3268 5323 vindex
3296 5280 3369 5324 est
3396 5269 3643 5327 Dominus
3670 5279 3735 5327 de

2161 5357 2239 5410 his
2260 5357 2505 5410 omnibus.
2535 5356 2764 5426 Rogavit
2787 5372 2879 5411 eos
2903 5360 3150 5427 primum,
3188 5367 3241 5415 et
3266 5361 3522 5430 pudorem
3552 5364 3732 5417 incus-

2163 5452 2257 5516 sit,
2286 5449 2489 5516 dicens,
2520 5450 2667 5505 Sicut
2703 5460 2749 5503 et
2792 5461 2959 5521 gentes
2990 5469 3009 5506 :
3035 5452 3227 5510 deinde
3253 5456 3547 5512 rationibus
3575 5474 3733 5527 quam

2161 5558 2323 5614 prava
2349 5553 2402 5596 et
2424 5542 2650 5597 absurda
2670 5558 2759 5597 res
2788 5545 2857 5597 sit
2874 5544 3127 5613 ostendit,
3169 5547 3311 5616 quod
3338 5564 3432 5618 per
3456 5551 3733 5606 avaritiam

2163 5636 2325 5690 frater
2363 5634 2558 5690 damno
2586 5634 2866 5690 afficiatur.
2898 5637 3161 5708 Deinceps
3198 5640 3466 5711 subjungit
3508 5642 3559 5696 id
3589 5643 3732 5712 quod

2163 5738 2245 5784 est
2269 5738 2426 5798 caput
2443 5739 2498 5783 et
2523 5744 2729 5783 summa
2755 5729 2834 5785 rei
2861 5747 2873 5783 :
2895 5730 3145 5796 Quoniam
3174 5733 3357 5786 vindex
3384 5744 3457 5786 est
3484 5733 3734 5790 Dominus

2166 5819 2339 5897 deliis
2384 5822 2633 5888 omnibus,
2678 5822 2803 5878 sicut
2843 5824 3170 5895 prtedia‘imus
3218 5827 3353 5881 vobis
3395 5837 3438 5882 et
3481 5827 3734 5896 testificati
