4128 6398
484 333 593 391 42⁸5

1405 332 1472 387 ΙΝ
1510 331 1725 389 EPIST.
1763 334 1784 387 Ι
1820 333 1912 389 AD
1947 333 2286 391 THESSAL.
2323 336 2476 393 CAP.
2514 338 2605 393 1V.
2648 336 2883 394 HOMIL.
2914 340 2980 395 Υ.

3652 345 3758 400 4'25

1971 625 2215 678 OMIAIA
2257 626 2334 684 E’.

483 780 552 831 Τὸ
593 777 850 851 λοιπὸν,Δ
868 776 1140 847 ἀδελφοί,
1168 780 1646 851 ἐρωτῶμενὼιᾶς
1671 783 1770 837 καί
1801 800 2066 851 παρακα-

546 847 778 920 λοῦμεν
826 848 896 920 ἐξν
933 847 1401 920 ΚυρίῳίἹησοῧ,
1457 847 1652 918 καθὼς
1703 847 2068 920 παρελάϐετε

548 921 689 993 παρ’
744 918 913 993 ἡμῶν
942 920 1047 993 *τὸΔ
1072 919 1198 987 πῶς
1231 922 1325 974 δεῖ
1367 924 1711 993 περιπατεῖν
1747 918 1922 993 ὑμᾶς,
1969 925 2066 979 καὶ

550 988 833 1060 ἀρέσκειν
855 988 995 1054 θεῷ,
1025 990 1124 1042 ἵνα
1145 988 1545 1059 περισσεύητε
1566 988 1827 1060 μᾶλλον.
1852 988 2066 1048 Οἴδατε

549 1063 661 1129 γὰρ
698 1059 866 1124 τίνας
890 1063 1292 1131 παραγγελίας
1319 1059 1622 1131 ἐδώκαμεν
1651 1063 1795 1130 ὑμῖν
1820 1064 1919 1119 διὰ
1959 1066 2067 1119 τοῦ

548 1130 768 1204 κυρίου
798 1129 967 1204 ἡμῶν
1005 1130 1207 1204 Ἰησοῦ
1236 1129 1519 1204 Χριστοῦ,
1584 1129 1762 1188 Τοῦτο
1791 1134 1900 1204 γάρ
1938 1136 2069 1191 ἐστι

480 1218 481 1221 ‘
550 1198 782 1269 θέλημα
808 1198 978 1264 Θεοῦ,
1018 1202 1051 1254 ό
1080 1198 1372 1272 ἁγιασμὸς
1398 1202 1586 1272 ὑμῶν.

554 1306 806 1362 α’.”οταν
837 1308 971 1378 πρὸς
990 1307 1059 1361 τὰ
1075 1308 1469 1376 κατεπείγοντα
1486 1312 1583 1380 στῇ
1600 1310 1692 1362 καὶ
1722 1310 1791 1363 τὰ
1809 1311 1866 1363 ἐν
1888 1312 2065 1381 χερσὶ,

479 1390 578 1445 καὶ
607 1389 775 1462 μέλλῃ
816 1390 953 1460 πρὸς
976 1390 1045 1444 τὰ
1077 1390 1304 1463 διηνεκῆ
1333 1392 1616 1463 ἐμϐαίνειν
1658 1392 1865 1457 λοιπὸν,
1912 1398 2007 1447 καὶ
2032 1394 2069 1447 ἃ

482 1478 727 1548 συνεχῶς
760 1477 999 1531 ἀκοῦσαι
1028 1478 1157 1549 χρὴ,
1187 1479 1344 1531 τοῦτο
1374 1478 1665 1550 προτίθησι
1703 1479 1764 1532 τὸ
1791 1480 1965 1550 ῥῆμα,
1996 1482 2067 1535 Τὸ

479 1568 718 1631 λοιπὸν,
736 1567 1036 1632 τουτέστιν,
1053 1568 1166 1619 Ἀεὶ
1206 1566 1304 1638 μέν
1328 1567 1422 1620 καὶ
1453 1568 1534 1630 εἰς
1557 1568 1618 1620 τὸ
1646 1567 1896 1638 διηνεκὲς
1925 1570 2067 1639 ἐρω-

482 1654 664 1725 τῶμεν
709 1654 855 1723 ὑμᾶς
891 1654 987 1708 καὶ
1034 1651 1462 1725 παρακαλοῦμεν
1512 1654 1571 1707 ἐν
1602 1652 1812 1724 Κυρίῳ.
1864 1655 2063 1711 Βαϐαίι

481 1743 602 1796 οὐδὲ
644 1742 782 1814 πρὸς
823 1742 884 1795 :6
928 1741 1263 1813 παρακαλεῖν
1311 1742 1502 1796 ἐαυτὸν
1551 1742 1890 1810 ἀξιόπιστον,
1931 1741 2069 1799 εἷναί

482 1846 663 1902 φησι·
696 1828 872 1883 καίτοι
925 1829 1010 1893 τίς
1057 1827 1230 1891 οῦτως
1279 1828 1594 1893 ἀξιόπιστος
1646 1824 1748 1900 ἦν;
1802 1831 1941 1884 ἀλλὰ
1977 1832 2068 1888 τὸν

482 1918 718 1989 Χριστὸν
740 1918 1181 1991 παραλαμϐάνει.
1239 1919 1337 1973 Διὰ
1384 1919 1478 1972 τοῦ
1534 1919 1670 1974 Θεοῦ
1716 1921 2066 1992 παρακαλοῦ·

486 2024 587 2077 μεν
612 2007 775 2078 ὑμᾶς,
833 2007 990 2077 φησί.
1035 2006 1208 2060 Τοῦτο
1249 2006 1359 2077 γάρ
1402 2009 1570 2072 ἐστιν,
1628 2008 1724 2061 Ἐν
1754 2010 1967 2076 Κυρίῳ,
2003 2012 2068 2062 ’⁸0

484 2095 733 2165 καὶπρὸς
765 2093 1087 2165 Κορινθίως
1112 2094 1296 2164 ἔλεγεν
1319 2111 1333 2124 ·
1363 2095 1425 2147 '0
1450 2097 1595 2160 Θεὸς
1616 2094 1767 2165 ὑμᾶς
1800 2113 2069 2165 παρακα-

482 2181 585 2236 λεῖ
605 2182 680 2236 δι’
703 2182 890 2252 ἡμῶν.
924 2183 1061 2237 Ἵνα
1091 2182 1287 2250 καθὼς
1311 2182 1677 2251 παρελάϐετε
1705 2185 1839 2254 παρ’
1878 2183 2066 2253 ἡμῶν.

486 2270 581 2337 T6,
617 2270 1012 2339 Παρελάϐετε,
1066 2269 1189 2341 οὐχὶ
1227 2270 1489 2342 ῥημάτων
1538 2271 1655 2324 ἐστί
1708 2273 1888 2342 μόνον,
1933 2267 2071 2326 ἀλλὰ

487 2360 583 2413 καὶ
617 2360 981 2431 πραγμάτων.
1041 2359 1135 2423 Τὸ,
1171 2359 1305 2424 Πῶς
1362 2358 1460 2413 δεῖ
1509 2358 1664 2429 ὑμᾶς
1697 2360 2069 2429 περιπατεῖν,

486 2450 669 2501 πᾶσαν
722 2450 781 2502 ἐν
827 2447 1005 2520 τούτῳ
1042 2447 1141 2519 τὴν
1188 2448 1538 2520 ἀναστροφὴν
1586 2448 1683 2502 τοῦ
1731 2450 1847 2520 βίου
1897 2450 2070 2519 δηλοῖ.

487 2538 598 2591 Καὶ
643 2536 929 2607 ἀρέσκειν
990 2536 1143 2604 Θεῷ,
1192 2539 1296 2592 ἵνα
1349 2539 1750 2606 περισσεύητε
1791 2538 2069 2608 μᾶλλον“·

484 2627 806 2693 τουτέστιν,
853 2626 973 2681 Ἵνα
1031 2629 1096 2681 ἐκ
1125 2626 1370 2691 πλείονος
1404 2627 1724 2698 περιουσίας
1777 2628 1851 2699 μὴ
1910 2629 2072 2700 μέχρι

485 2715 596 2769 τῶν
626 2716 856 2770 ἐντολῶν
920 2715 1160 2778 ίστᾶσθε,
1213 2716 1329 2769 ἀλλ’
1386 2716 1474 2770 ἵνα
1526 2716 1620 2770 καὶ
1671 2716 2071 2787 ὐπερϐαίνητε·

484 2805 644 2860 τοῦτο
685 2808 792 2877 γάρ
830 2808 949 2860 ἐστι
985 2806 1069 2871 τὸ,
1104 2806 1241 2861 Ἵνα
1263 2809 1683 2875 περισσεύητε.
1720 2807 1807 2859 Ἐν
1837 2806 1936 2877 μὲν
1964 2809 2074 2879 γὰρ

486 2897 599 2959 τοῖς
636 2896 939 2965 προάγουσι
964 2894 1065 2965 τῆς
1117 2896 1354 2958 πίστεως
1394 2896 1575 2949 αὐτῶν
1598 2897 1698 2966 τῆς
1743 2898 1978 2968 στερρᾶς
2015 2897 2076 2949 :6

485 2981 673 3053 θαῦμα
710 2982 1072 3053 ἀποδέχεται·
1124 2982 1355 3036 ἐνταῦθα
1396 2982 1454 3035 δέ
1486 2982 1738 3054 ῥυθμίζει
1786 2983 1880 3038 τὸν
1934 2982 2071 3054 βίον.

484 3071 659 3124 Τοῦτο
681 3070 791 3142 γὰρ
818 3069 1089 3141 προκοπὴ,
1126 3070 1188 3123 :6
1224 3070 1319 3124 καὶ
1351 3071 1702 3142 ὑπερϐαίνειν
1728 3072 1825 3136 τὰς
1855 3072 2077 3136 ἐντολάς

486 3161 582 3213 καὶ
615 3159 686 3213 τὰ
708 3159 1056 3229 διατάγματα
1079 3175 1093 3191 ·
1145 3158 1329 3212 οὐκέτι
1378 3158 1488 3230 γὰρ
1532 3159 1641 3211 ἀπὸ
1677 3160 1775 3230 τῆς
1818 3158 2076 3215 διδασκα-

485 3248 644 3319 λικῆς
688 3248 969 3318 ἀνάγκης,
1016 3246 1133 3301 ἀλλ’
1168 3247 1277 3299 ἀπὸ
1312 3248 1409 3317 τῆς
1460 3248 1665 3311 οἰκείας
1698 3248 2072 3318 προαιρέσεως

488 3337 698 3405 γίνεται
729 3337 790 3389 τὸ
817 3337 948 3390 πᾶν.
1013 3334 1282 3407 Καθάπερ
1315 3335 1423 3406 γὰρ
1462 3335 1559 3404 τὴν
1589 3336 1695 3405 γῆν
1729 3336 1791 3387 οὐ
1822 3334 1890 3389 τὰ
1924 3335 2073 3408 [460]

486 3422 899 3492 καταϐληθέντα
919 3423 999 3475 δεῖ
1027 3421 1214 3493 φέρειν
1244 3421 1404 3492 μόνον
1422 3437 1437 3452 ·
1468 3421 1611 3475 οὕτω
1638 3424 1733 3476 καὶ
1762 3423 1861 3492 τὴν
1898 3422 2080 3494 ψυχὴν

486 3511 549 3564 οὐ
579 3513 769 3582 μέχρις
787 3510 1009 3563 ἐκείνων
1037 3509 1290 3563 ἵστασθαι
1319 3508 1426 3562 τῶν
1452 3509 1922 3580 καταϐληθέντων,
1945 3510 2081 3563 ἀλλά

488 3601 581 3652 καὶ
611 3598 981 3670 ὑπερϐαίνειν.
1030 3599 1196 3670 Ὁρᾷς
1225 3599 1307 3651 ὅτι
1348 3598 1576 3660 εἰκότως
1603 3594 1775 3662 εἶπεν,
1818 3599 2079 3670 ὑπερϐαί-

487 3705 598 3741 νειν
624 3705 639 3754 ;
663 3688 757 3751 Εἰς
779 3687 870 3740 δύο
890 3686 999 3758 γὰρ
1017 3686 1187 3739 ταῦτα
1216 3685 1384 3757 ἀρετὴ
1406 3685 1681 3757 διῄρηται,
1707 3688 1789 3750 εἰς
1806 3686 1867 3739 τὸ
1897 3686 2079 3740 ἐκκλί-

487 3793 599 3831 νειν
629 3776 737 3829 ἀπὸ
766 3777 961 3841 κακοῦ,
994 3773 1092 3827 καὶ
1147 3776 1320 3827 ποιεῖν
1365 3773 1590 3842 ἀγαθόν.
1647 3775 1721 3826 Οὐ
1756 3774 1866 3842 γὰρ
1918 3775 2081 3846 ἀρκεῖ

487 3868 596 3920 τῶν
627 3866 812 3920 κακῶν
845 3867 879 3936 ἡ
917 3864 1265 3936 ἀναχώρησις
1297 3864 1377 3928 εἰς
1406 3863 1503 3936 τὴν
1548 3863 1649 3934 τῆς
1679 3866 1881 3935 ἀρετῆς
1907 3882 2078 3936 προσ-

489 3954 730 4025 αγωγὴν,
756 3954 869 4006 ἀλλ’
896 3954 1011 4018 ὁδὸς
1044 3954 1142 4023 μέν
1162 3953 1248 4017 τίς
1265 3953 1494 4007 ἐστικαὶ
1515 3953 1658 4025 ἁρχὴ
1680 3954 1797 4007 ἐκεῖ
1813 3954 2075 4025 φέρουσα,

488 4046 571 4098 δεῖ
598 4044 655 4097 δέ
681 4042 882 4112 πολλῆς
907 4044 1041 4111 ἡμῖν
1068 4042 1166 4112 τῆς
1208 4040 1538 4111 προθυμίας.
1563 4043 1643 4094 Τά
1678 4043 1775 4113 μὲν
1815 4038 1909 4097 οὖν
1944 4060 2077 4113 φευ-

489 4132 624 4186 κτέα
656 4133 713 4184 ἐν
738 4129 891 4194 τάξει
928 4129 1304 4201 παραγγελίας
1353 4129 1538 4191 αὐτοῖς
1589 4129 1758 4196 λέγει,
1815 4130 2073 4195 εἰκότως·

487 4222 663 4273 ταῦτα
688 4218 796 4290 γὰρ
820 4219 1167 4289 πραττόμενα
1208 4218 1306 4287 μὲν
1338 4216 1494 4286 φέρει
1526 4215 1771 4279 κόλασιν,
1806 4216 1881 4287 μὴ
1903 4235 2077 4287 πρατ-

488 4308 692 4378 τόμενα
729 4308 806 4371 δέ,
858 4305 977 4358 οὺδέ
1022 4302 1318 4375 ἐγκώμιον.
1382 4303 1464 4356 Τά
1511 4303 1691 4374 μέντοι
1721 4303 1821 4372 τῆς
1850 4304 2073 4374 ἀρετῆς,

488 4391 601 4450 οἷον
629 4396 693 4449 τὸ
725 4393 963 4448 κενῶσαι
985 4392 1055 4446 τὰ
1072 4393 1359 4463 χρήματα,
1376 4390 1474 4443 καὶ
1502 4391 1604 4443 ὅσα
1621 4391 1870 4455 τοιαῦτα,
1891 4390 2076 4444 οὐκέτι

492 4487 551 4540 ἐν
568 4483 943 4556 παραγγελίας
963 4479 1116 4545 τάξει
1145 4478 1312 4549 φησίν
1338 4492 1353 4507 ·
1386 4476 1525 4530 ἀλλά
1543 4476 1624 4543 τί;
1667 4477 1721 4529 '0
1741 4475 2077 4547 δυνάμενος

493 4572 710 4643 χωρεῖν
765 4570 1043 4640 χωρείτω.
1103 4568 1267 4630 Εἰκὸς
1318 4562 1414 4619 οὖν
1455 4565 1619 4617 αὐτὸν
1648 4564 1685 4618 ἃ
1716 4564 1854 4636 μετά
1878 4563 2073 4619 πολλοῦ

494 4662 659 4731 φόϐου
683 4660 777 4713 καὶ
794 4659 996 4728 τρόμου
1025 4652 1092 4725 ἦν
1105 4654 1503 4729 παρηγγελκὼς
1524 4654 1726 4717 αὐτοῖς,
1758 4653 1855 4706 καὶ
1877 4654 2073 4723 ἀναμιη

498 4751 758 4817 μνήσκειν
825 4744 914 4799 διὰ
1001 4744 1111 4796 τῶν
1178 4742 1525 4813 γραμμάτων
1599 4741 1801 4795 τούτων
1858 4741 2072 4810 ἐκείνης

494 4836 688 4897 αὐτοὺς
710 4833 810 4902 τῆς
840 4832 1146 4895 εὐλαϐείας.
1178 4830 1377 4901 Διόπερ
1397 4830 1459 4882 οὐ
1494 4828 1708 4897 τίθησιν
1747 4828 1906 4893 αὐτά,
1955 4829 2071 4882 ἀλλ’

491 4923 687 4987 αὐτοὺς
711 4920 1139 4990 ἀναμιμνήσκει.
1169 4917 1379 4971 Οἴδατε
1391 4916 1521 4986 γὰρ,
1554 4916 1707 4985 φησι,
1732 4916 1900 4980 τίνας
1927 4931 2074 4985 παρο

493 5013 779 5084 αγγελίας
848 5008 1155 5075 ἐδώκαμεν
1188 5005 1334 5075 ὑμῖν
1385 5004 1484 5057 διὰ
1523 5005 1631 5058 τοῦ
1658 5005 1882 5072 Κυρίου
1906 5002 2075 5072 ἡμῶν

507 5099 711 5168 Ἰησοῦ
742 5094 1023 5165 Χριστοῦ.
1088 5093 1269 5147 Τοῦτο
1300 5090 1410 5161 γάρ
1467 5091 1597 5143 ἐστι
1629 5089 1859 5158 θέλημα
1904 5090 2085 5157 Θεοῦ,,

494 5195 527 5245 ὀ
579 5186 875 5259 ἁγιασμὸς
927 5183 1115 5254 ὑμῶν.
1200 5181 1448 5236 Καὶιθέα
1506 5178 1623 5244 πῶς
1660 5180 1897 5251 οὐδαμοῦ
1948 5185 2077 5254 περὶ

494 5279 653 5333 ἄλλου
706 5276 849 5338 τινὸς
909 5272 1053 5326 οῦτω
1122 5270 1366 5342 σφοδρῶς
1417 5268 1715 5323 αἰνίττεται
1741 5307 1756 5330 ,
1809 5268 1884 5332 ὡς
1947 5271 2078 5343 περὶ

494 5364 725 5416 τούτου·
779 5359 1035 5429 καθάπερ
1098 5360 1192 5411 καὶ
1243 5356 1479 5427 ἀλλαχοῦ
1532 5355 1797 5426 γράφων,
1869 5358 2072 5428 φησίν·

497 5450 765 5519 Εἰρήνην
791 5448 1031 5501 διώκετε
1053 5446 1206 5516 μετά
1234 5445 1475 5499 πάντων
1502 5443 1602 5498 καὶ
1625 5444 1734 5498 τὸν
1758 5444 2073 5514 άγιασμὸν,

496 5534 567 5592 οὗ
604 5535 784 5606 χωρίς
815 5533 1014 5599 οὐδεὶς
1053 5534 1261 5601 ὄψεται
1300 5532 1410 5585 τὸν
1438 5532 1674 5599 Κύριον.
1733 5532 1845 5584 Καὶ
1874 5532 1928 5585 τί
1951 5533 2079 5585 θαυ-

501 5624 713 5696 μάζεις,
737 5625 784 5676 εἰ
796 5626 908 5685 τοῖς
929 5623 1194 5698 μαθηταῖς
1211 5620 1487 5691 πανταχοῦ
1507 5638 1572 5673 πε
1580 5622 1635 5691 ρλ.
1651 5621 1839 5675 τούτου
1856 5620 2076 5693 γράφει,

498 5715 631 5767 ὅπου
657 5729 720 5782 γε
748 5712 840 5765 καὶ
860 5711 1110 5782 Τιμοθέῳ
1137 5710 1363 5782 γράφων
1396 5709 1549 5777 ἔλεγε
1580 5727 1594 5740 ·
1636 5711 1872 5763 Σαυτὲν
1894 5710 2081 5780 ἁγνὸν

500 5803 696 5870 τήρει;
734 5802 843 5853 Καὶ
870 5802 926 5853 ἐν
945 5802 1011 5871 τῇ
1041 5800 1266 5871 δευτέρᾳ
1289 5799 1346 5852 δέ
1383 5799 1671 5869 Ἐπιστολῇ
1704 5802 1770 5868 τῇ
1803 5799 1935 5867 πρὸς
1972 5801 2080 5851 Κο-

503 5890 737 5961 ρινθίους
766 5888 994 5958 γράφων
1030 5886 1217 5959 ἔλεγεν
1241 5906 1254 5919 ·
1289 5888 1384 5939 Ἐν
1420 5886 1701 5957 ὑπομονῇ
1746 5884 1971 5953 πολλῇ,
2012 5888 2081 5939 ἐν

2173 788 2504 855 νηστείαις,
2564 791 2634 843 ἐν
2685 792 2985 860 ἁγνότητι.
3065 796 3173 847 Καὶ
3227 794 3493 865 πολλαχοῦ
3551 796 3618 850 ἀν
3672 814 3758 861 τις

2171 874 2320 948 εὖροι
2343 876 2631 939 τοῦτο,καὶ
2660 880 2717 931 ἐν
2738 881 2802 950 τῇ
2822 880 2958 951 πρὸς
2987 881 3289 951 Ῥωμαίους
3327 882 3635 954 Ἐπιστολῇ,
3662 888 3759 938 καὶ.

2169 963 2226 1016 ἐν
2256 963 2459 1029 πάσαις
2494 967 2615 1029 ταῖς
2657 968 2990 1032 ἐπιστολαῖς.
3040 970 3249 1033 Ὄντως
3284 970 3395 1043 γάρ
3438 974 3569 1025 πᾶσι
3597 972 3759 1029 τοῦτο

2168 1050 2490 1123 λυμαίνεται
2518 1053 2578 1108 τὸ
2600 1055 2769 1108 κακόν
2789 1071 2803 1086 ·
2833 1057 2925 1110 καὶ
2973 1057 3226 1129 καθάπερ
3277 1061 3457 1131 χοῖρος
3491 1059 3757 1131 βορϐόρου

2168 1138 2623 1211 πεπληρωμένος,
2669 1138 2731 1198 οὗ
2760 1143 2825 1197 ἂν
2872 1144 3120 1218 εἰσέλθῃ,
3160 1146 3426 1211 δυσωδίας
3461 1149 3758 1220 ἐνέπλησεν

2167 1222 2403 1292 ἅπαντα,
2449 1229 2671 1293 καὶτὰς
2699 1231 2982 1301 αἰσθήσεις
3024 1234 3310 1304 ἐπλήρωσε
3353 1237 3579 1307 κόπρου,
3615 1239 3759 1293 οὕτω

2168 1315 2264 1366 καὶ
2289 1316 2322 1385 ἡ
2347 1316 2600 1386 πορνεία·
2623 1318 2979 1373 δυσέκνιπτον
2998 1323 3109 1392 γάρ
3140 1323 3258 1375 ἐστι
3285 1322 3346 1374 :6
3370 1326 3562 1380 κακόν.
3589 1326 3759 1380 Ὅταν

2167 1400 2226 1452 δέ
2260 1420 2403 1465 τινες
2427 1406 2522 1456 καὶ
2558 1409 2825 1473 γυναῖκας
2852 1406 3065 1478 ἔχοντες
3090 1409 3251 1463 τοῦτο
3283 1413 3583 1481 πράττωσι,
3617 1414 3756 1486 πόση

2166 1487 2268 1557 τῆς
2305 1490 2536 1554 ἀτοπίας
2593 1494 2627 1562 ἡ
2673 1494 2982 1567 ὑπερϐολή;
3039 1495 3218 1551 Τοῦτο
3246 1499 3357 1567 γάρ
3396 1499 3545 1565 ἐστι,
3602 1503 3756 1571 φησὶ,

2169 1577 2398 1649 θέλημα
2419 1582 2566 1636 Θεοῦ
2600 1586 2634 1636 ό
2675 1586 2969 1654 ἁγιασμὸς
3016 1587 3203 1655 ὑμῶν,
3238 1588 3570 1658 ἀπέχεσθαι
3602 1591 3761 1658 ὑμᾶς

2167 1665 2287 1719 άπὸ
2337 1666 2539 1737 πάσης
2598 1675 2900 1740 πορνείας.
2972 1674 3150 1727 Πολλὰ
3206 1676 3315 1747 γὰρ
3345 1676 3459 1748 εἴδη
3512 1677 3759 1743 ἀταξίας,

2170 1753 2501 1826 πολύτροποι
2558 1759 2655 1812 καὶ
2702 1760 2948 1814 ποικίλαι
2996 1762 3097 1832 τῆς
3134 1763 3422 1831 ἀσελγείας
3464 1767 3517 1818 αἱ
3551 1765 3759 1835 ἡδοναὶ,

2168 1840 2234 1904 ἃς
2261 1843 2381 1897 οὐδέ
2410 1847 2584 1899 εἰπεῖν
2606 1848 2852 1903 ἀνεκτόν.
2892 1849 3075 1903 Εἰπὼν
3097 1851 3175 1916 δὲ,
3214 1852 3348 1906 Ἀπὸ
3373 1853 3578 1921 πάσης
3615 1871 3761 1923 πορ-

2168 1929 2356 1998 νείας,
2386 1934 2787 2004 καταλιμπάνει
2817 1938 2931 1998 τοῖς
2959 1938 3176 1991 εἰδόσιν.
3212 1938 3453 1992 Εὶδέναι
3478 1939 3589 1993 ἕνα
3619 1939 3762 1994 ἔκα-

2169 2036 2322 2075 στον
2353 2020 2524 2089 ὑμῶν
2550 2023 2616 2074 τὸ
2642 2022 2860 2077 ἑαυτοῦ
2885 2024 3108 2091 σκεῦος
3126 2026 3378 2081 κτᾶσθαι
3396 2029 3466 2080 ἐν
3486 2028 3761 2098 ἁγιασμῷ

2174 2107 2275 2160 καὶ
2298 2106 2457 2175 τιμῇ.
2498 2108 2596 2175 Μὴ
2618 2108 2688 2162 ἐν
2709 2110 2881 2164 πάθει
2910 2111 3247 2181 ἐπιθυμίας,
3277 2115 3544 2184 καθάπερ
3565 2117 3663 2170 καί
3688 2117 3763 2171 τὰ

2172 2194 2319 2262 ἔθνη
2350 2193 2424 2247 τὰ
2450 2194 2537 2263 μὴ
2565 2195 2764 2251 εἰδότα
2791 2198 2901 2251 τὸν
2923 2202 3089 2256 Θεόν.
3142 2201 3400 2267 Εἰδέναι,
3435 2205 3620 2275 φησὶν,
3652 2205 3763 2261 ἕνα

2172 2280 2435 2335 ἕκαστον
2466 2281 2636 2351 ὑμῶν
2678 2286 2746 2337 τὸ
2777 2285 2997 2340 ἑαυτοῦ
3042 2288 3268 2355 σκεῦος
3304 2291 3580 2347 κτᾶσθαι.
3620 2295 3764 2365 Ἀρα

2178 2368 2465 2441 μαθήσεώς
2519 2372 2636 2425 ἐστι
2689 2374 2751 2425 τὸ
2802 2375 3037 2446 πρᾶγμα
3079 2376 3174 2429 καὶ
3219 2379 3441 2450 πολλῆς,
3496 2380 3639 2435 ὥστε
3685 2384 3761 2453 μὴ

2174 2458 2539 2527 ἀσελγαίνειν.
2574 2459 2718 2528 Ἀρα
2770 2463 2932 2531 ἡμεῖς
2981 2464 3113 2517 αὐτὸ
3159 2465 3440 2534 κτώμεθα,
3463 2469 3593 2524 ὅταν
3626 2471 3763 2541 μένῃ

2175 2544 2419 2617 καθαρὸν
2450 2548 2546 2601 καὶ
2589 2546 2737 2600 ἐστιν
2766 2550 2824 2601 ἐν
2863 2550 3149 2621 ἁγιασμῷ·
3183 2553 3312 2606 ὅταν
3338 2554 3394 2607 δέ
3428 2555 3759 2628 ἀκάθαρτον,

2176 2633 2462 2705 ἁμαρτία·
2515 2634 2762 2699 εἰκότως.
2814 2637 2889 2689 Οὐ
2945 2637 3054 2711 γὰρ
3098 2639 3134 2693 ἃ
3189 2640 3490 2712 βουλόμεθα
3533 2646 3764 2716 πράττει

2176 2721 2386 2788 λοιπὸν,
2414 2720 2529 2775 ἀλλ’
2557 2722 2594 2775 ἂ
2626 2724 2811 2795 ἐκείνη
2839 2725 3140 2779 ἐπιτάττει·
3199 2727 3296 2797 Μὴ
3329 2730 3398 2782 ἐν
3436 2730 3611 2786 πάθει
3639 2732 3767 2786 ἐπιδ

2177 2811 2413 2880 θυμίας,
2453 2811 2640 2881 φησίν.
2712 2812 2976 2867 Ἐνταῦθα
3017 2814 3256 2869 δείκνυσι
3280 2819 3376 2871 καὶ
3402 2819 3495 2872 τὸν
3542 2820 3763 2890 τρόπον,

2179 2899 2302 2953 καθ’
2330 2899 2390 2952 ὃν
2416 2901 2521 2971 χρὴ
2553 2903 2878 2971 σωφρονεῖν,
2912 2901 3055 2957 ὥστε
3079 2904 3317 2976 τὰπάθη
3350 2906 3496 2981 [461]
3524 2908 3624 2978 τῆς
3643 2912 3766 2963 ἐπι-

2179 2986 2378 3058 θυμίας
2409 2989 2719 3045 ἐκκόπτειν.
2768 2991 2878 3043 Καὶ
2896 2990 3006 3062 γὰρ
3041 2992 3134 3045 καὶ
3160 2993 3361 3065 τρυφὴ,
3389 2996 3482 3048 καὶ
3515 2995 3765 3061 πλοῦτος,

2180 3078 2272 3130 καὶ
2292 3077 2553 3147 ῥᾳθυμία,
2579 3077 2675 3131 κα)⁹
2692 3078 2879 3148 ἀργία,
2904 3083 2999 3133 καί
3021 3081 3207 3153 σχολὴ,
3242 3084 3337 3135 καὶ
3360 3085 3576 3138 ἅπαντα
3594 3085 3768 3139 ταῦτα

2180 3165 2261 3226 εἰς
2284 3163 2578 3235 ἐπιθυμίαν
2624 3167 2772 3235 ἡμᾶς
2809 3166 2994 3234 ἐξάγει
3037 3168 3136 3238 τὴν
3192 3168 3412 3223 ἄτοπον.
3466 3173 3764 3243 Καθάπερ,

2181 3252 2339 3321 φησὶ,
2380 3252 2477 3304 καὶ
2509 3253 2581 3306 τὰ
2608 3253 2752 3320 ἔθνη
2780 3253 2851 3307 τὰ
2869 3254 2956 3323 μὴ
2974 3254 3175 3309 εἰδότα
3200 3257 3307 3310 τὸν
3336 3258 3503 3313 θεόν.
3540 3260 3768 3313 Ἐκεῖνοι

2184 3339 2295 3408 γὰρ
2355 3338 2587 3392 τοιοῦτοί
2649 3341 2822 3406 εἰσιν,
2871 3342 2921 3393 οἱ
2990 3342 3064 3413 μὴ
3120 3343 3527 3412 προσδοκῶντες
3575 3347 3768 3402 δώσειν

2181 3427 2359 3498 δίκην.
2422 3429 2491 3480 Τὸ
2516 3426 2603 3498 μὴ
2632 3430 3016 3495 ὑπερϐαίνειν
3048 3431 3149 3484 καί
3177 3434 3566 3488 πλεονεκτεῖν
3600 3437 3670 3490 ἐν
3688 3438 3769 3503 τῷ

2182 3514 2476 3585 πράγματι
2502 3516 2610 3569 τὸν
2631 3516 2917 3585 ἀδελφόν.

2253 3689 2520 3760 β’.Καλῶς
2548 3687 2690 3758 εἷπε,
2720 3695 2818 3763 Μὴ
2850 3698 3233 3766 ὑπερϐαίνειν
3253 3712 3267 3726 ⁸
3286 3700 3498 3774 καὶγὰρ
3510 3703 3724 3775 ἑκάστῳ
3739 3708 3769 3758 ὁ

2180 3778 2313 3842 Θεὸς
2358 3780 2623 3850 ἀπένειμε
2651 3788 2903 3852 γυναῖκα,
2933 3787 3029 3840 καὶ
3076 3788 3232 3859 ὄρους
3281 3788 3446 3861 ἔθηκε
3480 3795 3546 3863 τῇ
3584 3793 3766 3860 φύσει,

2180 3866 2278 3938 τὴν
2309 3867 2455 3936 μίξιν
2474 3870 2691 3942 ἐκείνην
2713 3872 2812 3944 τὴν
2866 3876 3003 3946 πρὸς
3053 3874 3151 3948 τὴν
3206 3878 3357 3947 μίαν.
3381 3880 3545 3935 Ὥστε
3574 3884 3608 3949 ἡ
3632 3883 3769 3953 πρὸς

2179 3956 2280 4023 τὴν
2318 3956 2511 4028 ἐτέραν
2542 3959 2856 4037 παράϐασίς
2888 3965 3003 4016 ἐστι
3058 3966 3154 4017 καὶ
3198 3965 3422 4037 λῃστεία
3445 3972 3538 4023 καὶ
3575 3971 3769 4024 πλεον-

2180 4044 2301 4131 εξία
2319 4061 2333 4075 ·
2372 4046 2571 4116 μᾶλλον
2590 4048 2648 4100 δέ
2676 4050 2858 4121 πάσης
2886 4051 3137 4123 λῃστείας
3157 4055 3529 4128 χαλεπωτέρα.
3563 4059 3637 4111 Οὐ
3656 4060 3767 4131 γάρ

2179 4130 2352 4197 οὕτως
2375 4134 2671 4206 ἀλγοῦμεν,
2710 4138 2822 4192 τῶν
2846 4142 3144 4212 χρημάτων
3176 4144 3306 4213 ἡμῖν
3324 4130 3765 4216 ἐκφορουμένιιιν,

2179 4220 2254 4285 ὼς
2287 4221 2383 4275 τοῦ
2409 4223 2590 4294 γάμου
2634 4225 3071 4299 διορυττομένου.
3133 4231 3387 4300 ’Λδελφὸν
3436 4233 3643 4299 καλεῖς,
3671 4242 3768 4289 καί⁸

2179 4307 2540 4376 πλεονεκτεῖς,
2569 4314 2663 4366 καὶ
2691 4315 2749 4366 ἐν
2774 4310 2855 4378 οἷς
2886 4318 2948 4369 οὐ
2978 4320 3122 4390 χρή;
3193 4319 3459 4375 Ἐνταῦθα
3484 4323 3611 4394 περὶ
3647 4342 3767 4395 μοι-

2179 4395 2332 4485 χείας
2363 4400 2528 4467 φησίν
2550 4415 2562 4428 ⁸
2586 4401 2846 4472 ἀνωτέρω
2874 4403 2931 4456 δέ
2952 4408 3047 4458 καὶ
3096 4408 3226 4478 περὶ
3254 4408 3513 4479 πορνείας
3561 4414 3762 4485 πάσης.

2193 4484 2410 4571 Ἐπειδὴ
2460 4488 2569 4557 γὰρ
2619 4487 2812 4556 ἔμελλε
2867 4489 3047 4559 λέγειν
3090 4494 3165 4563 μὴ
3219 4494 3570 4567 ὑπερϐαίνειν
3630 4502 3767 4571 μηδὲ

2178 4570 2520 4627 πλεονεκτεῖν
2539 4575 2632 4628 τὸν
2665 4578 2916 4648 ἀδελφὸν,
2950 4581 3236 4652 προλαϐὼν
3273 4589 3348 4655 μὴ
3381 4570 3639 4660 νομίσῃς,
3662 4570 3769 4661 φη·

2180 4660 2288 4723 σὶν,
2322 4662 2405 4714 6::
2432 4663 2526 4714 ἐπὶ
2574 4663 2682 4719 τῶν
2732 4667 2977 4737 ἀδελφῶν
3017 4670 3180 4739 μόνον
3234 4674 3409 4727 ταῦτά
3456 4693 3620 4748 φημι,
3651 4660 3767 4732 ἀλλ’

2178 4748 2301 4838 οὐδὲ
2326 4750 2443 4838 τὰς
2460 4751 2662 4823 ἐτέρων
2682 4758 2966 4822 γυναῖκας,
2990 4758 3111 4811 οὐδὲ
3133 4759 3232 4824 τὰς
3250 4760 3438 4827 ἁπλῶς
3470 4765 3767 4838 ἀνάνδρους

2181 4836 2276 4888 καὶ
2308 4837 2491 4902 κοινὰς
2514 4838 2659 4911 ἔχειν
2678 4844 2805 4913 χρή.
2851 4844 3038 4915 Πάσης
3060 4849 3315 4918 πορνείας
3338 4836 3648 4924 ἀπέχεσθαι
3662 4857 3761 4909 δεῖ·

2179 4924 2261 4978 διό
2294 4931 2622 4998 φησι,Διότι
2642 4933 2879 5002 ἔκδικος
2908 4938 2941 4990 ό
2966 4939 3181 5007 Κύριος
3223 4943 3359 5011 περὶ
3372 4944 3616 4999 πάντων
3630 4950 3766 5001 τού-

2181 5031 2319 5068 των.
2345 5017 2691 5105 Παρεκάλεσε
2719 5022 2953 5092 πρῶτον,
2981 5025 3267 5099 ἐνέτρεψεν
3288 5030 3476 5096 εἰπὼν,
3490 5035 3768 5105 Καθάπερ

2182 5106 2378 5159 καὶτὰ
2414 5108 2587 5175 ἔθνη·
2621 5103 2740 5162 εἶτα
2792 5111 2901 5165 ἀπὸ
2932 5113 3207 5186 λογισμῶν
3239 5119 3300 5170 :6
3323 5118 3527 5173 ἄτοπον
3572 5103 3763 5189 ἔδειξε.

2183 5193 2426 5248 Τοῦτοδέ
2460 5191 2528 5266 ἦν
2558 5197 2641 5263 τὸ,
2674 5201 3067 5257 Πλεονεκτεῐν
3086 5205 3195 5258 τὸν
3220 5206 3508 5275 ἀδελφόν.
3536 5210 3769 5279 Ἐπάγει

2183 5282 2367 5338 λοιπὸν
2391 5284 2453 5337 :6
2479 5287 2773 5354 κεφάλαιον
2796 5305 2809 5318 ·
2841 5289 2923 5343 διό
2952 5308 3136 5361 φησιν,
3172 5294 3443 5361 Ἔκδικος
3474 5299 3509 5349 ό
3552 5300 3768 5365 Κύριος

2184 5370 2318 5438 περί
2342 5370 2585 5427 πάντων
2605 5377 2853 5442 τούτων,
2882 5379 3078 5445 καθὼς
3108 5381 3208 5434 καί
3225 5383 3588 5453 προείπομεν
3623 5387 3768 5455 ὑμῖν

2184 5454 2283 5514 κάι
2324 5460 2850 5534 διεμαρτυράμεθα.
2910 5468 3045 5521 Οὐδέ
3079 5469 3187 5539 γὰρ
3235 5471 3546 5544 ἀτιμωρητὶ
3593 5454 3768 5531 ταῦτα

2185 5547 2484 5621 πράξομεν,
2514 5551 2635 5604 οὐδὲ
2657 5554 2926 5623 τοσαύτης
2961 5554 3342 5629 ἀπολαύσομεν
3376 5560 3588 5632 ἡδονῆς,
3636 5565 3770 5637 ὅσην

2185 5636 2603 5710 ὑποστησόμεθα
2642 5641 2883 5698 κόλασιν.
2938 5645 3021 5697 Οὐ
3066 5644 3176 5713 γὰρ
3210 5646 3505 5703 ἐκάλεσεν
3542 5652 3701 5722 ἡμᾶς
3724 5636 3769 5708 γὸ

2188 5724 2332 5792 Θεὸς
2345 5726 2444 5780 ἐπὶ
2457 5728 2809 5797 ἀκαθαρσία,
2832 5732 2972 5785 ἀλλ’
2993 5732 3063 5785 ἐν
3078 5733 3366 5805 ἁγιασμῷ.
3386 5739 3602 5810 Ἐπειδὴ
3624 5739 3767 5807 εἶπε,

2191 5812 2304 5893 Τὸν
2340 5814 2645 5893 ,ἁδείίςρὸνε
2680 5820 2772 5893 καί.
2820 5822 3123 5893 ἐπήγαγεν,
3181 5826 3261 5876 ὅτι
3314 5827 3498 5891 ὁθεὸς
3543 5830 3767 5890 ἐκδικεῖ,

2187 5883 2399 5948 δεικνὺς
2452 5883 2531 5939 ὅτι
2583 5889 2687 5943 κᾶν
2739 5883 2967 5955 ἄπιστος
3006 5883 3164 5948 τοῦτο
3215 5897 3382 5968 πάθῃ,
3446 5883 3768 5972 τιμωρίανό
