4114 6396
396 514 717 587 πεποιηκὼς
748 512 945 577 δώσει,
995 510 1167 576 οὕτως
1216 507 1390 565 εἶπεν.
1428 510 1495 562 '0
1531 509 1587 561 δὲ
1607 507 1777 577 λέγει,
1828 505 1983 560 τοῦτό

401 610 594 658 ἐστιν·
631 603 749 657 Οὐκ
805 602 1012 654 ἐκεῖνον
1072 599 1301 655 ἐκδικῶν
1353 597 1676 668 τιμωρεῖταί
1738 613 1821 659 σε,
1865 594 1982 647 ἀλλ’

398 690 591 763 ἐπειδὴ
631 692 711 754 είς
763 690 926 745 αὐτὸν
981 688 1245 760 ῦϐρισας·
1281 685 1445 749 αὐτός
1499 702 1559 738 σε
1606 684 1855 749 ἐκάλεσε,
1894 682 1986 736 τὸν

400 779 706 833 καλέσαντα
737 778 987 851 ὕϐρισας.
1028 776 1128 831 Διὰ
1153 776 1312 831 τοῦτο
1336 777 1585 846 ἐπήγαγε
1611 789 1624 802 ·
1667 771 1988 843 Τοιγαροῦν

373 848 435 948 ξύ
457 863 709 931 ἀθετῶν,
739 848 852 919 οὐκ
880 865 1194 931 ἄνθρωπον
1224 864 1442 929 ἀθετεῖ,
1489 862 1654 917 ἀλλά
1692 860 1801 914 τὸν
1840 858 1989 948 Θεὸν

398 968 508 1006 τον
534 951 719 1005 δόντα
758 950 827 1004 τὸ
866 951 1107 1017 Πνεῦμα
1132 952 1199 1005 τὸ
1232 951 1404 1020 ἅγιον
1447 950 1637 1005 αὐτοῦ
1681 951 1770 1016 είς
1807 946 1985 1017 ἡμᾶς.

402 1041 569 1093 Ὥστε
596 1037 702 1092 κᾶν
746 1039 845 1110 τὴν
890 1038 1133 1109 βασιλίδα
1161 1040 1505 1112 διαφθείρῃς,
1546 1039 1701 1110 φησὶ,
1746 1037 1850 1091 κᾶν
1891 1037 1990 1105 τὴν

400 1126 596 1198 δούλην
659 1124 760 1197 τὴν
821 1126 920 1198 σὴν
984 1127 1256 1198 ὖπανδρον
1316 1124 1519 1193 οὖσαν,
1550 1128 1738 1198 ὅμοιον
1792 1125 1855 1178 τὸ
1895 1122 1989 1191 ἐγ-

402 1216 614 1286 κλημα.
677 1214 777 1266 Διὰ
827 1214 916 1281 τί;
962 1215 1088 1268 Ὀτι
1148 1216 1211 1268 ού
1270 1215 1339 1269 τὰ
1382 1214 1717 1285 ἀδικούμενα
1783 1212 1995 1265 ὲκδικεῖ

404 1303 698 1373 πρόσωπα,
739 1301 853 1355 ἀλλ’
898 1303 1094 1356 ἑαυτόν
1118 1318 1132 1334 ο
1166 1304 1231 1357 σὺ
1265 1302 1376 1374 γὰρ
1416 1302 1621 1375 ὁμοίως
1666 1300 1990 1372 ὲμολύνθης,

403 1390 604 1461 ὁμοίως
665 1390 757 1444 τδν
806 1389 941 1444 Θεὸν
996 1389 1245 1461 ὕϐρισας.
1322 1390 1433 1444 Καὶ
1510 1390 1619 1460 γὰρ
1684 1389 1780 1443 καὶ
1835 1387 1994 1440 τοῦτο

405 1481 627 1533 κάκεῖνο
659 1479 894 1551 μοιχεία,
928 1480 1118 1552 ἐπειδὴ
1162 1480 1258 1533 καὶ
1306 1479 1467 1533 τοῦτο
1512 1480 1735 1533 κάκεῖνο
1782 1478 1988 1546 γάμος·

394 1566 512 1620 κᾶν
561 1565 638 1638 μὴ
692 1565 1004 1638 μοιχεύσῃς,
1045 1566 1349 1639 πορνεύσῃς
1389 1566 1468 1629 δὲ,
1522 1565 1699 1619 καίτοι
1752 1565 1851 1618 οὐκ
1879 1563 1992 1635 ἔχει

404 1652 577 1725 ἄνδρα
631 1656 665 1726 ἡ
704 1655 901 1726 πόρνη,
951 1654 1071 1708 ἀλλ’
1117 1656 1269 1726 ὅμως
1309 1657 1338 1708 6
1370 1654 1503 1718 Θεὸς
1543 1654 1770 1719 έκδικεῖ,
1806 1651 1993 1723 ἐπειδὴ

408 1741 599 1795 ἑαυτὸν
648 1742 872 1798 ἑκδικεῖ.
912 1743 987 1795 Οὐ
1026 1741 1136 1813 γὰρ
1179 1741 1352 1807 οὕτως
1391 1742 1600 1796 ἐκείνου
1637 1740 1995 1810 καταφρονῶν

407 1829 569 1883 τοῦτο
639 1833 848 1896 ποιεῖς,
904 1829 981 1894 ὡς
1029 1830 1125 1883 τοῦ
1154 1829 1292 1883 Θεοῦ
1322 1845 1338 1861 ’
1395 1829 1491 1884 καὶ
1552 1829 1712 1901 δῆλον
1759 1827 1991 1881 ἐκεῖθεν.

421 1919 661 1971 Ἐκεῖνον
701 1917 802 1988 μὲν
830 1918 939 1990 γὰρ
977 1918 1074 1972 καὶ
1109 1917 1388 1972 λανθάνων
1413 1920 1608 1983 ποιεῖς,
1649 1917 1741 1971 τὸν
1783 1916 1840 1969 δὲ
1862 1915 1995 1968 Θεὸν

408 2007 622 2078 ὁρῶντα
650 2007 712 2059 ού
745 2009 1038 2078 προσποιῇ.
1068 2006 1203 2060 Εἰπὲ
1234 2007 1344 2078 γάρ
1378 2024 1490 2078 μοι,
1540 2007 1595 2061 εῐ
1627 2023 1714 2069 τις
1741 2004 1996 2074 ἁλουργί-

406 2094 498 2158 δος
535 2092 789 2158 ἀξιωθεὶς
832 2094 984 2164 παρὰ
1031 2093 1126 2146 τοῦ
1164 2093 1448 2163 βασιλέως,
1481 2093 1631 2165 [462]
1664 2095 1759 2147 κα)⁸
1795 2092 1997 2163 μυρίας

409 2180 605 2251 ἑτέρας
646 2181 835 2251 τιμῆς,
878 2181 973 2233 καὶ
996 2179 1308 2244 κελευσθεὶς
1352 2182 1518 2247 ἀξίως
1556 2182 1656 2252 ζῇν
1681 2184 1781 2251 τῆς
1805 2180 1992 2249 τιμῆς,

408 2266 661 2321 ἀπελθών
710 2284 817 2321 τινι
869 2268 1247 2342 προσφθαρείη
1277 2271 1520 2337 γυναικὶ,
1571 2269 1692 2321 τίνα
1731 2268 1992 2338 ῦϐρισεν;

408 2355 649 2426 ἐκείνην,
678 2354 712 2423 ἢ
743 2354 835 2408 τὸν
867 2355 1093 2426 βασιλέα
1111 2355 1205 2408 τὸν
1232 2354 1502 2409 δεδωκότα
1528 2372 1542 2421 ;
1572 2355 1868 2427 ’Ὑϐρισται
1896 2355 1996 2425 μὲν

407 2442 662 2515 κάκείνη,
710 2441 826 2496 ἀλλ’
859 2444 958 2513 οὐχ
996 2442 1216 2513 ὁμοίως.
1274 2443 1391 2509 Διὸ,
1421 2441 1724 2514 παρακαλῶ
1748 2483 1763 2508 ,
1791 2442 1995 2512 φυλατ-

407 2529 633 2601 τώμεθα
651 2530 751 2601 τὴν
798 2531 1075 2601 ἁμαρτίαν
1117 2530 1345 2602 ταύτην.
1388 2531 1656 2600 Καθάπερ
1687 2529 1797 2601 γὰρ
1838 2532 1997 2600 ἡμεῖς

408 2618 510 2682 τὰς
546 2621 812 2688 γυναῖκας
850 2618 1173 2688 κολάζομεν,
1205 2618 1335 2672 ὅταν
1358 2619 1488 2688 ἡμῖν
1511 2617 1856 2672 συνοικοῦσαι
1886 2618 1998 2671 έτέ-

413 2722 526 2776 ροις
553 2705 756 2768 ὲαυτάς
782 2705 945 2759 δῶσιν
968 2723 982 2737 ·
1013 2705 1158 2759 οὕτω
1183 2706 1277 2760 καὶ
1303 2710 1468 2778 ἡμεῖς
1498 2705 1861 2777 κολαζόμεθα,
1893 2704 1998 2760 κᾶν

413 2793 491 2865 μὴ
530 2793 635 2847 ὑπὸ
661 2792 771 2846 τῶν
800 2793 982 2863 νόμων
1021 2792 1310 2863 Ῥωμαίων
1333 2804 1383 2859 α,
1412 2792 1530 2846 ἀλλ’
1571 2794 1676 2847 ὑπὸ
1700 2793 1795 2847 τοῦ
1835 2792 1989 2846 Θεοῦ.

410 2881 524 2935 Καὶ
538 2880 647 2951 γάρ
668 2882 941 2934 καὶτοῦτο
969 2882 1181 2951 μοιχεία
1219 2881 1357 2936 έστί.
1405 2881 1637 2951 Μοιχεία
1675 2881 1785 2951 γὰρ
1810 2880 1871 2933 ού
1903 2880 1998 2951 μό-

410 2984 504 3023 νον
555 2968 615 3022 τὸ
646 2968 820 3039 ἑτέρῳ
872 2968 1313 3040 συνεζευγμένην
1357 2970 1684 3040 μοιχᾶσθαι,
1723 2969 1860 3023 ἀλλά
1904 2970 1998 3022 καὶ

410 3055 474 3109 1:6
516 3056 800 3125 δεδεμένον
835 3055 999 3110 αὐτὸν
1060 3056 1302 3125 γυναικί.
1351 3057 1595 3129 Πρόσεχε
1656 3056 1906 3128 ἀκριϐῶς
1952 3050 1998 3124 ᾧ

412 3143 593 3212 λέγω·
627 3145 676 3197 εἰ
723 3144 832 3214 γὰρ
888 3145 983 3197 καὶ
1015 3142 1274 3213 φορτικὸν
1298 3143 1515 3207 πολλοῖς
1566 3144 1629 3197 τὸ
1679 3144 1994 3215 λεγόμενον,

412 3230 528 3284 ἀλλ’
553 3231 849 3300 ἀναγκαῖον
875 3230 1051 3283 εἰπεῖν
1073 3229 1212 3283 ὥστε
1234 3230 1633 3302 διορθώσασθαι
1658 3231 1754 3285 τοῦ
1784 3230 1995 3286 λοιποῦ.

414 3320 493 3371 Οὐ
521 3317 682 3372 τοῦτο
701 3318 760 3372 δὲ
789 3318 951 3389 μόνον
980 3319 1098 3372 ἐστὶ
1121 3320 1356 3390 μοιχεία,
1391 3319 1521 3372 ὅταν
1550 3320 1707 3391 ἀνδρὶ
1737 3320 1997 3384 συνεζευ-

413 3405 623 3476 γμένην
655 3406 1061 3477 διαφθείρωμεν
1085 3409 1343 3477 γυναῖκα,
1376 3407 1513 3462 ἀλλά
1545 3410 1650 3461 κάν
1685 3408 1887 3480 ἀφετὴν
1907 3410 1999 3462 καὶ

413 3494 736 3566 λελυμένην,
764 3496 920 3550 αὐτοὶ
945 3494 1220 3566 δεδεμένοι
1252 3499 1496 3565 γυναικὶ,
1525 3500 1740 3567 μοιχεία
1774 3498 1836 3550 τὸ
1859 3500 2000 3570 πρᾶ-

414 3583 536 3653 γμά
576 3584 713 3639 ἐστι.
759 3583 825 3637 Τί
862 3585 992 3657 γάρ,
1032 3587 1083 3637 εί
1124 3586 1158 3654 ἡ
1207 3586 1570 3656 μοιχευομένη
1633 3586 1696 3639 ού
1748 3584 1996 3652 δέδεται;

426 3670 592 3725 Ἀλλά
618 3673 681 3726 σὺ
715 3672 929 3726 δέδεσαι
952 3688 967 3703 ο
994 3673 1085 3725 τὸν
1119 3673 1283 3742 νόμον
1307 3671 1577 3743 παρέϐης,
1610 3672 1880 3743 ἠδίκησας
1900 3672 2000 3743 τὴν

417 3762 597 3831 σάρκα
637 3760 739 3831 τὴν
769 3761 889 3828 σήν.
927 3759 1028 3812 Διά
1073 3760 1126 3813 τί
1152 3762 1281 3832 γὰρ,
1318 3760 1441 3813 είπέ
1492 3777 1604 3832 μοι,
1630 3759 1730 3830 τὴν
1766 3761 2000 3828 γυναῖκα

416 3847 686 3913 κολάζεις,
710 3846 812 3899 κᾶν
828 3847 1100 3918 πορνευθῇ
1126 3846 1404 3917 λελυμένῳ
1425 3847 1581 3918 ἀνδρὶ
1600 3848 1694 3901 καὶ
1726 3847 1802 3918 μὴ
1824 3847 1999 3918 ἔχοντι

416 3937 686 4005 γυναῖκας
720 3936 843 3987 Ὅτι
867 3935 1081 4006 μοιχεία
1109 3935 1244 3989 ὲστί.
1308 3935 1500 3988 Καίτοι
1526 3936 1555 3988 ὁ
1582 3935 1884 4006 πορνεύσας
1905 3937 2001 3989 αύ-

413 4022 554 4093 τὴν,
592 4023 694 4076 οὐκ
740 4021 855 4093 ἔχει
898 4025 1169 4090 γυναῖκα,
1222 4022 1339 4075 ἀλλ’
1382 4022 1522 4092 αὐτὴ
1564 4022 1774 4076 δέδεται
1822 4023 1997 4094 ἀνδρί.

418 4109 630 4163 Οὔκοῦν
659 4110 757 4164 καὶ
782 4111 847 4163 σὺ
876 4108 1087 4162 δέδεσαι
1115 4108 1355 4178 γυναικί.
1397 4111 1559 4163 Ὥστε
1583 4110 1783 4182 ὁμοίως
1819 4114 1913 4165 καὶ
1942 4112 2002 4165 τὸ

419 4197 514 4253 σὺν
563 4197 776 4269 μοιχεία
822 4196 995 4251 ἐστίν.
1035 4197 1098 4250 '0
1138 4197 1461 4264 ἀπολύσας
1505 4196 1637 4268 γὰρ,
1670 4201 1826 4269 φησὶ,
1854 4212 2002 4268 παρ-

415 4286 593 4353 εκτὸς
625 4287 813 4357 λόγου
854 4286 1138 4354 πορνείας
1180 4284 1296 4354 τὴν
1327 4284 1591 4356 γυναῖκα
1618 4285 1827 4353 αὑτοῦ,
1848 4287 2009 4341 ποιεῖ

416 4374 614 4444 αὐτὴν
633 4373 1027 4445 μοιχευθῆναι
1053 4390 1068 4405 ·
1100 4372 1203 4428 καί
1231 4377 1265 4428 ὁ
1290 4372 1755 4443 ἀπολελυμένην
1777 4374 2000 4446 γαμῶν,

413 4456 719 4534 μοιχᾶται.
779 4463 844 4516 Εἰ
882 4463 912 4515 6
965 4460 1163 4532 γαμῶν
1199 4460 1619 4533 ἀπολελυμένην
1668 4464 1947 4533 μοιχᾶται,
1973 4465 2003 4516 6

420 4551 560 4623 μετά
585 4551 684 4622 τῆς
712 4549 909 4604 ἑαυτοῦ
944 4550 1221 4619 γυναικὸς,
1268 4551 1365 4604 καὶ
1403 4548 1580 4622 ταύτῃ
1633 4552 2002 4623 προσφθειρὸ-

420 4655 615 4709 μενος,
674 4638 736 4692 ού
782 4637 963 4708 πολλῷ
993 4637 1195 4707 μᾶλλον
1225 4636 1385 4691 τοῦτο
1436 4642 1610 4705 ποιεῖ;
1673 4639 1841 4692 Παντί
1897 4657 2001 4693 που

417 4727 598 4798 δῆλον.
660 4725 821 4779 ’ἁλλά
868 4726 1006 4796 πρὸς
1039 4725 1137 4797 μὲν
1187 4726 1333 4796 ὑμᾶς
1380 4724 1584 4789 ἱκανῶς
1619 4728 1746 4790 τοὺς
1804 4726 2002 4798 ἄνδρας

419 4817 638 4886 εῖρηται
673 4813 884 4867 *ταῦτα⁹
925 4814 1058 4884 περὶ
1086 4813 1194 4885 γὰρ
1232 4814 1340 4867 τῶν
1364 4812 1623 4866 τοιούτων
1659 4816 1798 4884 φησὶ
1827 4817 1924 4869 καὶ
1970 4816 2001 4867 6

417 4902 677 4974 Χριστὸς,
724 4900 786 4955 '0
842 4899 1091 4969 σκώληξ
1123 4899 1323 4954 αὐτῶν
1364 4903 1437 4955 οὐ
1483 4901 1858 4971 τελευτήσει,
1899 4904 1999 4957 καί

422 4994 486 5046 τὸ
532 4990 654 5060 πῦρ
716 4992 789 5046 οὐ
841 4988 1267 5056 σϐεσθήσεται.
1333 4990 1454 5043 Τῶν
1515 4990 1573 5044 δὲ
1629 4991 1765 5044 νέων
1814 4992 2001 5046 ἕνεκεν

420 5081 594 5133 είπεῖν
628 5079 925 5147 ἀναγκαῖον
967 5078 1103 5148 πρὸς
1134 5080 1298 5148 ὑμᾶς,
1335 5077 1533 5148 μαλλον
1567 5078 1626 5132 δὲ
1658 5079 1720 5132 ού
1749 5078 2003 5134 τοσοῦτον

419 5167 487 5222 δι’
512 5167 777 5232 ἐκείνους,
808 5167 934 5219 ὅσον
960 5165 1028 5218 δι’
1064 5166 1210 5235 ὑμᾶς
1235 5182 1249 5197 ο
1290 5166 1392 5219 ούκ
1434 5167 1667 5231 ἐκείνοις
1692 5167 1823 5240 γὰρ,
1862 5167 2002 5222 ἀλλά

420 5256 516 5310 καὶ
558 5256 686 5326 ύμῖν
711 5254 883 5308 ταῦτα
910 5254 1167 5326 ἁρμόδια,
1213 5256 1305 5307 καὶ
1329 5254 1468 5321 πῶς,
1492 5255 1593 5326 ἡδη
1620 5253 1758 5320 λέξω
1783 5272 1799 5287 ο
1840 5256 1898 5308 ὐ
1926 5257 2001 5329 μὴ

424 5344 611 5415 μαθὼν
668 5345 988 5414 πορνεύειν,
1044 5344 1165 5396 οὐδὲ
1239 5343 1509 5413 μοιχεύειν
1567 5344 1809 5398 εἴσεται·
1871 5347 1900 5398 6
1943 5347 2001 5400 δὲ

421 5433 649 5503 πόρναις
681 5433 999 5502 ὲγκαλινδού
1008 5451 1187 5505 μενος,
1218 5433 1311 5485 καὶ
1336 5434 1427 5484 ἐπὶ
1452 5432 1608 5486 τοῦτο
1633 5433 1842 5505 ταχέως
1859 5432 1997 5505 ἡξει·

421 5519 524 5574 κᾶν
556 5520 631 5592 μὴ
664 5521 979 5593 ύπάνδροις,
1010 5521 1147 5576 ἀλλά
1195 5520 1518 5590 λελυμέναις
1548 5521 2000 5593 συμφθαρήσεται

421 5610 656 5679 γυναιξί.
774 5610 777 5611 ⁷

487 5814 827 5877 'Legendum
882 5818 979 5877 τῶν
1038 5814 1306 5877 Ῥωμαίων.
1364 5814 1606 5865 (Σαιῐετυηι
1664 5827 1833 5863 vocem
1882 5812 2001 5864 Ῥω-

426 5877 581 5940 μαίων
599 5892 695 5928 non
716 5878 863 5928 habet
883 5876 1017 5930 Cotb.
1044 5876 1175 5925 Εωτ.

1102 396 1161 452 S.
1202 391 1492 453 JOANNIS
1527 388 2023 450 CHRYSOSTOMI
2060 388 2387 448 ARCHIEP.
2430 386 2983 447 CONSTANTINOP.

3558 389 3669 449 59.6

2163 506 2304 574 γ’.Τί
2328 501 2420 559 οὖν
2441 505 2695 578 παραινῶ
2716 505 2911 572 ;”Ωστε
2925 503 3020 567 τὰς
3044 503 3196 574 ῥίζας
3230 500 3536 573 ἐκτέμνειν,
3557 503 3674 557 ὅσοι

2094 594 2291 657 παῖδας
2335 593 2488 665 ἔχετε
2533 593 2710 659 νέους,
2741 594 2836 646 καὶ
2865 592 3002 663 πρὸς
3048 590 3143 643 τὸν
3172 590 3440 659 κοσμικόν
3474 590 3674 654 αὐτοὺς

2096 681 2210 751 βίον
2260 682 2488 751 ἀγαγεῖν
2537 680 2783 749 μέλλετε,
2828 678 3039 749 ταχέως
3092 676 3198 731 ὑπὸ
3237 675 3328 728 τὸν
3364 674 3459 728 τοῦ
3496 676 3675 745 γάμου

2096 769 2259 841 ζυγὸν
2281 768 2491 823 ἕλκετε.
2531 768 2749 838 Ἐπειδὴ
2782 768 2891 837 γὰρ
2915 765 2994 819 ἔτι
3027 763 3169 827 νέοις
3195 758 3347 818 οὖσιν
3381 764 3588 834 ἐνοχλεῖ
3607 763 3679 818 τὰ

2093 858 2202 913 τῶν
2231 856 2558 929 ἐπιθυμιῶν,
2578 855 2668 910 τὸν
2692 854 2791 926 μὲν
2820 852 2927 924 πρὸ
2944 854 3039 906 τοῦ
3064 852 3243 923 γάμου
3264 850 3457 921 χρόνον
3478 867 3677 920 1:090:-

2096 947 2327 1012 νέσεσιν,
2360 944 2634 1008 ἀπειλαῖς,
2669 942 2873 1013 φόϐοις,
2910 940 3286 1009 ἐπαγγελίαις,
3316 939 3529 1010 μυρίοις
3563 938 3680 992 ἐτέδ

2100 1050 2214 1107 ροις
2245 1034 2443 1097 αὐτοὺς
2483 1031 2740 1102 κατέχετε
2760 1044 2775 1062 ο
2807 1029 2948 1085 κατά
2972 1028 3031 1082 δὲ
3076 1027 3169 1082 τὸν
3215 1027 3310 1080 τοῦ
3335 1026 3514 1097 γάμου
3552 1043 3680 1078 καιο

2100 1123 2219 1196 ρὸν,
2256 1122 2448 1193 μηδεὶς
2487 1119 2875 1175 ἀναϐαλλεσθω
2903 1119 3037 1189 (ἰδοὺ
3086 1115 3464 1188 νυμφευτρίας
3510 1115 3678 1184 φθέγέ

2097 1230 2267 1285 γομαι
2324 1210 2569 1284 ῥήματα)
2612 1209 2877 1281 ἁρμόζειν
2929 1208 3059 1277 ύμῖν
3101 1206 3231 1271 τοὺς
3279 1204 3498 1267 παῖδας.
3536 1202 3679 1257 Ἀλλ’

2097 1302 2199 1357 οὐκ
2232 1299 2560 1371 αἰσχύνομαι
2606 1299 2781 1353 ταῦτα
2815 1296 3018 1367 λέγων’
3067 1294 3254 1365 ἐπειδὴ
3292 1293 3425 1365 μηδὲ
3470 1290 3679 1355 Παῦλος

2098 1390 2339 1462 ᾐσχύνθη
2367 1389 2562 1459 λέγων,
2590 1388 2687 1456 Μὴ
2713 1386 3098 1455 ἀποστερεῖτε
3127 1384 3464 1450 ἀλλήλους,
3499 1381 3528 1435 δ
3556 1381 3681 1434 τού-

2098 1496 2193 1532 του
2225 1478 2374 1531 δοκεῖ
2398 1476 2885 1548 αίσχυντηρότερον
2929 1470 3066 1526 εἶναι
3086 1485 3101 1501 ·
3135 1470 3253 1524 ἀλλ’
3283 1470 3384 1523 ούκ
3412 1466 3675 1539 ᾐσχύνθη.

2100 1568 2174 1620 Ού
2222 1568 2331 1635 γὰρ
2377 1567 2491 1629 τοῖς
2548 1566 2757 1637 ῥήμασι
2797 1564 3106 1634 προσεῖχεν,
3147 1558 3284 1616 ἀλλά
3331 1558 3444 1621 τοῖς
3498 1556 3681 1627 ἔργοις

2098 1657 2212 1719 τοῖς
2248 1653 2357 1709 ἀπὸ
2386 1653 2495 1707 τῶν
2532 1652 2792 1725 ῥημάτων
2821 1647 3295 1720 κατορθουμένοις.

2172 1829 2341 1882 Ὅταν
2355 1822 2448 1881 οῦν
2467 1823 2621 1899 [465]
2643 1827 2671 1880 6
2694 1825 2825 1889 παῖς
2843 1822 3072 1894 αὐξηθῇ,
3097 1822 3207 1895 πρὸ
3243 1819 3549 1892 στρατείας,
3575 1818 3682 1888 πρὸ

2099 1916 2193 1971 τοῦ
2223 1916 2337 1987 βίου
2364 1915 2459 1969 τοῦ
2484 1914 2664 1979 ἄλλου,
2685 1914 2755 1967 τά
2780 1913 2907 1984 περὶ
2934 1911 3027 1965 τοῦ
3055 1911 3236 1982 γάμου
3265 1907 3536 1981 φρόντιζε.
3565 1906 3681 1960 Κᾶν

2100 2007 2308 2069 ἐκεῖνος
2344 2003 2431 2078 ῐδῃ
2474 2003 2556 2057 ὅτι
2584 2002 2796 2073 ταχέως
2831 1999 2982 2070 αύτῷ
3008 1999 3109 2070 τὴν
3145 1998 3365 2068 νύμφην
3382 1998 3557 2063 ἄγεις,
3588 1995 3682 2047 καὶ

2099 2096 2182 2149 δτι
2217 2093 2423 2165 βραχὺς
2453 2094 2482 2146 6
2513 2091 2705 2160 καιρὸς
2733 2089 2762 2142 6
2794 2090 2851 2143 ἐν
2884 2088 3055 2159 μέσῳ,
3083 2087 3370 2157 δυνήσεται
3393 2085 3679 2153 διακαρτε-

2105 2184 2269 2256 ρῆσαι
2301 2182 2402 2253 τὴν
2427 2180 2604 2251 φλόγα
2621 2195 2636 2210 ·
2661 2177 2727 2232 ἂν
2756 2177 2813 2231 δὲ
2842 2178 3069 2247 έννοὴσῃ
3095 2176 3178 2229 ὅτι
3205 2174 3466 2245 ῥᾳθυμεῖς
3490 2172 3554 2224 σὺ
3584 2170 3680 2224 καὶ

2103 2270 2387 2343 βραδύνεις
2415 2270 2511 2323 καὶ
2533 2265 2872 2339 περιμένεις,
2927 2264 3050 2318 τότε
3097 2263 3391 2334 προσόδους
3420 2260 3681 2331 κτήσεται

2102 2358 2323 2421 πολλὰς,
2365 2358 2460 2410 καὶ
2510 2356 2629 2409 τότε
2659 2351 2808 2422 αύτῷ
2843 2354 2972 2416 τοὺς
3000 2352 3214 2422 γάμους
3247 2349 3516 2420 ποιήσεις,
3545 2348 3683 2400 ἀπο·

2101 2447 2263 2517 γνοὺς
2298 2445 2437 2516 πρὸς
2459 2443 2559 2497 τὺι)
2600 2442 2813 2513 μακρὸν
2826 2439 2921 2494 τοῦ
2946 2439 3141 2510 χρόνου
3165 2438 3378 2507 ταχέως
3408 2434 3683 2504 ὀλισθήσει

2103 2533 2241 2607 πρὸς
2289 2532 2567 2604 πορνείαν.
2608 2530 2748 2583 Ἀλλ’
2777 2529 2927 2601 οἴμοι
2959 2529 2972 2582 ί
3005 2529 3039 2599 ἡ
3080 2527 3205 2597 ῥίζα
3229 2526 3339 2579 τῶν
3370 2523 3554 2580 κακῶν
3590 2522 3683 2575 κσίι

2101 2621 2338 2676 ἐνταῦθα
2391 2622 2425 2690 ἡ
2476 2617 2832 2689 φιλαργυρία.
2876 2616 3096 2686 Ἐπειδὴ
3145 2614 3256 2686 γάρ
3312 2611 3489 2666 οὐδενὶ
3532 2609 3681 2681 μέλει

2104 2710 2220 2773 πῶς
2263 2702 2517 2779 σώφρων,
2550 2707 2668 2769 πῶς
2715 2704 2965 2776 ἐπιεικὴς
3015 2704 3044 2756 6
3091 2706 3221 2766 παῖς
3266 2701 3512 2770 γένηται,
3546 2697 3683 2752 ἀλλά

2106 2799 2382 2868 μεμήνασι
2431 2794 2569 2866 πρὸς
2615 2794 2707 2847 τὸν
2742 2792 2943 2863 χρυσὸν
2986 2790 3245 2854 ἅπαντες,
3277 2790 3467 2841 τούτου
3500 2786 3684 2839 ἕνεκεν

2102 2886 2277 2948 οὐδεὶς
2313 2884 2514 2954 ταύτην
2550 2884 2785 2935 ποιεῖται
2829 2880 2927 2951 τὴν
2959 2878 3218 2949 σπουδήν.
3245 2875 3338 2928 Διὸ
3382 2871 3687 2945 παρακαλῶ

2103 2973 2322 3045 πρῶτον
2352 2971 2531 3026 αὐτῶν
2562 2970 2663 3033 τάς
2696 2970 2874 3040 ψυχὰς
2916 2967 3223 3039 ῥυθμίζειν.
3263 2966 3362 3018 “Av
3394 2962 3504 3034 γὰρ
3544 2963 3685 3031 ἁγνῇ

2101 3066 2169 3133 τῇ
2200 3061 2384 3132 νύμφῃ
2415 3057 2709 3131 προσέλθῃ,
2740 3055 2806 3111 ἂν
2848 3054 3065 3125 ἐκείνης
3093 3054 3255 3125 μόνον
3285 3053 3369 3123 ἴδῃ
3402 3053 3463 3104 τὸ
3503 3049 3680 3119 σῶμα,

2104 3152 2201 3205 καὶ
2245 3152 2273 3203 6
2320 3148 2481 3211 πόθος
2527 3146 2681 3199 ἔσται
2718 3143 2966 3215 σφοδρὸς,
2996 3142 3092 3197 καὶ
3122 3144 3153 3195 6
3196 3141 3291 3196 τοῦ
3338 3138 3472 3194 Θεοῦ
3521 3138 3682 3209 φόϐος

2106 3239 2328 3311 μείζων,
2361 3235 2457 3289 καὶ
2514 3234 2694 3305 τίμιος
2747 3234 2776 3286 6
2843 3231 3021 3303 γάμος
3082 3231 3271 3294 ὅντως,
3323 3228 3539 3299 καθαρά
3590 3227 3685 3279 καὶ

2104 3326 2342 3398 ἀμίαντα
2378 3322 2605 3394 σώματα
2649 3320 2962 3391 δεχόμενος,
2994 3318 3093 3372 καὶ
3122 3319 3192 3373 τά
3223 3317 3522 3386 τικτόμενα
3548 3314 3680 3367 πολ-

2103 3414 2201 3487 λῆς
2231 3412 2482 3482 εὐλογίας
2524 3410 2677 3464 ἔσται
2709 3408 2904 3481 μεστὰ,
2938 3408 3035 3461 καὶ
3081 3405 3333 3479 ἀλληλοις
3366 3404 3615 3469 εἴξουσιν,
3654 3402 3687 3454 ὃ

2103 3520 2164 3556 τε
2212 3500 2445 3573 νυμφίος
2489 3499 2585 3553 καὶ
2630 3499 2666 3569 ἡ
2708 3496 2925 3567 νύμφη·
2957 3494 3164 3566 ἑτέρων
3196 3494 3306 3565 γὰρ
3337 3493 3485 3563 ἡθῶν
3531 3491 3685 3553 ὄντες

2106 3589 2362 3662 ἑκάτεροι
2394 3588 2634 3659 ἄπειροι,
2656 3585 2905 3657 ἀλλήλοις
2928 3583 3383 3653 ύποταγὴσονται.
3403 3579 3584 3632 Νεώτε
3594 3594 3685 3650 ρος

2106 3679 2164 3732 δὲ
2190 3678 2490 3749 ἀρχόμενος
2516 3675 2876 3743 ἀσελγαίνειν,
2898 3672 2993 3726 καὶ
3013 3670 3287 3742 πορνικῶν
3320 3668 3469 3738 ⁴ἡθῶν
3490 3668 3685 3736 πεῖραν

2106 3765 2308 3827 λαϐὼν,
2334 3765 2499 3837 μέχρι
2535 3764 2633 3833 μὲν
2661 3762 2760 3833 τῆς
2793 3760 3016 3832 πρώτης
3045 3758 3281 3829 ἑσπέρας
3312 3757 3409 3811 καὶ
3432 3756 3531 3825 τῆς
3558 3755 3683 3808 δευο

2105 3855 2271 3925 τέρας
2296 3853 2641 3906 ἐπαινέσεται
2667 3851 2768 3920 τὴν
2790 3847 2955 3902 αὑτοῦ
2985 3849 3222 3916 γυναῖκα
3244 3860 3258 3874 '
3283 3846 3422 3916 μετὰ
3438 3845 3492 3897 δὲ
3507 3843 3689 3896 ταῦτα

2106 3943 2317 4014 ταχέως
2339 3943 2475 4009 πρὸς
2500 3941 2717 4005 ἐκείνην
2738 3936 3072 4006 ὲξολισθήσει
3106 3935 3204 4005 τὴν
3249 3934 3561 4001 ἀσέλγειαν,
3590 3932 3686 3984 τὸν

2107 4032 2474 4102 ἐκκεχυμένον
2507 4031 2601 4083 καὶ
2636 4030 2871 4083 ἄτακτον
2908 4026 3141 4095 γέλωτα,
3174 4024 3351 4094 ζητῶν
3379 4024 3448 4076 τὰ
3488 4022 3689 4092 πολλῆς

2107 4119 2485 4189 ἀνελευθερίας
2534 4117 2771 4186 γέμοντα
2822 4114 3066 4185 ῥήματα,
3098 4115 3167 4165 τὰ
3191 4112 3445 4181 σχήματα
3468 4109 3539 4161 τά
3565 4109 3688 4162 δια-

2107 4206 2597 4279 κεκλασμένα,τὴν
2616 4205 2782 4275 ἀλλην
2810 4200 3195 4273 ἀσχημοσύνην
3222 4203 3424 4264 πᾶσαν,
3450 4200 3517 4269 ἢν
3540 4199 3689 4269 ἡμᾶς

2106 4298 2210 4350 οὐκ
2247 4295 2474 4351 ἀνεκτὸν
2512 4295 2709 4346 εἰπεῖν.
2745 4290 2930 4344 Ταῦτα
2962 4290 3018 4343 δὲ
3052 4291 3085 4359 ἡ
3118 4289 3378 4360 ἐλευθέρα
3428 4287 3691 4358 παρέχειν

2106 4386 2209 4439 οὐκ
2261 4382 2536 4453 ἀνέχεται,
2594 4380 2715 4434 οὐδὲ
2766 4377 3239 4450 καταρρυπαίνειν
3287 4377 3507 4445 ἑαυτήν.
3566 4375 3692 4427 Ἐπὶ

2107 4471 2364 4543 κοινωνίᾳ
2396 4471 2506 4541 γάρ
2556 4468 2673 4539 βίου
2723 4470 2818 4522 καὶ
2859 4464 3172 4536 παιδοποιίᾳ
3222 4461 3581 4534 κατηγγυήθη
3608 4460 3693 4531 τῷ

2106 4559 2280 4631 ἀνδρὶ,
2304 4559 2405 4612 οὐκ
2427 4558 2521 4611 ἐπὶ
2548 4556 2904 4627 ἀσχημοσύνῃ
2937 4556 3031 4608 καὶ
3066 4554 3262 4622 γέλωτι
3283 4570 3297 4584 ’
3326 4553 3413 4605 ἵνα
3441 4554 3687 4622 οἰκουρῇ,

2109 4648 2197 4701 ἵνα
2243 4644 2476 4718 παιδεύῃ
2527 4645 2777 4698 κάκεῖνον
2831 4639 2974 4696 εἶναι
3030 4641 3248 4712 σεμνὸν,
3282 4641 3382 4710 οὐχ
3417 4642 3505 4692 ἵνα
3539 4639 3693 4708 αὐτῷ

2106 4731 2510 4803 ὑπεκκαύματα
2536 4728 3063 4804 παρέχῃλπορνείας.
3107 4728 3247 4781 Ἀλλ’
3273 4727 3407 4797 ἡδέα
3437 4744 3519 4781 σοι
3559 4726 3689 4794 φαί-

2106 4838 2258 4875 νεται
2290 4821 2360 4875 τὰ
2388 4821 2487 4890 τῆς
2515 4820 2722 4893 πόρνης
2751 4822 3037 4889 σχήματας
3068 4814 3198 4872 Οἶδα
3232 4816 3416 4885 κάγώ·
3452 4816 3545 4870 καί¹
3575 4816 3690 4888 γὰρ

2106 4912 2140 4980 ἡ
2173 4909 2365 4981 Γραφὴ
2386 4908 2544 4961 τοῦτό
2577 4925 2745 4977 φησι·
2776 4898 2930 4961 Μέξλι
2951 4906 3274 4966 ἀποστάζει
3296 4906 3415 4959 ἀπὸ
3438 4904 3693 4973 χειλέων

2106 4999 2397 5068 γυναικὸς
2446 4999 2696 5065 πόρνης.
2747 4997 2847 5050 Διά
2901 4996 3012 5067 γάρ
3065 4995 3226 5048 τοῦτο
3283 4995 3455 5048 ταῦτα
3511 4995 3694 5047 πάντα

2107 5086 2268 5151 ποιῶ,
2309 5085 2450 5139 ὥστε
2503 5085 2579 5156 μὴ
2605 5084 2698 5138 τοῦ
2740 5085 2956 5155 μέλιτος
2988 5082 3198 5137 ἐκείνου
3239 5085 3437 5152 πεῖραν
3466 5082 3693 5135 λαϐεῖν·

2108 5176 2189 5238 εἰς
2236 5174 2347 5245 γὰρ
2398 5173 2562 5243 χολὴν
2603 5172 2807 5236 εὐθέως
2871 5171 3153 5243 τρέπεται.
3200 5171 3312 5225 Καὶ
3345 5169 3505 5223 τοῦτο
3556 5170 3696 5223 αὺτό

2108 5280 2241 5334 φησι
2268 5263 2361 5316 καὶ
2390 5264 2423 5334 ἡ
2454 5263 2643 5332 Γραφή
2666 5277 2679 5290 ·
2696 5262 2855 5327 ’Ἠτις
2883 5263 3033 5329 πρὸς
3054 5260 3263 5328 καιρὸν
3278 5260 3542 5313 λιπαίνει
3570 5259 3697 5310 σὸν

2106 5351 2412 5421 φάρυγγα,
2483 5350 2741 5417 ὕστερον
2797 5347 3005 5417 μέντοι
3071 5348 3423 5415 πικρότερον
3500 5346 3695 5416 χολῆς

2106 5438 2404 5508 εὑρήσεις,
2437 5437 2535 5492 καί
2584 5434 2961 5506 ἠκονημένον
2992 5434 3235 5507 μᾶλλον
3276 5436 3577 5506 μαχαίρας
3607 5434 3699 5487 δι-

2106 5528 2353 5596 στόμου.

2172 5754 2198 5791 b
2220 5752 2438 5820 Qolbert.
2463 5767 2590 5820 tinus
2610 5756 2886 5820 περιμένεις.
2914 5754 3035 5820 Τότε
3053 5755 3284 5817 ἀπογνοὺς
3302 5755 3420 5820 πρὸς
3439 5755 3705 5820 16,0th-

2108 5814 2177 5861 sis
2244 5814 2569 5879 interpositis.
2610 5814 3078 5868 Vt'i‘dubitandum
3133 5814 3302 5869 a'utem
3340 5814 3466 5878 'quiu
3513 5819 3699 5879 legere

2110 5880 2338 5935 oporteat
2383 5878 2472 5934 ἕως
2493 5879 2612 5928 πότι
2639 5879 2917 5943 προσόδους.
2949 5879 3087 5931 Enn.
