4114 6396
422 326 527 382 425

421 455 614 494 sumus.
640 436 822 506 Neque
842 435 983 491 enim
1015 436 1227 506 impune
1256 437 1367 491 hate
1389 453 1627 506 agemus,
1652 452 1825 506 neque
1849 447 1991 490 tanta

422 532 658 583 fruemur
693 529 965 598 voluptate
1007 537 1260 599 quantum
1304 529 1598 584 subibimus
1651 530 1991 599 supplicium.

420 622 476 673 7.
508 617 631 674 Non
659 621 793 673 enim
822 621 1013 674 vocavit
1045 637 1135 674 nos
1168 620 1301 674 Deus
1321 621 1376 674 in
1402 620 1793 686 immunditiam,
1824 621 1914 674 sed
1940 621 1994 673 in

420 713 890 781 sanctiﬁcationem.
926 713 1186 779 Quoniam
1214 714 1444 779 dixerat,
1478 713 1739 778 Fratrem,
1778 724 1832 769 et
1863 714 1994 769 sub-

415 805 666 874 junxcrat
683 807 847 860 Deum
868 822 987 861 esse
1005 807 1288 871 vindicem,
1307 807 1598 863 ostendens
1619 807 1757 876 quod
1785 807 1992 862 etiamsi

421 899 523 951 hoc
545 913 731 965 passus
761 900 917 952 tuerit
944 899 1191 963 inﬁdelis,
1221 913 1406 967 pinnas
1447 898 1594 953 dabit
1640 897 1686 952 is
1731 897 1818 967 qui
1848 897 1993 960 fecit,

423 992 493 1046 ita
521 990 655 1046 dixit
682 1008 694 1043 :
719 989 833 1044 Non
861 991 1006 1044 illum
1037 990 1312 1044 vindicans
1344 999 1396 1044 te
1420 990 1592 1059 punit,
1623 987 1717 1042 sed
1747 987 1995 1057 quoniam

425 1082 596 1152 ipsum
650 1083 974 1136 contumelia
1025 1079 1284 1134 aﬁ'ecisti:
1313 1081 1426 1148 ipse
1475 1089 1525 1133 te
1577 1078 1830 1133 vocavit:
1873 1092 1994 1130 eum

424 1177 512 1244 qui
589 1185 639 1230 te
708 1177 917 1229 vocavit
994 1174 1216 1229 aﬁ‘ecisti
1292 1172 1635 1227 contumelia.
1709 1171 1996 1239 Propterea

423 1267 693 1335 Snbjunxit
726 1284 738 1321 :
785 1266 838 1320 8.
882 1264 1060 1332 Itaque
1099 1265 1186 1333 qui
1217 1267 1324 1317 ltwc
1360 1262 1572 1333 spernit,
1609 1279 1709 1315 non
1749 1261 1999 1313 [continent

423 1361 633 1426 spernit,
680 1358 767 1413 sed
813 1358 990 1423 Deum,
1037 1358 1122 1427 qui
1158 1358 1312 1411 etiam
1361 1357 1498 1410 dedit
1545 1356 1806 1424 Spiritunt
1850 1370 2000 1407 suum

424 1462 650 1504 sanctum
696 1457 749 1504 t‘n
775 1451 938 1505 nobis.
966 1450 1324 1518 Quamobrem
1351 1465 1446 1504 seu
1479 1449 1715 1515 reginam
1740 1461 2000 1515 corrupe-

423 1543 516 1607 ris,
574 1559 670 1599 seu
721 1544 970 1598 ancillam
1015 1553 1157 1598 tuam
1201 1559 1322 1614 quze
1364 1543 1481 1598 viro
1527 1543 1728 1611 nupsit,
1775 1556 1870 1610 par
1919 1548 2004 1594 est

423 1635 649 1689 crimen.
687 1635 899 1700 Quare?
938 1635 1200 1701 Quoniam
1230 1651 1334 1689 non
1367 1649 1621 1704 personas
1662 1649 1779 1702 quae
1811 1631 2003 1700 injuria

425 1726 730 1782 afﬁciuntur
761 1727 1055 1793 ulciscitur,
1081 1727 1175 1781 sed
1203 1728 1438 1796 seipsum
1461 1744 1476 1780 :
1506 1735 1561 1779 tu
1589 1725 1728 1778 enim
1755 1723 2004 1778 similiter

425 1833 484 1871 es
538 1818 806 1887 pollutus;
867 1818 1033 1871 Deum
1087 1818 1335 1872 similiter
1382 1816 1605 1871 atl‘ecisti
1657 1813 1998 1870 contumelia.

424 1909 556 1964 Nam
601 1920 654 1964 et
695 1910 796 1964 hoc
824 1920 876 1965 et
905 1909 1030 1964 illud
1057 1920 1139 1965 est
1168 1910 1510 1974 adulterium,
1542 1911 1663 1977 quia
1705 1917 1760 1962 et
1805 1907 1906 1963 hoc
1950 1916 2005 1961 et

427 2002 554 2056 illud
584 2012 666 2056 est
700 2002 1119 2058 matrimonium.
1148 2004 1372 2056 Etiamsi
1413 2017 1518 2056 non
1557 2000 1872 2055 adulterium
1911 1998 2004 2053 ad-

426 2097 654 2161 miseris,
708 2095 802 2149 sed
859 2096 936 2150 sis
979 2105 1262 2157 scortatus,
1325 2094 1535 2149 etiamsi
1594 2093 1842 2148 maritum
1898 2107 2003 2146 non

428 2185 620 2240 habeat
674 2187 956 2251 meretrix,
1017 2186 1155 2242 Deus
1200 2197 1375 2240 tamen
1429 2185 1694 2248 vindicat,
1750 2183 2002 2254 quoniam

428 2278 660 2346 seipsum
699 2277 974 2332 vindicat:
1008 2293 1112 2332 non
1149 2278 1290 2332 enim
1322 2288 1426 2330 tam
1455 2277 1603 2330 illum
1633 2291 1792 2346 quam
1836 2275 2004 2331 Deum

427 2369 730 2436 despiciens
766 2370 868 2424 hoc
908 2368 1058 2423 facis.
1094 2368 1342 2424 ldautem
1372 2369 1496 2423 hinc
1530 2368 1704 2437 palam
1732 2376 1834 2429 est.
1864 2368 2005 2437 quod

431 2462 576 2515 illum
617 2461 828 2530 quidem
867 2461 1036 2516 latens
1064 2462 1214 2528 facis,
1249 2463 1414 2517 Deum
1444 2473 1622 2517 autem
1668 2477 1773 2517 non
1824 2461 2008 2516 videre

429 2567 539 2620 pra-3
570 2562 619 2606 te
648 2551 777 2606 fers.
818 2551 1064 2618 Nam,dic
1089 2552 1240 2618 mihi,
1270 2552 1313 2606 si
1342 2553 1459 2621 quis
1489 2569 1720 2623 purpura
1750 2553 1818 2607 ab
1839 2552 2008 2621 Impe-

431 2658 607 2700 ratore
638 2646 904 2714 dignatus,
938 2655 991 2700 et
1014 2646 1118 2699 alio
1145 2645 1348 2700 honore
1376 2645 1624 2714 plurimo,
1654 2655 1708 2700 et
1730 2645 1911 2714 jussus
1932 2645 2008 2699 vi-

430 2752 556 2791 vere
572 2753 668 2807 pro
687 2738 907 2793 honoris
931 2738 1209 2808 dignitate,
1229 2738 1486 2793 recedens
1512 2739 1742 2808 aliquam
1771 2739 2010 2792 vitiasset

432 2831 707 2884 mulierem
730 2873 744 2895 ,
774 2846 1057 2899 quemnam
1085 2830 1351 2885 affecisset
1379 2831 1742 2886 contumelia?
1773 2830 2009 2897 illamne,

431 2937 500 2974 an
549 2923 924 2991 Imperatorem
967 2923 1055 2992 qui
1091 2921 1272 2977 dedit?
1315 2920 1649 2977 Contumelia
1685 2921 1900 2991 quidem
1933 2922 2012 2974 al-

433 3016 572 3071 iecta
619 3027 701 3069 est
741 3024 795 3070 et
853 3015 963 3079 illa,
1011 3015 1106 3070 sed
1155 3031 1258 3069 non
1309 3015 1579 3070 similiter.
1624 3016 2006 3083 Quamobrem,

433 3122 585 3176 rogo,
607 3122 888 3160 caveamus
910 3107 1014 3160 hoc
1041 3117 1338 3176 peccatum.
1361 3107 1510 3162 Sicut
1529 3107 1671 3161 enim
1692 3121 1790 3161 nos
1813 3121 2012 3161 uxores

435 3198 704 3267 ponimus,
745 3197 956 3266 quando
994 3197 1270 3252 nobiscum
1305 3197 1604 3253 habitantes
1648 3198 1852 3268 seipsas
1894 3197 2014 3252 aliis

437 3288 717 3342 dederint:
751 3289 820 3341 ita
861 3303 958 3341 nos
988 3303 1198 3358 quoque
1238 3289 1505 3358 punimur,
1539 3290 1583 3342 si
1611 3304 1716 3342 non
1743 3304 1770 3340 a
1805 3288 2010 3357 legibus

441 3379 918 3451 [Romanorum],
963 3396 993 3434 a
1035 3382 1144 3436 Deo
1185 3381 1398 3451 quidem
1440 3392 1608 3436 certe.
1651 3382 1865 3437 Etenim
1913 3382 2016 3438 hoc

440 3487 650 3541 quoque
684 3481 769 3526 est
814 3473 1155 3527 adulterium.
1191 3473 1527 3529 Adulterium
1571 3483 1654 3528 est
1698 3475 1863 3539 enim,
1908 3489 2015 3527 non

441 3564 612 3617 solum
639 3563 684 3618 si
716 3564 831 3617 viro
859 3564 1142 3634 conjuncta
1181 3568 1499 3632 tntechetur,
1538 3566 1631 3621 sed
1660 3567 1820 3620 etiam
1853 3568 1896 3621 si
1931 3568 2018 3622 ille

439 3658 685 3727 alligatus
706 3659 773 3712 sit
791 3656 968 3712 uxori.
989 3657 1186 3712 Exacle
1215 3657 1429 3711 attende
1453 3658 1593 3727 quod
1622 3659 1742 3712 dico
1767 3675 1781 3713 :
1809 3659 2018 3714 etiarnsi

442 3749 582 3820 quod
625 3750 819 3805 dicitur
860 3749 1042 3803 multis
1070 3750 1142 3804 sit
1175 3764 1335 3819 grave
1361 3763 1424 3803 ac
1459 3749 1765 3815 molestum,
1799 3765 2019 3806 necesse

443 3853 527 3899 est
571 3853 747 3898 tamen
792 3842 992 3909 dicere,
1042 3851 1102 3897 ut
1147 3841 1202 3895 in
1249 3850 1518 3910 posterum
1557 3842 1862 3912 corrigaris.
1903 3842 2020 3899 Non

443 3937 617 3991 solum
643 3946 726 3992 est
750 3936 1094 4000 adulterium,
1127 3934 1342 4005 quando
1370 3934 1484 3988 viro
1514 3934 1856 4004 conjunctam
1897 3951 2020 3990 cor-

445 4029 740 4097 rumpimus
777 4027 1074 4092 mulierem,
1122 4025 1216 4081 sed
1258 4033 1312 4079 et
1356 4026 1402 4080 si
1448 4025 1668 4080 liberam
1704 4037 1759 4080 et
1791 4026 2021 4082 solutam

445 4120 546 4187 ipsi
575 4119 772 4188 alligati
803 4119 974 4185 uxori,
1004 4133 1066 4172 ea
1096 4133 1182 4172 res
1211 4126 1295 4172 est
1323 4117 1666 4172 adulterium.
1695 4117 1833 4185 Quid
1854 4119 2018 4185 enim,

446 4209 492 4263 si
513 4225 632 4278 quae
648 4209 944 4264 moechatur
960 4224 1066 4261 non
1087 4216 1169 4263 est
1195 4207 1448 4277 alligata?
1478 4209 1550 4261 At
1577 4216 1635 4261 tu
1663 4223 1722 4263 es
1747 4208 2018 4278 alligatus,

447 4303 619 4372 legem
649 4316 709 4356 es
733 4310 1114 4371 transgressus,
1139 4300 1330 4370 injuria
1360 4299 1586 4355 aﬁ‘ecisti
1612 4315 1828 4355 carnem
1852 4309 2018 4355 tuam.

448 4392 582 4448 Nam
620 4407 736 4460 cur,
781 4391 868 4447 dic
910 4391 1060 4458 mihi,
1093 4406 1314 4447 uxorem
1337 4393 1513 4462 punis,
1544 4393 1588 4446 si
1611 4401 1841 4448 scortata
1869 4392 2027 4448 fuerit

447 4501 569 4540 cum
613 4486 829 4541 homine
858 4485 1047 4551 libero,
1076 4500 1177 4540 nec
1207 4484 1440 4541 habente
1474 4488 1733 4541 uxorem?
1761 4485 2022 4554 Quoniam

449 4588 534 4634 est
556 4579 892 4634 adulterium.
925 4578 1083 4648 Atqui
1113 4578 1204 4648 qui
1233 4593 1356 4632 cum
1384 4592 1447 4633 ea
1467 4586 1552 4633 est
1582 4587 1869 4642 scortatus,
1917 4593 2022 4633 non

450 4670 612 4724 habet
657 4685 912 4733 uxorem;
959 4668 1056 4724 sed
1099 4669 1212 4738 ipsa
1250 4668 1366 4724 viro
1399 4677 1484 4723 est
1525 4669 1759 4740 alligata.
1789 4670 1928 4740 Ergo
1969 4677 2027 4722 tu

449 4776 662 4832 quoque
703 4761 947 4830 alligatus
971 4775 1032 4816 es
1063 4760 1235 4814 uxori.
1265 4760 1622 4828 Quamobrem
1663 4771 1717 4816 et
1746 4761 1887 4832 quod
1913 4777 1942 4816 a
1975 4772 2027 4819 te

451 4855 529 4915 tit,
554 4861 636 4907 est
658 4851 903 4906 similiter
932 4850 1273 4906 adulterium.
1300 4851 1403 4917 Qui
1431 4850 1642 4916 dimisit,
1673 4852 1865 4922 inquit,
1893 4870 2026 4908 uxo-

447 4960 556 4999 rent
592 4959 737 4996 suam
772 4950 1108 5012 praeterquam
1142 4941 1496 5012 fornicationis
1535 4957 1711 5008 causa,
1755 4945 1877 5013 facit
1915 4961 2028 4999 eam

450 5033 723 5097 max/tari;
752 5043 799 5086 et
827 5032 911 5102 qui
934 5032 1194 5086 dimissam
1220 5032 1378 5098 ducit,
1411 5032 1687 5087 mcecltatur
1713 5031 1926 5102 (Matth.
1970 5037 2023 5090 5.

449 5124 566 5194 '52).
604 5124 659 5181 Si
691 5124 736 5178 is
774 5123 862 5194 qui
903 5122 1178 5178 dimissam
1216 5122 1363 5178 ducit
1403 5138 1647 5190 uxorem,
1688 5123 2026 5182 moechatur:

449 5219 538 5286 qui
568 5228 652 5274 est
676 5233 796 5272 cum
836 5231 932 5272 sua
976 5231 1163 5282 uxore,
1209 5217 1253 5271 si
1303 5217 1449 5272 illam
1495 5219 1807 5289 corrumpit,
1846 5234 2026 5274 annon

452 5309 621 5364 multo
650 5309 819 5379 magis
855 5307 1198 5365 mtechatur?
1224 5307 1407 5364 Cuivis
1435 5319 1579 5366 certe
1601 5309 1770 5379 palam
1791 5321 1892 5365 est.
1920 5310 2026 5366 Sed

451 5402 606 5457 vobis
633 5401 846 5471 quidem
877 5401 1008 5457 viris
1035 5401 1150 5458 haec
1181 5402 1311 5458 satis
1336 5402 1477 5458 dicta
1499 5411 1692 5457 sunto:
1719 5418 1841 5457 nam
1871 5403 1938 5458 de
1960 5403 2026 5459 iis

452 5492 542 5561 qtti
589 5501 714 5548 sunt
755 5491 1060 5563 hujusmodi
1105 5492 1353 5548 Christus
1394 5507 1606 5563 quoque
1643 5493 1792 5558 dicit,
1834 5493 2026 5550 Vermis

453 5599 628 5638 eorum
652 5601 754 5639 non
787 5586 1046 5649 morietur,
1076 5594 1123 5639 et
1156 5585 1286 5655 ignis
1321 5602 1422 5639 non
1457 5587 1800 5655 exstinguetur
1829 5585 2021 5659 (Marc.

455 5677 510 5731 9.
547 5675 659 5749 44).
704 5677 928 5748 Pr0pter
953 5677 1176 5748 juvenes
1213 5687 1392 5733 autem
1421 5677 1573 5734 vobis
1598 5679 1777 5737 dicere
1816 5689 1899 5734 est
1927 5696 2026 5735 ne-

455 5783 638 5838 cesse;
687 5771 793 5826 imo
843 5785 948 5827 non
994 5779 1201 5827 tantum
1263 5778 1481 5842 propter
1547 5771 1689 5840 illos,
1762 5782 2020 5844 quantum

1235 322 1299 376 IN
1339 322 1549 377 EPIST.
1594 323 1632 377 1.
1676 325 1766 380 AD
1802 326 2134 384 THESSAL.
2173 325 2327 381 CAP.
2371 322 2455 376 IV.
2500 322 2729 377 HOMIL.
2775 323 2838 378 V.

3574 337 3678 392 426

2102 448 2319 506 propter
2357 452 2454 491 vos
2488 455 2500 492 :
2532 453 2637 492 non
2679 439 2784 494 illis
2824 442 2988 506 enim,
3037 442 3132 497 sed
3176 443 3326 500 vobis
3356 448 3453 502 ista
3482 465 3678 506 conve-

2101 529 2284 593 niunt;
2316 539 2370 583 et
2389 530 2679 599 quomodo,
2703 532 2812 600 jam
2839 531 3034 588 dicam.
3059 533 3158 602 Qui
3181 551 3288 591 non
3307 538 3494 595 didicit
3523 557 3675 598 scor-

2102 624 2223 687 tari,
2250 639 2318 677 ne
2338 624 2657 679 adulterium
2687 625 2902 695 quidem
2929 628 3063 681 sciet
3089 628 3406 698 admittere;
3438 635 3526 703 qui
3555 649 3678 690 cum

2105 715 2476 770 meretricibus
2492 716 2760 772 volutatus
2780 729 2882 781 est,
2901 719 2968 773 ad
2988 719 3089 774 hoc
3109 735 3321 790 quoque
3338 724 3445 779 cito
3463 728 3676 794 veniet;

2099 805 2306 859 etiamsi
2335 822 2438 860 non
2464 822 2585 862 cum
2609 809 2722 863 viro
2752 810 3071 878 conjunctis,
3096 811 3190 867 sed
3211 827 3332 868 cum
3354 815 3542 871 solutis
3565 829 3678 875 stu-

2101 896 2182 965 pri
2205 896 2422 952 habebit
2440 899 2900 955 consuetudinem.

2170 989 2224 1043 3.
2265 988 2403 1055 Quid
2459 1005 2588 1060 ergo
2646 991 2887 1047 suadeo?
2932 992 3003 1049 Ut
3059 994 3266 1051 radices
3318 999 3676 1067 exscindatis,

2101 1080 2421 1150 quicumque
2460 1081 2597 1137 ﬁlios
2638 1083 2844 1138 habetis
2873 1085 3132 1153 juvenes,
3173 1098 3227 1143 et
3255 1089 3322 1145 ad
3359 1094 3681 1150 mundanam

2100 1170 2262 1224 vitam
2288 1185 2384 1225 eos
2407 1169 2633 1227 educitis
2652 1214 2667 1238 ,
2710 1174 2818 1228 cito
2841 1189 2935 1229 eos
2954 1176 3159 1246 jungite
3178 1177 3308 1249 jugo
3335 1183 3681 1242 matrimonii.

2103 1260 2234 1316 Nam
2261 1263 2474 1333 quando
2503 1264 2679 1319 adhuc
2711 1265 2894 1335 juveni
2922 1268 3218 1324 molestiam
3245 1270 3500 1328 exhibent
3542 1275 3683 1331 desi-

2104 1352 2286 1418 deria,
2314 1369 2379 1407 eo
2427 1354 2640 1423 quidem
2682 1365 2923 1424 tempore
2951 1359 3089 1426 quod
3123 1361 3373 1428 praecedit
3419 1367 3685 1421 matrimo-

2106 1442 2274 1510 nium,
2307 1444 2424 1498 illos
2445 1446 2719 1500 continete
2746 1446 3197 1504 admonitionibus
3218 1491 3235 1516 ,
3266 1452 3445 1520 minis,
3477 1457 3686 1512 terrori-

2106 1534 2230 1600 bus,
2262 1535 2559 1605 promissis,
2583 1545 2639 1592 et
2661 1539 2780 1593 aliis
2811 1539 3291 1599 innumerabilibus
3320 1561 3334 1598 :
3363 1545 3416 1600 in
3446 1555 3686 1619 tempore

2106 1634 2282 1679 autem
2307 1628 2630 1682 matrimonii
2659 1645 2818 1684 nemo
2846 1630 3058 1686 differat
3087 1636 3105 1703 (
3137 1649 3260 1690 ecce
3297 1635 3486 1707 loquor
3525 1642 3685 1696 verba

2107 1717 2363 1786 pronubas
2387 1719 2406 1788 )
2432 1719 2570 1773 ﬁlios
2598 1721 2918 1791 conjungere
2948 1733 3002 1778 et
3020 1726 3296 1790 copulare.
3324 1727 3429 1784 Sed
3463 1746 3549 1786 me
3578 1748 3686 1788 non

2107 1808 2272 1878 pudet
2295 1809 2411 1864 haec
2440 1811 2662 1867 dicere:
2694 1829 2814 1868 nam
2845 1829 2944 1870 nec
2983 1816 3169 1886 puduit
3216 1818 3438 1876 Paulum
3484 1822 3683 1888 dicere,

2113 1899 2196 1954 Ne
2223 1901 2468 1970 fraudatis
2491 1919 2578 1957 vos
2620 1904 2831 1958 invicem
2858 1907 2876 1976 (
2899 1907 2953 1960 1.
2979 1907 3097 1961 Cor.
3127 1909 3178 1962 7.
3210 1910 3288 1979 5),
3317 1913 3456 1980 quod
3483 1913 3688 1971 videtur

2109 1992 2368 2060 majorem
2411 2009 2568 2062 quam
2597 1997 2701 2050 hoc
2729 1995 2921 2051 aﬁ'erre
2950 1998 3206 2067 pudorem
3234 2017 3248 2065 ;
3295 2003 3388 2056 sed
3432 2019 3552 2057 eum
3581 2021 3686 2060 non

2110 2082 2318 2152 puduit.
2347 2082 2462 2138 Non
2516 2085 2656 2138 enim
2701 2088 2859 2141 verba
2911 2089 3175 2156 attendit,
3200 2090 3295 2145 sed
3337 2108 3422 2147 res
3451 2103 3503 2148 et
3552 2095 3707 2151 facta.

2113 2191 2233 2246 qua!
2262 2190 2291 2229 a
2322 2177 2498 2231 verbis
2527 2179 2954 2246 proﬁciscuntur.

2177 2269 2396 2324 Juvenes
2433 2271 2531 2324 cito
2571 2273 2824 2326 connubio
2852 2275 3123 2344 jungendi.
3146 2277 3371 2333 —Cum
3399 2295 3706 2352 ergopuer:

2107 2361 2371 2426 creverit,
2399 2371 2684 2431 antequam
2731 2375 2969 2418 sectetur
2996 2366 3239 2422 militiam
3267 2379 3320 2424 et
3347 2371 3528 2426 nilum.
3547 2374 3710 2428 aliudn

2109 2457 2231 2511 vita;
2275 2471 2444 2526 genus
2467 2498 2481 2520 ,
2529 2457 2598 2512 de
2630 2457 2746 2527 ejus
2772 2460 3113 2514 matrimonio
3137 2476 3322 2519 curam
3367 2481 3514 2534 gere.
3548 2467 3615 2521 Et
3641 2469 3707 2522 si.

2110 2546 2200 2602 ille
2246 2547 2438 2603 viderit
2465 2547 2609 2619 quod
2655 2564 2907 2619 sponsam
2956 2551 3062 2606 cito
3091 2553 3158 2606 ad
3186 2570 3309 2608 eum
3349 2557 3569 2612 adducis
3591 2600 3604 2622 ,
3637 2568 3692 2615 et

2109 2638 2251 2708 quod
2280 2638 2441 2694 breve
2485 2651 2695 2709 tempus
2725 2641 3059 2708 intercedat,
3087 2644 3296 2701 fortiter
3325 2650 3522 2716 poterit
3549 2650 3688 2707 ferre

2111 2729 2378 2784 ﬂammam
2411 2747 2426 2783 :
2459 2732 2541 2784 sin
2566 2741 2742 2786 autem
2773 2734 2827 2787 in
2857 2745 3094 2789 mentem
3122 2737 3171 2790 ei
3201 2741 3410 2795 venerit
3444 2744 3585 2812 quod
3616 2746 3692 2802 sis

2110 2837 2295 2877 socors
2360 2831 2416 2878 et
2476 2825 2783 2895 negligens,
2852 2829 3226 2900 cuncterisque
3274 2841 3330 2886 et
3388 2847 3686 2905 exspectes,

2112 2914 2284 2970 donec
2311 2931 2532 2986 magnos
2562 2918 2824 2985 possideat
2849 2933 3140 2989 proventus
3165 2964 3180 2989 ,
3209 2935 3267 2979 ut
3297 2935 3423 2982 tunc
3453 2929 3501 2983 ei
3531 2945 3687 2998 pares

2114 3009 2323 3077 nuptias
2344 3047 2360 3073 ,
2400 3008 2468 3063 ob
2495 3010 2749 3078 temporis
2785 3009 3167 3081 longitudinem
3198 3017 3432 3072 animum
3458 3018 3691 3089 despon-

2112 3098 2284 3166 dens,
2310 3100 2420 3153 cito
2459 3099 2667 3154 labetur
2702 3099 2769 3154 ad
2814 3104 3216 3160 scortationem.
3264 3107 3370 3162 Sed
3413 3108 3499 3164 hei
3529 3110 3690 3165 mihi!

2115 3191 2264 3246 radix
2305 3193 2567 3246 malorum
2608 3200 2690 3247 est
2742 3192 2829 3248 hic
2855 3211 3068 3266 quoque
3110 3199 3350 3254 avaritia.
3379 3201 3511 3256 Nam
3559 3218 3696 3273 quo-

2118 3282 2260 3337 niam
2302 3283 2433 3338 nulli
2481 3291 2564 3339 est
2611 3298 2755 3338 curre
2805 3288 3076 3355 quomodo
3118 3298 3420 3359 temperans
3473 3302 3529 3348 et
3571 3310 3691 3350 mo-

2117 3372 2300 3428 destus
2344 3372 2436 3428 ﬁat
2486 3375 2662 3438 ﬁlius,
2713 3375 2808 3429 sed
2854 3385 3101 3432 tenentur
3134 3393 3321 3434 omnes
3365 3381 3552 3437 insano
3581 3390 3697 3441 auri

2119 3481 2333 3531 amore,
2368 3465 2469 3520 hac
2505 3466 2572 3521 de
2599 3481 2760 3522 causa
2789 3467 2913 3522 huic
2954 3470 3030 3523 rei
3062 3485 3219 3525 nemo
3250 3473 3448 3527 studet.
3497 3476 3697 3543 Quam-

2121 3557 2304 3612 obrem
2334 3572 2465 3629 rogo
2495 3559 2724 3627 primum
2752 3600 2768 3624 ,
2800 3568 2859 3614 ut
2888 3575 3073 3614 eorum
3102 3561 3310 3617 animos
3338 3569 3696 3636 componatis.

2120 3649 2176 3705 Si
2228 3650 2370 3705 enim
2420 3651 2488 3706 ad
2538 3660 2740 3706 castam
2793 3667 3044 3722 sponsam
3098 3656 3428 3723 accesserit,
3482 3659 3528 3714 si
3559 3661 3702 3718 illius

2121 3743 2298 3799 solum
2325 3758 2521 3813 corpus
2550 3743 2775 3813 viderit,
2805 3754 2860 3801 et
2883 3745 3175 3802 vehemens
3202 3748 3306 3803 erit
3329 3748 3656 3808 desiderium
3682 3796 3698 3821 ,

2123 3847 2177 3892 et
2226 3835 2397 3906 major
2441 3837 2537 3892 Dei
2566 3846 2743 3892 metus
2772 3855 2787 3892 :
2816 3846 2871 3893 et
2900 3853 3027 3892 vere
3071 3837 3385 3898 honorabile
3422 3847 3701 3901 matrimo-

2124 3928 2307 3994 nium,
2353 3927 2547 3982 munda
2577 3936 2633 3983 et
2677 3928 2949 3998 impolluta
2997 3943 3223 4001 corpora
3267 3935 3610 4005 suscipiens;
3644 3947 3702 3993 et

2125 4035 2244 4090 quae
2292 4030 2579 4076 nascentur
2637 4028 2794 4075 erunt
2848 4021 3005 4091 plena
3056 4024 3224 4079 multa
3271 4026 3646 4084 benedictione
3686 4047 3702 4093 ;

2125 4121 2182 4170 et
2204 4115 2341 4169 alter
2376 4113 2532 4169 alteri
2558 4113 2754 4170 cedent
2787 4129 3018 4185 sponsus
3058 4127 3113 4171 et
3146 4132 3383 4187 sponsa:
3413 4135 3534 4175 nam
3583 4137 3702 4176 cum

2127 4220 2336 4261 morum
2368 4206 2662 4262 alienorum
2695 4207 2905 4276 utrique
2934 4207 3042 4261 sint
3065 4209 3325 4278 imperiti,
3357 4212 3707 4282 subjicientur

2127 4297 2263 4353 alter
2307 4297 2486 4352 alteri.
2532 4296 2720 4351 Iunior
2757 4308 2933 4352 autem
2978 4299 3238 4368 incipiens
3279 4300 3525 4360 lascivire
3567 4315 3619 4360 et
3648 4321 3708 4362 se

2129 4387 2326 4442 dedere
2370 4386 2616 4453 libidini,
2663 4396 2718 4442 et
2746 4402 2954 4442 morum
2981 4389 3406 4446 meretriciorum
3437 4395 3710 4465 accipiens

2127 4479 2513 4549 experientiam
2538 4520 2553 4545 ,
2586 4493 2752 4548 usque
2775 4478 2841 4533 ad
2871 4480 3094 4549 primam
3122 4491 3177 4536 et
3202 4484 3489 4540 secundam
3517 4502 3709 4559 vespe-

2128 4587 2244 4627 ram
2271 4570 2508 4625 laudabit
2533 4585 2684 4626 suam
2714 4585 2973 4638 uxorem;
3018 4584 3203 4643 postea
3232 4585 3409 4630 autem
3443 4578 3550 4632 cito
3573 4578 3711 4634 dila-

2130 4665 2288 4720 betur
2328 4663 2396 4718 ad
2441 4663 2584 4718 illam
2630 4663 2934 4729 lasciviam,
2984 4665 3052 4719 ad
3078 4666 3243 4720 risum
3271 4666 3498 4722 eﬁ'usum
3527 4678 3583 4724 et
3609 4671 3710 4726 im-

2131 4759 2428 4814 modestum
2453 4798 2471 4826 ,
2499 4773 2743 4828 quaerens
2770 4758 2928 4813 verba
2955 4758 3119 4812 multa
3149 4759 3506 4818 illiberalitate
3533 4763 3708 4831 plena,

2130 4851 2324 4908 molles
2370 4860 2426 4906 et
2472 4851 2670 4905 fractos
2709 4857 2928 4919 gestus,
2960 4860 3015 4905 et
3054 4865 3270 4905 omnem
3298 4853 3456 4908 aliam
3484 4856 3712 4924 turpitu-

2130 4943 2342 5007 dinem,
2373 4955 2532 5011 quam
2567 4948 2626 4994 ut
2660 4938 2901 4995 dicamus
2925 4981 2940 5007 ,
2973 4941 3192 4997 minime
3227 4951 3309 4996 est
3353 4945 3706 5002 tolerandum.

2133 5035 2362 5104 Ingentia
2388 5042 2564 5087 autem
2612 5046 2718 5086 non
2749 5031 2976 5086 sustinet
3029 5031 3146 5086 hzcc
3198 5032 3490 5100 exhibere,
3533 5052 3708 5107 neque

2131 5141 2191 5182 se
2238 5127 2405 5196 ipsam
2456 5126 2753 5195 inquinare.
2811 5122 2888 5179 Ad
2937 5123 3059 5176 vitae
3105 5123 3247 5178 enim
3299 5126 3610 5181 societatem
3655 5137 3712 5183 et

2132 5219 2424 5273 liberorum
2448 5217 2869 5286 procreationem
2900 5215 3012 5270 viro
3036 5213 3135 5268 l‘uit
3157 5215 3421 5285 desponsa
3446 5257 3462 5282 ,
3510 5233 3616 5271 non
3644 5218 3713 5274 ad

2133 5309 2514 5378 turpitudinem
2537 5317 2591 5364 et
2617 5309 2817 5362 risum:
2851 5316 2909 5361 ut
2931 5307 3147 5362 domum
3178 5309 3463 5374 custodiat,
3488 5318 3544 5363 ιιι
3563 5310 3710 5366 illum

2132 5418 2344 5474 quoque
2370 5402 2579 5458 erudiat
2602 5417 2724 5456 esse
2755 5401 3071 5463 honestum,
3103 5416 3210 5455 non
3239 5411 3296 5454 ut
3325 5401 3426 5470 ipsi
3458 5402 3711 5458 exhibeat

2132 5496 2364 5551 fomenta
2407 5494 2765 5550 scortatiouis.
2821 5495 2890 5547 At
2929 5492 3146 5562 jucundi
3181 5492 3272 5545 tibi
3318 5493 3564 5548 videntur
3615 5510 3710 5565 ge-

2131 5599 2245 5641 stus
2263 5585 2570 5642 meretricii.
2589 5585 2745 5641 Scio:
2771 5600 2891 5638 nam
2913 5584 3011 5637 hoc
3033 5598 3242 5653 quoque
3259 5583 3388 5638 dicit
3403 5583 3676 5655 Scriptura
3699 5603 3711 5641 :

2134 5677 2241 5733 Mel
2267 5678 2479 5733 distiltat
2501 5677 2699 5732 alabiis
2723 5676 2998 5730 meretricis
3024 5674 3215 5747 (Prov.
3249 5676 3303 5731 5.
3337 5674 3429 5745 5).
3463 5675 3713 5745 Propter-

2137 5788 2199 5830 ea
2229 5771 2371 5828 cnim
2419 5772 2531 5828 hanc
2577 5770 2753 5828 omnia
2797 5769 2970 5838 iacio,
3020 5783 3088 5825 ne
3133 5767 3272 5824 illius
3315 5768 3490 5824 mellis
3538 5769 3718 5840 capias
