4114 6396
438 5636 451 5687 l

386 415 485 469 ιεπ

389 530 774 602 experientiam
805 544 818 580 :
852 526 905 580 in
953 523 1024 577 fel
1069 520 1211 575 enim
1257 516 1435 570 statim
1481 510 1726 566 vertitur.
1762 506 1833 560 Et
1873 503 1974 558 hoc

390 641 603 698 quoque
631 622 760 677 dicit
788 617 1063 686 Scriptura
1093 630 1106 665 :
1139 610 1265 677 Qua:
1300 607 1366 659 ad
1394 614 1588 673 tempus
1622 608 1762 652 tuum
1803 602 1978 666 guttur

391 720 718 790 impingunt;
764 719 938 780 postea
993 714 1157 758 autem
1202 697 1320 769 felle
1369 694 1594 749 amarius
1631 687 1884 751 invenies,
1932 692 1977 734 et

322 886 323 889 η
392 782 605 879 ancipiti
633 804 803 877 gladio
830 799 993 870 magis
1018 804 1219 850 acutum
1246 790 1264 857 (
1288 789 1445 842 Prov.
1475 786 1508 840 5
1558 784 1593 837 4
1616 782 1657 851 ).

464 870 806 973 Chrysostomi
828 892 993 947 cautio
1008 932 1023 956 ,
1046 904 1159 943 cum
1177 887 1239 939 de
1258 881 1406 937 rebus
1426 875 1698 945 impudicis
1722 870 1974 943 loquitur.

393 1026 467 1039 —-—
502 961 642 1062 Quid
669 987 842 1045 dicis?
872 984 1032 1041 Ferte
1066 993 1153 1034 me
1178 972 1376 1045 aliquid
1408 971 1568 1026 etiam
1595 961 1931 1021 immundum
1960 1001 1975 1023 ,

398 1097 459 1144 ut
484 1060 557 1142 ita
584 1085 757 1140 dicam
779 1120 796 1147 ,
827 1079 1133 1147 loquentem
1164 1110 1179 1134 ,
1225 1075 1280 1122 et
1309 1060 1649 1133 impudenter
1675 1069 1762 1110 me
1789 1065 1981 1123 geren-

401 1194 510 1239 tem
529 1221 545 1247 ,
574 1176 939 1249 pudoremque
964 1175 1019 1222 et
1046 1162 1297 1219 ruborem
1326 1163 1611 1213 exuentem
1644 1166 1659 1204 :
1701 1161 1811 1202 non
1839 1142 1982 1198 enim

398 1248 593 1333 lubens
624 1269 740 1323 lucc
768 1264 941 1336 patior
960 1302 974 1325 ,
1004 1256 1098 1313 sed
1126 1261 1345 1326 propter
1375 1261 1468 1303 eos
1499 1257 1633 1316 quos
1658 1253 1839 1296 rerum
1872 1248 1979 1290 non

402 1367 605 1441 pudet,
652 1375 816 1430 cogor
860 1336 1021 1410 verba
1062 1349 1264 1404 dicere.
1307 1342 1469 1398 Multa
1514 1345 1693 1392 autem
1740 1329 1984 1385 videmus

403 1425 664 1530 ejusmodi
695 1425 852 1506 eliam
886 1446 938 1499 in
970 1437 1284 1511 Scripturis.
1318 1433 1450 1488 Nam
1481 1425 1726 1484 Ezechiel
1772 1432 1985 1492 quoque

403 1546 699 1606 Jerusalem
730 1537 1057 1609 exprobrans
1078 1530 1241 1585 multa
1262 1527 1390 1582 dicit
1418 1518 1700 1593 ejusmodi,
1728 1527 1829 1569 nec
1858 1526 1985 1565 eru-

404 1640 612 1703 bescit;
640 1643 693 1692 el
718 1632 946 1688 merito:
972 1641 1081 1681 non
1111 1622 1254 1678 enim
1280 1633 1341 1674 ea
1372 1614 1582 1671 dicebat
1607 1626 1674 1666 ex
1702 1622 1794 1663 sua
1825 1602 1986 1659 animi

407 1732 711 1794 affectione,
737 1725 831 1781 sed
856 1737 924 1778 ex
948 1734 1073 1776 cura
1097 1727 1152 1772 et
1172 1708 1520 1786 providentia.
1549 1703 1682 1759 Nam
1702 1700 1803 1756 etsi
1828 1696 1989 1752 verba

407 1826 657 1881 videntur
684 1834 805 1875 esse
833 1815 1029 1870 decora
1054 1853 1068 1878 ,
1114 1822 1222 1863 non
1253 1813 1337 1862 est
1374 1811 1553 1857 tamen
1602 1807 1796 1864 scopus
1835 1788 1988 1845 inde-

416 1930 576 1973 corus
601 1955 615 1979 ,
648 1910 741 1967 sed
768 1908 929 1963 etiam
956 1902 1111 1958 valde
1142 1895 1467 1955 conveniens
1489 1890 1539 1947 ei
1563 1888 1653 1959 qui
1682 1885 1792 1938 vult
1812 1878 1993 1950 expel-

415 2011 529 2064 lere
564 2003 727 2059 animi
773 1994 1167 2055 immunditiam
1196 2008 1210 2045 :
1244 2003 1366 2044 nam
1396 1985 1497 2040 nisi
1540 1982 1653 2051 ipsa
1691 1975 1853 2032 verba
1893 1988 1990 2027 au-

412 2102 569 2158 dierit
610 2094 892 2174 impudens
938 2088 1183 2149 animus,
1232 2079 1437 2151 pudore
1483 2089 1590 2130 non
1638 2065 1982 2126 suffunditur.

416 2190 630 2248 Etenim
658 2166 910 2241 medicus
938 2191 1149 2251 quoque
1177 2174 1363 2228 volens
1390 2169 1587 2239 ejicere
1613 2160 1947 2234 putredinem
1975 2198 1991 2223 ,

416 2285 609 2355 digitos
632 2280 779 2352 prius
803 2274 1039 2332 immittit
1058 2271 1111 2325 in
1134 2269 1345 2330 vulnus,
1374 2274 1429 2319 et
1457 2261 1559 2316 nisi
1587 2258 1731 2328 prius
1756 2252 1997 2323 inquinet

418 2344 611 2431 manus
634 2344 771 2443 'quae
800 2366 1082 2422 medentur
1106 2404 1120 2428 ,
1167 2374 1275 2415 non
1302 2354 1502 2427 poterit
1529 2348 1753 2405 mederi.
1792 2344 1866 2399 ita
1897 2355 1997 2411 ego

418 2481 651 2540 quoque,
680 2462 781 2518 nisi
808 2460 953 2530 prius
978 2471 1041 2510 os
1066 2452 1339 2523 inquinem
1368 2443 1509 2517 quod
1534 2440 1727 2496 vestris
1752 2434 1997 2490 medetur

416 2561 598 2626 vitiis,
631 2573 736 2612 non
766 2562 952 2625 potero
991 2547 1142 2603 vobis
1170 2541 1395 2598 mederi.
1434 2537 1547 2591 lmo
1590 2546 1720 2588 vero
1765 2542 1865 2583 nec
1895 2526 1997 2579 hoc

419 2651 731 2723 inquinatur
753 2689 769 2714 ,
818 2660 917 2699 nec
957 2641 1064 2696 illa:
1093 2651 1304 2692 manus.
1337 2629 1556 2699 Quare?
1580 2623 1843 2693 Quoniam
1891 2632 1999 2672 non

422 2754 508 2801 est
542 2741 798 2799 naturalis
827 2733 1159 2792 immunditia
1184 2770 1199 2795 ,
1230 2740 1405 2797 neque
1433 2737 1499 2777 ex
1524 2728 1711 2775 nostro
1736 2725 1962 2781 corpore
1983 2750 1998 2774 ,

422 2840 563 2894 sicut
586 2849 685 2891 nec
712 2833 821 2887 illic
842 2845 907 2885 ex
934 2824 1182 2881 manibus
1207 2819 1370 2883 illius,
1397 2812 1494 2869 sed
1522 2826 1587 2867 ex
1618 2807 1807 2863 alienis
1827 2817 2001 2858 mem-

422 2932 556 2988 bris.
595 2926 653 2982 Si
678 2932 854 2979 autem
886 2920 973 2974 ubi
1003 2923 1089 2972 est
1117 2914 1351 2968 alienum
1379 2917 1572 2974 corpus
1593 2943 1608 2967 ,
1642 2915 1750 2955 non
1792 2903 2004 2952 recusat

423 3024 517 3079 ille
542 3033 665 3075 suas
691 3027 881 3069 manus
920 3010 1127 3079 tingere
1156 3022 1171 3059 :
1201 3002 1291 3058 ubi
1335 3008 1577 3055 nostrum
1604 3034 1620 3060 ,
1648 2992 1759 3056 dic,
1783 3000 1964 3059 quaeso
1983 3025 1999 3048 ,

426 3105 837 3168 recusabimus?
877 3114 1073 3170 corpus
1098 3096 1240 3151 enim
1272 3100 1518 3148 nostrum
1564 3084 1693 3140 estis
1726 3096 1823 3136 vos
1848 3121 1863 3145 ,
1897 3079 1999 3131 im-

427 3202 678 3260 becillum
706 3195 920 3269 quidem
947 3200 996 3246 et
1025 3184 1381 3245 immundum,
1414 3177 1507 3234 sed
1537 3184 1714 3231 tamen
1738 3179 2002 3225 nostrum.

500 3296 556 3349 4.
587 3260 828 3358 Quid.est
844 3297 973 3353 ergo
999 3278 1142 3351 quod
1168 3276 1311 3337 dico,
1339 3282 1393 3327 et
1411 3286 1507 3325 cur
1530 3269 1667 3322 hanc
1694 3263 1792 3318 feci
1820 3260 2005 3315 admo-

430 3381 712 3441 nitionem?
743 3378 960 3433 Vestem
982 3370 1195 3442 quidem
1229 3381 1388 3437 quam
1417 3362 1576 3416 habet
1605 3371 1815 3421 servus,
1844 3367 2005 3407 num-

431 3490 592 3547 quam
639 3474 777 3528 ferre
820 3472 873 3524 in
920 3467 1154 3521 animum
1198 3457 1504 3521 induxeris,
1556 3468 1673 3510 eam
1714 3449 2011 3504 abhorrens

431 3576 649 3642 propter
677 3563 897 3627 sordes;
929 3558 1026 3615 sed
1066 3553 1320 3611 malueris
1345 3564 1466 3606 esse
1493 3545 1667 3601 nudus
1687 3583 1704 3610 ,
1731 3555 1888 3613 quam
1924 3538 2012 3593 illa

435 3629 511 3716 uti
535 3629 557 3715 ἐ
591 3670 818 3727 corpore
860 3659 1036 3706 autem
1082 3643 1359 3702 immundo
1396 3650 1451 3697 et
1498 3635 1716 3694 sordido
1738 3675 1753 3701 ,
1788 3642 1842 3688 et
1871 3629 2012 3701 quod

438 3768 545 3807 non
593 3749 765 3805 solum
794 3760 948 3801 servo
979 3754 1069 3797 tuo
1096 3781 1112 3805 ,
1161 3736 1255 3793 sed
1282 3734 1443 3791 etiam
1484 3730 1604 3785 aliis
1644 3722 2013 3782 innumerabi-

435 3848 577 3902 libus
605 3851 689 3900 est
718 3841 833 3897 usui
859 3878 875 3905 ,
912 3834 1150 3893 abuteris
1169 3874 1185 3899 ,
1212 3839 1267 3886 et
1291 3844 1396 3884 non
1421 3820 1778 3881 abhorrebis?
1803 3817 2017 3874 Pudore

437 3939 613 3996 aﬂ‘ecti
642 3935 774 3993 estis
797 3926 1119 3987 audientes?
1169 3922 1277 3980 Sed
1308 3922 1362 3976 in
1405 3918 1560 3973 factis
1595 3914 1799 3985 pudore
1843 3909 2015 3965 afﬁci-

440 4032 595 4098 mini,
623 4043 728 4083 non
756 4028 811 4081 in
842 4022 1038 4078 verbis.
1062 4018 1179 4073 Alia
1208 4013 1388 4070 omnia
1414 4007 1766 4081 praetermitto
1792 4019 1807 4057 ι
1835 4015 2018 4057 mores

438 4135 722 4196 perversos
746 4128 801 4173 et
823 4116 1081 4186 impuros,
1112 4108 1332 4176 reliquae
1360 4102 1484 4158 vita:
1511 4097 1732 4169 agendae
1761 4094 2011 4150 servilem

444 4230 499 4276 et
525 4213 839 4273 illiberalem
866 4208 1148 4263 rationem.
1191 4202 1288 4256 Dic
1312 4196 1463 4261 mihi,
1490 4205 1543 4249 tu
1570 4189 1814 4248 eamdem
1838 4187 1941 4242 inis
1968 4194 2024 4241 et

442 4323 631 4366 servus
662 4303 822 4359 tuus?
852 4308 908 4357 et
944 4298 1145 4351 utinam
1187 4291 1333 4347 solus
1362 4300 1549 4343 servus
1611 4293 1732 4337 tuus
1755 4321 1770 4347 ,
1821 4286 1877 4333 et
1916 4291 2021 4330 non

444 4403 608 4457 etiam
634 4395 873 4453 carnifex
916 4389 1179 4461 publicus.
1212 4382 1279 4438 Et
1305 4376 1572 4436 carniﬁcis
1595 4372 1808 4444 quidem
1839 4383 2027 4424 manus

444 4504 633 4549 tenere
663 4505 768 4544 non
802 4483 1025 4541 tuleris:
1054 4494 1173 4535 eam
1200 4485 1377 4530 autem
1404 4513 1418 4533 ,
1447 4483 1568 4539 quae
1597 4480 1758 4520 unum
1786 4478 1907 4518 cum
1932 4463 2026 4516 illo

447 4599 644 4656 corpus
676 4581 814 4637 facta
842 4586 964 4640 est,
995 4567 1337 4642 amplecteris
1369 4574 1423 4619 et
1450 4558 1810 4623 exoscularis,
1837 4564 2025 4611 etnon

449 4682 657 4740 horres,
689 4688 794 4729 non
825 4666 1130 4726 extimescis
1154 4705 1170 4729 ,
1218 4676 1325 4716 non
1355 4656 1555 4728 pudore
1600 4652 1832 4707 afﬁceris
1856 4693 1871 4717 ,
1919 4664 2027 4703 non

451 4769 724 4829 erubescis
748 4808 764 4833 ,
793 4779 897 4819 non
930 4759 1141 4830 attgeris
1172 4772 1236 4811 ac
1262 4747 1645 4809 conturbaris?
1672 4744 1793 4800 Dixi
1813 4741 2027 4813 quidem

455 4859 767 4935 parentibus
792 4854 984 4911 vestris
1028 4858 1086 4905 ut
1110 4863 1208 4903 vos
1235 4846 1342 4900 cito
1382 4843 1641 4897 ducerent
1676 4836 1743 4891 ad
1770 4834 1983 4904 nuptias
2014 4853 2027 4887 :

455 4956 552 5010 sed
581 4965 758 5007 tamen
789 4960 890 5001 nec
915 4958 1010 4999 vos
1041 4939 1255 5011 quidem
1286 4935 1415 4991 estis
1441 4947 1548 4987 non
1574 4926 1791 4984 obnoxii
1820 4923 2031 4994 suppli-

455 5048 562 5101 cio.
604 5040 739 5098 Nam
779 5038 823 5093 si
854 5051 959 5091 non
989 5034 1079 5087 alii
1109 5038 1292 5087 essent
1336 5024 1490 5080 multi
1533 5021 1898 5077 adolescentes
1930 5030 2032 5085 pu-

458 5140 578 5194 dice
604 5144 660 5190 et
682 5144 829 5189 caste
854 5129 1094 5183 viventes
1118 5164 1133 5188 ,
1164 5130 1219 5176 et
1259 5120 1386 5175 olim
1413 5126 1467 5171 et
1496 5128 1636 5169 nune
1654 5155 1668 5179 ,
1712 5118 1858 5166 esset
1885 5106 2035 5163 vobis

460 5234 687 5284 fortasse
740 5222 915 5290 aliqua
963 5212 1237 5272 excusatio
1292 5224 1356 5264 ac
1407 5203 1650 5262 defensio
1699 5219 1714 5259 :
1765 5201 1810 5254 si
1860 5206 2035 5252 autem

460 5328 621 5383 sunt,
672 5310 942 5385 quomodo
989 5305 1230 5379 poteritis
1276 5301 1457 5356 dicere
1505 5311 1613 5350 non
1660 5292 1897 5363 potuisse
1941 5302 2039 5341 vos

461 5410 717 5468 cohibere
744 5405 1012 5459 flammam
1051 5392 1358 5467 cupidinis?
1401 5388 1483 5443 Illi
1517 5403 1610 5440 vos
1661 5391 1913 5439 accusant
1951 5380 2040 5449 qui

463 5507 791 5574 potuerunt,
850 5492 996 5565 quod
1039 5491 1146 5546 sint
1202 5483 1443 5555 ejusdem
1492 5490 1695 5533 naturae
1730 5474 2038 5545 participes.

468 5593 661 5649 Audite
687 5564 909 5646 Paulum
936 5584 1202 5639 dicentem
1233 5597 1247 5632 :
1277 5571 1551 5630 Sectemini
1578 5585 1754 5638 pacem
1779 5578 1825 5619 et
1852 5564 2040 5617 sancti-

470 5685 756 5755 ﬁcationem
779 5720 795 5745 ,
838 5678 945 5733 sine
989 5690 1088 5744 qua
1130 5685 1276 5724 nemo
1305 5664 1487 5719 videbit
1530 5660 1804 5715 Dominum
1835 5654 2039 5728 (Hebr.

476 5780 560 5833 la}.
602 5776 714 5845 14).
746 5774 858 5827 Non
891 5769 1158 5825 sufficiunt
1204 5766 1284 5818 ha:
1314 5761 1472 5814 mina:
1500 5755 1565 5812 ad
1590 5770 1684 5809 vos
1724 5747 2045 5807 terrendos?

1088 405 1146 461 S.
1184 398 1460 458 JOANNIS
1495 389 1964 453 CHRYSOSTOMI
2001 386 2315 443 ARCHIEP.
2355 380 2883 439 CONSTANTINOP.

3553 371 3656 426 1.28

2086 500 2248 556 Vides
2275 500 2410 554 alios
2452 508 2710 568 perpetuo
2735 511 2855 552 esse
2882 495 3103 566 pudicos
3124 534 3139 559 ,
3183 502 3435 562 casteque
3468 501 3522 545 et
3562 492 3648 544 lm-

2083 605 2234 651 neste
2263 594 2459 665 degere
2488 612 2503 659 ;
2532 602 2586 648 et
2606 601 2663 647 tu
2691 608 2758 646 ne
2787 590 2853 646 ad
2877 589 3171 659 juventutis
3197 587 3414 658 quidem
3443 596 3655 654 tempus

2084 700 2136 743 te
2170 686 2378 746 fortiter
2426 685 2614 756 geris?
2661 682 2812 738 vides
2849 683 2985 737 alios
3037 695 3159 735 cum
3209 679 3484 746 voluptate
3537 691 3659 731 esse

2084 779 2279 833 millies
2305 777 2622 832 colluctatos
2649 791 2663 840 ;
2699 783 2754 831 et
2781 784 2835 829 tu
2859 788 2928 828 ne
2956 772 3123 827 semel
3148 770 3365 841 quidem
3389 768 3661 824 sustines?

2083 871 2141 928 Si
2175 871 2353 936 vultis,
2382 870 2555 925 dicam
2580 882 2817 923 causam.
2859 865 2975 920 Non
3003 865 3145 919 enim
3175 878 3335 918 causa
3361 872 3443 917 est
3465 861 3664 930 juven-

2087 971 2173 1016 tus
2217 980 2230 1016 :
2279 960 2477 1030 alioqui
2514 972 2703 1015 omnes
2743 958 2969 1027 juvenes
3019 954 3178 1010 futuri
3220 961 3376 1009 erant
3411 952 3663 1024 impudici

2088 1065 2145 1110 et
2169 1055 2601 1109 incontinentes:
2635 1052 2729 1109 sed
2766 1067 2865 1107 nos
2891 1053 3036 1121 ipsos
3071 1050 3123 1103 in
3154 1064 3339 1119 rogum
3372 1048 3661 1118 injieimns.

2088 1147 2312 1215 Quando
2380 1147 2522 1203 enim
2546 1147 2598 1201 in
2648 1146 2915 1201 theatrum
2961 1142 3304 1207 ascenderis,
3349 1149 3404 1194 et
3460 1139 3667 1194 sederis

2091 1238 2248 1293 nudis
2278 1238 2557 1293 mulierum
2587 1237 2842 1293 membris
2869 1250 3096 1306 pascens
3118 1234 3302 1289 oculos
3324 1274 3340 1298 ,
3363 1231 3430 1287 ad
3459 1242 3668 1301 tempus

2089 1330 2306 1399 quidem
2354 1330 2587 1395 lmtaris;
2628 1340 2812 1399 postea
2862 1337 3041 1383 autem
3082 1328 3229 1382 illinc
3278 1341 3523 1397 magnam
3566 1326 3667 1380 alis

2094 1422 2313 1477 febrem.
2373 1423 2505 1477 Cum
2545 1421 2743 1477 videris
2784 1421 3034 1475 mulieres
3074 1427 3339 1489 tamquam
3386 1418 3440 1471 in
3488 1418 3670 1486 specie

2092 1517 2335 1585 corporis
2363 1524 2701 1586 apparentes,
2747 1523 2801 1570 et
2844 1512 3144 1584 spectacula
3191 1520 3246 1566 et
3275 1510 3480 1565 cantica
3505 1550 3521 1576 ,
3549 1525 3669 1578 qua:

2094 1607 2224 1662 nihil
2258 1607 2399 1662 aliud
2439 1606 2639 1661 habent
2665 1621 2824 1676 quam
2856 1618 3069 1659 amores
3113 1602 3348 1658 nefarios
3377 1618 3393 1666 ;
3436 1616 3665 1671 nempe:

2096 1699 2222 1765 Illa,
2254 1698 2445 1769 inquit,
2478 1697 2619 1752 hunc
2657 1697 2890 1761 amavit,
2933 1704 2989 1751 et
3014 1710 3120 1750 non
3151 1703 3229 1749 est
3258 1694 3457 1764 potitus
3480 1734 3493 1758 ,
3529 1703 3584 1748 et
3608 1706 3670 1746 se

2094 1789 2412 1855 sufiocavit;
2464 1798 2520 1844 et
2568 1788 2636 1843 ad
2685 1796 2887 1843 matres
2932 1786 3167 1843 nefarios
3226 1785 3506 1841 devolutos
3550 1799 3671 1840 esse

2095 1897 2306 1937 amores
2335 1901 2349 1935 :
2391 1881 2606 1953 quando
2634 1890 2691 1938 et
2718 1881 2934 1936 auribus
2964 1880 3082 1934 haec
3123 1879 3398 1950 acceperis
3426 1920 3441 1943 ,
3494 1887 3546 1933 et
3574 1893 3672 1949 per

2098 1976 2367 2042 mulieres,
2398 1984 2453 2029 et
2477 1990 2572 2045 per
2596 1982 2798 2045 gestus,
2830 1971 3044 2027 habitus
3066 1980 3120 2025 et
3150 1971 3347 2041 ﬁguras
3367 2010 3381 2035 ,
3408 1970 3517 2039 jam
3545 1985 3673 2025 vero

2098 2070 2257 2124 etiam
2290 2083 2384 2137 per
2413 2069 2557 2122 viros
2585 2082 2783 2134 senes;
2816 2065 2967 2121 multi
2992 2065 3132 2119 enim
3174 2064 3335 2117 larvis
3366 2063 3467 2117 sibi
3500 2064 3673 2133 impo-

2099 2163 2215 2217 sitis
2244 2162 2351 2217 illic
2379 2170 2541 2231 agunt
2570 2161 2818 2216 mulieres
2850 2179 2863 2213 :
2897 2158 3163 2230 quomodo
3194 2159 3391 2226 poteris
3417 2160 3523 2229 jam
3554 2175 3677 2214 esse

2100 2254 2323 2323 pudicus
2352 2262 2407 2307 et
2434 2262 2739 2322 temperans
2761 2294 2775 2315 ,
2802 2267 2922 2307 cum
2956 2251 3042 2305 illa
3070 2251 3367 2321 spectacula
3399 2291 3415 2317 ,
3445 2252 3546 2307 illa:
3575 2267 3672 2306 au-

2102 2347 2331 2401 ditiones
2377 2347 2614 2400 animum
2660 2354 2810 2399 tuum
2854 2353 3116 2414 occupent
3161 2359 3223 2399 ae
3285 2344 3578 2412 detineant,
3622 2356 3679 2400 et

2103 2448 2288 2509 postea
2331 2439 2451 2493 talia
2497 2438 2701 2493 somnia
2732 2435 3045 2507 excipiant?
3087 2452 3117 2489 a
3166 2446 3355 2491 natura
3404 2438 3543 2491 enim
3596 2448 3680 2491 est

2105 2530 2322 2584 insitum
2370 2538 2430 2585 ut
2475 2529 2685 2584 animus
2730 2528 2892 2582 multa
2941 2527 3199 2598 ejusmodi
3231 2528 3437 2584 visione
3482 2545 3677 2600 apprc—

2108 2623 2307 2676 hendat
2335 2664 2349 2686 ,
2377 2619 2675 2690 cuiusmodi
2706 2618 2935 2674 interdiu
2953 2620 3066 2674 vult
3092 2630 3142 2674 et
3170 2621 3517 2691 concupiscit.
3546 2623 3680 2677 Cum

2106 2728 2234 2783 ergo
2264 2713 2373 2767 illic
2410 2722 2465 2768 et
2492 2726 2580 2767 res
2626 2713 2909 2767 obsemnas
2952 2711 3156 2778 videas,
3196 2720 3249 2767 et
3291 2713 3452 2767 verba
3499 2713 3683 2768 audias

2108 2805 2464 2867 obscmniora,
2483 2814 2537 2858 et
2554 2802 2773 2858 vulnera
2794 2802 3006 2873 quidem
3027 2802 3276 2872 accipias,
3302 2804 3683 2859 medicamenta

2108 2906 2284 2951 autem
2312 2911 2415 2950 non
2444 2894 2687 2964 imponas
2712 2911 2725 2947 :
2750 2895 2841 2963 qui
2874 2893 2982 2948 fieri
3012 2902 3187 2963 potest
3208 2903 3264 2948 ut
3294 2910 3397 2947 non
3429 2906 3689 2964 augeatur

2110 2986 2337 3057 putredo
2360 3026 2375 3050 ,
2408 2996 2462 3041 et
2489 2987 2708 3040 morbus
2737 3000 2840 3039 non
2874 2984 3202 3047 intendatur,
3234 2994 3286 3038 et
3316 2986 3486 3039 multo
3514 2987 3687 3059 magis

2111 3093 2268 3148 quam
2298 3079 2348 3132 in
2381 3078 2578 3132 nostris
2606 3076 2957 3146 corporibus?
2995 3075 3226 3131 Facilius
3255 3078 3419 3139 enim,
3450 3052 3498 3131 si
3525 3052 3689 3133 velle-

2113 3186 2230 3224 mus
2253 3210 2269 3235 ,
2309 3184 2467 3238 quam
2493 3183 2716 3237 corpora
2744 3211 2758 3233 ,
2802 3168 3338 3239 liberumlarbitrium
3386 3171 3685 3239 susciperet

2112 3262 2523 3316 correctionem.
2567 3259 2700 3314 Nam
2728 3259 2837 3315 illic
2865 3259 3079 3329 quidem
3107 3269 3161 3314 et
3189 3261 3592 3316 medicamentis
3633 3273 3691 3317 et

2118 3352 2347 3408 medicis
2377 3362 2432 3407 et
2462 3363 2701 3422 tempore
2728 3365 2866 3421 opus
2892 3359 2975 3406 est
3000 3367 3014 3404 :
3060 3351 3144 3407 hic
3172 3362 3348 3406 autem
3382 3352 3576 3408 sufficit
3604 3395 3618 3420 ,
3643 3356 3691 3407 si

2116 3442 2369 3506 volueris,
2399 3452 2454 3497 et
2482 3442 2654 3497 bonus
2683 3456 2802 3497 esse
2828 3449 2884 3497 et
2909 3443 3102 3497 malus.
3143 3442 3497 3511 Quamobrem
3541 3461 3691 3499 mor-

2116 3535 2243 3591 bum
2269 3535 2442 3605 magis
2469 3534 2743 3605 accepisti.
2789 3533 2923 3589 Cum
2953 3549 3081 3604 ergo
3110 3550 3172 3589 ea
3201 3551 3319 3603 quae
3348 3536 3544 3591 laedunt
3576 3538 3694 3606 qui-

2119 3630 2240 3685 dem
2266 3628 2606 3698 congerimus
2631 3669 2647 3694 ,
2695 3642 2881 3683 eorum
2910 3638 3088 3683 autem
3121 3644 3239 3698 qua:
3276 3628 3463 3699 juvant
3492 3629 3693 3684 nullam

2119 3720 2366 3776 ducimus
2395 3719 2658 3774 rationem
2684 3760 2700 3786 ,
2728 3718 2944 3789 quando
2992 3720 3093 3774 erit
3141 3719 3248 3774 ulla
3278 3720 3519 3775 sanitas?
3560 3721 3697 3775 Pro-

2124 3822 2309 3885 pterea
2326 3812 2521 3867 Paulus
2539 3826 2751 3882 quoque
2768 3811 2977 3867 dicebat
2997 3829 3010 3865 :
3036 3811 3185 3867 Sicut
3209 3822 3375 3883 gentes
3395 3829 3507 3882 quin
3532 3812 3697 3867 Deum

2121 3923 2225 3961 non
2254 3914 2458 3959 norunt.
2487 3904 2698 3959 Pudore
2725 3902 3116 3968 suffundamur,
3145 3914 3352 3959 terrore
3376 3903 3688 3970 afficiantur,

2123 3998 2167 4053 si
2197 4006 2384 4067 gentes
2423 4010 2541 4064 quae
2582 3995 2749 4050 Deum
2781 4010 2885 4048 non
2924 4002 3117 4049 norunt
3158 4009 3301 4063 saepe
3333 4004 3457 4049 sunt
3494 3994 3700 4065 pudica:

2126 4101 2180 4146 et
2230 4098 2632 4159 temperantes;
2686 4086 3065 4142 erubescamus
3117 4103 3237 4142 cum
3289 4087 3394 4142 illis
3442 4086 3702 4142 fuerimus

2126 4183 2441 4239 deteriores.
2473 4181 2653 4236 Facile
2673 4189 2757 4235 est
2782 4180 2837 4234 in
2867 4178 3119 4250 pudicitia
3146 4188 3198 4233 et
3230 4180 3572 4249 temperantia
3603 4196 3705 4234 nos

2128 4284 2275 4331 recte
2299 4288 2510 4343 gerere,
2542 4273 2587 4327 si
2612 4271 2840 4327 velimus
2861 4312 2874 4335 ,
2918 4271 2963 4325 si
2991 4286 3091 4325 nos
3119 4272 3263 4340 ipsos
3286 4270 3609 4327 abducamus
3633 4274 3707 4327 ab

2130 4370 2197 4424 iis
2226 4384 2346 4438 qua:
2375 4365 2575 4422 ltedunt
2604 4384 2619 4418 :
2648 4364 2846 4433 alioqui
2886 4378 2985 4419 nec
3030 4363 3413 4419 scortationem
3442 4363 3597 4419 facile
3622 4376 3711 4420 est

2131 4460 2317 4530 fugere
2342 4498 2360 4525 ,
2388 4460 2433 4513 si
2461 4458 2713 4511 nolimus.
2761 4455 2900 4521 Quid
2926 4463 3010 4509 est
3037 4455 3177 4509 enim
3203 4454 3413 4509 facilius
3440 4470 3595 4524 quam
3624 4456 3710 4511 ire

2133 4551 2202 4605 ad
2229 4550 2444 4604 forum?
2471 4547 2565 4602 sed
2604 4547 2674 4602 ob
2701 4556 2939 4600 nostram
2967 4546 3229 4615 ignaviam
3261 4558 3314 4599 et
3344 4546 3618 4600 mollitiem
3648 4547 3712 4600 fit

2134 4639 2373 4704 difficile,
2405 4653 2512 4692 non
2540 4637 2713 4691 solum
2749 4634 2993 4700 feminis,
3049 4634 3142 4689 sed
3173 4636 3334 4689 etiam
3380 4636 3532 4689 viris.
3571 4636 3711 4703 Quid

2136 4731 2342 4787 facilius
2382 4744 2541 4800 quam
2588 4726 2866 4783 dormire?
2907 4726 3002 4782 sed
3052 4727 3153 4781 hoc
3180 4741 3392 4797 quoque
3442 4727 3715 4783 effecimus

2138 4823 2375 4879 difficile.
2409 4820 2559 4877 Multi
2584 4820 2797 4891 quidem
2839 4829 2986 4874 certe
3019 4817 3213 4873 divites
3248 4820 3357 4872 tota
3405 4828 3561 4874 nocte
3602 4819 3713 4872 eir-

2139 4923 2492 4985 cumaguntur
2519 4955 2532 4976 ,
2560 4926 2626 4967 eo
2652 4910 2796 4981 quod
2821 4925 2927 4965 non
2954 4917 3266 4979 exspectent
3295 4924 3450 4965 usum
3493 4911 3665 4965 somni
3694 4955 3712 4979 ,

2140 5017 2197 5062 et
2224 5016 2350 5060 tunc
2391 5004 2679 5060 dormiant.
2726 5002 2798 5056 Et
2825 5002 2878 5055 in
2909 5016 3118 5056 summa
3164 5000 3297 5055 nihil
3339 5011 3421 5057 est
3461 5001 3709 5071 difficile,

2142 5098 2187 5152 si
2223 5112 2323 5151 nos
2348 5096 2611 5158 velimus;
2637 5092 2767 5147 nihil
2800 5092 2970 5158 facile,
3000 5093 3043 5147 si
3071 5093 3302 5147 nolimus
3329 5110 3342 5145 :
3373 5094 3552 5146 omnia
3575 5093 3721 5148 enim

2145 5197 2270 5244 sunt
2313 5188 2365 5242 in
2418 5196 2598 5242 nostra
2657 5193 2941 5255 potestate.
2994 5185 3287 5254 Pr0pterea
3336 5185 3465 5241 dicit
3507 5201 3725 5257 quoque

2148 5280 2422 5350 Scriptura
2447 5320 2463 5344 ,
2495 5279 2557 5334 Si
2593 5278 2756 5333 velitis
2780 5319 2797 5344 ,
2840 5279 3051 5348 inquit,
3101 5288 3149 5332 et
3176 5295 3254 5331 me
3293 5278 3556 5347 audiatis(
3586 5278 3725 5335 Isai.

2150 5374 2203 5426 1.
2243 5371 2335 5441 19)
2360 5388 2375 5433 ;
2404 5379 2460 5426 et.
2486 5384 2673 5425 rursus
2697 5411 2713 5437 ,
2744 5369 2806 5424 Si
2834 5369 3028 5437 nolitis,
3056 5386 3145 5423 nec
3166 5385 3243 5422 me
3264 5368 3503 5424 audiatis.
3533 5370 3727 5425 Totum

2149 5481 2277 5536 ergo
2310 5465 2468 5519 situm
2495 5474 2578 5518 est
2605 5464 2659 5517 in
2709 5478 2774 5518 eo
2803 5462 2947 5532 quod
2976 5470 3059 5517 est
3098 5462 3236 5518 velle
3280 5471 3335 5517 et
3375 5462 3521 5517 nolle
3550 5484 3563 5518 :
3598 5478 3729 5533 pro-

2156 5568 2337 5628 pterea
2360 5564 2416 5609 et
2442 5555 2687 5624 punimur
2709 5563 2763 5608 et
2788 5552 3083 5608 laudamur.
3114 5552 3267 5607 Faxit
3289 5562 3467 5607 autem
3494 5553 3653 5618 Deus,
3672 5563 3731 5608 ut

2154 5663 2274 5703 cum
2297 5645 2552 5709 fuerimus
2575 5660 2643 5699 ex
2671 5644 2737 5699 iis
2760 5644 2849 5713 qui
2874 5642 3180 5707 laudantur,
3207 5656 3557 5714 assequamur
3582 5644 3729 5697 bona

2166 5740 2443 5811 promissa,
2475 5739 2640 5810 gratia
2673 5745 2725 5793 et
2754 5737 3080 5806 benignitate
3106 5778 3118 5803 ,
3151 5743 3256 5790 etc.

2164 5894 2225 5903 ἀμ
