4114 6396
387 321 493 375 42⁸7

457 436 521 486 Τί
568 434 776 502 λέγειςς
813 433 1140 503 Ἀνάσχεσθέ
1172 434 1274 504 μού
1305 453 1357 487 τι
1400 435 1494 488 καὶ
1525 434 1854 506 ἀκάθαρτον,
1887 436 1963 497 ὡς

385 524 580 584 εἰπεῖν,
633 520 1037 591 φθεγγομένου,
1093 524 1189 574 καὶ
1248 522 1831 590 ἀπαναισχυντοῦντος,
1868 523 1964 575 καὶ

386 608 826 680 ἀπερυθριῶντος
846 625 858 637 ·
890 610 951 661 οὐ
981 609 1089 679 γάρ
1120 608 1261 661 ἑκὼν
1289 608 1447 660 τοῦτο
1478 608 1691 677 πάσχω,
1719 608 1855 661 ἀλλά
1875 608 1965 661 διὰ

384 697 511 758 τοὺς
553 698 653 748 οὐκ
684 698 1108 767 αἰσχυνομένους
1144 696 1209 750 τὰ
1257 696 1581 767 πράγματα,
1627 696 1693 748 τά
1741 698 1965 767 ῥήματα

385 785 546 847 αὐτὸς
600 782 986 855 ἀναγκάζομαι
1017 785 1215 850 λέγειν.
1269 785 1445 838 Πολλά
1492 784 1549 837 δὲ
1594 784 1689 836 καὶ
1742 786 1801 837 ὲν
1842 787 1965 849 ταῖς

387 873 631 943 Γραφαῖς
675 871 889 942 δρῶμεν
916 872 1164 925 τοιαῦτα.
1196 872 1306 925 Καὶ
1342 872 1450 942 γάρ
1497 872 1589 925 καὶ
1636 874 1665 925 ὁ
1703 872 1964 944 Ἰεζεκιὴλ

386 960 659 1024 ὀνειδίζων
687 960 786 1030 τήν
823 960 1201 1030 Ἰερουσαλὴμ,
1255 959 1429 1013 πολλὰ
1467 959 1694 1013 τοιαῦτα
1733 960 1966 1029 φθέγγε-

385 1068 498 1115 ται,
530 1051 626 1102 καὶ
665 1049 765 1101 οὐκ
807 1048 1152 1119 αἱσχύνεται’
1184 1050 1278 1101 καὶ
1332 1047 1559 1111 εἰκότως
1583 1064 1597 1078 ο
1633 1047 1694 1100 οὐ
1743 1048 1853 1119 γάρ
1904 1049 1964 1114 ἐξ

387 1139 592 1191 οἰκείου
642 1138 849 1201 πάθους
888 1138 1027 1191 αὑτά
1073 1137 1281 1205 ἔλεγεν,
1316 1138 1432 1191 ἀλλ’
1458 1137 1567 1190 ἀπὸ
1615 1137 1961 1205 κηδεμονίας.

392 1224 541 1297 [464]
571 1224 689 1278 Κᾶν
715 1224 824 1294 γάρ
864 1224 933 1277 τὰ
968 1226 1188 1295 ῥήματα
1216 1225 1347 1295 δοκῇ
1388 1220 1527 1277 εἶναι
1572 1225 1818 1295 ἀπρεπῆ,
1848 1224 1963 1277 ἀλλ’

386 1316 416 1365 ό
446 1313 645 1373 σκοπὸς
674 1313 773 1364 οὐκ
815 1312 1087 1382 ἀπρεπὴς,
1134 1311 1271 1365 ἀλλὰ
1322 1312 1416 1364 καὶ
1465 1312 1672 1381 σφόδρα
1706 1312 1964 1382 ἁρμόζων

387 1399 465 1467 τῷ
506 1398 814 1468 βουλομένῳ
840 1398 1181 1470 ἀκαθαρσίαν
1211 1398 1462 1451 ἐκϐαλεῖν
1498 1397 1677 1467 ψυχῆς
1699 1415 1712 1429 ’
1753 1399 1822 1452 ἂν
1854 1399 1962 1468 γάρ

391 1487 466 1556 μὴ
504 1485 644 1539 αύτά
694 1486 762 1538 τὰ
815 1487 1034 1555 ῥήματα
1062 1485 1270 1557 ἀκούσῃ
1325 1488 1357 1554 ή
1392 1486 1748 1556 ἀναίσχυντος
1793 1486 1961 1558 ψυχὴ,

386 1576 486 1627 οὐκ
534 1574 870 1644 ἐντρέπεται.
903 1573 1015 1626 Καὶ
1046 1572 1153 1644 γὰρ
1208 1574 1390 1645 ἰατρὸς
1428 1574 1748 1644 βουλόμενος
1795 1591 1963 1643 σηπε-

386 1663 512 1715 δόνα
566 1661 813 1715 ἐκὸαλεῖν
837 1702 852 1726 ,
899 1662 1159 1732 πρότερον
1219 1662 1346 1725 τοὺς
1412 1662 1709 1724 δακτύλους
1770 1663 1850 1724 εἰς
1902 1661 1964 1714 τὸ

386 1750 607 1820 τραῦμα
661 1748 917 1819 καθίησι,
964 1748 1068 1802 κᾶν
1141 1748 1216 1819 μὴ
1277 1749 1543 1820 πρότερον
1604 1748 1805 1819 μολύνῃ
1863 1749 1964 1812 τὰς

391 1841 626 1909 ίωμένας
655 1841 864 1908 χεῖρας,
890 1837 1144 1891 ἰάσασθαι
1173 1838 1233 1890 οὐ
1263 1838 1571 1908 δυνήσεται.
1603 1838 1759 1891 Οὕτω
1783 1837 1961 1906 κάγὼ,

388 1925 455 1977 ἂν
485 1924 558 1995 μὴ
592 1925 858 1995 πρότερον
888 1924 949 1976 τὸ
978 1924 1153 1993 στόμα
1202 1924 1417 1994 μολύνω
1440 1926 1503 1978 τὸ
1553 1926 1782 1995 ἰώμενον
1812 1926 1965 1995 ὑμῶν

387 2015 454 2067 τά
492 2014 662 2084 πάθη,
692 2014 753 2066 ού
783 2015 1083 2084 δυνήσομαι
1133 2016 1276 2085 ὑμᾶς
1329 2017 1603 2082 ἰάσασθαι,
1639 2017 1856 2069 Μᾶλλον
1908 2017 1965 2069 δὲ

386 2102 509 2155 ούδέ
539 2103 695 2155 τοῦτο
732 2103 1037 2171 μολύνεται,
1065 2102 1189 2156 οὗτε
1233 2105 1438 2157 ἐκεῖναι
1464 2107 1518 2158 αἱ
1550 2107 1751 2177 χεῖρες.
1779 2105 1843 2158 Τί
1872 2106 1965 2177 δή-

388 2207 550 2255 ποτε;
584 2192 705 2243 Ὀτι
747 2191 847 2244 οὐκ
876 2190 1024 2245 ἔστιν
1062 2193 1095 2262 ἡ
1134 2192 1443 2264 ἀκαθαρσία
1489 2195 1712 2266 φυσικὴ,
1743 2194 1865 2249 ούδέ
1900 2195 1964 2248 ἐκ

388 2279 481 2330 τοῦ
517 2277 788 2349 ἡμετέρου
835 2276 1088 2348 σώματος
1119 2292 1168 2343 ο,
1220 2279 1410 2351 ὥσπερ
1444 2281 1564 2334 οὐδὲ
1594 2282 1710 2335 ἐκεῖ
1752 2282 1817 2334 ἐκ
1856 2282 1965 2334 τῶν

388 2366 597 2418 ἐκείνου
626 2364 845 2436 χειρῶν,
868 2365 985 2418 ἀλλ’
1013 2366 1071 2431 ἐξ
1104 2365 1424 2437 ἀλλοτρίων.
1460 2367 1523 2420 Εἰ
1559 2367 1615 2422 δὲ
1647 2367 1773 2421 ἔνθα
1811 2368 1967 2421 ἀλλό-

385 2470 535 2524 τριον
580 2452 759 2522 σῶμα,
802 2453 862 2504 οὐ
909 2456 1252 2523 παραιτεῖται
1299 2457 1505 2518 ἐκεῖνος
1552 2455 1815 2525 βαπτίσαι
1868 2457 1967 2519 τάς

386 2540 577 2594 ἐαυτοῦ
624 2544 845 2611 χεῖρας·
880 2540 1010 2593 ἔνθα
1047 2541 1107 2593 τὸ
1157 2542 1425 2612 ἡμέτερον
1462 2542 1642 2612 σῶμα,
1688 2560 1965 2614 παραιτη-

387 2626 613 2696 σόμεθα,
637 2626 757 2679 εἰπέ
798 2644 923 2696 μοι;
962 2627 1122 2697 σῶμα
1157 2628 1266 2697 γάρ
1300 2629 1566 2698 ἡμέτερον
1599 2630 1773 2698 ὑμεῖς,
1802 2630 1964 2684 ἀσθε-

385 2716 473 2777 νὲς
501 2714 600 2784 μὲν
630 2715 724 2767 καὶ
758 2714 1084 2785 ἀκάθαρτον,
1114 2716 1378 2787 ἡμέτερον
1414 2716 1492 2770 δέ.

453 2848 516 2903 δ’.
542 2847 606 2899 Τί
635 2842 728 2898 οὖν
761 2847 907 2899 ἐστιν
926 2848 954 2900 ὃ
974 2863 1137 2917 φημι,
1156 2848 1250 2901 καὶ
1275 2848 1341 2901 δι’
1368 2848 1396 2900 ὃ
1416 2848 1685 2921 τοσαύτην
1705 2849 1962 2918 ἐποιησά-

388 2949 495 3002 μην
545 2930 895 3001 παραίνεσιν;
943 2931 1065 2982 Ὅτι
1099 2931 1314 3000 ἱμάτιον
1348 2932 1470 3002 μὲν,
1518 2933 1653 3003 ὅπερ
1719 2936 1747 2985 ὁ
1778 2933 1963 2998 δοῦλος

385 3015 519 3084 ἔχει,
565 3016 666 3068 οὐκ
699 3013 764 3067 ἂν
796 3013 937 3065 ἓλοιό
986 3030 1118 3065 ποτε
1164 3014 1391 3085 φορέσαι
1431 3014 1963 3087 βδελυττόμενοςδιά

385 3100 473 3150 τὸν
506 3092 824 3168 ῥύπον,ἀλλ”
850 3097 991 3149 ἕλοιο
1018 3096 1084 3150 ἂν
1117 3098 1322 3167 γυμνὸς
1346 3094 1508 3161 εἶναι.
1540 3098 1794 3169 ἢὲκείνῳ
1828 3101 1963 3170 χρή-

388 3184 615 3236 σασθαι·
644 3180 857 3251 σώματι
874 3182 932 3233 δὲ
969 3180 1265 3251 ἀκαθάρτῳ
1282 3182 1375 3235 καί¹
1401 3181 1653 3252 ῥυπαρῷ,
1677 3183 1772 3235 καὶ
1792 3184 1855 3235 ού
1884 3183 1963 3254 τῷ

384 3264 537 3319 παιδὶ
579 3264 657 3333 τῷ
715 3263 791 3334 σῷ
836 3263 1015 3333 μόνον,
1060 3262 1197 3316 ἀλλὰ
1252 3265 1463 3332 μυρίοις
1521 3264 1729 3333 ἑτέροις
1770 3282 1962 3335 χρησι-

388 3348 606 3418 μεύοντι
648 3346 1006 3417 καταχρήσῃ,
1051 3345 1144 3398 καὶ
1194 3346 1255 3397 ού
1312 3343 1568 3415 βδελύξῃ;
1628 3346 1963 3417 ᾘσχύνθητε

383 3430 745 3493 ἀκούσαντες;
786 3427 926 3480 Ἀλλ’
958 3429 1015 3481 ὲν
1054 3430 1166 3488 τοῖς
1208 3427 1389 3498 ἔργοις
1418 3427 1762 3499 αἰσχύνθητε,
1796 3431 1871 3501 μὴ
1905 3433 1961 3482 ἐν

383 3516 496 3575 τοῖς
528 3513 755 3584 ῥήμασι.
800 3512 909 3564 Καὶ
946 3510 1014 3564 τὰ
1062 3511 1198 3564 ἄλλα
1230 3512 1409 3564 πάντα
1458 3511 1718 3582 παρίημι,
1750 3513 1810 3566 τὸ
1855 3513 1962 3566 τῶν

384 3596 533 3666 ήθῶν
559 3596 856 3666 δύστροπον
897 3595 988 3647 καί
1020 3594 1237 3663 μιαρὸν,
1262 3594 1323 3646 τὸ
1347 3594 1447 3663 τῆς
1476 3594 1643 3663 ἄλλης
1676 3596 1818 3666 ζωῆς
1844 3597 1965 3650 δου-

386 3680 534 3733 λικὸν
559 3678 652 3731 καὶ
678 3675 1052 3747 ἀνελεύθερον.
1080 3676 1216 3729 Εἰπέ
1251 3694 1360 3748 μοι,
1387 3678 1524 3747 πρὸς
1544 3680 1642 3749 τὴν
1672 3678 1842 3749 αὐτὴν
1869 3681 1963 3733 καὶ

386 3764 565 3817 καὶσὺ
595 3765 691 3815 καὶ
724 3761 752 3812 ὁ
777 3759 996 3829 οἰκέτης
1016 3762 1043 3813 ὁ
1070 3760 1191 3823 σός;
1220 3762 1312 3813 καὶ
1343 3760 1453 3814 εῐθε
1482 3764 1511 3814 ὁ
1536 3761 1754 3832 οἰκέτης
1779 3762 1961 3832 μόνον,

384 3846 521 3899 ἀλλὰ
558 3846 648 3899 καὶ
688 3846 716 3898 ὁ
744 3843 957 3913 δήμιος.
986 3843 1095 3896 Καὶ
1127 3846 1315 3912 χεῖρας
1363 3845 1461 3914 μὲν
1502 3843 1596 3897 τοῦ
1624 3844 1822 3915 δημίου
1864 3846 1963 3899 οὐκ

385 3927 452 3981 ἂν
479 3928 731 3998 ἀνάσχοιο
760 3929 1084 3997 κατασχεῖν·
1124 3926 1222 3997 τὴν
1252 3926 1308 3979 δὲ
1344 3927 1403 3982 ἓν
1446 3928 1639 3999 ἐκείνῳ
1684 3928 1844 3998 σῶμα
1874 3947 1964 3998 γε-

383 4012 616 4081 νομένην
646 4010 954 4082 περιπλέκῃ
994 4012 1089 4065 καὶ
1132 4011 1473 4080 καταφιλεῖς,
1502 4014 1597 4065 καὶ
1627 4012 1688 4065 οὐ
1720 4012 1965 4082 φρίττεις

383 4096 505 4148 οὐδὲ
548 4094 829 4158 δέδοικας;
852 4094 952 4146 οὐκ
989 4092 1244 4165 αἰσχύνῃ,
1268 4095 1370 4147 οὐκ
1399 4095 1657 4166 ἐντρέπῃ,
1680 4096 1782 4148 οὐκ
1818 4097 1966 4165 ἀγω-

383 4180 532 4248 νιᾷς;
557 4173 721 4229 Εἶπον
759 4176 858 4247 μὲν
888 4175 1025 4247 πρὸς
1056 4180 1183 4241 τοὺς
1211 4178 1453 4248 πατέρας
1482 4178 1609 4241 τοὺς
1639 4179 1961 4250 ὑμετέρους’

384 4264 471 4315 ὅτι
514 4264 595 4316 δεῖ
638 4263 847 4333 ταχέως
877 4262 1014 4332 πρὸς
1042 4264 1220 4333 γάμον
1266 4263 1421 4331 ἄγειν
1465 4264 1640 4333 ὑμᾶς*
1671 4264 1787 4317 ἀλλ’
1812 4265 1963 4334 ὅμως

386 4349 507 4401 οὐδὲ
536 4349 695 4418 ὑμεῖς
725 4347 1005 4401 ἀνεύθυνοι
1050 4349 1147 4417 τῆς
1175 4348 1468 4413 κολάσεως.
1513 4350 1576 4403 Εἰ
1614 4349 1723 4420 γὰρ
1765 4350 1841 4421 μὴ
1869 4350 1963 4403 καὶ

386 4431 537 4484 ἄλλοι
564 4430 675 4483 νέοι
703 4429 903 4501 μᾶλλον
918 4426 1059 4502 ἦσαν
1079 4430 1266 4483 πολλοὶ
1293 4433 1350 4483 ἐν
1386 4432 1706 4504 σωφροσύνῃ
1738 4433 1960 4498 ζῶντες,

386 4516 482 4567 καὶ
514 4514 684 4567 πάλαι
716 4516 811 4567 καὶ
839 4513 957 4581 νῦν,
985 4516 1117 4577 ῐσως
1139 4514 1202 4567 ἄν
1226 4533 1310 4577 τις
1333 4516 1461 4586 ὑμῖν
1490 4514 1559 4587 ἦν
1586 4510 1854 4584 ἀπολογίά
1874 4534 1886 4547 ·
1912 4518 1962 4569 εἰ

384 4596 443 4649 δὲ
470 4599 598 4660 εἰσὶ,
625 4596 789 4650 πόθεν
816 4596 968 4661 ἕξετε
1003 4599 1199 4662 εἰπεῖν,
1228 4598 1310 4651 ὅτι
1344 4599 1444 4651 οὐκ
1486 4599 1831 4670 ἠδυνήθημεν
1863 4616 1962 4652 κα-

384 4682 601 4750 τασχεῖν
628 4678 729 4750 τὴν
754 4669 927 4749 φλόγα
953 4680 1051 4750 τῆς
1078 4680 1399 4749 ἐπιθυμίας;
1440 4669 1665 4735 Ἐκεῖνοι
1687 4682 1797 4752 γὰρ
1832 4699 1963 4735 κατ-

384 4761 679 4835 ηγοροῦσιν
722 4763 875 4834 ὑμῶν
931 4765 982 4816 οἱ
1022 4764 1362 4835 δυνηθέντες,
1400 4764 1479 4835 τῷ
1520 4766 1620 4836 τῆς
1659 4765 1832 4835 αὐτῆς
1858 4764 1961 4833 φύ-

388 4864 524 4910 σεως
557 4846 823 4917 μετέχειν.
856 4846 1107 4898 Ἀκούετε
1134 4847 1227 4900 τοῦ
1245 4847 1458 4900 Παύλου
1486 4846 1733 4916 λέγοντος
1753 4864 1767 4879 ο
1788 4847 1959 4915 E1913-

384 4949 501 4998 νην
529 4930 769 4984 διώκετε
801 4929 899 4983 καί
938 4931 1045 4984 τὸν
1076 4932 1394 4999 ἁγιασμόν,
1436 4926 1507 4986 οὗ
1538 4931 1717 5000 χωρίς
1756 4932 1955 4998 οὐδεὶς

385 5015 595 5082 ὄψεται
624 5014 733 5066 τὸν
767 5015 1004 5080 Κύριον.
1048 5014 1112 5065 Ἠ
1149 5014 1344 5085 ἀπειλὴ
1377 5013 1515 5085 αὕτη
1544 5015 1643 5085 οὐχ
1677 5015 1835 5086 ἱκανὴ
1864 5033 1958 5084 φο-

386 5099 584 5168 6ἦσαι;
628 5099 789 5168 Ὁρᾷς
830 5096 1050 5169 ἐτέρους
1082 5096 1148 5150 δι’
1178 5098 1299 5151 ὅλου
1336 5098 1748 5168 σωφρονοῦντας
1779 5099 1874 5153 καὶ
1902 5102 1959 5152 ἐν

388 5181 673 5250 σεμνότητι
714 5181 1020 5247 διάγοντας,
1068 5180 1162 5235 καὶ
1212 5183 1277 5234 σὺ
1337 5181 1458 5234 ούδέ
1500 5182 1662 5253 μέχρι
1713 5182 1821 5235 τῶν
1860 5182 1960 5253 τῆς

385 5264 635 5333 νεότητος
665 5264 871 5333 χρόνων
923 5266 1247 5334 καρτερεῖς;
1280 5264 1414 5334 ὁρᾷς
1443 5265 1662 5335 ἐτέρους
1708 5283 1961 5319 καταπα-

450 5472 477 5499 ι
500 5470 785 5533 Legendum
808 5471 1041 5533 στόματος
1064 5476 1239 5523 censet
1264 5471 1498 5524 Dunaeus.

1216 317 1281 371 IN
1324 318 1545 374 EPIST.
1587 318 1605 373 1
1642 319 1731 372 AD
1770 318 2108 374 TIIESSAL.
2148 319 2303 375 CAP.
2344 320 2431 374 IV.
2473 320 2705 377 HOMIL.
2734 321 2797 377 V.

2065 435 2358 499 λαίσαντας
2402 438 2665 508 μυριάκις
2707 441 2807 512 τὴν
2839 442 3054 515 ἡδονὴν,
3101 445 3195 495 καὶ
3234 445 3297 497 σὺ
3331 444 3451 497 οὑδέ
3500 445 3647 514 ἅπαξ

2064 519 2258 591 ἀνέχῃ,
2279 520 2339 572 Εἰ
2378 518 2656 589 βούλεσθε,
2680 523 2777 593 τὴν
2803 525 2984 578 αἰτίαν
3022 524 3133 594 εγὼ
3167 526 3330 595 λέγω.
3368 528 3442 581 Οὐ
3472 529 3580 599 γὰρ
3612 534 3645 602 ἡ

2064 603 2252 673 νεότης
2285 604 2462 657 αἰτίαο
2488 606 2610 658 ἐπεὶ
2632 605 2855 677 ἔμελλον
2894 612 3097 673 πάντες
3134 611 3184 663 οἱ
3218 612 3327 664 νέοι
3357 612 3648 667 ἀκόλαστοι

2063 682 2231 738 εἶναι·
2271 687 2386 740 ἀλλ’
2424 689 2587 759 ἡμεῖς
2630 690 2858 757 ἑαυτοὺς
2891 691 3141 763 ώθοῦμεν
3180 697 3259 757 εἰς
3312 695 3413 765 τὴν
3444 697 3646 768 πυράν.

2066 768 2235 822 Ὅταν
2266 770 2374 841 γὰρ
2404 772 2633 843 ἀνέλθῃς
2663 775 2743 837 εἰς
2772 772 3019 846 θέατρον,
3046 776 3141 828 καὶ
3165 776 3396 850 καθίσῃς
3420 783 3650 849 γυμνοῖς

2068 852 2253 919 μέλεσι
2285 853 2560 920 γυναικῶν
2600 857 2728 919 τοὺς
2760 856 3069 928 ὀφθαλμοὺς
3112 861 3333 927 ἑστιῶν,
3362 862 3501 933 πρὸς
3552 863 3652 934 μὲν

2064 935 2253 1004 καιρὸν
2284 935 2478 1007 ἥσθης,
2502 937 2728 1009 ὕστερον
2762 940 2821 993 δέ
2852 942 3021 996 πολὺν
3048 944 3259 998 ἐκεῖθεν
3290 945 3525 1017 ἔθρεψας
3558 948 3652 1001 τὸν

2066 1018 2319 1088 πυρετόν.
2366 1021 2532 1073 Ὅταν
2579 1022 2732 1095 [465]
2782 1024 2897 1097 ἴδῃς
2950 1025 3140 1099 ῶσπερ
3192 1028 3445 1099 σώματος
3493 1031 3653 1103 τύπῳ

2064 1104 2329 1185 γυναῖκας
2364 1108 2717 1175 φαινομένας,
2753 1108 2881 1161 ὅταν
2912 1111 3005 1163 καὶ
3032 1111 3279 1182 θεάματα
3308 1113 3403 1166 καὶ
3430 1114 3651 1185 ᾄσματα

2067 1184 2233 1254 μηδὲν
2264 1184 2452 1256 ἓτερον
2470 1187 2586 1240 ἀλλ’
2611 1188 2645 1259 ή
2664 1188 2872 1260 ἔρωτας
2889 1192 3123 1258 ἀτόπους
3152 1193 3363 1266 ἔχοντα,
3398 1184 3463 1250 Ἦ
3480 1184 3649 1261 δεῖνα,

2064 1272 2219 1341 φησὶ,
2271 1273 2363 1326 τὸν
2424 1275 2571 1328 δεῖνα
2640 1277 2887 1349 ἐφίλησε,
2932 1283 3028 1335 καὶ
3086 1282 3188 1336 οὐκ
3242 1284 3498 1354 ἐπέτυχε,
3554 1288 3651 1340 καὶ

2065 1359 2374 1429 ἀπήγξατο,
2420 1364 2515 1415 καὶ
2556 1364 2637 1425 εἰς
2684 1364 2974 1435 μητέραςι)
3008 1368 3135 1431 τοὺς
3170 1368 3405 1432 ἀτόπους
3443 1370 3651 1442 ἔρωτας

2064 1442 2511 1520 ξκκυλισθέντας·
2547 1444 2677 1498 ὅταν
2724 1446 2819 1499 καὶ
2868 1445 2933 1500 δι’
2959 1449 3129 1519 ἀκοῆς
3172 1450 3345 1505 ταῦτα
3374 1451 3527 1525 δέχῃ,
3556 1456 3653 1507 καὶ

2063 1526 2151 1578 διὰ
2177 1528 2473 1593 γυναικῶν,
2505 1529 2602 1581 καὶ
2644 1529 2734 1583 διά
2769 1531 2975 1597 τύπων,
3004 1533 3105 1602 ήδη
3136 1534 3193 1586 δέ
3221 1535 3315 1587 καὶ
3341 1534 3429 1588 διά
3458 1537 3645 1608 γερόνο

2064 1627 2171 1662 των
2204 1610 2413 1682 ἀνδρῶν
2462 1614 2579 1679 (καὶ
2621 1613 2731 1685 γάρ
2765 1614 2950 1668 πολλοὶ
2988 1620 3306 1688 προσωπεῖα
3334 1620 3653 1690 περιθέντες

2066 1694 2297 1758 ἑαυτοῖς,
2328 1697 2445 1747 ἐκεῖ
2459 1696 2915 1770 γυναικίζονται),
2941 1699 3127 1763 πόθεν,
3154 1701 3275 1754 εἰπέ
3308 1719 3417 1773 μοι,
3446 1702 3654 1778 δυνήσῃ

2068 1779 2413 1849 σωφρονῆσαι
2432 1779 2634 1844 λοιπὸν,
2656 1782 2880 1834 ἐκείνων
2895 1784 3002 1836 τῶν
3021 1784 3402 1856 διηγημάτων,
3428 1788 3654 1842 ἐκείνων

2066 1858 2173 1913 τῶν
2214 1862 2522 1932 θεαμάτων,
2554 1862 2781 1916 ἐκείνων
2835 1865 2943 1917 τῶν
2984 1867 3349 1938 ἀκουσμάτων
3387 1873 3653 1941 κατεχόν-

2066 1960 2175 1995 των
2210 1960 2303 1996 σου
2349 1944 2449 2013 τὴν
2498 1945 2697 2016 ψυχὴν,
2734 1948 2830 2000 καὶ
2863 1949 3091 2019 ὀνείρων
3124 1951 3381 2006 τοιούτων
3410 1954 3653 2025 διαδεχο-

2070 2027 2245 2095 μένων
2289 2027 2509 2092 λοιπόν;
2563 2030 2773 2098 πέφυκε
2830 2031 2940 2101 γάρ
2976 2032 3051 2096 ώς
3098 2034 3167 2087 τὰ
3204 2035 3375 2089 πολλὰ
3423 2037 3653 2092 τοιαῦτα

2067 2110 2491 2178 φαντασιοῦσθαι
2518 2114 2551 2182 ή
2584 2112 2754 2183 ψυχὴ,
2784 2107 2873 2166 οἷα
2899 2114 2966 2167 ἂν
2994 2116 3049 2167 ὲν
3078 2117 3262 2189 ήμέρᾳ
3286 2117 3533 2188 βούλεται
3559 2123 3655 2176 καὶ

2068 2193 2322 2263 ἐπιθυμεῖ
2347 2206 2396 2248 ο.
2422 2195 2589 2249 Ὅταν
2610 2191 2704 2250 οὖν
2736 2197 2854 2250 ἐκεῖ
2885 2197 2983 2267 μὲν
3007 2199 3100 2251 καὶ
3125 2201 3425 2272 πράγματα
3448 2203 3655 2277 βλέπῃς

2068 2279 2289 2347 αἰσχρὰ,
2320 2280 2416 2331 καὶ
2456 2281 2678 2351 ῥήματα
2711 2281 2916 2353 ἀκούῃς
2959 2284 3310 2356 αἰσχρότερα,
3333 2287 3523 2343 καὶτὰ
3554 2290 3653 2359 μὲν

2066 2361 2354 2432 τραύματα
2398 2362 2548 2433 δέχῃ,
2579 2363 2647 2416 τά
2699 2363 2756 2417 δὲ
2795 2366 3064 2436 φάρμακα
3117 2367 3193 2439 μὴ
3231 2370 3500 2443 ἐπιτιθῇς,
3534 2375 3653 2439 πῶς

2066 2448 2166 2498 οὐκ
2204 2446 2429 2509 εἰκότως
2466 2448 2500 2517 ἡ
2547 2446 2797 2516 σηπεδὼν
2829 2448 3232 2520 αὐξηθήσεται;
3268 2454 3384 2517 πῶς
3415 2457 3450 2525 ή
3498 2456 3652 2521 νόσος

2066 2530 2165 2581 οὑκ
2221 2529 2630 2599 ἐπιταθήσεται,
2683 2530 2778 2583 καὶ
2826 2531 3006 2601 πολλῷ
3051 2534 3274 2602 μᾶλλον,
3319 2536 3352 2607 ἢ
3405 2538 3500 2591 ἐπὶ
3537 2543 3653 2604 τοῖς

2067 2613 2355 2682 ἡμετέροις
2368 2611 2617 2680 σώμασι;
2643 2613 2989 2684 Κουφότερον
3009 2614 3139 2686 γὰρ,
3163 2615 3280 2685 εἴγε
3293 2618 3652 2691 ἐδουλόμεθα,

2064 2694 2174 2747 τῶν
2208 2694 2474 2763 σωμάτων
2501 2697 2534 2765 ή
2564 2697 2887 2767 προαίρεσις
2923 2696 2993 2749 τὰ
3020 2698 3119 2768 τῆς
3146 2700 3490 2769 διορθώσεως
3533 2705 3652 2757 ἐδέ-

2065 2796 2209 2848 χετο.
2242 2779 2390 2831 Ἐκεῖ
2426 2780 2525 2847 μὲν
2560 2780 2671 2851 γάρ
2711 2781 2805 2833 καὶ
2840 2781 3148 2851 φαρμάκων
3177 2786 3271 2838 καὶ
3313 2786 3511 2859 ἰατρῶν
3558 2791 3653 2845 καὶ

2065 2864 2259 2931 χρόνου
2286 2862 2364 2914 δεῖ
2382 2878 2396 2892 ο
2421 2861 2656 2916 ἐνταῦθα
2690 2862 2746 2916 δὲ
2775 2864 2938 2934 ἀρκεῖ
2962 2864 3285 2936 θελήσαντα,
3312 2871 3407 2924 καὶ
3447 2874 3654 2941 ἀγαθὸν

2066 2946 2319 3013 γενέσθαι
2364 2948 2460 2999 καὶ
2506 2948 2698 3001 κακόν.
2727 2948 2890 3000 ’Ὥστε
2921 2948 3122 3018 μᾶλλον
3152 2951 3315 3017 ὲδέξω
3339 2955 3437 3026 τὴν
3472 2959 3649 3013 νόσον.

2067 3030 2236 3083 Ὅταν
2280 3030 2379 3099 μὲν
2410 3026 2503 3083 οὖν
2537 3030 2605 3084 τὰ
2639 3031 2737 3101 μὲν
2767 3031 3075 3101 βλάπτοντα
3113 3038 3506 3109 συμφορῶμεν,
3547 3058 3654 3111 μη-

2064 3113 2193 3166 δένα
2218 3113 2272 3166 δὲ
2300 3113 2457 3181 λόγον
2481 3112 2767 3184 ποιώμεθα
2800 3115 2910 3167 τῶν
2935 3116 3309 3185 ὠφελούντων,
3342 3123 3471 3176 πότε
3500 3123 3651 3179 ἔσται

2064 3212 2154 3278 τις
2187 3195 2378 3263 ὑγεία;
2420 3195 2520 3248 Διά
2557 3195 2715 3251 τοῦτο
2759 3199 2855 3253 καὶ
2888 3199 3101 3265 Παῦλος
3152 3202 3327 3271 ἔλεγε,
3376 3208 3652 3278 Καθάπερ

2065 3277 2164 3330 καὶ
2194 3278 2264 3329 τὰ
2282 3278 2429 3348 ἔθνη
2460 3281 2532 3334 τὰ
2558 3280 2645 3350 μὴ
2684 3282 2884 3337 εἰδότα
2902 3278 3010 3338 τόν
3043 3287 3210 3341 Θεόν.
3240 3277 3648 3361 Αἰσχυνθῶμεν,

2066 3364 2425 3435 φοϐηθῶμεν,
2453 3368 2502 3420 εἰ
2536 3367 2605 3420 τὰ
2641 3368 2715 3439 μὴ
2745 3370 2925 3423 εἰδότα
2951 3371 3042 3424 τὸν
3072 3373 3205 3426 Θεὸν
3237 3374 3363 3445 ἔθνη
3390 3378 3652 3444 πολλάκις

2067 3449 2365 3531 σωφρονεῖ·
2394 3449 2776 3519 ὲντραπῶμεν,
2802 3451 2930 3504 ὅταν
2972 3455 3195 3509 ἐκείνων
3236 3457 3451 3530 χείρους
3476 3454 3647 3531 ὦμεν.

2065 3530 2299 3585 Εῠκολον
2359 3532 2703 3602 κατορθῶσαι
2774 3536 3162 3608 σωφροσύνην,
3204 3539 3271 3592 ἂν
3330 3540 3605 3614 ἐθέλωμεν
3633 3585 3648 3604 ,

2070 3615 2137 3668 ἂν
2179 3615 2485 3684 ἀπάγωμεν
2522 3616 2632 3669 τῶν
2672 3617 3014 3687 βλαπτόντων
3054 3622 3309 3685 ἑαυτούς’
3356 3625 3478 3678 ἐπεὶ
3530 3627 3651 3681 οὐδὲ

2066 3697 2322 3781 πορνείαν
2352 3697 2635 3767 διαφυγεῖν
2669 3698 2992 3764 εὖκολον,ἆν
3030 3703 3104 3774 μὴ
3144 3703 3409 3775 θέλωμεν.
3438 3707 3504 3760 Τί
3540 3709 3651 3781 γὰρ

2063 3778 2157 3863 τοῨ
2174 3779 2421 3863 ίβμαδίςειν
2443 3782 2531 3833 ἐπ’
2556 3783 2766 3853 ἀγορᾶς
2796 3783 3161 3855 εὐκολώτερον
3184 3787 3210 3826 ἀ
3233 3806 3249 3855 ;
3280 3790 3394 3842 ἀλλ’
3426 3791 3532 3844 ὑπὸ

2069 3860 2269 3931 πολλῆς
2295 3860 2553 3930 βλακείας
2575 3864 2833 3920 δύσκολον
2855 3866 3099 3935 γέγονεν,
3120 3870 3219 3924 οὐκ
3254 3872 3349 3925 ἐπὶ
3372 3860 3650 3941 γυναικῶν

2067 3943 2249 4015 μόνον,
2287 3944 2401 3997 ἀλλ’
2429 3945 2532 4016 ἤδη
2578 3947 2672 4000 καὶ⁵
2707 3948 2800 4001 ἐπὶ
2844 3949 3075 4021 ἀνδρῶν.
3107 3953 3173 4005 Τί
3218 3955 3316 4009 τοῦ
3364 3957 3653 4013 καθεύδειν

2064 4028 2467 4101 εύκολώτερον;
2495 4030 2632 4085 ἀλλά
2659 4033 2753 4085 καὶ
2784 4033 2944 4087 τοῦτο
2962 4035 3219 4092 δύσκολον
3242 4043 3645 4112 πεποιήκαμεν.

2065 4112 2260 4165 Πολλοὶ
2292 4112 2423 4181 γοῦν
2460 4113 2569 4167 τῶν
2603 4115 2875 4169 πλουσίων
2913 4118 2980 4170 δι’
3025 4118 3153 4191 ὅλης
3192 4123 3648 4193 περιστρέφονται

2065 4194 2167 4264 τῆς
2191 4195 2404 4259 νυκτὸς,
2427 4195 2505 4265 τῷ
2536 4196 2612 4269 μὴ
2637 4199 2954 4269 περιμένειν
2980 4200 3078 4273 τὴν
3107 4204 3297 4274 χρείαν
3325 4204 3420 4257 τοῦ
3452 4205 3645 4273 ὕπνου,

2067 4278 2161 4330 καὶ
2193 4280 2314 4333 τότε
2349 4278 2650 4335 καθεύδειν.
2692 4282 2802 4335 Καὶ
2853 4282 2990 4348 ὅλως
3032 4285 3186 4338 οὐδὲν
3223 4286 3481 4341 δύσκολον
3520 4288 3647 4359 βου-

2067 4359 2331 4430 λομένων,
2352 4359 2502 4415 ὥσπε
2511 4380 2541 4434 ρ
2565 4364 2718 4417 οὐδὲν
2743 4362 2965 4420 εὔκολον
2992 4366 3067 4439 μὴ
3095 4367 3434 4441 βουλομένων
3457 4372 3615 4442 ήμῶν
3630 4390 3644 4404 ·

2068 4444 2286 4527 πάντων
2321 4445 2428 4515 γὰρ
2467 4447 2629 4516 ἡμεῖς
2659 4447 2864 4517 κύριοι.
2901 4451 3000 4504 Διά
3027 4450 3187 4505 τοῦτο
3233 4453 3327 4506 καὶ
3359 4455 3393 4525 ή
3430 4454 3643 4527 Γραφὴ,

2069 4527 2171 4579 Ἂν
2195 4526 2427 4595 θέλητε,
2457 4527 2558 4581 καὶ
2588 4530 2990 4601 εὶσακούσητέ
3024 4550 3145 4602 μου
3164 4550 3180 4566 ⁸
3214 4537 3308 4590 καὶ
3334 4535 3518 4603 πάλιν,
3546 4526 3647 4593 Ἂν·

2066 4606 2151 4677 μὴ
2192 4607 2425 4677 θέλητε,
2460 4611 2614 4681 φησι,
2660 4612 2819 4682 μηδὲ
2861 4616 3266 4687 εἰσακούσητέ
3305 4638 3446 4689 μου.
3482 4612 3645 4674 ’Ὥστε

2068 4692 2127 4743 ἐν
2168 4690 2247 4762 τῷ
2290 4691 2485 4759 θέλειν,
2513 4695 2608 4747 καὶ
2652 4694 2732 4766 τῷ
2779 4696 2854 4768 μὴ
2881 4697 3054 4752 θέλειν
3083 4700 3259 4755 κεῖται
3298 4703 3358 4755 τὸ
3385 4706 3513 4759 πᾶν.
3546 4706 3645 4758 Διά

2065 4773 2225 4827 τοῦτο
2253 4775 2348 4827 καὶ
2387 4776 2731 4848 κολαζόμεθά
2775 4782 2869 4834 καὶ
2910 4783 3302 4855 ἐπαινούμεθα.
3334 4787 3550 4841 Γένοιτο
3588 4788 3644 4841 δὲ

2065 4858 2172 4913 τῶν
2229 4859 2635 4934 ἐπαινουμένων
2697 4866 3020 4939 γενομένους
3078 4872 3223 4940 ἡμᾶς
3288 4875 3471 4943 τυχεῖν
3536 4874 3645 4925 τῶν

2063 4943 2489 5090 ὲὲηὲγελμένων
2518 4947 2763 5017 ἀγαθῶν,
2789 4952 2972 5021 χάριτι
3006 4954 3099 5006 καὶ
3128 4955 3528 5028 φιλανθρωπίᾳ,
3552 4958 3644 5010 καὶ

2059 5041 2089 5076 τ
2224 5044 2311 5096 ης.

2175 5174 2312 5243 9ου),
2338 5181 2389 5223 et
2411 5190 2563 5243 marg.
2592 5178 2720 5243 Say‘il
2748 5217 2761 5239 ,
2786 5184 3025 5243 μητρυιὰς.

2128 5238 2148 5263 ο
2178 5235 2274 5311 νει
2292 5235 2558 5309 Ιεεεηίιυᾷι
2596 5235 2892 5302 βούλητάιξ..’
2906 5235 3122 5307 ἐπιθυμῇ,
3150 5246 3245 5303 vel,
3265 5247 3403 5306 juxta
3427 5245 3563 5296 Colb.
3590 5254 3642 5297 et

2128 5310 2218 5352 πε.
2245 5300 2418 5352 δεινή..
2438 5302 2762 5350 omittendum
2786 5306 2859 5350 ἀν.
2884 5304 3017 5352 Emr.

2066 5310 2218 5358 marg.
2245 5310 2418 5358 bam,
2438 5310 2762 5350 omittendum
2786 5310 2859 5350 ἀν.
2884 5310 3017 5352 Emr.

2130 5356 2161 5395 τι
2183 5360 2453 5427 Gentiapus
2489 5362 2761 5431 ῌριινειρε-
2782 5367 2954 5419 vertit.
2995 5364 3121 5423 Quid
3168 5372 3237 5431 gs!
3274 5364 3415 5431 enim
3443 5366 3639 5431 [acilius

2060 5430 2206 5489 quam
2229 5433 2323 5469 non
2342 5422 2499 5492 ξτεᾳιι
2518 5422 2710 5492 forum?
2737 5424 2951 5492 Legerat
2973 5422 3091 5492 efgo
3111 5427 3196 5477 τοῦ
3217 5432 3280 5491 μὴ
3309 5422 3531 5492 βαδίζειν,
3551 5432 3650 5481 sed

2065 5486 2112 5527 in
2140 5486 2479 5547 manuspriptis
2512 5492 2566 5534 el
2588 5487 2738 5537 editis
2756 5486 2956 5552 negatio
2977 5486 3137 5539 abbst.
