4128 6398
432 352 539 409 429

1208 350 1265 403 S.
1303 348 1593 423 JOANNIS
1624 339 2108 406 CHRYSOSTOMI
2148 347 2465 409 ARCHIEP.
2499 349 3051 407 CONSTANTINOP.

3583 353 3691 413 ιτα

1905 737 2155 794 omum
2193 740 2282 807 τῖ’.

431 878 569 949 ῌιιφὶ
604 878 673 929 δὲ
715 894 743 929 τ
750 875 825 949 ῆς
858 876 1257 949 φιλαδελφίας
1280 877 1352 929 οὐ
1372 877 1595 949 χρείαν
1618 877 1845 949 ξχομεν
1866 875 2008 949 τρά-

500 946 638 1017 φειν
666 946 825 1016 ὑμῖν.
879 948 1056 1017 ᾼὺτοὶ
1102 947 1211 1013 γὰρ
1256 947 1424 1015 ὑμεῖς
1463 946 1831 1001 θεοδίδακτοί
1870 947 2012 999 ἐστε

498 1013 585 1082 εἰς
611 1020 677 1069 τὸ
702 1013 944 1085 ἀγαπᾷν
980 1013 1314 1081 ἀλλήλους.
1347 1017 1455 1071 Καὶ
1475 1017 1587 1085 γὰρ
1611 1018 1833 1070 ποιεῖτε
1860 1017 2010 1069 αὐτὸ

497 1092 585 1153 εὶς
613 1087 845 1150 πάντας
878 1085 1019 1150 τοὺς
1046 1085 1348 1156 ἀδελφοὺς
1377 1086 1520 1153 τοὺς
1544 1087 1615 1140 ἐν
1640 1087 1753 1157 ὅλῃ
1787 1086 1863 1155 τῇ
1880 1090 2007 1141 Μα-

501 1159 765 1224 κεδονία.

506 1306 648 1360 α’.Τί
680 1306 877 1377 δήποτε
895 1308 1027 1377 περὶ
1052 1307 1405 1378 σωφροσύνης
1438 1306 1680 1378 σφοδρῶς
1700 1307 2009 1370 αὑτοῖςδια-

430 1389 664 1461 λεχθεὶς,
691 1390 785 1441 καὶ
831 1392 959 1461 περὶ
992 1389 1084 1442 τοῦ
1124 1390 1232 1463 δεῖν
1278 1390 1606 1461 ἐργάζεσθαι
1646 1391 1855 1461 μέλλων
1895 1390 2010 1444 δια-

431 1471 703 1541 λέγεσθαι,
726 1473 821 1524 καὶ
851 1472 979 1542 περὶ
1002 1472 1096 1525 τοῦ
1135 1473 1210 1543 μὴ
1255 1473 1541 1531 λυπεῖσθαι
1594 1477 1701 1537 τοῖς
1738 1473 2008 1545 ἀπελθοῦ-

432 1573 543 1627 σιν,
590 1555 620 1607 ὃ
661 1555 881 1609 πάντων
924 1550 993 1625 ἦν
1045 1556 1345 1625 κεφάλαιον
1388 1558 1499 1609 τῶν
1545 1556 1769 1625 ἀγαθῶν
1817 1557 1881 1610 τὸ
1908 1557 2009 1625 τῆς

430 1641 672 1708 ἀγάπης,
704 1638 861 1691 τοῦτο
913 1643 1055 1693 κατά
1098 1641 1427 1710 παράλειψιν
1459 1640 1661 1713 τίθησι,
1698 1641 1891 1710 λέγων·
1924 1644 2008 1695 Οὐ

430 1726 639 1794 χρείαν
663 1724 883 1794 ἔχομεν
919 1724 1171 1793 τράφειν
1192 1725 1355 1794 ὑμῖν.
1423 1726 1534 1778 Καὶ
1569 1726 1729 1780 τοῦτο
1764 1727 1874 1780 ἀπὸ
1908 1726 2009 1797 τῆς

429 1800 632 1877 πολλῆς
658 1808 929 1871 συνέσεως
961 1810 1055 1861 καὶ
1086 1810 1186 1878 τῆς
1223 1810 1607 1880 πνευματικῆς
1628 1810 2005 1874 διδασκαλίας.

428 1892 533 1945 Δύο
561 1891 670 1961 γὰρ
690 1891 923 1944 ἐνταῦθα
954 1893 1231 1962 ἐμφαίνει,
1259 1893 1317 1945 ἒν
1348 1894 1469 1961 μὲν,
1496 1896 1578 1948 ὅτι
1620 1894 1796 1958 οὕτως
1830 1896 2005 1964 ἀναγ-

429 1976 584 2047 καῖον
627 1975 689 2026 τὸ
716 1976 972 2044 πρᾶγμα,
1001 1974 1076 2041 ὡς
1110 1976 1245 2045 μηδὲ
1272 1977 1623 2042 διδασκαλίας
1653 1978 1865 2032 δεῖσθαι
1886 1996 1903 2011 ⁶
1934 1978 2008 2033 τά

429 2059 540 2130 γὰρ
571 2057 778 2127 σφόδρα
817 2058 1028 2127 μεγάλα
1056 2059 1223 2111 πᾶσίν
1267 2060 1386 2113 ἐστι
1432 2059 1893 2133 δῆλα-’δεύτερον
1922 2063 2007 2133 δὲ,

432 2141 636 2212 μᾶλλον
669 2141 866 2213 αὐτούς
895 2141 1219 2213 ἐντρέπει,ῆ
1251 2143 1301 2197 εἰ
1320 2143 1597 2213 παρῄνεσε
1623 2143 1784 2197 τοῦτο
1814 2145 1999 2199 εἰπών.

442 2223 500 2276 ὐ
523 2222 633 2295 γὰρ
657 2221 916 2291 νομίζων,
937 2224 1137 2288 αὐτοὺς
1158 2225 1608 2298 κατωρθωκέναι,
1627 2228 1723 2280 καὶ
1741 2226 1829 2281 διά
1852 2227 2017 2299 τοῦτα

432 2306 507 2383 μὴ
534 2305 836 2378 παραινῶν,
876 2306 969 2359 καὶ
1013 2308 1060 2360 εἰ
1100 2307 1175 2378 μὴ
1210 2308 1605 2379 κατώρθωσαν,
1638 2311 1912 2381 ἐνήγαγεν
1941 2312 2008 2365 ἂν

432 2389 653 2459 μᾶλλον.
689 2390 799 2441 Kal
824 2390 926 2460 ὅρα
952 2406 971 2439 ’λ
1002 2390 1077 2442 Ού
1109 2390 1256 2459 λέγει
1286 2393 1414 2461 περὶ
1432 2391 1533 2461 τῆς
1560 2393 1780 2463 ἀγάπης
1803 2393 1904 2464 τῆς
1928 2394 2009 2465 εις

428 2473 656 2543 πάντας,
691 2471 828 2525 ἀλλά
854 2471 953 2542 τῆς
975 2474 1054 2534 είς
1073 2474 1199 2536 τοὺς
1230 2474 1513 2544 ἀδελφούς.
1538 2476 1620 2529 Οὺ
1644 2477 1855 2545 χρείαν
1873 2475 2009 2545 ἑχο-

424 2572 539 2625 ιιεν
561 2555 811 2626 γράφειν
840 2555 1000 2624 ὑμῖν.
1027 2556 1230 2626 Ἐχρῆν
1261 2553 1353 2611 οὖν
1382 2559 1687 2631 σιωπῆσαι,
1720 2558 1815 2625 καὶ
1842 2558 2009 2631 μηδέν

428 2642 624 2705 εἰπεῖν,
657 2640 705 2691 εί
743 2639 817 2709 μὴ
852 2639 1009 2710 χρεία
1035 2634 1124 2711 ἦν.
1159 2639 1274 2692 Νῦν
1300 2642 1357 2694 δὲ
1386 2642 1463 2713 τῷ
1488 2644 1687 2708 εἰπεῖν,
1720 2645 1803 2697 οὐ
1832 2644 2009 2713 χρεία

426 2724 582 2787 ἐστὶ,
618 2722 803 2794 μεῖζον
824 2716 1099 2793 ἐποίησεν,
1128 2723 1159 2793 ἢ
1181 2726 1229 2777 εί
1260 2720 1415 2777 εἶπεν
1436 2738 1485 2765 α·
1506 2727 1685 2780 Αὐτοὶ
1704 2728 1814 2796 γὰρ
1838 2728 2008 2798 ὑμεῖς

428 2804 793 2873 θεοδίδακτοί
816 2806 976 2873 ἐστε.
1008 2806 1120 2858 Καὶ
1151 2808 1253 2876 ὃρα
1291 2807 1419 2877 μεθ’-
1444 2809 1573 2861 ὅσου
1610 2809 1891 2881 ἐγκωμίου
1914 2811 2014 2874 τὸν

429 2889 563 2943 θεὸν
592 2890 781 2951 αὐτοῖς
814 2888 1135 2957 διδάσκαλον
1163 2890 1431 2961 ἐπέστησε
1448 2882 1671 2946 τούτου.’
1709 2894 1784 2947 Οὐ
1804 2892 2005 2962 δεῖσθε,

430 2974 587 3042 φησὶ,
604 2971 758 3041 παρὰ
778 2971 1066 3042 ἀνθρώπου
1106 2972 1322 3041 μαθεῖν,
1346 2974 1526 3045 Ὅπερ
1555 2976 1647 3028 καὶ
1672 2977 1702 3028 ὀ
1720 2977 2007 3047 προφήτης

429 3055 586 3124 φησὶ,
604 3053 713 3107 Καὶ
730 3054 974 3121 ἔσονται
989 3053 1210 3121 πάντες
1227 3054 1494 3110 διδακτοὶ
1516 3057 1683 3113 Θεοῦ.
1702 3059 1881 3112 Αὐτοὶ
1894 3060 2008 3129 γὰρ

426 3139 617 3207 ὑμεῖς,
635 3139 789 3207 φησὶ,
807 3138 1177 3194 θεοδίδακτοί
1194 3139 1335 3193 ἐστε
1351 3142 1439 3207 είς
1460 3140 1527 3194 τό
1552 3139 1795 3211 ἀγαπᾷν
1815 3138 2007 3213 ἀλλή-

426 3225 598 3288 λους.
630 3220 739 3275 Καὶ
757 3221 868 3290 γὰρ
895 3221 1117 3275 ποιεῖτε
1133 3223 1281 3276 αὐτὸ
1301 3226 1388 3290 εὶς
1410 3226 1641 3291 πάντας
1663 3220 1805 3293 τοὺς
1830 3227 2006 3282 ἀδελ-

426 3306 580 3374 φοὺς
604 3304 748 3375 τοὺς
772 3306 843 3359 ἐν
864 3305 977 3374 ὅλῃ
1009 3304 1085 3375 τῇ
1114 3306 1477 3375 Μακεδονία*
1514 3308 1609 3362 καὶ
1643 3310 1722 3374 είς
1746 3310 1874 3375 τοὺς
1908 3312 2003 3381 άλ-

425 3391 550 3461 λους
574 3391 803 3453 πάντας,
827 3390 1200 3461 φησί.Σφόδρα
1228 3390 1405 3445 ταῦτα
1432 3393 1764 3464 ἐντρεπτικά
1782 3395 1920 3467 πρὸς
1944 3396 2006 3449 τὸ

425 3477 604 3529 ποιεῖν
651 3474 803 3528 αὑτό.
844 3470 954 3527 Καὶ
1002 3476 1101 3545 οὐχ
1140 3476 1326 3540 ἁπλῶς
1360 3476 1525 3546 λέγω,
1550 3478 1632 3532 ὅτι
1676 3478 2006 3534 θεοδίδακτοί

424 3561 568 3624 ἐστε,
591 3558 706 3612 ἀλλ’
716 3555 830 3629 οἴδα
846 3558 938 3627 ἀφ’
960 3552 1037 3613 ὧν
1056 3562 1282 3629 ποιεῖτε.
1306 3562 1417 3615 Καὶ
1434 3562 1603 3616 πολλά
1624 3564 1807 3627 αὐτοῖς
1834 3568 2007 3636 ἐμαρ-

422 3642 627 3713 τύρησε
689 3643 880 3695 τούτου
935 3643 1139 3697 ἐνεκεν.
1196 3647 1673 3716 Παρακαλοῦμεν
1716 3647 1785 3701 δὲ
1825 3646 2004 3717 ὑμᾶς,

421 3725 699 3797 αδελφοί,
724 3728 1111 3794 περισσεύειν
1127 3726 1393 3796 μᾶλλον,
1415 3730 1712 3795 τουτέστι,
1750 3732 2006 3785 πλεονὰ-

423 3808 563 3873 ζειν,
589 3811 689 3863 καὶ
721 3810 1165 3879 φιλοτιμεῖσθαι
1194 3811 1541 3881 ἡσυχάζειν,
1578 3815 1677 3867 καὶ
1700 3813 2006 3882 πράσσειν

423 3894 495 3946 τὰ
523 3892 667 3957 ἴδια,
706 3892 806 3945 καὶ
834 3892 1176 3961 ἐργάζεσθαι
1206 3896 1329 3961 ταῖς
1363 3897 1576 3964 χερσὶν
1602 3895 1788 3965 ὑμῶν,
1811 3898 2006 3965 καθὼς

423 3975 903 4044 παρηγγείλαμεν
921 3976 1085 4045 ὑμῖν,
1111 3978 1212 4030 ἵνα
1234 3977 1595 4046 περιπατῆτε
1611 3983 2005 4051 εὐσχημόνως

422 4060 572 4129 πρὸς
610 4058 750 4123 τοὺς
777 4057 915 4121 ἔξω,
956 4057 1055 4112 καὶ
1080 4058 1344 4127 μηδενὸς
1389 4063 1604 4129 χρείαν
1632 4063 1835 4131 ἔχητε.
1883 4066 2003 4119 Ἐν-

419 4141 597 4196 ταῦθα
649 4141 920 4194 δείκνυσιν
966 4142 1106 4194 ὅσων
1139 4142 1239 4211 μὲν
1287 4145 1320 4212 ἡ
1373 4145 1542 4215 ἀργία
1592 4149 1777 4200 κακῶν
1827 4150 2002 4215 αίτία,

424 4226 566 4280 ὅσων
593 4224 649 4278 δὲ
682 4224 973 4295 ὴέργασία
1004 4224 1207 4277 καλῶν·
1242 4227 1334 4280 καὶ
1361 4232 1506 4281 ποιεῖ
1538 4230 1669 4283 αὐτὸ
1700 4232 1866 4300 σαφὲς
1898 4234 2012 4295 ἀπὸ,

421 4308 530 4361 τῶν
563 4309 692 4378 παρ’
716 4309 870 4378 ἡμῖν,
898 4307 926 4361 ὃ
954 4307 1225 4379 πολλαχοῦ
1257 4313 1421 4375 ποιεῖ,
1439 4311 1535 4367 καὶ
1566 4312 1724 4365 τοῦτο
1743 4316 1999 4379 συνετῶς⁸

427 4392 629 4460 μᾶλλον
664 4392 775 4462 γὰρ
819 4390 1031 4455 τούτοις
1071 4392 1357 4461 ἐνάγονται
1419 4396 1471 4447 οί
1523 4394 1764 4460 πλείους,
1803 4397 1837 4468 ἢ
1888 4401 2004 4463 τοῖς

421 4476 837 4547 πνευματικοῖς.
868 4475 1118 4546 Ἀγάπης
1147 4474 1257 4547 γάρ
1297 4478 1417 4529 ἐστι
1463 4478 1564 4549 τῆς
1600 4481 1679 4542 εἰς
1702 4480 1829 4543 τοὺς
1860 4481 2001 4553 πλη-

423 4558 558 4622 σίον,
598 4558 719 4627 οὐχὶ
768 4560 899 4629 παρ’
948 4561 1176 4614 ἐκείνων
1229 4561 1553 4632 λαμϐάνειν,
1607 4563 1722 4617 ἀλλ’
1771 4565 2003 4631 ἐκείνοις

422 4640 707 4710 παρέχειν.
726 4641 837 4715 Kal
865 4640 961 4694 θέα
988 4642 1201 4697 σύνεσιν
1221 4660 1236 4675 ·
1271 4645 1498 4699 Μέλλων
1536 4647 1876 4717 παρακαλεῖν
1906 4652 2003 4703 καὶ

422 4727 744 4794 παραινεῖν,
799 4725 963 4795 μέσον
999 4729 1061 4779 τὸ
1103 4727 1437 4800 κατόρθωμα
1480 4730 1719 4801 τίθησιν,
1762 4732 1848 4787 ἵνα
1905 4736 2001 4789 καὶ

420 4807 530 4860 ἀπὸ
566 4808 664 4877 τῆς
708 4810 979 4879 προτέρας
1030 4812 1411 4881 παραινέσεως
1451 4814 1857 4882 ἀναπνεύσωσι,
1903 4819 2000 4872 καὶ

420 4889 522 4959 τῆς
543 4889 792 4960 ἀπειλῆς,
823 4890 985 4961 ἡνίκα
1008 4892 1182 4961 ἔλεγε·
1219 4895 1545 4963 Τοιγαροῦν
1564 4901 1596 4951 ό
1612 4897 1861 4963 ἀθετῶν,
1886 4902 2000 4954 οὐκ

420 4972 735 5040 ἄνθρωπον
756 4973 968 5042 ἀθετεῖ,
982 4976 1144 5030 ἀλλὰ
1170 4976 1278 5030 τόν
1314 4978 1467 5050 [467]
1504 4982 1672 5035 Θεόν·
1715 4983 1811 5035 καὶ
1852 4984 2000 5048 ὅπως

420 5056 593 5127 ταύτῃ
632 5054 709 5127 μὴ
736 5057 1208 5129 ἀποσκιρτήσωσι.
1241 5056 1413 5115 Τοῦτο
1441 5049 1498 5115 δέ
1548 5064 1657 5117 ἀπὸ
1690 5064 1782 5117 τοῦ
1828 5065 1997 5136 ἐργά-

422 5138 614 5202 ζεσθαι
642 5138 873 5207 γίνεται,
913 5138 1055 5191 ὥστε
1106 5142 1181 5215 μὴ
1232 5142 1530 5217 λαμϐάνειν
1591 5146 1726 5217 μηδὲ
1782 5148 1993 5218 ἀργεῖν,
2004 5181 2031 5215 ί

419 5221 534 5275 ἀλλ’
566 5220 932 5292 ἐργαζόμενον
976 5224 1184 5294 ἑτέροις
1221 5227 1513 5301 παρέχειν.
1552 5229 1864 5300 Μακάριον
1890 5233 1996 5301 γάρ

418 5306 573 5370 ἐστι,
622 5305 779 5375 φησὶ,
824 5304 1058 5367 διδόναι
1101 5305 1361 5376 μᾶλλον,
1410 5311 1448 5379 ἢ
1495 5312 1847 5381 λαμϐάνειν.
1887 5314 1998 5385 Καί

419 5387 798 5455 ἐργάζεσθαι,
839 5389 1007 5459 φησὶ,
1048 5391 1178 5457 ταῖς
1240 5394 1456 5460 χερσίν
1497 5395 1685 5464 ὑμῶν.
1720 5397 1831 5450 Ποῦ
1883 5398 1997 5451 τοί-

418 5485 516 5551 νυν
564 5472 701 5523 εἰσὶν
742 5472 793 5524 οί
836 5471 895 5524 τὸ
941 5473 1105 5542 ἔργον
1143 5474 1436 5544 ζητοῦντες
1476 5478 1538 5530 τὸ
1589 5481 1992 5551 πνευματικόν;

432 5550 594 5621 Ὁρᾷς
624 5553 744 5618 πῶς
768 5556 952 5620 αὐτοῖς
988 5559 1170 5611 πᾶσαν
1214 5559 1489 5630 πρόφασιν
1547 5550 1761 5616 ἀνεῖλεν
1800 5565 1993 5633 εἰπὼν,

425 5632 561 5698 Ταῖς
599 5637 810 5703 χερσὶν
850 5640 1038 5708 ὑμῶν.
1090 5638 1237 5712 Ἀρα
1285 5644 1540 5712 νηστείαν
1582 5647 1875 5717 ἐργάζεταί
1910 5632 1994 5714 τις

485 5819 519 5900 ξ
543 5820 604 5868 Ἦ
629 5824 667 5870 εἰ
692 5823 838 5886 εἶπεν,
874 5828 920 5877 id
944 5836 1038 5891 est,
1072 5843 1221 5899 quam
1248 5830 1293 5883 si
1334 5831 1522 5886 locutus
1563 5842 1701 5900 esset,
1722 5837 1783 5890 dc
1828 5835 1991 5890 chari-

424 5883 537 5946 w-

2111 879 2232 939 ταῖς
2286 878 2510 949 χερσίνς
2558 876 2695 931 ἀλλά
2745 875 3108 945 παννυχίδαςς
3166 875 3307 930 ἀλλά
3357 876 3685 947 χαμευνίας;

2112 961 2301 1025 Οὐδεὶς
2326 962 2487 1015 τοῦτο
2524 960 2593 1015 ἂν
2633 960 2777 1013 εἴποι
2802 977 2817 992 ο
2860 960 2995 1013 ἀλλά
3038 960 3168 1029 περὶ
3214 960 3377 1032 ἔργου
3415 962 3546 1031 φησὶ
3594 962 3694 1029 τοῦ,

2112 1045 2485 1115 πνευματικοῦ
2507 1060 2522 1075 ο
2558 1044 2928 1115 πνευματικὸν
2956 1043 3066 1114 γὰρ
3091 1044 3259 1107 ὅντως
3289 1045 3429 1109 ἐστὶ,
3444 1046 3503 1099 τὸ
3525 1049 3688 1119 ἐργατ

2110 1130 2336 1199 ζόμενον
2387 1130 2595 1199 ἑτέροις
2626 1129 2910 1199 παρέχειν,
2963 1129 3059 1182 καὶ
3107 1128 3259 1182 οὐδὲν
3311 1128 3424 1182 ἴσον
3475 1132 3684 1185 τούτου.

2113 1213 2246 1267 Ἵνα
2274 1212 2657 1282 περιπατῆτε,
2682 1214 2867 1284 φησὶν,
2890 1213 3308 1282 εὐσχημόνως.
3340 1214 3504 1286 Ὁρᾷς
3529 1217 3693 1273 πόθεν

2110 1296 2291 1350 αὐτῶν
2320 1296 2661 1350 καθάπτεται
2687 1312 2701 1357 ;
2733 1296 2852 1355 Οὐκ
2876 1292 3053 1362 εἶπεν,
3087 1298 3206 1352 Ἵνα
3230 1300 3306 1369 μὴ
3342 1300 3687 1370 ἀσχημονῆτε

2110 1379 2483 1444 ἐπαιτοῦντες,
2512 1369 2661 1434 ἀλλά
2684 1380 2746 1434 τὸ
2780 1381 2915 1437 αὐτὸ
2959 1381 3059 1451 μὲν
3096 1381 3316 1451 ᾐνίξατο
3337 1425 3351 1449 ,
3387 1369 3688 1455 πραότερον

2110 1464 2167 1517 δὲ
2212 1464 2343 1517 αὐτὸ
2376 1463 2614 1535 τίθησιν,
2671 1463 2813 1516 ὥστε
2865 1464 2961 1518 καὶ
2995 1464 3198 1534 πλῆξαι
3232 1467 3325 1520 καὶ
3371 1467 3445 1537 μὴ
3480 1468 3687 1538 σφόδρα

2109 1546 2332 1611 τούτους
2364 1546 2622 1619 βαρῆσαι.
2649 1547 2837 1618 Είγάρ
2857 1548 2909 1600 οἱ
2937 1549 3066 1618 παρ’
3092 1550 3223 1619 ήμῖν
3246 1550 3684 1615 σκανδαλίζονται

2108 1634 2537 1705 τούτοις,πολλῷ
2569 1634 2774 1706 μᾶλλον
2805 1636 2855 1688 οἱ
2874 1633 3077 1700 ἔξωθεν
3110 1636 3312 1707 μυρίας
3340 1636 3686 1708 εὑρίσκοντες

2110 1714 2445 1793 κατηγορίας
2476 1724 2572 1777 καὶ
2600 1722 2794 1787 λαϐὰς,
2828 1724 2961 1778 ὅταν
3013 1724 3301 1796 ἄνθρωπον
3341 1725 3682 1794 ὑγιαίνοντα,

2110 1812 2207 1869 καὶ
2240 1806 2421 1877 ἐαυτῷ
2473 1806 2706 1879 ἀρκέσαι
2748 1806 3052 1877 δυνάμενον
3092 1806 3293 1878 ὁρῶσιν
3332 1808 3684 1871 ἐπαιτοῦντα.

2110 1891 2203 1944 καὶ⁹
2233 1891 2437 1960 ἐτέρων
2467 1889 2742 1959 δεόμενον.
2770 1889 2862 1943 Διὸ
2888 1890 2985 1943 καὶ
3022 1891 3476 1962 Χριστεμπόρους
3503 1894 3687 1946 καλοῦ-

2112 1992 2197 2031 σιν
2222 1974 2516 2046 ἡμᾶςεΔιὰ
2542 1973 2717 2028 τοῦτο
2745 1974 2812 2028 τὸ
2843 1974 3684 2046 δνομα,νφησὶ,,ϐλασςρημεῖται

2110 2058 2217 2115 τοῦ
2242 2058 2409 2119 Θεοῦ.
2440 2058 2583 2111 Ἀλλ’
2613 2058 2764 2111 οὐδὲν
2792 2057 2999 2114 τούτων
3026 2058 3244 2130 ἔθηκεν,
3263 2060 3377 2113 ἀλλ’
3396 2060 3423 2114 ὅ
3447 2060 3693 2131 μάλιστα,

2110 2140 2291 2195 αὐτῶν
2328 2139 2682 2210 καθάψασθαι
2718 2142 2893 2213 ἴσχυε,
2921 2142 2983 2197 τὸ
3016 2144 3113 2211 τῆς
3142 2143 3551 2215 ἀσχημοσύνης.
3603 2148 3687 2199 Οὐ

2110 2224 2369 2295 θέλομεν
2423 2224 2495 2281 δὲ
2538 2223 2690 2293 ὑμᾶς
2746 2226 3010 2296 ἀγνοεῖν,
3059 2226 3339 2298 ἀδελφοὶ,
3387 2228 3522 2297 περὶ
3570 2229 3688 2283 τῶν

2110 2309 2574 2378 κεκοιμημένων,
2623 2310 2725 2363 ἵνα
2765 2310 2852 2380 μὴ
2898 2309 3216 2379 λυπῆσθε,
3261 2311 3454 2378 καθὼς
3502 2314 3600 2367 καί
3630 2316 3691 2379 οὲ

2107 2392 2309 2451 λοιποὶ
2327 2396 2388 2447 οι
2421 2392 2501 2462 μὴ
2526 2392 2773 2462 ἔχοντες
2796 2394 3033 2450 ἐλπίδα.

2180 2476 2356 2549 β¹.,Δύο
2376 2478 2549 2532 ταῦτα
2576 2478 2808 2549 μάλιστα
2822 2478 3145 2549 ἐλυμαίνετο
3168 2480 3384 2544 αὐτοὺς,
3415 2481 3575 2534 πενία
3592 2480 3686 2533 καὶ

2108 2565 2338 2635 ἀθυμία,
2371 2564 2408 2620 ἀ
2453 2565 2549 2618 καὶ
2594 2566 2803 2631 πάντας
2843 2566 3184 2638 ἀνθρώπους.
3238 2568 3381 2639 Ὅρα
3428 2565 3521 2622 οὖν
3565 2568 3690 2641 πῶςζ

2108 2652 2245 2706 αύτά
2275 2652 2592 2724 θεραπεύει.
2642 2654 2810 2708 Πενία
2848 2654 2906 2708 δέ
2944 2655 3132 2718 αὐτοῖς
3159 2651 3228 2727 ἦν
3270 2657 3335 2710 ἐκ
3375 2656 3471 2711 τοῦ
3508 2658 3683 2729 ἡρπά-

2109 2741 2233 2795 σθαι
2258 2741 2439 2795 αύτῶν
2484 2740 2555 2794 τά
2594 2744 2871 2813 χρήματα.
2904 2744 2966 2797 Εί
3000 2743 3057 2796 δὲ
3088 2738 3163 2799 ὧν
3194 2743 3263 2797 τὰ
3312 2746 3569 2816 χρήματα
3594 2746 3685 2815 ἠρ-

2108 2827 2314 2894 πάζετο
2340 2830 2431 2884 διά
2461 2829 2552 2883 τὸν
2584 2830 2843 2900 Χριστὸν,
2886 2830 3113 2899 τούτους
3149 2832 3359 2885 κελεύει
3386 2831 3685 2903 ἐργαζομέ-

2108 2937 2233 2983 νους
2278 2919 2598 2991 τρέφεσθαι,
2652 2920 2835 2990 πολλῷ
2891 2921 3092 2991 μᾶλλον
3130 2922 3257 2984 τοὺς
3298 2921 3508 2985 ἄλλους.
3562 2921 3693 2990 Ὅτι,

2106 3009 2215 3079 γὰρ
2257 3009 2506 3079 ἡρπάγη,
2546 3008 2707 3078 δῆλον
2748 3011 2812 3065 ἐκ
2848 3008 2942 3063 τοῦ
2970 3010 3169 3072 είπεῖν,
3208 3009 3406 3079 ’Υμεῖς
3442 3009 3681 3079 μιμηταὶ

2105 3096 2390 3162 ἐγένεσθε
2412 3093 2529 3148 τῶν
2562 3095 2939 3163 Ἐκκλησιῶν
2958 3096 3077 3149 τῶν
3101 3098 3171 3150 ἐν
3209 3098 3488 3165 Ἰουδαία.
3516 3097 3639 3157 Πῶς
3660 3112 3675 3158 ;

2108 3179 2233 3232 Ὅτι
2260 3179 2497 3239 ἐκείναις
2511 3178 2741 3249 γράφων
2770 3180 2921 3249 ἔλεγε
2942 3198 2957 3214 ο
2984 3180 3091 3235 Καὶ
3114 3180 3227 3250 τὴν
3255 3180 3536 3249 ἁρπαγὴν
3565 3179 3683 3235 τῶν

2105 3271 2504 3339 ὑπαρχόντων
2556 3270 2726 3341 ὑμῶν
2772 3275 2926 3341 μετά
2972 3271 3162 3340 χαρᾶς
3214 3273 3676 3340 προσεδέξασθε.

2120 3359 2385 3412 Ἐνταῦθα
2426 3359 2614 3413 λοιπὸν
2645 3361 2738 3413 τὸν
2768 3363 2897 3432 περὶ
2937 3362 3287 3426 ἀναστάσεως
3320 3362 3474 3429 λόγον
3522 3365 3688 3434 κινεῖ.)

2108 3447 2219 3514 Καὶ
2244 3446 2331 3511 τί;
2354 3447 2453 3501 οὐκ
2476 3443 2545 3518 ἦν
2571 3448 2754 3512 αὐτοῖς
2782 3450 2912 3519 περὶ
2942 3449 3133 3502 τούτου
3159 3450 3494 3519 διαλεχθείς;
3543 3450 3677 3503 Ἀλλ’

2106 3534 2344 3590 ἐνταῦθα
2378 3535 2563 3607 ἔτερόν
2601 3554 2653 3589 τι
2694 3537 2988 3592 αίνίττεται
3038 3540 3360 3608 μυστήριον.
3414 3539 3571 3591 Ποῖον
3616 3537 3681 3607 δὴ

2104 3623 2264 3676 τοῦτο
2283 3642 2298 3691 ;
2324 3625 2452 3677 Ὅτι
2480 3623 2648 3694 ἡμεῖς
2670 3628 2724 3679 οί
2749 3624 2961 3691 ζῶντες
2982 3628 3033 3679 οί
3057 3630 3558 3695 περιλειπόμενοι,
3578 3643 3685 3695 φη-,

2109 3711 2216 3774 σὶν,
2244 3714 2330 3778 είς
2354 3712 2471 3780 τὴν
2510 3715 2851 3781 παρουσίαν
2885 3714 2993 3767 τοῦ
3028 3715 3271 3782 Κυρίου,
3302 3717 3372 3768 οὐ
3404 3715 3492 3783 μὴ
3533 3714 3679 3783 φθά-

2105 3813 2308 3865 σωμεν
2346 3796 2489 3861 τοὺς
2536 3796 2949 3865 κοιμηθέντας.
3003 3797 3208 3860 Ἱκανὸς
3255 3798 3355 3869 μὲν
3385 3795 3479 3851 οὖν
3517 3798 3614 3851 καὶ
3651 3801 3680 3851 ό

2103 3884 2203 3954 τῆς
2231 3886 2580 3949 ἀναστάσεως
2596 3885 2751 3953 λόγος
2771 3885 3379 3956 παραμυθήσασθαιτὺν
3408 3888 3467 3939 ἐν
3493 3885 3675 3957 ὀδύνῃ*

2109 3970 2293 4038 ἰκανὸν
2322 3972 2378 4026 δὲ
2402 3974 2497 4026 καὶ
2529 3972 2590 4025 τὸ
2611 3973 2706 4027 νῦν
2728 3973 3021 4043 λεγόμενον
3050 3974 3359 4039 ἀξιόπιστον
3389 3977 3562 4027 ποιεῖν
3583 3973 3689 4044 τὴν.

2103 4060 2419 4114 ἀνάστασιν.
2463 4060 2687 4132 Πρῶτον
2724 4060 2781 4115 δὲ
2813 4062 2991 4115 ἐκεῖνο
3024 4063 3288 4130 εἴπωμεν,
3323 4061 3351 4114 ὅ
3396 4063 3488 4115 καὶ
3517 4063 3676 4124 αὐτὸς

2105 4140 2277 4208 εἶπεν,
2292 4146 2374 4197 Οὐ
2386 4144 2535 4197 θέλω
2557 4144 2623 4195 δὲ
2646 4143 2801 4213 ὑμᾶς
2827 4144 3086 4214 ἀγνοεῖν,
3111 4144 3386 4212 ἀδελφοὶ,
3410 4145 3541 4212 περὶ
3563 4144 3679 4197 τῶν

2104 4226 2571 4295 κεκοιμημένων,
2616 4228 2717 4279 ἵνα
2759 4227 2845 4295 μὴ
2900 4226 3200 4294 λυπῆσθε,
3250 4228 3443 4292 καθὼς
3487 4229 3581 4281 καί
3624 4232 3684 4283 οί.

2102 4309 2301 4362 λοιποὶ
2331 4312 2386 4361 al
2403 4309 2490 4377 μὴ
2519 4309 2766 4377 ἔχοντες
2783 4310 3020 4365 ἐλπίδα.
3053 4310 3195 4380 Ὅρα
3215 4310 3331 4373 πῶς
3365 4312 3457 4363 καὶ
3486 4310 3677 4363 ἐνταῦ-

2104 4392 2433 4462 θαήμέρως.
2463 4393 2577 4445 Οὐκ
2607 4387 2780 4457 εἶπεν,
2810 4392 2996 4456 Οὕτως
3024 4394 3241 4465 ἀνόητοί
3259 4396 3403 4459 ἐστε,
3429 4394 3681 4463 καθάπερ

2104 4476 2242 4545 πρὸς
2271 4475 2593 4546 Κορινθίους
2616 4516 2631 4540 ,
2677 4476 2850 4540 οὕτως
2906 4476 3159 4548 ἄφρονες,
3201 4478 3284 4531 ὅτι
3322 4479 3519 4542 ειδότες
3542 4480 3675 4531 ἀνά-

2103 4574 2316 4623 στασιν,
2343 4558 2418 4621 ὡς
2448 4559 2499 4610 οί
2540 4559 2615 4627 μὴ
2650 4558 3028 4628 πιστεύοντες,
3057 4559 3197 4614 οὕτω
3235 4560 3509 4614 λυπεῖσθε·
3539 4560 3676 4614 ἀλλά

2108 4643 2314 4714 σφόδρα
2354 4642 2598 4711 ἡμέρως,
2639 4644 2721 4695 Οὐ
2767 4641 2940 4707 θέλω,
2987 4640 3131 4708 εἷπε,
3176 4642 3275 4714 τὴν
3308 4644 3472 4715 ἀλλην
3497 4642 3676 4698 αὐτῶν

2106 4714 2307 4797 ἀρετὴν
2330 4726 2667 4796 αἰδούμενος.
2699 4726 2807 4779 Kal
2823 4726 2923 4780 οὐκ
2942 4722 3085 4790 εἷπε,
3105 4727 3361 4797 περὶτῶν
3382 4714 3676 4782 ἀποθανόν-

2107 4826 2241 4875 των,
2258 4807 2463 4872 εὐθέως
2489 4809 2597 4863 ἀπὸ
2614 4808 2915 4880 προοιμίων
2929 4808 3029 4880 τὴν
3050 4809 3399 4882 παράκλησιν
3415 4809 3676 4863 καταϐαλ-

2104 4893 2163 4944 λό
2170 4910 2348 4961 μενος.

2175 4977 2311 5035 Ἵνα
2349 4974 2433 5044 μὴ
2478 4972 2781 5041 λυπῆσθε,
2812 4975 2999 5045 φησὶν,
3047 4975 3129 5042 ὡς
3161 4974 3261 5030 καί
3296 4979 3353 5029 οἱ
3388 4976 3591 5031 λοιποί
3620 4978 3674 5031 οι

2098 5059 2184 5129 μὴ
2221 5060 2466 5128 ἔχοντες
2514 5056 2747 5113 ἐλπίδα.
2807 5059 2949 5129 Ἀρα
2997 5058 3058 5111 τὸ
3102 5060 3542 5115 κατακόπτεσθαι
3579 5061 3676 5115 ἐπὶ

2102 5145 2215 5207 τοῖς
2247 5140 2567 5205 ἀπελθοῦσι,
2600 5140 2707 5192 τῶν
2719 5140 2819 5192 οὐκ
2849 5141 3081 5209 ἐχόντων
3107 5142 3253 5194 ἐστὶν
3277 5142 3469 5196 ἐλπίδα
3487 5160 3501 5174 ν
3529 5142 3673 5196 είκόε

2102 5242 2230 5286 τως.
2263 5224 2425 5294 Ψυχὴ
2457 5224 2563 5295 γὰρ
2586 5223 2738 5277 οὐδὲν
2773 5225 2901 5294 περὶ
2929 5225 3277 5288 ἀναστάσεως
3305 5227 3671 5297 ἐπισταμένη,

2102 5308 2240 5362 ἀλλά
2266 5308 2357 5360 τὸν
2406 5308 2638 5361 θάνατον
2682 5305 2871 5359 τοῦτον
2914 5306 3140 5361 θάνατον
3180 5303 3320 5361 εἶναι
3356 5310 3671 5380 νομίζουσα,

2102 5391 2327 5450 εἰκότως
2367 5390 2443 5452 ὡς
2484 5381 2615 5459 περὶ
2656 5389 3011 5443 ἀπολωλότων
3050 5390 3307 5444 κόπτεται
3350 5393 3447 5445 καὶ
3487 5392 3679 5463 θρηνεῖ

2102 5476 2197 5527 καὶ
2221 5474 2510 5541 ἀφορήτως
2539 5468 2758 5524 πενθεῖ·
2791 5472 2854 5523 σὺ
2879 5472 2936 5524 δὲ
2966 5472 2994 5523 ὁ
3016 5472 3330 5542 προσδοκῶν
3356 5474 3672 5539 ἀνάστασιν,

2100 5557 2244 5619 τίνος
2292 5554 2478 5607 ἓνεκεν
2516 5553 2716 5624 ὀδύρῃ;
2760 5555 2903 5623 Ἀρα
2938 5553 3047 5608 τῶν
3085 5555 3161 5625 μὴ
3206 5555 3437 5625 ἐχόντων
3483 5557 3675 5611 ἐλπίδα

2100 5641 2217 5693 ἐστὶ
2260 5638 2321 5691 τὸ
2368 5636 2671 5707 ὀδύρεσθαι.
2736 5636 3028 5691 Ἀκούσατε
3069 5638 3179 5691 τῶν
3230 5640 3507 5708 γυναικῶν
3553 5641 3675 5695 ὅσαι

2102 5722 2433 5794 φιλόθρηνοι,
2466 5723 2589 5775 ὅσαι
2621 5721 2757 5792 πρὸς
2790 5721 2859 5775 τά
2886 5721 3058 5791 πένθη
3094 5724 3383 5794 ἀφορήτως
3416 5724 3671 5796 φέρεσθε,

2099 5810 2180 5861 ὅτι
2220 5807 2290 5860 τὰ
2315 5807 2423 5858 τῶν
2454 5804 2682 5857 ἐθνικῶν
2727 5804 3015 5875 πράττετε.
3058 5805 3123 5857 El
3162 5805 3219 5858 δὲ
3258 5806 3319 5860 τὸ
3362 5807 3550 5877 ἀλγεῖν
3578 5810 3675 5862 ἐπὶ

2100 5896 2210 5957 τοῖς
2264 5889 2587 5948 ἀπελθοῦσιν
2649 5887 2911 5956 ἐθνικῶν,
2966 5888 3027 5943 τὸ
3083 5892 3519 5949 κατακόπτεσθαι
3579 5896 3673 5965 καὶ
