4114 6396
373 374 480 429 49⁸9

1200 372 1263 427 ΙΝ
1302 370 1510 427 EPIST.
1556 370 1573 423 Ι
1637 366 1733 425 AD
1768 366 2096 431 THESSAL.
2135 369 2285 426 CAP.
2330 371 2414 427 Ν.
2458 373 2687 432 llOMlL.
2728 376 2815 432 Vi.

374 501 3222 543 MM

3532 386 3637 443 ιω

3240 519 3580 533 ——-————-—-

1781 573 2114 636 HOMILIA
2159 577 2265 638 Vl.

366 730 495 784 CAP.
556 730 608 784 4.
663 745 714 782 v.
766 728 823 785 9.
871 727 949 782 De
994 729 1205 783 caritate
1248 736 1417 779 autem
1467 724 1798 796 fraternitatis
1843 738 1943 775 non

438 822 704 874 habuimus
728 837 927 874 necesse
949 820 1165 874 scribere
1190 819 1328 873 vobis
1355 834 1373 871 :
1395 817 1494 884 ipsi
1517 817 1648 869 enim
1673 832 1758 868 vos
1783 832 1814 867 a
1835 813 1945 867 Deo

439 910 685 964 didicistis
710 921 762 963 ut
780 910 1001 979 diligatis
1020 910 1253 963 invicem.
1283 907 1371 962 10.
1402 905 1604 960 Etenim
1623 906 1755 958 illud
1776 906 1944 975 facitis

438 1005 491 1057 in
520 1019 692 1056 omnes
722 1007 904 1072 fratres
931 1003 984 1055 in
1007 1004 1240 1055 universa
1271 999 1596 1054 Macedonia.

439 1096 491 1148 1.
528 1094 821 1161 Quamnam
848 1093 919 1146 ob
953 1100 1188 1156 causam,
1220 1106 1341 1145 cum
1387 1090 1454 1144 de
1497 1087 1846 1157 temperantia
1886 1094 1941 1141 et

367 1186 615 1256 pudicitia
646 1195 752 1239 tam
774 1184 1117 1239 vehementer
1139 1184 1505 1246 disseruisset,
1534 1193 1589 1236 et
1612 1180 1756 1250 quod
1782 1180 1943 1248 opor-

371 1285 478 1330 teat
504 1277 714 1345 operari
740 1284 883 1331 esset
908 1276 1302 1343 disceptaturas
1328 1316 1343 1334 ,
1395 1285 1448 1328 et
1474 1272 1616 1342 quod
1649 1288 1752 1325 non
1781 1286 1941 1340 opor-

371 1375 480 1420 teat
525 1366 710 1421 dolore
764 1365 902 1419 afﬁci
951 1366 1021 1419 ob
1060 1379 1155 1419 eos
1200 1363 1291 1434 qui
1337 1362 1687 1417 decesserunt
1736 1378 1750 1412 :
1796 1359 1939 1429 quod

370 1458 635 1515 honorum
680 1458 917 1513 omnium
960 1465 1044 1512 est
1089 1467 1289 1527 caput,
1325 1471 1519 1525 nempe
1560 1455 1790 1521 caritas,
1838 1452 1939 1508 hoc

369 1550 516 1619 ponit
568 1549 685 1603 aliis
741 1548 1031 1603 derelictis.
1089 1547 1211 1601 Non
1255 1562 1494 1613 necesse,
1541 1546 1747 1616 inquit,
1780 1545 1938 1598 habe-

366 1658 478 1694 mus
508 1642 578 1693 ad
610 1656 694 1694 vos
717 1639 975 1695 scribere?
1027 1638 1191 1710 quue
1243 1654 1311 1693 ex
1349 1640 1515 1693 multa
1560 1638 1837 1707 prudentia
1884 1644 1940 1691 et

365 1734 629 1805 spirituali
681 1734 944 1790 doctrina.
998 1734 1112 1787 Duo
1160 1733 1304 1789 enim
1359 1732 1445 1786 hic
1500 1732 1739 1787 indicat:
1774 1746 1935 1785 unum

365 1827 615 1897 quidem,
647 1827 789 1897 quod
836 1843 923 1881 res
968 1835 1050 1882 est
1092 1827 1229 1882 adeo
1269 1826 1608 1890 necessaria,
1658 1834 1810 1881 utne
1835 1825 1936 1880 do-

363 1919 532 1975 ctrina
575 1919 788 1987 quidem
827 1928 1012 1989 egcat;
1042 1934 1165 1974 nam
1194 1934 1312 1988 quae
1355 1928 1481 1973 sunt
1520 1916 1672 1974 valde
1721 1932 1933 1987 magna,

364 2020 487 2065 sunt
511 2012 759 2066 omnibus
794 2013 1105 2067 manifesta:
1128 2011 1421 2067 secundum
1445 2020 1643 2078 autem,
1672 2011 1753 2067 eis
1777 2011 1939 2080 majo-

367 2119 477 2156 rem
506 2102 760 2171 pudorem
797 2104 984 2158 incutit
1005 2143 1022 2168 ,
1054 2119 1214 2174 quam
1238 2104 1281 2157 si
1309 2103 1674 2159 admonuisset
1715 2104 1817 2157 hoc
1850 2103 1935 2158 di-

364 2208 514 2249 cens.
546 2194 677 2249 Nam
706 2196 796 2265 qui
838 2196 1106 2249 existimat
1135 2210 1230 2250 eos
1276 2211 1334 2250 se
1377 2205 1523 2250 recte
1558 2197 1790 2266 gessisse
1812 2237 1828 2263 ,
1880 2205 1935 2250 et

365 2286 485 2349 ideo
512 2302 615 2340 non
641 2287 927 2352 admonet;
954 2289 998 2341 si
1028 2303 1087 2343 se
1123 2302 1231 2342 non
1258 2298 1403 2343 recte
1424 2288 1734 2358 gessissent,
1763 2289 1933 2359 magis

366 2379 678 2435 induxisset.
726 2379 857 2435 Vide
881 2390 1058 2435 autem
1089 2396 1226 2435 :non
1250 2381 1379 2436 dicit
1404 2381 1474 2437 de
1488 2382 1709 2436 caritate
1737 2382 1790 2436 in
1816 2397 1936 2437 om-

365 2486 480 2538 nes,
514 2473 604 2525 sed
646 2470 714 2526 de
737 2472 957 2528 caritate
984 2472 1035 2526 in
1074 2472 1288 2529 fratres.
1319 2473 1438 2527 Non
1459 2490 1587 2544 apus
1615 2472 1853 2527 habemus
1870 2472 1938 2526 ad

365 2580 449 2617 uos
473 2551 708 2619 scribere.
750 2564 974 2634 Oportet
1017 2581 1145 2636 ergo
1184 2566 1345 2622 silere
1373 2576 1428 2622 et
1454 2566 1584 2621 nihil
1632 2566 1814 2622 dicere
1838 2606 1853 2631 ,
1890 2566 1935 2619 si

365 2673 473 2724 non
499 2673 635 2728 opus
662 2660 750 2712 sit.
794 2658 943 2713 Nune
974 2671 1150 2715 autem
1178 2660 1406 2715 dicendo
1425 2700 1442 2726 ,
1492 2658 1616 2713 Non
1660 2676 1789 2729 opus
1817 2668 1889 2713 est
1913 2698 1931 2723 ,

366 2752 482 2820 plus
502 2749 627 2804 fecit
648 2766 807 2820 quam
827 2751 872 2805 si
897 2750 1135 2806 dixisset.
1160 2755 1190 2805 Ι
1197 2752 1274 2821 psi
1315 2752 1446 2806 enim
1492 2767 1579 2806 vos
1607 2768 1639 2804 a
1667 2750 1776 2806 Deo
1801 2750 1936 2803 didi-

363 2844 520 2905 cistis.
549 2844 680 2899 Vide
707 2853 885 2899 autem
911 2860 1029 2898 cum
1056 2854 1252 2916 quanta
1281 2845 1437 2901 laude
1464 2845 1628 2900 Deum
1655 2845 1774 2915 ejus
1800 2844 1933 2914 ipsis

364 2937 635 2993 doctorem
665 2938 939 2993 constituit
967 2954 982 2991 :
1013 2937 1131 2993 Non
1168 2952 1302 3007 opus
1329 2948 1412 2993 est
1438 2980 1452 3005 ,
1498 2940 1669 3008 inquit
1695 2978 1710 3004 ,
1754 2947 1813 2992 ut
1836 2952 1933 2993 vos

364 3029 581 3083 tliscatis
628 3029 696 3083 ab
743 3029 980 3092 homine.
1019 3028 1171 3096 Quod
1204 3028 1461 3100 prOpheta
1503 3045 1717 3100 quoque
1761 3028 1937 3086 dicit:

368 3118 431 3172 lit
460 3130 642 3184 erunt,
676 3120 849 3189 inquit
871 3160 887 3187 ,
920 3136 1093 3173 omnes
1140 3136 1171 3171 a
1211 3118 1318 3173 Deo
1347 3120 1501 3181 docti.
1554 3118 1688 3186 Vos,
1724 3118 1933 3190 inquit,

363 3227 534 3267 Omnes
559 3227 589 3263 a
614 3210 721 3263 Deo
760 3210 1007 3264 didicistis
1027 3251 1042 3275 ,
1078 3219 1133 3266 ut
1156 3209 1431 3281 diligeretis
1464 3210 1690 3265 invicem.
1734 3208 1936 3265 Etenim

364 3303 493 3355 illud
522 3302 689 3371 facitis
714 3303 767 3354 in
805 3318 975 3356 omnes
1004 3303 1224 3371 fratres,
1262 3302 1347 3369 qui
1371 3310 1487 3355 sunt
1525 3302 1581 3355 in
1618 3310 1723 3355 tota
1761 3300 1936 3355 Mace-

364 3396 517 3452 donia
548 3412 566 3449 :
600 3403 653 3448 et
680 3394 731 3448 in
759 3409 946 3449 omnes
975 3395 1113 3449 alios
1136 3435 1151 3459 ,
1184 3396 1376 3464 inquit.
1423 3396 1547 3449 Haec
1576 3394 1733 3449 valde
1760 3394 1930 3462 pudo-

365 3504 476 3541 rem
507 3490 769 3541 incutiunt
811 3489 875 3541 ad
908 3486 1009 3542 hoc
1045 3499 1106 3544 ιιι
1144 3490 1196 3543 id
1228 3487 1443 3543 faciant.
1506 3487 1573 3543 Et
1615 3503 1717 3541 non
1749 3488 1845 3541 abs
1874 3503 1934 3541 re

366 3579 486 3633 dico
511 3620 526 3642 ,
558 3580 701 3649 qttod
741 3596 771 3635 a
820 3581 929 3635 Deo
968 3580 1227 3641 didicistis
1250 3623 1263 3644 ,
1307 3580 1403 3637 sed
1432 3579 1559 3634 illud
1591 3580 1712 3634 novi
1758 3596 1822 3635 ex
1870 3580 1935 3634 iis

365 3687 483 3740 quae
512 3671 703 3727 facitis.
751 3672 826 3726 De
856 3672 959 3728 hac
983 3688 1042 3727 re
1070 3672 1148 3726 eis
1178 3672 1340 3725 multa
1371 3671 1574 3740 prmhet
1609 3670 1931 3724 testimonia.

369 3761 628 3831 Rogamus
653 3771 820 3816 autem
843 3778 949 3826 vos,
979 3765 1182 3832 fratres,
1210 3771 1264 3815 ut
1286 3760 1546 3815 abundetis
1563 3761 1741 3831 magis,
1773 3761 1857 3814 11.
1890 3768 1937 3813 et

368 3869 571 3922 operam
585 3855 730 3917 detis,
745 3864 799 3907 ut
812 3855 966 3924 quieti
985 3855 1113 3919 sitis,
1133 3864 1178 3908 et
1194 3863 1246 3907 ut
1260 3863 1471 3907 oestrum
1485 3854 1737 3924 negotium
1750 3853 1933 3923 agatis,

369 3954 414 3999 et
443 3947 717 4015 ορει·εηιίηἰ
739 3946 968 4000 manibus
997 3946 1193 4013 vestris,
1226 3945 1356 4000 sicut
1384 3946 1713 4014 praecepimus
1757 3944 1894 3998 vobis
1916 3984 1933 4009 ,

370 4049 424 4093 ut
450 4039 650 4091 honeste
682 4036 946 4092 ambuletis
983 4036 1051 4090 ad
1076 4053 1160 4091 eos
1189 4036 1275 4107 qui
1298 4036 1423 4105 foris
1465 4044 1619 4100 sunt,
1649 4044 1695 4089 et
1744 4035 1937 4089 nullius

369 4131 561 4200 aliquid
585 4129 897 4197 desideretis.
938 4129 1034 4183 llic
1062 4129 1295 4185 ostendit
1315 4144 1474 4197 quam
1500 4128 1790 4181 multorum
1818 4143 1935 4180 ma-

374 4224 541 4275 lorum
565 4237 721 4275 causa
750 4222 819 4275 sit
844 4221 1035 4286 otium,
1065 4236 1222 4290 quam
1250 4226 1538 4276 multorum
1562 4229 1739 4275 autem
1769 4220 1938 4275 bono-

372 4329 489 4369 rum
519 4315 789 4383 Operatio;
835 4313 992 4383 idque
1036 4313 1198 4371 efﬁcit
1228 4313 1561 4367 manifestum
1603 4327 1671 4367 ex
1718 4311 1784 4367 iis
1818 4325 1939 4381 quae

373 4414 497 4459 sunt
524 4404 662 4474 apud
691 4420 807 4467 nos,
842 4413 899 4459 ut
922 4404 1048 4458 facit
1084 4403 1266 4458 multis
1290 4404 1342 4458 in
1373 4403 1543 4468 locis;
1571 4413 1623 4458 et
1653 4404 1940 4474 prudenter

374 4512 502 4552 sane
529 4514 543 4549 :
576 4496 660 4551 his
681 4497 826 4552 enim
851 4499 1019 4567 magis
1043 4496 1367 4551 inducuntur
1393 4494 1576 4563 plures
1602 4535 1618 4559 ,
1641 4509 1799 4565 quam
1828 4494 1939 4563 spi-

375 4588 675 4643 ritualibus.
734 4586 830 4643 Est
861 4589 1005 4643 enim
1035 4586 1273 4641 caritatis
1312 4587 1364 4640 in
1392 4586 1697 4655 proximos,
1736 4600 1841 4640 non
1871 4583 1940 4638 ab

374 4678 479 4733 illis
521 4679 805 4748 accipere,
849 4677 944 4733 sed
991 4678 1094 4733 illis
1120 4678 1377 4747 praebere.
1417 4676 1551 4733 Vide
1593 4685 1771 4731 autem
1816 4692 1941 4746 pru-

377 4770 608 4825 dentiam
651 4788 664 4823 :
696 4784 815 4825 eum
845 4777 989 4824 esset
1027 4779 1307 4839 rogaturus
1335 4777 1390 4824 et
1431 4768 1798 4823 admoniturus
1826 4810 1841 4834 ,
1891 4767 1943 4822 id

377 4859 518 4929 quod
549 4870 694 4915 recte
723 4860 782 4914 ﬁt
807 4861 955 4930 ponit
981 4861 1033 4915 in
1064 4861 1257 4924 medio,
1292 4870 1349 4915 nt
1376 4868 1430 4916 et
1454 4876 1482 4914 a
1508 4861 1673 4930 priori
1702 4859 1946 4914 admoui-

379 4954 523 5012 tione
553 4953 817 5024 respirent
844 4964 899 5009 et
922 4970 952 5007 a
983 4954 1140 5008 minis
1163 4995 1178 5020 ,
1226 4953 1439 5023 quando
1463 4952 1678 5008 dicebat
1709 4970 1723 5007 :
1755 4949 1937 5020 Itaque

378 5046 465 5115 qui
495 5046 600 5099 hazc
629 5045 858 5114 spernit,
909 5062 1011 5099 non
1035 5046 1287 5103 hominem
1329 5045 1561 5115 spernit,
1600 5043 1688 5098 sed
1730 5043 1941 5106 Deum;

381 5146 437 5191 et
462 5147 517 5191 ut
544 5135 645 5191 hac
671 5136 879 5192 ratione
906 5152 973 5192 ne
1000 5138 1266 5192 resiliaut.
1299 5137 1409 5192 lloc
1439 5146 1617 5192 autem
1646 5135 1703 5189 ﬁt
1729 5150 1796 5190 ex
1815 5149 1948 5204 ope-

382 5228 589 5297 ratione
611 5268 628 5295 ,
659 5237 719 5283 ut
746 5244 918 5300 neque
942 5229 1242 5298 accipiant,
1286 5243 1459 5299 neque
1482 5229 1589 5283 sint
1625 5227 1819 5291 otiosi,
1853 5225 1949 5281 sed

383 5328 668 5389 operantes
700 5320 821 5375 aliis
848 5320 1141 5390 praebeant.
1181 5320 1387 5376 Beatius
1424 5331 1498 5376 est
1523 5321 1664 5376 enim
1689 5361 1706 5387 ,
1736 5319 1948 5390 inquit,

385 5410 509 5481 dare
542 5427 696 5481 quam
724 5413 971 5480 accipere.
1008 5411 1074 5466 Et
1123 5413 1432 5481 operemini,
1479 5412 1683 5483 inquit,
1722 5411 1955 5467 manibus

388 5501 565 5556 vestris
595 5500 614 5570 (
641 5502 755 5555 Act.
786 5502 880 5557 9.0.
910 5502 979 5556 55
1003 5502 1043 5573 ).
1090 5502 1192 5558 Ubi
1236 5512 1359 5557 sunt
1402 5518 1530 5573 ergo
1577 5502 1667 5572 qui
1706 5509 1957 5571 quaerunt

388 5608 524 5659 opus
551 5593 861 5663 spirituale?
883 5592 1041 5649 Vides
1063 5595 1333 5666 quomodo
1360 5596 1440 5651 eis
1465 5611 1676 5650 munem
1698 5594 1958 5649 ademerit

389 5684 508 5752 ejus
533 5687 614 5741 rei
657 5691 988 5746 occasionem
1009 5730 1028 5757 ,
1054 5689 1236 5745 dicens
1261 5732 1276 5756 ,
1317 5688 1553 5744 Manibus
1577 5690 1769 5743 vestris.
1808 5687 1959 5757 Jeju-

396 5776 612 5852 niumpe
650 5792 900 5853 operatur
941 5784 1133 5854 aliquis
1173 5782 1458 5839 manibus?
1503 5797 1629 5837 unm
1669 5790 1955 5838 nocturnas

2051 719 2307 823 vigilias?
2348 729 3017 823 numhhumicubationes?
3052 741 3221 800 Nemo
3249 747 3349 805 hoc
3389 752 3631 823 dixerit;

2051 812 2158 917 sed.
2175 812 2242 867 de
2271 828 2434 883 opere
2462 817 2593 874 dicit
2617 824 2877 891 spirituali
2913 846 2930 883 :
2957 841 3042 886 est
3078 836 3218 890 enim
3248 856 3433 896 revera
3457 812 3621 917 spiritui

2052 902 2193 957 tuale
2216 943 2232 969 ,
2263 917 2578 974 operantem
2608 912 2737 969 aliis
2757 918 2995 984 praebere
3017 962 3032 985 ,
3079 933 3135 979 et
3168 929 3373 986 nullum
3403 902 3537 1004 opus

2048 1002 2223 1059 potest
2238 999 2573 1091 requiparari.
2600 1002 2667 1058 Ut
2687 1006 2915 1077 honeste,
2934 1012 3125 1091 inquit,
3147 999 3626 1088 ambuletistidec

2046 1087 2316 1178 quomodo
2342 1103 2436 1144 eos
2478 1100 2674 1163 tangat.
2722 1097 2838 1153 Non
2878 1087 3051 1169 dixit,
3100 1108 3178 1163 Ne
3208 1110 3488 1175 inhoneste
3523 1087 3622 1178 vos

2045 1176 2243 1268 geratis
2270 1179 2674 1251 mendicantes;
2716 1189 2813 1245 sed
2842 1192 3069 1263 idipsum
3098 1200 3314 1268 quidem
3336 1209 3498 1265 tacite
3537 1176 3615 1267 si;

2045 1266 2334 1366 gniﬁcavit,
2368 1274 2550 1366 mitius
2575 1288 2750 1334 autem
2781 1286 2964 1352 ponit,
2999 1301 3057 1346 ut.
3078 1266 3133 1346 et
3164 1307 3401 1366 pungat,
3428 1313 3483 1357 et
3508 1266 3614 1361 non

2045 1358 2396 1461 .vehementer
2416 1363 2515 1421 hos
2540 1379 2746 1437 gravet.
2774 1373 2904 1428 Nam
2932 1378 2976 1430 si
3004 1379 3037 1432 ii
3065 1358 3300 1449 quiisuu't
3327 1358 3466 1458 apud
3490 1358 3610 1461 nos,

2045 1446 2129 1502 his
2158 1450 2497 1511 oll‘enduntur
2521 1498 2536 1522 ,
2587 1462 2753 1517 multo
2791 1468 2958 1536 magis
3001 1446 3246 1539 externi,
3284 1446 3616 1540 iurenientes

2044 1542 2187 1639 mille
2201 1550 2497 1639 accusandi
2522 1562 2577 1608 et
2600 1556 3026 1625 reprehendendi
3056 1578 3217 1620 ansas
3238 1609 3253 1632 ,
3283 1573 3497 1639 quando
3527 1576 3608 1630 vi.

2041 1633 2171 1690 dent
2200 1637 2468 1697 hominem
2502 1658 2693 1704 sanum
2716 1688 2733 1714 ,
2776 1659 2831 1705 et
2858 1653 2948 1721 qui
2980 1654 3080 1709 sibi
3108 1666 3282 1725 potest
3299 1633 3563 1721 sufﬁcere
3588 1706 3604 1721 .

2041 1730 2344 1826 mendicare
2374 1744 2428 1787 et
2467 1736 2586 1792 aliis
2611 1753 2742 1808 opus
2768 1741 2989 1799 habere.
3032 1747 3097 1801 Et
3140 1748 3261 1805 ideo
3302 1768 3399 1808 nos
3423 1758 3613 1826 appel-

2041 1817 2152 1874 lant
2207 1823 2671 1896 Christemporos,
2726 1831 2828 1888 hoc
2876 1844 2959 1889 est
3002 1837 3200 1895 Christi
3246 1817 3610 1903 mercatores:

2041 1909 2320 1982 Propterea
2342 1957 2358 1982 ,
2388 1918 2556 1988 inquit
2577 1962 2590 1982 ,
2623 1924 2999 1993 blasphematur
3019 1945 3200 1985 nomen
3235 1932 3350 1991 Dei.
3383 1940 3450 1990 At
3480 1938 3619 1997 nihil;

2041 2000 2230 2058 horum
2260 2008 2471 2074 posuit,
2503 2010 2596 2064 sed
2626 2012 2675 2065 id
2704 2014 2843 2082 quod
2874 2018 3106 2073 maxime
3133 2035 3227 2075 eos
3255 2032 3461 2091 poterat
3496 2035 3611 2083 tan-

2039 2108 2185 2163 gere,
2215 2111 2407 2165 nempe
2431 2098 2665 2156 dedecus
2694 2112 2747 2157 et
2774 2108 3156 2174 turpitudinem
3186 2128 3200 2164 :
3235 2112 3323 2173 12.
3348 2113 3606 2172 Nolumus

2039 2198 2205 2241 autem
2246 2206 2332 2245 vos
2359 2193 2593 2262 ignorare
2610 2234 2625 2261 ,
2653 2199 2854 2265 fratres,
2882 2198 2947 2252 de
2989 2200 3352 2260 dormientibus
3373 2246 3389 2273 ,
3419 2219 3476 2260 ut
3502 2225 3603 2263 non

2038 2280 2400 2335 contristemini
2444 2285 2573 2337 sicut
2620 2294 2668 2339 et
2729 2290 2896 2342 ueteri
2943 2292 3030 2359 qui
3075 2309 3217 2361 spem
3262 2311 3364 2350 non
3415 2297 3608 2360 habent;

2041 2362 2217 2432 (Rom.
2262 2363 2317 2419 2.
2347 2364 2418 2419 24
2438 2367 2478 2434 ).

2116 2450 2172 2505 2.
2198 2449 2323 2505 Haec
2342 2452 2452 2507 duo
2479 2456 2711 2511 maxime
2743 2473 2840 2513 eos
2864 2464 3307 2528 pessumdabant,
3332 2474 3637 2536 paupertas

2044 2550 2102 2595 et
2130 2540 2299 2595 animi
2331 2544 2622 2612 :egritudo,
2659 2553 2719 2600 ut
2746 2549 2990 2619 reliquos
3016 2554 3181 2607 etiam
3212 2556 3629 2612 homines.Vide

2056 2640 2239 2687 autem
2280 2637 2557 2703 quomodo
2613 2653 2679 2693 ea
2709 2652 2885 2696 curet.
2928 2645 3230 2715 Paupertas
3276 2657 3461 2703 autem
3494 2650 3626 2705 hinc

2046 2731 2169 2776 orta
2214 2732 2319 2787 est,
2358 2725 2504 2794 quod
2548 2726 2756 2783 fuerint
2812 2740 2981 2802 rapta:
3007 2750 3199 2789 eorum
3246 2738 3514 2806 pecuniae.
3564 2738 3622 2792 Si

2045 2824 2233 2869 autem
2276 2830 2374 2871 eos
2425 2834 2661 2887 quorum
2706 2824 2956 2891 pecuniae
3007 2825 3364 2896 rapiebantur
3394 2837 3623 2898 propter

2048 2904 2350 2973 Christum,
2383 2910 2541 2980 jubet
2566 2922 2861 2982 operanles
2891 2917 2985 2982 ali,
3022 2918 3197 2973 multo
3240 2921 3414 2990 magis
3461 2921 3618 2975 alios.

2040 2996 2176 3051 Nam
2199 2999 2346 3068 quod
2368 3011 2535 3071 raptae
2552 3004 2759 3059 fuerint
2784 3021 2978 3061 eorum
3005 3010 3251 3078 pecuniae
3268 3010 3396 3065 hinc
3415 3010 3619 3080 liquet:

2043 3089 2364 3159 Imitatores,
2388 3095 2587 3164 inquit,
2608 3096 2780 3165 fuistis
2805 3098 3157 3154 Ecclesiarum
3174 3117 3291 3171 qua:
3306 3110 3429 3154 sunt
3453 3102 3506 3155 in
3524 3100 3620 3154 Ju-

2046 3187 2163 3241 dca
2195 3188 2256 3257 (1
2295 3188 2468 3243 Thess.
2496 3190 2549 3243 2.
2586 3190 2696 3259 14).
2724 3190 3044 3257 Quomodo?
3071 3192 3210 3259 Quia
3236 3194 3345 3248 illis
3371 3194 3622 3250 scribens

2037 3281 2258 3336 dicebat
2282 3299 2295 3335 :
2316 3282 2387 3335 Et
2416 3284 2666 3353 rapinam
2686 3284 2944 3338 bonorum
2973 3294 3265 3339 uestrorum
3285 3304 3403 3340 cum
3426 3288 3620 3358 gaudio

2033 3374 2334 3443 suscepistis
2361 3375 2540 3445 (Hebr.
2566 3375 2878 3447 10.34).Hic
2909 3387 3093 3432 autem
3115 3378 3182 3433 de
3214 3380 3623 3435 resurrectione

2037 3466 2210 3537 agitat
2231 3483 2563 3523 sermonem.
2588 3469 2732 3536 Quid
2751 3471 2922 3524 vero?
2948 3486 3132 3524 annon
3152 3471 3221 3525 de
3246 3486 3314 3525 eo
3329 3486 3453 3525 cum
3480 3471 3620 3540 ipsis

2033 3556 2401 3613 disseruerat?
2417 3558 2522 3613 Sed
2537 3559 2627 3613 hic
2642 3560 2918 3629 quoddam
2932 3559 3163 3615 alterum
3179 3560 3493 3617 subindicat
3506 3578 3617 3633 my-

2031 3649 2587 3716 sterinm.Quodaam
2610 3661 2793 3705 autem
2818 3651 2927 3706 hoc
2949 3652 3071 3706 est?
3100 3650 3237 3716 Quia
3258 3668 3352 3705 nos
3377 3652 3467 3722 qui
3494 3653 3616 3706 vivi-

2034 3757 2171 3807 mus,
2194 3743 2285 3812 qui
2314 3743 2507 3797 residui
2529 3760 2733 3807 sumus,
2771 3743 2971 3813 inquit,
3004 3744 3060 3797 in
3077 3744 3361 3797 adventum
3374 3743 3609 3808 Domini,

2035 3850 2140 3888 non
2159 3835 2534 3905 prteveniemus
2547 3852 2654 3901 eos,
2670 3838 2760 3907 qui
2784 3836 3114 3890 dormierunt
3129 3836 3294 3908 (v.14)
3305 3836 3500 3906 .Atque
3512 3852 3620 3891 no-

2032 3924 2119 3982 bis
2129 3925 2351 3996 quidem
2365 3926 2757 3983 suﬂicitsermo
2773 3929 3194 3984 resurrectionis
3204 3929 3270 3983 ad
3288 3945 3413 3983 eum
3429 3944 3609 3984 conso-

2042 4018 2258 4074 landum
2278 4017 2368 4088 qui
2389 4017 2656 4073 cruciatur
2675 4016 2890 4072 dolore:
2913 4017 3107 4072 sufﬁcit
3127 4020 3286 4073 etiam
3309 4020 3449 4090 quod
3472 4036 3614 4075 nunc

2042 4110 2235 4166 dicitur
2260 4111 2494 4166 maxime
2533 4109 2638 4165 ﬁde
2673 4110 2887 4180 dignam
2913 4110 3114 4165 faciens
3141 4112 3609 4167 resurrectionem.

2043 4202 2278 4257 Primum
2299 4212 2477 4256 autem
2496 4200 2645 4265 illud,
2662 4212 2715 4253 ut
2736 4203 2868 4270 ipse,
2888 4201 3125 4255 dicamus
3145 4199 3421 4256 :Nolumus
3443 4212 3621 4257 autem

2044 4310 2128 4348 vos
2149 4294 2403 4363 ignorare,
2432 4291 2636 4362 fratres,
2662 4291 2724 4344 de
2750 4291 3130 4359 dormientibus,
3152 4302 3206 4344 ut
3227 4308 3329 4346 non
3353 4294 3617 4347 contriste-

2043 4389 2168 4442 mini
2196 4386 2323 4441 sicut
2340 4393 2385 4440 et
2407 4385 2573 4440 cceteri
2592 4384 2678 4456 qui
2693 4399 2834 4454 spem
2857 4399 2960 4437 non
2981 4382 3325 4439 habent.\’ide
3351 4399 3511 4454 quam
3529 4384 3617 4440 hic

2045 4492 2257 4549 quoque
2281 4476 2526 4547 loquatur
2552 4474 2742 4529 leniter
2769 4482 2823 4529 et
2842 4473 3069 4543 placide.
3099 4472 3217 4529 Non
3247 4473 3382 4529 dixit
3410 4516 3428 4541 ,
3460 4475 3608 4531 Estis

2045 4569 2180 4624 adeo
2201 4568 2349 4622 stulti
2382 4564 2529 4636 (Gal.
2558 4566 2611 4621 ’5.
2646 4565 2724 4632 5),
2761 4564 2898 4619 sicut
2920 4563 2989 4619 ad
3013 4563 3341 4631 Corinthios,
3370 4565 3506 4621 adeo
3535 4567 3619 4621 itt-

2046 4662 2301 4730 sipientes
2324 4701 2339 4724 ,
2371 4657 2513 4727 quod
2537 4671 2658 4711 cum
2684 4655 2864 4711 sciatis
2888 4656 3334 4711 resurrectionem
3358 4698 3376 4725 ,
3413 4658 3553 4713 sicut
3581 4659 3618 4713 ii

2048 4753 2136 4820 qui
2165 4767 2273 4806 non
2295 4749 2545 4814 credunt,
2572 4747 2761 4802 dolore
2788 4746 3129 4811 aiﬁciamini;
3160 4746 3259 4802 sed
3286 4748 3361 4802 ita
3390 4747 3617 4819 placide,

2049 4845 2213 4909 Nolo,
2237 4844 2414 4909 dixit,
2442 4841 2603 4895 aliam
2628 4854 2815 4894 eorum
2840 4837 3089 4893 virtutem
3116 4853 3392 4894 reverens.
3419 4838 3490 4893 Et
3512 4855 3620 4894 non

2051 4939 2207 4999 dixit,
2242 4937 2317 4992 De
2343 4933 2571 4990 mortuis
2588 4974 2605 4999 ,
2631 4931 2812 4987 statim
2840 4945 2873 4986 a
2899 4928 3175 5002 prommiis
3194 4929 3403 5001 iaciens
3430 4929 3623 4986 funda-

2054 5041 2292 5087 mentum
2318 5027 2719 5084 consolationis.

2126 5125 2317 5180 Μοτιηὶ
2339 5139 2440 5176 non
2458 5113 2901 5189 plangendi.——Ut
2918 5130 3019 5171 non
3032 5114 3412 5180 contristemini,
3433 5114 3625 5184 inquit,

2053 5218 2183 5273 sicut
2204 5226 2250 5271 et
2279 5214 2445 5269 caeteri
2467 5212 2551 5283 qui
2579 5226 2718 5280 spem
2734 5224 2834 5262 non
2851 5206 3053 5261 habent.
3076 5205 3335 5275 Plangere
3349 5221 3478 5275 ergo
3505 5220 3630 5274 pro-

2057 5323 2175 5382 pter
2193 5324 2287 5366 eos
2302 5308 2390 5379 qui
2411 5313 2893 5368 excesserunt,non
2909 5310 2990 5356 est
3001 5312 3188 5357 eorum
3209 5306 3356 5353 certe
3371 5298 3460 5367 qui
3476 5312 3630 5367 spem

2059 5404 2291 5464 habent;
2320 5407 2376 5454 et
2400 5398 2610 5453 merito.
2641 5395 2831 5450 Anima
2856 5393 2997 5447 enim
3026 5406 3144 5461 quae
3172 5387 3305 5444 nihil
3325 5387 3427 5442 scit
3450 5386 3518 5443 de
3547 5402 3633 5442 re-

2060 5493 2390 5549 surrectione
2414 5531 2431 5555 ,
2459 5487 2555 5543 sed
2580 5487 2718 5541 hanc
2747 5494 2975 5539 mortem
3013 5491 3241 5537 mortem
3282 5493 3403 5535 esse
3431 5486 3584 5549 putat
3612 5518 3630 5545 ,

2064 5586 2256 5642 merito
2279 5582 2483 5655 plangit
2506 5590 2561 5636 et
2591 5580 2914 5634 lamentatur
2942 5583 3000 5631 et
3036 5574 3183 5644 luget
3224 5570 3633 5627 intolerabiliter

2066 5687 2333 5746 tamquam
2358 5674 2428 5729 de
2454 5673 2521 5727 iis
2558 5671 2647 5742 qui
2677 5668 2951 5740 perierunt
2978 5684 2990 5719 :
3019 5675 3074 5719 tu
3102 5671 3281 5719 autem
3323 5662 3413 5733 qui
3440 5676 3631 5732 exspe-

2066 5789 2178 5838 ctas
2202 5770 2670 5833 resurrectionem,
2696 5780 2791 5821 cur
2819 5757 3161 5817 lamentaris?
3190 5756 3330 5828 Ergo
3359 5756 3637 5828 lugereest
