4114 6396
454 338 553 394 ιὸί

454 465 640 508 eorum
665 448 753 519 qui
784 460 1059 517 spempon
1084 443 1298 500 habent.
1325 443 1536 506 Audite,
1560 458 1593 495 θ
1614 443 1880 505 mulieres,
1907 456 2026 511 quae

457 544 702 598 lubenter
732 538 1114 603 lamentamini,
1137 552 1255 607 quae
1284 538 1413 591 e5tis
1442 537 1701 605 proclives
1727 544 1780 589 et
1802 549 2031 603 propen-

456 651 530 688 sa:
578 631 978 688 intolerabiliter
1018 628 1083 683 ad
1134 628 1307 682 luctus
1336 668 1351 692 ,
1388 627 1529 696 quod
1568 641 1630 681 ea
1660 625 1867 680 faciatis
1910 640 2029 695 qua:

454 725 670 780 ethnici.
702 722 759 776 Si
782 731 957 777 autem
979 720 1159 775 dolere
1185 727 1399 788 propter
1424 733 1515 773 eos
1544 718 1632 788 qui
1662 724 2026 782 excesserunt,

456 828 538 869 est
558 815 915 874 ethnicorum,
949 813 1200 882 plangere
1224 821 1278 865 et
1303 825 1466 880 genas
1499 810 1740 865 lacerare
1768 824 2027 879 quorum-

459 922 581 961 nam
605 913 687 960 est
709 946 725 971 ,
754 904 1086 973 dic,qu:eso?
1125 902 1231 956 Cur
1251 902 1559 956 lamentaris
1582 943 1597 967 ,
1626 902 1669 955 si
1696 901 1874 956 credis
1903 916 2026 955 eum

457 1013 579 1054 esse
605 1004 1030 1053 resurrecturum
1061 995 1085 1046 ?
1128 993 1173 1048 si
1198 992 1377 1049 credis
1400 1008 1523 1047 eum
1552 1007 1657 1046 non
1688 991 1911 1061 periisse
1936 1032 1952 1059 ,
1980 991 2026 1045 si

456 1104 574 1144 eam
594 1103 706 1143 rem
735 1101 854 1142 esse
874 1101 1117 1139 somnum
1139 1084 1620 1139 etdormitionem?
1648 1083 1873 1152 Propter
1900 1097 2029 1138 con-

457 1180 793 1236 suetudinem
821 1179 1093 1243 amissam,
1126 1177 1341 1247 inquit,
1382 1177 1707 1243 tutelamque
1748 1183 1803 1230 et
1848 1190 2026 1229 rerum

454 1280 727 1338 euram,et
753 1285 912 1325 omne
932 1269 1074 1323 aliud
1103 1268 1357 1324 officium.
1387 1269 1609 1335 Quando
1635 1283 1763 1339 ergo
1783 1268 2025 1322 amiseris

458 1366 621 1419 lilium
650 1364 701 1417 in
733 1363 1012 1416 immatura
1038 1370 1214 1424 :etate,
1248 1362 1337 1430 qtti
1362 1362 1597 1415 nondum
1629 1370 1804 1431 potest
1828 1359 2026 1429 aliquid

456 1470 632 1526 agere,
654 1468 750 1508 cur
778 1452 1123 1507 lamentaris?
1153 1452 1279 1522 quid
1306 1453 1569 1522 requiris?
1592 1453 1815 1518 Bonam,
1836 1453 2024 1520 inquit,

456 1562 604 1615 Spem
632 1544 956 1607 ostenderat,
990 1554 1042 1597 et
1070 1544 1349 1612 sperabam
1378 1544 1491 1598 fore
1518 1553 1573 1597 ut
1595 1545 1697 1598 mei
1726 1560 1907 1598 curam
1930 1559 2026 1613 ge-

456 1647 618 1693 reret.
663 1637 948 1705 Propterea
995 1650 1180 1706 quazro
1223 1636 1395 1689 virum
1422 1677 1435 1699 ,
1478 1645 1761 1704 propterea
1815 1636 1978 1689 tilium
2007 1678 2021 1702 ,

458 1738 737 1798 propterea
772 1728 963 1796 plango
987 1738 1039 1781 et
1064 1727 1348 1791 lamentor,
1382 1742 1485 1782 nun
1518 1728 1659 1797 quod
1687 1744 1792 1781 non
1813 1727 2027 1782 credam

456 1822 854 1883 resurrectioni,
888 1821 980 1875 sed
1005 1820 1145 1889 quod
1168 1821 1267 1873 sim
1296 1820 1551 1874 destituta
1600 1821 1668 1875 ab
1706 1822 1903 1874 auxilio
1927 1864 1942 1887 ,
1975 1830 2030 1875 et

456 1912 725 1966 amiserim
756 1920 1058 1965 curatorem
1088 1921 1141 1965 et
1165 1910 1505 1965 defensorem
1526 1952 1540 1977 ,
1573 1912 1661 1980 qui
1693 1927 1899 1966 mecum
1930 1914 2026 1965 ha-

457 2001 675 2066 bitabat,
708 2002 794 2069 qtti
828 2017 1005 2057 rerum
1037 2003 1276 2055 omnium
1297 2012 1409 2055 erat
1440 2004 1637 2067 socius,
1670 2004 1756 2071 qui
1791 2020 1875 2056 mc
1898 2020 2027 2057 con-

456 2093 764 2146 solabatur:
798 2093 909 2145 hinc
940 2093 1117 2161 lugeo.
1151 2092 1275 2146 Scio
1304 2091 1422 2145 fore
1446 2103 1500 2145 ut
1530 2103 1790 2162 resurgat,
1817 2094 1908 2148 sed
1944 2095 2026 2146 in-

460 2184 770 2238 termediatn
796 2198 900 2237 non
922 2184 1032 2237 lero
1049 2183 1440 2253 separationem
1458 2203 1470 2237 :
1490 2183 1548 2236 af
1548 2185 1832 2238 fluitmulta
1850 2200 2029 2239 rerum

457 2276 612 2329 turba
636 2316 651 2339 ,
683 2290 799 2328 sum
824 2275 1062 2342 exposita
1094 2274 1304 2344 injuriae
1329 2277 1567 2329 omnium
1600 2276 1689 2342 qtti
1719 2276 1986 2330 voluerint
2013 2295 2025 2330 :

456 2366 544 2434 qui
569 2366 714 2435 prius
745 2364 1002 2419 timebant
1030 2364 1232 2430 famuli,
1261 2381 1401 2419 nunc
1424 2364 1730 2434 despiciunt
1760 2376 1813 2420 et
1854 2368 2025 2420 insul-

458 2469 568 2513 taat
599 2476 612 2511 :
642 2460 684 2514 si
703 2462 785 2513 cui
804 2457 1083 2523 bcnefecit,
1114 2458 1157 2511 is
1173 2468 1255 2512 est
1274 2458 1470 2513 oblitus
1490 2460 1605 2528 ejus
1624 2460 2026 2516 beneficiorum:

454 2555 499 2607 si
527 2553 643 2622 quis
669 2552 736 2605 ab
760 2568 824 2607 eo
856 2551 993 2605 male
1019 2552 1263 2619 affectus,
1295 2553 1609 2606 recordatur
1636 2555 1863 2622 injuriae,
1893 2555 2023 2608 iram

458 2647 508 2697 in
543 2659 626 2697 me
655 2644 939 2698 convertit.
971 2644 1094 2697 llaec
1135 2658 1241 2697 non
1290 2644 1473 2698 sinunt
1517 2660 1603 2698 me
1635 2644 1774 2698 ferre
1802 2647 2031 2699 viduita-

459 2748 585 2798 tem,
618 2751 714 2788 nec
735 2735 939 2804 placide
970 2735 1151 2804 lugere
1183 2752 1195 2788 :
1225 2744 1508 2804 propterea
1539 2735 1753 2805 plango,
1782 2747 2028 2806 propter-

455 2842 516 2879 ea
543 2826 824 2879 lamentor.
855 2824 1134 2891 Quomodo
1157 2839 1284 2893 ergo
1310 2839 1401 2879 eas
1421 2826 1819 2879 consolabimur
1846 2829 1869 2880 ?
1898 2827 2027 2897 quid

456 2916 726 2971 dicemus?
755 2916 1021 2985 quomodo
1066 2931 1249 2971 earum
1280 2915 1479 2970 luctum
1522 2917 1863 2972 arcebimus?
1907 2919 2025 2973 Pri-

457 3024 604 3062 mum
634 3022 724 3062 eas
753 3009 987 3062 conabor
1010 3008 1330 3062 convincere
1362 3047 1379 3074 ,
1423 3008 1567 3077 quod
1595 3008 1709 3062 haec
1734 3009 1893 3063 verba
1921 3024 2026 3063 non

457 3101 561 3152 sint
590 3099 981 3152 lamentationis
1002 3138 1016 3163 ,
1060 3098 1156 3151 sed
1188 3097 1595 3151 inconsideratae
1622 3099 1784 3152 animi
1813 3109 2026 3169 pertur-

459 3191 704 3244 bationis.
734 3190 788 3245 Si
818 3190 959 3243 enim
993 3189 1106 3243 haec
1130 3191 1311 3258 luges,
1340 3200 1614 3259 oporteret
1651 3206 1773 3246 eum
1799 3193 1887 3261 qtti
1933 3209 2028 3247 ex-

458 3281 620 3335 cessit
650 3290 907 3350 perpetuo
932 3281 1113 3350 lugere
1142 3298 1155 3332 :
1179 3281 1221 3334 si
1253 3289 1430 3335 autem
1459 3298 1578 3336 cum
1608 3297 1780 3336 annus
1804 3296 2029 3353 praeter-

462 3371 581 3425 ierit
607 3411 621 3436 ,
655 3369 993 3424 Oblivisceris
1028 3370 1251 3439 perinde
1277 3380 1435 3440 atque
1465 3372 1507 3425 si
1540 3373 1673 3426 nihil
1701 3376 1983 3429 accidisset
2012 3418 2028 3439 ,

460 3477 565 3517 non
586 3478 707 3516 eunt
729 3462 819 3531 qui
847 3462 1075 3516 excessit
1108 3463 1438 3528 latnentaris,
1466 3480 1564 3518 nec
1584 3464 1699 3532 ejus
1730 3467 1946 3521 tutelam
1977 3478 2033 3523 et

458 3554 846 3609 defensionem.
881 3556 951 3608 At
981 3571 1084 3609 non
1115 3555 1221 3610 fers
1248 3557 1638 3624 separationem
1675 3600 1689 3623 ,
1723 3572 1776 3614 et
1808 3577 2027 3617 consuc-

458 3646 655 3702 tudinis
676 3646 1146 3715 interruptionem?
1175 3647 1311 3713 Quid
1336 3647 1569 3703 dixerint
1596 3667 1715 3720 quae
1742 3653 1810 3706 ad
1837 3670 2031 3708 secun-

458 3739 554 3793 das
612 3741 962 3794 convolarunt
1013 3740 1276 3808 nuptias?
1322 3740 1436 3795 Non
1495 3742 1637 3795 enim
1693 3746 1898 3812 priores
1949 3763 2031 3800 rc-

458 3831 676 3899 quirunt
727 3840 782 3886 et
828 3830 1152 3885 desiderant.
1201 3831 1304 3886 Sed
1353 3848 1420 3887 ne
1478 3834 1774 3889 orationem
1820 3836 1887 3890 ad
1940 3852 2031 3893 eas

462 3923 751 3991 dirigamus
776 3964 791 3989 ,
835 3922 929 3976 sed
957 3923 1020 3977 ad
1048 3938 1138 3977 eas
1166 3939 1283 3992 quae
1314 3923 1380 3977 iis
1404 3925 1495 3994 qui
1525 3937 1872 3982 excesserunt
1898 3944 2033 3985 con-

460 4024 676 4069 servant
729 4015 1153 4070 benevolentiam
1191 4031 1330 4070 :cur
1375 4017 1525 4087 luges
1581 4018 1895 4076 infantem?
1938 4038 2034 4077 cur

464 4105 753 4159 maritum?
783 4105 1044 4173 Quoniam
1070 4107 1162 4161 illo
1189 4107 1403 4175 quidem
1429 4108 1532 4161 frui
1565 4125 1669 4164 non
1698 4120 1780 4166 est
1809 4128 2034 4169 conces-

459 4214 576 4251 sum
605 4214 620 4264 ;
656 4198 757 4253 hoc
797 4214 927 4253 vero
956 4202 1258 4268 exspectavi
1288 4201 1397 4254 fore
1433 4210 1490 4255 ut
1532 4203 1758 4272 amplius
1801 4203 2030 4262 fruerer.

468 4289 581 4344 iloc
608 4301 785 4344 autem
812 4300 1023 4360 quantae
1051 4300 1133 4346 est
1160 4291 1489 4347 infidelitatis
1515 4336 1530 4359 ,
1561 4297 1868 4354 existimare
1890 4302 2032 4369 quod

459 4390 551 4435 aut
579 4382 803 4436 maritus
832 4391 923 4436 aut
946 4381 1118 4438 infans
1147 4393 1197 4438 te
1223 4385 1275 4438 in
1307 4392 1419 4439 tuto
1446 4386 1697 4455 collocet,
1723 4406 1829 4443 non
1851 4402 2031 4446 autem

460 4472 643 4527 Deus?
671 4471 948 4537 Quomodo
975 4490 1077 4527 non
1108 4484 1263 4542 putas
1293 4484 1343 4530 te
1365 4492 1485 4531 eum
1508 4478 1756 4535 irritare?
1788 4481 2036 4553 Propter-

459 4580 521 4617 ea
550 4565 691 4619 enim
721 4580 814 4619 eos
843 4580 984 4635 swpe
1013 4567 1227 4636 accipit,
1256 4584 1324 4623 ne
1347 4570 1427 4623 eis
1452 4570 1521 4624 ita
1551 4571 1625 4626 sis
1656 4571 1813 4628 afﬁxa
1839 4617 1853 4641 ,
1890 4586 1945 4629 ut
1967 4577 2034 4631 ab

460 4654 565 4709 illis
590 4669 738 4724 spem
758 4656 1009 4711 abducas.
1044 4658 1184 4712 Deus
1211 4660 1352 4715 enim
1383 4670 1464 4715 est
1487 4662 1702 4729 zelotes,
1722 4674 1775 4719 et
1806 4667 2034 4722 maxime

459 4747 696 4801 omnium
724 4748 837 4802 vult
865 4763 892 4801 a
926 4749 1077 4804 nobis
1096 4750 1277 4820 diligi;
1303 4752 1461 4822 idque
1488 4757 1737 4825 quoniam
1764 4774 1859 4813 nos
1881 4760 2033 4815 valde

469 4838 660 4906 diligit.
692 4839 850 4893 Scitis
875 4842 1017 4894 enim
1050 4842 1190 4897 hunc
1233 4858 1353 4898 esse
1382 4861 1582 4900 morem
1614 4863 1801 4903 eorum
1832 4852 1919 4920 qui
1948 4852 2032 4905 in-

459 4942 591 4984 sano
611 4929 750 4997 capti
774 4940 897 4984 sunt
917 4946 1100 4987 amore
1126 4949 1140 4986 :
1170 4943 1294 4988 sunt
1314 4936 1453 4990 enim
1486 4938 1639 4992 valde
1670 4942 1900 5012 zelotypi
1932 4984 1946 5008 ,
1980 4953 2035 4999 et

460 5018 749 5073 maluerint
773 5021 1003 5075 animam
1034 5024 1319 5094 prodigere
1349 5067 1364 5091 ,
1394 5043 1554 5096 quam
1580 5031 1648 5085 ab
1687 5032 1793 5086 ullo
1825 5049 1890 5087 ex
1920 5037 2033 5089 suis

460 5109 714 5164 rivalibus
759 5112 1149 5169 existimatione
1188 5119 1447 5185 superari.
1482 5120 1707 5191 Propter
1748 5124 1859 5180 lucc
1890 5126 2033 5182 Deus

464 5214 582 5254 eum
613 5202 837 5270 accepit,
871 5214 1088 5274 propter
1116 5206 1248 5273 hazc,
1281 5209 1516 5279 inquam,
1546 5214 1729 5268 verba.

531 5291 586 5345 '5.
614 5291 744 5346 Nam
770 5308 885 5360 cur,
908 5294 1223 5367 dic,quacso,
1258 5300 1383 5354 olim
1414 5317 1519 5357 non
1548 5303 1761 5361 fuerunt
1788 5307 2023 5363 viduita-

465 5389 564 5445 tes,
597 5396 694 5435 nec
716 5382 1010 5439 immaturae
1036 5386 1322 5443 orbitates?
1350 5405 1447 5445 cur
1481 5392 1751 5449 Abraham
1795 5406 1849 5451 et
1880 5397 2027 5454 Isaac

461 5472 583 5525 sivit
609 5475 784 5528 vivere
816 5475 1030 5546 longum
1057 5482 1308 5549 tempus?
1332 5481 1593 5548 Quoniam
1614 5527 1629 5552 ,
1658 5501 1724 5541 eo
1755 5489 1915 5542 etiam
1950 5490 2031 5543 vi-

462 5574 640 5633 vente,
668 5567 935 5623 Abraham
964 5570 1128 5626 Deum
1159 5575 1407 5642 prtetulit.
1442 5576 1583 5631 Dixit
1605 5579 1840 5648 quidem,
1870 5582 2028 5637 Occi-

459 5656 551 5722 de,
566 5660 839 5714 etoccidit.
857 5662 965 5716 Cur
980 5662 1192 5719 Sarram
1209 5666 1275 5719 ad
1296 5675 1497 5723 tantum
1517 5672 1761 5737 provexit
1781 5674 1985 5728 senium
2008 5677 2032 5727 Ρ

461 5748 718 5814 Quoniam
742 5766 801 5806 ea
828 5753 986 5808 etiam
1017 5754 1131 5809 viva
1160 5796 1175 5823 ,
1208 5756 1370 5811 Deum
1411 5759 1580 5827 magis
1619 5761 1818 5816 audivit
1859 5780 2019 5833 quam

1172 330 1231 386 S.
1272 327 1549 387 JOANNIS
1586 326 2068 385 CHRYSOSTOMI
2099 326 2416 387 ARCHIEP.
2456 329 2991 391 CONSTANTINOP.

3606 347 3711 402 432

2140 440 2328 509 ipsam.
2348 442 2634 513 Propterea
2659 448 2871 505 dicebat
2897 452 2947 506 ei
2980 452 3120 508 Deus
3145 471 3160 507 :
3184 456 3319 510 Audi
3339 457 3556 513 Sarram
3577 479 3709 516 uxo-

2135 547 2241 583 rem
2259 542 2398 587 tuam
2426 535 2444 604 (
2479 535 2605 591 Gen.
2636 540 2724 593 2i.
2757 543 2824 595 12
2850 543 2888 609 ).
2916 544 3101 614 Neque
3120 557 3337 617 propter
3356 552 3531 606 mariti
3557 569 3710 608 amo-

2136 636 2251 675 rem
2281 663 2296 687 ,
2331 639 2503 693 neque
2539 638 2755 698 propter
2786 635 2965 688 uxoris
2995 676 3009 697 ,
3042 652 3219 706 neque
3246 649 3467 709 propter
3490 642 3711 698 infantis

2135 723 2318 765 curam
2354 713 2522 769 Deum
2558 719 2837 787 quisquam
2885 724 2950 777 ad
2996 726 3127 779 iram
3167 730 3512 796 provocabat.
3559 732 3711 788 Nunc

2136 809 2315 856 autem
2339 809 2587 873 quoniam
2609 810 2743 865 adeo
2763 812 3013 868 deorsum
3038 818 3304 874 tendimus
3327 831 3381 875 et
3403 821 3707 891 dilabimur,

2136 900 2193 946 et
2219 895 2399 949 mariti
2424 912 2617 953 uxores
2640 901 2761 970 plus
2781 919 2939 972 quam
2967 906 3131 961 Deum
3161 908 3432 981 diligimus
3455 954 3470 980 ,
3494 923 3549 969 et
3572 932 3707 970 uxo-

2135 998 2224 1039 res
2248 990 2468 1045 maritos
2499 992 2608 1047 Deo
2638 996 3003 1065 praeferimus;
3035 1001 3153 1057 ideo
3183 1020 3282 1058 nos
3312 1006 3397 1060 vel
3424 1008 3619 1064 invitos
3642 1011 3708 1064 ad

2136 1077 2219 1131 sui
2249 1079 2414 1134 trahit
2438 1082 2783 1142 desiderium.
2814 1089 2891 1145 Ne
2916 1092 3106 1162 diligas
3135 1098 3379 1151 maritum
3409 1099 3527 1168 plus
3550 1116 3707 1170 quam

2138 1166 2302 1223 Deum
2330 1210 2344 1234 ,
2377 1180 2431 1226 et
2472 1190 2763 1247 numquam
2805 1184 3008 1238 senties
3046 1186 3356 1243 viduitatem
3390 1207 3405 1245 :
3440 1191 3546 1244 imo
3580 1209 3710 1247 vero

2136 1258 2341 1314 etiamsi
2364 1265 2636 1333 acciderit,
2662 1269 2779 1338 ejus
2802 1272 3000 1327 nullum
3023 1290 3240 1330 sensum
3263 1280 3461 1345 capies.
3492 1281 3710 1349 Quare?

2135 1350 2396 1417 Quoniam
2433 1357 2768 1417 defensorem
2810 1364 2973 1420 habes
3006 1368 3359 1425 immortalem
3408 1375 3497 1442 qui
3539 1377 3707 1445 magis

2134 1441 2323 1514 diligit.
2380 1446 2437 1501 Si
2485 1449 2649 1511 Deum
2705 1457 2873 1525 magis
2927 1458 3103 1530 diligis
3135 1502 3150 1526 ,
3199 1479 3265 1518 ne
3323 1441 3501 1534 lugeas
3533 1486 3545 1521 :
3581 1441 3704 1522 nam

2137 1535 2225 1603 qui
2278 1539 2449 1608 magis
2498 1542 2735 1614 diligitur
2788 1558 2871 1603 est
2930 1551 3285 1619 immortalis;
3329 1574 3427 1613 nec
3477 1562 3603 1615 sinit
3654 1571 3713 1616 ut

2133 1628 2422 1697 accipiatur
2458 1649 2648 1691 sensus
2686 1639 2803 1708 ejus
2850 1644 2937 1712 qui
2978 1646 3153 1700 minus
3203 1648 3458 1720 diligitur.
3510 1653 3565 1707 ln
3617 1671 3708 1708 ex-

2139 1721 2318 1790 emplo
2375 1724 2561 1779 faciam
2605 1729 2705 1784 hoc
2760 1733 2852 1788 tibi
2908 1738 3270 1807 perspicuum.
3316 1742 3410 1797 Dic
3449 1745 3625 1797 mihi:
3661 1746 3705 1800 si

2136 1811 2329 1869 habeas
2367 1819 2619 1873 maritum
2659 1825 2835 1878 omnia
2864 1824 3149 1882 facientem
3184 1848 3249 1886 ex
3294 1833 3457 1888 animi
3482 1836 3553 1889 tui
3578 1850 3707 1890 seu--

2138 1906 2300 1959 tentia
2326 1947 2340 1972 ,
2373 1910 2461 1977 qui
2490 1912 2561 1965 sit
2586 1913 2637 1966 in
2670 1914 2807 1969 bona
2832 1919 3227 1979 existimatione
3259 1965 3273 1989 ,
3307 1926 3395 1995 qui
3424 1936 3476 1982 te
3509 1929 3706 1982 claram

2137 1996 2331 2064 ubique
2359 1999 2561 2068 reddat,
2588 2019 2688 2059 nec
2713 2012 3157 2066 contemnendam
3182 2057 3195 2078 ,
3224 2018 3314 2084 qui
3341 2018 3409 2071 sit
3430 2020 3567 2088 apud
3595 2036 3707 2074 om-

2136 2103 2231 2146 nes
2257 2092 2502 2159 celebris,
2528 2097 2781 2167 prudens,
2815 2103 3028 2171 sapiens
3050 2147 3065 2171 ,
3096 2108 3185 2176 qui
3217 2116 3269 2163 te
3297 2109 3481 2180 diligat
3510 2122 3563 2166 et
3587 2129 3709 2182 pro-

2135 2193 2253 2250 pter
2294 2200 2414 2238 eum
2447 2186 2597 2242 beata
2632 2194 2897 2259 reputeris
2921 2236 2935 2258 ,
2970 2204 3023 2249 ct
3057 2212 3175 2250 cum
3203 2213 3268 2252 eo
3297 2203 3473 2269 parias
3498 2218 3708 2272 quoque

2137 2271 2298 2325 filittm
2322 2291 2334 2337 ;
2359 2275 2551 2331 deinde
2575 2279 2874 2349 priusquam
2898 2284 2962 2337 ad
2991 2296 3250 2341 maturam
3275 2293 3452 2345 veniat
3473 2271 3706 2359 atatem,

2136 2365 2377 2428 excedat,
2411 2369 2681 2424 sentiesne
2709 2372 2906 2427 luctum
2926 2378 2953 2429 ἶ)
2976 2377 3317 2447 Nequaquam
3349 2400 3362 2435 :
3394 2398 3516 2437 nam
3546 2384 3590 2436 is
3619 2387 3707 2452 qui

2137 2456 2303 2524 magis
2328 2458 2581 2528 diligitur,
2599 2462 2745 2516 illum
2772 2466 3023 2521 obscurat
3048 2479 3099 2523 et
3127 2470 3428 2527 abscondit.
3456 2476 3522 2530 Et
3545 2492 3705 2542 nunc,

2136 2550 2180 2602 si
2213 2551 2374 2604 Deum
2398 2555 2610 2622 quidem
2633 2557 2749 2625 plus
2766 2573 2915 2614 ames
2928 2577 3085 2630 quam
3111 2566 3380 2633 maritum,
3397 2566 3535 2623 forte
3559 2571 3705 2625 illum

2137 2657 2241 2695 non
2282 2652 2387 2696 tam
2431 2645 2537 2698 cito
2564 2648 2769 2702 auferet
2799 2667 2811 2702 :
2842 2653 2981 2720 quod
3013 2654 3059 2707 si
3093 2656 3336 2723 auferat,
3367 2675 3472 2714 non
3504 2671 3706 2717 tantum

2136 2733 2336 2787 senties
2369 2736 2586 2790 luctum.
2610 2738 2893 2809 Propterea
2922 2744 3109 2799 beatus
3137 2746 3237 2801 Job
3264 2750 3394 2803 nihil
3422 2760 3524 2805 tam
3548 2769 3709 2823 grave

2136 2839 2324 2893 passus
2355 2834 2456 2892 est,
2486 2844 2605 2883 cum
2636 2834 2988 2901 repentinam,
3018 2846 3069 2890 et
3094 2838 3249 2892 simul
3278 2840 3476 2897 illatam
3507 2845 3704 2903 audiis-

2136 2924 2219 2969 set
2265 2927 2491 2973 mortem
2538 2921 3081 2995 liliorum:quoniam
3130 2931 3295 2986 Deum
3337 2934 3456 3003 plus
3496 2939 3710 2993 amabat

2136 3024 2293 3077 quam
2334 3012 2498 3079 ipsos.
2545 3014 2624 3068 Eo
2663 3031 2791 3086 ergo
2835 3020 3047 3076 vivente
3085 3024 3173 3093 qui
3223 3026 3583 3097 diligebatur,
3617 3033 3706 3087 illa

2136 3116 2257 3154 eum
2285 3104 2432 3156 nullo
2462 3114 2616 3159 erant
2646 3108 2833 3164 dolore
2859 3111 3135 3169 aﬂ'ectura.
3168 3116 3304 3183 Quid
3325 3118 3459 3175 dicis
3479 3164 3494 3189 ,
3526 3138 3559 3176 ο
3584 3140 3703 3178 ntu-

2136 3191 2234 3245 lier
2259 3198 2281 3245 ?
2312 3196 2535 3251 maritus
2572 3205 2626 3252 et
2662 3199 2804 3254 {ilius
2836 3212 2885 3257 te
2915 3204 3297 3278 defendebant,
3318 3224 3369 3268 et
3398 3216 3495 3275 tui,
3519 3231 3703 3273 curam

2136 3284 2423 3351 gerebant;
2457 3288 2595 3341 Deus
2622 3301 2799 3345 autem
2843 3294 2935 3349 tibi
2976 3310 3081 3351 non
3125 3300 3330 3367 parcit?
3355 3303 3501 3358 illum
3534 3306 3705 3376 ipsum

2137 3377 2256 3443 quis
2311 3378 2405 3433 tibi
2451 3380 2641 3436 dedit?
2682 3401 2858 3439 annon
2890 3388 3046 3457 ipse?
3083 3399 3135 3446 te
3181 3403 3357 3449 autem
3398 3399 3515 3468 quis
3554 3400 3717 3456 fecit?

2138 3483 2313 3523 annon
2351 3471 2506 3540 ipse?
2532 3473 2633 3539 Qui
2660 3492 2725 3529 ex
2755 3477 2925 3532 nihilo
2952 3481 3018 3534 ad
3049 3482 3151 3539 hoc
3174 3496 3230 3539 ut
3259 3502 3409 3543 esses
3437 3491 3695 3559 adduxit,

2138 3569 2192 3613 ct
2222 3564 2452 3617 animam
2476 3565 2751 3635 inspiravit
2779 3610 2793 3633 ,
2827 3580 2880 3623 et
2902 3583 3134 3628 mentem
3159 3577 3390 3646 indidit,
3421 3592 3475 3637 et
3503 3585 3583 3638 sui
3614 3602 3706 3639 Cu-

2136 3654 2427 3721 gnitionem
2454 3657 2548 3711 tibi
2575 3658 2751 3729 largiri
2773 3662 3018 3732 dignatus
3040 3675 3142 3731 est,
3164 3678 3215 3723 et
3244 3671 3377 3726 Filio
3399 3690 3496 3729 suo
3522 3680 3708 3749 unige-

2139 3744 2250 3799 nito
2273 3756 2488 3816 prepter
2506 3759 2555 3803 te
2578 3766 2681 3804 non
2701 3757 2956 3822 pepercit,
2978 3758 3068 3812 tibi
3088 3776 3193 3815 non
3217 3766 3405 3831 parcit,
3422 3744 3710 3826 conservus

2136 3845 2316 3891 autem
2338 3838 2426 3893 tibi
2452 3843 2652 3909 parcit?
2669 3860 2824 3914 quam
2847 3861 2952 3903 non
2976 3850 3105 3903 iram
3123 3854 3356 3909 excitant
3376 3856 3492 3914 haec
3508 3863 3664 3918 verba
3689 3866 3714 3918 ?

2138 3927 2276 3992 Quid
2302 3931 2405 3985 tale
2427 3930 2655 3988 habuisti
2677 3951 2706 3989 a
2726 3941 2960 3994 marito?
2991 3942 3133 3997 Nihil
3159 3949 3330 4014 possis
3348 3949 3544 4007 dicere.
3577 3954 3708 4011 Nam

2138 4020 2347 4075 etiamsi
2377 4033 2427 4077 te
2451 4024 2628 4094 aliquo
2660 4027 2837 4083 affecit
2863 4031 3124 4089 beneficio
3155 4078 3171 4101 ,
3200 4038 3293 4092 sed
3325 4040 3377 4094 id
3402 4040 3529 4098 fecit
3551 4086 3565 4110 ,
3588 4061 3709 4102 cum

2140 4119 2192 4165 tu
2227 4112 2371 4180 prior
2395 4113 2688 4185 incepisses
2717 4136 2731 4172 :
2760 4119 2827 4174 de
2866 4122 2976 4177 Deo
3020 4135 3204 4181 autem
3228 4129 3357 4185 nihil
3405 4134 3509 4189 tale
3559 4136 3712 4191 dixe-

2141 4201 2210 4254 rit
2254 4204 2553 4274 quisquam.
2584 4207 2701 4262 Non
2731 4210 2873 4265 enim
2922 4214 3060 4270 Deus
3108 4220 3263 4274 nobis
3312 4222 3600 4291 benefecit,
3629 4229 3708 4284 sic

2141 4296 2286 4363 prius
2341 4296 2603 4353 beneﬁcio
2655 4301 2913 4371 affectus;
2947 4307 3041 4362 sed
3092 4325 3212 4365 cum
3264 4315 3464 4371 nullius
3514 4330 3709 4389 egeat,

2138 4401 2208 4440 ex
2259 4389 2368 4443 sola
2434 4390 2671 4447 bonitate
2709 4395 2974 4453 benefacit
3019 4399 3296 4459 hominum
3344 4409 3547 4477 generi.
3601 4411 3710 4466 Re-

2138 4497 2298 4549 gnum
2347 4483 2438 4537 tibi
2486 4494 2567 4539 est
2610 4488 2898 4556 pollicitus,
2931 4492 3077 4548 dedit
3105 4497 3267 4551 vitam
3318 4499 3707 4567 immortalem,

2138 4571 2361 4639 gloriam
2393 4614 2409 4640 ,
2442 4575 2824 4634 fraternitatem
2857 4621 2873 4646 ,
2907 4582 3135 4639 ﬁliorum
3166 4588 3505 4658 adoptionem
3526 4636 3541 4662 ,
3588 4595 3712 4651 fecit

2139 4662 2454 4720 coheredem
2479 4666 2745 4737 Unigeniti
2769 4688 2781 4723 :
2805 4681 2858 4725 tu
2886 4683 3064 4730 autem
3089 4690 3208 4747 post
3230 4689 3307 4735 tot
3331 4692 3386 4738 et
3413 4695 3554 4741 tanta
3571 4688 3709 4743 bona

2139 4754 2312 4810 adhuc
2336 4758 2624 4813 meministi
2652 4763 2863 4817 mariti?
2891 4766 3028 4831 Quid
3056 4769 3144 4823 ille
3165 4771 3382 4828 donavit
3405 4776 3709 4845 ejusmodi?

2139 4847 2315 4901 Solem
2344 4864 2498 4904 suum
2532 4852 2657 4907 fecit
2685 4856 2840 4925 oriri,
2871 4859 3101 4928 pluviam
3125 4863 3291 4929 dedit,
3321 4871 3511 4924 annuis
3541 4876 3712 4942 pascit

2139 4938 2426 4994 alimentis.
2461 4941 2551 4996 Vae
2580 4944 2732 5001 nobis
2755 4947 2824 5003 ob
2854 4958 2960 5004 tam
2989 4952 3253 5022 ingratum
3274 4959 3510 5015 animum
3532 4938 3559 5017 ί
3583 4964 3713 5019 Pro-

2141 5040 2320 5097 pterea
2343 5040 2488 5086 tuum
2508 5036 2756 5092 maritum
2783 5040 2996 5111 accipit,
3024 5054 3081 5097 ut
3107 5061 3229 5100 eum
3256 5064 3361 5103 non
3386 5067 3595 5121 quaaras
3619 5072 3633 5109 :
3654 5065 3713 5110 tu

2139 5131 2315 5175 autem
2344 5138 2466 5178 eum
2495 5128 2587 5195 qui
2621 5130 2880 5197 excessit,
2909 5132 3084 5189 adhuc
3109 5146 3352 5202 sectaris,
3385 5142 3552 5198 Deum
3582 5162 3711 5202 vero

2139 5209 2358 5267 dimittis
2370 5229 2489 5268 cum
2508 5227 2779 5288 Oporteret
2793 5222 2992 5293 gratias
3004 5228 3182 5294 agere.
3201 5242 3320 5283 cum
3339 5243 3610 5301 oporteret
3628 5245 3681 5290 to
3694 5267 3711 5279 -

2140 5311 2251 5356 tum
2274 5305 2327 5358 in
2351 5305 2519 5375 ipsum
2537 5310 2830 5381 conjicere?
2842 5315 2977 5383 Quid
2990 5318 3130 5372 enim
3148 5329 3230 5374 est
3245 5323 3384 5391 quod
3401 5327 3652 5393 accepisti
3682 5345 3712 5382 a

2139 5398 2368 5450 marito?
2383 5409 2565 5467 partus
2575 5402 2807 5471 dolores,
2827 5406 3035 5464 labores
3048 5420 3102 5464 et
3115 5414 3486 5479 contumelias,
3502 5428 3555 5470 et
3572 5434 3714 5486 smpc

2141 5490 2454 5558 maledicta,
2483 5498 2875 5566 increpationes
2895 5542 2908 5564 ,
2940 5501 3351 5573 indignationes.
3382 5507 3569 5563 Nonne
3600 5512 3717 5566 lucc

2138 5583 2316 5636 omnia
2343 5599 2373 5637 a
2401 5588 2640 5642 maritis?
2662 5590 2765 5645 Sed
2798 5604 2921 5647 sunt
2946 5594 3120 5651 adhuc
3140 5639 3155 5663 ,
3185 5599 3390 5669 inquit,
3421 5602 3555 5656 bona
3586 5605 3711 5658 alia.

2140 5677 2391 5742 Quzcnam
2406 5679 2521 5735 hmc
2539 5682 2560 5735 ?
2580 5683 2660 5736 Me
2680 5685 2971 5755 splendidis
2988 5699 3043 5742 et
3063 5692 3307 5759 pretiosis
3325 5696 3528 5747 ornavit
3550 5697 3712 5750 vesti-

2146 5765 2339 5822 mentis
2366 5804 2378 5831 .
2422 5772 2572 5831 faciei
2599 5792 2785 5834 aurum
2814 5780 3083 5850 imposuit,
3108 5799 3191 5839 me
3217 5783 3599 5843 fccitomnibus
3622 5804 3713 5843 rev
3768 5806 3781 5814 ·
