4128 6398
380 347 480 404 451

379 457 724 524 καταξαίνειν
757 455 1007 529 παρειάς,
1039 455 1201 510 τίνων
1224 455 1332 528 ἀρα
1357 455 1524 521 ἐστὶν,
1553 453 1674 510 είπέ
1702 469 1828 524 μοι;
1854 449 1951 502 Τί-

377 561 468 608 νος
509 543 696 595 ἕνεκεν
742 541 979 610 θρηνεῖς,
1028 540 1077 592 εί
1117 540 1394 602 πιστεύεις
1440 539 1522 592 ὅτι
1561 537 1947 606 ἀναστήσεται,

378 627 578 682 ὅτιούκ
608 625 905 688 ἀπόλωλεν,
935 625 1016 677 ὅτι
1043 623 1209 686 ὕπνος
1231 624 1325 677 καὶ
1353 623 1607 694 κοίμησις
1630 621 1693 674 τὸ
1716 616 1952 688 πρᾶγμά

379 715 529 779 ἐστι;
559 707 856 779 Συνηθείας
880 709 1087 775 ἕνεκεν,
1114 709 1267 778 φησὶ,
1302 709 1396 761 καὶ
1421 706 1776 778 προστασίας,
1811 721 1952 774 πρα-

378 794 606 865 γμάτων
653 791 988 862 ἐπιμελείας,
1034 793 1134 862 τῆς
1165 791 1328 860 ἄλλης
1372 789 1667 861 θεραπείας
1711 787 1950 855 ἀπάσης.

381 878 550 930 Ὅταν
589 869 683 930 οῦν
731 874 896 928 παῖδα
943 873 1214 945 ἀπολέσῃς
1242 875 1300 926 ὲν
1338 872 1501 944 ἀώρῳ
1554 871 1762 942 ἡλικίᾳ,
1799 869 1952 922 οὐδὲν

379 961 589 1015 οὐδέπω
628 958 831 1029 πρᾶξαι
872 957 1186 1028 δυνάμενον,
1226 956 1371 1020 τίνος
1401 956 1588 1010 ἕνεκεν
1617 955 1868 1027 θρηνεῖς;
1898 952 1952 1004 τί

381 1042 692 1114 ἐπιξητεῖς;
745 1040 1014 1104 Ἑλπίδας,
1065 1041 1221 1112 φησὶ,
1266 1039 1508 1110 χρηστὰς
1550 1038 1815 1106 ἐνέφαινε,
1857 1035 1953 1090 καὶ

383 1126 725 1198 προσεδόκων
759 1126 840 1180 ὅτι
892 1141 992 1196 μου
1025 1125 1409 1196 προστήσεται.
1459 1121 1557 1175 Διά
1599 1121 1756 1174 τοῦτο
1803 1119 1952 1191 ζητῶ

383 1211 474 1264 τὸν
499 1210 685 1281 ἀνδρα,
726 1211 816 1265 διά
856 1209 1013 1264 τοῦτο
1053 1209 1145 1262 τὸν
1187 1209 1319 1274 υἱὸν,
1359 1207 1447 1261 διὰ
1485 1206 1641 1259 τοῦτο
1683 1207 1952 1274 κόπτομαι

385 1294 479 1346 καὶ
507 1293 709 1364 θρηνῶ,
750 1294 851 1347 οὐκ
882 1293 1185 1346 ἀπιστοῦσα
1229 1294 1296 1362 τῇ
1330 1291 1646 1353 ἀναστάσει,
1676 1289 1788 1343 ἀλλ’
1820 1289 1980 1372 έρηκ

386 1396 482 1448 μος
513 1378 762 1451 βοηθείας
803 1381 1089 1448 γενομένη,
1124 1378 1220 1430 καὶ
1263 1377 1354 1429 τὸν
1384 1375 1697 1447 προστάτην
1743 1371 1953 1426 ἀπολω-

382 1463 591 1527 λεκυῖα,
621 1462 712 1515 τὸν
743 1463 1006 1526 σύνοικον,
1047 1462 1140 1514 τὸν
1180 1463 1237 1512 ἐν
1270 1460 1404 1512 πᾶσι
1435 1455 1814 1519 κοινωνοῦντα,
1861 1455 1954 1507 τὸν

384 1545 830 1616 παρηγοροῦντα·
864 1545 951 1598 διὰ
981 1544 1153 1597 ταῦτα
1194 1541 1396 1596 πενθῶ.
1430 1535 1561 1594 Οἶδα
1588 1541 1670 1593 ὅτι
1714 1537 1954 1608 ἀναστή-

386 1646 558 1690 σεται,
591 1628 705 1681 άλλ’
745 1629 804 1681 οὐ
851 1627 1000 1697 φέρω
1046 1626 1139 1679 τὸν
1191 1625 1392 1693 μεταξὺ
1438 1622 1730 1694 χωρισμόν·
1787 1619 1954 1683 πολὺς

383 1711 492 1764 τῶν
546 1711 884 1781 πραγμάτων
924 1711 953 1762 6
988 1708 1144 1778 ὄχλος
1194 1710 1431 1779 ἐπιρρεῖ,
1478 1708 1611 1760 πᾶσι
1655 1704 1954 1776 πρόκειμαι

383 1797 497 1857 τοῖς
527 1793 870 1864 βουλομένοις
901 1792 1126 1846 ἀδικεῖψ
1159 1792 1207 1844 οί
1231 1791 1530 1854 δεδοικότες
1560 1789 1822 1861 πρότερον
1847 1785 1954 1839 τῶν

384 1877 630 1940 οἰκετῶν,
662 1877 1064 1948 καταφρονοῦσι
1095 1875 1211 1942 νῦν,
1233 1876 1620 1946 ἐπεμϐαίνουσι
1643 1890 1656 1901 ·
1688 1873 1844 1935 εἴτις
1864 1870 1956 1922 εὐ-

385 1964 710 2034 ηργέτηται,
755 1963 856 2032 τῆς
894 1962 1212 2033 εὐεργεσίας
1260 1961 1606 2029 ἐπιλέλησται
1659 1958 1756 2027 τῆς
1811 1954 1956 2008 ἐκεί-

384 2064 510 2100 νου·
554 2048 704 2109 εἴτις
746 2045 931 2108 κακῶς
961 2045 1127 2098 ἔπαθε
1171 2037 1299 2115 παρ’
1331 2044 1518 2105 αὐτοῦ,
1556 2041 1635 2111 τῷ
1671 2039 1956 2093 ἀπελθόντι

390 2127 743 2200 μνησικακῶν
781 2131 862 2189 εἰς
896 2129 998 2199 ἐμὲ
1040 2128 1140 2198 τὴν
1179 2128 1348 2199 ὀργὴν
1398 2126 1612 2196 ἀφίησι.
1644 2123 1830 2176 Ταῦτα
1857 2122 1956 2173 οὐκ

387 2211 579 2282 ἀφίησί
620 2229 687 2284 με
730 2212 830 2283 τὴν
877 2212 1106 2284 χηρείαν
1153 2213 1361 2283 φέρειν,
1400 2209 1588 2281 πράως
1641 2205 1955 2278 ὀδύρασθαι·

384 2297 474 2350 διὰ
497 2297 670 2350 ταῦτα
697 2297 986 2366 κόπτομαι,
1028 2297 1113 2350 διὰ
1144 2296 1314 2350 ταῦτα
1348 2293 1552 2366 θρηνῶ.
1587 2293 1709 2354 Πῶς
1735 2287 1827 2344 οὖν
1857 2291 1955 2353 τὰς

383 2379 639 2443 τοιαύτας
665 2378 1209 2450 παραμυθησόμεθας
1253 2378 1305 2432 τί
1335 2377 1598 2449 ἐροῦμεν;
1632 2374 1747 2436 πῶς
1777 2372 1956 2427 αὐτῶν

384 2462 484 2534 τὴν
529 2461 722 2532 ὀδύνην
763 2462 1247 2533 ἀποκρουσὸμεοα;
1289 2461 1510 2533 Πρῶτον
1542 2459 1709 2520 αὐτάς
1752 2457 1957 2523 διελέγ-

385 2545 475 2609 ξαι
515 2545 864 2615 πειράσομαι,
912 2547 994 2599 ὅτι
1035 2547 1095 2598 οὐ
1139 2545 1344 2600 τούτων
1385 2545 1532 2598 ἐστὶν
1561 2544 1590 2595 6
1629 2542 1822 2612 θρῆνος
1851 2540 1956 2592 τῶν

389 2628 670 2699 ῥημάτων,
716 2628 850 2680 ἀλλά
895 2628 1102 2690 πάθους
1151 2628 1457 2697 ἀλογίστου.
1515 2627 1577 2680 Εἰ
1625 2624 1733 2696 γὰρ
1783 2623 1957 2677 ταῦτα

385 2706 623 2777 πενθεῖς,
659 2712 824 2783 ἐχρῆν
865 2712 1153 2776 διαπαντὸς
1181 2711 1392 2766 πενθεῖν
1427 2715 1516 2763 τὸν
1545 2708 1848 2762 ἀπελθόντα
1868 2724 1882 2740 ο
1908 2709 1956 2760 εί

385 2795 445 2848 δὲ
481 2796 726 2850 ἐνιαυτοῦ
764 2795 1125 2866 παρελθόντος
1157 2794 1494 2865 ἐπιλέλησαι,
1545 2791 1620 2855 ὡς
1649 2791 1771 2844 οὐδὲ
1800 2808 1958 2859 γενο-

389 2879 552 2949 μένου
604 2879 770 2945 τινὸς,
819 2879 880 2932 οὐ
933 2879 1024 2933 τὸν
1070 2878 1376 2934 ἀπελθόντα
1427 2876 1666 2948 θρηνεῖς,
1707 2874 1828 2928 οὐδὲ
1859 2873 1958 2944 τὴν

390 2963 743 3035 προστασίαν.
775 2964 938 3018 Ἀλλά
957 2963 1047 3018 τὸν
1073 2963 1349 3036 χωρισμὸν
1380 2964 1442 3017 οὐ
1477 2963 1683 3032 φέρεις,
1711 2960 1833 3014 οὐδέ
1859 2959 1960 3030 τὴν

391 3050 490 3118 τῆς
517 3048 808 3119 συνηθείας
851 3048 1157 3120 διακοπήν;
1199 3048 1265 3100 Τί
1315 3047 1360 3100 δ’
1411 3046 1476 3101 ἀν
1523 3045 1728 3099 εἴποιεν
1777 3044 1836 3097 αί
1864 3043 1959 3096 καὶ

389 3131 660 3203 δευτέροις
702 3132 987 3203 ὁμιλοῦσαι
1028 3133 1262 3202 γάμοις;
1299 3144 1325 3173 α
1365 3131 1576 3202 Σφόδρα
1609 3147 1672 3197 γε
1697 3145 1710 3158 ·
1752 3129 1812 3181 οὐ
1851 3128 1960 3198 γὰρ

390 3217 516 3280 τοὺς
536 3218 834 3288 προτέρους
865 3215 1234 3288 ἐπιζητοῦσιν.
1265 3215 1428 3269 Ἀλλά
1471 3215 1546 3286 μὴ
1592 3214 1729 3285 πρὸς
1757 3212 1961 3276 ταύτας

391 3299 484 3353 τὸν
513 3299 670 3369 λόγον
698 3300 1092 3371 ἀποτείνωμεν,
1145 3299 1280 3354 ἀλλά
1323 3300 1460 3370 πρὸς
1505 3298 1605 3361 τὰς
1652 3300 1766 3360 τοῖς
1790 3297 1962 3352 ἀπελ-

394 3381 578 3436 θοῦσιν
601 3381 816 3437 εὐνοιαν
853 3381 1247 3452 φυλαττούσας.
1277 3383 1376 3435 Διά
1414 3382 1467 3436 τί
1498 3381 1716 3445 πενθεῖς
1745 3380 1808 3433 τὸ
1838 3398 1965 3435 παι-

391 3465 529 3532 δίον;
571 3465 658 3520 διὰ
691 3466 743 3520 τί
793 3465 884 3520 τὸν
935 3465 1140 3538 ἀνδρα;
1179 3464 1287 3518 Τοῦ
1316 3465 1436 3536 μὲν,
1465 3464 1653 3535 ἐπειδὴ
1703 3464 1805 3518 οὐκ
1850 3465 1961 3518 ἀπ-

393 3548 614 3611 έλαυσα,
647 3549 780 3618 φησί
804 3566 819 3582 ο
851 3549 946 3602 τοῦ
980 3549 1056 3612 δέ.
1081 3549 1268 3620 ἐπειδὴ
1297 3547 1673 3620 προσεδόκησα
1707 3547 1965 3601 ἐπιπλέον

395 3633 814 3687 ἀπολαύσεσθαι.
850 3632 1021 3687 Τοῦτο
1059 3634 1118 3687 δὲ
1167 3635 1300 3687 αὐτὸ
1335 3633 1467 3703 ὅσης
1497 3631 1753 3695 ἀπιστίας
1788 3631 1849 3684 τὸ
1880 3648 1966 3684 νο-

402 3715 598 3787 μίζειν,
650 3717 731 3770 ὅτι
785 3718 813 3769 6
877 3715 1015 3789 ἀνὴρ
1074 3716 1108 3788 ἤ
1165 3715 1227 3770 τὸ
1271 3716 1479 3770 παιδίον
1516 3717 1575 3768 ἐν
1615 3714 1884 3786 ἀσφαλείᾳ
1906 3731 1965 3767 σε

399 3801 651 3872 καθίστη,
684 3802 812 3855 ἀλλ’
843 3802 941 3873 οὐχ
970 3804 998 3855 6
1041 3801 1201 3866 Θεόςς
1240 3800 1356 3865 πῶς
1383 3801 1484 3854 οὐκ
1512 3801 1611 3854 οἴει
1642 3797 1965 3868 παροξύνειν

398 3885 588 3949 αὐτόν;
623 3885 722 3939 Διά
765 3885 874 3957 γὰρ
918 3884 1076 3938 τοῦτο
1131 3884 1329 3947 αὐτοὺς
1382 3882 1650 3955 λαμϐάνει
1681 3882 1963 3946 πολλάκις,

399 3967 486 4019 ἵνα
541 3967 616 4037 μὴ
657 3967 827 4031 οὕτως
871 3968 1054 4032 αὐτοῖς
1197 3966 1625 4038 προσδεδεμένη,
1672 3965 1813 4018 ὥστε
1871 3965 1964 4017 ἀπ’

400 4050 551 4123 [469]
581 4051 799 4104 ἐκείνων
831 4051 930 4122 τὴν
965 4051 1156 4104 ἐλπίδα
1185 4053 1514 4120 ἀπαγαγεῖν.
1557 4049 1687 4114 Θεὸς
1718 4049 1828 4118 γάρ
1851 4049 1967 4102 ἐστι

399 4134 666 4205 ζηλωτὴς,
687 4135 779 4189 καὶ
795 4135 1008 4188 πάντων
1023 4135 1254 4206 μάλιστα
1278 4133 1522 4204 βούλεται
1545 4150 1620 4188 πα
1629 4133 1674 4203 ρ’
1702 4131 1858 4202 ἡμῶν
1882 4150 1970 4200 φι-

399 4218 628 4284 λεῖσθαι,
663 4219 756 4271 καὶ
783 4218 961 4285 τοῦτο,
991 4217 1178 4289 ἐπειδὴ
1211 4217 1418 4288 σφόδρα
1445 4217 1596 4288 ἡμᾶς
1623 4215 1788 4284 φιλεῖ.
1824 4217 1970 4269 Ἵστε

401 4303 510 4373 γάρ
540 4303 620 4355 ὄτι
643 4300 800 4355 τοῦτο
829 4303 936 4355 τῶν
965 4302 1206 4372 μανικῶς
1234 4299 1532 4371 φιλούντων
1561 4300 1621 4352 τὸ
1651 4298 1804 4363 έθος·
1833 4299 1968 4369 σφό-

401 4386 504 4456 δρα
532 4386 638 4439 είσὶ
662 4385 970 4456 ζηλότυποι,
1001 4387 1097 4439 καὶ
1113 4387 1350 4456 αἱροῖντο
1382 4384 1448 4438 ἂν
1471 4385 1572 4454 τὴν
1595 4384 1776 4454 ψυχὴν
1831 4401 1968 4454 προ-

405 4469 579 4535 έσθαι,
615 4469 648 4540 ἢ
679 4471 1220 4540 παρευδοκιμηθῆναι
1280 4468 1386 4522 ὑπό
1415 4485 1560 4531 τινος
1610 4466 1718 4520 τῶν
1744 4468 1973 4536 ἀντερα-

406 4551 566 4607 στῶν.
592 4553 692 4608 Διά
718 4554 888 4608 ταῦτα
917 4555 1012 4608 καὶ
1044 4556 1072 4608 6
1102 4553 1234 4617 Θεὸς
1273 4552 1434 4606 αὐτὸν
1463 4551 1646 4616 ἔλαϐε,
1683 4550 1772 4604 διὰ
1797 4549 1971 4604 ταῦτα

402 4637 473 4690 τὰ
506 4637 745 4708 ματα.

474 4748 545 4811 γ’.
562 4742 714 4795 Ἐπεὶ
735 4741 878 4806 τίνος
905 4739 1113 4805 ἕνεκεν,
1137 4740 1258 4794 εἰπέ
1284 4740 1465 4810 μοι,τὸ
1490 4739 1719 4792 παλαιὸν
1739 4740 1839 4792 οὐκ
1859 4737 1974 4806 ἐγί-

407 4840 560 4878 νοντο
614 4827 853 4896 χηρεῖαι,
901 4824 1022 4878 οὐδὲ
1077 4823 1334 4894 ὀρφανίαι
1389 4823 1588 4893 ἀώροις
1641 4821 1730 4875 διά
1774 4822 1828 4873 τί
1881 4822 1973 4875 τὸν

421 4906 669 4978 Ἀϐραὰμ
718 4908 811 4960 καὶ
844 4906 1032 4960 Ἰσαάκ
1083 4907 1262 4977 ἀφῆκε
1319 4905 1485 4958 πολὺν
1535 4905 1699 4974 ζῆσαι
1749 4903 1970 4974 χρόνον;

407 4991 626 5052 Πάντως
664 4991 745 5044 ὅτι
773 4992 868 5043 καὶ
888 4989 1087 5055 ζῶντος
1122 4987 1318 5056 αὐτοῦ,
1351 4988 1620 5060 προετίμα
1642 4987 1670 5026 ι’
1699 4987 1790 5041 τὸν
1821 4987 1973 5042 Θεόν.

411 5070 544 5128 Εἷπε
573 5072 729 5142 γοῦν.
758 5074 973 5143 Σφάξον
1005 5091 1018 5104 ·
1062 5073 1157 5127 καὶ
1188 5071 1413 5143 ἔσφαξε.
1438 5071 1536 5127 Διά
1554 5071 1606 5124 τί
1635 5070 1735 5142 τὴν
1761 5070 1975 5143 Σάρραν

408 5157 500 5212 ἐπὶ
520 5156 774 5210 τοσοῦτον
815 5157 991 5227 ἤγαγε
1036 5157 1241 5229 γῆρας;
1281 5158 1402 5210 Ὀτι
1449 5155 1546 5209 καὶ
1591 5153 1774 5226 ζώσης
1806 5155 1976 5223 αὐτῆς

409 5241 503 5295 τοῦ
534 5241 672 5295 Θεοῦ
705 5241 907 5312 μᾶλλον
943 5242 1160 5312 ἤκουεν,
1190 5241 1223 5313 ἦ
1255 5241 1444 5314 αὐτῆς.
1492 5241 1591 5294 Διά
1627 5240 1786 5294 τοῦτο
1823 5239 1977 5307 έλεγε

409 5323 548 5393 πρὸς
575 5324 737 5376 αὐτὸν
782 5325 811 5377 ὁ
855 5324 989 5388 Θεός
1022 5340 1036 5356 ο
1084 5325 1376 5378 Ἄκουσον
1424 5321 1659 5392 Σὰρῤας
1713 5321 1824 5391 τῆς
1876 5340 1978 5390 γυ-

410 5409 624 5473 ναικός
653 5421 792 5464 σου.
825 5407 962 5462 Οὗτε
994 5408 1063 5461 δι’
1092 5408 1282 5480 ἀνδρὸς
1314 5407 1517 5476 φιλίαν,
1535 5405 1658 5460 οὐτε
1687 5405 1775 5459 διὰ
1791 5422 1982 5474 γυναι-

413 5495 527 5557 κὸς,
593 5491 717 5547 οὐτε
774 5493 863 5547 διὰ
910 5493 1097 5558 παιδὸς
1154 5493 1489 5564 προστασίαν
1546 5492 1865 5565 παρώργιζέ
1896 5509 1982 5554 τις

412 5577 535 5631 τότε
555 5578 647 5632 τὸν
674 5577 826 5633 Θεόν.
857 5577 971 5632 Νῦν
995 5577 1054 5632 δὲ
1084 5579 1272 5648 ἐπειδὴ
1304 5579 1644 5647 κατωφερεῖς
1671 5579 1860 5648 ἐσμεν,
1886 5577 1982 5630 καὶ

481 5827 505 5855 ⁸
533 5823 710 5874 Inserit
740 5822 874 5874 Colb.
899 5827 950 5870 et
973 5820 1124 5870 Savil.
1154 5819 1203 5870 in
1229 5834 1362 5882 marg
1390 5857 1402 5878 ,
1427 5819 1553 5882 ‘Apa
1576 5821 1654 5866 τὸν
1673 5820 1913 5880 χωρισμὸν
1939 5833 1948 5872 ;

481 5888 508 5929 δ
535 5886 815 5950 Legebantur
833 5883 1136 5948 προετίμασε,
1156 5883 1284 5945 quod
1307 5896 1334 5933 ο
1356 5881 1791 5934 Εοιῢζυοιτοειυω
1814 5887 1905 5930 est.

1200 333 1273 396 IN
1308 335 1586 413 EPIST.)
1616 335 1708 392 Al)
1739 330 2080 391 THESSAL.
2134 329 2287 388 CAP.
2324 330 2415 386 Ν.
2458 328 2691 386 HOMIL.
2730 329 2817 386 Vl.

3413 282 3458 284 ’ἡ
3524 318 3634 374 ua

2059 447 2266 519 σφόδρα
2299 447 2845 517 καταπεπτώκαμεν,
2885 444 2980 498 καὶ
3026 441 3217 510 ἄνδρες
3248 438 3508 508 γυναῖκας
3536 434 3632 487 τοῦ

2059 532 2192 585 Θεοῦ
2217 531 2379 586 πλέον
2413 531 2704 601 φιλοῦμεν,
2737 530 2830 583 καὶ
2863 529 3120 596 γυναῖκες
3147 524 3345 592 ἄνδρας
3371 520 3464 572 τοῦ
3494 519 3631 572 Θεοῦ

2060 616 2221 669 πλέον
2249 615 2628 686 προτιμῶμεν,
2671 614 2863 666 τούτου
2897 611 3055 681 χάριν
3089 607 3186 660 καὶ
3219 606 3453 665 ἄκοντας
3480 604 3632 686 ἡμᾶς

2060 703 2140 764 είς
2171 684 2335 753 πόθον
2366 684 2516 753 ἐλκει
2549 699 2639 752 τὸν
2671 696 2860 750 αὐτοῦ.
2889 695 2982 765 Μὴ
3019 691 3164 761 φίλει
3212 689 3302 741 τὸν
3337 687 3507 755 ἄνδρα
3534 684 3631 735 τοῦ

2059 786 2195 839 Θεοῦ
2225 784 2406 848 πλέον,
2436 785 2529 837 καὶ
2553 784 2655 836 οὐκ
2696 780 2933 851 αἰσθήσῃ
2958 774 3186 847 χηρείας
3228 771 3358 824 ποτέ
3385 783 3398 798 ⁶
3431 769 3633 839 μᾶλλον

2057 871 2116 924 δὲ
2137 871 2241 924 κᾶν
2272 871 2478 940 συμϐῇ,
2526 869 2586 921 οὐ
2627 867 2773 940 λήψῃ
2819 865 2915 935 τὴν
2957 860 3230 930 αἴσθησιν.
3395 853 3476 919 τί;
3509 853 3632 940 ’Ότι

2060 935 2372 1027 προστάτην
2401 935 2545 1025 ἔχεις
2582 935 2690 1006 τὸν
2712 935 2915 1022 μᾶλλον
2951 944 3210 1017 φιλοῦντα
3250 935 3632 1027 ἀθάνατονᾲΕί

2063 1017 2266 1111 μάλλον
2294 1017 2385 1092 τὸν
2414 1017 2547 1091 Θεὸν
2604 1017 2798 1104 φιλεῖς,
2853 1033 2928 1102 μὴ
2985 1028 3172 1082 πένθει
3196 1025 3267 1111 ’-ὁ
3293 1021 3401 1090 γὰρ
3419 1017 3634 1111 ’μάλλον

2061 1121 2400 1193 φιλούμενος,
2439 1119 2704 1182 ἀθάνατός
2731 1120 2870 1178 ἐστι,
2897 1114 2988 1167 καλ⁹
3007 1112 3108 1164 οὐκ
3126 1107 3319 1193 ἀφίησι
3353 1103 3446 1156 τοῦ
3469 1097 3632 1193 ἦττον

2060 1184 2394 1276 φιλουμένου⁷
2423 1205 2607 1257 λαϐεῖν
2640 1201 2892 1270 αἴσθησιν
2912 1215 2927 1230 °
2976 1194 3102 1248 Ἐπὶ
3131 1184 3526 1276 ὐποδείγματός
3551 1200 3632 1276 σοι

2058 1269 2454 1358 τοῦτο-ποιήσω
2504 1285 2756 1356 φανερόν.
2787 1269 2924 1337 Είπέ
2981 1296 3092 1348 μοι,
3139 1276 3188 1328 εί
3236 1272 3400 1358 ἀνδρα
3431 1269 3572 1358 ἔχεις
3604 1275 3628 1304 ο

2061 1371 2202 1424 κατά
2228 1371 2452 1442 γνώμην
2479 1387 2562 1422 σοι
2602 1369 2781 1422 πάντα
2840 1366 3175 1436 πράττοντα,
3217 1352 3629 1442 εὐδοκιμοῦντα,

2060 1455 2155 1508 καὶ
2191 1455 2448 1508 ποιοῦντά
2477 1471 2536 1505 σε
2559 1450 2817 1522 λαμπρὰν
2853 1441 3154 1514 πανταχοῦ,
3188 1441 3284 1493 καὶ
3311 1434 3631 1522 ἀκαταφρό-

2060 1555 2239 1608 νητον,
2275 1535 2666 1608 εὐδοκιμοῦντα
2715 1531 2868 1603 παρὰ
2937 1531 3095 1595 πᾶσι,
3155 1521 3395 1582 συνετὸν,
3448 1517 3634 1608 σοφὸν,

2061 1603 2320 1692 φίλοῦντά
2378 1603 2475 1689 σε,⁷
2521 1618 2934 1692 μακαριζομένη
2991 1615 3058 1668 δι’
3111 1605 3445 1692 αὐτὺνγκαὶ
3495 1603 3635 1692 μετά

2060 1686 2251 1760 τούτου
2302 1686 2467 1777 τέκῃς
2518 1686 2613 1758 καὶ
2665 1686 3098 1777 παιδίονξεῖτα
3136 1694 3267 1764 πρὶν
3307 1691 3451 1777 ἢᾲξὶς
3486 1686 3635 1777 ὥραν

2062 1791 2235 1843 ἐλθεῖν
2285 1770 2502 1860 ἡλικίας
2555 1787 2785 1841 ἀπέλθοι
2841 1784 3019 1847 τοῦτο,
3079 1776 3190 1848 ἆρα
3249 1775 3484 1860 αἰσθήσῃ
3540 1770 3634 1860 τοῦ

2063 1857 2324 1941 πένθουςξ
2355 1872 2619 1942 Οὐδαμῶς
2641 1889 2655 1902 ·
2677 1873 2706 1924 6
2737 1869 2847 1939 γὰρ
2877 1866 3076 1938 μᾶλλον
3109 1861 3263 1931 φιλού
3275 1874 3433 1942 μενος
3461 1857 3638 1942 ἐκεῖνο

2063 1957 2427 2029 ἀποκρύπτει.
2465 1955 2575 2008 Καὶ
2613 1953 2708 2007 νῦν
2746 1953 2841 2006 τὸν
2882 1950 3014 2003 Θεὸν
3061 1945 3127 2000 ἀν
3162 1944 3323 1996 πλέον
3358 1940 3514 2029 φιλῇς
3540 1935 3635 2029 τοῖς

2063 2018 2279 2112 ἀνδρὸς,
2313 2039 2548 2110 μάλιστα
2593 2037 2692 2108 μὲν
2719 2037 2794 2088 .οὐ
2835 2033 3045 2103 ταχέως
3089 2028 3250 2082 αὐτὸν
3285 2024 3549 2112 λήψεταιο
3589 2018 3638 2069 εί

2063 2125 2120 2179 δέ
2148 2103 2380 2196 ἀρα-καὶ
2414 2103 2606 2186 λάϐοι,
2631 2121 2732 2190 οὐχ
2778 2118 2922 2184 ἕξεις
2953 2113 3225 2196 αἴσθησιν.
3245 2107 3338 2161 τοῦ
3383 2103 3635 2196 πέὶιθομς.

2065 2207 2165 2261 Διά
2190 2187 2350 2260 τοῦτο
2377 2205 2473 2260 καὶ
2495 2207 2523 2258 6
2562 2187 2831 2275 μακάριος
2874 2197 2999 2252 Ἰὼϐ
3026 2195 3179 2248 οὐδὲν
3203 2192 3410 2259 ἔπασχε
3438 2187 3635 2275 δεινὸν,

2064 2291 2170 2344 τῶν
2204 2291 2410 2344 παίδων
2436 2289 2501 2342 ἀθ
2512 2289 2631 2359 ρόον
2655 2287 2746 2340 τὸν
2773 2284 3003 2337 θάνατον
3043 2277 3304 2339 ἀκούσας,
3331 2277 3426 2359 ἐπε
3437 2270 3518 2338 ιδὴ
3529 2268 3640 2359 ,τὸν

2063 2375 2196 2430 Θεὸν
2249 2374 2421 2444 ἐφίλει
2466 2351 2627 2424 πλέον
2683 2367 2888 2423 αὐτῶν.
2941 2361 3049 2416 Τοῦ
3095 2359 3277 2413 τοίνυν
3310 2351 3639 2444 φιλοῦμέν-σιτ

2065 2431 2474 2526 ζῶντος,ὀύδέν
2527 2453 2750 2525 ἔμελλεν
2795 2451 2980 2504 ἐκεῖνα
3023 2445 3288 2514 λυπήσειν
3350 2439 3535 2526 αὐτόν.
3572 2431 3642 2526 Τί

2065 2517 2283 2613 λέγεις,⁷
2325 2535 2370 2594 ὧ
2427 2517 2622 2610 γύνοίις
2673 2540 2701 2590 ὁ
2748 2535 2888 2604 ἀνὴρ
2931 2531 3025 2584 καὶ
3078 2530 3107 2581 6
3160 2528 3288 2613 παῖς
3337 2517 3643 2613 ⁸προϊστατὸ

2069 2605 2184 2692 σοῦ,
2279 2627 2337 2680 δὲ
2368 2605 2498 2688 Θεὸς
2530 2625 2591 2676 οὐ
2618 2619 2860 2690 φείδεταί
2889 2614 2915 2653 ἀ
2947 2632 3042 2669 σου
3071 2631 3085 2677 ;
3128 2610 3291 2665 αὐτὸν
3334 2605 3399 2676 δὴ
3434 2605 3642 2692 ἐκεῖνον

2066 2689 2179 2778 τίς.
2211 2731 2294 2766 σοι
2339 2711 2573 2774 ἕδωκεν;
2621 2689 2746 2777 οὐχὶ
2788 2702 2979 2766 αὐτός;
3023 2701 3083 2752 σὲ
3127 2697 3184 2750 δὲ
3231 2694 3317 2757 τίς
3350 2689 3641 2778 ἐποίησεκ

2066 2768 2187 2871 οὐχί⁵
2218 2795 2417 2862 αὐτός;
2465 2794 2523 2846 '0
2560 2768 2724 2860 'pév"
2745 2790 2810 2842 ἐκ
2863 2784 2959 2871 τοῦ
3022 2783 3110 2871 μὴ-
3142 2780 3294 2841 δντος
3316 2775 3483 2871 egi-:6,
3504 2768 3643 2824 εἶναι

2067 2858 2429 2956 παραγαγὼν,
2448 2877 2541 2930 καὶ¹
2561 2858 2739 2946 ψυχὴν
2775 2866 3242 2956 μένύὲμπνεύσας,
3263 2863 3372 2956 ,καὶ
3403 2858 3646 2956 διάνοιαν

2068 2941 2266 3030 ἐνθεὶς,
2296 2941 2391 3018 καὶ
2436 2962 2536 3030 τὴν
2576 2941 2742 3012 αὐτοῦ
2777 2941 3000 3023 Ἰγνῶσιν
3045 2945 3391 3012 καταξιώσας
3416 2941 3646 3013 χαρίσα-

2071 3027 2343 3113 σθαιξκαὶ
2373 3045 2465 3100 τοῦ
2492 3027 2631 3098 ’Υίοῦ
2665 3040 2832 3096 αὐτοῦ
2861 3039 2956 3093 τοῦ
2988 3031 3306 3109 μονογενοῦς
3341 3031 3428 3083 διὰ
3469 3029 3530 3081 σὲ
3571 3027 3646 3096 μὴ

2071 3134 2404 3206 φειδόμενος,
2438 3128 2532 3182 σοῦ
2565 3129 2626 3182 οὐ
2662 3125 2919 3195 φείδεται,
2965 3122 2994 3174 ὁ
3036 3121 3094 3206 δὲ
3135 3115 3424 3206 ὁμόδοὲλος
3458 3113 3646 3205 φείσε-

2068 3195 2190 3283 ταις
2218 3195 2397 3286 πόσης.
2430 3213 2602 3266 ταῦτα
2638 3209 2807 3280 ὀργῆς
2860 3206 2926 3260 τὰ
2987 3204 3238 3286 ῥήματα;
3293 3198 3359 3251 Τί
3389 3195 3648 3286 ’τοίοῦτον

2071 3277 2226 3372 ἔσχες
2252 3277 2402 3371 παρά
2424 3295 2519 3351 τοῦ
2570 3277 2798 3364 ἀνδρόςς
2835 3286 3003 3342 Οὐδὲν
3061 3285 3128 3339 ἂν
3183 3283 3327 3372 ἔχοις
3357 3277 3648 3372 ε’ίπεῖη.“Εί

2070 3360 2178 3454 γάρ
2201 3360 2346 3456 (4⁵103
2379 3383 2433 3434 τί
2490 3396 2550 3431 σε
2599 3360 2694 3431 καλ
2740 3372 3136 3456 εὐηργέτησεν,
3162 3361 3398 3456 *ἀλλίῇεῦ
3438 3360 3647 3454 παθὼν,

2071 3444 2664 3536 ἀλλάἷπροῦπαρξάσης
2687 3475 2780 3512 σου
2809 3444 2835 3488 ο-
2859 3456 2949 3509 ἐπὶ
2977 3455 3034 3506 δὲ
3055 3450 3189 3506 Θεοῦ
3219 3450 3374 3503 οὐδὲν
3407 3444 3649 3536 τοιοῦτον

2071 3551 2137 3605 ἄν
2165 3568 2249 3613 τις
2277 3528 2390 3618 έχοι
2415 3528 2628 3613 λέγεινξ
2667 3541 2740 3595 Οὐ
2795 3539 2904 3609 γάρ
2957 3533 3015 3590 εὖ
3064 3532 3252 3588 παθὼν
3286 3528 3649 3618 ὁ-Θεὸςῌπαρζ

2073 3609 2252 3705 ἡμῶν,
2276 3609 2447 3693 οῦτως
2473 3609 2620 3699 ἡμᾶς
2673 3623 2978 3696 εὐεργετεῖ,
3026 3619 3142 3674 ἀλλ’
3190 3615 3442 3705 ἀνενδεὴς
3466 3611 3564 3705 ὢν,
3589 3609 3650 3673 ἐξ

2072 3695 2406 3785 ἀγαθότητος
2433 3695 2598 3782 μόνης
2632 3705 2692 3762 εὖ
2726 3695 2870 3760 ποιεῖ
2908 3703 2970 3758 τὸ
3003 3703 3113 3757 τῶν
3142 3697 3442 3771 ἀνθρώπων
3469 3695 3648 3785 γένος.

2074 3778 2360 3854 Βασιλείάν
2398 3778 2479 3851 σοι
2508 3778 2891 3864 ἐπηγγείλατο,
2947 3787 3090 3858 ζωὴν
3136 3783 3422 3845 ἀθάνατον,
3467 3778 3648 3843 δόξαν,

2076 3885 2430 3954 ἀδελφότητα,
2481 3877 2752 3933 υἱοθεσίαν
2799 3875 2997 3937 ἔδωκε,
3061 3868 3502 3954 συγκληρονόμον
3552 3865 3651 3918 τοῦ

2074 3953 2412 4038 Μονοίγενοῦς
2445 3964 2668 4034 ἐποίησε
2703 3979 2717 3992 ”
2749 3961 2812 4013 σὺ
2836 3960 2894 4013 δέ
2916 3957 3009 4011 τοῦ
3038 3955 3231 4028 ἀνδρὸς
3257 3953 3336 4006 ἐτι
3375 3953 3652 4038 μέμνησαι

2080 4035 2492 4127 μετὰ-τοσαῦτα
2525 4046 2733 4114 ἀγαθά;
2769 4044 2835 4097 Τί
2896 4040 3135 4127 τοιοῦτον
3173 4039 3404 4127 ’ἐκεῖνος
3455 4035 3649 4127 ἐχαρί-

2079 4119 2240 4202 σατο;
2275 4136 2378 4189 Τὸν
2413 4133 2562 4204 ἥλιον
2605 4127 2770 4184 αὐτοῦ
2824 4124 3085 4187 ἀνέτειλε,
3137 4122 3229 4176 τὸν
3279 4121 3432 4173 ὑετὸν
3460 4119 3651 4182 ἔδωκε,

2075 4225 2196 4287 ταῖς
2239 4218 2474 4290 ἐτησίοις
2531 4216 2760 4286 τροφαῖς
2805 4211 3019 4282 τρέφει.
3079 4207 3214 4290 Οὐαί
3261 4207 3394 4290 ἡμῖν
3451 4205 3654 4290 ἐκῇτῆς

2080 4305 2279 4374 πολλῆς
2309 4287 2667 4373 ἀχαριστίαςί
2703 4295 2802 4348 Διά
2837 4294 2995 4346 τοῦτο
3035 4287 3652 4374 λαμϐάνειῄτὸνμάνδρα,

2078 4390 2168 4444 ἵνα
2197 4369 2462 4454 αὐτὸν-μὴ
2491 4381 2660 4452 ζητῇς
2700 4396 2715 4411 ·
2751 4380 2815 4432 σὺ
2849 4377 2907 4430 δὲ
2945 4373 3270 4434 ἀπελθόντος
3308 4371 3407 4444 ἔχῃ
3435 4369 3535 4434 ἔτι,
3559 4369 3657 4454 καῖ

2079 4473 2170 4526 τὸν
2190 4469 2323 4524 Θεὸν
2350 4453 2537 4536 ἀφίης,
2563 4465 2681 4516 δέον
2724 4459 3090 4530 εὐχαριστεῖν,
3141 4455 3259 4508 δέον
3309 4455 3396 4536 τὸ
3417 4455 3526 4506 πᾶν
3556 4453 3658 4505 ἐπ’

2081 4555 2242 4610 αὐτὸν
2273 4550 2651 4619 ἐπιῤῥίπτεινς
2683 4544 2748 4596 Τί
2779 4543 2888 4613 γάρ
2910 4544 3057 4594 ἐστιν
3084 4539 3112 4591 ὃ
3138 4538 3289 4610 παρὰ
3318 4535 3412 4590 τοῦ
3465 4537 3658 4607 ἀνδρὸς

2080 4638 2308 4702 έλαϐες;
2347 4633 2554 4694 ώδῖνες,
2577 4629 2672 4683 καὶ
2697 4627 2870 4692 πόνοι,
2903 4624 2997 4678 καὶ
3023 4621 3231 4694 ὕϐρεις,
3275 4621 3371 4674 καὶ
3394 4620 3654 4692 λοιδορίαι

2083 4719 2362 4784 πολλάκις,
2412 4715 2508 4768 καὶ
2553 4710 2923 4781 ἐπιτιμήσεις,
2979 4706 3074 4760 καὶ
3127 4706 3550 4776 ἀγανακτήσεις.
3581 4703 3656 4755 Οὐ

2080 4805 2255 4858 ταῦτα
2303 4801 2374 4853 τὰ
2414 4795 2569 4869 παρά
2587 4795 2698 4848 τῶν
2727 4791 2969 4863 ἀνδρῶν;
3004 4788 3146 4842 Ἀλλ’
3184 4790 3322 4855 ἐστι,
3357 4789 3515 4860 φησὶ,
3561 4789 3658 4840 καὶ

2081 4891 2246 4958 ἐτερα
2310 4883 2541 4958 χρηστά.
2607 4882 2744 4936 Ποῖα
2800 4879 2865 4948 δὴ
2925 4875 3133 4942 ταῦτα;
3187 4873 3536 4958 ἐκαλλώπισέ
3596 4889 3658 4926 σε

2085 4955 2322 5042 ἱματίοις
2335 4955 2650 5022 πολυτελέσι
2671 4982 2685 5029 ;
2705 4961 2904 5033 χρυσία
2932 4959 3226 5031 περιέθηκε
3243 4958 3322 5030 τῷ
3345 4955 3622 5028 προσώπῳ
3639 4993 3659 5019 ,

2085 5040 2367 5123 αἰδέσιμον
2396 5052 2561 5104 πᾶσιν
2583 5047 2838 5116 ἐποίησεν
2857 5061 2872 5111 ;
2893 5043 3036 5096 Ἀλλ’
3059 5042 3125 5096 ἂν
3153 5042 3334 5114 θέλῃς,
3365 5041 3461 5093 καὶ
3489 5040 3658 5094 ἀπελ-

2087 5141 2268 5200 θόντος
2320 5134 2587 5202 κοσμήσει
2641 5130 2833 5200 κόσμῳ
2888 5128 3022 5182 πολὺ
3077 5126 3355 5196 βελτίονι·
3389 5123 3500 5178 τῶν
3553 5125 3659 5193 γὰρ

2087 5222 2325 5296 χρυσίων
2352 5216 2535 5287 πολλῷ
2583 5214 3036 5296 θαυμασιωτέραν
3085 5213 3209 5296 τὴν
3238 5211 3470 5296 ἔχουσαν
3504 5209 3537 5278 ἡ
3571 5225 3662 5296 σεῖ-

2093 5292 2292 5379 μνότης
2325 5302 2488 5357 ποιεῖ.
2520 5301 2672 5370 Ἔχει
2710 5299 2806 5353 καὶ
2847 5294 3001 5361 οὗτος
3021 5299 3049 5351 ὁ
3078 5295 3329 5366 βασιλεὺς
3362 5293 3572 5379 ίμάτια,
3599 5292 3661 5344 οὐ

2087 5377 2333 5453 τοιαῦτα,
2364 5385 2500 5442 ἀλλὰ
2524 5384 2705 5452 πολλῷ
2730 5383 2922 5453 βελτίω
2950 5401 2965 5414 ·
3006 5383 3206 5446 ἐκεῖνα,
3239 5380 3305 5434 ἂν
3333 5377 3542 5451 ἐθέλῃς,
3567 5393 3667 5428 πε-

2093 5472 2336 5548 ριϐαλοῦ.
2368 5472 2502 5523 Ποῖα
2533 5469 2598 5538 δὴ
2622 5467 2828 5534 ταῦτα;
2858 5464 3172 5548 Ἱματισμός
3200 5466 3315 5516 ἐστι
3342 5459 3666 5548 διαχρύσους

2093 5541 2357 5632 κροσσούς
2384 5555 2563 5624 ἔχων·
2613 5553 2710 5606 ἐὰν
2769 5551 2980 5623 ἐθέλῃς,
3037 5547 3212 5617 τούτῳ
3265 5544 3526 5618 περίϐαλε
3569 5541 3666 5612 τὴν

2160 5817 2180 5844 (⁵
2212 5811 2494 5871 Legendum
2517 5811 2656 5871 ἔχοις,
2683 5815 2734 5871 εί
2754 5806 3074 5871 ἱηῖιζιιπέκοις.

2160 5828 2180 5844 υ
2212 5828 2276 5861 Le
2315 5828 2494 5860 cnuum
2517 5828 2656 5871 εχοις,
2683 5828 2734 5855 ιιι
2755 5828 3074 5859 ιυιτιι,τεκυι;.

2160 5877 2185 5914 «1
2207 5828 2343 5927 toﬁ).
2369 5880 2423 5922 el
2443 5885 2592 5933 marg.
2621 5868 2770 5920 Savil.
2801 5869 2854 5916 οὐ
2880 5868 3105 5931 φείσεται.
