4128 6398
489 315 597 371 453

488 433 689 502 ψυχήν.
715 428 858 483 Ἀλλ’
881 428 981 482 οὐκ
996 428 1251 497 ἐποίησεν
1272 425 1746 496 εὐκαταφρόνητον
1768 419 2077 492 ἀνθρώποις

491 516 729 579 ἐκεῖνος;
773 510 884 564 Καὶ
904 511 956 563 τί
994 510 1152 565 τοῦτο
1200 510 1377 581 μέγα;
1423 510 1456 579 ἡ
1505 508 1690 579 μέντοι
1747 504 1946 576 χηρεία
1974 502 2077 555 οὐκ

489 593 685 665 ἀφίησί
713 612 774 646 σε
818 593 1075 661 γενέσθαι
1134 593 1610 662 εὐκαταφρόνητον
1662 592 1777 652 τοῖς
1833 587 2076 657 δαίμοσι.

491 679 626 729 Τότε
676 676 786 730 τῶν
820 675 1047 730 οίκετῶν
1104 675 1360 746 ἐκράτεις
1400 674 1509 727 τῶν
1572 672 1702 737 σῶν,
1746 672 1800 724 εί
1843 687 1908 739 γε
1940 670 2079 731 ὅλως

492 762 746 831 ἐκράτεις
772 774 788 790 ⁸
827 758 923 813 νῦν
969 759 1027 811 δὲ
1063 761 1182 813 ἀντὶ
1219 760 1328 812 τῶν
1378 757 1605 811 οἰκετῶν
1628 757 1739 811 τῶν
1769 752 2080 824 ἀσωμάτων

490 846 795 915 δυνάμεων,
841 845 950 897 τῶν
994 845 1201 914 ἀρχῶν,
1254 845 1365 897 τῶν
1416 842 1699 907 ἐξουσιῶν,
1753 839 1848 893 τοῦ
1878 854 2081 915 κοσμο-

493 914 759 1000 κράτορος
784 930 1027 999 κρατεῖς.
1082 927 1162 980 Τά
1190 928 1246 981 δὲ
1297 926 1516 997 λυπηρά
1571 926 1631 977 ού
1687 924 1886 993 λέγεις,
1919 923 1977 974 ἐν
2000 914 2081 982 οἷς

493 1012 859 1083 ἐκοινώνησας
896 1010 1067 1082 αὐτῷ,
1101 1012 1154 1063 εί
1182 1029 1311 1064 ποτε
1357 1011 1633 1080 ἀρχόντων
1658 1009 1849 1079 φόϐος,
1875 1008 1927 1059 εί
1950 1022 2081 1059 ποτε

495 1095 993 1166 παρευδοκιμήσεις
1057 1095 1167 1149 τῶν
1234 1094 1483 1165 πλησίον.
1533 1093 1754 1147 Τούτων
1823 1092 2081 1146 ἁπάντων

493 1179 801 1249 ἀπήλλαξαι
831 1179 948 1244 νῦν,
990 1180 1155 1247 φόϐου
1208 1180 1303 1233 καὶ
1360 1179 1533 1241 δέους.
1570 1178 1732 1232 Ἀλλά
1779 1178 1863 1239 τίς
1900 1194 1981 1229 σοι
2012 1178 2082 1228 τά

495 1262 929 1332 καταλειφθέντα
962 1262 1152 1333 θρέψει
1182 1261 1390 1325 παιδία,
1442 1263 1753 1332 μεριμνᾷςς
1793 1261 1856 1315 '0
1891 1259 2081 1329 Πατὴρ

496 1347 604 1399 τῶν
627 1345 897 1417 ὀρφανῶν.
932 1347 1027 1409 Τίς
1067 1345 1176 1416 γάρ
1210 1346 1348 1399 αύτά
1384 1344 1612 1411 ἔδωκεν,
1645 1345 1768 1398 εἰπέ
1819 1360 1949 1413 μοι;
1981 1344 2082 1398 οὐκ

495 1429 717 1492 ἀκούεις
745 1427 841 1481 τοῦ
872 1429 1111 1499 Χριστοῦ
1161 1428 1413 1497 λέγοντος
1458 1432 1517 1479 ἐν
1547 1431 1661 1489 τοῖς
1702 1427 2080 1497 Εὑαγγελίοις,

500 1513 706 1581 Οὐχίὴ
736 1513 907 1581 ψυχὴ
965 1514 1189 1566 πλείων
1247 1513 1378 1567 ἐστὶ
1420 1512 1533 1582 τῆς
1575 1512 1822 1582 τροφῆς,
1864 1513 1964 1566 καὶ
2014 1512 2081 1567 τὸ

497 1595 669 1662 σῶμα
700 1597 805 1650 τοῦ
833 1596 1168 1664 ἐνδύματος
1183 1613 1200 1658 ;

566 1679 627 1732 δ’.
660 1680 824 1749 Ὁρᾷς
850 1679 932 1732 ὅτι
961 1680 1060 1732 οὐκ
1081 1678 1188 1731 ἀπὸ
1219 1677 1526 1748 συνηθείας,
1550 1677 1664 1730 ἀλλ’
1691 1677 1798 1732 ἀπὸ
1824 1677 2081 1739 ἀπιστίας

494 1763 524 1812 ὁ
550 1763 743 1831 θρῆνος
783 1762 1019 1828 γίνεται;
1082 1761 1219 1814 Ἀλλ’
1264 1762 1365 1814 ούκ
1393 1762 1509 1815 ἔστι
1538 1761 1764 1832 λαμπρά
1779 1761 1982 1831 ὁμοίως
2010 1760 2081 1813 τά

496 1846 686 1899 παιδία
716 1846 811 1899 τοῦ
856 1846 1063 1916 πατρὸς
1098 1845 1543 1916 τελευτήσαντος.
1568 1845 1667 1897 Διά
1701 1846 1785 1907 τίς
1828 1846 1918 1899 τὸν
1947 1846 2082 1899 Θεὸν

494 1928 609 1997 ἔχει
638 1929 875 2000 Πατέρα,
908 1929 1002 1981 καὶ
1024 1930 1122 1981 οὑκ
1156 1927 1271 1980 ἐστι
1292 1928 1556 1999 λαμπράς
1593 1929 1801 1992 Πόσους
1836 1945 1920 1982 σοι
1949 1930 2083 1984 6110-

493 2011 653 2075 δείξω
671 2013 776 2064 ὑπὸ
802 2012 989 2083 χηρῶν
1014 2012 1447 2082 ἀνατραφέντας,
1466 2013 1560 2065 καὶ
1584 2012 1908 2082 γενομένους
1938 2011 2083 2066 δοκί-

498 2111 667 2163 μους;
704 2095 902 2157 πόσους
936 2095 993 2148 δὲ
1023 2096 1127 2148 ὑπὸ
1167 2091 1441 2166 πατράσιν
1462 2095 1643 2159 ὄντας,
1680 2096 1777 2149 καὶ
1804 2096 2083 2149 ἀπολωλό-

493 2193 626 2243 τας;
656 2178 752 2229 Ἂν
783 2177 891 2249 γάρ
917 2178 1055 2230 αύτά
1089 2179 1401 2249 ἀνατρέφῃς
1422 2180 1486 2232 ἐκ
1516 2177 1740 2249 πρώτης
1768 2178 1985 2249 ἡλικίας
2007 2180 2081 2242 ὡς

492 2261 820 2332 ἀνατρέφειν
869 2262 971 2322 δεῖ,
1017 2261 1197 2332 πολλῷ
1246 2262 1448 2332 μᾶλλον
1481 2263 1581 2331 τῆς
1620 2262 1950 2332 προστασίας
1982 2262 2084 2334 τῆς

493 2344 766 2414 πατρικῆς
796 2343 1198 2398 ἀπολαύσονται
1221 2345 1558 2414 εὐεργεσίας.
1598 2345 1720 2399 Ὀτι
1756 2347 1865 2416 γὰρ
1897 2346 2083 2419 χηρῶν

491 2428 608 2480 ἐστι
662 2427 725 2481 τὸ
770 2428 1024 2497 πρᾶγμα,
1069 2429 1129 2480 τὸ
1162 2428 1230 2482 τά
1286 2428 1473 2481 παιδία
1534 2427 1676 2495 λέγω
1733 2430 2080 2499 ἀνατρέφειν,

489 2512 724 2564 ἄκουσον
772 2512 989 2565 Παύλου
1041 2511 1295 2579 λέγοντος
1318 2528 1333 2543 ⁸
1364 2512 1433 2564 El
1452 2512 1927 2581 ἐτεκνοτρόφησε
1947 2531 1960 2543 ·
1988 2515 2084 2567 καὶ

492 2591 644 2664 [471]
665 2593 845 2651 πάλιν,
870 2592 1292 2659 Σωθήσεταιδὲ
1311 2592 1410 2647 διὰ
1438 2593 1549 2663 τῆς
1561 2596 1943 2664 τεκνογονίας
1964 2596 2083 2666 (ούκ

489 2672 631 2743 εἷπε,
648 2677 736 2731 διά
751 2677 845 2730 τοῦ
859 2677 1093 2747 ἀνδρὸς),
1106 2678 1215 2731 ἐὰν
1228 2677 1571 2746 ἐπιμείνωσι
1589 2678 1663 2745 τῇ
1678 2678 1878 2733 πίστει
1891 2680 1990 2733 καί
2009 2679 2084 2750 τῇ

488 2761 692 2830 ἀγάπῃ
720 2761 819 2814 καὶ
843 2761 923 2826 τῷ
946 2760 1220 2831 ἁγιασμῷ
1230 2762 1381 2829 μετὰ
1403 2763 1827 2830 σωφροσύνης.
1860 2763 2084 2817 Ἐνθετε

489 2848 673 2909 αὐτοῖς
704 2846 795 2897 τὸν
848 2845 1014 2914 φόϐον
1051 2843 1145 2896 τοῦ
1190 2844 1324 2897 Θεοῦ
1357 2845 1421 2897 ἐκ
1454 2844 1679 2915 πρώτης
1705 2846 1939 2916 ἡλικίας,
1989 2847 2085 2901 καὶ

490 2929 689 2990 παντὸς
707 2931 911 3000 πατρὸς
928 2928 1127 2997 μᾶλλον
1142 2929 1337 2992 αὐτοὺς
1349 2927 1666 2998 διατηρήσει
1682 2944 1697 2959 ⁸
1718 2931 1875 2983 τοῦτο
1903 2933 2080 3001 τεῖχος

491 3010 644 3063 ἔσται
698 3011 960 3081 ἀρῤαγές.
1010 3010 1178 3062 Ὅταν
1215 3010 1324 3080 γάρ
1368 3011 1515 3062 ἔνδον
1559 3014 1587 3062 ὁ
1635 3009 1809 3079 φύλαξ
1874 3013 2079 3081 ἐγκαθ-

491 3095 525 3163 ή
538 3110 698 3162 μενος
726 3089 783 3165 ᾗ,
807 3093 958 3146 ούδέν
981 3095 1115 3163 ἡμῖν
1128 3092 1237 3146 τῶν
1258 3092 1457 3163 ἔξωθεν
1480 3094 1563 3148 δεῖ
1591 3095 2040 3167 ἐπιτεχνημάτων
2058 3113 2075 3128 ⁸

490 3178 700 3232 ἐκείνου
722 3179 778 3230 δὲ
809 3179 908 3231 οὐκ
928 3178 1102 3242 δντος,
1131 3177 1310 3230 πάντα
1344 3178 1467 3248 είκῆ
1506 3179 1574 3232 τά
1607 3178 1807 3245 ἔξωθεν
1843 3182 2075 3249 γίνεται.

492 3261 667 3314 Τοῦτο
702 3262 885 3324 αὐτοῖς
911 3262 1065 3313 ἔσται
1098 3262 1193 3313 καὶ
1222 3261 1452 3323 πλοῦτος
1483 3264 1577 3315 καὶ
1621 3261 1750 3331 δόξα
1783 3265 1878 3318 καὶ
1922 3265 2080 3318 εὐκο-

493 3345 833 3415 σμία,τοῦτο
852 3345 1049 3409 αὐτοὺς
1073 3346 1291 3415 ποιήσει
1324 3344 1637 3415 λαμπροὺς,
1685 3347 1785 3398 οὐκ
1836 3348 1928 3401 ἐπὶ
1980 3348 2078 3419 τῆς

491 3433 617 3501 γῆς,
652 3429 787 3482 ἀλλά
835 3430 931 3482 καὶ
984 3430 1042 3482 ἐν
1079 3431 1192 3491 τοῖς
1230 3429 1500 3497 οὐρανοῖς.
1548 3428 1640 3501 Μὴ
1677 3429 1786 3500 γάρ
1818 3447 1908 3500 μοι
1940 3431 2078 3502 πρὸς

490 3512 733 3575 ἐκείνους
795 3512 911 3589 ἴδῃς
967 3512 1093 3574 τοὺς
1148 3511 1541 3581 διεζωσμένους
1597 3513 1696 3578 τὰς
1744 3511 1921 3578 ζώνας
1978 3515 2081 3579 τάς

492 3599 725 3669 χρυσᾶς,
761 3597 895 3668 μηδέ
920 3597 1048 3659 τοὺς
1076 3597 1162 3665 ἐφ’
1190 3597 1370 3657 ἵππων
1408 3595 1764 3667 φερομένους,
1786 3598 1920 3673 μηδέ
1950 3599 2078 3663 τοὺς

494 3684 553 3733 ἐν
576 3684 688 3745 τοῖς
715 3679 1006 3751 βασιλείοις
1032 3678 1348 3749 λάμποντας
1377 3679 1464 3733 διὰ
1484 3682 1612 3743 τοὺς
1641 3682 1910 3752 πατέρας,
1940 3684 2077 3753 μηδὲ

489 3765 618 3828 τοὺς
638 3762 965 3825 ἀκολούθους
985 3761 1207 3833 ἔχοντας
1232 3763 1324 3815 καὶ
1341 3763 1746 3832 παιδαγωγούς.
1768 3765 1953 3819 Ταῦτα
1967 3765 2076 3837 γὰρ

495 3849 625 3910 ἴσως
661 3850 760 3910 τάς
793 3849 966 3917 χήρας
998 3848 1091 3899 ἐπὶ
1129 3850 1243 3909 τοῖς
1281 3847 1535 3918 ὀρφανοῖς
1566 3848 1862 3902 κόπτεσθαι
1910 3852 2075 3914 ποιεί,

492 3929 852 3998 ἐννοουμένας
875 3931 957 3981 ὃτι
986 3931 1079 3982 καὶ
1104 3925 1256 3990 οὗτος
1286 3932 1314 3982 ό
1345 3930 1475 4000 ἐμὸς
1501 3933 1652 3995 παῖς,
1678 3933 1809 4000 εἴγε
1840 3934 1869 3985 ό
1893 3933 2074 4004 πατὴρ

490 4014 641 4084 αύτῷ
674 4013 891 4083 περιῆν,
930 4012 1197 4084 τοσαύτης
1230 4012 1296 4065 ἂν
1332 4013 1605 4066 ἀπέλαυσε
1631 4015 2032 4086 μακαριότητος
2055 4032 2071 4047 ⁸

489 4097 588 4151 νῦν
616 4097 673 4149 δὲ
705 4099 762 4148 ἐν
797 4096 1069 4167 κατηφείᾳ
1130 4097 1225 4149 καὶ
1270 4096 1484 4167 ἀτιμίᾳ,
1514 4097 1609 4149 καὶ¹
1661 4097 1875 4161 οὐδενὸς
1925 4098 2074 4165 ἄξιος

488 4180 647 4248 λόγου
676 4180 812 4233 ἐστί.
848 4181 939 4249 Μὴ
975 4179 1039 4250 δὴ
1074 4179 1247 4232 ταῦτα
1272 4181 1480 4251 ὲννοῇς.
1513 4174 1557 4233 ὦ
1588 4181 1769 4248 γύναι,
1795 4182 1909 4235 ἀλλ’
1939 4186 2073 4238 ἀνα-

494 4262 733 4316 πέτασον
763 4261 857 4315 τοῦ
891 4261 1122 4332 ούρανοῦ
1151 4262 1249 4325 τάς
1296 4261 1471 4324 πύλας
1512 4262 1589 4333 τῷ
1611 4263 1877 4335 λογισμῷ,
1907 4269 2077 4326 κατάο

493 4346 632 4414 μαθε
655 4346 722 4398 τὰ
750 4347 867 4398 ἐκεῖ
884 4346 1149 4448 βασίλεια,
1172 4345 1249 4399 ίδε
1260 4345 1480 4398 τὺνέκεῖ
1503 4347 1809 4425 καθήμενον
1828 4348 2073 4419 βασιλέα,

488 4429 703 4497 λόγισαι
760 4430 808 4480 εἰ
855 4429 1001 4482 οὗτοι
1034 4430 1236 4499 μᾶλλον
1266 4429 1431 4481 οίέπὶ
1472 4430 1570 4498 τῆς
1599 4431 1703 4501 γῆς
1750 4432 1845 4486 τοῦ
1889 4434 2077 4498 παιδὸς

488 4512 584 4565 τοῦ
613 4511 707 4564 σοῦ
753 4511 1011 4566 δύνανται
1045 4515 1163 4566 ἐκεῖ
1216 4508 1355 4566 εἶναι
1392 4511 1787 4585 λαμπρότεροι,
1824 4517 1921 4571 καὶ
1955 4518 2074 4572 τότε

492 4595 771 4660 στέναξον·
800 4596 866 4648 ἂν
920 4596 977 4649 δὲ
1028 4597 1120 4649 ἐπὶ
1168 4591 1269 4667 τῆς
1300 4597 1403 4665 γῆς
1434 4591 1534 4649 ὧσί
1583 4616 1729 4659 τινες
1777 4601 2074 4673 εὐδόκιμοι,

490 4680 703 4743 οὐδενὸς
748 4679 905 4734 τοῦτο
942 4681 1091 4747 ἄξιον
1146 4680 1340 4748 λόγου⁸
1372 4681 1604 4749 ἔξεστιν,
1653 4682 1721 4736 ἂν
1769 4684 1966 4757 θέλῃς,
2013 4689 2071 4743 ἐν

491 4766 606 4826 τοῖς
666 4764 919 4834 οὐρανοῖς
952 4765 1112 4817 αὐτὸν
1159 4764 1510 4835 στρατεῦσαι,
1546 4768 1628 4829 εἰς
1661 4769 1879 4839 ἐκείνην
1910 4788 2077 4824 κατα-,

492 4845 642 4911 λέξαι
671 4847 770 4918 τὴν
798 4849 1207 4919 στρατολογίαν.
1241 4850 1305 4902 Οἱ
1341 4848 1450 4921 γὰρ
1478 4852 1595 4904 ἐκεῖ
1630 4852 2073 4925 καταλεγόμενοι,

1186 310 1245 365 S.
1284 306 1570 367 JOANNIS
1604 298 2101 361 CHRYSOSTOMI
2136 297 2462 355 ARCHIEP.
2507 298 3060 354 CONSTANTIBOP.

3650 300 3753 358 ιδι

2179 416 2282 486 γῆς
2328 416 2655 487 βαδίζουσιν,
2696 419 2811 472 ἀλλ’
2870 420 2951 482 εἰς
2979 417 3070 471 τον
3101 416 3329 488 οὐρανὸν
3375 419 3713 490 ἀρπάζονται
3740 434 3760 451 ⁸

2179 502 2239 552 οὐ
2275 502 2471 565 παῶας
2526 502 2710 572 ἔχουσι
2761 503 2888 564 τοὺς
2936 502 3404 572 προηγουμένους,
3458 502 3597 557 ἀλλά
3635 506 3764 569 τοὺς

2180 586 2447 655 ἀγγέλους
2502 585 2727 649 αὐτούς·
2770 586 2830 638 ού
2871 585 3083 655 βασιλεῖ
3130 587 3512 657 παρεστήκασι
3562 586 3761 657 θνητῷ,

2180 670 2317 724 ἀλλά
2368 668 2448 739 τῷ
2480 670 2756 740 ἀθανάτῳ,
2809 669 2887 739 τῷ
2940 668 3151 739 βασιλεῖ
3194 670 3301 722 τῶν
3358 670 3760 740 βοσιλευόντων,

2179 756 2276 809 καὶ
2317 753 2510 824 Κυρίῳ
2548 753 2659 806 τῶν
2692 752 3053 825 κυριευόντων
3077 769 3089 782 ⁸
3124 754 3182 805 ού
3221 753 3397 823 ζώνην
3434 754 3765 825 δερματίνην

2180 839 2312 909 περὶ
2338 838 2439 908 τὴν
2466 838 2638 905 ὀσφὺν
2682 835 2914 906 ἔχουσιν,
2943 836 3078 891 ἀλλά
3111 836 3208 907 τὴν
3236 835 3394 901 δόξαν
3422 837 3636 905 ἐκείνην
3664 835 3763 907 τὴν

2179 923 2441 994 ἄρρητον,
2473 920 2541 974 δι’
2566 921 2634 991 ἢν
2670 919 2767 973 καὶ
2795 919 3056 991 βασιλέων
3085 920 3324 988 γίνονται
3368 920 3761 991 λαμπρότεροι,

2181 1006 2277 1059 καὶ
2320 1005 2428 1058 τῶν
2464 1002 2685 1058 πώποτε
2710 1004 3167 1074 εύδοκιμηκότων.
3205 1003 3291 1056 Ἐν
3319 1004 3426 1074 γὰρ
3471 1007 3581 1067 τοῖς
3610 1004 3764 1074 βασι-

2182 1090 2346 1154 λείοις
2395 1090 2626 1152 ἐκείνοις
2661 1090 2720 1142 ού
2754 1088 3004 1151 πλοῦτος,
3050 1089 3151 1141 οὐκ
3181 1088 3451 1156 εὐγένεια,
3488 1087 3590 1140 οὐκ
3636 1088 3767 1142 ἀλλο

2181 1173 2357 1238 οὐδὲν,
2386 1173 2502 1226 ἀλλ’
2545 1173 2712 1244 ἀρετὴ
2741 1172 2983 1244 ζητεῖται
3015 1171 3175 1241 μόνον
3198 1187 3210 1201 ·
3250 1170 3344 1224 καὶ
3371 1169 3581 1241 ταύτης
3616 1188 3762 1241 παρ-

2182 1257 2349 1327 ούσης
2375 1296 2389 1320 ,
2430 1257 2579 1310 οὐδὲν
2624 1256 2762 1309 ἐνδεῖ
2808 1256 2944 1327 πρὸς
2973 1256 3033 1309 τὸ
3084 1255 3193 1309 τῶν
3236 1256 3519 1326 πρωτείων
3568 1256 3762 1320 αὐτοὺς

2154 1345 2382 1413 ⁸τυχεῖν.
2411 1342 2576 1395 Οὐδὲν
2624 1342 2756 1412 ἡμῖν
2783 1341 2902 1393 ἐστι
2929 1340 3212 1412 δυσχερὲς,
3238 1339 3304 1394 ἂν
3338 1340 3583 1408 θέλωμεν
3613 1340 3762 1409 φιλο·

2186 1428 2391 1495 σοφεῖν.
2438 1425 2756 1478 Ἀνάνευσον
2805 1427 2887 1488 εἰς
2920 1424 3013 1477 τὸν
3062 1423 3314 1494 οὐρανὸν,
3357 1423 3451 1476 καί
3478 1424 3578 1492 ὅρα
3612 1424 3762 1492 πόσῳ

2184 1510 2284 1579 τῆς
2319 1508 2524 1576 ὀροφῆς
2555 1508 2665 1561 τῶν
2719 1508 3005 1578 βασιλείων
3055 1506 3437 1578 λαμπρότερος
3482 1498 3657 1569 οὗτος.
3697 1507 3762 1559 Ei

2185 1593 2240 1646 δὲ
2256 1590 2317 1645 τὸ
2349 1591 2541 1660 ἔδαφος
2580 1590 2690 1643 τῶν
2729 1593 2839 1646 ἀνω
2870 1590 3156 1661 βασιλείων
3182 1590 3331 1660 παρά
3362 1589 3614 1642 τοσοῦτόν
3644 1591 3761 1643 ἐστι

2180 1675 2289 1729 τῶν
2311 1674 2461 1728 κάτω
2484 1674 2830 1745 σεμνότερον,
2858 1675 2934 1737 ὼς
2960 1674 3118 1726 τοῦτο
3138 1674 3274 1744 πρὸς
3303 1673 3481 1726 ἐκεῖνο
3504 1672 3764 1743 βόρϐορον

2186 1758 2507 1828 νομίζεσθαι
2531 1774 2543 1788 ⁸
2581 1758 2637 1811 εί
2677 1776 2760 1823 τις
2794 1758 2861 1812 ἂν
2918 1757 3122 1829 ἀξιωθῇ
3143 1757 3213 1810 τὰ
3240 1756 3483 1827 βασίλεια
3518 1756 3763 1826 ἀκριϐῶς

2186 1842 2335 1907 ἰδεῖν,
2372 1842 2513 1904 τίνος
2568 1842 2669 1895 οὐκ
2706 1841 2858 1895 ἔσται
2899 1842 3299 1914 μακαριότητος
3358 1838 3545 1906 άξιος;
3587 1840 3660 1897 Ἡ
3692 1839 3765 1892 δὲ

2185 1926 2374 1991 ὄντως
2415 1924 2607 1994 χήρα,
2645 1927 2799 1994 φησὶ,
2831 1926 2929 1980 καί
2958 1924 3344 1995 μεμονωμένη
3385 1924 3642 1992 ἤλπικεν
3661 1923 3759 1976 ἐπὶ

2182 2008 2289 2063 τὸν
2338 2010 2505 2062 Θεόν.
2558 2008 2728 2062 Τοῦτο
2773 2008 2908 2078 πρὸς
2964 2009 3114 2071 τίνας
3166 2008 3407 2080 εἴρηται;
3473 2008 3614 2077 Πρὸς
3663 2008 3763 2068 τὰς

2182 2093 2411 2163 ἐχούσας
2456 2092 2676 2156 παῖδας,
2724 2092 2805 2145 ὅτι
2846 2091 3200 2163 δοκιμώτεροι
3236 2093 3433 2163 μᾶλλόν
3482 2094 3607 2156 εἱσι,
3668 2094 3765 2145 καὶ

2182 2176 2403 2230 πλείονα
2433 2176 2690 2247 ἀφορμὴν
2745 2176 2961 2246 ἔχουσιν
2992 2178 3248 2248 ἀρέσκειν
3289 2177 3406 2249 Θεῴ
3430 2190 3445 2205 ⁸
3474 2178 3557 2230 ὅτι
3584 2177 3764 2233 πάντα

2182 2261 2374 2323 αὑταῖς
2402 2261 2609 2312 ἀνεῖται
2638 2260 2705 2313 τὰ
2732 2260 2909 2329 δεσμά
2934 2279 2949 2293 ·
2984 2260 3161 2325 οὐδεὶς
3205 2264 3233 2314 ό
3283 2260 3547 2330 κατέχων,
3585 2261 3765 2322 οὐδεὶς

2181 2345 2211 2396 ὁ
2268 2342 2624 2413 ἐπισύρεσθαι
2688 2343 2788 2407 τὰς
2843 2344 3062 2408 ἁλύσεις
3124 2344 3338 2408 ἐκείνας
3410 2343 3759 2411 ἀναγκάζων.

2195 2425 2556 2497 Ἀπεσχίσθης
2605 2426 2699 2479 τοῦ
2728 2427 2943 2497 ἀνδρὸς,
2974 2428 3088 2480 ἀλλ’
3117 2427 3332 2499 ήνώθης
3376 2426 3454 2496 τῷ
3477 2426 3596 2496 Θεῷ
3620 2443 3633 2456 ·
3663 2427 3766 2481 οὐκ

2182 2513 2326 2583 ἔχεις
2382 2513 2669 2583 συνόμιλον
2702 2513 2791 2566 τὸν
2818 2512 3123 2583 ὁμόδουλον,
3168 2512 3285 2566 ἀλλ’
3343 2510 3487 2582 ἔχεις
3535 2510 3627 2564 τὸν
3665 2513 3763 2563 Δε-

2185 2600 2410 2670 σπότην.
2438 2602 2607 2654 Ὅταν
2639 2600 2791 2671 εὔχῃ,
2810 2600 2933 2669 οὐχὶ
2959 2598 3036 2670 τῷ
3069 2597 3188 2668 Θεῷ
3216 2596 3457 2667 διαλέγῃ,
3487 2596 3607 2649 εἰπέ
3640 2614 3765 2667 μοι;

2182 2684 2312 2739 ὅταν
2326 2683 2723 2755 ἀναγινώσκῃς,
2741 2685 2904 2738 ἀκουε
2923 2681 3085 2735 αὑτοῦ
3106 2699 3183 2735 σοι
3199 2679 3347 2753 [472]
3361 2680 3759 2751 διαλεγομένου.

2184 2766 2250 2819 Τί
2283 2767 2341 2821 δέ
2391 2785 2472 2821 σοι
2518 2767 2864 2832 διαλέγεται;
2894 2763 3084 2835 Πολλῷ
3132 2764 3226 2818 τοῦ
3271 2764 3463 2835 ἀνδρὸς
3516 2761 3762 2821 ποθεινῶ

2184 2865 2318 2920 τερα
2369 2852 2609 2921 ῥήματα.
2658 2852 2720 2903 'O
2773 2848 2875 2920 μὲν
2920 2850 3029 2920 γὰρ
3066 2847 3204 2919 ἀνὴρ
3232 2848 3335 2901 κᾶν
3362 2845 3655 2915 κολακεύῃ,
3698 2844 3763 2898 ού

2188 2934 2360 3005 πολλὴ
2389 2936 2422 3003 ἡ
2451 2936 2583 3005 τιμή
2610 2950 2624 2965 ⁸
2660 2933 2946 3004 ὁμόδουλος
2976 2933 3086 3004 γάρ
3113 2935 3260 2987 ἐστιν
3280 2947 3293 2958 ·
3328 2932 3456 2984 ὅταν
3484 2931 3542 2984 δὲ
3578 2932 3605 2982 ὁ
3629 2932 3762 2982 Δεσ-

2185 3015 2358 3086 πότης
2378 3017 2476 3088 τὴν
2502 3016 2696 3087 δούλην
2724 3015 3016 3090 κολακεύῃ,
3046 3016 3168 3068 τότε
3193 3015 3362 3083 πολλὴ
3396 3016 3429 3084 ἡ
3474 3012 3759 3084 θεραπεία.

2187 3098 2312 3163 Πῶς
2341 3095 2435 3153 οῦν
2472 3103 2621 3171 ἡμᾶς
2655 3099 2949 3171 θεραπεύει
2976 3116 2990 3165 ;
3030 3100 3296 3152 ’Ἄκουσον
3340 3097 3406 3151 δι’
3436 3099 3577 3150 ὅσων
3606 3095 3767 3149 τοῦτο

2185 3186 2349 3238 ποιεῖ.
2363 3183 2560 3245 Δεῦτε,
2585 3184 2740 3254 φησὶ,
2756 3185 2905 3250 πρός
2917 3200 3013 3251 με,
3026 3181 3247 3247 πάντες
3260 3184 3313 3235 οὶ
3327 3179 3650 3244 κοπιῶντες
3666 3177 3765 3233 καὶ

2188 3267 2672 3336 πεφορτισμένοι,
2708 3265 2870 3335 κάγὼ
2908 3266 3239 3320 ἀναπαύσω
3266 3262 3441 3333 ὑμᾶς.
3470 3264 3580 3316 Καὶ
3604 3261 3763 3315 πάλιν

2185 3348 2275 3402 διὰ
2297 3349 2389 3402 106
2414 3354 2691 3421 προφήτου
2733 3349 2850 3420 βοᾷ,
2885 3348 3057 3416 λέγων
3082 3366 3097 3381 ·
3124 3347 3220 3415 Μὴ
3241 3347 3590 3412 ἐπιλήσεται
3608 3343 3761 3413 γυνή

2184 3432 2292 3486 τοῦ
2336 3431 2588 3501 ἐλεῆσαι
2612 3432 2686 3486 τὰ
2709 3432 2931 3502 ἔκγονα
2955 3431 3067 3499 τῆς
3098 3432 3334 3497 κοιλίας
3368 3429 3554 3497 αὐτῆς
3576 3447 3597 3495 ;
3624 3427 3763 3482 εἰδὲ

2184 3514 2286 3568 καί
2335 3514 2675 3571 ἐπιλάθοιτο
2701 3515 2880 3584 γυνὴ,
2913 3515 3053 3569 ἀλλ’
3089 3514 3204 3585 ἐγὼ
3229 3515 3341 3568 οὐκ
3376 3511 3759 3580 ἐπιλήσομαι,

2183 3599 2345 3668 λέγει
2367 3601 2605 3669 Κύριος.
2641 3600 2816 3655 Πόσου
2873 3599 3047 3652 ταῦτα
3107 3598 3330 3668 φίλτρου
3378 3596 3447 3649 τά
3496 3596 3758 3667 ρήματα;

2184 3687 2297 3739 Καὶ
2356 3678 2563 3752 πάλιν,
2595 3685 3032 3756 Ἐπιστράρητε
3077 3686 3227 3754 πρός
3274 3699 3386 3753 με’
3438 3683 3534 3735 καὶ
3599 3680 3760 3734 πάλιν

2183 3770 2441 3840 ἀλλαχοῦ,
2490 3771 2905 3839 Ἐπίστρεψον
2927 3773 3077 3838 πρός
3116 3786 3214 3838 με,
3267 3768 3366 3821 καὶ
3394 3764 3666 3835 σωθήσῃ.
3695 3763 3765 3821 Εἰ,

2181 3852 2237 3905 δέ
2286 3871 2371 3916 τις
2415 3853 2511 3906 καὶ
2563 3854 2628 3906 ἐκ
2686 3853 2795 3906 τῶν
2871 3853 3156 3924 ’ᾼσμάτων
3202 3851 3440 3922 βούλοιτο
3492 3849 3757 3915 ἐκλέγειν,

2181 3935 2518 4002 ἀκούσεται,
2596 3934 2976 4007 μυστικώτερα
3044 3935 3184 3988 αύτά
3257 3932 3632 4002 ἐκλαμϐάνων,
3699 3931 3764 3987 Ἠ

2182 4020 2341 4088 καλή
2374 4038 2515 4089 μου,
2542 4019 2580 4087 ἡ
2620 4018 2941 4087 περιστερὰ
2971 4037 3111 4088 μου,
3152 4017 3288 4089 πρὸς
3317 4016 3491 4088 ψυχὴν
3518 4018 3759 4087 ἑκάστην

2181 4103 2331 4174 αύτῷ
2360 4105 2674 4172 πρέπουσαν
2731 4104 3134 4174 διαλεγομένου.
3167 4104 3232 4156 Τί
3269 4102 3471 4155 τούτων
3517 4100 3624 4154 τῶν
3656 4103 3753 4170 ῥη-

2184 4188 2371 4256 μάτων
2393 4187 2578 4258 ἧδιον;
2622 4187 2785 4259 Ὀρᾶς
2813 4186 3045 4251 διάλεξιν
3064 4186 3199 4240 Θεοῦ
3233 4186 3367 4256 πρὸς
3402 4185 3752 4254 ἀνθρώπους;

2181 4269 2247 4322 Τί
2283 4270 2362 4335 δὲ,
2410 4270 2531 4323 εἰπέ
2591 4288 2711 4341 μοις
2752 4272 2849 4341 οὐχ
2880 4273 3031 4341 ὁρᾷς,
3058 4269 3171 4322 ὅσοι
3200 4270 3422 4322 ἐκείνων
3446 4268 3552 4320 τῶν
3578 4284 3755 4336 μακα-

2185 4353 2316 4425 ρίων
2340 4354 2618 4421 γυναικῶν
2641 4355 2831 4418 παῖδες
2857 4355 3116 4424 ἀπῆλθον,
3150 4354 3243 4407 καὶ
3269 4354 3326 4405 ἐν
3358 4352 3546 4420 τάφοις
3572 4351 3707 4403 εἰσίν
3731 4366 3751 4417 ;

2180 4436 2303 4491 ὅσαι
2350 4436 2706 4509 χαλεπώτερα
2734 4437 3056 4499 πεπόνθασι,
3090 4437 3184 4489 καὶ
3214 4436 3352 4509 μετὰ
3387 4435 3496 4487 τῶν
3545 4433 3752 4503 ἀνδρῶν

2184 4521 2280 4575 καὶ
2308 4522 2456 4585 υἱοὺς
2479 4522 2815 4584 ἀπέὅαλλον;
2857 4522 3077 4584 Τούτοις
3114 4519 3554 4590 προσανέχωμεν,
3579 4515 3750 4569 ταῦτα

2185 4605 2575 4677 μεριμνῶμενο
2615 4607 2711 4663 καὶ
2752 4604 2905 4658 οὐδὲν
2944 4607 3073 4675 ἡμῖν
3101 4603 3254 4656 ἔσται
3297 4601 3560 4673 λυπηρὸν,
3613 4599 3749 4653 ἀλλά

2180 4686 2358 4741 πάντα
2381 4686 2756 4759 διατελέσομεν
2782 4687 2876 4740 τὸν
2904 4688 3090 4758 χρόνον
3122 4685 3261 4757 μετά
3299 4686 3472 4755 χαρᾶς
3499 4698 3743 4753 πνευμαο

2175 4772 2334 4839 τικῆς
2359 4770 2654 4839 διάγοντες,
2683 4771 2776 4825 καὶ
2802 4772 2910 4824 τῶν
2940 4771 3170 4825 αἰωνίων
3208 4768 3585 4838 ἀπολαύσομεν
3611 4770 3743 4834 ἀγα-

2176 4852 2287 4906 θῶν
2313 4870 2328 4885 ⁸
2357 4848 2434 4907 ὧν
2457 4855 2665 4923 γένοιτο
2698 4855 2901 4917 πάντας
2928 4856 3076 4925 ἡμᾶς
3110 4855 3404 4925 ἐπιτυχεῖν,
3440 4853 3621 4924 χάριτι
3654 4847 3748 4905 καὶ

492 4932 594 4987 οὐκ
624 4932 711 4999 ἐφ’
744 4931 924 4986 ἵππων
967 4932 1246 5005 φέρονται,
1274 4930 1390 4986 ἀλλ’
1418 4935 1477 4987 ἐν
1516 4935 1766 5004 νεφέλαις
1797 4954 1813 4970 ⁸
1847 4939 1949 4993 οὐκ
1978 4940 2072 4993 ἐπὶ
2176 4934 2574 5009 φιλανθρωπίᾳ,
2609 4938 2703 4992 καὶ
2733 4937 2802 4991 τὰ
2831 4938 2976 5009 ἑξῆς.
