4114 6396
377 395 482 451 433

376 505 687 565 verendam.
705 500 810 558 Sed
832 500 876 556 si
899 499 1052 565 velis,
1075 496 1232 568 longe
1254 496 1466 552 meliori
1487 504 1539 550 te
1556 491 1828 548 decorabit
1845 505 1937 545 or-

374 606 648 662 namento,
672 608 831 664 quam
850 591 896 646 is
918 589 1009 660 qui
1026 588 1257 644 excessit
1280 604 1295 641 :
1313 587 1471 655 longe
1488 584 1633 640 enim
1651 581 1939 637 admirabi-

371 691 563 746 liorem
584 699 743 757 quam
783 697 975 738 aurum
1004 678 1185 735 reddit
1213 677 1486 732 honestas.
1509 674 1683 730 Habet
1706 672 1795 727 hic
1818 671 1935 726 Rex

383 786 569 846 testes,
591 793 696 833 non
725 776 859 831 tales
886 814 903 841 ,
931 771 1026 828 sed
1059 772 1217 840 longe
1242 766 1641 840 praestantiores
1673 781 1687 820 :
1716 763 1823 819 illis
1850 802 1867 829 ,
1896 763 1942 817 si

376 872 525 932 velis,
554 867 794 924 induere.
814 864 1069 933 Quaenam
1089 869 1267 915 autem
1294 866 1417 914 sunt
1432 855 1577 911 illm?
1598 853 1694 910 Est
1717 852 1941 909 vestitus

370 975 564 1016 aureas
612 957 814 1012 habens
852 953 1092 1009 ﬁmbrias
1121 971 1135 1008 :
1166 964 1231 1006 eo
1257 950 1302 1005 si
1331 948 1464 1005 velis
1493 945 1656 1003 indue
1683 945 1939 1000 animam.

371 1055 443 1109 At
468 1050 643 1108 effecit
666 1056 727 1104 ut
750 1063 857 1103 non
879 1043 1206 1114 contemptui
1223 1039 1497 1096 babereris
1512 1038 1580 1093 ab
1598 1036 1904 1092 hominibus
1920 1035 1945 1087 ?

371 1144 441 1199 Et
475 1140 605 1213 quid
646 1140 749 1194 hoc
780 1136 1070 1208 magnum"
1099 1134 1326 1188 viduitas
1367 1140 1514 1186 certe
1560 1144 1667 1184 non
1712 1128 1837 1182 sivit
1886 1133 1947 1180 ut

369 1233 698 1304 contemptui
728 1231 971 1286 habearis
1002 1243 1031 1282 a
1059 1226 1410 1281 daemonibus.
1444 1223 1593 1278 Tunc
1612 1221 1942 1276 dominatum

370 1323 652 1383 obtinebas
677 1323 730 1377 in
763 1332 881 1376 tuos
906 1318 1133 1373 famulos
1160 1356 1176 1382 ,
1204 1317 1249 1371 si
1283 1315 1441 1369 modo
1480 1313 1701 1367 omnino
1739 1311 1947 1365 obtine-

370 1417 468 1473 bas
494 1432 509 1470 :
538 1429 679 1471 nunc
707 1423 888 1466 autem
920 1425 1015 1478 pro
1043 1408 1253 1462 famulis
1280 1406 1611 1461 dominatum
1648 1402 1857 1456 obtines
1889 1399 1944 1453 in

371 1512 719 1580 incorporeas
748 1506 997 1570 virtutes,
1019 1502 1370 1572 principatus,
1402 1506 1696 1570 potestates
1721 1535 1736 1559 ,
1770 1501 1945 1549 recto-

370 1617 486 1658 rem
512 1599 668 1669 hujus
693 1595 875 1652 mundi
904 1604 1072 1651 tenes.
1095 1592 1360 1647 Molestias
1389 1599 1567 1643 autem
1588 1601 1693 1641 non
1712 1584 1865 1647 dicis,
1892 1585 1944 1637 in

369 1692 564 1765 quibus
588 1688 749 1745 simul
774 1703 893 1743 cum
919 1702 987 1742 eo
1010 1684 1311 1741 versabaris
1342 1724 1358 1750 ,
1391 1681 1439 1737 si
1467 1679 1683 1751 quando
1712 1676 1947 1732 vexabat

370 1795 546 1841 metus
590 1782 1028 1853 magistratuum,
1074 1777 1121 1832 si
1167 1775 1381 1847 quando
1414 1774 1710 1845 vicinorum
1753 1769 1945 1823 melior

369 1873 712 1933 existimatio.
747 1870 828 1927 Ab
854 1871 936 1924 his
966 1868 1213 1924 omnibus
1239 1881 1382 1922 nunc
1400 1879 1460 1919 es
1487 1864 1710 1918 liberata
1737 1903 1752 1927 ,
1780 1876 1810 1915 a
1840 1869 1946 1915 ter-

370 1983 495 2023 rore
523 1974 577 2022 et
604 1974 770 2021 metu.
788 1963 891 2019 Sed
913 1960 1140 2017 sollicita
1169 1974 1230 2015 es
1251 1958 1372 2030 quis
1397 1958 1614 2012 relictos
1636 1955 1728 2010 tibi
1751 1955 1946 2009 nutriet

370 2060 539 2127 filios,
573 2058 732 2113 Pater
758 2054 1143 2124 orphanorum.
1166 2052 1295 2120 Quis
1320 2050 1462 2106 enim
1483 2049 1628 2120 ipsos
1656 2046 1943 2115 dedit,dic,

370 2151 589 2221 quaeso?
613 2164 719 2204 non
749 2147 902 2203 audis
930 2146 1197 2203 Christum
1225 2144 1487 2199 dicentem
1520 2144 1571 2197 in
1608 2139 1899 2211 Evangelia
1928 2159 1942 2194 :

372 2241 560 2295 Nonne
593 2241 766 2294 anima
810 2247 882 2294 est
913 2238 1027 2309 plus
1043 2253 1202 2308 quam
1215 2252 1350 2303 esca,
1379 2245 1426 2289 et
1462 2250 1643 2306 corpus
1671 2250 1823 2304 quam
1861 2234 1945 2286 in-

368 2333 661 2386 dumentum
680 2329 895 2398 (Matth.
918 2328 971 2383 6.
993 2325 1127 2400 25)?

439 2427 495 2481 4.
526 2425 689 2480 Vides
713 2422 1144 2478 lamentationem
1175 2434 1281 2475 non
1310 2434 1431 2475 esse
1448 2434 1510 2474 ex
1540 2417 1943 2482 consuetudine,

370 2519 464 2573 sed
491 2534 558 2572 ex
587 2514 999 2571 incredulitate?
1031 2514 1099 2568 At
1126 2511 1219 2566 filii
1248 2526 1354 2566 non
1384 2518 1505 2565 sunt
1533 2525 1685 2581 teque
1718 2510 1848 2565 clari
1892 2519 1947 2565 ct

369 2612 605 2667 illustres
620 2650 635 2675 ,
658 2624 779 2664 cum
808 2616 960 2677 pater
983 2606 1298 2664 decesserit.
1318 2604 1536 2671 Quare?
1560 2605 1728 2659 Deum
1750 2603 1948 2658 habent

370 2702 605 2767 Patrem,
628 2708 681 2754 et
702 2715 808 2755 non
837 2707 961 2753 sunt
986 2698 1115 2752 clari
1140 2706 1195 2752 et
1220 2696 1497 2751 illustres?
1540 2710 1700 2765 quam
1749 2696 1947 2751 multos

368 2794 463 2849 tibi
493 2792 769 2849 ostendam
798 2807 829 2846 a
856 2791 1028 2846 viduis
1057 2789 1311 2845 educatos
1331 2830 1347 2855 ,
1394 2790 1486 2860 qui
1529 2789 1746 2844 fuerunt
1790 2790 1946 2846 bona:

365 2884 815 2940 existimationis?
856 2898 1014 2952 quam
1058 2882 1257 2937 multos
1281 2890 1460 2937 autem
1486 2897 1516 2936 a
1543 2882 1782 2952 patribus
1808 2883 1945 2938 edu-

366 2986 536 3041 catos,
572 2974 660 3045 qui
689 2973 995 3045 perierunt?
1024 2971 1077 3028 Si
1109 2973 1250 3029 enim
1270 2988 1365 3028 eos
1382 2973 1599 3038 educas,
1627 2982 1686 3028 ut
1712 2984 1943 3043 oportet,

367 3081 399 3120 n
428 3067 597 3137 prima
623 3066 837 3120 ineunte
882 3073 1073 3131 aetate,
1124 3064 1315 3134 majori
1359 3062 1603 3119 fruentur
1643 3065 1946 3134 beneficio,

368 3172 525 3228 quam
553 3172 621 3211 ex
648 3170 773 3210 cura
803 3164 1043 3225 paterna.
1074 3155 1225 3223 Quod
1255 3155 1397 3211 enim
1427 3156 1529 3211 hoc
1553 3157 1623 3211 sit
1668 3157 1943 3214 viduarum

369 3262 565 3302 munus
588 3288 603 3312 ,
654 3261 846 3315 nempe
872 3246 1008 3300 filios
1032 3246 1200 3314 alere,
1226 3248 1350 3301 audi
1381 3246 1605 3303 Paulum
1631 3248 1894 3305 dicentem
1927 3267 1944 3305 :

369 3341 431 3397 Si
458 3343 593 3411 ﬁlios
619 3342 845 3397 educavit
866 3357 887 3406 ;
912 3350 968 3396 et
998 3357 1202 3407 rursus,
1233 3341 1529 3397 Saluabitur
1557 3353 1726 3397 autem
1747 3361 1837 3413 per
1877 3346 1946 3414 ﬁ-

369 3433 553 3487 liorum
580 3434 1115 3503 generationem(non
1162 3432 1338 3501 dixit,
1387 3432 1490 3489 Per
1530 3436 1858 3509 maritum),
1904 3438 1949 3492 si

369 3526 736 3595 permanserint
763 3526 815 3579 in
841 3525 942 3593 ﬁde
967 3534 1014 3578 et
1056 3526 1266 3579 caritate
1304 3536 1353 3580 et
1393 3528 1791 3596 sanctiﬁcatione
1832 3546 1946 3583 cum

370 3617 696 3687 temperantia
725 3617 810 3687 (1.
838 3614 972 3670 Tim.
999 3617 1053 3672 5.
1078 3616 1166 3673 ll).
1195 3628 1243 3671 et
1275 3617 1329 3672 2.
1365 3619 1492 3689 15).
1522 3620 1691 3675 ludite
1730 3622 1810 3676 eis
1852 3622 1946 3678 Dei

370 3710 617 3765 timorem
639 3710 707 3764 ab
737 3711 955 3766 ineunte
982 3719 1172 3777 aetate,
1203 3720 1259 3767 et
1286 3711 1332 3766 is
1360 3727 1454 3768 eos
1475 3714 1644 3784 magis
1684 3715 1949 3771 custodiet

369 3816 528 3871 quam
549 3801 721 3871 quivis
750 3811 935 3872 pater:
969 3801 1055 3858 hic
1078 3803 1176 3859 erit
1208 3818 1392 3859 murus
1416 3803 1693 3861 infractus.
1721 3807 1947 3874 Quando

369 3896 512 3946 enim
534 3893 675 3947 intus
697 3893 1112 3950 fueritresidens
1139 3905 1341 3963 custos,
1378 3897 1510 3952 nihil
1537 3900 1693 3954 nobis
1712 3902 1948 3956 externis

366 3996 502 4051 Opus
545 3991 629 4038 est
671 3984 1101 4042 munitionibus:
1135 3987 1179 4041 si
1229 3996 1408 4043 autem
1458 4005 1563 4044 non
1611 3991 1720 4056 sit,
1752 3992 1945 4050 frustra

369 4083 492 4127 sunt
519 4090 870 4145 quaecumque
897 4085 1145 4132 externa.
1176 4077 1290 4134 Hoc
1317 4081 1421 4135 erit
1446 4081 1525 4137 eis
1555 4089 1610 4138 et
1653 4083 1853 4139 divitia:
1894 4096 1948 4141 et

367 4162 534 4233 gloria
563 4174 618 4220 et
658 4177 1028 4223 ornamentum
1059 4187 1073 4223 :
1104 4168 1204 4226 hoc
1233 4186 1327 4227 eos
1355 4171 1512 4228 faciet
1539 4174 1713 4231 claros
1739 4187 1791 4232 et
1822 4179 1945 4233 illu-

368 4264 532 4321 stres,
556 4271 661 4311 non
683 4256 736 4311 in
766 4266 930 4325 terra,
961 4258 1057 4315 sed
1082 4260 1245 4316 etiam
1271 4263 1325 4317 in
1354 4264 1521 4319 cmlis.
1548 4264 1626 4321 Ne
1650 4267 1943 4324 mihienim

368 4346 435 4401 ad
464 4347 582 4401 illos
607 4349 890 4419 aspexeris
912 4349 1003 4420 qui
1028 4350 1187 4408 cincti
1212 4362 1337 4409 sunt
1363 4356 1512 4411 zonis
1535 4357 1731 4425 aureis,
1758 4373 1859 4415 nec
1878 4360 1946 4416 ad

367 4451 462 4492 eos
490 4438 577 4508 qui
604 4438 873 4494 vehuntur
898 4441 1049 4512 equis
1071 4482 1089 4509 ,
1116 4457 1218 4499 nec
1240 4444 1308 4499 ad
1337 4459 1432 4501 eos
1457 4446 1546 4516 qui
1572 4447 1854 4518 splendent
1892 4450 1945 4505 in

367 4529 512 4599 regia
544 4539 759 4600 propter
785 4541 984 4601 patres,
1015 4549 1117 4590 nec
1142 4534 1209 4590 ad
1236 4551 1331 4593 eos
1358 4538 1446 4609 qui
1473 4540 1707 4595 asseclas
1747 4541 1947 4598 habent

368 4631 423 4676 et
444 4620 778 4693 pedagogos.
802 4622 930 4680 Haec
953 4626 1097 4680 enim
1126 4627 1351 4684 fortasse
1375 4630 1846 4688 viduas‘inducunt
1889 4644 1947 4690 ut

367 4713 620 4783 plangant
640 4724 861 4783 propter
883 4716 1174 4786 orphanos,
1204 4721 1283 4775 sic
1303 4723 1597 4792 cogitantes
1625 4743 1639 4778 :
1668 4725 1765 4782 Hic
1795 4744 1945 4784 mens

367 4805 540 4871 filius,
584 4806 631 4861 si
676 4815 828 4876 pater
871 4809 920 4864 ei
948 4808 1136 4866 fuisset
1163 4823 1463 4883 superstes,
1498 4824 1695 4871 tantam
1721 4820 1947 4891 adeptus

367 4906 511 4951 esset
536 4897 956 4965 beatitudinem;
988 4917 1131 4957 nunc
1154 4912 1331 4959 autem
1377 4915 1463 4961 est
1507 4908 1559 4961 in
1608 4924 1841 4966 mcerore
1891 4922 1947 4969 et

366 4994 694 5057 contemptu,
725 4997 782 5043 et
810 4989 862 5044 in
885 4990 1027 5047 nulla
1052 4994 1460 5051 existimatione.
1484 4998 1561 5054 Ne
1583 4999 1699 5055 haec
1718 5005 1942 5073 cogites,

366 5091 402 5132 o
426 5078 637 5144 mulier,
666 5078 762 5135 sed
786 5082 1104 5152 cogitatione
1128 5086 1275 5155 aperi
1295 5088 1410 5143 εαξιὶ
1436 5100 1636 5157 portas,
1656 5091 1805 5149 disce
1825 5108 1943 5150 eam

367 5182 488 5237 qua:
517 5168 624 5224 illic
645 5181 725 5226 est
748 5171 985 5243 Regiam,
1014 5187 1200 5244 reputa
1227 5192 1294 5233 an
1323 5180 1357 5233 ii
1384 5181 1473 5250 qui
1505 5192 1628 5238 sunt
1667 5183 1721 5240 in
1762 5193 1903 5241 terra
1922 5224 1939 5252 ,

371 5259 575 5325 possint
600 5276 720 5316 esse
741 5263 996 5321 clariores
1022 5267 1133 5323 filio
1156 5277 1245 5323 tuo
1269 5270 1358 5341 qui
1404 5272 1513 5329 illic
1549 5285 1667 5343 est,
1713 5285 1768 5331 et
1812 5286 1940 5333 tunc

369 5348 702 5419 ingemisce:
748 5353 792 5407 si
823 5363 1000 5410 autem
1027 5357 1080 5412 in
1122 5367 1262 5414 terra
1309 5361 1417 5416 sint
1456 5363 1617 5436 aliqui
1664 5366 1897 5424 illustres
1921 5412 1935 5434 ,

369 5438 485 5508 ejus
512 5442 588 5495 rei
610 5443 754 5499 nulla
779 5454 863 5501 est
887 5446 1127 5505 habenda
1164 5452 1299 5505 ratio
1326 5471 1339 5507 :
1370 5452 1494 5510 licet
1512 5457 1556 5510 si
1582 5457 1716 5513 velis
1757 5460 1929 5530 ipsum

370 5533 598 5591 militare
628 5536 680 5592 in
705 5538 882 5606 caelis,
913 5544 964 5597 in
1007 5544 1146 5600 illius
1174 5545 1444 5603 exercitus
1488 5564 1768 5608 numerum
1812 5568 1935 5610 eum

1186 382 1250 441 IN
1290 374 1502 441 EPIST.
1546 380 1587 437 1.
1628 381 1720 436 AD
1753 370 2085 435 THESSAL.
2126 372 2280 433 CAP.
2321 370 2409 433 IV.
2454 374 2685 435 HOMIL.
2729 376 2821 437 Vl.

3522 377 3631 444 Αδι

2052 489 2275 545 referre.
2307 490 2439 544 Nam
2467 492 2555 561 qui
2588 492 2640 546 in
2670 491 2818 547 illum
2848 508 3128 549 numerum
3149 494 3455 553 referuntur
3476 539 3493 566 ,
3523 516 3634 555 non

2052 582 2204 651 equis
2233 580 2519 648 vehuntur,
2553 582 2647 637 sed
2673 582 2917 637 feruntur
2938 584 2990 637 in
3031 585 3299 651 nubibus;
3332 602 3438 642 non
3485 588 3629 642 bumi

2050 671 2396 741 gradiuntur,
2427 671 2521 726 sed
2553 674 2829 742 rapiuntur
2852 674 2905 728 in
2933 674 3125 730 castum
3155 691 3171 729 :
3201 691 3309 732 non
3329 677 3526 732 habent
3550 678 3630 732 fa-

2052 761 2225 816 mulos
2252 762 2341 831 qui
2368 763 2512 831 ipsos
2546 762 2881 834 praecedant,
2914 763 3009 820 sed
3033 764 3179 835 ipsos
3215 768 3472 838 angelos;
3521 784 3630 824 non

2050 854 2310 907 assistunt
2335 854 2450 924 regi
2476 854 2710 921 mortali,
2742 856 2837 910 sed
2867 855 3189 925 immortali,
3230 858 3363 929 Regi
3401 875 3586 930 regum
3612 900 3630 928 ,

2051 955 2107 1000 et
2134 945 2359 1001 Domino
2386 946 2812 1014 dominantium;
2840 964 2947 1004 non
2989 948 3190 1005 habent
3233 953 3375 1007 circa
3421 952 3635 1008 lumbos

2051 1052 2239 1091 zonam
2272 1038 2577 1108 pelliceam,
2610 1040 2702 1094 sed
2733 1040 2955 1111 gloriam
2986 1042 3129 1096 illam
3172 1043 3529 1110 ineffabilem,
3578 1057 3635 1100 et

2051 1128 2263 1198 regibus
2290 1131 2422 1185 fiunt
2445 1130 2835 1201 splendidiores
2861 1151 2875 1199 ;
2903 1142 2958 1187 et
2988 1134 3053 1188 iis
3083 1135 3173 1204 qui
3196 1135 3481 1205 aliquando
3511 1135 3631 1191 fue~

2051 1229 2178 1275 runt
2202 1220 2253 1274 in
2286 1220 2493 1277 honore
2513 1232 2568 1277 et
2605 1223 3017 1279 existimatione.
3070 1226 3127 1280 In
3167 1227 3259 1282 illa
3300 1230 3443 1283 enim
3487 1228 3632 1298 regia

2052 1326 2156 1365 non
2182 1322 2493 1381 quaeruntur
2517 1313 2714 1368 divitiae
2734 1356 2749 1379 ,
2780 1330 2953 1386 neque
2978 1318 3248 1381 nobilitas,
3274 1333 3447 1389 neque
3474 1319 3633 1389 quid-

2050 1419 2207 1475 quam
2235 1405 2397 1471 aliud,
2432 1405 2525 1461 sed
2555 1407 2728 1461 solum
2755 1409 3012 1478 quaeritur
3034 1410 3236 1475 virtus;
3269 1420 3322 1465 et
3346 1412 3390 1465 si
3428 1426 3490 1466 ea
3534 1410 3631 1464 ad-

2051 1498 2152 1561 sit,
2187 1497 2319 1551 nihil
2344 1497 2496 1553 deest
2537 1498 2604 1553 ad
2648 1499 2847 1567 primas
2890 1508 3068 1570 partes
3115 1500 3453 1557 obtinendas.
3492 1498 3631 1557 Nihil

2051 1599 2133 1643 est
2163 1589 2317 1645 nobis
2342 1586 2563 1646 difficile
2590 1593 2633 1646 si
2661 1593 2888 1648 Velimus
2912 1594 3301 1665 pbi1050phari.
3330 1595 3552 1666 Suspice
3578 1596 3631 1650 in

2050 1683 2260 1746 cmlum.
2288 1694 2343 1739 et
2372 1684 2491 1741 vide
2519 1696 2775 1756 quantum
2803 1702 2986 1757 regum
3015 1687 3223 1758 fastigio
3249 1688 3351 1744 hoc
3376 1690 3447 1744 sit
3490 1705 3633 1760 prm-

2050 1774 2266 1829 clarius.
2297 1774 2353 1831 Si
2376 1783 2556 1832 autem
2586 1791 2938 1848 supernorum
2965 1792 3148 1849 regum
3165 1780 3528 1851 pavimentum
3550 1792 3628 1835 est

2052 1864 2361 1921 inferiorum
2393 1882 2577 1937 regum
2630 1869 2937 1938 pavimento
2978 1878 3124 1923 tanto
3168 1872 3588 1941 magnificentius
3613 1908 3629 1937 ,

2050 1962 2111 2010 ut
2137 1956 2237 2012 hoc
2265 1973 2379 2028 prae
2409 1958 2500 2013 illo
2524 1974 2737 2014 ccentnn
2769 1960 3104 2014 existimetur
3132 1975 3147 2013 :
3176 1961 3222 2014 si
3244 1961 3505 2030 quispiam
3551 1961 3633 2015 di-

2049 2062 2187 2119 gnus
2205 2048 2271 2107 sit
2290 2049 2501 2105 habitus
2529 2051 2619 2121 qui
2646 2062 2832 2106 exacte
2860 2062 2912 2106 et
2937 2062 3183 2107 accurate
3212 2054 3387 2107 videat
3410 2055 3630 2124 regiam,

2050 2156 2278 2209 quanam
2306 2158 2412 2197 non
2440 2144 2543 2198 erit
2572 2144 2761 2214 dignus
2792 2145 3159 2201 beatitudine?
3186 2147 3315 2211 Qua:
3338 2158 3525 2211 autem,
3562 2149 3631 2202 in-

2049 2232 2183 2300 quit,
2211 2241 2283 2286 est
2310 2249 2424 2287 vere
2452 2234 2623 2299 vidua,
2659 2246 2704 2289 et
2735 2236 2962 2290 desolata
2988 2279 3003 2303 ,
3032 2248 3202 2308 sperat
3227 2242 3281 2292 in
3325 2238 3491 2293 Deum
3536 2250 3552 2309 (
3576 2246 3630 2297 1.

2052 2319 2184 2374 Tim.
2218 2324 2272 2377 5.
2304 2323 2404 2393 5).
2436 2325 2547 2380 Hoc
2569 2327 2886 2395 quibusnam
2933 2343 2962 2381 a
3011 2344 3099 2384 me
3138 2330 3340 2385 dictum
3391 2330 3518 2385 est?
3562 2332 3632 2387 lis

2049 2426 2169 2481 qua:
2198 2412 2399 2469 habent
2423 2415 2598 2483 filios,
2629 2419 2770 2487 quod
2799 2420 2955 2489 longe
3000 2422 3335 2490 probatiores
3377 2423 3484 2477 sint
3508 2464 3523 2490 ,
3576 2434 3634 2478 et

2050 2502 2310 2574 majorem
2347 2505 2584 2563 habeant
2611 2511 2950 2566 occasionem
2992 2513 3236 2582 placendi
3284 2515 3433 2579 Deo;
3486 2516 3631 2585 quod

2049 2597 2129 2653 eis
2155 2600 2335 2654 omnia
2366 2602 2539 2656 soluta
2564 2603 2673 2657 sint
2695 2604 2926 2670 vincula,
2956 2621 3113 2661 nemo
3142 2607 3213 2660 sit
3235 2609 3325 2677 qui
3366 2608 3593 2662 retineat
3612 2647 3630 2675 ,

2048 2703 2223 2759 neque
2246 2692 2335 2760 qui
2357 2704 2511 2763 cogat
2538 2694 2655 2748 illas
2676 2695 2890 2751 trahere
2919 2707 3154 2752 catenas.
3196 2698 3454 2768 Separata
3494 2716 3552 2754 es
3599 2716 3632 2754 a

2048 2781 2164 2835 viro
2186 2815 2203 2847 ,
2236 2782 2330 2837 sed
2360 2786 2507 2837 unita
2538 2800 2599 2839 es
2629 2786 2739 2840 Deo
2768 2803 2782 2840 :
2813 2803 2921 2841 non
2969 2788 3134 2844 babes
3182 2804 3506 2845 conservum
3556 2800 3635 2847 te-

2048 2886 2172 2927 cum
2204 2872 2487 2931 habentem
2516 2878 2978 2946 consuetudinem,
3011 2880 3106 2935 sed
3141 2882 3304 2937 babes
3330 2884 3630 2939 Dominum.

2048 2964 2271 3033 Quando
2295 2981 2453 3034 oras,
2484 2983 2662 3024 nonne
2692 2986 2812 3024 cum
2846 2971 2955 3025 Deo
2987 2971 3219 3043 loqueris
3238 3013 3254 3039 ,
3286 2973 3390 3036 dic,
3411 2978 3636 3045 quaeso?

2048 3058 2262 3128 quando
2287 3058 2439 3130 legis,
2463 3061 2585 3116 audi
2606 3078 2727 3117 cum
2750 3071 2924 3118 tecum
2953 3065 3277 3135 loquentem.
3297 3067 3431 3135 Quid
3454 3078 3633 3123 autem

2048 3148 2214 3205 dicit?
2243 3149 2416 3206 Verba
2448 3152 2544 3207 viri
2574 3155 2755 3209 verbis
2800 3156 2970 3210 multo
3016 3158 3186 3227 magis
3232 3158 3629 3219 desiderabilia.

2048 3240 2182 3296 Nam
2209 3241 2291 3296 vir
2308 3243 2541 3313 quidem,
2575 3246 2785 3300 etiamsi
2826 3247 3094 3317 aduletur,
3126 3264 3233 3304 non
3284 3267 3510 3321 magnus
3549 3264 3633 3308 est

2050 3332 2256 3400 honor;
2286 3341 2370 3390 est
2393 3334 2535 3390 enim
2561 3350 2853 3392 conservus
2889 3355 2904 3391 :
2934 3340 3146 3407 quando
3171 3351 3349 3395 autem
3376 3343 3634 3399 Dominus

2050 3423 2265 3480 famulae
2287 3425 2555 3493 adulatur,
2587 3437 2713 3485 tunc
2735 3445 2922 3499 magna
2944 3441 3027 3485 est
3046 3446 3171 3485 cura
3190 3442 3243 3487 et
3272 3433 3631 3491 observantia.

2049 3516 2330 3583 Quomodo
2350 3534 2478 3589 ergo
2499 3535 2598 3574 nos
2622 3531 2775 3575 curat
2801 3531 2856 3575 et
2880 3522 3164 3577 observat?
3194 3525 3331 3580 Audi
3361 3542 3457 3596 per
3480 3543 3632 3598 qua:-

2050 3625 2172 3665 nam
2201 3611 2317 3666 haec
2340 3612 2466 3665 facit
2492 3628 2507 3666 ε
2549 3612 2739 3678 Venite,
2774 3615 2964 3685 inquit,
2992 3618 3060 3669 ad
3088 3634 3166 3671 me
3194 3634 3363 3674 omnes
3383 3622 3470 3690 qui
3493 3624 3632 3677 labo-

2049 3701 2175 3755 ratis
2203 3710 2251 3754 et
2278 3703 2473 3755 onerati
2498 3704 2653 3783 estis,’
2668 3714 2714 3758 et
2740 3721 2831 3775 ego
2869 3707 3097 3774 reﬁciam
3136 3724 3222 3762 vos
3265 3708 3490 3779 (Matth.
3541 3715 3629 3768 ll.

2048 3791 2175 3863 28).
2204 3793 2271 3848 Et
2297 3809 2487 3849 rursus
2516 3810 2612 3865 per
2642 3796 2957 3865 prophetam
2989 3799 3206 3866 clamat,
3240 3801 3423 3857 dicens
3444 3846 3459 3871 ,
3488 3803 3632 3860 Num

2050 3887 2367 3941 obliviscetur
2386 3889 2570 3942 mulier
2598 3890 2821 3943 misereri
2845 3892 3053 3962 {mtuum
3074 3894 3261 3948 uentris
3290 3896 3369 3949 sui
3388 3897 3413 3950 ?
3435 3899 3570 3967 quod
3588 3900 3633 3955 si

2050 3978 2201 4032 etiam
2227 3978 2385 4033 oblita
2408 3981 2563 4050 fuerit
2592 3981 2794 4048 mulier,
2825 3982 2915 4036 sed
2941 4000 3031 4054 ego
3060 4000 3163 4038 non
3192 3986 3479 4057 obliviscar,
3511 3992 3633 4045 dicit

2050 4068 2301 4123 Dominus
2329 4068 2496 4140 (lsai.
2549 4071 2640 4126 49.
2690 4073 2815 4143 15).
2862 4073 3056 4140 Quanti
3102 4077 3308 4132 amoris
3350 4090 3474 4133 sunt
3517 4080 3634 4137 hmc

2049 4162 2251 4219 verba?
2281 4163 2348 4218 Et
2368 4179 2576 4231 rursus,
2602 4163 2959 4219 Convertimini
2983 4167 3052 4220 ad
3068 4184 3180 4235 me;
3199 4178 3252 4224 et
3269 4185 3455 4225 rursus
3478 4172 3629 4239 alibi,

2050 4254 2345 4311 Convertere
2367 4256 2436 4311 ad
2456 4273 2556 4323 me,
2585 4266 2633 4311 et
2661 4258 2831 4312 salvus
2856 4260 2952 4313 eris
2978 4258 2997 4329 (
3020 4258 3150 4314 Isai.
3184 4261 3239 4315 4.
3266 4262 3320 4317 5.
3351 4262 3441 4316 22.
3466 4274 3515 4318 et
3534 4265 3626 4320 44.

2047 4347 2118 4401 22
2137 4347 2180 4417 ).
2210 4348 2266 4402 Si
2294 4348 2414 4418 quis
2438 4358 2615 4404 autem
2640 4352 2804 4404 etiam
2830 4365 2899 4405 ex
2925 4350 3157 4407 Canticis
3176 4354 3630 4426 velitexcerpere,

2049 4441 2249 4507 audiet,
2280 4428 2450 4511 magis
2476 4442 2698 4512 mystica
2726 4443 3000 4511 excipiens
3033 4460 3048 4497 :
3091 4442 3322 4499 Pulchra
3355 4463 3468 4501 mea
3491 4490 3507 4516 ,
3538 4466 3631 4503 co-

2049 4532 2219 4585 lumba
2243 4548 2353 4585 mea
2383 4530 2571 4602 (Cant.
2598 4532 2809 4603 2.10);
2840 4532 3020 4589 audiet
3043 4550 3163 4589 cum
3186 4551 3503 4608 unaquaque
3528 4541 3631 4596 sibi

2047 4624 2398 4679 conveniente
2424 4625 2600 4679 anima
2630 4624 3004 4681 disserentem.
3032 4626 3169 4693 Quid
3216 4627 3300 4684 bis
3332 4632 3511 4687 verbis
3544 4633 3634 4703 ju-

2048 4715 2314 4770 cundius?
2338 4715 2501 4771 Vides
2530 4716 2624 4772 Dei
2648 4731 2770 4771 cum
2812 4717 3029 4775 homine
3070 4721 3442 4792 colloquium?
3490 4725 3629 4794 Quid

2048 4804 2608 4879 autem,dic,quteso?
2642 4825 2747 4864 non
2774 4810 2924 4866 vides
2952 4828 3113 4882 quam
3155 4815 3309 4870 multi
3349 4816 3629 4876 heatarum

2048 4898 2257 4954 illarum
2290 4900 2571 4954 mulierum
2603 4899 2697 4955 filii
2726 4900 3094 4971 decesserunt,
3123 4913 3178 4961 et
3206 4918 3330 4962 sunt
3354 4908 3409 4964 in
3445 4913 3629 4981 sepul-

2048 4991 2196 5047 cris?
2225 5001 2354 5063 quot
2374 4992 2626 5047 mulieres
2651 4996 2899 5065 graviora
2926 5010 3096 5065 passa:
3122 5009 3266 5065 sunt,
3294 5009 3350 5055 et
3372 5016 3492 5057 cum
3518 5019 3633 5057 ma-

2048 5084 2166 5139 ritis
2194 5083 2332 5138 filios
2360 5099 2570 5155 quoque
2593 5085 2931 5142 amiserunt?
2955 5088 3051 5145 His
3071 5092 3429 5162 attendamus,
3455 5093 3524 5150 de
3544 5094 3628 5152 his

2048 5174 2214 5229 simus
2230 5174 2485 5241 solliciti;
2517 5184 2573 5231 et
2600 5175 2731 5230 nihil
2758 5177 2862 5233 erit
2890 5179 3044 5235 nobis
3073 5183 3389 5249 molestum,
3421 5186 3514 5241 sed
3540 5195 3626 5242 to-

2050 5273 2160 5319 tum
2188 5275 2396 5336 tempus
2419 5282 2736 5338 peragemus
2765 5268 3019 5339 degentes
3060 5288 3181 5328 cum
3223 5275 3419 5344 gaudio
3464 5278 3627 5347 spiri-

2049 5355 2195 5422 tuali,
2228 5368 2283 5413 et
2307 5358 2461 5414 bonis
2485 5357 2727 5415 fruemur
2751 5364 2966 5418 aeternis
2995 5380 3010 5422 :
3042 5380 3160 5435 qua:
3187 5367 3341 5425 nobis
3365 5370 3615 5427 omnibus

2048 5445 2201 5502 detur
2222 5450 2471 5522 consequi
2494 5452 2660 5522 gratia
2687 5461 2741 5508 et
2767 5452 3112 5526 benignitate,
3151 5466 3258 5513 etc.

1822 5812 2215 5844 —-==>——«
