4114 6396
527 288 632 345 ἆὸἳ

1281 278 1340 335 8.
1379 271 1659 334 JOANNIS
1692 260 2172 325 CHRYSOSTOMI
2210 261 2525 319 ARCIIIEP.
2557 262 3079 321 CONSTANTINOP.

3710 271 3818 325 456

541 421 3803 461 ______—__—___————-—————'—_———————_——_——‘

1934 493 2282 561 HOMILIA
2326 495 2458 559 VII.

543 675 672 730 Car.
701 673 754 727 4.
786 687 841 723 v.
872 668 957 723 l2.
989 666 1127 722 Noto
1148 674 1316 718 autem
1348 677 1434 715 vos
1481 661 1716 728 ignorare
1738 695 1752 719 ,
1793 655 1977 722 fratres
2002 688 2016 710 ,
2061 644 2123 696 de

619 763 976 818 dormientibus
998 801 1010 821 ,
1038 769 1092 811 ut
1118 773 1219 809 non
1245 749 1610 807 contristemini
1632 788 1647 811 ,
1697 746 1827 799 sicut
1874 749 1921 795 et
1960 735 2127 791 crcteri

619 856 705 922 qui
728 870 863 923 spem
895 869 995 904 non
1025 849 1225 902 habent.

625 953 677 1005 1.
708 949 884 1003 Multae
917 960 1001 999 res
1031 952 1155 996 sunt
1183 939 1336 994 nobis
1364 935 1607 991 molestte
1630 946 1695 985 ex
1730 926 1842 983 sola
1872 923 2127 994 ignoran-

550 1047 621 1099 tia
655 1062 667 1095 :
702 1039 841 1111 quod
870 1039 915 1093 si
944 1049 1036 1091 eas
1062 1045 1209 1088 recte
1235 1028 1612 1087 didicerimus,
1643 1022 1883 1077 dolorem
1912 1011 2131 1085 propul-

544 1107 802 1191 sabimus.
838 1132 951 1186 Hoc
976 1144 1104 1198 ergo
1127 1124 1321 1180 Paulus
1350 1134 1564 1192 quoque
1594 1116 1856 1177 indicans,
1880 1107 2122 1164 dicebat:

549 1228 598 1281 Ν
606 1228 686 1280 olo
715 1241 802 1279 vos
828 1224 1085 1294 ignorare,
1114 1228 1171 1271 ut
1198 1234 1300 1269 non
1326 1208 1705 1275 contristemini,
1735 1208 1865 1259 sicut
1893 1213 1939 1256 et
1960 1198 2129 1256 caeteri

547 1320 631 1386 qui
660 1333 799 1387 spem
824 1289 925 1367 non
956 1312 1156 1365 habent.
1190 1306 1326 1375 Quid
1367 1320 1472 1359 non
1519 1302 1599 1356 vis
1648 1301 1791 1369 ipsos
1845 1289 2131 1365 ignorare?

549 1410 887 1469 Sermonem,
921 1401 1110 1472 inquit,
1139 1400 1206 1453 de
1236 1394 1647 1452 resurrectione.
1696 1391 1806 1443 Cur
1850 1400 1979 1440 vero
2023 1398 2131 1459 non

549 1503 685 1557 dicis
730 1497 1051 1570 supplicium
1103 1493 1247 1564 quod
1306 1502 1389 1545 est
1437 1488 1732 1556 repositum
1775 1496 1845 1563 ac
1891 1486 2132 1549 paratum

552 1592 916 1665 ignorantibus
960 1588 1181 1641 verbum
1228 1576 1682 1637 resurrectionis?
1726 1573 1860 1641 Quia
1906 1571 2008 1624 hoc
2052 1574 2135 1622 est

552 1688 675 1742 inde
696 1684 1056 1744 manifestum,
1099 1689 1153 1733 et
1190 1680 1242 1731 in
1271 1674 1517 1731 confesso
1544 1681 1625 1726 est
1658 1686 1669 1720 :
1706 1666 1913 1721 interim
1954 1672 2131 1716 autem

552 1779 657 1833 crit
684 1790 896 1846 quoque
923 1772 1046 1827 inde
1076 1786 1181 1825 non
1207 1783 1390 1839 parum
1420 1763 1572 1818 lucri.
1604 1760 1739 1814 Nam
1769 1754 2019 1825 quoniam
2048 1766 2135 1805 re-

551 1844 869 1924 surrectioni
896 1864 1107 1934 quidem
1134 1860 1291 1913 ﬁdem
1328 1856 1631 1915 habebant,
1682 1849 1776 1904 sed
1824 1858 2001 1901 tamen
2056 1844 2135 1896 la-

552 1958 958 2021 mentabantur,
990 1962 1269 2023 pmpterea
1297 1949 1373 2003 sic
1402 1946 1556 2001 dicit.
1582 1945 1752 1998 Aliter
1797 1939 2010 2011 quidem
2051 1936 2134 1991 lo-

552 2050 733 2119 quitur
760 2063 879 2103 cum
904 2062 1007 2099 non
1038 2043 1417 2103 credentibus,
1461 2039 1619 2092 aliter
1667 2050 1795 2089 vero
1842 2047 1963 2085 cum
2008 2030 2090 2082 his
2119 2046 2132 2081 :

557 2159 676 2197 nam
709 2156 801 2197 eos
830 2141 919 2211 qui
942 2139 1253 2209 quterebant
1282 2135 1349 2188 de
1382 2131 1707 2201 temporibus
1728 2127 1900 2199 palam
1928 2133 2012 2179 est
2032 2122 2135 2176 hoc

554 2235 799 2289 scivissc.
849 2232 937 2285 15.
992 2230 1053 2284 Si
1096 2229 1228 2282 enim
1257 2226 1541 2289 credimus,
1574 2221 1775 2290 inquit,
1822 2218 1955 2289 quod
1987 2214 2138 2268 Jesus

556 2336 786 2379 mortuus
810 2333 881 2377 est
906 2332 951 2375 et
975 2320 1252 2375 resurrexit
1279 2329 1325 2372 et
1349 2318 1473 2371 vixit
1499 2332 1517 2369 :
1542 2317 1613 2367 ita
1642 2322 1686 2365 et
1724 2312 1856 2365 Deus
1885 2326 1968 2363 eos
1991 2349 2005 2373 ,
2053 2306 2137 2374 qui

556 2418 871 2471 dormierunt
900 2431 987 2481 per
1007 2412 1205 2474 Iesum,
1239 2409 1457 2463 adducet
1486 2423 1600 2459 cum
1622 2422 1699 2458 eo.
1735 2401 1833 2458 Ubi
1875 2410 1998 2456 sunt
2047 2398 2136 2467 qui

555 2524 770 2563 carnem
796 2507 1084 2576 reprobant
1110 2514 1164 2558 et
1189 2499 1480 2571 rejiciunt?
1507 2498 1640 2553 Nam
1679 2494 1725 2550 si
1773 2507 1992 2549 carnem
2033 2505 2139 2543 non

557 2600 793 2669 accepit,
825 2614 923 2652 nec
950 2606 1032 2651 est
1058 2604 1301 2650 mortuus
1330 2611 1343 2647 :
1373 2590 1420 2645 si
1451 2605 1555 2644 non
1583 2597 1669 2643 est
1718 2593 1961 2641 mortuus
1982 2623 1996 2647 ,
2043 2596 2143 2636 nec

558 2690 872 2746 resurrexit.
903 2685 1183 2755 Quomodo
1210 2700 1339 2754 ergo
1369 2697 1467 2737 nos
1493 2697 1558 2736 ex
1591 2680 1673 2733 his
1713 2677 2029 2731 adhortatur
2072 2673 2139 2727 ad

560 2782 765 2837 ﬁdem?
792 2796 997 2841 annon,
1033 2777 1172 2847 quod
1200 2775 1265 2829 ad
1315 2788 1503 2828 eorum
1552 2772 1741 2826 attinet
1785 2766 2105 2822 sententiam
2125 2808 2140 2831 ,

559 2886 644 2930 est
672 2874 846 2942 potius
873 2878 1097 2938 nugator
1122 2876 1177 2923 et
1202 2866 1491 2935 impostor?
1520 2864 1648 2917 Nam
1676 2863 1720 2916 si
1743 2871 2010 2915 mortuum
2025 2873 2145 2913 esse

562 2975 644 3018 est
672 2964 898 3034 peccati,
926 2961 1172 3015 Christus
1197 2968 1373 3013 autem
1418 2972 1524 3011 non
1569 2954 1842 3024 peccavit,
1871 2953 2143 3024 quomodo

564 3072 662 3110 nos
681 3070 821 3109 nunc
836 3052 1187 3108 adhortatur?
1204 3051 1470 3119 Quorsum
1494 3063 1621 3101 vero
1642 3048 1803 3101 etiam
1820 3045 1969 3111 dicit,
1994 3044 2143 3099 Sicut

566 3148 745 3217 reliqui
766 3149 854 3216 qui
879 3162 1019 3214 spem
1040 3161 1139 3197 non
1168 3142 1396 3196 habent?
1422 3139 1586 3208 Quasi
1615 3140 1839 3205 diceret,
1874 3138 2143 3204 Quasnam

564 3240 773 3294 deﬁetis
796 3279 811 3305 ,
845 3255 877 3292 o
903 3234 1188 3292 homines?
1220 3250 1316 3303 pro
1346 3234 1663 3303 quibusnam
1707 3244 1940 3286 maerore
1977 3229 2148 3282 afﬁci-

564 3332 738 3388 mini?
766 3347 861 3401 pro
892 3328 1282 3400 peccatoribus,
1314 3342 1382 3380 an
1405 3341 1503 3395 pro
1526 3325 1590 3378 iis
1638 3331 1841 3377 tantum
1886 3320 1978 3391 qui
2028 3334 2147 3373 mo-

565 3423 819 3479 riuntur?
854 3422 925 3475 illi
954 3422 1115 3491 igitur
1140 3434 1399 3490 quosnam
1434 3416 1668 3471 deflent?
1696 3414 1853 3469 Certe
1880 3421 2002 3468 sunt
2044 3411 2149 3464 illis

565 3518 742 3571 omnia
777 3514 975 3568 inania.
1010 3512 1421 3583 PrimOgenitus,
1452 3509 1645 3577 inquit,
1674 3522 1737 3560 ea:
1757 3506 1969 3560 mortuis
2000 3502 2144 3575 (Col.

568 3612 619 3665 1.
655 3608 794 3680 18);
828 3607 879 3662 id
910 3616 1011 3673 est,
1043 3606 1311 3675 primitiae.
1344 3604 1488 3673 Ergo
1514 3611 1567 3657 et
1593 3609 1820 3655 etctcros
1841 3612 1961 3652 esse
1988 3611 2149 3666 opor-

570 3713 664 3761 tet.
698 3700 832 3755 Vide
853 3708 1033 3753 autem
1060 3696 1330 3767 quomodo
1357 3694 1601 3749 Iticnihil
1642 3692 1885 3746 adstruat
1923 3690 2148 3743 rationi-

568 3795 691 3861 bus,
724 3795 973 3864 quoniam
1006 3801 1161 3848 erant
1191 3792 1347 3846 mites
1381 3799 1436 3845 et
1464 3788 1657 3848 olacidi
1688 3804 1701 3839 :
1732 3787 1799 3841 ad
1842 3783 2150 3840 Corinthios

569 3896 748 3942 autem
779 3887 1020 3941 scribens
1043 3926 1059 3952 ,
1092 3885 1253 3939 multa
1292 3884 1511 3955 agitavit
1551 3881 1876 3946 rationibus,
1930 3891 1986 3934 et
2024 3889 2150 3931 tunc

568 3979 846 4049 subjunxit
878 3996 891 4031 :
917 3976 944 4031 1
954 3976 1178 4047 nsipiens
1208 3986 1283 4042 tu,
1316 3975 1451 4044 quod
1482 3975 1701 4028 seminus
1737 3989 1839 4026 non
1866 3972 2150 4032 viviﬁcatur

568 4072 664 4139 (1.
694 4072 812 4126 Cor.
845 4071 930 4125 15.
959 4071 1075 4141 56).
1106 4070 1216 4124 Hoc
1246 4070 1388 4123 enim
1419 4078 1500 4123 est
1530 4068 1734 4122 ﬁrmius
1758 4078 1810 4120 et
1839 4065 2035 4133 aptius,
2057 4062 2150 4118 sed

570 4165 783 4235 quando
803 4165 1172 4233 disputatcum
1200 4163 1443 4217 ﬁdelibus
1480 4179 1492 4213 :
1524 4161 1663 4229 apud
1690 4169 1945 4214 externos
1970 4167 2150 4211 autem

569 4272 729 4327 quam
756 4257 861 4310 vim
895 4256 998 4310 hoc
1028 4255 1315 4309 habuerit?
1347 4252 1429 4306 Ita
1458 4262 1505 4307 et
1532 4252 1669 4305 Deus
1693 4268 1797 4317 eos,
1819 4251 1905 4320 qui
1931 4250 2152 4303 dormie-

570 4360 689 4405 runt
715 4366 803 4420 per
821 4348 1019 4412 Jesum,
1050 4346 1265 4400 adducet
1289 4363 1403 4399 cum
1426 4362 1502 4400 eo.
1535 4344 1741 4399 Rursus
1762 4386 1775 4408 ,
1805 4344 1905 4410 Qui
1929 4344 2152 4397 dormie-

572 4452 738 4497 runt:
773 4456 1034 4510 nusquam
1066 4440 1227 4507 dicit,
1254 4438 1445 4493 Mortui
1491 4446 1633 4492 sunt.
1684 4436 1791 4491 Sed
1836 4436 1887 4490 in
1935 4434 2152 4489 Christo

572 4533 785 4603 quidem
814 4533 1009 4603 posuit,
1041 4531 1279 4586 Mortuus
1304 4541 1396 4595 est,
1427 4532 1676 4600 quoniam
1708 4529 1843 4584 dixit
1890 4544 2012 4583 eum
2062 4543 2152 4582 re-

572 4625 872 4678 surrexisse
901 4641 914 4677 :
947 4624 1032 4677 hic
1061 4638 1187 4678 vero
1208 4665 1221 4688 ,
1262 4621 1367 4676 Eos
1389 4623 1474 4691 qui
1498 4620 1809 4675 dormierunt
1836 4636 1925 4691 per
1948 4619 2148 4673 Jesum.

572 4714 671 4767 Vel
698 4714 799 4769 hoc
823 4715 968 4779 dicit,
994 4715 1132 4783 quod
1158 4715 1209 4769 in
1239 4714 1341 4768 ﬁde
1367 4713 1495 4768 Jesu
1513 4714 1706 4768 mortui
1736 4714 1881 4778 sint;
1912 4712 1991 4767 vel
2009 4713 2151 4782 quod

574 4822 669 4873 per
692 4804 874 4860 Jesum
909 4805 1230 4859 adducturus
1253 4805 1323 4859 sit
1351 4820 1447 4859 eos
1467 4807 1555 4875 qui
1583 4804 1937 4868 dormierunt,
1969 4804 2020 4858 id
2043 4812 2147 4869 est,

573 4896 781 4950 ﬁdeles.
817 4895 914 4949 Hic
940 4897 1173 4951 lueretici
1203 4896 1490 4966 signiﬁcari
1519 4898 1701 4952 dicunt
1745 4912 1839 4952 eos
1888 4897 1977 4967 qui
2025 4907 2151 4950 sunt

576 4990 846 5057 baptizati.
879 4990 1007 5043 Illud
1035 5005 1199 5055 vero,
1231 4989 1319 5044 Ita
1339 5033 1353 5055 ,
1380 4990 1647 5061 quomodo
1672 4989 1955 5043 consistit?
1994 4988 2151 5044 Jesus

574 5083 715 5135 enim
745 5096 848 5135 non
871 5080 1125 5135 dormivit
1150 5097 1245 5151 per
1272 5083 1615 5151 baptismum.
1647 5081 1756 5134 Cur
1793 5095 1922 5151 ergo
1967 5080 2096 5135 dicit
2132 5096 2145 5132 :

589 5175 689 5243 Qui
715 5175 1070 5229 dormierunt?
1097 5176 1275 5244 Itaque
1300 5190 1403 5229 non
1429 5175 1495 5229 de
1525 5174 1779 5244 generali,
1808 5173 1899 5228 sed
1935 5172 2003 5227 de
2038 5173 2150 5227 sin-

587 5266 753 5333 gulari
782 5280 875 5320 seu
902 5268 1202 5334 particulari
1234 5266 1469 5333 loquitur
1493 5265 1906 5320 resurrectione.
1936 5263 2040 5316 Eos
2067 5262 2153 5333 qui

577 5367 893 5419 dormierunt
920 5381 1008 5435 per
1032 5362 1210 5416 Jesum
1235 5362 1449 5413 adducet
1469 5402 1482 5423 ,
1528 5358 1697 5429 inquit
1726 5374 1739 5411 :
1770 5366 1824 5411 et
1870 5357 2049 5410 multis
2099 5359 2149 5408 in

546 5457 705 5513 .locis
729 5457 800 5510 ita
830 5455 979 5510 dicit.
1009 5454 1094 5508 M.
1126 5452 1239 5505 Hoc
1260 5452 1391 5503 enim
1409 5448 1544 5502 vobis
1572 5450 1782 5501 dicimus
1804 5449 1856 5500 in
1878 5447 2023 5500 verbo
2050 5445 2155 5498 Do-

543 5516 716 5617 lmini,
745 5550 879 5620 quod
902 5564 992 5603 nos
1016 5546 1102 5617 qui
1125 5545 1356 5607 vivimus,
1382 5543 1467 5613 qui
1487 5542 1676 5596 residui
1701 5558 1871 5594 sumus
1892 5541 1942 5593 in
1959 5538 2147 5591 adven-

575 5656 680 5697 tum
727 5643 979 5710 Domini,
1026 5658 1128 5696 non
1170 5638 1529 5711 prtereniemus
1576 5651 1657 5689 eos
1697 5634 1782 5704 qui
1811 5632 2143 5685 dormierunt.

578 5736 825 5807 Loquens
854 5734 920 5791 de
947 5730 1192 5788 ﬁdelibus
1227 5730 1392 5800 dicit,
1443 5729 1544 5783 Eos
1585 5728 1668 5797 qui
1710 5725 2055 5791 dormierunt;
2101 5732 2154 5777 ct

2236 654 2441 706 rursus,
2476 641 2967 715 Mortuiresurgent.
3004 646 3205 701 Deinde
3231 661 3334 700 non
3380 646 3550 701 solum
3596 649 3705 717 agit
3745 646 3814 701 de

2232 736 2643 799 resurrectione,
2674 736 2770 791 sed
2798 746 2853 792 et
2876 737 2944 792 de
2968 740 3362 793 resurrectione
3406 747 3461 793 et
3503 738 3709 793 honore
3756 738 3813 794 in

2232 824 2418 894 gloria.
2449 825 2621 895 Atque
2650 829 3045 883 resurrectione
3074 829 3287 898 quidem
3318 844 3506 884 omnes
3535 828 3813 896 fruentur,

2233 916 2437 985 inquit;
2471 932 2577 972 non
2607 934 2795 974 omnes
2823 931 2999 974 autem
3026 930 3184 975 erunt
3210 921 3262 974 in
3289 922 3457 991 gloria
3477 962 3493 986 ,
3524 922 3620 977 sed
3640 964 3654 985 ,
3710 922 3812 989 Qui

2233 1009 2285 1062 in
2308 1008 2527 1064 Christo.
2561 1009 2822 1077 Quoniam
2855 1027 2984 1081 ergo
3012 1013 3154 1081 ipsos
3197 1012 3310 1065 vult
3352 1012 3656 1078 consolari,
3702 1030 3810 1067 non

2234 1116 2298 1156 ex
2331 1102 2433 1156 hoc
2456 1103 2630 1157 solum
2662 1103 2971 1157 consolatur
2993 1146 3008 1169 ,
3043 1104 3136 1158 sed
3165 1114 3218 1157 et
3245 1120 3309 1157 ex
3337 1105 3503 1160 multo
3530 1105 3732 1161 honore
3757 1114 3814 1159 et

2235 1209 2298 1246 ex
2324 1193 2629 1258 velocitate,
2656 1196 2907 1264 quoniam
2935 1195 3067 1249 illud
3094 1196 3351 1250 sciebant.
3386 1196 3515 1250 Nam
3555 1196 3697 1266 quod
3744 1213 3810 1252 ex

2236 1285 2438 1341 honore
2460 1287 2602 1356 ipsos
2629 1288 2756 1341 velit
2770 1288 3056 1353 consolari,
3086 1288 3565 1357 dicitprocedens:
3596 1289 3665 1343 Et
3684 1307 3813 1344 sem-

2235 1394 2325 1448 per
2347 1394 2461 1431 cum
2492 1377 2709 1433 Domino
2731 1380 2936 1444 erimus,
2961 1390 3035 1447 et,
3056 1378 3123 1434 In
3152 1381 3362 1435 nubibus
3387 1384 3644 1447 rapiemur
3664 1382 3804 1454 (Cor.

2236 1485 2285 1521 v.
2320 1468 2430 1538 16).
2459 1469 2741 1535 Quomodo
2757 1479 2935 1525 autem
2956 1470 3138 1526 ﬁdeles
3174 1486 3269 1540 per
3290 1471 3470 1527 Jesum
3497 1474 3810 1527 dormiunt?

2238 1562 2350 1618 Hoc
2378 1572 2461 1618 est
2482 1605 2497 1629 ,
2529 1563 2799 1618 Christum
2838 1565 2890 1618 in
2917 1579 2973 1619 se
2999 1564 3279 1620 habentes.
3315 1565 3444 1619 Illud
3474 1577 3674 1633 autem,
3703 1567 3814 1620 Ad-

2238 1653 2385 1708 ducet
2406 1671 2520 1706 cum
2546 1671 2638 1719 eo,
2671 1655 2905 1709 ostendit
2931 1655 3119 1709 adduci
3171 1671 3236 1709 ex
3280 1657 3459 1711 multis
3505 1656 3656 1711 locis.
3702 1657 3816 1712 [loc

2240 1747 2371 1800 enim
2393 1747 2530 1800 vobis
2551 1787 2563 1808 ,
2594 1747 2796 1816 inquit,
2831 1749 3044 1802 dicimus
3074 1749 3128 1802 in
3156 1748 3303 1802 verbo
3326 1748 3552 1802 Domini.
3584 1749 3695 1805 Hoc
3719 1767 3819 1805 no-

2238 1854 2361 1892 vum
2385 1849 2438 1893 et
2465 1839 2761 1893 inauditum
2794 1849 2909 1894 erat
2934 1840 3210 1905 dicturus;
3243 1851 3520 1911 propterea
3550 1842 3710 1897 efﬁcit
3758 1853 3817 1897 ut

2240 1928 2310 1982 sit
2335 1928 2436 1983 ﬁde
2461 1930 2700 1999 dignum.
2734 1929 2800 1983 In
2821 1932 2967 1985 verbo
2989 1973 3002 1997 ,
3036 1932 3205 2001 inquit
3231 1975 3246 1998 ,
3278 1931 3508 1986 Domini.
3540 1933 3650 1987 Hoc
3695 1946 3771 1988 cSI
3799 1975 3813 1995 ,

2240 2022 2356 2076 Non
2383 2038 2409 2075 a
2440 2024 2591 2078 nobis
2619 2024 2747 2092 ipsis
2768 2066 2780 2087 ,
2815 2023 2909 2078 sed
2958 2039 2985 2079 a
3040 2022 3253 2078 Christo
3300 2024 3475 2079 edocti
3508 2065 3521 2089 ,
3569 2025 3817 2079 dicimus.

2246 2114 2393 2180 Quod
2418 2132 2508 2168 nos
2532 2116 2617 2184 qui
2645 2118 2853 2171 vivimus
2874 2158 2887 2179 ,
2918 2118 3005 2186 qui
3033 2119 3220 2171 residui
3246 2135 3417 2173 sumus
3464 2120 3517 2172 in
3553 2120 3821 2173 adventura

2244 2206 2471 2272 Domini,
2503 2225 2604 2262 non
2636 2211 2996 2278 prwveniemus
3034 2227 3118 2265 eos
3165 2212 3251 2281 qui
3295 2213 3625 2268 dormierunt.
3667 2214 3821 2279 Quod

2244 2298 2459 2367 quidem
2485 2299 2614 2354 dicit
2636 2302 2688 2354 in
2720 2301 2956 2368 Epistula
2985 2302 3050 2355 ad
3080 2301 3384 2357 Corinthios
3414 2319 3428 2355 :
3453 2301 3521 2356 In
3549 2314 3821 2368 momento,

2244 2395 2296 2444 in
2331 2393 2434 2445 ictu
2474 2394 2608 2445 oculi
2648 2391 2824 2463 (Ibid.
2881 2394 3009 2461 5‘2).
3040 2394 3136 2447 llic
3164 2394 3267 2449 lide
3296 2395 3508 2465 dignam
3550 2397 3828 2451 constituit

2246 2486 2689 2540 resurrectionem
2718 2500 2783 2539 ex
2813 2484 2973 2539 modo
3000 2501 3224 2555 quoque.

2316 2577 2368 2630 2.
2401 2575 2531 2631 Nam
2561 2578 2810 2646 quoniam
2832 2577 3110 2632 videbatur
3140 2593 3226 2633 res
3251 2593 3370 2633 esse
3391 2578 3646 2645 difﬁcilis,
3670 2578 3823 2643 dicit,

2248 2667 2316 2723 Ut
2341 2678 2424 2723 est
2451 2668 2603 2723 facile
2633 2671 2801 2738 utqui
2840 2670 3023 2724 vivant
3067 2671 3431 2735 sustollantur,
3474 2672 3551 2725 sic
3578 2673 3733 2726 etiam
3769 2680 3829 2725 ut

2249 2761 2283 2814 ii
2306 2761 2397 2831 qui
2427 2760 2792 2816 decesserunt.
2842 2761 2976 2817 illud
3006 2771 3204 2828 autem,
3236 2762 3368 2828 Nos,
3419 2779 3524 2818 non
3554 2763 3619 2819 de
3644 2765 3827 2834 seipso

2248 2851 2417 2907 dicit:
2448 2868 2553 2907 non
2589 2854 2731 2907 enim
2776 2862 2893 2908 erat
2934 2868 3218 2907 mansurus
3268 2870 3438 2924 usque
3484 2855 3550 2908 ad
3579 2870 3828 2909 resurre-

2249 2946 2516 3009 ctionem;
2548 2945 2643 2999 sed
2668 2945 2801 3000 dicit
2840 2946 3045 3000 ﬁdeles.
3073 2946 3360 3015 Propterea
3391 2946 3560 3012 addit,
3593 2947 3691 3012 Qui
3733 2963 3825 3001 τας

2250 3054 2361 3090 mus
2385 3037 2574 3091 residui
2599 3038 2651 3091 in
2673 3023 2940 3092 adventum
2970 3037 3191 3100 Domini,
3226 3055 3324 3091 non
3354 3041 3711 3107 prazveniemus
3743 3055 3829 3093 eos

2251 3130 2335 3199 qui
2360 3130 2689 3185 dormierunt.
2718 3131 2877 3198 Quasi
2903 3131 3107 3185 diceret
3135 3148 3148 3184 :
3183 3130 3257 3185 Ne
3282 3131 3554 3185 existimes
3580 3146 3700 3185 esse
3723 3131 3827 3185 ali-

2251 3241 2409 3296 quam
2440 3226 2517 3280 rei
2546 3224 2932 3291 difﬁcultatem,
2964 3224 3089 3279 dum
3112 3225 3282 3289 audis,
3316 3224 3455 3291 quod
3484 3226 3572 3293 qui
3597 3234 3720 3278 tunc
3746 3224 3828 3277 vi-

2252 3325 2403 3383 vunt,
2432 3332 2538 3371 non
2568 3316 2895 3385 praevenient
2922 3330 3017 3369 eos
3047 3314 3136 3383 qui
3164 3324 3285 3368 sunt
3315 3315 3581 3381 dissoluti,
3614 3316 3703 3385 qui
3727 3330 3829 3384 pu-

2255 3409 2481 3475 trefacti,
2516 3410 2605 3479 qui
2652 3418 2776 3463 sunt
2819 3407 3016 3463 mortui
3060 3408 3175 3478 plus
3220 3423 3377 3477 quam
3409 3407 3592 3462 decem
3633 3407 3829 3461 abhinc

2254 3517 2510 3556 annorum
2541 3501 2773 3555 millibus
2799 3517 2812 3553 :
2837 3501 2975 3554 Deus
3000 3508 3082 3554 est
3110 3499 3201 3569 qui
3231 3498 3370 3552 facit.
3388 3498 3493 3553 Sed
3516 3500 3653 3553 sicut
3675 3497 3832 3552 facile

2254 3602 2338 3648 est
2365 3593 2631 3647 adducere
2661 3592 2785 3649 illos
2813 3590 2903 3660 qui
2950 3598 3075 3645 sunt
3117 3588 3336 3659 perfecti
3389 3597 3443 3644 et
3489 3590 3703 3658 integri,
3755 3588 3830 3641 ita

2254 3688 2414 3741 etiam
2454 3700 2549 3740 eos
2595 3684 2684 3754 qui
2733 3692 2858 3738 sunt
2901 3682 3164 3737 dissoluti.
3199 3680 3304 3736 Sed
3336 3689 3459 3734 sunt
3496 3680 3709 3750 quidam
3736 3680 3831 3749 qui

2254 3794 2367 3833 rem
2398 3793 2503 3832 non
2529 3777 2774 3839 credunt,
2790 3775 3038 3845 quoniam
3063 3774 3227 3829 Deum
3247 3775 3507 3828 nesciunt.
3531 3773 3665 3839 Quid
3685 3774 3830 3826 enim

2254 3878 2358 3936 est,
2398 3869 2710 3938 dic,quaeso,
2742 3866 2969 3930 facilius,
3014 3881 3079 3919 an
3109 3881 3173 3919 ex
3220 3865 3385 3918 nihilo
3415 3864 3481 3916 ad
3514 3863 3613 3917 hoc
3637 3871 3695 3916 ut
3722 3863 3836 3917 sint

2255 3961 2543 4025 deducere,
2576 3975 2642 4013 an
2672 3959 2929 4014 dissoluta
2957 3958 3194 4012 excitare
3223 3965 3276 4010 et
3297 3954 3619 4011 restituere?

2327 4054 2690 4124 Argumentum
2717 4050 3050 4122 quorumdam
3070 4050 3157 4114 qui
3176 4048 3587 4101 resurrectionem
3607 4061 3708 4098 non
3724 4061 3837 4097 cre-

2256 4149 2459 4202 debant.
2515 4146 2964 4214 Metempsychosis
3006 4140 3318 4195 Grazcorum.
3346 4168 3416 4179 —-
3453 4140 3518 4192 At
3567 4136 3694 4207 quid
3744 4137 3833 4189 di-

2256 4240 2424 4295 cunt?
2452 4239 2547 4295 Ille
2576 4252 2764 4307 passus
2791 4247 2874 4293 est
2916 4235 3271 4305 naufragium,
3301 4242 3355 4288 et
3380 4247 3498 4287 cum
3527 4230 3833 4296 cecidisset,

2256 4331 2410 4387 multi
2439 4346 2559 4385 eum
2587 4336 2912 4397 exceperunt
2936 4328 3108 4396 pisces
3133 4342 3148 4390 ;
3172 4334 3226 4379 et
3244 4323 3468 4394 quilibet
3488 4322 3643 4391 piscis
3664 4334 3838 4373 mem-

2256 4425 2410 4479 brum
2437 4421 2688 4476 comedit.
2724 4419 2924 4474 Deinde
2960 4434 3026 4472 ex
3064 4418 3148 4471 his
3193 4417 3320 4485 ipsis
3348 4415 3484 4468 alius
3522 4410 3731 4483 quidem
3776 4413 3834 4465 in

2257 4516 2361 4570 hoc
2381 4515 2522 4579 sinu,
2551 4513 2687 4567 alius
2714 4527 2842 4566 vero
2870 4510 2922 4564 in
2969 4511 3060 4563 illo
3086 4517 3167 4563 est
3196 4505 3637 4575 comprehensus,
3684 4511 3737 4556 et
3762 4503 3837 4555 ab

2257 4608 2361 4661 alio
2382 4606 2690 4661 dettoratus.
2720 4604 2787 4657 Et
2816 4603 2900 4656 isti
2931 4616 3117 4655 rursus
3141 4600 3195 4653 in
3226 4599 3346 4653 aliis
3374 4598 3504 4651 locis
3526 4604 3649 4650 sunt
3682 4609 3833 4648 mor—

2259 4702 2354 4763 tui,
2389 4708 2444 4753 et
2472 4698 2569 4767 ipsi
2601 4696 2831 4751 fortasse
2877 4710 2906 4747 a
2935 4693 3129 4748 belluis
3153 4693 3322 4755 exesi,
3366 4691 3455 4759 qui
3483 4685 3839 4742 comederunt

2259 4791 2451 4859 pisces,
2478 4789 2566 4857 qui
2599 4789 2770 4842 virum
2817 4784 3128 4840 exederant.
3155 4783 3287 4837 Cum
3319 4789 3462 4834 tanta
3506 4787 3679 4832 autem
3710 4775 3836 4829 fue-

2257 4883 2327 4936 rit
2350 4880 2588 4935 confusio
2616 4888 2671 4934 et
2712 4878 2995 4947 dispersio,
3039 4873 3309 4945 quomodo
3361 4872 3443 4925 vir
3495 4870 3586 4924 ille
3638 4869 3837 4922 iterum

2258 4970 2533 5043 resurget?
2554 4972 2675 5041 quis
2697 4970 2970 5040 pulverem
3002 4965 3279 5022 reduxerit
3303 4965 3326 5017 ?
3350 4962 3459 5017 Cur
3489 4962 3589 5015 hoc
3614 4958 3767 5021 dicis,
3801 4973 3839 5011 o

2258 5069 2439 5134 homo,
2471 5074 2526 5120 et
2554 5079 2811 5135 nugarum
2865 5062 3107 5116 contexis
3151 5068 3418 5119 catenam,
3463 5063 3517 5109 et
3561 5061 3835 5120 tamquam

2258 5177 2371 5216 rem
2402 5160 2556 5229 ponis
2588 5159 2743 5227 plane
2782 5153 3253 5224 inexplicabilem?
3293 5151 3445 5216 Nam,
3477 5148 3563 5202 dic
3593 5146 3741 5211 mihi,
3790 5147 3842 5200 si

2260 5268 2362 5306 non
2390 5253 2441 5305 in
2469 5265 2617 5305 mare
2641 5248 2914 5310 ceciderit,
2942 5249 2985 5300 si
3019 5246 3177 5315 piscis
3204 5260 3325 5298 eum
3367 5258 3470 5296 non
3516 5238 3837 5304 comederit,

2259 5361 2435 5415 neque
2459 5360 2643 5397 rursus
2685 5343 2843 5396 fuerit
2868 5341 3033 5411 piscis
3082 5339 3363 5393 devoratus
3413 5335 3479 5389 ab
3529 5330 3841 5387 hominibus

2258 5436 2758 5499 innumerabilibus,
2788 5433 2881 5487 sed
2907 5432 3065 5500 justis
3105 5431 3255 5484 factis
3284 5428 3443 5483 fuerit
3474 5427 3555 5479 vir
3582 5424 3669 5477 ille
3692 5422 3844 5491 posi-

2261 5541 2345 5584 tus
2370 5530 2422 5583 in
2451 5543 2603 5592 urna,
2633 5537 2686 5582 et
2712 5540 2884 5595 neque
2910 5538 3143 5589 vermes,
3186 5536 3358 5591 neque
3383 5517 3586 5587 aliquid
3616 5510 3757 5567 aliud
3785 5510 3842 5565 ei

2259 5624 2419 5679 fuerit
2446 5622 2754 5685 molestum,
2783 5617 3055 5690 quomodo
3083 5624 3325 5685 resurget
3363 5610 3504 5682 quod
3534 5610 3631 5662 fuit
3659 5604 3844 5659 disso-

2265 5718 2468 5781 lutum;
2520 5712 2785 5785 quomodo
2835 5710 3009 5782 pulvis
3058 5716 3112 5764 et
3154 5706 3289 5763 cinis
3340 5697 3792 5772 conglutinabitur
3823 5693 3851 5744 ?
