4128 6398
414 339 524 399 655

1249 352 1332 408 ΙΝ
1357 352 1573 410 EPIST.
1616 356 1755 412 [AD
1790 359 2130 422 THESSAL.
2173 366 2324 423 CAP.
2370 369 2455 424 IV.
2495 370 2727 427 llOMIL.
2763 373 2872 427 VII.

3598 386 3703 440 456

424 550 2300 591 .————______________________

1939 783 2188 840 ΟΜῙΛΙΑ
2225 786 2300 845 Ζ’.

413 919 498 970 oo
559 920 710 975 θέλω
748 922 816 1020 δέ
854 923 1010 1020 ὑμᾶς
1053 925 1312 1020 ἀγηοεζν.
1357 930 1822 1020 ᾀδελςοοὶνηῖτερὶ
1879 933 2001 1020 ἴῶῗ

485 992 943 1061 κεκοιμημένων,
977 996 1076 1048 ἵνα
1100 992 1188 1064 μὴ
1221 992 1524 1066 λυπῆσθε,
1574 992 1776 1069 κάθὼξ
1796 1004 1894 1057 καί
1939 1007 1995 1058 οἱ

483 1062 684 1114 λοιποὶ
717 1066 773 1116 οἱ
798 1063 885 1132 μὴ
915 1064 1155 1133 ἔχοντες
1187 1068 1431 1123 ἐλπίδα.

2107 936 2205 1030 μέν
2229 935 2555 1030 οὖν-πάντες
2594 942 3011 1030 ἀπολαύσονται,
3061 955 3227 1024 φησίν
3258 973 3272 988 ο
3299 958 3358 1013 ἐν
3388 958 3512 1030 δόξῃ
3536 958 3594 1013 δὲ
3623 961 3690 1016 οὐ

2102 1020 2304 1086 πάντες
2330 1023 2563 1090 ἔσονται,
2597 1028 2734 1094 ἀλλ’,
2769 1034 2832 1085 Οἱ
2860 1034 2930 1086 ἐν
2969 1020 3223 1104 Χριστῷ.
3267 1041 3420 1096 Ἐπεὶ
3457 1020 3552 1097 οῦν
3581 1061 3686 1096 πα-

2103 1107 2526 1179 ραμυθήσασθαι
2549 1110 2797 1179 βούλεται
2840 1118 3058 1182 αὐτοὺς,
3087 1122 3148 1173 οὐ
3174 1124 3347 1192 τούτῳ
3388 1127 3555 1195 μόνον
3575 1143 3686 1180 πα-

483 1192 748 1246 α¹.Πολλά
771 1194 882 1246 τῶν
912 1197 1252 1266 πραγμάτων
1280 1196 1340 1264 ἐξ
1387 1201 1610 1269 ἀγνοίας
1656 1205 1804 1274 ἡμᾶς
1842 1206 2001 1260 λυπεῖ
2102 1191 2446 1282 Ραμιζθεῖξτίξιε
2491 1193 2649 1282 fin}
2681 1197 2773 1249 καὶ
2799 1201 2863 1270 τῇ
2903 1204 3036 1271 τιμῇ
3079 1207 3144 1273 τῇ
3179 1191 3345 1280 πολλῇ
3370 1191 3462 1262 ia)-
3492 1211 3565 1282 τῷ
3586 1211 3686 1265 τά⁶

415 1275 603 1346 μόνης,
635 1276 729 1340 ὡς,
764 1277 830 1331 ἂν
865 1279 1003 1331 αὐτὰ
1036 1279 1215 1343 καλῶς
1257 1284 1685 1356 καταμάθωμεν,
1726 1289 1999 1359 ἀποκρου-

415 1358 621 1428 σόμεθα
643 1359 740 1430 τὴν
767 1360 980 1431 ὀδύνην.
1006 1359 1176 1416 Τοῦτο
1197 1365 1328 1432 γοῦν
1360 1371 1455 1421 καὶ
1489 1371 1517 1422 6
1546 1369 1756 1434 Παῦλος
1791 1358 1996 1443 ἐμφαί-

413 1459 522 1494 νων
556 1443 761 1512 έλεγεν,
786 1447 869 1498 Οὐ
904 1445 1056 1500 θέλω
1087 1447 1243 1516 ὑμᾶς
1268 1449 1530 1518 ἀγνοεῖν,
1571 1454 1772 1524 ἵναμὴ
1802 1457 1997 1528 λυπῆ-

410 1527 540 1586 σθε,
567 1526 646 1591 ὡς
675 1527 772 1580 καί
798 1531 852 1581 οί
881 1529 1080 1582 λοιποί
1099 1534 1152 1583 οἱ
1185 1532 1271 1600 μὴ
1300 1532 1547 1601 ἔχοντες
1570 1536 1809 1593 ἐλπίδα.
1847 1541 1912 1593 Τί
1932 1526 1994 1594 οὐ

412 1608 588 1671 θέλεις
622 1610 821 1673 αὐτοὺς
850 1612 1104 1679 ἀγνοεῖν;
1144 1615 1248 1668 Τὸν
1300 1618 1430 1687 περὶ
1476 1620 1577 1690 τῆς
1624 1622 1993 1692 ἀναστάσεως,

411 1693 567 1777 φησὶ,
592 1693 767 1777 λόγον.
798 1694 898 1747 Διά
921 1694 974 1748 τί
994 1696 1051 1748 δὲ
1069 1696 1143 1768 μὴ
1173 1697 1350 1767 λέγεις
1379 1701 1478 1771 τὴν
1502 1703 1720 1758 κόλασιν
1737 1706 1836 1777 τὴν
1858 1710 1994 1762 ἀπο-

410 1775 685 1860 κειμένην
695 1775 776 1860 τῷ
804 1777 1019 1845 ἀγνοεῖν
1039 1780 1132 1832 τὸν
1155 1783 1285 1854 περὶ
1316 1785 1416 1855 τῆς
1431 1786 1778 1854 ἀναστάσεως
1793 1775 1992 1860 ήλόγονς

409 1858 554 1910 Διότι
573 1940 588 1945 Α
608 1858 766 1913 τοῦτο
809 1861 1019 1918 ὲκεῖθεν
1059 1865 1220 1935 δῆλόν
1250 1869 1388 1931 ἐστι,
1423 1871 1517 1923 καὶ
1538 1858 1958 1945 ὡμολογημένον
1977 1895 1990 1909 ο

409 1941 549 2004 τέως
569 1940 624 1994 δὲ
649 1946 763 2012 μετ’
782 1946 987 1998 ἐκείνου
1010 1948 1105 2001 καὶ
1127 1950 1284 2004 τοῦτο
1299 1951 1451 2006 ἔσται
1468 1940 1658 2025 κέρδος
1685 1940 1745 2010 ού
1775 1940 1989 2029 μικρόν.

421 2022 638 2114 ’ξῖπειδὴ
677 2027 795 2114 γὰρΔ
830 2029 920 2114 οὐυ
945 2032 1012 2100 τῇ
1048 2031 1343 2114 ἀναστάσει
1376 2022 1661 2106 ἠπίστουν,
1695 2022 1812 2093 ἀλλ’
1843 2022 1995 2114 ὅμως

409 2105 689 2196 έθρήνουν,
722 2110 809 2196 διά
829 2112 988 2196 τοῦτο
1011 2113 1153 2168 οὕτω
1182 2118 1335 2188 φησί.
1383 2121 1493 2174 Καὶ
1522 2105 1724 2193 ἑτέρως
1752 2125 1851 2196 μὲν
1879 2105 1994 2192 τοῖς

407 2190 694 2280 ἀπιστοῦσι
759 2194 1100 2280 διαλέγεται,
1158 2201 1359 2274 ἑτέρως
1403 2204 1458 2257 δὲ
1511 2190 1722 2270 τούτοις
1741 2190 1763 2239 θ’
1795 2211 1842 2262 οἱ
1882 2190 1990 2280 γάρ

409 2274 681 2362 περὶ-τῶν
710 2277 918 2347 χρόνων
946 2281 1042 2333 καὶ
1082 2282 1189 2335 τῶν
1222 2288 1429 2356 καιρῶν
1467 2287 1775 2358 ζητοῦντες,
1824 2274 1982 2362 δῆλον

405 2355 738 2443 ὄτιᾼνῇδεσαν.
799 2363 868 2414 El
920 2362 1031 2430 γὰρ
1071 2355 1452 2438 πιστεύομεν,
1500 2355 1696 2440 φησὶν,
1745 2374 1834 2426 ὅτι
1875 2355 1990 2443 ³1η-

401 2439 558 2506 σοσῦς
586 2442 845 2498 ἀπέθανε
891 2447 991 2500 καὶ
1034 2449 1260 2519 ἀνέστη
1303 2453 1404 2506 καί
1451 2439 1686 2522 ἔζησεν,
1737 2457 1928 2523 οὕτως
1949 2439 1990 2513 ’ό

334 2522 337 2523 ⁷
405 2524 551 2608 Θεὸς
593 2525 856 2592 καὶτοὺς
885 2532 1277 2601 κοιμηθέντας
1306 2535 1402 2590 διὰ
1447 2538 1554 2592 τοῦ
1606 2539 1812 2606 Ἰησοῦ
1859 2522 1989 2608 ἄξει

404 2605 531 2691 σὺν
547 2609 727 2674 αὐτῷ.
782 2611 893 2664 Ποῦ
923 2614 1059 2668 είσιν
1087 2617 1136 2668 οί
1167 2617 1266 2682 τὴν
1294 2618 1474 2687 σάρκα
1503 2605 1858 2691 ἀθετοῦντες;
1914 2605 1989 2679 -Εί

405 2688 515 2759 γὰρ
547 2691 620 2760 μὴ
661 2692 889 2746 ἀνέλαϐε
927 2694 1074 2769 [ιι-ιδ]
1108 2698 1308 2770 σάρκα,
1352 2702 1473 2756 οὐδὲ
1504 2705 1814 2761 ἀπέθανεν·
1845 2688 1904 2762 ἐι
1931 2710 1990 2762 δὲ

406 2771 481 2842 μὴ
515 2774 805 2845 ἀπέθανεν,
828 2778 948 2830 οὐδὲ
972 2780 1194 2852 ἀνέστη.
1227 2782 1351 2846 Πῶς
1376 2781 1470 2838 οὖν
1491 2789 1636 2856 ἡμᾶς
1657 2789 1764 2842 ἀπὸ
1787 2791 1988 2845 τούτων

402 2857 702 2926 προτρέπει
729 2861 809 2922 είς
837 2861 1052 2930 πίστιν;
1090 2859 1200 2933 ἄρα
1228 2866 1289 2918 ού
1341 2866 1507 2936 λῆρος
1551 2871 1754 2939 μᾶλλον
1773 2869 1841 2942 ἦν
1864 2877 1987 2927 κατ’

400 2945 599 3008 αὐτοὺς
644 2947 740 2999 καὶ
768 2948 1050 3014 ἀπατεών;
1083 2951 1144 3003 El
1178 2951 1287 3023 γάρ
1307 2951 1370 3006 τὸ
1391 2954 1683 3009 ἀποθανεῖν
1713 2958 1988 3029 ἁμαρτίας

401 3028 570 3093 ἐστὶν,
594 3029 623 3081 6
648 3029 705 3081 δὲ
743 3031 978 3101 Χριστὸς
1004 3032 1100 3102 οὐχ
1137 3033 1376 3106 ἥμαρτε,
1423 3037 1540 3100 πῶς
1573 3040 1722 3109 ἡμᾶς
1752 3028 1990 3111 προτρέ-

402 3128 562 3164 πεται
595 3112 729 3196 νῦν;
783 3113 883 3167 Διά
904 3115 956 3168 τί
991 3115 1048 3168 δὲ
1076 3117 1170 3169 καί
1215 3136 1402 3196 φησιν,
1435 3122 1662 3191 Ὥσπερ
1699 3127 1754 3178 οί
1785 3129 1987 3182 λοιποί

400 3197 455 3248 οἱ
475 3195 560 3263 μὴ
593 3195 836 3264 ἔχοντες
852 3197 1102 3262 ἐλπίδα;
1143 3197 1286 3255 Ὦσεὶ
1305 3195 1458 3273 ἔλεγε
1478 3222 1492 3234 ο
1519 3205 1684 3270 Τίνας
1716 3207 1986 3279 θρηνεῖτε,

400 3277 676 3362 ἄνθρωποι
702 3297 716 3342 ;
748 3281 888 3351 ὑπὲρ
918 3281 1079 3335 τίνων
1100 3283 1387 3353 λυπεῖσθε;
1421 3286 1562 3359 ὑπὲρ
1595 3289 1704 3342 τῶν
1728 3277 1988 3362 ἀμαρτω-

401 3360 530 3424 λῶν,
553 3361 586 3430 ἢ
615 3362 756 3429 ὑπὲρ
785 3362 892 3415 τῶν
911 3364 1099 3428 ἁπλῶς
1115 3367 1574 3439 ἀποθνησκόντων
1596 3389 1611 3437 ;
1649 3360 1817 3427 Ὥστε
1840 3360 1988 3430 ἐκεῖ·

401 3462 482 3498 νοι
501 3445 652 3510 τίνας
681 3446 937 3518 θρηνοῦσι
957 3466 970 3513 ;
1004 3450 1186 3504 Πάντα
1207 3449 1264 3504 δὲ
1283 3453 1457 3506 ταῦτα
1476 3454 1620 3509 ἕωλα
1640 3456 1823 3521 αὐτοῖς
1843 3460 1987 3526 γίνε-

401 3547 510 3593 ται,
536 3532 931 3598 Πρωτότοκος,
952 3551 1024 3602 φη
1034 3534 1136 3600 σὶν,
1166 3535 1235 3589 ἐκ
1251 3536 1371 3592 τῶν
1388 3539 1622 3607 νεκρῶν
1639 3555 1653 3570 ⁶
1679 3543 1978 3597 τουτέστιν.

399 3613 644 3683 ἀπαρχὴ.
695 3613 904 3667 Οὐκοῦν
944 3616 1038 3668 καὶ
1083 3617 1303 3682 λοιποὺς
1365 3617 1506 3674 εἶναι
1554 3623 1654 3676 δεῖ.
1725 3627 1834 3678 Καὶ
1881 3627 1982 3685 ὅσα

401 3697 520 3759 πῶς
557 3695 791 3780 ἐνταῦθα
830 3698 981 3751 οὐδὲν
1023 3700 1131 3752 ἀπὸ
1173 3700 1451 3774 λογισμῶν
1494 3705 1740 3776 τίθησιν,
1793 3709 1978 3780 ἐπειδὴ

401 3781 695 3850 προσηνεῖς
716 3775 887 3850 ἦσαν·
925 3782 1237 3852 Κορινθίοις
1261 3785 1318 3837 δὲ
1344 3786 1592 3856 γράφων,
1631 3788 1798 3848 πολλά
1827 3775 1978 3861 πρῶλ

400 3880 493 3916 τον
515 3865 610 3915 καί¹
651 3863 758 3916 ἀπὸ
793 3863 1069 3934 λογισμῶν
1105 3866 1346 3934 ἐκίνησε,
1389 3870 1483 3922 καὶ
1505 3870 1624 3922 τότε
1659 3872 1936 3943 ἐπήγαγεν
1957 3891 1972 3906 ·

405 3947 621 4012 Ἀφρον
633 3945 735 4010 σὺ,
761 3945 792 3998 ὃ
830 3948 1115 4014 σπείρεις,
1142 3949 1213 4003 οὺ
1228 3947 1600 4009 ζωοποιεῖται.
1630 3954 1974 4027 Κυριὼτερον

405 4027 505 4096 μὲν
521 4029 633 4110 γὰρ,
656 4027 836 4092 τοῦτο,
861 4029 974 4081 ἀλλ’
997 4031 1126 4084 ὅταν
1163 4032 1241 4100 τῷ
1263 4033 1437 4104 πιστῷ
1464 4033 1808 4107 διαλέγηται·
1838 4040 1972 4110 πρὸς

397 4109 456 4162 δὲ
483 4111 573 4163 τὸν
611 4109 716 4174 ἔξω
743 4113 902 4164 ποίαν
935 4113 1088 4182 ἰσχὺν
1106 4113 1173 4167 ἂν
1210 4114 1322 4186 ἔχοι
1345 4115 1534 4185 τοῦτο;
1569 4120 1751 4183 Οὕτω,
1785 4109 1968 4191 φησὶν,

398 4194 434 4246 ό
461 4193 625 4259 Θεὸς,
651 4194 752 4246 καί
777 4194 918 4270 τοὺς
947 4196 1340 4265 κοιμηθέντας
1364 4198 1462 4253 διὰ
1483 4200 1590 4255 τοῦ
1618 4202 1814 4270 Ἰησοῦ
1839 4203 1972 4268 ἄξει

397 4275 522 4330 σὺν
565 4275 744 4342 αὐτῷ.
784 4268 988 4352 Πάλξν,
1033 4281 1438 4349 Κοιμηθέντας
1465 4301 1479 4314 ο
1522 4268 1758 4355 οὐδαμοῦ
1797 4287 1966 4355 λέγει,

396 4359 786 4424 ἀποθανόντας.
805 4361 942 4416 Ἀλλ’
983 4362 1074 4415 ἐπὶ
1116 4364 1216 4433 μὲν
1240 4369 1335 4423 τοῦ
1364 4367 1600 4436 Χριστοῦ
1622 4369 1703 4434 τὸ,
1734 4369 1969 4424 Ἀπέθα-

396 4458 525 4506 νεν,
566 4441 784 4514 ἔθηκεν,
825 4445 1010 4516 ἐπειδὴ
1043 4446 1135 4499 καὶ
1192 4447 1254 4501 τὸ
1277 4451 1378 4520 τῆς
1409 4450 1755 4515 ἀναστάσεως
1780 4448 1964 4506 εἶπεν·

397 4523 634 4577 ἐνταῦθα
672 4525 748 4588 δὲ,
807 4527 953 4592 Τοὺς
988 4529 1380 4597 κοιμηθέντας
1417 4531 1516 4587 διὰ
1556 4535 1664 4588 τοῦ
1729 4535 1923 4603 Ἰησοῦ
1950 4554 1964 4567 ·

395 4605 430 4674 ἢ
470 4605 624 4659 τοῦτο
641 4607 835 4676 λέγων,
859 4611 940 4663 ὅτι
963 4613 1030 4681 τῇ
1055 4612 1236 4665 πίστει
1262 4611 1354 4666 τοῦ
1388 4615 1562 4685 Ἰησοῦ
1585 4619 1964 4688 κοιμηθέντας,

397 4686 430 4757 ἢ
454 4689 535 4742 ὅτι
572 4689 658 4744 διὰ
688 4691 779 4743 τοῦ
818 4693 991 4763 Ἰησοῦ
1015 4692 1133 4757 ἄξει
1157 4697 1282 4758 τοὺς
1304 4697 1685 4766 κοιμηθέντας,
1704 4686 1962 4766 τουτέστι,

395 4772 521 4834 τοὺς
588 4774 834 4836 πιστούς.
886 4776 1152 4831 Ἐνταῦθα
1224 4779 1274 4831 οἱ
1342 4780 1608 4856 αἱρετικοί
1663 4800 1824 4850 φασιν
1888 4787 1972 4840 ὅτι

396 4854 522 4919 τοὺς
539 4855 933 4924 βαπτισθέντας
960 4859 1126 4930 λέγει.
1149 4862 1222 4915 Τὸ
1241 4857 1352 4929 οῦν,
1379 4854 1560 4930 Οὕτω,
1588 4865 1690 4918 ποῦ
1721 4867 1967 4936 ἴσταται;

395 4941 424 4992 6
451 4942 560 5010 γὰρ
605 4940 810 5012 Ἰησοῦς
864 4943 963 4996 οὐκ
1011 4946 1276 5017 ἐκοιμήθη
1305 4946 1394 5000 διά
1427 4948 1520 5000 τοῦ
1566 4949 1963 5022 βαπτίσματος.

396 5023 552 5088 Τίνος
580 5024 637 5078 δὲ
663 5023 850 5079 ἕνεκέν
878 5044 1032 5097 φησι,
1072 5029 1217 5094 Τοὺς
1252 5031 1675 5100 κοιμηθέντας;
1704 5034 1869 5088 Ὥστε
1898 5040 1960 5091 οὐ

395 5107 524 5173 περὶ
547 5107 862 5179 καθολικῆς,
887 5109 1023 5164 ἀλλά
1050 5113 1178 5182 περὶ
1206 5115 1438 5184 μερικῆς
1465 5116 1813 5181 ἀναστάσεως
1843 5121 1930 5173 δια
1947 5151 1962 5161 -

395 5186 630 5256 λέγεται.
683 5190 837 5254 Ἀξει
867 5191 1010 5259 τοὺς
1042 5197 1430 5263 κοιμηθέντας
1461 5198 1561 5251 διὰ
1604 5200 1710 5254 τοῦ
1747 5203 1972 5270 Ἰησοῦ,

397 5270 571 5340 φησί’
603 5271 694 5324 καὶ
745 5273 1014 5344 πολλαχοῦ
1059 5275 1200 5330 οὕτω
1230 5277 1399 5346 λέγει.
1456 5281 1639 5335 Τοῦτο
1681 5283 1794 5352 γὰρ
1830 5287 1974 5355 ὑμῖν

395 5353 649 5423 λέγομεν
673 5356 742 5409 ἐν
775 5359 934 5428 λόγω
963 5361 1204 5426 Κυρίου,
1247 5361 1335 5416 ὅτι
1374 5363 1546 5432 ἡμεῖς
1573 5369 1627 5420 οἱ
1670 5353 1881 5437 ζῶντες
1917 5374 1972 5424 οἱ

397 5441 872 5507 περιλειπόμενοι
931 5444 1016 5509 είς
1046 5443 1162 5511 τὴν
1195 5448 1538 5514 παρουσίαν
1575 5451 1683 5506 τοῦ
1726 5456 1968 5523 Κυρίου,

397 5523 469 5574 οὐ
517 5522 597 5607 qh
630 5523 979 5607 φθάσωμεν
1032 5528 1174 5594 τοὺς
1213 5531 1607 5600 κοιμηθέντας
1630 5552 1644 5566 ο
1681 5522 1820 5607 περι
1860 5539 1971 5592 τῶν

399 5605 604 5686 πιστῶν
629 5604 823 5674 λέγων,
854 5609 954 5675 καὶ
988 5613 1042 5665 οί
1067 5613 1451 5681 κοιμηθέντες
1481 5615 1551 5669 ἐν
1576 5604 1808 5686 Χριστῷ
1836 5638 1849 5651 ’
1878 5623 1973 5676 καὶ

397 5683 581 5749 πάλιν,
616 5690 683 5742 Ol
721 5690 921 5758 νεκροί
953 5693 1425 5761 ἀναστήσονται.
1455 5683 1688 5754 Ἔπειτα
1730 5683 1791 5756 οὗ
1841 5704 1973 5776 περὶ

397 5769 747 5858 ἀναστάσεως
771 5773 920 5844 αὐτῷ
943 5777 972 5829 6
999 5777 1155 5846 λόγος
1178 5779 1359 5849 μόνον,
1392 5780 1527 5837 ἀλλά
1556 5785 1652 5837 καὶ
1682 5787 1813 5858 περὶ
1837 5769 1968 5842 ἀνα-

404 5853 643 5918 στάσεως
670 5857 764 5910 καὶ⁵
807 5859 935 5929 περὶ
974 5861 1138 5932 τιμῆς
1166 5863 1265 5934 τῆς
1299 5865 1357 5920 ἐν
1383 5864 1529 5939 δόξῃ.
1598 5853 1970 5954 Ἀναστάσνεως

2099 1288 2205 1362 χει,
2234 1274 2362 1362 έπεὶ
2391 1276 2570 1362 ἐκεῖνο
2590 1278 2811 1348 ᾔδεσαν.
2877 1283 2998 1335 ’Ὁτι
3029 1284 3137 1357 γὰρ
3160 1291 3225 1360 τῇ
3258 1274 3388 1362 τιμῇ
3437 1274 3685 1362 βούλεται

2098 1355 2293 1440 αῦτοὺς
2318 1360 2839 1431 παραμυθήσασθαι,
2871 1367 3073 1434 προϊών
3101 1355 3252 1440 φησι,
3433 1355 3690 1430 πάντοτε

2097 1436 2219 1490 σὺν
2246 1441 2742 1527 Κυρίῳμέσόμεθα·
2768 1447 2885 1510 καὶ,
2913 1436 3407 1522 ὃτιἘνγνεςοέλαις
3423 1457 3690 1527 ἁρπαγη-

2097 1521 2343 1610 σόμεθα.
2377 1523 2500 1610 ῌῶς
2520 1525 2586 1610 ,δὲ
2614 1527 2664 1579 οί
2690 1529 2872 1610 πιστοὶ
2903 1530 2990 1584 διά
3022 1532 3116 1585 τοῦ
3148 1534 3321 1606 Ἰησοῦ
3353 1521 3691 1610 κοιμῶνται-ἓ

2095 1603 2468 1690 Δηλονότιγτὸν
2517 1609 2756 1677 Χριστὸν
2816 1611 3035 1682 ἔχοντες
3079 1617 3138 1670 ὲν
3195 1603 3552 1684 έαυτοῖςίΤὸ
3599 1624 3681 1690 δὲ,

2099 1687 2261 1775 Ἄξει
2298 1689 2423 1775 σὺν
2459 1692 2656 1758 αὐτῷ,
2703 1693 2944 1750 δείκνυσι
2985 1698 3313 1772 πολλαχόθεν
3365 1687 3685 1775 ἀγομένους.

2100 1771 2283 1856 Τοῦτο
2317 1773 2426 1856 γὰρ
2457 1775 2619 1843 ὑμῖν,
2662 1778 2815 1848 φησὶ,
2856 1780 3114 1850 λέγομεν
3144 1771 3213 1838 ἐν
3254 1771 3421 1854 λόγῳ.
3444 1771 3683 1856 Κυρίου.

2094 1851 2254 1906 Ξένον
2275 1872 2329 1907 τι
2364 1855 2557 1924 ἔμελλε
2589 1858 2767 1927 λέγειν
2797 1877 2812 1891 ο
2867 1861 2956 1916 διὰ
2996 1863 3154 1919 τοῦτο
3187 1869 3278 1921 καὶ
3297 1851 3358 1922 τί)
3377 1851 3687 1934 ἀξιόπιστον

2092 1935 2325 2007 τίθησιν.
2371 1939 2467 1992 Ἐν
2499 1941 2663 2012 λόγῳ
2712 1944 2969 2011 Κυρίου,
3024 1948 3197 2016 φησί·
3241 1953 3534 2018 τουτέστιν,
3571 1955 3685 2008 Οὐκ

2093 2019 2188 2088 ἀφ’
2221 2021 2450 2084 ἑαυτῶν,
2483 2023 2618 2076 ἀλλά
2667 2025 2821 2096 παρά
2865 2026 2958 2079 τοῦ
3005 2029 3238 2100 Χριστοῦ
3289 2034 3550 2103 μαθόντες
3592 2036 3681 2089 λέο

2093 2120 2285 2172 γομεν,
2325 2105 2454 2159 ’Ότι
2486 2107 2660 2175 ἡμεῖς
2694 2112 2748 2161 οἱ
2783 2107 2996 2177 ζῶντες
3019 2115 3074 2165 οἱ
3095 2118 3569 2184 περιλειπόμενοι
3595 2124 3685 2184 είς

2091 2186 2208 2270 τὴν
2232 2191 2574 2255 παρουσίαν
2600 2191 2748 2264 [474]
2773 2194 2880 2247 τοῦ
2909 2197 3150 2263 Κυρίου,
3169 2198 3240 2250 οὐ
3258 2197 3343 2267 μὴ
3361 2199 3683 2270 φθάσωμεν

2093 2268 2236 2334 τοὺς
2291 2272 2706 2340 κοιμηθέντας.
2756 2275 2933 2346 Ὅπερ
2982 2280 3042 2330 ὲν
3081 2281 3148 2349 τῇ
3181 2279 3316 2349 πρὸς
3361 2268 3682 2352 Κορινθίους

2094 2353 2280 2421 φησὶν,
2317 2354 2398 2406 ὅτι
2434 2355 2528 2407 Ἐν
2548 2357 2766 2424 ἀτόμῳ,
2785 2358 2855 2410 ἐν
2879 2358 3373 2430 ῥιπῇόεοθαλμοῦ.
3419 2364 3681 2418 Ἐνταῦθα

2090 2435 2150 2487 τὸ
2188 2434 2497 2500 ἀξιόπιστον
2552 2441 2616 2510 τῇ
2647 2441 2938 2495 ἀναστάσει
2961 2454 2987 2481 α
3018 2444 3112 2496 καὶ
3153 2443 3234 2515 τῷ
3284 2446 3469 2518 τρόπῳ
3537 2466 3678 2520 παρ-

2092 2517 2314 2589 έστησε.

2164 2602 2230 2673 β’.
2247 2603 2357 2656 Καὶ
2374 2604 2559 2675 ἐπειδὴ
2585 2606 2645 2658 τὸ
2659 2606 2890 2676 πρᾶγμα
2910 2607 3059 2661 δοκεῖ
3086 2607 3347 2664 δύσκολον
3379 2608 3542 2671 εἶναι.
3575 2612 3682 2666 δεί-

2090 2703 2280 2741 κνυσιν
2307 2686 2469 2749 αὐτὸς
2499 2688 2585 2740 ὅτι
2635 2687 2824 2758 ὥσπερ
2847 2691 2993 2742 ἐστὶν
3042 2690 3264 2744 εὔκολον
3300 2694 3422 2757 τοὺς
3471 2693 3681 2758 ζῶντας

2089 2769 2345 2840 ἀρθῆναι,
2395 2769 2539 2822 οὕτω
2565 2771 2808 2834 καὶτοὺς
2831 2772 3185 2838 ἀπελθόντας.
3221 2776 3293 2830 Τὸ
3328 2776 3404 2842 δὲ,
3457 2778 3680 2848 Ἡμεῖς,

2089 2851 2150 2902 οὐ
2186 2851 2316 2923 περὶ
2350 2852 2543 2906 ἑαυτοῦ
2563 2869 2725 2924 φησιν
2742 2870 2756 2884 ο
2785 2854 2845 2906 οὐ
2874 2855 2984 2927 γάρ
3004 2855 3067 2928 δὴ
3091 2857 3314 2928 ἔμελλεν
3335 2860 3495 2921 αὐτὸς
3518 2861 3680 2933 μέχρι

2088 2934 2188 3004 τῆς
2216 2935 2569 2999 ἀναστάσεως
2589 2935 2790 3006 μένειν,
2817 2937 2956 2992 ἀλλά
2982 2941 3110 3003 τοὺς
3133 2941 3356 3005 πιστοὺς
3385 2941 3550 3009 λέγει.
3581 2943 3682 2996 Διά

2091 3016 2255 3070 τοῦτο
2281 3017 2646 3088 προσέθηκεν,
2661 3022 2726 3072 Ol
2756 3023 3246 3091 περιλειπόμενοι
3265 3026 3353 3090 είς
3385 3024 3501 3092 τὴν
3529 3042 3683 3094 παρ-

2090 3099 2310 3152 ουσίαν
2340 3100 2444 3154 τοῦ
2489 3102 2729 3169 Κυρίου,
2773 3105 2845 3157 οὐ
2899 3103 2984 3173 μὴ
3031 3105 3352 3176 φθάσωμεν
3382 3108 3525 3175 τοὺς
3567 3127 3683 3162 κοι-

2083 3183 2385 3251 μηθέντας
2404 3202 2417 3214 ⁸
2437 3184 2514 3246 ὡς
2540 3184 2605 3237 ἂν
2628 3187 2676 3239 εί
2701 3186 2876 3255 ἔλεγε·
2895 3189 2989 3259 Μὴ
3007 3189 3238 3260 νομίσῃς
3253 3191 3518 3261 ὲργωδίαν
3542 3189 3683 3246 εἶναι

2087 3281 2230 3328 τινα,
2258 3265 2469 3319 ἀκούων
2488 3268 2630 3321 ὅτιοί
2647 3267 2850 3333 ζῶντες
2867 3270 2987 3322 τότε
3013 3273 3138 3335 τοὺς
3167 3271 3534 3338 διαλυθέντας,
3557 3275 3685 3337 τοὺς

2092 3349 2382 3416 σαπέντας,
2414 3351 2541 3414 τοὺς
2571 3353 2741 3425 μυρία
2764 3353 2858 3422 ἐτη
2884 3353 3108 3424 ἔχοντας
3138 3355 3200 3406 οὐ
3237 3355 3311 3427 μὴ
3333 3357 3640 3427 προλάϐωσι
3663 3372 3678 3386 ⁸

2090 3431 2224 3495 Θεός
2248 3434 2437 3487 ἐστινὸ
2453 3435 2646 3489 ποιῶν.
2664 3436 2803 3488 Ἀλλ’
2825 3436 2977 3489 ὥσπε
2985 3457 3016 3507 ρ
3033 3436 3255 3491 εὔκολον
3272 3439 3420 3510 αὐτῷ
3439 3441 3528 3492 ὲκε
3541 3441 3682 3503 ίνους

2085 3516 2214 3579 τοὺς
2243 3517 2689 3587 ἀπηρτισμένους
2721 3520 2970 3586 ἀγαγεῖν,
3001 3519 3144 3572 οὕτω
3165 3521 3259 3574 καὶ
3284 3523 3412 3584 τοὺς
3434 3521 3681 3576 διαλελυ-

2087 3598 2307 3667 μένους.
2350 3599 2489 3652 Ἀλλ’
2519 3601 2624 3653 είσί
2648 3618 2813 3666 τινες,
2840 3601 2890 3654 οἳ
2911 3601 3253 3655 διαπιστοῦσι
3269 3603 3344 3672 τῷ
3368 3606 3678 3675 πράγματι,

2083 3680 2271 3750 ἐπειδὴ
2295 3680 2388 3733 τὸν
2415 3682 2546 3734 Θεὸν
2585 3683 2686 3736 οὐκ
2723 3683 2892 3739 ἴσασι.
2954 3684 3020 3736 Τί
3050 3684 3181 3756 γὰρ,
3213 3686 3334 3737 είπέ
3366 3703 3475 3755 μοι,
3519 3689 3680 3742 εὐκο-

2079 3760 2337 3833 λώτερον,
2360 3766 2422 3817 ὲκ
2453 3765 2546 3817 τοῦ
2580 3766 2655 3835 μὴ
2681 3765 2831 3829 ὄντος
2866 3768 2946 3829 είς
2971 3767 3032 3820 τὸ
3063 3761 3204 3820 εἶναι
3231 3773 3598 3840 παραγαγεῖν,
3641 3771 3677 3843 ἢ

2077 3845 2396 3900 διαλυθέντα
2425 3849 2728 3920 ἀναστῆσαι
2759 3848 2921 3903 πάλιν
2946 3865 2962 3914 ;

2157 3927 2314 3981 Ἀλλά
2327 3929 2379 3982 τί
2395 3947 2578 3999 φασιν;
2597 3930 2654 3982 '0
2667 3931 2837 3996 δεῖνα,
2857 3933 3010 4003 φησὶ,
3027 3933 3287 4002 ναυάγιον
3315 3935 3544 4006 ὑπέστη,
3578 3931 3679 3990 καὶ

2073 4012 2588 4084 κατεποντίσθη,καὶ
2599 4014 2830 4068 πεσόντα
2849 4015 3009 4068 αὐτὸν
3035 4017 3213 4088 ἰχθύες
3233 4019 3476 4082 ἐδέξαντο
3496 4020 3679 4075 πολλοὶ

2073 4095 2291 4148 καὶτῶν
2312 4095 2511 4165 ἰχθύων
2523 4096 2756 4160 ἕκαστος
2772 4098 2929 4168 μέλος
2943 4098 3468 4169 ἓφαγεν.Εἷτάὺτῶν
3479 4105 3541 4175 δὴ
3551 4105 3644 4158 τού
3657 4127 3678 4138 ·

2071 4193 2181 4230 των
2195 4179 2224 4230 6
2244 4177 2343 4248 μὲν
2361 4178 2420 4233 ἐν
2433 4179 2569 4250 τῷδε
2586 4178 2664 4250 τῷ
2679 4181 2885 4253 κόλπῳ,
2904 4183 2932 4235 6
2946 4182 3074 4236 δὲέν
3089 4184 3223 4254 τῷδε
3241 4185 3546 4258 συνελήφθη
3558 4188 3672 4249 ,καὶ

2073 4258 2288 4331 ἐϐρώθη
2308 4261 2399 4329 ὑφ’
2415 4262 2503 4314 ἑτέ
2511 4279 2627 4333 ρου,
2653 4264 2748 4315 καὶ
2762 4260 2917 4328 οὗτος
2940 4266 3044 4318 ὑπὸ
3061 4267 3243 4320 ἄλλου.
3270 4268 3378 4320 Καὶ
3399 4267 3544 4324 οὗτοι
3568 4272 3673 4325 πά-

2072 4341 2156 4394 λιν
2187 4345 2244 4394 ὲν
2261 4343 2444 4408 ἄλλοις
2465 4347 2689 4416 χωρίοις
2708 4347 2980 4402 ἀπέθανον
3003 4349 3052 4401 οΞ
3071 4350 3198 4413 τοὺς
3232 4349 3383 4420 ἰχθῦς
3403 4352 3672 4420 φαγόντες

2070 4425 2196 4489 τοὺς
2210 4425 2301 4477 τὸν
2327 4425 2500 4498 ἄνδρα
2527 4430 2970 4497 καταφαγόντας,
2999 4431 3092 4483 καὶ
3112 4431 3267 4484 αὐτοὶ
3298 4432 3427 4496 ἴσως
3449 4433 3554 4485 ὑπὸ
3573 4435 3671 4504 οη-

2071 4507 2223 4579 ρίων.
2245 4509 2525 4581 Τοσαύτης
2550 4510 2606 4563 δὲ
2633 4513 2734 4579 τῆς
2762 4512 3073 4582 συγχύσεως
3103 4513 3402 4586 γενομένης
3429 4517 3529 4570 καὶ
3554 4517 3670 4571 δια-

2071 4592 2587 4661 σπορᾶς,πῶςπάλιν
2599 4594 2961 4665 ἀναστήσεται
2974 4597 3002 4648 6
3013 4595 3258 4666 ἀνήρ;τίς
3271 4597 3402 4652 ότὸν
3413 4599 3540 4669 χοῦν
3554 4617 3671 4656 συν-

2071 4673 2251 4741 άγων;
2282 4674 2382 4728 Διά
2417 4675 2470 4727 τί
2501 4675 2606 4746 γὰρ
2633 4676 2793 4730 τοῦτο
2827 4677 3029 4746 λέγεις,
3071 4678 3349 4750 ἄνθρωπε,
3374 4683 3469 4734 καὶ
3497 4684 3670 4754 ὁρμα-

2076 4755 2203 4820 θοὺς
2231 4757 2413 4827 λήρων
2442 4759 2710 4828 ὑφαίνεις,
2735 4761 2832 4813 καὶ
2850 4760 2926 4824 ὡς
2946 4761 3150 4830 ἄπορον
3179 4762 3378 4830 τιθεῖς;
3403 4765 3540 4818 Εἰπὲ
3560 4767 3668 4837 γάρ

2079 4856 2190 4909 μοι,
2229 4839 2296 4893 ἂν
2337 4840 2412 4911 μὴ
2444 4844 2522 4904 είς
2547 4841 2816 4896 θάλατταν
2837 4844 3144 4915 καταπέσῃ,
3173 4845 3240 4898 ἂν
3269 4845 3377 4914 γὰρ
3409 4846 3483 4917 μὴ
3517 4848 3669 4917 ἰχθὺς

2074 4923 2244 4997 φάγῃ,
2279 4925 2414 4994 μηδὲ
2433 4926 2615 4998 βρωθῇ
2656 4927 2820 4980 πάλιν
2846 4929 2875 4982 6
2908 4927 3057 4998 ἰχθὺς
3089 4929 3192 4982 ὑπὸ
3220 4930 3432 4999 μυρίων
3451 4931 3665 5001 ἀνθρὼ-

2071 5025 2212 5072 πων,
2247 5008 2382 5061 me;
2438 5009 2723 5080 κηδευθεὶς
2768 5013 2826 5065 έν
2883 5011 3117 5083 λάρνακι
3147 5013 3177 5064 6
3207 5013 3348 5085 ἀνὴρ
3387 5013 3540 5083 τεθῇ,
3567 5017 3666 5069 καὶ

2071 5092 2210 5162 μήτε
2251 5091 2552 5163 σκώληκες,
2593 5095 2730 5166 μήτε
2764 5095 2893 5149 ἄλλο
2931 5113 2984 5148 τι
3013 5096 3354 5167 διενοχλήσῃ,
3388 5096 3505 5159 πῶς
3531 5097 3663 5150 ἀνα-

2077 5176 2336 5244 στήσεται
2356 5176 2416 5229 τὺ
2439 5177 2690 5230 διαλυθέν
2719 5195 2734 5244 ;
2768 5179 2883 5241 πῶς
2907 5180 2939 5249 ἡ
2964 5179 3112 5241 κόνις
3136 5180 3232 5232 καὶ
3259 5181 3293 5249 ἡ
3320 5179 3496 5250 τέφρα
3528 5197 3660 5248 συγ-

2075 5258 2468 5329 κολληθήσεται
2495 5305 2509 5328 ,
2559 5261 2723 5314 πόθεν
2746 5262 2804 5314 τὸ
2842 5261 3002 5325 ἀνθος
3036 5261 3224 5316 λοιπὸν
3254 5263 3407 5317 ἔσται
3429 5264 3523 5317 τοῦ
3550 5264 3657 5316 σώ-

2079 5358 2280 5408 ματος;
2308 5342 2466 5395 τοῦτο
2494 5343 2552 5396 δὲ
2589 5344 2689 5397 οὐκ
2721 5345 2926 5416 ἄπορον
2954 5363 2968 5412 ;
3007 5349 3105 5400 Ἂν
3136 5346 3236 5416 μὲν
3268 5339 3362 5399 οῦν
3394 5347 3656 5414 Ἕλληνες

2074 5413 2208 5473 ὦσιν
2254 5423 2301 5474 οἱ
2349 5421 2524 5477 ταῦτα
2577 5413 2978 5496 διαποροῦντες,
3034 5427 3170 5498 πρὸς
3234 5426 3432 5489 αὐτοὺς
3482 5427 3653 5498 μυρία

2073 5498 2326 5570 ἐροῦμεν.
2402 5500 2469 5552 Τί
2530 5501 2763 5573 δήποτε;
2836 5505 2943 5558 εἰσὶ
2987 5505 3093 5576 γὰρ
3157 5506 3286 5576 παρ’
3352 5504 3535 5569 αὐτοῖς
3600 5508 3652 5560 οἱ

2074 5580 2171 5644 τὰς
2220 5582 2396 5653 ψυχὰς
2449 5585 2543 5639 καὶ
2574 5587 2654 5650 είς
2689 5587 2832 5656 φυτὰ
2872 5589 2966 5640 καὶ
3025 5589 3106 5652 εἰς
3133 5587 3370 5658 θάμνους
3417 5583 3650 5657 ’ἄγοντες

2075 5665 2168 5716 καὶ
2196 5667 2274 5728 είς
2297 5665 2462 5729 κύνας
2488 5684 2500 5696 ·
2542 5670 2666 5722 εἰπέ
2702 5688 2814 5739 μοι,
2861 5669 2914 5722 τί
2951 5670 3337 5742 εὐκολώτερον,
3364 5671 3423 5726 τὸ
3444 5672 3647 5726 οἰκεῖον

2133 5881 2165 5914 ³
2201 5884 2348 5936 Forte
2372 5888 2644 5951 legendum
2670 5897 2752 5949 τῆς
2782 5892 3102 5948 ἀναστάσεως.
