4114 6396
362 376 463 429 ιδτ

363 504 433 542 υη
447 488 639 542 dcnam
664 483 767 539 erit
790 482 889 537 nos
914 490 970 536 et
990 480 1141 549 vigor
1165 474 1450 545 corporis?
1478 473 1578 527 hoc
1614 479 1791 526 autem
1830 482 1939 523 non

362 588 448 634 cst
476 572 895 646 inexplicabile?
922 572 978 627 Si
1009 572 1118 626 sint
1154 568 1369 638 quidem
1399 565 1568 621 (ἔτωεί
1606 563 1696 633 qui
1742 561 1810 617 de
1859 558 1942 613 his

360 671 652 733 dubitant,
701 668 781 723 eis
827 665 1069 720 dicemus
1116 657 1547 716 innumerabilia.
1579 653 1716 723 Quid
1747 652 1941 708 enim?

359 774 485 821 sunt
504 763 648 817 enim
669 759 810 831 apud
835 759 980 827 ipsos
999 756 1087 828 qui
1113 754 1318 810 animas
1337 751 1404 807 ad
1427 750 1632 821 plantas
1646 746 1935 809 deducunt,

358 856 426 912 ad
456 854 676 910 frutices
701 861 756 907 et
797 865 1019 907 cancs-z
1060 848 1153 903 dic
1200 845 1348 911 mihi,
1403 842 1532 914 quid
1580 850 1665 897 est
1705 839 1937 903 facilius,

356 964 515 1004 suum
556 960 751 1016 corpus
794 942 1059 1013 accipere,
1091 954 1160 994 an
1207 934 1476 993 alienum?
1514 932 1617 989 Alii
1646 946 1831 986 rursus
1858 928 1941 983 di-

357 1049 487 1096 cunt
526 1039 595 1093 ab
645 1036 766 1107 igne
794 1033 1061 1095 consumi,
1090 1030 1425 1098 vestiumque
1452 1035 1508 1081 et
1548 1024 1850 1080 calceorum
1884 1021 1939 1074 in

358 1133 629 1201 integrum
657 1127 773 1182 ﬁeri
804 1124 1220 1186 restitutionem,
1247 1128 1303 1175 et
1345 1133 1451 1173 non
1481 1115 1772 1172 irridentur
1798 1130 1813 1168 :
1845 1110 1938 1166 alii

356 1223 619 1278 inducunt
646 1229 877 1274 atomos.
910 1215 1018 1271 Sed
1048 1214 1306 1268 adversus
1333 1211 1451 1264 illos
1481 1208 1622 1263 nulla
1666 1215 1750 1261 est
1780 1203 1937 1259 nobis

354 1315 646 1386 disputatio
670 1331 683 1367 :
710 1312 957 1368 ﬁdelibus
985 1319 1185 1374 autem,
1210 1307 1253 1362 si
1278 1305 1460 1360 ﬁdeles
1485 1311 1608 1357 sunt
1632 1296 1934 1370 appellandi

355 1408 446 1479 qui
490 1407 839 1473 interrogent,
883 1401 1124 1457 dicemus
1152 1409 1327 1452 tamen
1360 1394 1487 1450 illud
1531 1390 1932 1463 apostolicum:

354 1500 541 1554 Omnis
567 1497 671 1551 vita
697 1511 729 1550 a
755 1492 1098 1562 corruptione
1124 1499 1179 1544 et
1200 1487 1417 1543 interitu
1440 1484 1677 1539 nascitur
1704 1483 1724 1542 (
1736 1483 1782 1536 ι.
1810 1479 1933 1535 Cor.

355 1594 442 1648 15.
473 1586 588 1661 56),
634 1602 825 1643 omnes
851 1586 1067 1658 plantae,
1118 1582 1299 1640 omnia
1350 1580 1574 1635 semina.
1624 1575 1741 1631 Non
1784 1572 1936 1628 vides

352 1694 609 1754 quantum
635 1692 882 1736 truncum
910 1678 1103 1733 habeat
1130 1674 1374 1736 ﬁculnea,
1394 1678 1522 1741 quot
1546 1668 1776 1739 stipites,
1804 1671 1936 1735 quot

352 1776 500 1842 folia,
532 1781 662 1844 quot
689 1785 890 1834 ramos,
917 1777 1049 1839 quot
1072 1764 1311 1831 frondes,
1340 1773 1468 1833 quot
1496 1759 1705 1816 radices
1728 1767 1930 1812 tantum

352 1859 877 1938 spatii'occupantes
924 1870 980 1917 et
1026 1874 1085 1915 se
1134 1854 1509 1914 insinuantes?
1551 1853 1668 1923 Ipsa
1699 1866 1819 1921 qum
1848 1858 1932 1905 est

350 1972 495 2017 tanta
525 1972 581 2017 et
609 1962 729 2017 talis
769 1976 836 2016 ex
866 1958 957 2013 illo
988 1956 1227 2012 nascitur
1255 1966 1443 2022 grano,
1475 1947 1616 2019 quod
1649 1946 1747 2001 fuit
1785 1943 1933 2013 deje—

352 2068 518 2122 ctum,
553 2054 831 2124 ipsumque
875 2052 1049 2123 primo
1091 2055 1407 2116 corruptum
1441 2042 1645 2098 interiit
1683 2057 1697 2093 :
1744 2047 1799 2093 et
1828 2036 1931 2092 nisi

351 2148 508 2201 fuerit
538 2145 892 2215 putrefactum
942 2153 997 2198 et
1042 2140 1383 2203 dissolutum,
1414 2151 1477 2191 ex
1514 2134 1598 2189 his
1640 2131 1772 2187 nihil
1804 2132 1927 2187 erit.

351 2239 446 2292 Dic
476 2238 602 2291 mihi
634 2237 771 2291 unde
802 2236 903 2289 hoc
932 2234 1028 2289 ﬁt?
1080 2233 1194 2303 Ipsa
1224 2244 1438 2302 quoque
1467 2227 1609 2293 vitis,
1639 2241 1759 2296 qua:
1785 2232 1840 2280 et
1861 2222 1929 2278 ad

350 2330 637 2384 videndum
669 2340 721 2384 et
760 2328 825 2382 ad
856 2327 1136 2382 fruendum
1165 2336 1271 2379 tam
1307 2330 1391 2379 est
1420 2320 1662 2392 pulchra,
1693 2317 1929 2374 nascitur

347 2437 415 2477 ex
443 2423 534 2476 illo
563 2433 667 2476 tam
698 2421 925 2476 deformi
946 2419 1119 2473 acino.
1146 2416 1282 2486 Quid
1312 2431 1459 2480 vero,
1482 2414 1798 2483 dic,qu:cso,
1828 2426 1928 2464 an-

348 2532 454 2570 non
488 2526 571 2572 est
609 2532 743 2586 aqua
796 2514 928 2569 illud
970 2529 1129 2568 unum
1178 2510 1320 2581 quod
1351 2508 1593 2565 defertur
1617 2522 1646 2559 a
1677 2502 1929 2575 superis?

344 2607 617 2677 quomodo
664 2617 840 2661 autem
886 2607 939 2660 in
970 2614 1075 2659 tam
1116 2603 1281 2658 multa
1312 2600 1586 2656 mutatur?
1635 2597 1749 2652 Hoc
1782 2596 1925 2651 enim

347 2709 431 2752 est
480 2698 849 2752 admirabilius
904 2695 1317 2751 resurrectione.
1371 2691 1504 2747 Nam
1555 2690 1663 2744 illic
1710 2688 1923 2759 quidem

345 2793 488 2848 idem
520 2793 813 2861 subjectum
836 2800 918 2846 est
950 2804 1132 2845 semen
1163 2796 1218 2843 et
1239 2785 1424 2842 eadem
1442 2784 1714 2854 planta,et
1732 2796 1923 2852 magna

346 2896 429 2941 est
458 2886 743 2956 cognatio:
773 2884 859 2938 hic
900 2892 1099 2947 autem,
1131 2881 1219 2937 dic
1264 2879 1426 2944 mihi,
1467 2875 1738 2947 quomodo
1768 2888 1926 2928 unam

349 2976 551 3030 habens
600 2976 907 3045 qualitatem
940 2984 993 3029 et
1025 2988 1182 3027 unam
1229 2980 1497 3035 naturam,
1528 2968 1581 3022 in
1614 2976 1720 3021 tam
1764 2965 1927 3019 multa

346 3068 606 3122 Vertitur?
638 3066 692 3121 In
742 3068 894 3122 vinea
929 3066 985 3120 ﬁt
1014 3066 1217 3129 vinum,
1251 3078 1355 3117 non
1396 3061 1569 3116 solum
1599 3059 1801 3119 vinum,
1832 3054 1926 3111 sed

347 3170 401 3212 et
432 3159 551 3213 folia
582 3168 637 3213 et
665 3173 857 3213 succus
883 3175 898 3211 ε
926 3157 1124 3212 etenim
1164 3170 1268 3210 non
1301 3154 1475 3209 solum
1520 3153 1727 3211 botrus.
1751 3149 1844 3204 sed
1874 3157 1926 3203 et

347 3253 489 3323 quod
519 3253 779 3323 reliquum
821 3261 905 3307 est
945 3251 1133 3317 vineas,
1173 3249 1226 3304 in
1259 3249 1371 3318 ipsa
1400 3246 1561 3301 alitur
1590 3261 1605 3299 ξ
1637 3257 1823 3299 rursus
1874 3242 1927 3295 in

348 3350 467 3404 olea
497 3348 697 3411 oleum,
729 3356 784 3401 et
812 3358 1160 3416 quaecumque
1205 3351 1330 3397 sunt
1372 3340 1495 3393 alia.
1542 3338 1609 3393 Et
1648 3335 1790 3407 quod
1843 3344 1927 3388 est

351 3441 617 3506 mirabile,
648 3438 733 3493 hic
759 3436 1056 3502 humidum,
1088 3434 1197 3488 illic
1220 3434 1458 3496 siceum;
1487 3429 1573 3483 hic
1612 3428 1786 3491 dulce,
1818 3426 1929 3479 illic

353 3549 505 3597 acre;
555 3532 662 3587 illic
706 3530 956 3586 acerbum
1003 3538 1058 3584 et
1102 3527 1459 3596 adstringens,
1510 3522 1634 3578 alibi
1665 3536 1926 3576 amarum.

350 3629 649 3698 Quomodo,
688 3628 797 3689 dic,
831 3641 1036 3696 quasso,
1084 3621 1315 3677 vertitur
1357 3621 1409 3675 in
1458 3628 1565 3673 tam
1615 3615 1817 3671 multa?
1843 3613 1931 3669 dic

354 3724 612 3778 rationem
643 3719 775 3775 :sed
802 3735 908 3773 non
939 3716 1161 3787 poteris.
1191 3715 1247 3769 In
1278 3715 1449 3781 teipso
1476 3719 1652 3765 autem
1665 3707 1932 3777 cid,qu:n—

352 3832 411 3870 so
438 3832 452 3881 ;
481 3826 563 3868 est
610 3815 750 3869 enim
794 3811 900 3867 hoc
942 3809 1193 3883 propius;
1242 3822 1424 3862 semen
1477 3803 1619 3875 quod
1662 3800 1929 3871 dejicitur,

352 3908 619 3979 quomodo
649 3907 699 3961 in
734 3905 939 3968 oculos,
967 3901 1235 3975 quomodo
1266 3901 1316 3955 in
1348 3914 1529 3965 aures,
1553 3898 1604 3950 in
1639 3910 1848 3959 manus,
1877 3894 1928 3946 in

352 4019 464 4062 cor,
496 3999 765 4070 quomodo
795 3999 846 4053 in
880 4008 985 4052 tam
1017 3996 1185 4050 multa
1214 3992 1565 4049 concinnatur
1595 4000 1651 4044 et
1675 3988 1930 4042 eiforma-

356 4096 484 4150 tur?
516 4098 708 4149 Annon
756 4095 808 4147 in
861 4104 1090 4161 corpore
1133 4083 1553 4143 innumerabiles
1601 4091 1725 4136 sunt
1774 4078 1937 4141 diﬁ'og

352 4190 560 4252 rentite,
612 4189 939 4258 ﬁgurarum,
982 4180 1426 4252 magnitudinum,
1476 4175 1813 4247 qualitatum,
1861 4172 1934 4226 si-

355 4291 522 4345 tuum,
547 4279 875 4341 facultatum,
904 4288 1247 4329 numerorum
1274 4279 1328 4326 et
1349 4264 1782 4324 harmoniarum?
1802 4280 1936 4333 quo-

354 4370 513 4424 modo
545 4371 712 4432 nervi,
737 4384 905 4432 venae,
925 4380 1134 4428 carnes,
1155 4377 1302 4429 ossa,
1327 4359 1675 4422 membranze,
1698 4357 1933 4421 arterire,

354 4464 584 4528 articuli,
615 4461 974 4531 cartilagincs,
1004 4468 1061 4511 et
1088 4468 1437 4526 quaecumque
1466 4462 1591 4508 sunt
1632 4450 1714 4504 his
1759 4448 1932 4519 plura,

353 4557 422 4609 de
447 4556 640 4626 quibus
685 4553 877 4609 medici
917 4559 1102 4606 exacte
1129 4556 1186 4603 et
1210 4557 1457 4603 accurate
1492 4545 1784 4607 disserunt,
1813 4558 1935 4612 quae

358 4660 593 4701 nostram
633 4646 911 4699 continent
955 4650 1221 4700 naturam.
1246 4653 1417 4709 eaque
1443 4637 1513 4690 ab
1538 4652 1645 4690 uno
1692 4634 1936 4689 semine?

357 4742 549 4795 Annon
578 4738 678 4791 hoc
704 4735 915 4790 videtur
940 4733 1035 4787 tibi
1061 4747 1181 4787 esse
1202 4730 1369 4785 multo
1391 4728 1697 4799 perplexius
1712 4736 1764 4781 et
1788 4727 1939 4780 inex-

357 4830 678 4903 plicabilius,
729 4823 998 4897 quomodo
1042 4821 1185 4894 quod
1234 4830 1315 4877 est
1345 4816 1624 4874 humidum
1671 4827 1726 4872 et
1774 4816 1939 4873 molle

358 4924 657 4979 concrescit
686 4919 736 4973 in
766 4933 827 4974 os
852 4918 1043 4973 durum
1071 4925 1128 4974 et
1156 4913 1441 4984 frigidum?
1467 4910 1739 4983 quomodo
1764 4910 1815 4964 in
1842 4924 1935 4965 ca-

360 5014 523 5068 lidum
553 5021 607 5065 ct
637 5009 933 5072 humidum,
969 5021 1161 5075 nempe
1188 5004 1499 5074 sanguinem
1531 5000 1775 5056 unitum?
1799 5016 1935 5069 quo-

361 5107 523 5161 modo
544 5106 597 5159 in
624 5103 869 5174 frigidum
894 5110 948 5156 et
967 5099 1149 5163 molle,
1174 5112 1366 5165 nempe
1392 5095 1653 5152 nervum?
1673 5094 1940 5164 quomodo

363 5198 414 5250 in
441 5194 685 5265 frigidum
711 5202 765 5247 et
792 5190 1085 5254 humidum,
1115 5204 1307 5257 nempe
1335 5185 1632 5241 arteriam?
1661 5183 1940 5252 Quomodo

361 5287 429 5343 dc
458 5287 560 5349 his,
605 5299 809 5355 quaeso,
838 5298 943 5336 non
970 5280 1218 5335 dubitas?
1243 5278 1357 5333 Non
1404 5278 1554 5333 vides
1583 5276 1821 5347 quotidie
1857 5290 1942 5329 re-

363 5377 749 5434 surrectionem
778 5382 833 5429 et
872 5381 1100 5427 mortem
1127 5369 1241 5425 ﬁeri
1287 5370 1337 5423 in
1368 5368 1639 5424 aetatibus?
1675 5382 1782 5438 quo
1812 5367 1943 5422 abiit

362 5470 655 5541 juventus?
700 5467 965 5522 undenam
1012 5464 1162 5519 venit
1204 5461 1496 5517 senectus?
1544 5460 1815 5532 quomodo
1851 5460 1943 5530 qui

366 5562 665 5625 consenuit,
687 5559 919 5629 seipsum
944 5555 1160 5627 quidem
1190 5570 1294 5609 non
1326 5562 1504 5625 potest
1521 5553 1777 5623 juvenem
1801 5552 1945 5607 face-

368 5674 449 5723 re,
484 5657 739 5709 infantem
789 5661 966 5707 autem
1016 5658 1262 5719 procreat
1304 5648 1532 5702 maxime
1570 5647 1847 5718 juvenem,
1890 5655 1947 5702 et

370 5749 507 5820 quod
536 5748 632 5800 sibi
659 5744 899 5816 praebere
926 5757 1032 5795 non
1064 5749 1258 5811 potest,
1290 5740 1487 5808 prtebet
1513 5738 1710 5793 alteri?

439 5839 492 5896 5.
535 5839 645 5896 Hoc
682 5837 805 5891 licet
833 5832 1012 5888 videre
1042 5839 1097 5887 et
1127 5832 1177 5885 in
1207 5830 1507 5901 arboribus,
1536 5840 1587 5887 et
1616 5830 1671 5886 in
1707 5828 1946 5885 animau-

674 5958 942 6019 Ρηιιοι.
990 5955 1107 6019 Gn.
1157 5960 1348 6029 LXII.

1113 364 1116 369 ’
1177 363 1244 420 ΙΝ
1283 360 1492 419 EPIST.
1530 357 1571 415 l.
1615 358 1706 415 AD
1743 354 2072 413 THESSAL.
2110 355 2267 411 CAP.
2310 354 2399 411 IV.
2444 355 2673 412 IIOMIL.
2716 354 2828 411 VII.

3537 359 3638 414 εδδ

2048 468 2209 523 tibus.
2237 469 2567 539 Quamquam
2598 469 2738 540 quod
2770 470 2970 540 praabct
3008 470 3184 540 alteri,
3214 468 3314 523 sibi
3356 469 3500 539 prius
3538 470 3635 523 tle-

2050 560 2139 614 bet
2187 561 2498 629 praebuisse.
2551 561 2655 616 Sed
2715 562 2814 616 hoc
2866 562 3099 631 postulat
3154 562 3383 617 humana
3435 563 3572 615 ratio
3616 575 3631 614 :

2047 650 2260 721 quando
2282 664 2460 708 autem
2490 654 2629 708 Deus
2649 662 2732 708 est
2759 654 2955 724 opifex,
2986 652 3178 708 cedant
3206 653 3403 707 omnia.
3434 652 3489 707 Si
3519 656 3635 705 hare

2045 753 2170 801 sunt
2199 745 2333 801 adeo
2358 746 2765 816 inexplicabilia,
2792 755 2845 800 et
2871 760 3078 801 summe
3102 744 3513 814 inexplicabilia,
3538 758 3633 799 ve-

2046 836 2125 890 nit
2152 837 2282 892 mihi
2317 837 2369 893 in
2401 848 2632 894 mentem
2655 854 2842 894 eorum
2867 839 2956 909 qui
2988 838 3276 903 insaniunt,
3301 846 3354 892 et
3375 835 3443 891 de
3464 836 3633 892 incor-

2045 943 2207 999 porea
2254 930 2373 986 Filii
2421 933 2767 1003 generatione
2817 934 3029 989 curiose
3076 934 3364 1003 inquirunt.
3410 932 3481 987 Ea
3509 947 3631 1002 qua

2043 1019 2279 1087 quotidie
2311 1022 2463 1089 ﬁunt,
2496 1032 2550 1078 et
2576 1023 2813 1094 subjecta
2846 1034 2970 1079 sunt
2999 1025 3265 1090 manibus,
3305 1024 3466 1079 etiam
3504 1024 3629 1078 mil-

2043 1109 2141 1164 lies
2165 1112 2387 1182 quaesita
2416 1128 2574 1168 nemo
2594 1130 2843 1186 umquam
2866 1116 3035 1187 potuit
3064 1115 3323 1171 invenire.
3350 1115 3630 1184 Quomodo

2041 1216 2172 1274 ergo
2194 1204 2264 1261 de
2290 1205 2375 1261 illa
2407 1207 2655 1264 ineﬂ‘abili
2681 1218 2735 1264 et
2760 1209 3117 1279 inexplicabili
3146 1210 3634 1280 generatione,dic,

2041 1307 2244 1363 qumso,
2291 1298 2501 1354 curiose
2546 1300 2854 1371 inquirunt?
2895 1316 3072 1355 annon
3119 1311 3202 1357 est
3229 1301 3437 1356 defessa
3476 1315 3630 1356 mens

2040 1403 2225 1445 eorum
2252 1392 2342 1462 qui
2374 1393 2496 1448 talia
2523 1395 2750 1449 scrutari
2795 1394 3033 1449 audent?
3071 1410 3247 1449 annon
3276 1404 3358 1449 est
3398 1393 3450 1448 in
3480 1393 3631 1449 mille

2038 1497 2296 1540 conversa
2326 1487 2656 1557 vertigines?
2691 1502 2867 1542 annon
2908 1488 3067 1559 plane
3109 1486 3276 1543 lueret
3314 1495 3370 1542 et
3410 1485 3630 1555 stupet?

2040 1575 2106 1630 Et
2137 1586 2314 1633 tamen
2345 1593 2413 1633 ne
2439 1580 2517 1634 sic
2543 1580 2757 1650 quidem
2787 1580 3135 1650 castigantur.
3161 1579 3296 1635 Cum
3326 1579 3395 1635 de
3426 1580 3543 1635 uvis
3572 1590 3630 1635 et

2039 1666 2244 1723 ﬁcubus
2281 1683 2348 1724 ne
2376 1669 2580 1737 possint
2605 1670 2817 1734 quidem
2844 1671 3043 1737 dicere,
3071 1671 3139 1727 dc
3173 1670 3285 1726 Deo
3309 1672 3518 1726 curiose
3543 1670 3628 1725 in-

2038 1762 2320 1829 vestigant.
2346 1761 2499 1830 Nam,
2514 1761 2604 1819 die
2618 1761 3050 1834 mihi,quomodo
3070 1764 3254 1819 acinus
3285 1763 3372 1818 illc
3401 1762 3627 1819 resolvi-

2038 1861 2126 1907 tur
2153 1854 2205 1908 in
2235 1853 2360 1909 folia
2403 1862 2461 1910 et
2505 1854 2759 1925 stipites?
2787 1855 3056 1926 quomodo
3104 1856 3158 1911 in
3210 1870 3277 1912 eo
3316 1864 3472 1911 antea
3517 1870 3627 1911 non

2036 1955 2313 2002 erantnec
2347 1947 2750 2003 cernebantur?
2789 1950 2859 2002 At
2885 1964 2990 2002 non
3021 1957 3124 2014 est,
3152 1947 3341 2018 inquit,
3373 1946 3475 2003 hoc
3513 1949 3629 2003 aci-

2039 2055 2160 2103 nus,
2190 2040 2284 2095 sed
2315 2049 2482 2097 totum
2501 2048 2585 2097 est
2605 2049 2782 2095 terrae.
2810 2040 2881 2094 Et
2905 2039 3175 2110 quomodo
3199 2039 3401 2109 absque
3426 2055 3491 2096 eo
3512 2039 3627 2109 ipsa

2034 2150 2103 2189 ex
2129 2150 2187 2189 se
2214 2134 2348 2189 nihil
2392 2134 2530 2189 fert?
2569 2133 2675 2191 Sed
2706 2149 2773 2188 ne
2798 2132 3159 2202 desipiamus;
3192 2146 3291 2187 nec
3330 2142 3487 2187 terra:
3528 2146 3628 2187 nec

2035 2228 2183 2297 grani
2211 2237 2294 2281 est
2317 2226 2462 2298 quod
2492 2224 2571 2291 ﬁt,
2603 2224 2702 2280 sed
2731 2225 2848 2295 ejus
2873 2226 2963 2294 qui
2992 2232 3077 2279 est
3104 2224 3359 2279 Dominus
3386 2234 3437 2279 ct
3468 2231 3626 2279 terra:

2035 2327 2089 2373 et
2114 2318 2401 2373 seminum.
2435 2318 2723 2387 Propterea
2742 2323 2798 2370 et
2824 2315 3024 2385 absque
3048 2313 3131 2369 his
3158 2323 3361 2371 etcum
3393 2329 3475 2369 ms
3499 2314 3627 2370 fecit

2035 2418 2095 2463 ut
2123 2409 2236 2466 hmo
2276 2409 2642 2480 gignerentur,
2672 2409 2865 2478 partim
2901 2406 3116 2477 quidem
3156 2421 3307 2461 suam
3336 2405 3626 2462 ostendens

2036 2503 2348 2571 potentiam,
2392 2500 2606 2573 quando
2646 2500 2887 2564 dicebat,
2932 2498 3193 2554 Producat
3234 2506 3370 2551 terra
3420 2498 3626 2553 herbam

2036 2592 2157 2664 {mni
2190 2592 2342 2665 (Gen.
2371 2595 2425 2648 1.
2460 2593 2591 2660 ll);
2624 2591 2817 2662 partim
2847 2599 3025 2645 autem
3063 2605 3184 2648 cum
3215 2605 3280 2645 eo
3306 2589 3447 2659 quod
3472 2605 3625 2645 suam

2034 2685 2268 2739 ostendit
2314 2684 2627 2754 potentiam,
2673 2698 2771 2737 nos
2818 2696 3029 2753 quoque
3074 2681 3328 2737 erudiens
3367 2689 3422 2735 ut
3456 2680 3625 2736 simus

2037 2775 2287 2831 laboriosi
2310 2783 2365 2831 et
2391 2775 2635 2830 lubenter
2658 2789 2963 2844 operemur.
2986 2772 3095 2828 Cur
3119 2781 3296 2827 autem
3327 2772 3441 2826 hmo
3466 2786 3496 2825 a
3526 2788 3621 2826 no-

2035 2868 2117 2922 bis
2145 2868 2285 2923 dicta
2314 2867 2477 2923 sunt?
2504 2867 2619 2922 Non
2651 2867 2747 2922 abs
2777 2881 2868 2929 re;
2906 2864 3000 2920 sed
3031 2873 3088 2919 ut
3115 2873 3168 2919 et
3212 2863 3493 2922 credamus
3530 2879 3623 2919 re-

2034 2959 2420 3014 surrectionem
2454 2977 2467 3013 :
2495 2967 2551 3014 et
2573 2957 2788 3028 quando
2822 2955 3023 3025 aliquid
3058 2955 3298 3010 volentes
3328 2954 3623 3009 rationibus

2032 3051 2513 3121 comprehendere,
2545 3051 2589 3105 si
2621 3066 2729 3105 non
2752 3049 3035 3119 possimus,
3071 3062 3174 3102 non
3196 3062 3338 3117 :cgre
3363 3045 3621 3113 feramus,

2043 3166 2218 3222 neque
2256 3164 2698 3215 succenseamus,
2751 3147 2846 3204 sed
2890 3147 3278 3218 cogitationem
3326 3143 3620 3215 prudenter

2039 3252 2367 3307 avertentes,
2419 3250 2473 3295 et
2528 3241 2906 3309 reprimentes,
2966 3240 3032 3294 ad
3084 3239 3189 3293 hoc
3214 3237 3617 3308 confugiamus,

2042 3334 2189 3403 quod
2220 3330 2357 3387 nihil
2403 3332 2475 3387 sit
2504 3330 2648 3401 quod
2681 3329 2826 3386 Deus
2850 3344 2959 3384 non
2998 3328 3173 3399 possit
3219 3337 3273 3384 et
3316 3344 3424 3383 non
3461 3327 3620 3384 facile

2043 3423 2228 3479 faciat.
2263 3422 2389 3478 Haec
2414 3438 2545 3492 ergo
2569 3436 2694 3476 cum
2718 3423 2981 3485 sciamus,
3014 3420 3370 3490 cogitationes
3399 3428 3619 3474 nostras

2043 3515 2402 3580 refrenemus,
2432 3528 2608 3583 neque
2634 3511 2899 3567 terminos
2925 3510 3407 3582 transgrediamur,
3420 3519 3475 3564 et
3501 3526 3623 3566 mo-

2044 3612 2145 3666 dos
2170 3608 2496 3679 cognitionis
2519 3608 2675 3663 nobis
2697 3609 2871 3663 datos.
2902 3606 3037 3661 Nam
3061 3606 3279 3678 Siquis,
3306 3606 3502 3675 inquit,
3520 3623 3624 3677 pu-

2048 3711 2126 3756 tat
2164 3718 2216 3754 se
2232 3701 2366 3754 scire
2394 3699 2616 3768 aliquid,
2635 3699 2867 3753 nondum
2884 3698 3173 3768 quidquam
3205 3698 3345 3751 novit
3365 3698 3625 3767 quomodo

2048 3795 2179 3849 scire
2198 3802 2399 3863 oportet
2427 3793 2501 3863 (Ι.
2531 3790 2654 3845 (ἴον.
2680 3790 2735 3845 8.
2768 3792 2846 3861 2).
2879 3790 2995 3844 Non
3023 3791 3091 3844 de
3112 3788 3243 3855 Deo,
3263 3789 3459 3860 inquit,
3480 3790 3625 3855 dico,

2050 3886 2143 3943 sed
2169 3886 2236 3939 de
2264 3900 2322 3938 re
2346 3884 2605 3952 qualibet.
2644 3883 2785 3950 Quid
2811 3883 2957 3937 enim
2990 3882 3073 3937 vis
3109 3880 3176 3936 de
3215 3891 3358 3936 terra
3381 3881 3627 3936 discere?

2050 3978 2182 4048 quid
2214 3977 2379 4037 nosti,
2406 3975 2495 4030 dic
2518 3975 2691 4029 mihi?
2719 3986 2922 4045 quanta
2943 3974 3015 4030 sit
3039 3974 3160 4043 ejus
3176 3988 3453 4036 mensura,
3474 3988 3628 4044 quae-

2049 4086 2174 4125 nam
2197 4065 2536 4137 magnitudo,
2562 4066 2740 4136 qualis
2764 4066 2923 4131 situs,
2947 4080 3196 4135 quaenam
3218 4066 3477 4132 essentia,
3493 4081 3629 4137 qua-

2048 4150 2117 4218 lis
2151 4162 2329 4224 locus,
2363 4158 2586 4213 ubinam
2614 4165 2721 4212 stet
2742 4167 2797 4212 et
2826 4157 2914 4213 cui
2946 4156 3249 4211 innitatur?
3272 4154 3418 4211 Nihil
3444 4172 3511 4210 ex
3542 4156 3630 4213 bis

2051 4252 2253 4322 poteris
2274 4250 2456 4305 dicere
2480 4265 2495 4300 :
2531 4249 2623 4304 sed
2648 4248 2793 4318 quod
2817 4248 2890 4303 sit
2921 4248 3138 4317 quidem
3174 4247 3388 4319 frigida,
3408 4249 3552 4304 sicca
3573 4261 3630 4307 et

2050 4346 2227 4415 nigra,
2245 4341 2361 4396 haec
2378 4339 2577 4426 poteris
2605 4340 2804 4401 dicere,
2826 4338 3053 4394 ulterius
3082 4346 3260 4393 autem
3284 4340 3435 4395 nihil.
3472 4341 3541 4395 At
3560 4343 3629 4397 de

2052 4436 2235 4492 mari?
2262 4433 2365 4489 Sed
2389 4433 2642 4487 similiter
2663 4432 2868 4487 incides
2889 4432 2941 4486 in
2966 4433 3397 4502 perplexitatem,
3420 4451 3484 4490 ex
3519 4451 3626 4506 qua

2052 4536 2105 4581 te
2157 4525 2307 4579 nulla
2337 4522 2548 4577 ratione
2576 4522 2780 4592 poteris
2839 4524 3131 4589 extricare,
3178 4534 3240 4579 ut
3283 4526 3377 4595 qui
3418 4528 3631 4584 nescias

2053 4617 2277 4672 ubinam
2309 4615 2554 4685 incipiat,
2598 4614 2690 4669 ubi
2719 4614 2951 4680 desinat,
2990 4615 3078 4670 cui
3116 4615 3363 4673 innixum
3398 4616 3627 4682 feratur,

2051 4706 2183 4778 quid
2201 4705 2429 4760 fundum
2454 4705 2574 4774 ejus
2594 4712 2794 4774 portet,
2818 4706 3070 4776 quisnam
3092 4707 3163 4763 sit
3182 4708 3231 4763 ei
3257 4709 3431 4774 locus,
3450 4722 3632 4766 utrum

2051 4811 2176 4874 post
2207 4802 2387 4874 ipsum
2418 4802 2491 4857 sit
2514 4811 2657 4856 terra
2683 4801 2989 4867 continens,
3015 4818 3083 4857 an
3118 4802 3170 4856 in
3194 4818 3394 4875 aquam
3418 4804 3634 4859 desinat

2051 4901 2106 4948 et
2141 4908 2345 4949 aerem.
2376 4891 2482 4949 Sed
2510 4902 2566 4948 et
2585 4907 2652 4947 ex
2674 4892 2740 4947 iis
2765 4907 2884 4962 quae
2914 4893 2966 4947 in
3002 4896 3123 4965 ipso
3150 4906 3280 4953 sunt
3308 4898 3439 4969 quid
3464 4895 3634 4951 nosti?

2053 4988 2160 5043 Sed
2180 4988 2248 5043 de
2277 5004 2405 5044 acre
2433 4989 2653 5044 dicam?
2690 4985 2787 5041 sed
2808 4985 2876 5041 de
2901 4989 3221 5044 elementis?
3255 4989 3454 5046 Verum
3495 4989 3630 5045 nihil

2053 5080 2222 5134 dices.
2247 5080 2374 5135 Haec
2397 5080 2722 5149 relinquam.
2751 5078 2846 5134 Vis
2868 5095 2932 5134 ex
2962 5081 3159 5150 plantis
3184 5083 3235 5137 id
3268 5083 3511 5152 quodest
3529 5082 3634 5136 mi-

2054 5173 2262 5226 nimum
2289 5172 2594 5242 eligamus?
2619 5170 2854 5226 Gramen
2882 5173 3012 5228 illud
3028 5173 3261 5229 fructum
3287 5190 3394 5230 non
3428 5174 3630 5239 ferens,

2056 5265 2201 5334 quod
2230 5264 2438 5321 scimus
2471 5278 2685 5330 omnes,
2709 5264 2799 5319 die
2834 5267 3110 5334 quomodo
3135 5264 3426 5321 nascatur?
3449 5280 3630 5320 annon

2054 5359 2175 5428 ejus
2201 5356 2507 5426 subjectum
2528 5368 2614 5412 est
2650 5372 2792 5426 aqua
2829 5368 2883 5412 et
2920 5366 3061 5413 terra
3088 5366 3143 5412 et
3169 5357 3366 5413 ﬁmus?
3398 5356 3527 5427 quid
3549 5364 3632 5412 est

2053 5450 2198 5520 quod
2228 5447 2361 5503 facit
2386 5458 2446 5503 ut
2468 5458 2725 5518 appareat
2746 5458 2853 5504 tam
2874 5448 3250 5520 pulchrum,et
3271 5448 3506 5503 colorem
3535 5448 3633 5503 ba-

2056 5544 2181 5597 beat
2210 5542 2611 5597 admirabilem?
2642 5544 2912 5597 undenam
2943 5543 3033 5597 illa
3059 5551 3359 5597 marcescat
3387 5542 3632 5612 pulchri-

2056 5635 2221 5690 tudo?
2249 5634 2367 5690 Nou
2391 5643 2474 5691 est
2505 5651 2681 5706 aquae,
2735 5651 2843 5691 non
2882 5646 3039 5690 terra:
3080 5651 3240 5705 opus.
3287 5634 3446 5690 Vides
3483 5636 3627 5706 quod

2054 5729 2254 5797 ubique
2292 5727 2396 5781 ﬁde
2435 5728 2503 5782 sit
2524 5728 2997 5797 opus?Quomodo
3027 5729 3463 5797 producitterra?
3496 5744 3635 5798 quo-

2057 5822 2217 5876 modo
2246 5821 2497 5891 parturit,
2530 5821 2637 5889 dic,
2671 5824 2891 5892 quaeso?
2932 5821 3035 5877 Sed
3073 5822 3205 5876 nihil
3254 5822 3447 5878 horum
3476 5831 3629 5892 potes

3209 5939 3291 6003 28
