4114 6396
424 252 530 310 £39

426 369 626 425 dicere.
660 367 958 434 Erudiaris,
996 381 1032 423 ο
1073 367 1254 435 Ιιοιηο,
1281 370 1334 424 in
1364 370 1431 425 iis
1457 384 1575 439 quae
1603 376 1731 423 sunt
1758 365 1916 430 infra,
1944 372 2005 417 et

428 463 482 516 in
511 460 579 515 iis
605 476 726 528 quae
751 460 837 515 hic
864 469 1010 523 sunt,
1034 476 1133 515 nec
1155 462 1368 517 curiose
1392 461 1646 516 scruteris
1670 475 1770 515 nec
1792 456 2011 514 investi-

426 567 524 623 ges
558 553 745 607 caelum
778 569 791 606 :
821 560 980 621 atque
1023 553 1224 605 utinam
1261 552 1475 617 caelum,
1518 561 1574 608 et
1616 567 1723 607 non
1752 552 1868 607 caeli
1902 552 2009 607 Do—

431 644 657 697 minum.
685 641 921 707 Terram
941 657 1047 695 non
1080 643 1240 707 nosti,
1283 641 1370 697 dic
1398 642 1551 707 mihi,
1579 656 1647 698 ex
1685 658 1788 712 qua
1834 652 2010 707 natus,

432 735 486 788 in
516 748 618 804 qua
647 747 706 787 es
735 732 987 799 nutritus,
1014 733 1065 786 in
1092 747 1194 802 qua
1228 732 1454 799 habitas,
1486 748 1646 803 quam
1673 733 1872 798 calcas,
1894 734 2013 789 sine

432 842 534 895 qua
565 840 634 881 ne
665 826 931 895 respirare
958 825 1172 895 quidem
1206 834 1395 895 potes;
1441 834 1497 879 et
1534 824 1601 881 de
1642 825 1707 880 iis
1743 842 1864 896 quas
1890 835 2017 882 sunt

433 921 568 976 adeo
589 931 796 975 remota
825 936 885 976 es
913 921 1201 990 curiosus?
1244 920 1454 976 Revera
1486 922 1647 976 homo
1674 930 1759 977 est
1783 922 2010 976 vanitas.

434 1011 503 1065 Et
543 1012 589 1067 si
629 1012 748 1082 quis
771 1012 959 1083 jubeat
984 1023 1036 1066 te
1060 1012 1386 1068 descendere
1426 1013 1480 1068 in
1509 1014 1827 1084 profundum
1856 1025 1910 1069 et
1936 1014 2019 1069 in-

436 1102 704 1172 vestigare
724 1118 841 1172 qua:
861 1113 987 1158 sunt
1008 1104 1059 1157 in
1084 1103 1245 1158 fundo
1264 1104 1451 1172 maris,
1468 1104 1675 1174 jussum
1703 1120 1809 1159 non
1837 1104 1977 1160 feres
1999 1123 2015 1161 :

440 1196 657 1249 nemine
713 1204 892 1249 autem
939 1204 1208 1265 cogente,
1265 1197 1379 1267 ipse
1429 1197 1510 1251 vis
1559 1197 2021 1267 comprehendere

437 1285 691 1356 abyssum
753 1300 874 1356 qua:
935 1286 1120 1355 nequit
1175 1288 1517 1357 investigari?
1568 1288 1646 1343 Ne
1698 1288 1803 1343 hoc
1849 1288 2016 1344 facias

439 1391 588 1447 rogo.
616 1376 720 1432 Sed
752 1376 806 1431 in
836 1378 1120 1447 superﬁcie
1146 1378 1481 1447 navigemus,
1510 1396 1616 1435 non
1665 1389 1911 1435 natemus
1938 1395 2025 1435 ra-

440 1466 672 1521 tiociniis
705 1484 719 1520 :
749 1467 856 1522 cito
885 1468 1027 1522 enim
1073 1467 1503 1539 defatigabimur,
1548 1479 1602 1524 et
1646 1469 1801 1526 undis
1832 1470 2025 1528 obrue-

441 1573 561 1612 mur
590 1575 603 1613 :
636 1558 729 1613 sed
754 1559 951 1613 divinis
984 1569 1195 1614 utentes
1219 1560 1529 1630 Scripturis,
1553 1570 1823 1634 tamquam
1845 1564 2025 1635 aliquo

442 1650 680 1720 navigio,
727 1651 1019 1719 pandamus
1064 1652 1181 1706 vela
1220 1650 1363 1706 ﬁdei.
1408 1653 1462 1708 Si
1496 1654 1547 1707 in
1581 1654 1662 1709 his
1688 1658 2021 1726 navigemus,

1154 253 1212 310 S.
1252 251 1530 312 JOANNIS
1563 248 2034 309 CHRYSOSTOMI
2071 246 2385 308 ARCHIEP.
2422 249 2955 309 CONSTANTINOP.

3571 242 3680 299 “0

2111 367 2437 436 gubernator
2480 366 2636 423 nobis
2683 366 2857 423 aderit
2901 381 3079 423 sermo
3124 367 3218 422 Dei
3254 370 3379 426 :sin
3413 379 3591 427 autem
3632 388 3690 427 in

2114 456 2360 513 humanis
2404 467 2645 515 notemus
2680 459 3017 527 rationibus,
3068 477 3420 532 nequaquam.
3466 463 3689 519 Cutinam

2116 552 2259 607 enim
2290 567 2356 606 ex
2389 552 2450 606 iis
2475 552 2564 622 qui
2589 553 2668 608 sic
2698 562 2881 606 natant
2903 553 3080 608 adstat
3105 554 3471 622 gubernator?
3497 556 3694 623 Quam-

2117 645 2300 699 obrem
2330 645 2527 713 duplici
2569 644 2636 701 de
2675 660 2833 700 causa
2861 654 2945 700 est
2969 645 3282 716 periculum,
3320 656 3378 701 et
3416 648 3559 716 quod
3584 664 3689 703 non

2116 737 2186 791 sit
2217 736 2504 806 navigium,
2550 747 2607 792 et
2641 736 2784 807 quod
2828 736 2970 791 absit
3003 736 3351 806 gubernator.
3392 736 3524 791 Nam
3565 739 3607 791 si
3636 742 3690 794 in

2119 829 2359 898 periculo
2383 837 2467 883 est
2489 829 2685 898 scapha
2712 828 2912 897 absque
2940 827 3320 899 gubernatore,
3357 828 3572 898 quando
3596 829 3691 881 ah-

2119 928 2201 974 est
2243 928 2545 990 utrumque,
2578 934 2822 990 quaenam
2851 930 2935 974 est
2959 935 3085 989 spes
3122 920 3309 973 salutis
3329 920 3357 983 ?_
3390 918 3572 987 Neque
3600 935 3697 973 nos

2121 1011 2173 1065 in
2203 1010 2541 1065 manifestum
2573 1010 2920 1079 conjiciamus
2946 1009 3260 1079 periculum,
3283 1009 3377 1063 sed
3410 1018 3523 1061 tuto
3556 1008 3700 1063 ince-

2120 1102 2331 1169 damus,
2357 1118 2385 1155 a
2410 1118 2565 1157 sacra
2592 1117 2689 1156 nos
2714 1102 3101 1171 suSpendcntes
3141 1099 3396 1155 anchora.
3434 1099 3523 1155 Sic
3556 1100 3700 1154 enim

2124 1197 2176 1251 in
2208 1196 2547 1266 tranquillum
2575 1203 2785 1265 portum
2814 1195 3177 1264 navigabimus
3199 1208 3321 1247 cum
3345 1193 3529 1249 multis
3559 1208 3702 1246 mer-

2124 1294 2274 1349 cibus
2299 1300 2355 1347 et
2380 1305 2566 1360 magna
2598 1289 2923 1353 securitate;
2973 1295 3027 1341 et
3052 1300 3401 1355 assequemur
3438 1285 3576 1338 bona
3617 1300 3705 1339 re-

2127 1384 2298 1454 posita
2328 1382 2393 1436 iis
2418 1381 2505 1451 qui
2534 1382 2704 1451 ipsum
2726 1378 2969 1448 diligunt,
3000 1378 3047 1431 iu
3079 1375 3296 1431 Christo
3322 1375 3449 1430 .lesu
3476 1376 3707 1429 Domino

2126 1482 2334 1540 nostro,
2373 1487 2495 1527 cum
2540 1483 2650 1537 quo
2687 1469 2832 1523 Patri
2875 1467 3034 1522 simul
3080 1482 3203 1521 cum
3251 1475 3438 1521 sancto
3482 1466 3705 1535 Spiritu,

2127 1564 2316 1634 gloria,
2354 1571 2462 1619 etc.

455 1766 3696 1795 ...Ἦ-*Μ*-

1795 1861 2141 1924 HOMILIA
2190 1862 2361 1925 VIII.

447 2008 575 2062 CAP.
613 2007 668 2063 4.
708 2021 761 2062 v.
805 2007 893 2061 Η.
940 2006 1053 2060 Hoc
1081 2007 1212 2060 enim
1248 2006 1384 2061 vobis
1411 2007 1622 2063 dicimus
1657 2010 1713 2063 in
1739 2009 1886 2063 verbo
1915 2008 2022 2064 Do-

520 2099 666 2161 mini,
691 2099 825 2167 quod
852 2115 942 2151 nos
969 2098 1054 2169 qui
1078 2099 1326 2164 vivimus,
1374 2100 1461 2169 qui
1512 2101 1705 2154 residui
1757 2117 1932 2154 sumus
1974 2101 2030 2154 in

520 2192 785 2245 adventant
807 2190 1029 2259 Domini,
1059 2209 1158 2245 non
1190 2194 1553 2262 preveniemus
1581 2210 1666 2247 eos
1694 2194 1780 2263 qui
1808 2194 2032 2247 dormie-

522 2294 659 2337 runt.
689 2285 777 2339 15.
812 2284 1065 2351 Quoniam
1090 2285 1199 2355 ipse
1236 2284 1485 2338 Dominus
1513 2286 1566 2338 in
1586 2287 1739 2357 jussu
1770 2294 1817 2338 et
1842 2284 1893 2338 in
1915 2300 2035 2338 voce

524 2377 841 2447 archangeli,
874 2386 921 2429 et
947 2378 1000 2430 in
1032 2377 1150 2429 tuba
1175 2376 1267 2430 Dei
1294 2377 1565 2432 descendet
1590 2381 1655 2431 de
1678 2378 1804 2431 ctelo
1826 2397 1845 2432 :
1882 2388 1929 2431 et
1949 2379 2035 2448 qui

525 2468 712 2520 mortui
736 2467 788 2520 in
817 2466 1015 2520 Christo
1035 2474 1153 2520 sunt
1174 2507 1192 2532 ,
1236 2476 1499 2537 resurgent
1524 2467 1694 2536 primi.
1726 2467 1812 2521 16.
1842 2466 2041 2521 Deinde

530 2575 621 2611 nos
658 2558 745 2627 qui
776 2558 1023 2623 vivimus,
1070 2559 1156 2628 qui
1197 2559 1547 2628 relinquimur,
1592 2560 1741 2613 simul
1783 2561 2042 2630 rapientur

530 2666 645 2702 cum
673 2649 777 2703 illis
803 2649 857 2702 in
884 2649 1093 2702 nubibus
1123 2650 1317 2702 obvium
1349 2648 1567 2703 Domina
1596 2649 1649 2702 in
1683 2666 1802 2704 aera
1820 2692 1837 2719 ,
1882 2659 1929 2704 et
1970 2652 2043 2705 sic

531 2755 729 2808 semper
756 2755 871 2793 cum
901 2739 1115 2793 Domino
1142 2740 1348 2793 erimus.

535 2831 587 2885 1.
628 2830 910 2900 Pr0phetze
953 2830 1165 2899 quidem
1192 2870 1208 2893 ,
1268 2831 1512 2885 volentes
1557 2830 1842 2885 ostendere
1886 2847 2043 2902 quam

465 2923 575 2978 sint
610 2921 715 2977 (ide
765 2920 921 2991 digna
961 2937 1080 2991 quae
1121 2921 1392 2983 dicuntur,
1425 2930 1549 2977 ante
1593 2922 1695 2976 alia
1725 2923 1901 2976 omnia
1945 2924 2046 2977 hoc

466 3012 653 3067 dicunt
682 3030 697 3066 :
734 3011 875 3066 Visio
919 3028 1071 3082 quam
1115 3012 1240 3066 vidit
1272 3009 1438 3065 Isaias
1475 3011 1624 3083 (lsai.
1649 3014 1704 3067 1.
1729 3015 1818 3084 1);
1849 3022 1903 3069 et
1925 3030 2046 3068 rur-

468 3121 584 3172 sus,
623 3104 840 3160 Verbum
881 3105 1088 3159 Domini
1125 3105 1263 3172 quod
1308 3109 1501 3176 factum
1551 3115 1624 3159 est
1669 3105 1739 3158 ad
1776 3105 2049 3159 Jeremiam

470 3200 681 3271 (Jerem.
718 3200 769 3254 1.
794 3198 893 3272 2);
941 3209 995 3253 et
1021 3213 1229 3265 rursus,
1278 3196 1403 3251 Hazc
1444 3197 1566 3251 dicit
1596 3196 1867 3264 Dominus,
1898 3209 1950 3252 et
1979 3199 2051 3253 si-

472 3294 639 3349 tnilia.
687 3293 832 3347 Multi
874 3293 1034 3346 etiam
1066 3292 1237 3361 ipsum
1263 3290 1513 3345 videbant
1539 3290 1817 3346 sedentem
1846 3291 2010 3346 Deum
2032 3331 2049 3355 ,

470 3384 648 3456 quoad
670 3385 786 3455 ejus
813 3385 925 3439 ﬁeri
956 3393 1167 3455 poterat
1193 3392 1250 3438 ut
1269 3384 1531 3438 viderent.
1557 3383 1752 3439 Paulus
1783 3400 1909 3439 vero
1930 3400 2052 3438 cum

475 3491 581 3531 non
609 3474 816 3530 videret
851 3474 1151 3540 sedentem,
1203 3473 1296 3529 sed
1340 3474 1391 3528 in
1421 3476 1603 3544 seipso
1643 3474 2050 3529 haheretChri-

474 3578 617 3624 stum
662 3568 993 3638 loquentem,
1043 3567 1158 3622 vice
1204 3566 1367 3628 illius.
1411 3566 1539 3621 Hazc
1586 3567 1711 3621 dicit
1768 3566 2051 3630 Dominus,

474 3660 687 3717 dicebat
716 3675 731 3713 :
762 3659 843 3714 An
880 3660 1274 3730 experimentum
1317 3660 1543 3727 queritis
1583 3660 1693 3729 ejus
1720 3660 1806 3729 qui
1832 3660 1885 3712 in
1912 3659 2056 3712 nobis

477 3754 700 3824 loquitur
742 3751 927 3807 Christi
968 3752 1043 3823 (2.
1072 3750 1195 3807 Cor.
1233 3752 1322 3807 15.
1354 3752 1451 3821 3)?
1497 3759 1552 3807 et
1597 3766 1810 3817 rursus,
1860 3751 2057 3807 Paulus

475 3844 738 3913 apostolus
779 3841 908 3897 Iesu
955 3842 1176 3908 Christi,
1222 3843 1511 3897 ostendens
1540 3843 1675 3897 nihil
1701 3858 1824 3898 esse
1853 3859 2008 3897 suum
2040 3861 2055 3898 :

477 3937 754 4006 apostolus
782 3936 924 3990 enim
951 3949 1013 3990 ea
1045 3934 1284 4004 loquitur
1307 3950 1425 4004 qua:
1456 3943 1581 3989 sunt
1619 3934 1737 4003 ejus
1770 3936 1858 4005 qui
1890 3936 2056 3990 misit.

477 4028 548 4083 Et
582 4042 792 4092 rursus,
828 4026 961 4081 Puto
990 4035 1160 4079 autem
1189 4031 1325 4095 quod
1353 4034 1399 4079 et
1439 4043 1530 4098 ego
1558 4026 1811 4097 Spiritum
1833 4025 1931 4081 Dei
1961 4028 2059 4081 ha-

479 4119 625 4174 beant
671 4118 750 4190 (1.
778 4117 897 4171 Cor.
928 4117 983 4173 7.
1019 4116 1132 4186 ιο).
1173 4116 1349 4187 Atque
1380 4116 1467 4171 illa
1496 4117 1711 4188 quidem
1749 4119 1936 4189 spiritu
1974 4120 2059 4174 lo-

481 4213 746 4283 quebatur
765 4212 978 4277 omnia;
1009 4209 1112 4265 hoc
1140 4218 1317 4265 autem
1347 4209 1486 4280 quod
1510 4226 1650 4266 nunc
1670 4210 1819 4276 dicit,
1842 4211 2060 4268 disertis

481 4304 665 4359 verbis
702 4319 733 4358 a
761 4303 872 4359 Deo
894 4303 1135 4359 audivit:
1165 4303 1303 4357 sicut
1329 4304 1489 4357 etiam
1520 4302 1649 4357 illud
1677 4303 1821 4373 quod
1847 4304 2062 4361 dicebat

484 4398 761 4453 disserens
800 4411 919 4451 cum
967 4392 1269 4451 senioribus
1308 4393 1687 4464 Ephesiorum,
1728 4393 1938 4450 Beatius
1988 4404 2063 4450 est

485 4488 611 4541 dare
630 4528 647 4553 ,
692 4502 841 4557 quam
868 4486 1098 4555 accipere
1123 4484 1258 4553 (Act.
1288 4484 1380 4540 20.
1409 4485 1503 4555 55)
1520 4526 1535 4549 ,
1564 4495 1773 4541 secreto
1797 4485 2060 4542 audierat.

490 4577 777 4633 Videamus
800 4577 979 4647 itaque
1004 4574 1131 4647 quid
1163 4590 1307 4630 nunc
1330 4590 1544 4646 quoque
1568 4575 1731 4631 dicat.
1778 4575 1893 4631 Hoc
1931 4578 2066 4632 enim

487 4669 625 4723 vobis
650 4669 866 4722 dicimus
895 4668 948 4722 in
971 4666 1117 4721 verbo
1143 4664 1373 4733 Domini,
1419 4666 1555 4737 quod
1592 4683 1683 4721 nos
1715 4668 1804 4737 qui
1830 4668 2063 4737 vivimus,

489 4763 578 4831 qni
600 4760 789 4815 residui
813 4776 986 4814 sumus
1010 4760 1065 4813 in
1091 4758 1362 4812 adventum
1393 4757 1635 4827 Domini,
1662 4776 1764 4812 non
1788 4761 2063 4829 praevenie-

488 4872 602 4910 mus
650 4870 736 4909 eos
778 4854 865 4923 qui
911 4853 1244 4907 dormierunt.
1293 4851 1549 4919 Quoniam
1584 4854 1694 4923 ipse
1729 4852 1975 4907 Dominus
2013 4854 2069 4907 in

484 4948 639 5017 jussu
649 4950 697 4996 ct
709 4940 762 4995 in
772 4940 1211 5012 vocearchangeli,
1226 4942 1340 4997 etin
1359 4943 1478 4997 tuba
1498 4942 1681 4997 ultima
1705 4943 1968 4997 descendet
2006 4944 2069 4998 de

492 5039 638 5092 aeto.
669 5035 823 5104 Quod
848 5034 1010 5090 etiam
1039 5034 1289 5090 Christus
1313 5044 1446 5090 tunc
1471 5034 1625 5102 dixit,
1666 5033 1889 5089 Virtutes
1918 5036 2068 5090 αιτιο-

488 5147 604 5187 rum
647 5128 973 5184 movebuntur
1017 5127 1240 5194 (Matth.
1265 5126 1521 5199 24.29).
1565 5126 1745 5195 Quare
1788 5136 1963 5182 autem
2016 5127 2069 5182 in

492 5223 659 5279 tuba?
703 5221 914 5278 Etenim
956 5222 1008 5277 in
1046 5231 1228 5277 monte
1250 5220 1398 5277 Sinai
1424 5221 1528 5276 hoc
1557 5220 1851 5289 videmus,‘
1879 5229 1934 5276 et
1962 5222 2071 5276 illic

496 5330 711 5386 quoque
754 5314 991 5385 angelos.
1038 5313 1176 5381 Quid
1215 5323 1393 5369 autem
1435 5313 1536 5368 sibi
1564 5311 1678 5366 vult
1717 5328 1817 5366 vox
1842 5313 2071 5368 archan-

496 5409 641 5478 geli?
688 5408 838 5463 Sicut
881 5406 1093 5462 dicebat
1115 5405 1183 5461 de
1205 5404 1498 5475 virginibus
1528 5421 1542 5458 :
1573 5403 1876 5476 Exsurgite,
1924 5404 2072 5461 venit

496 5514 725 5566 sponsus
748 5497 959 5567 (Matth.
988 5496 1080 5552 25.
1106 5496 1183 5567 6).
1212 5498 1317 5553 Aut
1346 5495 1447 5550 hoc
1471 5495 1621 5562 dicit,
1655 5505 1747 5551 aut
1769 5496 1909 5567 quod
1934 5496 2071 5551 sicut

501 5589 559 5644 lit
586 5606 710 5658 erga
739 5604 919 5660 regem
953 5606 966 5642 :
995 5589 1067 5643 ita
1106 5589 1267 5643 etiam
1312 5597 1439 5642 tunc
1484 5588 1607 5653 erit,
1658 5588 1864 5657 angelis
1908 5587 2070 5642 mini—

499 5677 876 5736 strautibusad
903 5680 1369 5738 resurrectionem.
1403 5678 1541 5735 Dicit
1568 5679 1735 5748 enim,
1766 5679 2067 5749 Resurgant

2138 2009 2330 2067 mortui
2355 2024 2371 2072 ;
2402 2016 2457 2061 et
2475 2007 2535 2061 ﬁt
2560 2020 2719 2075 opus,
2756 2019 2862 2058 non
2889 2002 3092 2073 angelis
3118 2000 3185 2056 ad
3211 1999 3315 2055 hoc
3339 2001 3447 2056 vim
3472 2001 3719 2055 habenti-

2141 2101 2260 2164 bus,
2303 2097 2398 2153 sed
2436 2098 2600 2151 verbo
2648 2096 2765 2164 ejus
2801 2112 2815 2148 :
2846 2108 2910 2147 ac
2947 2094 2991 2146 si
3033 2108 3127 2146 rex
3152 2092 3372 2161 jusserit
3399 2100 3452 2145 et
3475 2092 3664 2146 dixerit
3697 2098 3741 2149 :'

2140 2188 2346 2243 Exeant
2374 2189 2464 2258 qui
2492 2195 2616 2241 sunt
2642 2185 2916 2250 conclusi,
2965 2192 3020 2238 et
3047 2184 3277 2237 ministri
3319 2181 3568 2245 educant,
3612 2198 3717 2237 non

2143 2280 2327 2350 utique
2373 2279 2477 2334 hoc
2516 2280 2625 2348 jam
2665 2278 2865 2332 faciunt
2910 2293 2977 2332 ex
3023 2293 3117 2331 sua
3158 2278 3390 2339 virtute,
3418 2276 3512 2331 sed
3540 2291 3605 2330 ex
3633 2277 3719 2330 illa

2142 2390 2297 2429 voco.
2326 2374 2441 2429 Hoc
2467 2373 2593 2429 alibi
2631 2388 2844 2443 quoque
2864 2372 2997 2427 dicit
3024 2371 3269 2427 Christus
3293 2389 3307 2425 :
3334 2371 3499 2425 Mittet
3519 2375 3723 2443 angelos

2142 2484 2261 2522 suos
2297 2484 2412 2521 cum
2441 2468 2560 2521 tuba
2589 2483 2805 2538 magna,
2853 2475 2900 2519 et
2938 2466 3312 2536 congregabunt
3350 2466 3530 2519 electos
3566 2466 3725 2535 ipsius

2143 2576 2176 2612 ιι
2216 2568 2431 2628 quatuor
2475 2558 2653 2620 ventis,
2696 2557 2765 2609 ab
2812 2558 3044 2610 extremis
3084 2556 3328 2609 caelorum
3371 2554 3581 2625 (Matth.
3628 2557 3720 2610 24.

2144 2653 2237 2721 3t)
2282 2669 2296 2705 :
2324 2658 2375 2705 et
2405 2650 2603 2721 ubique
2629 2648 2782 2704 vides
2808 2649 3175 2703 discurrentes
3200 2648 3441 2719 angelos.
3476 2648 3721 2703 Archan-

2145 2743 2323 2813 gelum
2351 2756 2481 2811 ergo
2506 2741 2738 2795 arbitror
2762 2755 2883 2796 esse
2904 2756 3025 2793 cum
3055 2741 3146 2809 qui
3171 2749 3387 2810 praeest,
3416 2750 3471 2793 et
3495 2739 3594 2799 hoc
3618 2742 3729 2793 cla—

2147 2846 2259 2889 mat
2289 2835 2353 2888 iis
2378 2834 2469 2904 qui
2497 2834 2645 2888 missi
2672 2840 2799 2886 sunt
2828 2850 2841 2885 :
2874 2830 3057 2886 Facite
3079 2839 3140 2885 ut
3180 2832 3287 2885 sint
3313 2845 3502 2885 omnes
3526 2831 3723 2900 parati:

2148 2925 2301 2980 adest
2344 2926 2486 2979 enim
2529 2924 2722 2979 Judex.
2768 2922 2907 2989 Quid
2956 2932 3072 2987 est,
3115 2920 3183 2976 In
3212 2923 3393 2994 ultima
3424 2922 3589 2974 tuba?
3633 2921 3732 2975 llic

2149 3017 2385 3073 05tendit
2412 3018 2607 3071 multas
2632 3031 2752 3070 esse
2783 3016 2939 3069 tubas
2960 3056 2975 3080 ,
3007 3023 3061 3068 et
3104 3016 3157 3068 in
3188 3013 3372 3067 ultima
3406 3014 3733 3068 descendere

2150 3110 2413 3167 Judicem.
2448 3110 2513 3164 Et
2545 3111 2731 3163 mortui
2756 3110 2843 3179 qui
2869 3110 2920 3162 in
2943 3108 3142 3162 Christo
3166 3118 3319 3171 sunt,
3344 3118 3601 3177 resurgant
3626 3108 3733 3175 pri-

2151 3205 2242 3256 mi.
2292 3202 2488 3256 Deinde
2531 3219 2622 3255 nos
2660 3201 2746 3271 qui
2789 3201 3035 3265 vivimus,
3075 3200 3160 3268 qui
3194 3200 3547 3267 relinquimur,
3579 3195 3732 3251 simul

2154 3295 2413 3365 rapientur
2439 3310 2553 3347 cum
2583 3294 2686 3347 illis
2714 3294 2765 3346 in
2792 3292 3005 3347 nubibus
3026 3293 3220 3347 obviam
3251 3290 3471 3344 Domino
3508 3291 3562 3344 in
3589 3308 3730 3356 aera,

2155 3397 2202 3440 et
2228 3387 2299 3440 sic
2327 3402 2523 3455 semper
2547 3403 2660 3439 cum
2691 3384 2912 3439 Domino
2954 3387 3160 3440 erimus.
3208 3386 3298 3441 17.
3331 3384 3516 3455 Itaque
3556 3402 3739 3439 conso-

2157 3479 2336 3533 lamini
2363 3480 2574 3533 invicem
2602 3479 2656 3532 in
2682 3479 2844 3533 verbis
2870 3479 2999 3531 istis.
3031 3478 3086 3532 Si
3113 3485 3198 3531 est
3232 3477 3611 3541 descensurus,
3640 3493 3739 3531 cur

2157 3572 2461 3642 rapiemur?
2501 3570 2732 3627 Honoris
2775 3587 2957 3624 causa.
3003 3570 3149 3641 Rege
3177 3571 3317 3625 enim
3354 3570 3620 3625 civitatem
3652 3570 3737 3623 in-

2157 3664 2451 3733 gredientc,
2498 3663 2586 3733 qui
2618 3673 2741 3718 sunt
2771 3663 2824 3716 in
2857 3661 3080 3730 honore,
3118 3670 3313 3717 exeunt
3363 3662 3571 3718 obviam
3604 3679 3617 3715 :
3646 3663 3737 3730 qui

2160 3765 2284 3813 sunt
2306 3767 2483 3811 autem
2510 3756 2588 3812 rei
2616 3766 2670 3810 et
2696 3755 3058 3820 condemnati,
3085 3755 3228 3810 intus
3248 3763 3561 3823 exspectant
3591 3754 3738 3823 judi-

2160 3863 2301 3903 cem.
2334 3848 2402 3902 Et
2441 3862 2563 3903 cum
2608 3847 2901 3902 benevolus
2947 3846 3162 3916 quidem
3218 3846 3517 3901 adventarit
3563 3855 3735 3916 pater,

2163 3942 2257 3998 ﬁlii
2284 3940 2523 4012 quidem,
2550 3950 2603 3994 et
2627 3942 2714 4011 qui
2748 3939 2891 4010 digni
2921 3947 3045 3993 sunt
3071 3940 3202 4005 lilii,
3227 3938 3279 3993 in
3308 3954 3466 3993 curru
3506 3937 3741 3993 educun-

2162 4042 2270 4097 tur,
2297 4042 2357 4086 ut
2380 4031 2592 4087 videant
2629 4040 2684 4086 et
2711 4030 3095 4085 exosculentur
3126 4048 3141 4084 :
3170 4030 3258 4100 qui
3287 4038 3463 4083 autem
3492 4028 3735 4083 offende-

2164 4131 2287 4178 runt
2328 4122 2529 4185 famuli,
2557 4138 2678 4176 eum
2724 4121 2865 4174 intus
2888 4129 3224 4190 exspectant.
3258 4118 3313 4173 ln
3338 4120 3581 4174 vehiculo
3609 4118 3740 4173 leri-

2165 4230 2285 4269 mur
2310 4214 2480 4268 Patris
2513 4231 2525 4265 :
2567 4212 2767 4268 etenim
2798 4213 2912 4280 ipse
2940 4228 3062 4268 eum
3090 4213 3303 4282 excepit
3334 4213 3386 4266 in
3416 4212 3661 4279 nubibus,
3687 4221 3745 4266 ct

2164 4320 2265 4362 nos
2307 4305 2576 4374 rapiemnr
2609 4304 2663 4358 in
2705 4303 2954 4358 nubibus.
2991 4302 3153 4357 Vides
3182 4311 3413 4373 quantus
3438 4304 3509 4358 sit
3532 4303 3743 4358 honor?

2166 4395 2296 4451 etei
2322 4393 2668 4449 descendenti
2713 4394 2924 4449 obviam
2974 4394 3312 4464 procedimus
3336 4437 3352 4461 ,
3398 4403 3454 4450 et
3481 4394 3619 4465 quod
3653 4404 3736 4449 est

2167 4487 2403 4542 omnium
2431 4485 2817 4550 beatissimum,
2864 4485 2942 4540 sic
2982 4500 3103 4540 cum
3137 4500 3203 4540 eo
3228 4486 3452 4541 erimus.
3502 4485 3628 4550 Quis
3661 4487 3742 4539 lo-

2167 4589 2351 4650 quetur
2375 4578 2621 4647 potentias
2654 4576 2893 4640 Domini,
2946 4577 3149 4631 auditas
3193 4578 3343 4648 faciet
3370 4594 3538 4631 omnes
3561 4577 3745 4630 lauda-

2168 4670 2327 4723 tiones
2349 4669 2461 4739 ejus
2496 4665 2671 4738 (Psal.
2700 4667 2823 4724 105.
2847 4666 2948 4735 2)?
2971 4667 3140 4735 Quam
3162 4668 3347 4722 multis
3377 4667 3532 4722 bonis
3557 4667 3746 4737 digna-

2171 4767 2260 4814 tus
2300 4768 2383 4813 est
2426 4772 2595 4829 genus
2640 4757 2977 4813 humanum?
3015 4757 3179 4813 Primi
3218 4768 3507 4828 resurgunt
3532 4760 3618 4828 qui
3647 4774 3745 4813 ex-

2170 4861 2470 4918 cesserunt,
2503 4860 2558 4908 et
2589 4853 2669 4906 sic
2694 4851 2849 4907 simul
2877 4850 2970 4907 ﬁet
2998 4867 3277 4906 occursus.
3315 4851 3449 4907 Abel
3489 4850 3580 4922 qui
3622 4861 3749 4907 ante

2172 4958 2361 4999 omnes
2385 4942 2637 5007 decessit,
2669 4953 2797 4997 tunc
2831 4942 2989 4998 simul
3037 4943 3131 4997 ibit
3173 4942 3381 4996 obviam
3429 4958 3548 4997 cum
3576 4943 3747 4997 omni-

2174 5034 2293 5091 bus.
2347 5033 2704 5103 Quamobrem
2738 5033 2792 5087 in
2821 5032 2921 5088 hoc
2949 5033 3069 5087 aliis
3106 5031 3274 5087 nihilo
3314 5042 3473 5087 erunt
3501 5033 3747 5103 superio-

2173 5143 2297 5193 res;
2322 5126 2417 5182 sed
2446 5128 2535 5198 qui
2563 5127 2787 5193 interiit,
2811 5127 2901 5196 qui
2930 5134 3007 5180 tot
3032 5140 3202 5181 annos
3238 5124 3336 5179 fuit
3360 5125 3413 5179 in
3438 5135 3601 5191 terra,
3622 5140 3749 5181 cum

2175 5219 2282 5275 illis
2324 5220 2422 5274 ibit
2446 5219 2680 5284 obviam,
2715 5227 2770 5273 et
2810 5233 2998 5272 omnes
3042 5218 3155 5272 alii.
3198 5217 3329 5273 Nam
3356 5220 3399 5271 si
3432 5217 3508 5272 illi
3535 5218 3748 5287 quidem

2177 5327 2277 5366 nos
2299 5322 2703 5383 exspectassent
2731 5322 2789 5367 ut
2816 5327 3216 5376 coronarentur,
3268 5312 3407 5367 sicut
3452 5313 3578 5367 alibi
3622 5310 3754 5367 dicit

2176 5404 2438 5468 scribens,
2467 5402 2577 5457 Deo
2616 5420 2708 5474 pro
2750 5404 2890 5457 nobis
2918 5404 3115 5473 aliquid
3140 5405 3320 5458 melius
3347 5404 3662 5473 providente,
3694 5414 3756 5458 ut

2177 5512 2279 5550 non
2303 5495 2409 5548 sine
2444 5496 2587 5548 nobis
2613 5506 3080 5549 consummarentur
3105 5494 3290 5565 (Hebr.
3324 5498 3410 5550 11.
3434 5495 3524 5568 40)
3545 5513 3560 5562 ;
3583 5496 3755 5551 multo

2178 5586 2346 5656 magis
2401 5600 2500 5640 nos
2541 5601 2757 5656 quoque
2803 5586 2943 5642 illos.
2973 5585 3069 5642 Vel
3100 5589 3276 5657 potius
3306 5588 3379 5642 illi
3409 5587 3622 5658 quidem
3657 5604 3757 5643 ex-

2181 5686 2531 5749 spectarent,
2579 5690 2679 5733 nos
2716 5684 2895 5735 autem
2922 5678 3142 5736 minime
3174 5696 3189 5734 :
3218 5679 3270 5735 in
3311 5688 3583 5736 momento
3609 5678 3756 5737 enim
