  <div class='ocr_page' id='page_1' title='image "/cluster/home/n/w/nwhite01/storage/ocr_20150623/62/nnc1.0046979654/446.png"; bbox 0 0 4128 6398; ppageno 0'>
   <div class='ocr_carea' id='block_1_1' title="bbox 448 304 556 363">
    <p class='ocr_par' dir='ltr' id='par_1_1' title="bbox 448 304 556 363">
     <span class='ocr_line' id='line_1_1' title="bbox 448 304 556 363; baseline 0.019 -2"><span class='ocrx_word' id='word_1_1' title='bbox 448 304 556 363; x_wconf 64' lang='lat'>439</span> 
     </span>
    </p>
   </div>
   <div class='ocr_carea' id='block_1_2' title="bbox 452 414 2026 491">
    <p class='ocr_par' dir='ltr' id='par_1_2' title="bbox 452 414 2026 491">
     <span class='ocr_line' id='line_1_2' title="bbox 452 414 2026 491; baseline 0.003 -21"><span class='ocrx_word' id='word_1_2' title='bbox 452 435 577 488; x_wconf 87' lang='grc' dir='ltr'>μεν,</span> <span class='ocrx_word' id='word_1_3' title='bbox 617 414 693 486; x_wconf 78' lang='grc' dir='ltr'>μὴ</span> <span class='ocrx_word' id='word_1_4' title='bbox 744 414 1033 485; x_wconf 78' lang='grc' dir='ltr'>νηχόμενοι</span> <span class='ocrx_word' id='word_1_5' title='bbox 1090 415 1369 488; x_wconf 75' lang='grc' dir='ltr'>λογισμοῖς</span> <span class='ocrx_word' id='word_1_6' title='bbox 1394 439 1411 453; x_wconf 77' lang='grc' dir='ltr'><strong>ο</strong></span> <span class='ocrx_word' id='word_1_7' title='bbox 1435 418 1645 488; x_wconf 82' lang='grc' dir='ltr'>ταχέως</span> <span class='ocrx_word' id='word_1_8' title='bbox 1681 420 1792 491; x_wconf 80' lang='grc' dir='ltr'>γὰρ</span> <span class='ocrx_word' id='word_1_9' title='bbox 1816 422 2026 475; x_wconf 85' lang='grc' dir='ltr'>ἀποκα-</span> 
     </span>
    </p>
   </div>
   <div class='ocr_carea' id='block_1_3' title="bbox 450 497 2026 571">
    <p class='ocr_par' dir='ltr' id='par_1_3' title="bbox 450 497 2026 571">
     <span class='ocr_line' id='line_1_3' title="bbox 450 497 2026 571; baseline 0.003 -19"><span class='ocrx_word' id='word_1_10' title='bbox 450 497 721 571; x_wconf 79' lang='grc' dir='ltr'>μούμεθα,</span> <span class='ocrx_word' id='word_1_11' title='bbox 744 501 840 553; x_wconf 73' lang='grc' dir='ltr'>καὶ</span> <span class='ocrx_word' id='word_1_12' title='bbox 864 500 1479 571; x_wconf 87' lang='grc' dir='ltr'>καταποντισθησόμεθα</span> <span class='ocrx_word' id='word_1_13' title='bbox 1504 518 1519 530; x_wconf 75' lang='grc' dir='ltr'><strong>ο</strong></span> <span class='ocrx_word' id='word_1_14' title='bbox 1549 501 1686 555; x_wconf 90' lang='grc' dir='ltr'>ἀλλά</span> <span class='ocrx_word' id='word_1_15' title='bbox 1708 506 1828 566; x_wconf 88' lang='grc' dir='ltr'>ταῖς</span> <span class='ocrx_word' id='word_1_16' title='bbox 1852 504 2026 567; x_wconf 79' lang='grc' dir='ltr'>θείαις</span> 
     </span>
    </p>
   </div>
   <div class='ocr_carea' id='block_1_4' title="bbox 448 583 2028 655">
    <p class='ocr_par' dir='ltr' id='par_1_4' title="bbox 448 583 2028 655">
     <span class='ocr_line' id='line_1_4' title="bbox 448 583 2028 655; baseline 0.002 -18"><span class='ocrx_word' id='word_1_17' title='bbox 448 583 779 654; x_wconf 83' lang='grc' dir='ltr'>κεχρημένοι</span> <span class='ocrx_word' id='word_1_18' title='bbox 808 584 1072 653; x_wconf 84' lang='grc' dir='ltr'>Γραφαῖς,</span> <span class='ocrx_word' id='word_1_19' title='bbox 1108 584 1360 653; x_wconf 87' lang='grc' dir='ltr'>καθάπερ</span> <span class='ocrx_word' id='word_1_20' title='bbox 1411 584 1580 655; x_wconf 86' lang='grc' dir='ltr'>πλοίῳ</span> <span class='ocrx_word' id='word_1_21' title='bbox 1606 587 1714 639; x_wconf 78' lang='grc' dir='ltr'>τινὶ</span> <span class='ocrx_word' id='word_1_22' title='bbox 1755 586 1826 639; x_wconf 75' lang='grc' dir='ltr'>τὰ</span> <span class='ocrx_word' id='word_1_23' title='bbox 1879 588 2028 641; x_wconf 82' lang='grc' dir='ltr'>ἱστία</span> 
     </span>
    </p>
   </div>
   <div class='ocr_carea' id='block_1_5' title="bbox 446 665 2027 739">
    <p class='ocr_par' dir='ltr' id='par_1_5' title="bbox 446 665 2027 739">
     <span class='ocr_line' id='line_1_5' title="bbox 446 665 2027 739; baseline 0.001 -19"><span class='ocrx_word' id='word_1_24' title='bbox 446 667 547 736; x_wconf 83' lang='grc' dir='ltr'>τῆς</span> <span class='ocrx_word' id='word_1_25' title='bbox 573 665 804 729; x_wconf 87' lang='grc' dir='ltr'>πίστεως</span> <span class='ocrx_word' id='word_1_26' title='bbox 825 666 1275 735; x_wconf 81' lang='grc' dir='ltr'>ἀναπετάσωμεν.</span> <span class='ocrx_word' id='word_1_27' title='bbox 1303 668 1399 719; x_wconf 78' lang='grc' dir='ltr'>Ἂν</span> <span class='ocrx_word' id='word_1_28' title='bbox 1419 668 1476 719; x_wconf 86' lang='grc' dir='ltr'>ἐν</span> <span class='ocrx_word' id='word_1_29' title='bbox 1497 668 1726 731; x_wconf 77' lang='grc' dir='ltr'>ταύταις</span> <span class='ocrx_word' id='word_1_30' title='bbox 1753 668 2027 739; x_wconf 82' lang='grc' dir='ltr'>πλέωμεν,</span> 
     </span>
    </p>
   </div>
   <div class='ocr_carea' id='block_1_6' title="bbox 450 748 2029 820">
    <p class='ocr_par' dir='ltr' id='par_1_6' title="bbox 450 748 2029 820">
     <span class='ocr_line' id='line_1_6' title="bbox 450 748 2029 820; baseline 0.004 -19"><span class='ocrx_word' id='word_1_31' title='bbox 450 748 543 801; x_wconf 75' lang='grc' dir='ltr'>καὶ</span> <span class='ocrx_word' id='word_1_32' title='bbox 572 748 911 820; x_wconf 86' lang='grc' dir='ltr'>κυϐερνήτης</span> <span class='ocrx_word' id='word_1_33' title='bbox 944 748 1074 817; x_wconf 86' lang='grc' dir='ltr'>ὑμῖν</span> <span class='ocrx_word' id='word_1_34' title='bbox 1098 748 1367 819; x_wconf 89' lang='grc' dir='ltr'>παρέσται</span> <span class='ocrx_word' id='word_1_35' title='bbox 1404 751 1432 802; x_wconf 99' lang='lat'>6</span> <span class='ocrx_word' id='word_1_36' title='bbox 1462 749 1616 817; x_wconf 84' lang='grc' dir='ltr'>λόγος</span> <span class='ocrx_word' id='word_1_37' title='bbox 1636 751 1730 803; x_wconf 88' lang='grc' dir='ltr'>τοῦ</span> <span class='ocrx_word' id='word_1_38' title='bbox 1759 752 1895 806; x_wconf 82' lang='grc' dir='ltr'>Θεοῦ</span> <span class='ocrx_word' id='word_1_39' title='bbox 1922 770 1935 783; x_wconf 76' lang='grc' dir='ltr'>ο</span> <span class='ocrx_word' id='word_1_40' title='bbox 1960 754 2029 807; x_wconf 81' lang='grc' dir='ltr'>ἂν</span> 
     </span>
    </p>
   </div>
   <div class='ocr_carea' id='block_1_7' title="bbox 448 831 2020 903">
    <p class='ocr_par' dir='ltr' id='par_1_7' title="bbox 448 831 2020 903">
     <span class='ocr_line' id='line_1_7' title="bbox 448 831 2020 903; baseline 0.003 -19"><span class='ocrx_word' id='word_1_41' title='bbox 448 832 509 884; x_wconf 82' lang='grc' dir='ltr'>δέ</span> <span class='ocrx_word' id='word_1_42' title='bbox 536 831 830 901; x_wconf 84' lang='grc' dir='ltr'>νηχώμεθα</span> <span class='ocrx_word' id='word_1_43' title='bbox 846 834 903 884; x_wconf 88' lang='grc' dir='ltr'>ἐν</span> <span class='ocrx_word' id='word_1_44' title='bbox 928 836 1041 895; x_wconf 86' lang='grc' dir='ltr'>τοῖς</span> <span class='ocrx_word' id='word_1_45' title='bbox 1056 831 1334 902; x_wconf 80' lang='grc' dir='ltr'>λογισμοῖς</span> <span class='ocrx_word' id='word_1_46' title='bbox 1350 835 1462 896; x_wconf 89' lang='grc' dir='ltr'>τοῖς</span> <span class='ocrx_word' id='word_1_47' title='bbox 1483 834 1866 903; x_wconf 87' lang='grc' dir='ltr'>ἀνθρωπίνοις,</span> <span class='ocrx_word' id='word_1_48' title='bbox 1896 838 2020 889; x_wconf 81' lang='grc' dir='ltr'>οὐκ·</span> 
     </span>
    </p>
   </div>
   <div class='ocr_carea' id='block_1_8' title="bbox 450 913 2024 991">
    <p class='ocr_par' dir='ltr' id='par_1_8' title="bbox 450 913 2024 991">
     <span class='ocr_line' id='line_1_8' title="bbox 450 913 2024 991; baseline 0.004 -26"><span class='ocrx_word' id='word_1_49' title='bbox 450 914 552 968; x_wconf 84' lang='grc' dir='ltr'>έτι.</span> <span class='ocrx_word' id='word_1_50' title='bbox 585 915 704 968; x_wconf 88' lang='grc' dir='ltr'>Τίνι</span> <span class='ocrx_word' id='word_1_51' title='bbox 729 913 837 986; x_wconf 88' lang='grc' dir='ltr'>γάρ</span> <span class='ocrx_word' id='word_1_52' title='bbox 858 914 967 966; x_wconf 91' lang='grc' dir='ltr'>τῶν</span> <span class='ocrx_word' id='word_1_53' title='bbox 988 913 1131 967; x_wconf 76' lang='grc' dir='ltr'>οὕτω</span> <span class='ocrx_word' id='word_1_54' title='bbox 1153 913 1466 985; x_wconf 77' lang='grc' dir='ltr'>νηχομένων</span> <span class='ocrx_word' id='word_1_55' title='bbox 1507 917 1847 988; x_wconf 85' lang='grc' dir='ltr'>κυϐερνήτης</span> <span class='ocrx_word' id='word_1_56' title='bbox 1882 937 2024 991; x_wconf 81' lang='grc' dir='ltr'>παρ-</span> 
     </span>
    </p>
   </div>
   <div class='ocr_carea' id='block_1_9' title="bbox 450 997 2026 1070">
    <p class='ocr_par' dir='ltr' id='par_1_9' title="bbox 450 997 2026 1070">
     <span class='ocr_line' id='line_1_9' title="bbox 450 997 2026 1070; baseline 0.004 -21"><span class='ocrx_word' id='word_1_57' title='bbox 450 997 643 1062; x_wconf 84' lang='grc' dir='ltr'>έσται;</span> <span class='ocrx_word' id='word_1_58' title='bbox 676 998 837 1051; x_wconf 86' lang='grc' dir='ltr'>’Ὥστε</span> <span class='ocrx_word' id='word_1_59' title='bbox 861 997 1065 1068; x_wconf 79' lang='grc' dir='ltr'>διπλῇό</span> <span class='ocrx_word' id='word_1_60' title='bbox 1086 998 1344 1063; x_wconf 85' lang='grc' dir='ltr'>κίνδυνος,</span> <span class='ocrx_word' id='word_1_61' title='bbox 1370 999 1448 1068; x_wconf 80' lang='grc' dir='ltr'>τῷ</span> <span class='ocrx_word' id='word_1_62' title='bbox 1474 1017 1532 1053; x_wconf 89' lang='grc' dir='ltr'>τε</span> <span class='ocrx_word' id='word_1_63' title='bbox 1564 1000 1638 1070; x_wconf 83' lang='grc' dir='ltr'>μὴ</span> <span class='ocrx_word' id='word_1_64' title='bbox 1667 1002 1847 1056; x_wconf 84' lang='grc' dir='ltr'>πλοῖον</span> <span class='ocrx_word' id='word_1_65' title='bbox 1866 1000 2026 1065; x_wconf 79' lang='grc' dir='ltr'>εἶναι,</span> 
     </span>
    </p>
   </div>
   <div class='ocr_carea' id='block_1_10' title="bbox 452 1080 2027 1156">
    <p class='ocr_par' dir='ltr' id='par_1_10' title="bbox 452 1080 2027 1156">
     <span class='ocr_line' id='line_1_10' title="bbox 452 1080 2027 1156; baseline 0.008 -26"><span class='ocrx_word' id='word_1_66' title='bbox 452 1080 526 1149; x_wconf 78' lang='grc' dir='ltr'>τῷ</span> <span class='ocrx_word' id='word_1_67' title='bbox 546 1097 603 1133; x_wconf 91' lang='grc' dir='ltr'>τε</span> <span class='ocrx_word' id='word_1_68' title='bbox 630 1081 969 1151; x_wconf 87' lang='grc' dir='ltr'>κυϐερνήτην</span> <span class='ocrx_word' id='word_1_69' title='bbox 984 1084 1223 1135; x_wconf 87' lang='grc' dir='ltr'>ἀπεῖναι.</span> <span class='ocrx_word' id='word_1_70' title='bbox 1256 1082 1319 1136; x_wconf 85' lang='grc' dir='ltr'><strong>Εἰ</strong></span> <span class='ocrx_word' id='word_1_71' title='bbox 1342 1083 1449 1153; x_wconf 91' lang='grc' dir='ltr'>γάρ</span> <span class='ocrx_word' id='word_1_72' title='bbox 1466 1084 1561 1136; x_wconf 76' lang='grc' dir='ltr'>καὶ</span> <span class='ocrx_word' id='word_1_73' title='bbox 1585 1085 1646 1137; x_wconf 83' lang='grc' dir='ltr'>τὸ</span> <span class='ocrx_word' id='word_1_74' title='bbox 1671 1086 1878 1156; x_wconf 82' lang='grc' dir='ltr'>σκάφος</span> <span class='ocrx_word' id='word_1_75' title='bbox 1895 1088 2027 1141; x_wconf 86' lang='grc' dir='ltr'>ἀνευ</span> 
     </span>
    </p>
   </div>
   <div class='ocr_carea' id='block_1_11' title="bbox 450 1162 2035 1240">
    <p class='ocr_par' dir='ltr' id='par_1_11' title="bbox 450 1162 2035 1240">
     <span class='ocr_line' id='line_1_11' title="bbox 450 1162 2035 1240; baseline 0.007 -25"><span class='ocrx_word' id='word_1_76' title='bbox 450 1162 781 1235; x_wconf 84' lang='grc' dir='ltr'>κυϐερνήτου</span> <span class='ocrx_word' id='word_1_77' title='bbox 809 1163 1094 1235; x_wconf 72' lang='grc' dir='ltr'>σφαλερὸν,</span> <span class='ocrx_word' id='word_1_78' title='bbox 1130 1164 1257 1218; x_wconf 86' lang='grc' dir='ltr'>ὅταν</span> <span class='ocrx_word' id='word_1_79' title='bbox 1290 1164 1576 1238; x_wconf 88' lang='grc' dir='ltr'>ἀμφότερα</span> <span class='ocrx_word' id='word_1_80' title='bbox 1596 1168 1732 1240; x_wconf 84' lang='grc' dir='ltr'>ἀπῇ,</span> <span class='ocrx_word' id='word_1_81' title='bbox 1769 1170 1895 1225; x_wconf 89' lang='grc' dir='ltr'>ποία</span> <span class='ocrx_word' id='word_1_82' title='bbox 1921 1189 2035 1226; x_wconf 62' lang='grc' dir='ltr'>σωοη</span> 
     </span>
    </p>
   </div>
   <div class='ocr_carea' id='block_1_12' title="bbox 1229 305 2893 394">
    <p class='ocr_par' dir='ltr' id='par_1_12' title="bbox 1229 305 2893 394">
     <span class='ocr_line' id='line_1_12' title="bbox 1229 305 2893 394; baseline -0.003 -32"><span class='ocrx_word' id='word_1_83' title='bbox 1229 306 1296 362; x_wconf 86' lang='grc' dir='ltr'>ΙΝ</span> <span class='ocrx_word' id='word_1_84' title='bbox 1334 305 1551 362; x_wconf 82' lang='lat' dir='ltr'>EPIST.</span> <span class='ocrx_word' id='word_1_85' title='bbox 1590 308 1604 361; x_wconf 95' lang='grc' dir='ltr'><strong>Ι</strong></span> <span class='ocrx_word' id='word_1_86' title='bbox 1636 307 1723 361; x_wconf 84' lang='lat' dir='ltr'>AD</span> <span class='ocrx_word' id='word_1_87' title='bbox 1758 308 2098 364; x_wconf 76' lang='lat' dir='ltr'>TIIESSAL.</span> <span class='ocrx_word' id='word_1_88' title='bbox 2147 308 2302 394; x_wconf 57' lang='lat' dir='ltr'>CAP.</span> <span class='ocrx_word' id='word_1_89' title='bbox 2340 310 2423 363; x_wconf 69' lang='lat' dir='ltr'>IV.</span> <span class='ocrx_word' id='word_1_90' title='bbox 2473 308 2707 364; x_wconf 75' lang='lat' dir='ltr'>IIOMIL.</span> <span class='ocrx_word' id='word_1_91' title='bbox 2753 307 2893 363; x_wconf 70' lang='lat' dir='ltr'>VIII.</span> 
     </span>
    </p>
   </div>
   <div class='ocr_carea' id='block_1_13' title="bbox 3605 309 3709 362">
    <p class='ocr_par' dir='ltr' id='par_1_13' title="bbox 3605 309 3709 362">
     <span class='ocr_line' id='line_1_13' title="bbox 3605 309 3709 362; baseline -0.058 -1"><span class='ocrx_word' id='word_1_92' title='bbox 3605 309 3709 362; x_wconf 72' lang='lat' dir='ltr'><strong>Mn</strong></span> 
     </span>
    </p>
   </div>
   <div class='ocr_carea' id='block_1_14' title="bbox 2127 417 3709 491">
    <p class='ocr_par' dir='ltr' id='par_1_14' title="bbox 2127 417 3709 491">
     <span class='ocr_line' id='line_1_14' title="bbox 2127 417 3709 491; baseline -0.002 -19"><span class='ocrx_word' id='word_1_93' title='bbox 2127 422 2325 491; x_wconf 88' lang='grc' dir='ltr'>τηρίας</span> <span class='ocrx_word' id='word_1_94' title='bbox 2358 421 2509 484; x_wconf 86' lang='grc' dir='ltr'>ἐλπίς</span> <span class='ocrx_word' id='word_1_95' title='bbox 2529 438 2544 485; x_wconf 91' lang='lat'><strong>;</strong></span> <span class='ocrx_word' id='word_1_96' title='bbox 2568 420 2659 490; x_wconf 82' lang='grc' dir='ltr'>Μὴ</span> <span class='ocrx_word' id='word_1_97' title='bbox 2686 418 2751 490; x_wconf 85' lang='grc' dir='ltr'>δὴ</span> <span class='ocrx_word' id='word_1_98' title='bbox 2798 420 3075 490; x_wconf 83' lang='grc' dir='ltr'>ρίπτωμεν</span> <span class='ocrx_word' id='word_1_99' title='bbox 3096 419 3321 480; x_wconf 78' lang='grc' dir='ltr'>ἐαυτοῦς</span> <span class='ocrx_word' id='word_1_100' title='bbox 3350 418 3429 481; x_wconf 84' lang='grc' dir='ltr'>είς</span> <span class='ocrx_word' id='word_1_101' title='bbox 3467 417 3709 470; x_wconf 78' lang='grc' dir='ltr'>κίνδυνσν</span> 
     </span>
    </p>
   </div>
   <div class='ocr_carea' id='block_1_15' title="bbox 2128 501 3709 573">
    <p class='ocr_par' dir='ltr' id='par_1_15' title="bbox 2128 501 3709 573">
     <span class='ocr_line' id='line_1_15' title="bbox 2128 501 3709 573; baseline 0.006 -21"><span class='ocrx_word' id='word_1_102' title='bbox 2128 504 2384 573; x_wconf 77' lang='grc' dir='ltr'>φανερὸν,</span> <span class='ocrx_word' id='word_1_103' title='bbox 2450 503 2563 557; x_wconf 76' lang='grc' dir='ltr'>ἀλλ’</span> <span class='ocrx_word' id='word_1_104' title='bbox 2606 503 2694 555; x_wconf 78' lang='grc' dir='ltr'>ἐπ’</span> <span class='ocrx_word' id='word_1_105' title='bbox 2747 502 3019 570; x_wconf 76' lang='grc' dir='ltr'>ἀσφαλοῦς</span> <span class='ocrx_word' id='word_1_106' title='bbox 3072 501 3364 571; x_wconf 86' lang='grc' dir='ltr'>βαίνωμεν,</span> <span class='ocrx_word' id='word_1_107' title='bbox 3415 502 3515 570; x_wconf 82' lang='grc' dir='ltr'>τῆς</span> <span class='ocrx_word' id='word_1_108' title='bbox 3557 503 3709 569; x_wconf 78' lang='grc' dir='ltr'>ἱερᾶς</span> 
     </span>
    </p>
   </div>
   <div class='ocr_carea' id='block_1_16' title="bbox 2127 582 3705 658">
    <p class='ocr_par' dir='ltr' id='par_1_16' title="bbox 2127 582 3705 658">
     <span class='ocr_line' id='line_1_16' title="bbox 2127 582 3705 658; baseline -0.005 -15"><span class='ocrx_word' id='word_1_109' title='bbox 2127 587 2372 658; x_wconf 81' lang='grc' dir='ltr'>ἀγκύρας</span> <span class='ocrx_word' id='word_1_110' title='bbox 2400 587 2795 657; x_wconf 77' lang='grc' dir='ltr'>ἐξαρτήσαντες</span> <span class='ocrx_word' id='word_1_111' title='bbox 2819 585 3062 649; x_wconf 76' lang='grc' dir='ltr'>ἑαυτούς.</span> <span class='ocrx_word' id='word_1_112' title='bbox 3088 585 3244 637; x_wconf 83' lang='grc' dir='ltr'>υῦτω</span> <span class='ocrx_word' id='word_1_113' title='bbox 3272 585 3380 655; x_wconf 84' lang='grc' dir='ltr'>γάρ</span> <span class='ocrx_word' id='word_1_114' title='bbox 3405 584 3484 646; x_wconf 88' lang='grc' dir='ltr'>είς</span> <span class='ocrx_word' id='word_1_115' title='bbox 3504 582 3594 635; x_wconf 77' lang='grc' dir='ltr'>τὸν</span> <span class='ocrx_word' id='word_1_116' title='bbox 3612 582 3705 635; x_wconf 81' lang='grc' dir='ltr'>εῦ-</span> 
     </span>
    </p>
   </div>
   <div class='ocr_carea' id='block_1_17' title="bbox 2128 666 3709 740">
    <p class='ocr_par' dir='ltr' id='par_1_17' title="bbox 2128 666 3709 740">
     <span class='ocr_line' id='line_1_17' title="bbox 2128 666 3709 740; baseline -0.005 -15"><span class='ocrx_word' id='word_1_117' title='bbox 2128 673 2240 725; x_wconf 89' lang='grc' dir='ltr'>διον</span> <span class='ocrx_word' id='word_1_118' title='bbox 2277 671 2472 740; x_wconf 85' lang='grc' dir='ltr'>λιμένα</span> <span class='ocrx_word' id='word_1_119' title='bbox 2512 669 3001 738; x_wconf 84' lang='grc' dir='ltr'>καταπλευσὸμεθα</span> <span class='ocrx_word' id='word_1_120' title='bbox 3051 668 3190 737; x_wconf 86' lang='grc' dir='ltr'>μετά</span> <span class='ocrx_word' id='word_1_121' title='bbox 3226 667 3427 736; x_wconf 83' lang='grc' dir='ltr'>πολλῆς</span> <span class='ocrx_word' id='word_1_122' title='bbox 3469 666 3568 735; x_wconf 87' lang='grc' dir='ltr'>μὲν</span> <span class='ocrx_word' id='word_1_123' title='bbox 3608 666 3709 733; x_wconf 80' lang='grc' dir='ltr'>τῆς</span> 
     </span>
    </p>
   </div>
   <div class='ocr_carea' id='block_1_18' title="bbox 2133 749 3710 824">
    <p class='ocr_par' dir='ltr' id='par_1_18' title="bbox 2133 749 3710 824">
     <span class='ocr_line' id='line_1_18' title="bbox 2133 749 3710 824; baseline -0.003 -18"><span class='ocrx_word' id='word_1_124' title='bbox 2133 755 2404 824; x_wconf 76' lang='grc' dir='ltr'>ἐμπορίας</span> <span class='ocrx_word' id='word_1_125' title='bbox 2435 767 2485 816; x_wconf 72' lang='grc' dir='ltr'>δ,</span> <span class='ocrx_word' id='word_1_126' title='bbox 2524 752 2662 823; x_wconf 92' lang='grc' dir='ltr'>μετά</span> <span class='ocrx_word' id='word_1_127' title='bbox 2691 751 2869 819; x_wconf 80' lang='grc' dir='ltr'>πάσης</span> <span class='ocrx_word' id='word_1_128' title='bbox 2893 751 2951 804; x_wconf 83' lang='grc' dir='ltr'>δὲ</span> <span class='ocrx_word' id='word_1_129' title='bbox 2988 750 3089 819; x_wconf 79' lang='grc' dir='ltr'>τῆς</span> <span class='ocrx_word' id='word_1_130' title='bbox 3118 750 3413 819; x_wconf 68' lang='grc' dir='ltr'>ἀσφαλείας</span> <span class='ocrx_word' id='word_1_131' title='bbox 3432 766 3448 781; x_wconf 78' lang='grc' dir='ltr'><strong>ο</strong></span> <span class='ocrx_word' id='word_1_132' title='bbox 3480 750 3571 802; x_wconf 78' lang='grc' dir='ltr'>καὶ</span> <span class='ocrx_word' id='word_1_133' title='bbox 3598 749 3710 801; x_wconf 86' lang='grc' dir='ltr'>τῶν</span> 
     </span>
    </p>
   </div>
   <div class='ocr_carea' id='block_1_19' title="bbox 2126 833 3706 906">
    <p class='ocr_par' dir='ltr' id='par_1_19' title="bbox 2126 833 3706 906">
     <span class='ocr_line' id='line_1_19' title="bbox 2126 833 3706 906; baseline -0.004 -16"><span class='ocrx_word' id='word_1_134' title='bbox 2126 838 2503 906; x_wconf 80' lang='grc' dir='ltr'>ἀποκειμένων</span> <span class='ocrx_word' id='word_1_135' title='bbox 2531 838 2643 900; x_wconf 89' lang='grc' dir='ltr'>τοῖς</span> <span class='ocrx_word' id='word_1_136' title='bbox 2666 834 2956 902; x_wconf 83' lang='grc' dir='ltr'>ἀγαπῶσιν</span> <span class='ocrx_word' id='word_1_137' title='bbox 2991 834 3152 887; x_wconf 82' lang='grc' dir='ltr'>αὑτὸν</span> <span class='ocrx_word' id='word_1_138' title='bbox 3185 835 3532 904; x_wconf 81' lang='grc' dir='ltr'>ἐπιτύχωμεν</span> <span class='ocrx_word' id='word_1_139' title='bbox 3565 833 3706 898; x_wconf 83' lang='grc' dir='ltr'>ἀγα-</span> 
     </span>
    </p>
   </div>
   <div class='ocr_carea' id='block_1_20' title="bbox 2126 907 3705 988">
    <p class='ocr_par' dir='ltr' id='par_1_20' title="bbox 2126 907 3705 988">
     <span class='ocr_line' id='line_1_20' title="bbox 2126 907 3705 988; baseline -0.004 -16"><span class='ocrx_word' id='word_1_140' title='bbox 2126 919 2234 972; x_wconf 90' lang='grc' dir='ltr'>θῶν</span> <span class='ocrx_word' id='word_1_141' title='bbox 2263 922 2321 972; x_wconf 88' lang='grc' dir='ltr'>ἐν</span> <span class='ocrx_word' id='word_1_142' title='bbox 2353 918 2577 988; x_wconf 84' lang='grc' dir='ltr'>Χριστῷ</span> <span class='ocrx_word' id='word_1_143' title='bbox 2622 916 2795 987; x_wconf 84' lang='grc' dir='ltr'>Ἰησοῦ</span> <span class='ocrx_word' id='word_1_144' title='bbox 2837 915 2913 986; x_wconf 85' lang='grc' dir='ltr'>τῷ</span> <span class='ocrx_word' id='word_1_145' title='bbox 2939 918 3128 987; x_wconf 83' lang='grc' dir='ltr'>Κυρίῳ</span> <span class='ocrx_word' id='word_1_146' title='bbox 3160 917 3342 988; x_wconf 84' lang='grc' dir='ltr'>ήμῶν,</span> <span class='ocrx_word' id='word_1_147' title='bbox 3392 916 3509 986; x_wconf 84' lang='grc' dir='ltr'>μεθ’</span> <span class='ocrx_word' id='word_1_148' title='bbox 3539 907 3600 967; x_wconf 71' lang='grc' dir='ltr'>οὗ</span> <span class='ocrx_word' id='word_1_149' title='bbox 3626 911 3705 983; x_wconf 82' lang='grc' dir='ltr'>τῷ</span> 
     </span>
    </p>
   </div>
   <div class='ocr_carea' id='block_1_21' title="bbox 2128 998 3594 1072">
    <p class='ocr_par' dir='ltr' id='par_1_21' title="bbox 2128 998 3594 1072">
     <span class='ocr_line' id='line_1_21' title="bbox 2128 998 3594 1072; baseline 0 -17"><span class='ocrx_word' id='word_1_150' title='bbox 2128 1003 2302 1070; x_wconf 76' lang='grc' dir='ltr'>Πατρὶ</span> <span class='ocrx_word' id='word_1_151' title='bbox 2324 1002 2440 1072; x_wconf 83' lang='grc' dir='ltr'>ἀμα</span> <span class='ocrx_word' id='word_1_152' title='bbox 2469 1000 2547 1071; x_wconf 85' lang='grc' dir='ltr'>τῷ</span> <span class='ocrx_word' id='word_1_153' title='bbox 2576 1001 2716 1071; x_wconf 82' lang='grc' dir='ltr'>ἀγίῳ</span> <span class='ocrx_word' id='word_1_154' title='bbox 2745 998 3025 1069; x_wconf 81' lang='grc' dir='ltr'>[Ινεύματι</span> <span class='ocrx_word' id='word_1_155' title='bbox 3049 1000 3195 1066; x_wconf 76' lang='grc' dir='ltr'>δόξα,</span> <span class='ocrx_word' id='word_1_156' title='bbox 3227 1001 3319 1053; x_wconf 78' lang='grc' dir='ltr'>καὶ</span> <span class='ocrx_word' id='word_1_157' title='bbox 3347 1001 3415 1053; x_wconf 81' lang='grc' dir='ltr'>τά</span> <span class='ocrx_word' id='word_1_158' title='bbox 3448 999 3594 1069; x_wconf 78' lang='grc' dir='ltr'>ἑξῆς.</span> 
     </span>
    </p>
   </div>
   <div class='ocr_carea' id='block_1_22' title="bbox 2193 1180 3307 1242">
    <p class='ocr_par' dir='ltr' id='par_1_22' title="bbox 2193 1180 3307 1242">
     <span class='ocr_line' id='line_1_22' title="bbox 2193 1180 3307 1242; baseline 0.001 -13"><span class='ocrx_word' id='word_1_159' title='bbox 2193 1182 2217 1210; x_wconf 79' lang='grc'><em>⁸</em></span> <span class='ocrx_word' id='word_1_160' title='bbox 2245 1180 2377 1229; x_wconf 83' lang='lat' dir='ltr'>Unus</span> <span class='ocrx_word' id='word_1_161' title='bbox 2397 1180 2504 1229; x_wconf 89' lang='lat' dir='ltr'>cod.</span> <span class='ocrx_word' id='word_1_162' title='bbox 2527 1185 2581 1227; x_wconf 77' lang='lat' dir='ltr'>et</span> <span class='ocrx_word' id='word_1_163' title='bbox 2601 1193 2755 1241; x_wconf 78' lang='lat' dir='ltr'>marg.</span> <span class='ocrx_word' id='word_1_164' title='bbox 2778 1182 2949 1241; x_wconf 81' lang='lat' dir='ltr'>Savil.,</span> <span class='ocrx_word' id='word_1_165' title='bbox 2971 1188 3054 1237; x_wconf 84' lang='grc' dir='ltr'>τῆς</span> <span class='ocrx_word' id='word_1_166' title='bbox 3074 1180 3307 1242; x_wconf 79' lang='grc' dir='ltr'>εὐπορίας.</span> 
     </span>
    </p>
   </div>
   <div class='ocr_carea' id='block_1_23' title="bbox 476 1362 3665 1391">
    <p class='ocr_par' dir='ltr' id='par_1_23' title="bbox 476 1362 3665 1391">
     <span class='ocr_line' id='line_1_23' title="bbox 476 1362 3665 1391; baseline 0 -15"><span class='ocrx_word' id='word_1_167' title='bbox 476 1362 3665 1391; x_wconf 79' lang='lat'>_.______________________________________________________</span> 
     </span>
    </p>
   </div>
   <div class='ocr_carea' id='block_1_24' title="bbox 1876 1542 2229 1596">
    <p class='ocr_par' dir='ltr' id='par_1_24' title="bbox 1876 1542 2229 1596">
     <span class='ocr_line' id='line_1_24' title="bbox 1876 1542 2229 1596; baseline 0.003 -1"><span class='ocrx_word' id='word_1_168' title='bbox 1876 1542 2116 1595; x_wconf 78' lang='lat' dir='ltr'>OMIAIA</span> <span class='ocrx_word' id='word_1_169' title='bbox 2148 1543 2229 1596; x_wconf 69' lang='grc' dir='ltr'>Ην.</span> 
     </span>
    </p>
   </div>
   <div class='ocr_carea' id='block_1_25' title="bbox 454 1670 2016 1745">
    <p class='ocr_par' dir='ltr' id='par_1_25' title="bbox 454 1670 2016 1745">
     <span class='ocr_line' id='line_1_25' title="bbox 454 1670 2016 1745; baseline 0.003 -21"><span class='ocrx_word' id='word_1_170' title='bbox 454 1671 662 1745; x_wconf 35' lang='grc' dir='ltr'>Τοῦτο-</span> <span class='ocrx_word' id='word_1_171' title='bbox 678 1670 977 1745; x_wconf 24' lang='grc' dir='ltr'>γῲᾼῄμῖν</span> <span class='ocrx_word' id='word_1_172' title='bbox 1014 1673 1271 1742; x_wconf 87' lang='grc' dir='ltr'>λέγομεν</span> <span class='ocrx_word' id='word_1_173' title='bbox 1328 1674 1400 1729; x_wconf 80' lang='grc' dir='ltr'>ἐν</span> <span class='ocrx_word' id='word_1_174' title='bbox 1426 1676 1586 1745; x_wconf 86' lang='grc' dir='ltr'>λόγῳ</span> <span class='ocrx_word' id='word_1_175' title='bbox 1632 1675 1885 1745; x_wconf 89' lang='grc' dir='ltr'>Κυρίου,</span> <span class='ocrx_word' id='word_1_176' title='bbox 1926 1674 2016 1728; x_wconf 83' lang='grc' dir='ltr'>ὅτι</span> 
     </span>
    </p>
   </div>
   <div class='ocr_carea' id='block_1_26' title="bbox 521 1741 2017 1813">
    <p class='ocr_par' dir='ltr' id='par_1_26' title="bbox 521 1741 2017 1813">
     <span class='ocr_line' id='line_1_26' title="bbox 521 1741 2017 1813; baseline 0.003 -21"><span class='ocrx_word' id='word_1_177' title='bbox 521 1741 693 1811; x_wconf 73' lang='grc' dir='ltr'>ἡμεῖς</span> <span class='ocrx_word' id='word_1_178' title='bbox 720 1746 775 1798; x_wconf 84' lang='grc' dir='ltr'>οι</span> <span class='ocrx_word' id='word_1_179' title='bbox 803 1741 1011 1813; x_wconf 71' lang='grc' dir='ltr'>ζῶντες</span> <span class='ocrx_word' id='word_1_180' title='bbox 1029 1746 1082 1797; x_wconf 88' lang='grc' dir='ltr'>οί</span> <span class='ocrx_word' id='word_1_181' title='bbox 1100 1741 1584 1813; x_wconf 80' lang='grc' dir='ltr'>περιλειπόμενοι</span> <span class='ocrx_word' id='word_1_182' title='bbox 1604 1747 1691 1810; x_wconf 85' lang='grc' dir='ltr'>είς</span> <span class='ocrx_word' id='word_1_183' title='bbox 1714 1741 1828 1811; x_wconf 81' lang='grc' dir='ltr'>τὴν</span> <span class='ocrx_word' id='word_1_184' title='bbox 1870 1760 2017 1812; x_wconf 87' lang='grc' dir='ltr'>παρ-</span> 
     </span>
    </p>
   </div>
   <div class='ocr_carea' id='block_1_27' title="bbox 516 1812 2016 1884">
    <p class='ocr_par' dir='ltr' id='par_1_27' title="bbox 516 1812 2016 1884">
     <span class='ocr_line' id='line_1_27' title="bbox 516 1812 2016 1884; baseline 0.002 -20"><span class='ocrx_word' id='word_1_185' title='bbox 516 1814 740 1884; x_wconf 81' lang='grc' dir='ltr'>ουσίαν</span> <span class='ocrx_word' id='word_1_186' title='bbox 765 1812 1138 1884; x_wconf 20' lang='grc' dir='ltr'>τοῦλΚυρίου,</span> <span class='ocrx_word' id='word_1_187' title='bbox 1170 1816 1243 1868; x_wconf 84' lang='grc' dir='ltr'>οὺ</span> <span class='ocrx_word' id='word_1_188' title='bbox 1262 1814 1347 1884; x_wconf 78' lang='grc' dir='ltr'>μὴ</span> <span class='ocrx_word' id='word_1_189' title='bbox 1382 1814 1702 1883; x_wconf 69' lang='grc' dir='ltr'>φθάσωμεν</span> <span class='ocrx_word' id='word_1_190' title='bbox 1725 1813 1866 1878; x_wconf 84' lang='grc' dir='ltr'>τοὺς</span> <span class='ocrx_word' id='word_1_191' title='bbox 1898 1831 2016 1867; x_wconf 84' lang='grc' dir='ltr'>κοι-</span> 
     </span>
    </p>
   </div>
   <div class='ocr_carea' id='block_1_28' title="bbox 512 1882 2015 1953">
    <p class='ocr_par' dir='ltr' id='par_1_28' title="bbox 512 1882 2015 1953">
     <span class='ocr_line' id='line_1_28' title="bbox 512 1882 2015 1953; baseline 0.001 -19"><span class='ocrx_word' id='word_1_192' title='bbox 512 1883 811 1953; x_wconf 82' lang='grc' dir='ltr'>μηθέντας</span> <span class='ocrx_word' id='word_1_193' title='bbox 830 1900 842 1912; x_wconf 81' lang='grc'><em>’</em></span> <span class='ocrx_word' id='word_1_194' title='bbox 869 1882 960 1936; x_wconf 84' lang='grc' dir='ltr'>ὅτι</span> <span class='ocrx_word' id='word_1_195' title='bbox 988 1884 1170 1953; x_wconf 79' lang='grc' dir='ltr'>αὐτὸς</span> <span class='ocrx_word' id='word_1_196' title='bbox 1214 1882 1492 1953; x_wconf 66' lang='grc' dir='ltr'>δ’Κύριος</span> <span class='ocrx_word' id='word_1_197' title='bbox 1532 1882 1601 1937; x_wconf 85' lang='grc' dir='ltr'>ἐν</span> <span class='ocrx_word' id='word_1_198' title='bbox 1638 1888 2015 1953; x_wconf 69' lang='grc' dir='ltr'>κελεύσματι,</span> 
     </span>
    </p>
   </div>
   <div class='ocr_carea' id='block_1_29' title="bbox 517 1952 2018 2023">
    <p class='ocr_par' dir='ltr' id='par_1_29' title="bbox 517 1952 2018 2023">
     <span class='ocr_line' id='line_1_29' title="bbox 517 1952 2018 2023; baseline 0.001 -18"><span class='ocrx_word' id='word_1_199' title='bbox 517 1952 777 2021; x_wconf 59' lang='grc' dir='ltr'>ἐνσωνῇ</span> <span class='ocrx_word' id='word_1_200' title='bbox 817 1952 1211 2023; x_wconf 73' lang='grc' dir='ltr'>ἀρχαγγέλου,</span> <span class='ocrx_word' id='word_1_201' title='bbox 1257 1952 1375 2008; x_wconf 27' lang='grc' dir='ltr'>καὶί</span> <span class='ocrx_word' id='word_1_202' title='bbox 1408 1956 1478 2007; x_wconf 82' lang='grc' dir='ltr'>ἐν</span> <span class='ocrx_word' id='word_1_203' title='bbox 1532 1955 1820 2023; x_wconf 83' lang='grc' dir='ltr'>σάλπιγγι</span> <span class='ocrx_word' id='word_1_204' title='bbox 1860 1952 2018 2007; x_wconf 76' lang='grc' dir='ltr'>Θεοῦ</span> 
     </span>
    </p>
   </div>
   <div class='ocr_carea' id='block_1_30' title="bbox 518 2022 2020 2092">
    <p class='ocr_par' dir='ltr' id='par_1_30' title="bbox 518 2022 2020 2092">
     <span class='ocr_line' id='line_1_30' title="bbox 518 2022 2020 2092; baseline 0.002 -19"><span class='ocrx_word' id='word_1_205' title='bbox 518 2023 914 2088; x_wconf 76' lang='grc' dir='ltr'>καταϐήσεται</span> <span class='ocrx_word' id='word_1_206' title='bbox 960 2022 1061 2076; x_wconf 86' lang='grc' dir='ltr'>ἀπ’</span> <span class='ocrx_word' id='word_1_207' title='bbox 1123 2024 1402 2089; x_wconf 84' lang='grc' dir='ltr'>οὐρανοῦ,</span> <span class='ocrx_word' id='word_1_208' title='bbox 1448 2027 1544 2077; x_wconf 76' lang='grc' dir='ltr'>καὶ</span> <span class='ocrx_word' id='word_1_209' title='bbox 1591 2028 1644 2077; x_wconf 87' lang='grc' dir='ltr'>οί</span> <span class='ocrx_word' id='word_1_210' title='bbox 1686 2022 1885 2092; x_wconf 77' lang='grc' dir='ltr'>νεκροὶ</span> <span class='ocrx_word' id='word_1_211' title='bbox 1950 2025 2020 2075; x_wconf 78' lang='grc' dir='ltr'>έν</span> 
     </span>
    </p>
   </div>
   <div class='ocr_carea' id='block_1_31' title="bbox 516 2092 2019 2162">
    <p class='ocr_par' dir='ltr' id='par_1_31' title="bbox 516 2092 2019 2162">
     <span class='ocr_line' id='line_1_31' title="bbox 516 2092 2019 2162; baseline -0.001 -18"><span class='ocrx_word' id='word_1_212' title='bbox 516 2094 749 2162; x_wconf 83' lang='grc' dir='ltr'>Χριστῴ</span> <span class='ocrx_word' id='word_1_213' title='bbox 769 2092 1216 2158; x_wconf 80' lang='grc' dir='ltr'>ἀναστήσονται</span> <span class='ocrx_word' id='word_1_214' title='bbox 1260 2094 1495 2162; x_wconf 82' lang='grc' dir='ltr'>πρῶτοι.</span> <span class='ocrx_word' id='word_1_215' title='bbox 1558 2095 1804 2147; x_wconf 82' lang='grc' dir='ltr'>Ἔπειτα</span> <span class='ocrx_word' id='word_1_216' title='bbox 1849 2093 2019 2162; x_wconf 72' lang='grc' dir='ltr'>ἡμεῖς</span> 
     </span>
    </p>
   </div>
   <div class='ocr_carea' id='block_1_32' title="bbox 518 2161 2020 2233">
    <p class='ocr_par' dir='ltr' id='par_1_32' title="bbox 518 2161 2020 2233">
     <span class='ocr_line' id='line_1_32' title="bbox 518 2161 2020 2233; baseline 0.002 -19"><span class='ocrx_word' id='word_1_217' title='bbox 518 2167 572 2214; x_wconf 73' lang='grc' dir='ltr'>οἱ</span> <span class='ocrx_word' id='word_1_218' title='bbox 614 2161 822 2227; x_wconf 74' lang='grc' dir='ltr'>ζῶντες</span> <span class='ocrx_word' id='word_1_219' title='bbox 849 2165 902 2216; x_wconf 85' lang='grc' dir='ltr'>οί</span> <span class='ocrx_word' id='word_1_220' title='bbox 956 2165 1431 2233; x_wconf 70' lang='grc' dir='ltr'>περιλειπόμενοι</span> <span class='ocrx_word' id='word_1_221' title='bbox 1481 2164 1601 2233; x_wconf 80' lang='grc' dir='ltr'>ἅμα</span> <span class='ocrx_word' id='word_1_222' title='bbox 1654 2163 1775 2217; x_wconf 86' lang='grc' dir='ltr'>σὺν</span> <span class='ocrx_word' id='word_1_223' title='bbox 1818 2161 2020 2227; x_wconf 79' lang='grc' dir='ltr'>αὔτοῖς</span> 
     </span>
    </p>
   </div>
   <div class='ocr_carea' id='block_1_33' title="bbox 518 2233 2018 2302">
    <p class='ocr_par' dir='ltr' id='par_1_33' title="bbox 518 2233 2018 2302">
     <span class='ocr_line' id='line_1_33' title="bbox 518 2233 2018 2302; baseline -0.001 -16"><span class='ocrx_word' id='word_1_224' title='bbox 518 2233 982 2301; x_wconf 80' lang='grc' dir='ltr'>ἁρπαγησόμεθα</span> <span class='ocrx_word' id='word_1_225' title='bbox 1002 2233 1073 2285; x_wconf 83' lang='grc' dir='ltr'>ἐν</span> <span class='ocrx_word' id='word_1_226' title='bbox 1099 2233 1379 2302; x_wconf 66' lang='grc' dir='ltr'>νεφέλαις</span> <span class='ocrx_word' id='word_1_227' title='bbox 1417 2236 1504 2299; x_wconf 87' lang='grc' dir='ltr'>εὶς</span> <span class='ocrx_word' id='word_1_228' title='bbox 1540 2234 1881 2301; x_wconf 81' lang='grc' dir='ltr'>ἀπάντησιν</span> <span class='ocrx_word' id='word_1_229' title='bbox 1912 2233 2018 2285; x_wconf 88' lang='grc' dir='ltr'>τοῦ</span> 
     </span>
    </p>
   </div>
   <div class='ocr_carea' id='block_1_34' title="bbox 517 2302 2020 2426">
    <p class='ocr_par' dir='ltr' id='par_1_34' title="bbox 517 2302 2020 2426">
     <span class='ocr_line' id='line_1_34' title="bbox 517 2302 2020 2426; baseline -0.001 -70"><span class='ocrx_word' id='word_1_230' title='bbox 517 2304 743 2426; x_wconf 54' lang='grc' dir='ltr'>ξυὲίοῖ</span> <span class='ocrx_word' id='word_1_231' title='bbox 758 2305 844 2370; x_wconf 84' lang='grc' dir='ltr'>εις</span> <span class='ocrx_word' id='word_1_232' title='bbox 868 2303 1030 2371; x_wconf 82' lang='grc' dir='ltr'>ἀέρα,</span> <span class='ocrx_word' id='word_1_233' title='bbox 1078 2306 1174 2357; x_wconf 79' lang='grc' dir='ltr'>καὶ</span> <span class='ocrx_word' id='word_1_234' title='bbox 1194 2304 1344 2357; x_wconf 83' lang='grc' dir='ltr'>οὕτω</span> <span class='ocrx_word' id='word_1_235' title='bbox 1368 2302 1625 2358; x_wconf 87' lang='grc' dir='ltr'>πάντοτε</span> <span class='ocrx_word' id='word_1_236' title='bbox 1655 2303 1777 2357; x_wconf 84' lang='grc' dir='ltr'>σὺν</span> <span class='ocrx_word' id='word_1_237' title='bbox 1824 2304 2020 2370; x_wconf 67' lang='grc' dir='ltr'>Κυρίῳ</span> 
     </span>
     <span class='ocr_line' id='line_1_35' title="bbox 557 2388 801 2426; baseline 0 0"><span class='ocrx_word' id='word_1_238' title='bbox 557 2388 599 2426; x_wconf 91' lang='grc' dir='ltr'>σ</span> <span class='ocrx_word' id='word_1_239' title='bbox 636 2389 706 2426; x_wconf 79' lang='lat' dir='ltr'>us</span> <span class='ocrx_word' id='word_1_240' title='bbox 744 2388 801 2426; x_wconf 86' lang='grc' dir='ltr'>α.</span> 
     </span>
    </p>
   </div>
   <div class='ocr_carea' id='block_1_35' title="bbox 557 2376 801 2443">
    <p class='ocr_par' dir='ltr' id='par_1_35' title="bbox 557 2376 801 2443">
     <span class='ocr_line' id='line_1_36' title="bbox 557 2376 801 2443; baseline 0.004 -17"><span class='ocrx_word' id='word_1_241' title='bbox 557 2376 801 2443; x_wconf 86' lang='grc' dir='ltr'>σόμεθα.</span> 
     </span>
    </p>
   </div>
   <div class='ocr_carea' id='block_1_36' title="bbox 522 2501 2020 2573">
    <p class='ocr_par' dir='ltr' id='par_1_36' title="bbox 522 2501 2020 2573">
     <span class='ocr_line' id='line_1_37' title="bbox 522 2501 2020 2573; baseline 0.001 -18"><span class='ocrx_word' id='word_1_242' title='bbox 522 2508 595 2558; x_wconf 81' lang='grc' dir='ltr'>α’.</span> <span class='ocrx_word' id='word_1_243' title='bbox 624 2502 688 2556; x_wconf 78' lang='grc' dir='ltr'>Οἱ</span> <span class='ocrx_word' id='word_1_244' title='bbox 718 2501 994 2573; x_wconf 79' lang='grc' dir='ltr'>προφῆται</span> <span class='ocrx_word' id='word_1_245' title='bbox 1021 2501 1120 2572; x_wconf 81' lang='grc' dir='ltr'>μὲν</span> <span class='ocrx_word' id='word_1_246' title='bbox 1144 2501 1203 2555; x_wconf 86' lang='grc' dir='ltr'>τὸ</span> <span class='ocrx_word' id='word_1_247' title='bbox 1231 2502 1542 2569; x_wconf 83' lang='grc' dir='ltr'>ἀξιόπιστον</span> <span class='ocrx_word' id='word_1_248' title='bbox 1572 2502 1680 2557; x_wconf 87' lang='grc' dir='ltr'>τῶν</span> <span class='ocrx_word' id='word_1_249' title='bbox 1709 2502 2020 2573; x_wconf 88' lang='grc' dir='ltr'>λεγομένων</span> 
     </span>
    </p>
   </div>
   <div class='ocr_carea' id='block_1_37' title="bbox 444 2584 2021 2655">
    <p class='ocr_par' dir='ltr' id='par_1_37' title="bbox 444 2584 2021 2655">
     <span class='ocr_line' id='line_1_38' title="bbox 444 2584 2021 2655; baseline 0.001 -17"><span class='ocrx_word' id='word_1_250' title='bbox 444 2585 617 2652; x_wconf 77' lang='grc' dir='ltr'>δεῖξαι</span> <span class='ocrx_word' id='word_1_251' title='bbox 648 2584 981 2655; x_wconf 82' lang='grc' dir='ltr'>βουλόμενοι,</span> <span class='ocrx_word' id='word_1_252' title='bbox 1013 2585 1119 2653; x_wconf 84' lang='grc' dir='ltr'>πρὸ</span> <span class='ocrx_word' id='word_1_253' title='bbox 1149 2585 1256 2637; x_wconf 89' lang='grc' dir='ltr'>τῶν</span> <span class='ocrx_word' id='word_1_254' title='bbox 1281 2585 1458 2639; x_wconf 85' lang='grc' dir='ltr'>ἄλλων</span> <span class='ocrx_word' id='word_1_255' title='bbox 1473 2585 1729 2639; x_wconf 85' lang='grc' dir='ltr'>ἁπάντων</span> <span class='ocrx_word' id='word_1_256' title='bbox 1755 2584 1917 2638; x_wconf 91' lang='grc' dir='ltr'>τοῦτο</span> <span class='ocrx_word' id='word_1_257' title='bbox 1937 2587 2021 2639; x_wconf 88' lang='grc' dir='ltr'>λέ-</span> 
     </span>
    </p>
   </div>
   <div class='ocr_carea' id='block_1_38' title="bbox 454 2663 2019 2736">
    <p class='ocr_par' dir='ltr' id='par_1_38' title="bbox 454 2663 2019 2736">
     <span class='ocr_line' id='line_1_39' title="bbox 454 2663 2019 2736; baseline 0 -15"><span class='ocrx_word' id='word_1_258' title='bbox 454 2685 663 2735; x_wconf 84' lang='grc' dir='ltr'>γουσιν·</span> <span class='ocrx_word' id='word_1_259' title='bbox 691 2669 960 2736; x_wconf 84' lang='grc' dir='ltr'>Ὀρασις,</span> <span class='ocrx_word' id='word_1_260' title='bbox 1015 2666 1097 2733; x_wconf 79' lang='grc' dir='ltr'>ἢν</span> <span class='ocrx_word' id='word_1_261' title='bbox 1140 2663 1301 2721; x_wconf 79' lang='grc' dir='ltr'>εἶδεν</span> <span class='ocrx_word' id='word_1_262' title='bbox 1356 2669 1632 2734; x_wconf 81' lang='grc' dir='ltr'>Ἦσαΐας’</span> <span class='ocrx_word' id='word_1_263' title='bbox 1691 2668 1784 2721; x_wconf 74' lang='grc' dir='ltr'>καὶ</span> <span class='ocrx_word' id='word_1_264' title='bbox 1835 2667 2019 2731; x_wconf 89' lang='grc' dir='ltr'>πάλιν,</span> 
     </span>
    </p>
   </div>
   <div class='ocr_carea' id='block_1_39' title="bbox 457 2748 2022 2819">
    <p class='ocr_par' dir='ltr' id='par_1_39' title="bbox 457 2748 2022 2819">
     <span class='ocr_line' id='line_1_40' title="bbox 457 2748 2022 2819; baseline 0.001 -16"><span class='ocrx_word' id='word_1_265' title='bbox 457 2749 648 2819; x_wconf 80' lang='grc' dir='ltr'>Ῥἦμα</span> <span class='ocrx_word' id='word_1_266' title='bbox 679 2749 921 2817; x_wconf 84' lang='grc' dir='ltr'>Κυρίου,</span> <span class='ocrx_word' id='word_1_267' title='bbox 954 2749 986 2801; x_wconf 84' lang='grc' dir='ltr'><em>ὃ</em></span> <span class='ocrx_word' id='word_1_268' title='bbox 1033 2748 1285 2818; x_wconf 78' lang='grc' dir='ltr'>ἐγενήθη</span> <span class='ocrx_word' id='word_1_269' title='bbox 1344 2750 1493 2818; x_wconf 83' lang='grc' dir='ltr'>πρὸς</span> <span class='ocrx_word' id='word_1_270' title='bbox 1562 2751 1878 2819; x_wconf 73' lang='grc' dir='ltr'>Ἰερεμίανο</span> <span class='ocrx_word' id='word_1_271' title='bbox 1927 2753 2022 2806; x_wconf 79' lang='grc' dir='ltr'>καὶ</span> 
     </span>
    </p>
   </div>
   <div class='ocr_carea' id='block_1_40' title="bbox 447 2831 2019 2902">
    <p class='ocr_par' dir='ltr' id='par_1_40' title="bbox 447 2831 2019 2902">
     <span class='ocr_line' id='line_1_41' title="bbox 447 2831 2019 2902; baseline 0.001 -17"><span class='ocrx_word' id='word_1_272' title='bbox 447 2834 633 2901; x_wconf 88' lang='grc' dir='ltr'>πάλιν,</span> <span class='ocrx_word' id='word_1_273' title='bbox 660 2831 803 2887; x_wconf 82' lang='grc' dir='ltr'>Τάδε</span> <span class='ocrx_word' id='word_1_274' title='bbox 824 2831 988 2902; x_wconf 79' lang='grc' dir='ltr'>λέγει</span> <span class='ocrx_word' id='word_1_275' title='bbox 1008 2832 1240 2899; x_wconf 86' lang='grc' dir='ltr'>Κύριος,</span> <span class='ocrx_word' id='word_1_276' title='bbox 1266 2833 1359 2885; x_wconf 77' lang='grc' dir='ltr'>καὶ</span> <span class='ocrx_word' id='word_1_277' title='bbox 1382 2833 1482 2886; x_wconf 85' lang='grc' dir='ltr'>ὅσα</span> <span class='ocrx_word' id='word_1_278' title='bbox 1514 2833 1769 2887; x_wconf 88' lang='grc' dir='ltr'>τοσαῦτα.</span> <span class='ocrx_word' id='word_1_279' title='bbox 1823 2833 2019 2889; x_wconf 81' lang='grc' dir='ltr'>Πολλοὶ</span> 
     </span>
    </p>
   </div>
   <div class='ocr_carea' id='block_1_41' title="bbox 444 2915 2015 2986">
    <p class='ocr_par' dir='ltr' id='par_1_41' title="bbox 444 2915 2015 2986">
     <span class='ocr_line' id='line_1_42' title="bbox 444 2915 2015 2986; baseline 0.001 -18"><span class='ocrx_word' id='word_1_280' title='bbox 444 2917 500 2969; x_wconf 80' lang='grc' dir='ltr'>δὲ</span> <span class='ocrx_word' id='word_1_281' title='bbox 538 2918 631 2970; x_wconf 71' lang='grc' dir='ltr'>καὶ</span> <span class='ocrx_word' id='word_1_282' title='bbox 663 2916 824 2969; x_wconf 77' lang='grc' dir='ltr'>αὐτὸν</span> <span class='ocrx_word' id='word_1_283' title='bbox 850 2915 1153 2986; x_wconf 86' lang='grc' dir='ltr'>καθήμενον</span> <span class='ocrx_word' id='word_1_284' title='bbox 1175 2915 1344 2986; x_wconf 85' lang='grc' dir='ltr'>ὁρῶσι</span> <span class='ocrx_word' id='word_1_285' title='bbox 1367 2916 1458 2968; x_wconf 82' lang='grc' dir='ltr'>τὸν</span> <span class='ocrx_word' id='word_1_286' title='bbox 1496 2915 1649 2979; x_wconf 82' lang='grc' dir='ltr'>Θεὸν,</span> <span class='ocrx_word' id='word_1_287' title='bbox 1696 2916 1774 2980; x_wconf 88' lang='grc' dir='ltr'>ὼς</span> <span class='ocrx_word' id='word_1_288' title='bbox 1832 2917 2015 2981; x_wconf 84' lang='grc' dir='ltr'>αὐτοῖς</span> 
     </span>
    </p>
   </div>
   <div class='ocr_carea' id='block_1_42' title="bbox 443 2996 2012 3073">
    <p class='ocr_par' dir='ltr' id='par_1_42' title="bbox 443 2996 2012 3073">
     <span class='ocr_line' id='line_1_43' title="bbox 443 2996 2012 3073; baseline -0.001 -21"><span class='ocrx_word' id='word_1_289' title='bbox 443 3000 573 3053; x_wconf 83' lang='grc' dir='ltr'>ίδεῖν</span> <span class='ocrx_word' id='word_1_290' title='bbox 626 2999 866 3073; x_wconf 82' lang='grc' dir='ltr'>δυνατόν.</span> <span class='ocrx_word' id='word_1_291' title='bbox 914 2998 974 3051; x_wconf 90' lang='lat'>&#39;0</span> <span class='ocrx_word' id='word_1_292' title='bbox 1034 2997 1090 3051; x_wconf 85' lang='grc' dir='ltr'>δὲ</span> <span class='ocrx_word' id='word_1_293' title='bbox 1147 2996 1354 3060; x_wconf 80' lang='grc' dir='ltr'>Παῦλος</span> <span class='ocrx_word' id='word_1_294' title='bbox 1403 2998 1463 3051; x_wconf 82' lang='grc' dir='ltr'>οὐ</span> <span class='ocrx_word' id='word_1_295' title='bbox 1515 2997 1823 3069; x_wconf 84' lang='grc' dir='ltr'>καθήμενον</span> <span class='ocrx_word' id='word_1_296' title='bbox 1869 2999 2012 3065; x_wconf 79' lang='grc' dir='ltr'>ἰδὼν,</span> 
     </span>
    </p>
   </div>
   <div class='ocr_carea' id='block_1_43' title="bbox 440 3080 2012 3152">
    <p class='ocr_par' dir='ltr' id='par_1_43' title="bbox 440 3080 2012 3152">
     <span class='ocr_line' id='line_1_44' title="bbox 440 3080 2012 3152; baseline 0.001 -18"><span class='ocrx_word' id='word_1_297' title='bbox 440 3082 558 3134; x_wconf 77' lang='grc' dir='ltr'>ἀλλ’</span> <span class='ocrx_word' id='word_1_298' title='bbox 587 3081 723 3152; x_wconf 78' lang='grc' dir='ltr'>ἔχων</span> <span class='ocrx_word' id='word_1_299' title='bbox 748 3083 805 3134; x_wconf 87' lang='grc' dir='ltr'>ἐν</span> <span class='ocrx_word' id='word_1_300' title='bbox 842 3080 1019 3151; x_wconf 84' lang='grc' dir='ltr'>ἐαυτῷ</span> <span class='ocrx_word' id='word_1_301' title='bbox 1046 3080 1312 3134; x_wconf 81' lang='grc' dir='ltr'>λαλοῦντα</span> <span class='ocrx_word' id='word_1_302' title='bbox 1340 3080 1429 3134; x_wconf 85' lang='grc' dir='ltr'>τὸν</span> <span class='ocrx_word' id='word_1_303' title='bbox 1461 3083 1715 3152; x_wconf 82' lang='grc' dir='ltr'>Χριστὸν,</span> <span class='ocrx_word' id='word_1_304' title='bbox 1746 3083 1868 3137; x_wconf 80' lang='grc' dir='ltr'>ἀντὶ</span> <span class='ocrx_word' id='word_1_305' title='bbox 1896 3082 2012 3146; x_wconf 90' lang='grc' dir='ltr'>τοῦ,</span> 
     </span>
    </p>
   </div>
   <div class='ocr_carea' id='block_1_44' title="bbox 448 3164 2015 3235">
    <p class='ocr_par' dir='ltr' id='par_1_44' title="bbox 448 3164 2015 3235">
     <span class='ocr_line' id='line_1_45' title="bbox 448 3164 2015 3235; baseline 0.001 -15"><span class='ocrx_word' id='word_1_306' title='bbox 448 3165 593 3220; x_wconf 73' lang='grc' dir='ltr'>Τάδε</span> <span class='ocrx_word' id='word_1_307' title='bbox 618 3165 778 3235; x_wconf 84' lang='grc' dir='ltr'>λέγει</span> <span class='ocrx_word' id='word_1_308' title='bbox 808 3166 1046 3233; x_wconf 85' lang='grc' dir='ltr'>Κύριος,</span> <span class='ocrx_word' id='word_1_309' title='bbox 1102 3164 1288 3232; x_wconf 79' lang='grc' dir='ltr'>ἔλεγεν</span> <span class='ocrx_word' id='word_1_310' title='bbox 1315 3203 1331 3229; x_wconf 92' lang='grc'>,</span> <span class='ocrx_word' id='word_1_311' title='bbox 1362 3164 1432 3219; x_wconf 86' lang='grc' dir='ltr'><strong><em>Ἢ</em></strong></span> <span class='ocrx_word' id='word_1_312' title='bbox 1488 3164 1744 3235; x_wconf 83' lang='grc' dir='ltr'>δοκιμὴν</span> <span class='ocrx_word' id='word_1_313' title='bbox 1795 3165 2015 3235; x_wconf 76' lang='grc' dir='ltr'>ζητεῖτε</span> 
     </span>
    </p>
   </div>
   <div class='ocr_carea' id='block_1_45' title="bbox 441 3247 2016 3317">
    <p class='ocr_par' dir='ltr' id='par_1_45' title="bbox 441 3247 2016 3317">
     <span class='ocr_line' id='line_1_46' title="bbox 441 3247 2016 3317; baseline 0.003 -16"><span class='ocrx_word' id='word_1_314' title='bbox 441 3249 548 3302; x_wconf 86' lang='grc' dir='ltr'>τοῦ</span> <span class='ocrx_word' id='word_1_315' title='bbox 577 3249 646 3301; x_wconf 84' lang='grc' dir='ltr'>ἐν</span> <span class='ocrx_word' id='word_1_316' title='bbox 668 3248 812 3317; x_wconf 75' lang='grc' dir='ltr'>ημῖν</span> <span class='ocrx_word' id='word_1_317' title='bbox 828 3247 1168 3313; x_wconf 87' lang='grc' dir='ltr'>λαλοῦντος</span> <span class='ocrx_word' id='word_1_318' title='bbox 1188 3247 1444 3316; x_wconf 86' lang='grc' dir='ltr'>Χριστοῦ</span> <span class='ocrx_word' id='word_1_319' title='bbox 1468 3264 1488 3312; x_wconf 88' lang='grc'><em>;</em></span> <span class='ocrx_word' id='word_1_320' title='bbox 1517 3249 1611 3302; x_wconf 71' lang='grc' dir='ltr'>καὶ</span> <span class='ocrx_word' id='word_1_321' title='bbox 1643 3249 1827 3315; x_wconf 87' lang='grc' dir='ltr'>πάλιν,</span> <span class='ocrx_word' id='word_1_322' title='bbox 1858 3250 2016 3305; x_wconf 88' lang='grc' dir='ltr'>Παῦ-</span> 
     </span>
    </p>
   </div>
   <div class='ocr_carea' id='block_1_46' title="bbox 439 3330 2014 3399">
    <p class='ocr_par' dir='ltr' id='par_1_46' title="bbox 439 3330 2014 3399">
     <span class='ocr_line' id='line_1_47' title="bbox 439 3330 2014 3399; baseline 0.001 -13"><span class='ocrx_word' id='word_1_323' title='bbox 439 3336 552 3399; x_wconf 88' lang='grc' dir='ltr'>λος</span> <span class='ocrx_word' id='word_1_324' title='bbox 577 3334 923 3397; x_wconf 73' lang='grc' dir='ltr'>ἀπόστολος</span> <span class='ocrx_word' id='word_1_325' title='bbox 956 3331 1151 3398; x_wconf 85' lang='grc' dir='ltr'>Ἰησοῦ</span> <span class='ocrx_word' id='word_1_326' title='bbox 1176 3330 1457 3399; x_wconf 87' lang='grc' dir='ltr'>Χριστοῦ,</span> <span class='ocrx_word' id='word_1_327' title='bbox 1487 3331 1702 3396; x_wconf 86' lang='grc' dir='ltr'>δεικνὺς</span> <span class='ocrx_word' id='word_1_328' title='bbox 1730 3334 1814 3386; x_wconf 83' lang='grc' dir='ltr'>ὃτι</span> <span class='ocrx_word' id='word_1_329' title='bbox 1862 3334 2014 3388; x_wconf 78' lang='grc' dir='ltr'>οὐδὲν</span> 
     </span>
    </p>
   </div>
   <div class='ocr_carea' id='block_1_47' title="bbox 438 3414 2013 3487">
    <p class='ocr_par' dir='ltr' id='par_1_47' title="bbox 438 3414 2013 3487">
     <span class='ocr_line' id='line_1_48' title="bbox 438 3414 2013 3487; baseline 0.001 -18"><span class='ocrx_word' id='word_1_330' title='bbox 438 3416 600 3469; x_wconf 76' lang='grc' dir='ltr'>αὑτοῦ</span> <span class='ocrx_word' id='word_1_331' title='bbox 628 3418 793 3468; x_wconf 90' lang='grc' dir='ltr'>ἐστιν·</span> <span class='ocrx_word' id='word_1_332' title='bbox 823 3416 852 3468; x_wconf 86' lang='grc' dir='ltr'><em>ὀ</em></span> <span class='ocrx_word' id='word_1_333' title='bbox 881 3416 989 3487; x_wconf 73' lang='grc' dir='ltr'>γὰρ</span> <span class='ocrx_word' id='word_1_334' title='bbox 1026 3414 1347 3477; x_wconf 82' lang='grc' dir='ltr'>Ἀπόστολος</span> <span class='ocrx_word' id='word_1_335' title='bbox 1366 3414 1519 3487; x_wconf 74' lang='grc'>[478]</span> <span class='ocrx_word' id='word_1_336' title='bbox 1544 3418 1613 3468; x_wconf 80' lang='grc' dir='ltr'>τὰ</span> <span class='ocrx_word' id='word_1_337' title='bbox 1631 3416 1724 3468; x_wconf 92' lang='grc' dir='ltr'>τοῦ</span> <span class='ocrx_word' id='word_1_338' title='bbox 1756 3417 2013 3471; x_wconf 88' lang='grc' dir='ltr'>ἀποστεί-</span> 
     </span>
    </p>
   </div>
   <div class='ocr_carea' id='block_1_48' title="bbox 438 3498 2014 3569">
    <p class='ocr_par' dir='ltr' id='par_1_48' title="bbox 438 3498 2014 3569">
     <span class='ocr_line' id='line_1_49' title="bbox 438 3498 2014 3569; baseline 0.001 -16"><span class='ocrx_word' id='word_1_339' title='bbox 438 3498 628 3561; x_wconf 82' lang='grc' dir='ltr'>λαντος</span> <span class='ocrx_word' id='word_1_340' title='bbox 654 3498 968 3568; x_wconf 80' lang='grc' dir='ltr'>φθέγγεται.</span> <span class='ocrx_word' id='word_1_341' title='bbox 987 3498 1093 3551; x_wconf 77' lang='grc' dir='ltr'>Καὶ</span> <span class='ocrx_word' id='word_1_342' title='bbox 1120 3498 1297 3560; x_wconf 83' lang='grc' dir='ltr'>πάλιν,</span> <span class='ocrx_word' id='word_1_343' title='bbox 1317 3499 1476 3552; x_wconf 84' lang='grc' dir='ltr'>Δοκῶ</span> <span class='ocrx_word' id='word_1_344' title='bbox 1497 3499 1566 3551; x_wconf 81' lang='grc' dir='ltr'>δὲ</span> <span class='ocrx_word' id='word_1_345' title='bbox 1586 3500 1752 3567; x_wconf 78' lang='grc' dir='ltr'>κάγὼ</span> <span class='ocrx_word' id='word_1_346' title='bbox 1770 3501 2014 3569; x_wconf 84' lang='grc' dir='ltr'>Πνεῦμα</span> 
     </span>
    </p>
   </div>
   <div class='ocr_carea' id='block_1_49' title="bbox 439 3576 2015 3652">
    <p class='ocr_par' dir='ltr' id='par_1_49' title="bbox 439 3576 2015 3652">
     <span class='ocr_line' id='line_1_50' title="bbox 439 3576 2015 3652; baseline -0.001 -16"><span class='ocrx_word' id='word_1_347' title='bbox 439 3582 589 3637; x_wconf 85' lang='grc' dir='ltr'>Θεοῦ</span> <span class='ocrx_word' id='word_1_348' title='bbox 607 3581 787 3651; x_wconf 78' lang='grc' dir='ltr'>ἔχειν.</span> <span class='ocrx_word' id='word_1_349' title='bbox 836 3580 1048 3633; x_wconf 85' lang='grc' dir='ltr'>Ἐκεῖνα</span> <span class='ocrx_word' id='word_1_350' title='bbox 1083 3581 1180 3651; x_wconf 81' lang='grc' dir='ltr'>μὲν</span> <span class='ocrx_word' id='word_1_351' title='bbox 1217 3576 1309 3633; x_wconf 85' lang='grc' dir='ltr'>οῦν</span> <span class='ocrx_word' id='word_1_352' title='bbox 1334 3579 1603 3651; x_wconf 87' lang='grc' dir='ltr'>πνεύματι</span> <span class='ocrx_word' id='word_1_353' title='bbox 1620 3582 1798 3635; x_wconf 89' lang='grc' dir='ltr'>πάντα</span> <span class='ocrx_word' id='word_1_354' title='bbox 1819 3582 2015 3652; x_wconf 76' lang='grc' dir='ltr'>ἐφθέγ-</span> 
     </span>
    </p>
   </div>
   <div class='ocr_carea' id='block_1_50' title="bbox 436 3661 2014 3737">
    <p class='ocr_par' dir='ltr' id='par_1_50' title="bbox 436 3661 2014 3737">
     <span class='ocr_line' id='line_1_51' title="bbox 436 3661 2014 3737; baseline 0.002 -20"><span class='ocrx_word' id='word_1_355' title='bbox 436 3681 584 3733; x_wconf 85' lang='grc' dir='ltr'>γετο,</span> <span class='ocrx_word' id='word_1_356' title='bbox 616 3664 772 3717; x_wconf 90' lang='grc' dir='ltr'>τοῦτο</span> <span class='ocrx_word' id='word_1_357' title='bbox 799 3661 875 3727; x_wconf 84' lang='grc' dir='ltr'>δὲ,</span> <span class='ocrx_word' id='word_1_358' title='bbox 906 3661 935 3714; x_wconf 78' lang='grc' dir='ltr'><strong>ὃ</strong></span> <span class='ocrx_word' id='word_1_359' title='bbox 967 3662 1113 3732; x_wconf 80' lang='grc' dir='ltr'>λέγει</span> <span class='ocrx_word' id='word_1_360' title='bbox 1135 3662 1251 3727; x_wconf 91' lang='grc' dir='ltr'>νῦν,</span> <span class='ocrx_word' id='word_1_361' title='bbox 1287 3663 1381 3716; x_wconf 72' lang='grc' dir='ltr'>καὶ</span> <span class='ocrx_word' id='word_1_362' title='bbox 1412 3663 1591 3734; x_wconf 78' lang='grc' dir='ltr'>ῥητῶς</span> <span class='ocrx_word' id='word_1_363' title='bbox 1628 3665 1829 3734; x_wconf 78' lang='grc' dir='ltr'>ήκουσε</span> <span class='ocrx_word' id='word_1_364' title='bbox 1863 3666 2014 3737; x_wconf 84' lang='grc' dir='ltr'>παρά</span> 
     </span>
    </p>
   </div>
   <div class='ocr_carea' id='block_1_51' title="bbox 436 3746 2012 3817">
    <p class='ocr_par' dir='ltr' id='par_1_51' title="bbox 436 3746 2012 3817">
     <span class='ocr_line' id='line_1_52' title="bbox 436 3746 2012 3817; baseline -0.001 -15"><span class='ocrx_word' id='word_1_365' title='bbox 436 3748 529 3802; x_wconf 86' lang='grc' dir='ltr'>τοῦ</span> <span class='ocrx_word' id='word_1_366' title='bbox 556 3748 719 3801; x_wconf 79' lang='grc' dir='ltr'>Θεοῦ’</span> <span class='ocrx_word' id='word_1_367' title='bbox 756 3747 942 3815; x_wconf 81' lang='grc' dir='ltr'>ὥσπερ</span> <span class='ocrx_word' id='word_1_368' title='bbox 972 3748 1063 3799; x_wconf 73' lang='grc' dir='ltr'>καὶ</span> <span class='ocrx_word' id='word_1_369' title='bbox 1109 3748 1317 3810; x_wconf 84' lang='grc' dir='ltr'>ἐκεῖνο,</span> <span class='ocrx_word' id='word_1_370' title='bbox 1376 3746 1512 3817; x_wconf 78' lang='grc' dir='ltr'>ὅπερ</span> <span class='ocrx_word' id='word_1_371' title='bbox 1568 3748 1682 3809; x_wconf 88' lang='grc' dir='ltr'>τοῖς</span> <span class='ocrx_word' id='word_1_372' title='bbox 1750 3748 2012 3815; x_wconf 79' lang='grc' dir='ltr'>Ἐφεσίων</span> 
     </span>
    </p>
   </div>
   <div class='ocr_carea' id='block_1_52' title="bbox 437 3827 2011 3903">
    <p class='ocr_par' dir='ltr' id='par_1_52' title="bbox 437 3827 2011 3903">
     <span class='ocr_line' id='line_1_53' title="bbox 437 3827 2011 3903; baseline 0 -19"><span class='ocrx_word' id='word_1_373' title='bbox 437 3831 827 3903; x_wconf 82' lang='grc' dir='ltr'>πρεσϐυτέροις</span> <span class='ocrx_word' id='word_1_374' title='bbox 878 3829 1258 3899; x_wconf 86' lang='grc' dir='ltr'>διαλεγόμενος</span> <span class='ocrx_word' id='word_1_375' title='bbox 1304 3828 1480 3897; x_wconf 76' lang='grc' dir='ltr'>ἔλεγε,</span> <span class='ocrx_word' id='word_1_376' title='bbox 1522 3827 1828 3897; x_wconf 78' lang='grc' dir='ltr'>Μακάριόν</span> <span class='ocrx_word' id='word_1_377' title='bbox 1879 3830 2011 3884; x_wconf 81' lang='grc' dir='ltr'>ἐστι</span> 
     </span>
    </p>
   </div>
   <div class='ocr_carea' id='block_1_53' title="bbox 430 3910 2010 3983">
    <p class='ocr_par' dir='ltr' id='par_1_53' title="bbox 430 3910 2010 3983">
     <span class='ocr_line' id='line_1_54' title="bbox 430 3910 2010 3983; baseline -0.001 -15"><span class='ocrx_word' id='word_1_378' title='bbox 430 3914 669 3983; x_wconf 79' lang='grc' dir='ltr'>μᾶλλον</span> <span class='ocrx_word' id='word_1_379' title='bbox 697 3914 947 3979; x_wconf 77' lang='grc' dir='ltr'>διδόναι,</span> <span class='ocrx_word' id='word_1_380' title='bbox 978 3914 1015 3982; x_wconf 81' lang='grc' dir='ltr'>ἢ</span> <span class='ocrx_word' id='word_1_381' title='bbox 1039 3910 1386 3982; x_wconf 77' lang='grc' dir='ltr'>λαμϐάνειν,</span> <span class='ocrx_word' id='word_1_382' title='bbox 1408 3911 1551 3966; x_wconf 86' lang='grc' dir='ltr'>κατά</span> <span class='ocrx_word' id='word_1_383' title='bbox 1571 3912 1629 3966; x_wconf 85' lang='grc' dir='ltr'>τὺ</span> <span class='ocrx_word' id='word_1_384' title='bbox 1657 3911 2010 3983; x_wconf 85' lang='grc' dir='ltr'>σιωπώμενον</span> 
     </span>
    </p>
   </div>
   <div class='ocr_carea' id='block_1_54' title="bbox 435 3994 2008 4066">
    <p class='ocr_par' dir='ltr' id='par_1_54' title="bbox 435 3994 2008 4066">
     <span class='ocr_line' id='line_1_55' title="bbox 435 3994 2008 4066; baseline 0.001 -17"><span class='ocrx_word' id='word_1_385' title='bbox 435 3997 685 4066; x_wconf 77' lang='grc' dir='ltr'>ήκουσεν.</span> <span class='ocrx_word' id='word_1_386' title='bbox 714 3997 941 4065; x_wconf 86' lang='grc' dir='ltr'>Ἵδωμεν</span> <span class='ocrx_word' id='word_1_387' title='bbox 976 3997 1156 4049; x_wconf 85' lang='grc' dir='ltr'>τοίνυν</span> <span class='ocrx_word' id='word_1_388' title='bbox 1210 3995 1262 4048; x_wconf 93' lang='grc' dir='ltr'>τί</span> <span class='ocrx_word' id='word_1_389' title='bbox 1288 3994 1383 4048; x_wconf 79' lang='grc' dir='ltr'>καὶ</span> <span class='ocrx_word' id='word_1_390' title='bbox 1434 3994 1531 4047; x_wconf 88' lang='grc' dir='ltr'>νῦν</span> <span class='ocrx_word' id='word_1_391' title='bbox 1595 4012 1759 4063; x_wconf 90' lang='grc' dir='ltr'>φησι.</span> <span class='ocrx_word' id='word_1_392' title='bbox 1827 3996 2008 4050; x_wconf 85' lang='grc' dir='ltr'>Τοῦτο</span> 
     </span>
    </p>
   </div>
   <div class='ocr_carea' id='block_1_55' title="bbox 431 4079 2007 4149">
    <p class='ocr_par' dir='ltr' id='par_1_55' title="bbox 431 4079 2007 4149">
     <span class='ocr_line' id='line_1_56' title="bbox 431 4079 2007 4149; baseline 0.001 -16"><span class='ocrx_word' id='word_1_393' title='bbox 431 4081 543 4149; x_wconf 83' lang='grc' dir='ltr'>τὰρ</span> <span class='ocrx_word' id='word_1_394' title='bbox 566 4080 707 4149; x_wconf 85' lang='grc' dir='ltr'>ὑμῖν</span> <span class='ocrx_word' id='word_1_395' title='bbox 734 4079 988 4148; x_wconf 85' lang='grc' dir='ltr'>λέγομεν</span> <span class='ocrx_word' id='word_1_396' title='bbox 1006 4080 1077 4132; x_wconf 83' lang='grc' dir='ltr'>έν</span> <span class='ocrx_word' id='word_1_397' title='bbox 1104 4082 1265 4148; x_wconf 84' lang='grc' dir='ltr'>λόγῳ</span> <span class='ocrx_word' id='word_1_398' title='bbox 1306 4079 1547 4146; x_wconf 81' lang='grc' dir='ltr'>Κυρίου,</span> <span class='ocrx_word' id='word_1_399' title='bbox 1609 4079 1699 4131; x_wconf 83' lang='grc' dir='ltr'>ὅτι</span> <span class='ocrx_word' id='word_1_400' title='bbox 1756 4080 1926 4148; x_wconf 76' lang='grc' dir='ltr'>ἡμεῖς</span> <span class='ocrx_word' id='word_1_401' title='bbox 1954 4084 2007 4135; x_wconf 89' lang='grc' dir='ltr'>οί</span> 
     </span>
    </p>
   </div>
   <div class='ocr_carea' id='block_1_56' title="bbox 432 4161 2005 4233">
    <p class='ocr_par' dir='ltr' id='par_1_56' title="bbox 432 4161 2005 4233">
     <span class='ocr_line' id='line_1_57' title="bbox 432 4161 2005 4233; baseline 0.001 -17"><span class='ocrx_word' id='word_1_402' title='bbox 432 4163 643 4229; x_wconf 76' lang='grc' dir='ltr'>ζῶντες</span> <span class='ocrx_word' id='word_1_403' title='bbox 664 4165 717 4216; x_wconf 89' lang='grc' dir='ltr'>οί</span> <span class='ocrx_word' id='word_1_404' title='bbox 737 4164 1209 4233; x_wconf 79' lang='grc' dir='ltr'>περιλειπόμενοι</span> <span class='ocrx_word' id='word_1_405' title='bbox 1233 4164 1319 4227; x_wconf 86' lang='grc' dir='ltr'>είς</span> <span class='ocrx_word' id='word_1_406' title='bbox 1342 4161 1456 4229; x_wconf 73' lang='grc' dir='ltr'>τὴν</span> <span class='ocrx_word' id='word_1_407' title='bbox 1504 4164 1846 4230; x_wconf 85' lang='grc' dir='ltr'>παρουσίαν</span> <span class='ocrx_word' id='word_1_408' title='bbox 1899 4164 2005 4218; x_wconf 84' lang='grc' dir='ltr'>τοῦ</span> 
     </span>
    </p>
   </div>
   <div class='ocr_carea' id='block_1_57' title="bbox 430 4244 2006 4315">
    <p class='ocr_par' dir='ltr' id='par_1_57' title="bbox 430 4244 2006 4315">
     <span class='ocr_line' id='line_1_58' title="bbox 430 4244 2006 4315; baseline -0.001 -15"><span class='ocrx_word' id='word_1_409' title='bbox 430 4247 677 4313; x_wconf 84' lang='grc' dir='ltr'>Κυρίου,</span> <span class='ocrx_word' id='word_1_410' title='bbox 709 4248 782 4300; x_wconf 84' lang='grc' dir='ltr'>οὐ</span> <span class='ocrx_word' id='word_1_411' title='bbox 809 4245 895 4315; x_wconf 81' lang='grc' dir='ltr'>μὴ</span> <span class='ocrx_word' id='word_1_412' title='bbox 912 4246 1236 4315; x_wconf 71' lang='grc' dir='ltr'>φθάσωμεν</span> <span class='ocrx_word' id='word_1_413' title='bbox 1267 4244 1410 4309; x_wconf 82' lang='grc' dir='ltr'>τοὺς</span> <span class='ocrx_word' id='word_1_414' title='bbox 1435 4245 1826 4314; x_wconf 80' lang='grc' dir='ltr'>κοιμηθέντας</span> <span class='ocrx_word' id='word_1_415' title='bbox 1851 4257 1867 4272; x_wconf 78' lang='grc'><strong><em>⁸</em></strong></span> <span class='ocrx_word' id='word_1_416' title='bbox 1915 4246 2006 4299; x_wconf 85' lang='grc' dir='ltr'>ὅτι</span> 
     </span>
    </p>
   </div>
   <div class='ocr_carea' id='block_1_58' title="bbox 427 4327 2001 4399">
    <p class='ocr_par' dir='ltr' id='par_1_58' title="bbox 427 4327 2001 4399">
     <span class='ocr_line' id='line_1_59' title="bbox 427 4327 2001 4399; baseline -0.001 -15"><span class='ocrx_word' id='word_1_417' title='bbox 427 4332 611 4397; x_wconf 86' lang='grc' dir='ltr'>αὐτὸς</span> <span class='ocrx_word' id='word_1_418' title='bbox 635 4332 669 4384; x_wconf 90' lang='grc' dir='ltr'>ό</span> <span class='ocrx_word' id='word_1_419' title='bbox 696 4330 912 4397; x_wconf 84' lang='grc' dir='ltr'>Κύριος</span> <span class='ocrx_word' id='word_1_420' title='bbox 942 4329 1011 4382; x_wconf 84' lang='grc' dir='ltr'>ἐν</span> <span class='ocrx_word' id='word_1_421' title='bbox 1031 4329 1412 4396; x_wconf 80' lang='grc' dir='ltr'>κελεύσματι,</span> <span class='ocrx_word' id='word_1_422' title='bbox 1441 4328 1511 4381; x_wconf 83' lang='grc' dir='ltr'>έν</span> <span class='ocrx_word' id='word_1_423' title='bbox 1558 4327 1729 4397; x_wconf 73' lang='grc' dir='ltr'>φωνῇ</span> <span class='ocrx_word' id='word_1_424' title='bbox 1776 4329 2001 4399; x_wconf 82' lang='grc' dir='ltr'>ἀρχαγ-</span> 
     </span>
    </p>
   </div>
   <div class='ocr_carea' id='block_1_59' title="bbox 427 4409 2005 4482">
    <p class='ocr_par' dir='ltr' id='par_1_59' title="bbox 427 4409 2005 4482">
     <span class='ocr_line' id='line_1_60' title="bbox 427 4409 2005 4482; baseline 0 -16"><span class='ocrx_word' id='word_1_425' title='bbox 427 4412 631 4482; x_wconf 81' lang='grc' dir='ltr'>γέλου,</span> <span class='ocrx_word' id='word_1_426' title='bbox 664 4411 763 4465; x_wconf 80' lang='grc' dir='ltr'>καὶ</span> <span class='ocrx_word' id='word_1_427' title='bbox 789 4412 859 4465; x_wconf 82' lang='grc' dir='ltr'>έν</span> <span class='ocrx_word' id='word_1_428' title='bbox 884 4411 1167 4479; x_wconf 78' lang='grc' dir='ltr'>σάλπιγγι</span> <span class='ocrx_word' id='word_1_429' title='bbox 1217 4409 1291 4477; x_wconf 79' lang='grc' dir='ltr'>τῇ</span> <span class='ocrx_word' id='word_1_430' title='bbox 1323 4410 1553 4480; x_wconf 81' lang='grc' dir='ltr'>ἐσχάτῃ</span> <span class='ocrx_word' id='word_1_431' title='bbox 1607 4411 2005 4478; x_wconf 75' lang='grc' dir='ltr'>καταϐήσεται</span> 
     </span>
    </p>
   </div>
   <div class='ocr_carea' id='block_1_60' title="bbox 427 4493 2005 4565">
    <p class='ocr_par' dir='ltr' id='par_1_60' title="bbox 427 4493 2005 4565">
     <span class='ocr_line' id='line_1_61' title="bbox 427 4493 2005 4565; baseline -0.001 -15"><span class='ocrx_word' id='word_1_432' title='bbox 427 4496 529 4550; x_wconf 86' lang='grc' dir='ltr'>ἀπ’</span> <span class='ocrx_word' id='word_1_433' title='bbox 552 4493 830 4563; x_wconf 86' lang='grc' dir='ltr'>οὐρανοῦ.</span> <span class='ocrx_word' id='word_1_434' title='bbox 858 4494 1035 4564; x_wconf 89' lang='grc' dir='ltr'>Ὅπερ</span> <span class='ocrx_word' id='word_1_435' title='bbox 1058 4493 1151 4547; x_wconf 76' lang='grc' dir='ltr'>καὶ</span> <span class='ocrx_word' id='word_1_436' title='bbox 1174 4495 1202 4547; x_wconf 90' lang='lat'>6</span> <span class='ocrx_word' id='word_1_437' title='bbox 1253 4493 1487 4563; x_wconf 79' lang='grc' dir='ltr'>Χριστὸς</span> <span class='ocrx_word' id='word_1_438' title='bbox 1531 4494 1650 4548; x_wconf 89' lang='grc' dir='ltr'>τότε</span> <span class='ocrx_word' id='word_1_439' title='bbox 1696 4494 1881 4565; x_wconf 73' lang='grc' dir='ltr'>φησὶν,</span> <span class='ocrx_word' id='word_1_440' title='bbox 1936 4498 2005 4549; x_wconf 79' lang='lat' dir='ltr'>Al</span> 
     </span>
    </p>
   </div>
   <div class='ocr_carea' id='block_1_61' title="bbox 426 4576 2006 4649">
    <p class='ocr_par' dir='ltr' id='par_1_61' title="bbox 426 4576 2006 4649">
     <span class='ocr_line' id='line_1_62' title="bbox 426 4576 2006 4649; baseline 0.001 -18"><span class='ocrx_word' id='word_1_441' title='bbox 426 4578 711 4646; x_wconf 81' lang='grc' dir='ltr'>δυνάμεις</span> <span class='ocrx_word' id='word_1_442' title='bbox 744 4576 863 4631; x_wconf 89' lang='grc' dir='ltr'>τῶν</span> <span class='ocrx_word' id='word_1_443' title='bbox 897 4576 1171 4644; x_wconf 83' lang='grc' dir='ltr'>οὐρανῶν</span> <span class='ocrx_word' id='word_1_444' title='bbox 1189 4577 1691 4643; x_wconf 74' lang='grc' dir='ltr'>σαλευθήσονται.</span> <span class='ocrx_word' id='word_1_445' title='bbox 1720 4579 1784 4632; x_wconf 90' lang='grc' dir='ltr'>Τί</span> <span class='ocrx_word' id='word_1_446' title='bbox 1806 4579 2006 4649; x_wconf 77' lang='grc' dir='ltr'>δήποτε</span> 
     </span>
    </p>
   </div>
   <div class='ocr_carea' id='block_1_62' title="bbox 427 4658 2005 4732">
    <p class='ocr_par' dir='ltr' id='par_1_62' title="bbox 427 4658 2005 4732">
     <span class='ocr_line' id='line_1_63' title="bbox 427 4658 2005 4732; baseline 0 -18"><span class='ocrx_word' id='word_1_447' title='bbox 427 4664 485 4714; x_wconf 76' lang='grc' dir='ltr'>ἐν</span> <span class='ocrx_word' id='word_1_448' title='bbox 512 4662 771 4732; x_wconf 85' lang='grc' dir='ltr'>σάλπιγγι</span> <span class='ocrx_word' id='word_1_449' title='bbox 794 4678 810 4726; x_wconf 88' lang='lat'><strong>;</strong></span> <span class='ocrx_word' id='word_1_450' title='bbox 845 4660 956 4714; x_wconf 77' lang='grc' dir='ltr'>Καὶ</span> <span class='ocrx_word' id='word_1_451' title='bbox 996 4659 1106 4729; x_wconf 82' lang='grc' dir='ltr'>γὰρ</span> <span class='ocrx_word' id='word_1_452' title='bbox 1127 4660 1184 4711; x_wconf 88' lang='grc' dir='ltr'>ἐν</span> <span class='ocrx_word' id='word_1_453' title='bbox 1209 4658 1288 4727; x_wconf 81' lang='grc' dir='ltr'>τῷ</span> <span class='ocrx_word' id='word_1_454' title='bbox 1309 4661 1505 4730; x_wconf 82' lang='grc' dir='ltr'>Σιναίῳ</span> <span class='ocrx_word' id='word_1_455' title='bbox 1530 4660 1649 4731; x_wconf 72' lang='grc' dir='ltr'>ὄρει</span> <span class='ocrx_word' id='word_1_456' title='bbox 1680 4662 1838 4714; x_wconf 89' lang='grc' dir='ltr'>τοῦτο</span> <span class='ocrx_word' id='word_1_457' title='bbox 1866 4661 2005 4731; x_wconf 86' lang='grc' dir='ltr'>ὁρῶ-</span> 
     </span>
    </p>
   </div>
   <div class='ocr_carea' id='block_1_63' title="bbox 427 4741 2003 4817">
    <p class='ocr_par' dir='ltr' id='par_1_63' title="bbox 427 4741 2003 4817">
     <span class='ocr_line' id='line_1_64' title="bbox 427 4741 2003 4817; baseline -0.001 -18"><span class='ocrx_word' id='word_1_458' title='bbox 427 4763 549 4816; x_wconf 80' lang='grc' dir='ltr'>μεν,</span> <span class='ocrx_word' id='word_1_459' title='bbox 569 4746 664 4798; x_wconf 73' lang='grc' dir='ltr'>καὶ</span> <span class='ocrx_word' id='word_1_460' title='bbox 689 4743 952 4813; x_wconf 79' lang='grc' dir='ltr'>ἀγγέλους</span> <span class='ocrx_word' id='word_1_461' title='bbox 984 4742 1159 4796; x_wconf 83' lang='grc' dir='ltr'>κάκεῖ.</span> <span class='ocrx_word' id='word_1_462' title='bbox 1198 4741 1262 4794; x_wconf 87' lang='grc' dir='ltr'>Τί</span> <span class='ocrx_word' id='word_1_463' title='bbox 1293 4741 1351 4795; x_wconf 80' lang='grc' dir='ltr'>δὲ</span> <span class='ocrx_word' id='word_1_464' title='bbox 1384 4742 1636 4812; x_wconf 77' lang='grc' dir='ltr'>βούλεται</span> <span class='ocrx_word' id='word_1_465' title='bbox 1658 4745 1692 4815; x_wconf 85' lang='grc' dir='ltr'>ή</span> <span class='ocrx_word' id='word_1_466' title='bbox 1718 4744 1868 4817; x_wconf 80' lang='grc' dir='ltr'>φωνὴ</span> <span class='ocrx_word' id='word_1_467' title='bbox 1908 4746 2003 4799; x_wconf 91' lang='grc' dir='ltr'>τοῦ</span> 
     </span>
    </p>
   </div>
   <div class='ocr_carea' id='block_1_64' title="bbox 425 4824 2001 4901">
    <p class='ocr_par' dir='ltr' id='par_1_64' title="bbox 425 4824 2001 4901">
     <span class='ocr_line' id='line_1_65' title="bbox 425 4824 2001 4901; baseline -0.001 -19"><span class='ocrx_word' id='word_1_468' title='bbox 425 4827 806 4901; x_wconf 85' lang='grc' dir='ltr'>ἀρχαγγέλου;</span> <span class='ocrx_word' id='word_1_469' title='bbox 839 4825 1104 4897; x_wconf 80' lang='grc' dir='ltr'>Καθάπερ</span> <span class='ocrx_word' id='word_1_470' title='bbox 1156 4826 1250 4877; x_wconf 75' lang='grc' dir='ltr'>ἐπὶ</span> <span class='ocrx_word' id='word_1_471' title='bbox 1296 4824 1405 4877; x_wconf 90' lang='grc' dir='ltr'>τῶν</span> <span class='ocrx_word' id='word_1_472' title='bbox 1436 4825 1722 4895; x_wconf 87' lang='grc' dir='ltr'>παρθένων</span> <span class='ocrx_word' id='word_1_473' title='bbox 1773 4827 1959 4897; x_wconf 77' lang='grc' dir='ltr'>ἔλεγεν</span> <span class='ocrx_word' id='word_1_474' title='bbox 1986 4844 2001 4858; x_wconf 85' lang='grc'>⁶</span> 
     </span>
    </p>
   </div>
   <div class='ocr_carea' id='block_1_65' title="bbox 426 4906 1999 4982">
    <p class='ocr_par' dir='ltr' id='par_1_65' title="bbox 426 4906 1999 4982">
     <span class='ocr_line' id='line_1_66' title="bbox 426 4906 1999 4982; baseline -0.001 -18"><span class='ocrx_word' id='word_1_475' title='bbox 426 4909 724 4982; x_wconf 87' lang='grc' dir='ltr'>ἐγείρεσθε,</span> <span class='ocrx_word' id='word_1_476' title='bbox 753 4906 915 4980; x_wconf 86' lang='grc' dir='ltr'>ἦλθεν</span> <span class='ocrx_word' id='word_1_477' title='bbox 941 4909 969 4961; x_wconf 89' lang='lat'>6</span> <span class='ocrx_word' id='word_1_478' title='bbox 996 4907 1247 4977; x_wconf 81' lang='grc' dir='ltr'>νυμφίος.</span> <span class='ocrx_word' id='word_1_479' title='bbox 1289 4908 1446 4961; x_wconf 83' lang='grc' dir='ltr'>Ἤτοι</span> <span class='ocrx_word' id='word_1_480' title='bbox 1502 4907 1664 4961; x_wconf 90' lang='grc' dir='ltr'>τοῦτό</span> <span class='ocrx_word' id='word_1_481' title='bbox 1718 4926 1904 4980; x_wconf 89' lang='grc' dir='ltr'>φησιν,</span> <span class='ocrx_word' id='word_1_482' title='bbox 1965 4911 1999 4981; x_wconf 82' lang='grc' dir='ltr'>ἢ</span> 
     </span>
    </p>
   </div>
   <div class='ocr_carea' id='block_1_66' title="bbox 424 4988 2003 5062">
    <p class='ocr_par' dir='ltr' id='par_1_66' title="bbox 424 4988 2003 5062">
     <span class='ocr_line' id='line_1_67' title="bbox 424 4988 2003 5062; baseline 0 -16"><span class='ocrx_word' id='word_1_483' title='bbox 424 4994 504 5046; x_wconf 86' lang='grc' dir='ltr'>ὃτι</span> <span class='ocrx_word' id='word_1_484' title='bbox 535 4993 783 5062; x_wconf 87' lang='grc' dir='ltr'>καθάπερ</span> <span class='ocrx_word' id='word_1_485' title='bbox 809 4991 901 5043; x_wconf 74' lang='grc' dir='ltr'>ἐπὶ</span> <span class='ocrx_word' id='word_1_486' title='bbox 927 4989 1209 5061; x_wconf 83' lang='grc' dir='ltr'>βασιλέως,</span> <span class='ocrx_word' id='word_1_487' title='bbox 1250 4988 1392 5044; x_wconf 72' lang='grc' dir='ltr'>οὕτω</span> <span class='ocrx_word' id='word_1_488' title='bbox 1410 4990 1504 5045; x_wconf 76' lang='grc' dir='ltr'>καὶ</span> <span class='ocrx_word' id='word_1_489' title='bbox 1529 4991 1647 5044; x_wconf 89' lang='grc' dir='ltr'>τότε</span> <span class='ocrx_word' id='word_1_490' title='bbox 1674 4991 1849 5056; x_wconf 76' lang='grc' dir='ltr'>ἔσται,</span> <span class='ocrx_word' id='word_1_491' title='bbox 1898 4995 2003 5062; x_wconf 80' lang='grc' dir='ltr'>ἀγο</span> 
     </span>
    </p>
   </div>
   <div class='ocr_carea' id='block_1_67' title="bbox 423 5072 2003 5147">
    <p class='ocr_par' dir='ltr' id='par_1_67' title="bbox 423 5072 2003 5147">
     <span class='ocr_line' id='line_1_68' title="bbox 423 5072 2003 5147; baseline 0.001 -18"><span class='ocrx_word' id='word_1_492' title='bbox 423 5076 596 5145; x_wconf 89' lang='grc' dir='ltr'>γέλων</span> <span class='ocrx_word' id='word_1_493' title='bbox 618 5075 751 5146; x_wconf 78' lang='grc' dir='ltr'>πρὸς</span> <span class='ocrx_word' id='word_1_494' title='bbox 767 5074 865 5145; x_wconf 82' lang='grc' dir='ltr'>τὴν</span> <span class='ocrx_word' id='word_1_495' title='bbox 886 5074 1179 5127; x_wconf 81' lang='grc' dir='ltr'>ἀνάστασιν</span> <span class='ocrx_word' id='word_1_496' title='bbox 1195 5072 1670 5143; x_wconf 83' lang='grc' dir='ltr'>ὑπηρετουμένων.</span> <span class='ocrx_word' id='word_1_497' title='bbox 1690 5075 1851 5143; x_wconf 90' lang='grc' dir='ltr'>Λέγει</span> <span class='ocrx_word' id='word_1_498' title='bbox 1872 5078 2003 5147; x_wconf 75' lang='grc' dir='ltr'>γὰρ,</span> 
     </span>
    </p>
   </div>
   <div class='ocr_carea' id='block_1_68' title="bbox 423 5150 2004 5223">
    <p class='ocr_par' dir='ltr' id='par_1_68' title="bbox 423 5150 2004 5223">
     <span class='ocr_line' id='line_1_69' title="bbox 423 5150 2004 5223; baseline 0 -16"><span class='ocrx_word' id='word_1_499' title='bbox 423 5154 731 5208; x_wconf 84' lang='grc' dir='ltr'>ἀναστῶσιν</span> <span class='ocrx_word' id='word_1_500' title='bbox 758 5154 806 5206; x_wconf 88' lang='grc' dir='ltr'>οί</span> <span class='ocrx_word' id='word_1_501' title='bbox 836 5151 1018 5223; x_wconf 89' lang='grc' dir='ltr'>νεκροί</span> <span class='ocrx_word' id='word_1_502' title='bbox 1052 5167 1066 5181; x_wconf 88' lang='grc'><strong>·</strong></span> <span class='ocrx_word' id='word_1_503' title='bbox 1097 5150 1189 5204; x_wconf 77' lang='grc' dir='ltr'>καὶ</span> <span class='ocrx_word' id='word_1_504' title='bbox 1220 5150 1426 5219; x_wconf 86' lang='grc' dir='ltr'>γίνεται</span> <span class='ocrx_word' id='word_1_505' title='bbox 1463 5151 1522 5204; x_wconf 86' lang='grc' dir='ltr'>τὸ</span> <span class='ocrx_word' id='word_1_506' title='bbox 1554 5150 1737 5220; x_wconf 75' lang='grc' dir='ltr'>ἔργον,</span> <span class='ocrx_word' id='word_1_507' title='bbox 1788 5154 1848 5205; x_wconf 79' lang='grc' dir='ltr'>οὐ</span> <span class='ocrx_word' id='word_1_508' title='bbox 1896 5155 2004 5207; x_wconf 89' lang='grc' dir='ltr'>τῶν</span> 
     </span>
    </p>
   </div>
   <div class='ocr_carea' id='block_1_69' title="bbox 423 5234 2004 5306">
    <p class='ocr_par' dir='ltr' id='par_1_69' title="bbox 423 5234 2004 5306">
     <span class='ocr_line' id='line_1_70' title="bbox 423 5234 2004 5306; baseline 0 -16"><span class='ocrx_word' id='word_1_509' title='bbox 423 5235 671 5305; x_wconf 87' lang='grc' dir='ltr'>ἀγγέλων</span> <span class='ocrx_word' id='word_1_510' title='bbox 713 5236 850 5306; x_wconf 85' lang='grc' dir='ltr'>πρὸς</span> <span class='ocrx_word' id='word_1_511' title='bbox 880 5236 1038 5288; x_wconf 90' lang='grc' dir='ltr'>τοῦτο</span> <span class='ocrx_word' id='word_1_512' title='bbox 1070 5234 1376 5305; x_wconf 81' lang='grc' dir='ltr'>ἰσχυόντων,</span> <span class='ocrx_word' id='word_1_513' title='bbox 1431 5234 1566 5287; x_wconf 85' lang='grc' dir='ltr'>ἀλλά</span> <span class='ocrx_word' id='word_1_514' title='bbox 1616 5235 1709 5288; x_wconf 87' lang='grc' dir='ltr'>τοῦ</span> <span class='ocrx_word' id='word_1_515' title='bbox 1764 5237 2004 5306; x_wconf 79' lang='grc' dir='ltr'>ῥήματος</span> 
     </span>
    </p>
   </div>
   <div class='ocr_carea' id='block_1_70' title="bbox 423 5316 1999 5389">
    <p class='ocr_par' dir='ltr' id='par_1_70' title="bbox 423 5316 1999 5389">
     <span class='ocr_line' id='line_1_71' title="bbox 423 5316 1999 5389; baseline 0.004 -18"><span class='ocrx_word' id='word_1_516' title='bbox 423 5319 590 5372; x_wconf 83' lang='grc' dir='ltr'>αὑτοῦ</span> <span class='ocrx_word' id='word_1_517' title='bbox 610 5335 626 5351; x_wconf 79' lang='grc' dir='ltr'><strong><em>ο</em></strong></span> <span class='ocrx_word' id='word_1_518' title='bbox 650 5320 849 5374; x_wconf 78' lang='grc' dir='ltr'>ὡσανεὶ</span> <span class='ocrx_word' id='word_1_519' title='bbox 882 5317 1146 5389; x_wconf 81' lang='grc' dir='ltr'>βασιλέως</span> <span class='ocrx_word' id='word_1_520' title='bbox 1201 5316 1555 5380; x_wconf 83' lang='grc' dir='ltr'>κελεύσαντος</span> <span class='ocrx_word' id='word_1_521' title='bbox 1609 5318 1703 5370; x_wconf 78' lang='grc' dir='ltr'>καὶ</span> <span class='ocrx_word' id='word_1_522' title='bbox 1732 5319 1999 5377; x_wconf 75' lang='grc' dir='ltr'>εἰπόντος’</span> 
     </span>
    </p>
   </div>
   <div class='ocr_carea' id='block_1_71' title="bbox 433 5399 2003 5471">
    <p class='ocr_par' dir='ltr' id='par_1_71' title="bbox 433 5399 2003 5471">
     <span class='ocr_line' id='line_1_72' title="bbox 433 5399 2003 5471; baseline 0.003 -18"><span class='ocrx_word' id='word_1_523' title='bbox 433 5400 725 5467; x_wconf 81' lang='grc' dir='ltr'>Ἐξέλθοιεν</span> <span class='ocrx_word' id='word_1_524' title='bbox 750 5402 800 5454; x_wconf 77' lang='grc' dir='ltr'>οἱ</span> <span class='ocrx_word' id='word_1_525' title='bbox 826 5399 1322 5471; x_wconf 88' lang='grc' dir='ltr'>συγκεκλεισμένοι,</span> <span class='ocrx_word' id='word_1_526' title='bbox 1361 5401 1454 5452; x_wconf 65' lang='grc' dir='ltr'>καὶ⁵</span> <span class='ocrx_word' id='word_1_527' title='bbox 1496 5401 1545 5452; x_wconf 91' lang='grc' dir='ltr'>οἱ</span> <span class='ocrx_word' id='word_1_528' title='bbox 1606 5402 1875 5471; x_wconf 81' lang='grc' dir='ltr'>ὑπηρέται</span> <span class='ocrx_word' id='word_1_529' title='bbox 1914 5402 2003 5468; x_wconf 80' lang='grc' dir='ltr'>ἐξ·</span> 
     </span>
    </p>
   </div>
   <div class='ocr_carea' id='block_1_72' title="bbox 422 5483 1990 5555">
    <p class='ocr_par' dir='ltr' id='par_1_72' title="bbox 422 5483 1990 5555">
     <span class='ocr_line' id='line_1_73' title="bbox 422 5483 1990 5555; baseline 0.001 -17"><span class='ocrx_word' id='word_1_530' title='bbox 422 5486 624 5553; x_wconf 87' lang='grc' dir='ltr'>άγοιεν,</span> <span class='ocrx_word' id='word_1_531' title='bbox 660 5489 844 5540; x_wconf 81' lang='grc' dir='ltr'>οὐκετι</span> <span class='ocrx_word' id='word_1_532' title='bbox 864 5484 1046 5539; x_wconf 82' lang='grc' dir='ltr'>λοιπὸν</span> <span class='ocrx_word' id='word_1_533' title='bbox 1074 5483 1180 5537; x_wconf 77' lang='grc' dir='ltr'>ἀπὸ</span> <span class='ocrx_word' id='word_1_534' title='bbox 1206 5484 1307 5554; x_wconf 84' lang='grc' dir='ltr'>τῆς</span> <span class='ocrx_word' id='word_1_535' title='bbox 1355 5484 1559 5547; x_wconf 84' lang='grc' dir='ltr'>οίκεῐας</span> <span class='ocrx_word' id='word_1_536' title='bbox 1617 5487 1818 5555; x_wconf 81' lang='grc' dir='ltr'>ίσχὺος,</span> <span class='ocrx_word' id='word_1_537' title='bbox 1874 5486 1990 5540; x_wconf 82' lang='grc' dir='ltr'>ἀλλ’</span> 
     </span>
    </p>
   </div>
   <div class='ocr_carea' id='block_1_73' title="bbox 420 5566 1992 5641">
    <p class='ocr_par' dir='ltr' id='par_1_73' title="bbox 420 5566 1992 5641">
     <span class='ocr_line' id='line_1_74' title="bbox 420 5566 1992 5641; baseline 0.001 -20"><span class='ocrx_word' id='word_1_538' title='bbox 420 5569 528 5622; x_wconf 78' lang='grc' dir='ltr'>ἀπὸ</span> <span class='ocrx_word' id='word_1_539' title='bbox 541 5570 638 5641; x_wconf 79' lang='grc' dir='ltr'>τῆς</span> <span class='ocrx_word' id='word_1_540' title='bbox 654 5571 837 5640; x_wconf 82' lang='grc' dir='ltr'>φωνῆς</span> <span class='ocrx_word' id='word_1_541' title='bbox 858 5568 1068 5640; x_wconf 76' lang='grc' dir='ltr'>ἐκείνης</span> <span class='ocrx_word' id='word_1_542' title='bbox 1082 5566 1238 5621; x_wconf 87' lang='grc' dir='ltr'>τοῦτο</span> <span class='ocrx_word' id='word_1_543' title='bbox 1261 5567 1495 5621; x_wconf 85' lang='grc' dir='ltr'>ποιοῦσι.</span> <span class='ocrx_word' id='word_1_544' title='bbox 1520 5567 1688 5621; x_wconf 89' lang='grc' dir='ltr'>Τοῦτο</span> <span class='ocrx_word' id='word_1_545' title='bbox 1707 5570 1797 5621; x_wconf 74' lang='grc' dir='ltr'>καὶ</span> <span class='ocrx_word' id='word_1_546' title='bbox 1825 5569 1992 5623; x_wconf 86' lang='grc' dir='ltr'>ἀλλα-</span> 
     </span>
    </p>
   </div>
   <div class='ocr_carea' id='block_1_74' title="bbox 419 5649 1989 5724">
    <p class='ocr_par' dir='ltr' id='par_1_74' title="bbox 419 5649 1989 5724">
     <span class='ocr_line' id='line_1_75' title="bbox 419 5649 1989 5724; baseline 0.002 -21"><span class='ocrx_word' id='word_1_547' title='bbox 419 5649 515 5719; x_wconf 87' lang='grc' dir='ltr'>χοῦ</span> <span class='ocrx_word' id='word_1_548' title='bbox 543 5653 573 5705; x_wconf 88' lang='lat'>6</span> <span class='ocrx_word' id='word_1_549' title='bbox 602 5653 832 5724; x_wconf 83' lang='grc' dir='ltr'>Χριστὸς</span> <span class='ocrx_word' id='word_1_550' title='bbox 864 5653 1011 5722; x_wconf 87' lang='grc' dir='ltr'>λέγει</span> <span class='ocrx_word' id='word_1_551' title='bbox 1045 5670 1059 5683; x_wconf 89' lang='grc'><strong>·</strong></span> <span class='ocrx_word' id='word_1_552' title='bbox 1107 5650 1459 5707; x_wconf 83' lang='grc' dir='ltr'>Ἀποστελεῖ</span> <span class='ocrx_word' id='word_1_553' title='bbox 1502 5650 1644 5715; x_wconf 86' lang='grc' dir='ltr'>τοὺς</span> <span class='ocrx_word' id='word_1_554' title='bbox 1695 5651 1989 5721; x_wconf 67' lang='grc' dir='ltr'>ἀγγέλους</span> 
     </span>
    </p>
   </div>
   <div class='ocr_carea' id='block_1_75' title="bbox 419 5734 1988 5807">
    <p class='ocr_par' dir='ltr' id='par_1_75' title="bbox 419 5734 1988 5807">
     <span class='ocr_line' id='line_1_76' title="bbox 419 5734 1988 5807; baseline 0.001 -21"><span class='ocrx_word' id='word_1_555' title='bbox 419 5735 604 5789; x_wconf 88' lang='grc' dir='ltr'>αὐτοῦ</span> <span class='ocrx_word' id='word_1_556' title='bbox 613 5737 759 5804; x_wconf 87' lang='grc' dir='ltr'>μετά</span> <span class='ocrx_word' id='word_1_557' title='bbox 779 5737 1113 5807; x_wconf 73' lang='grc' dir='ltr'>σάλπιγγος</span> <span class='ocrx_word' id='word_1_558' title='bbox 1122 5734 1411 5806; x_wconf 76' lang='grc' dir='ltr'>μεγάλης,</span> <span class='ocrx_word' id='word_1_559' title='bbox 1428 5734 1524 5787; x_wconf 75' lang='grc' dir='ltr'>καὶ</span> <span class='ocrx_word' id='word_1_560' title='bbox 1548 5734 1988 5799; x_wconf 80' lang='grc' dir='ltr'>ἐπισυνάξουσι</span> 
     </span>
    </p>
   </div>
   <div class='ocr_carea' id='block_1_76' title="bbox 422 5815 1980 5891">
    <p class='ocr_par' dir='ltr' id='par_1_76' title="bbox 422 5815 1980 5891">
     <span class='ocr_line' id='line_1_77' title="bbox 422 5815 1980 5891; baseline 0.003 -22"><span class='ocrx_word' id='word_1_561' title='bbox 422 5815 564 5886; x_wconf 85' lang='grc' dir='ltr'>τοὺς</span> <span class='ocrx_word' id='word_1_562' title='bbox 588 5818 907 5889; x_wconf 74' lang='grc' dir='ltr'>ἐκλεκτοὺς</span> <span class='ocrx_word' id='word_1_563' title='bbox 936 5819 1121 5876; x_wconf 81' lang='grc' dir='ltr'>αὐτοῦ</span> <span class='ocrx_word' id='word_1_564' title='bbox 1143 5820 1211 5874; x_wconf 82' lang='grc' dir='ltr'>ἐκ</span> <span class='ocrx_word' id='word_1_565' title='bbox 1237 5818 1351 5875; x_wconf 81' lang='grc' dir='ltr'>τῶν</span> <span class='ocrx_word' id='word_1_566' title='bbox 1370 5816 1677 5887; x_wconf 87' lang='grc' dir='ltr'>τεσσάρων</span> <span class='ocrx_word' id='word_1_567' title='bbox 1724 5818 1980 5891; x_wconf 77' lang='grc' dir='ltr'>ἀνέμων,</span> 
     </span>
    </p>
   </div>
   <div class='ocr_carea' id='block_1_77' title="bbox 2118 1677 3703 1752">
    <p class='ocr_par' dir='ltr' id='par_1_77' title="bbox 2118 1677 3703 1752">
     <span class='ocr_line' id='line_1_78' title="bbox 2118 1677 3703 1752; baseline 0.001 -22"><span class='ocrx_word' id='word_1_568' title='bbox 2118 1677 2219 1730; x_wconf 84' lang='grc' dir='ltr'>ἀπ’</span> <span class='ocrx_word' id='word_1_569' title='bbox 2265 1677 2465 1745; x_wconf 79' lang='grc' dir='ltr'>ἄκρων</span> <span class='ocrx_word' id='word_1_570' title='bbox 2515 1679 2732 1735; x_wconf 83' lang='grc' dir='ltr'>αὐτῶν.</span> <span class='ocrx_word' id='word_1_571' title='bbox 2773 1682 2883 1735; x_wconf 73' lang='grc' dir='ltr'>Καὶ</span> <span class='ocrx_word' id='word_1_572' title='bbox 2939 1681 3211 1752; x_wconf 80' lang='grc' dir='ltr'>πανταχοῦ</span> <span class='ocrx_word' id='word_1_573' title='bbox 3256 1682 3381 1745; x_wconf 80' lang='grc' dir='ltr'>τοὺς</span> <span class='ocrx_word' id='word_1_574' title='bbox 3438 1680 3703 1749; x_wconf 81' lang='grc' dir='ltr'>ἀγγέλους</span> 
     </span>
    </p>
   </div>
   <div class='ocr_carea' id='block_1_78' title="bbox 2118 1760 3693 1836">
    <p class='ocr_par' dir='ltr' id='par_1_78' title="bbox 2118 1760 3693 1836">
     <span class='ocr_line' id='line_1_79' title="bbox 2118 1760 3693 1836; baseline 0.003 -25"><span class='ocrx_word' id='word_1_575' title='bbox 2118 1760 2251 1831; x_wconf 79' lang='grc' dir='ltr'>ὁρᾷς</span> <span class='ocrx_word' id='word_1_576' title='bbox 2275 1760 2674 1831; x_wconf 82' lang='grc' dir='ltr'>διατρέχοντας.</span> <span class='ocrx_word' id='word_1_577' title='bbox 2714 1764 2818 1817; x_wconf 85' lang='grc' dir='ltr'>Τὸν</span> <span class='ocrx_word' id='word_1_578' title='bbox 2861 1760 2955 1819; x_wconf 87' lang='grc' dir='ltr'>οῦν</span> <span class='ocrx_word' id='word_1_579' title='bbox 3001 1765 3341 1836; x_wconf 84' lang='grc' dir='ltr'>ἀρχάγγελον</span> <span class='ocrx_word' id='word_1_580' title='bbox 3394 1760 3549 1834; x_wconf 83' lang='grc' dir='ltr'>οἶμαι</span> <span class='ocrx_word' id='word_1_581' title='bbox 3599 1764 3693 1816; x_wconf 73' lang='grc' dir='ltr'>τὸν</span> 
     </span>
    </p>
   </div>
   <div class='ocr_carea' id='block_1_79' title="bbox 2119 1845 3699 1922">
    <p class='ocr_par' dir='ltr' id='par_1_79' title="bbox 2119 1845 3699 1922">
     <span class='ocr_line' id='line_1_80' title="bbox 2119 1845 3699 1922; baseline 0.003 -22"><span class='ocrx_word' id='word_1_582' title='bbox 2119 1847 2400 1916; x_wconf 86' lang='grc' dir='ltr'>ἐφεστῶτα</span> <span class='ocrx_word' id='word_1_583' title='bbox 2419 1845 2557 1903; x_wconf 79' lang='grc' dir='ltr'>εἶναι</span> <span class='ocrx_word' id='word_1_584' title='bbox 2585 1854 2698 1914; x_wconf 88' lang='grc' dir='ltr'>τοῖς</span> <span class='ocrx_word' id='word_1_585' title='bbox 2759 1852 3193 1922; x_wconf 80' lang='grc' dir='ltr'>ἀπεσταλμένοις</span> <span class='ocrx_word' id='word_1_586' title='bbox 3254 1851 3462 1922; x_wconf 88' lang='grc' dir='ltr'>βοῶντα</span> <span class='ocrx_word' id='word_1_587' title='bbox 3518 1851 3699 1915; x_wconf 86' lang='grc' dir='ltr'>τοῦτο,</span> 
     </span>
    </p>
   </div>
   <div class='ocr_carea' id='block_1_80' title="bbox 2117 1936 3779 2011">
    <p class='ocr_par' dir='ltr' id='par_1_80' title="bbox 2117 1936 3779 2011">
     <span class='ocr_line' id='line_1_81' title="bbox 2117 1936 3779 2011; baseline 0.001 -22"><span class='ocrx_word' id='word_1_588' title='bbox 2117 1936 2200 1989; x_wconf 77' lang='grc' dir='ltr'>ὅτι</span> <span class='ocrx_word' id='word_1_589' title='bbox 2226 1937 2476 2007; x_wconf 78' lang='grc' dir='ltr'>ἑτοίμους</span> <span class='ocrx_word' id='word_1_590' title='bbox 2495 1941 2698 1992; x_wconf 85' lang='grc' dir='ltr'>ποιεῖτε</span> <span class='ocrx_word' id='word_1_591' title='bbox 2730 1940 2938 2003; x_wconf 87' lang='grc' dir='ltr'>πάντας</span> <span class='ocrx_word' id='word_1_592' title='bbox 2966 1957 2980 1970; x_wconf 81' lang='grc'><em>’</em></span> <span class='ocrx_word' id='word_1_593' title='bbox 3006 1942 3236 2010; x_wconf 88' lang='grc' dir='ltr'>πάρεστι</span> <span class='ocrx_word' id='word_1_594' title='bbox 3260 1939 3369 2011; x_wconf 79' lang='grc' dir='ltr'>γὰρ</span> <span class='ocrx_word' id='word_1_595' title='bbox 3398 1941 3426 1993; x_wconf 90' lang='grc' dir='ltr'>ό</span> <span class='ocrx_word' id='word_1_596' title='bbox 3486 1941 3699 2010; x_wconf 82' lang='grc' dir='ltr'>κριτής.</span> <span class='ocrx_word' id='word_1_597' title='bbox 3768 1966 3779 1983; x_wconf 76' lang='grc' dir='ltr'>ι</span> 
     </span>
    </p>
   </div>
   <div class='ocr_carea' id='block_1_81' title="bbox 2119 2023 3698 2097">
    <p class='ocr_par' dir='ltr' id='par_1_81' title="bbox 2119 2023 3698 2097">
     <span class='ocr_line' id='line_1_82' title="bbox 2119 2023 3698 2097; baseline 0.001 -22"><span class='ocrx_word' id='word_1_598' title='bbox 2119 2023 2185 2075; x_wconf 89' lang='grc' dir='ltr'>Τί</span> <span class='ocrx_word' id='word_1_599' title='bbox 2205 2024 2373 2091; x_wconf 72' lang='grc' dir='ltr'>ἐστιν,</span> <span class='ocrx_word' id='word_1_600' title='bbox 2415 2024 2518 2079; x_wconf 83' lang='grc' dir='ltr'>Ἔν</span> <span class='ocrx_word' id='word_1_601' title='bbox 2553 2024 2629 2094; x_wconf 78' lang='grc' dir='ltr'>τῇ</span> <span class='ocrx_word' id='word_1_602' title='bbox 2656 2026 2886 2095; x_wconf 75' lang='grc' dir='ltr'>ἐσχάτῃ</span> <span class='ocrx_word' id='word_1_603' title='bbox 2907 2027 3197 2096; x_wconf 77' lang='grc' dir='ltr'>σάλπιγγι</span> <span class='ocrx_word' id='word_1_604' title='bbox 3226 2043 3245 2088; x_wconf 88' lang='lat'><strong><em>;</em></strong></span> <span class='ocrx_word' id='word_1_605' title='bbox 3275 2028 3567 2097; x_wconf 47' lang='grc' dir='ltr'>,Δείκνυσιν</span> <span class='ocrx_word' id='word_1_606' title='bbox 3613 2027 3698 2078; x_wconf 83' lang='grc' dir='ltr'>ὲν·</span> 
     </span>
    </p>
   </div>
   <div class='ocr_carea' id='block_1_82' title="bbox 2118 2104 3699 2179">
    <p class='ocr_par' dir='ltr' id='par_1_82' title="bbox 2118 2104 3699 2179">
     <span class='ocr_line' id='line_1_83' title="bbox 2118 2104 3699 2179; baseline 0.001 -21"><span class='ocrx_word' id='word_1_607' title='bbox 2118 2104 2296 2158; x_wconf 85' lang='grc' dir='ltr'>ταῦθα</span> <span class='ocrx_word' id='word_1_608' title='bbox 2330 2105 2533 2171; x_wconf 83' lang='grc' dir='ltr'>πολλὰς</span> <span class='ocrx_word' id='word_1_609' title='bbox 2556 2107 2657 2171; x_wconf 82' lang='grc' dir='ltr'>τὰς</span> <span class='ocrx_word' id='word_1_610' title='bbox 2692 2109 2995 2177; x_wconf 84' lang='grc' dir='ltr'>σάλπιγγας</span> <span class='ocrx_word' id='word_1_611' title='bbox 3017 2109 3327 2179; x_wconf 83' lang='grc' dir='ltr'>γινομένας,</span> <span class='ocrx_word' id='word_1_612' title='bbox 3362 2110 3454 2162; x_wconf 72' lang='grc' dir='ltr'>καὶ</span> <span class='ocrx_word' id='word_1_613' title='bbox 3475 2108 3612 2178; x_wconf 82' lang='grc' dir='ltr'>πρὸς</span> <span class='ocrx_word' id='word_1_614' title='bbox 3632 2110 3699 2178; x_wconf 75' lang='grc' dir='ltr'>τῇ</span> 
     </span>
    </p>
   </div>
   <div class='ocr_carea' id='block_1_83' title="bbox 2118 2187 3689 2262">
    <p class='ocr_par' dir='ltr' id='par_1_83' title="bbox 2118 2187 3689 2262">
     <span class='ocr_line' id='line_1_84' title="bbox 2118 2187 3689 2262; baseline 0.006 -23"><span class='ocrx_word' id='word_1_615' title='bbox 2118 2187 2322 2261; x_wconf 74' lang='grc' dir='ltr'>ἐσχάτῃ</span> <span class='ocrx_word' id='word_1_616' title='bbox 2342 2190 2733 2244; x_wconf 83' lang='grc' dir='ltr'>καταϐαίνοντα</span> <span class='ocrx_word' id='word_1_617' title='bbox 2760 2192 2854 2245; x_wconf 79' lang='grc' dir='ltr'>τὸν</span> <span class='ocrx_word' id='word_1_618' title='bbox 2904 2194 3115 2262; x_wconf 88' lang='grc' dir='ltr'>κριτήν.</span> <span class='ocrx_word' id='word_1_619' title='bbox 3172 2193 3281 2246; x_wconf 80' lang='grc' dir='ltr'>Καὶ</span> <span class='ocrx_word' id='word_1_620' title='bbox 3334 2194 3388 2245; x_wconf 89' lang='grc' dir='ltr'>οί</span> <span class='ocrx_word' id='word_1_621' title='bbox 3445 2190 3645 2258; x_wconf 80' lang='grc' dir='ltr'>νεκροὶ</span> <span class='ocrx_word' id='word_1_622' title='bbox 3675 2232 3689 2249; x_wconf 89' lang='grc'>.</span> 
     </span>
    </p>
   </div>
   <div class='ocr_carea' id='block_1_84' title="bbox 2120 2270 3689 2343">
    <p class='ocr_par' dir='ltr' id='par_1_84' title="bbox 2120 2270 3689 2343">
     <span class='ocr_line' id='line_1_85' title="bbox 2120 2270 3689 2343; baseline 0.003 -21"><span class='ocrx_word' id='word_1_623' title='bbox 2120 2270 2307 2340; x_wconf 78' lang='grc' dir='ltr'>φησὶν,</span> <span class='ocrx_word' id='word_1_624' title='bbox 2336 2270 2405 2325; x_wconf 80' lang='grc' dir='ltr'>ἐν</span> <span class='ocrx_word' id='word_1_625' title='bbox 2432 2270 2657 2339; x_wconf 84' lang='grc' dir='ltr'>Χριστῷ</span> <span class='ocrx_word' id='word_1_626' title='bbox 2682 2273 3132 2341; x_wconf 71' lang='grc' dir='ltr'>ἀναστήσονται</span> <span class='ocrx_word' id='word_1_627' title='bbox 3189 2274 3443 2343; x_wconf 85' lang='grc' dir='ltr'>πρῶτον,</span> <span class='ocrx_word' id='word_1_628' title='bbox 3483 2275 3689 2328; x_wconf 79' lang='grc' dir='ltr'>ἔπειτα</span> 
     </span>
    </p>
   </div>
   <div class='ocr_carea' id='block_1_85' title="bbox 2120 2352 3697 2426">
    <p class='ocr_par' dir='ltr' id='par_1_85' title="bbox 2120 2352 3697 2426">
     <span class='ocr_line' id='line_1_86' title="bbox 2120 2352 3697 2426; baseline 0.002 -21"><span class='ocrx_word' id='word_1_629' title='bbox 2120 2353 2289 2421; x_wconf 73' lang='grc' dir='ltr'>ἡμεῖς</span> <span class='ocrx_word' id='word_1_630' title='bbox 2316 2358 2371 2408; x_wconf 87' lang='grc' dir='ltr'>οί</span> <span class='ocrx_word' id='word_1_631' title='bbox 2399 2352 2609 2422; x_wconf 77' lang='grc' dir='ltr'>ζῶντες</span> <span class='ocrx_word' id='word_1_632' title='bbox 2628 2359 2683 2409; x_wconf 83' lang='grc' dir='ltr'>οί</span> <span class='ocrx_word' id='word_1_633' title='bbox 2704 2359 3179 2426; x_wconf 85' lang='grc' dir='ltr'>περιλειπόμενοι</span> <span class='ocrx_word' id='word_1_634' title='bbox 3201 2358 3322 2426; x_wconf 83' lang='grc' dir='ltr'>ἅμα</span> <span class='ocrx_word' id='word_1_635' title='bbox 3348 2357 3472 2411; x_wconf 87' lang='grc' dir='ltr'>σὺν</span> <span class='ocrx_word' id='word_1_636' title='bbox 3490 2356 3697 2418; x_wconf 71' lang='grc' dir='ltr'>αὐτοῖς</span> 
     </span>
    </p>
   </div>
   <div class='ocr_carea' id='block_1_86' title="bbox 2118 2439 3700 2509">
    <p class='ocr_par' dir='ltr' id='par_1_86' title="bbox 2118 2439 3700 2509">
     <span class='ocr_line' id='line_1_87' title="bbox 2118 2439 3700 2509; baseline 0.001 -18"><span class='ocrx_word' id='word_1_637' title='bbox 2118 2439 2588 2507; x_wconf 77' lang='grc' dir='ltr'>ἁρπαγησόμεθα</span> <span class='ocrx_word' id='word_1_638' title='bbox 2612 2441 2682 2493; x_wconf 81' lang='grc' dir='ltr'>ὲν</span> <span class='ocrx_word' id='word_1_639' title='bbox 2721 2440 3005 2509; x_wconf 67' lang='grc' dir='ltr'>νεφέλαις</span> <span class='ocrx_word' id='word_1_640' title='bbox 3056 2443 3142 2506; x_wconf 87' lang='grc' dir='ltr'>είς</span> <span class='ocrx_word' id='word_1_641' title='bbox 3197 2440 3543 2506; x_wconf 72' lang='grc' dir='ltr'>ἀπάντησιν·</span> <span class='ocrx_word' id='word_1_642' title='bbox 3592 2440 3700 2493; x_wconf 85' lang='grc' dir='ltr'>τοῦ</span> 
     </span>
    </p>
   </div>
   <div class='ocr_carea' id='block_1_87' title="bbox 2119 2520 3703 2589">
    <p class='ocr_par' dir='ltr' id='par_1_87' title="bbox 2119 2520 3703 2589">
     <span class='ocr_line' id='line_1_88' title="bbox 2119 2520 3703 2589; baseline 0.001 -17"><span class='ocrx_word' id='word_1_643' title='bbox 2119 2520 2342 2589; x_wconf 81' lang='grc' dir='ltr'>Κυρίου</span> <span class='ocrx_word' id='word_1_644' title='bbox 2374 2524 2461 2586; x_wconf 83' lang='grc' dir='ltr'>εὶς</span> <span class='ocrx_word' id='word_1_645' title='bbox 2481 2521 2647 2589; x_wconf 85' lang='grc' dir='ltr'>ἀέρα,</span> <span class='ocrx_word' id='word_1_646' title='bbox 2687 2522 2788 2575; x_wconf 76' lang='grc' dir='ltr'>καί</span> <span class='ocrx_word' id='word_1_647' title='bbox 2824 2522 2977 2575; x_wconf 85' lang='grc' dir='ltr'>οὕτω</span> <span class='ocrx_word' id='word_1_648' title='bbox 3032 2522 3289 2576; x_wconf 84' lang='grc' dir='ltr'>πάντοτε</span> <span class='ocrx_word' id='word_1_649' title='bbox 3331 2523 3453 2576; x_wconf 87' lang='grc' dir='ltr'>σὺν</span> <span class='ocrx_word' id='word_1_650' title='bbox 3505 2521 3703 2589; x_wconf 86' lang='grc' dir='ltr'>Κυρίῳ</span> 
     </span>
    </p>
   </div>
   <div class='ocr_carea' id='block_1_88' title="bbox 2118 2608 3701 2677">
    <p class='ocr_par' dir='ltr' id='par_1_88' title="bbox 2118 2608 3701 2677">
     <span class='ocr_line' id='line_1_89' title="bbox 2118 2608 3701 2677; baseline 0 -16"><span class='ocrx_word' id='word_1_651' title='bbox 2118 2608 2395 2677; x_wconf 79' lang='grc' dir='ltr'>ἐσόμεθα.</span> <span class='ocrx_word' id='word_1_652' title='bbox 2437 2608 2620 2662; x_wconf 81' lang='grc' dir='ltr'>Ὥστε</span> <span class='ocrx_word' id='word_1_653' title='bbox 2652 2609 3048 2677; x_wconf 79' lang='grc' dir='ltr'>παρακαλεῖτε</span> <span class='ocrx_word' id='word_1_654' title='bbox 3094 2609 3406 2676; x_wconf 84' lang='grc' dir='ltr'>ἀλλήλους</span> <span class='ocrx_word' id='word_1_655' title='bbox 3445 2609 3517 2663; x_wconf 77' lang='grc' dir='ltr'>ἐν</span> <span class='ocrx_word' id='word_1_656' title='bbox 3574 2608 3701 2674; x_wconf 82' lang='grc' dir='ltr'>τοῖς</span> 
     </span>
    </p>
   </div>
   <div class='ocr_carea' id='block_1_89' title="bbox 2119 2691 3701 2763">
    <p class='ocr_par' dir='ltr' id='par_1_89' title="bbox 2119 2691 3701 2763">
     <span class='ocr_line' id='line_1_90' title="bbox 2119 2691 3701 2763; baseline 0 -19"><span class='ocrx_word' id='word_1_657' title='bbox 2119 2693 2325 2761; x_wconf 79' lang='grc' dir='ltr'>λόγοις</span> <span class='ocrx_word' id='word_1_658' title='bbox 2346 2691 2579 2758; x_wconf 85' lang='grc' dir='ltr'>τούτοις</span> <span class='ocrx_word' id='word_1_659' title='bbox 2614 2693 2676 2745; x_wconf 83' lang='grc' dir='ltr'>Εί</span> <span class='ocrx_word' id='word_1_660' title='bbox 2708 2692 2894 2763; x_wconf 81' lang='grc' dir='ltr'>μέλλει</span> <span class='ocrx_word' id='word_1_661' title='bbox 2926 2693 3296 2756; x_wconf 89' lang='grc' dir='ltr'>καταϐαίνειν,</span> <span class='ocrx_word' id='word_1_662' title='bbox 3328 2693 3471 2756; x_wconf 89' lang='grc' dir='ltr'>τίνος</span> <span class='ocrx_word' id='word_1_663' title='bbox 3511 2692 3701 2745; x_wconf 72' lang='grc' dir='ltr'>ἕνεκεν</span> 
     </span>
    </p>
   </div>
   <div class='ocr_carea' id='block_1_90' title="bbox 2122 2774 3702 2847">
    <p class='ocr_par' dir='ltr' id='par_1_90' title="bbox 2122 2774 3702 2847">
     <span class='ocr_line' id='line_1_91' title="bbox 2122 2774 3702 2847; baseline 0 -21"><span class='ocrx_word' id='word_1_664' title='bbox 2122 2774 2577 2845; x_wconf 84' lang='grc' dir='ltr'>ἀρπαγησόμεθα;</span> <span class='ocrx_word' id='word_1_665' title='bbox 2613 2776 2791 2845; x_wconf 88' lang='grc' dir='ltr'>Τιμῆς</span> <span class='ocrx_word' id='word_1_666' title='bbox 2819 2776 3025 2833; x_wconf 75' lang='grc' dir='ltr'>ἕνεκεν.</span> <span class='ocrx_word' id='word_1_667' title='bbox 3052 2776 3158 2829; x_wconf 75' lang='grc' dir='ltr'>Καὶ</span> <span class='ocrx_word' id='word_1_668' title='bbox 3184 2776 3293 2847; x_wconf 88' lang='grc' dir='ltr'>γὰρ</span> <span class='ocrx_word' id='word_1_669' title='bbox 3334 2775 3595 2846; x_wconf 88' lang='grc' dir='ltr'>βασιλέως</span> <span class='ocrx_word' id='word_1_670' title='bbox 3620 2776 3702 2836; x_wconf 83' lang='grc' dir='ltr'>είς</span> 
     </span>
    </p>
   </div>
   <div class='ocr_carea' id='block_1_91' title="bbox 2121 2860 3702 2934">
    <p class='ocr_par' dir='ltr' id='par_1_91' title="bbox 2121 2860 3702 2934">
     <span class='ocr_line' id='line_1_92' title="bbox 2121 2860 3702 2934; baseline -0.001 -21"><span class='ocrx_word' id='word_1_671' title='bbox 2121 2861 2276 2914; x_wconf 81' lang='grc' dir='ltr'>πόλιν</span> <span class='ocrx_word' id='word_1_672' title='bbox 2304 2860 2727 2927; x_wconf 72' lang='grc' dir='ltr'>εἰσελαύνοντος,</span> <span class='ocrx_word' id='word_1_673' title='bbox 2751 2864 2801 2915; x_wconf 88' lang='grc' dir='ltr'>οί</span> <span class='ocrx_word' id='word_1_674' title='bbox 2837 2862 2935 2932; x_wconf 81' lang='grc' dir='ltr'>μὲν</span> <span class='ocrx_word' id='word_1_675' title='bbox 2975 2862 3184 2932; x_wconf 73' lang='grc' dir='ltr'>ἔντιμοι</span> <span class='ocrx_word' id='word_1_676' title='bbox 3220 2861 3357 2934; x_wconf 84' lang='grc' dir='ltr'>πρὸς</span> <span class='ocrx_word' id='word_1_677' title='bbox 3391 2862 3702 2931; x_wconf 83' lang='grc' dir='ltr'>ἀπάντησιν</span> 
     </span>
    </p>
   </div>
   <div class='ocr_carea' id='block_1_92' title="bbox 2116 2948 3697 3021">
    <p class='ocr_par' dir='ltr' id='par_1_92' title="bbox 2116 2948 3697 3021">
     <span class='ocr_line' id='line_1_93' title="bbox 2116 2948 3697 3021; baseline -0.001 -19"><span class='ocrx_word' id='word_1_678' title='bbox 2116 2948 2344 3016; x_wconf 82' lang='grc' dir='ltr'>ἐξίασιν,</span> <span class='ocrx_word' id='word_1_679' title='bbox 2364 2950 2415 3002; x_wconf 88' lang='grc' dir='ltr'>οί</span> <span class='ocrx_word' id='word_1_680' title='bbox 2443 2949 2503 3003; x_wconf 85' lang='grc' dir='ltr'>δὲ</span> <span class='ocrx_word' id='word_1_681' title='bbox 2533 2951 2820 3004; x_wconf 87' lang='grc' dir='ltr'>κατάδικοι</span> <span class='ocrx_word' id='word_1_682' title='bbox 2863 2950 3008 3004; x_wconf 81' lang='grc' dir='ltr'>ἔνδον</span> <span class='ocrx_word' id='word_1_683' title='bbox 3066 2952 3287 3021; x_wconf 79' lang='grc' dir='ltr'>μένουσι</span> <span class='ocrx_word' id='word_1_684' title='bbox 3344 2948 3436 3002; x_wconf 71' lang='grc' dir='ltr'>τὸν</span> <span class='ocrx_word' id='word_1_685' title='bbox 3482 2949 3697 3019; x_wconf 84' lang='grc' dir='ltr'>κριτήν’</span> 
     </span>
    </p>
   </div>
   <div class='ocr_carea' id='block_1_93' title="bbox 2114 3036 3699 3110">
    <p class='ocr_par' dir='ltr' id='par_1_93' title="bbox 2114 3036 3699 3110">
     <span class='ocr_line' id='line_1_94' title="bbox 2114 3036 3699 3110; baseline -0.002 -19"><span class='ocrx_word' id='word_1_686' title='bbox 2114 3039 2212 3091; x_wconf 59' lang='grc' dir='ltr'>καὶ⁸</span> <span class='ocrx_word' id='word_1_687' title='bbox 2269 3038 2474 3110; x_wconf 81' lang='grc' dir='ltr'>πατρὸς</span> <span class='ocrx_word' id='word_1_688' title='bbox 2520 3038 2885 3109; x_wconf 88' lang='grc' dir='ltr'>φιλοστόργου</span> <span class='ocrx_word' id='word_1_689' title='bbox 2947 3037 3419 3109; x_wconf 74' lang='grc' dir='ltr'>παραγενομένου,</span> <span class='ocrx_word' id='word_1_690' title='bbox 3481 3038 3533 3090; x_wconf 79' lang='grc' dir='ltr'>οἱ</span> <span class='ocrx_word' id='word_1_691' title='bbox 3597 3036 3699 3107; x_wconf 83' lang='grc' dir='ltr'>μὲν</span> 
     </span>
    </p>
   </div>
   <div class='ocr_carea' id='block_1_94' title="bbox 2114 3119 3699 3192">
    <p class='ocr_par' dir='ltr' id='par_1_94' title="bbox 2114 3119 3699 3192">
     <span class='ocr_line' id='line_1_95' title="bbox 2114 3119 3699 3192; baseline -0.001 -17"><span class='ocrx_word' id='word_1_692' title='bbox 2114 3123 2444 3189; x_wconf 79' lang='grc' dir='ltr'>παίδες,καὶ</span> <span class='ocrx_word' id='word_1_693' title='bbox 2498 3121 2638 3188; x_wconf 80' lang='grc' dir='ltr'>ἄξιοι</span> <span class='ocrx_word' id='word_1_694' title='bbox 2689 3123 2878 3186; x_wconf 84' lang='grc' dir='ltr'>παῖδες</span> <span class='ocrx_word' id='word_1_695' title='bbox 2929 3119 3093 3187; x_wconf 79' lang='grc' dir='ltr'>εἶναι,</span> <span class='ocrx_word' id='word_1_696' title='bbox 3137 3122 3225 3175; x_wconf 79' lang='grc' dir='ltr'>ἐπ’</span> <span class='ocrx_word' id='word_1_697' title='bbox 3274 3123 3552 3192; x_wconf 82' lang='grc' dir='ltr'>ὀχήματος</span> <span class='ocrx_word' id='word_1_698' title='bbox 3607 3120 3699 3187; x_wconf 70' lang='grc' dir='ltr'>ἐξα</span> 
     </span>
    </p>
   </div>
   <div class='ocr_carea' id='block_1_95' title="bbox 2113 3207 3700 3278">
    <p class='ocr_par' dir='ltr' id='par_1_95' title="bbox 2113 3207 3700 3278">
     <span class='ocr_line' id='line_1_96' title="bbox 2113 3207 3700 3278; baseline -0.002 -17"><span class='ocrx_word' id='word_1_699' title='bbox 2113 3208 2340 3276; x_wconf 86' lang='grc' dir='ltr'>ἀγονται</span> <span class='ocrx_word' id='word_1_700' title='bbox 2371 3208 2511 3261; x_wconf 81' lang='grc' dir='ltr'>ὥστε</span> <span class='ocrx_word' id='word_1_701' title='bbox 2543 3207 2670 3261; x_wconf 79' lang='grc' dir='ltr'>ἰδεῖν</span> <span class='ocrx_word' id='word_1_702' title='bbox 2703 3208 2795 3260; x_wconf 82' lang='grc' dir='ltr'>καὶ</span> <span class='ocrx_word' id='word_1_703' title='bbox 2817 3208 3189 3278; x_wconf 75' lang='grc' dir='ltr'>καταφιλῆσαι</span> <span class='ocrx_word' id='word_1_704' title='bbox 3215 3222 3228 3235; x_wconf 79' lang='grc'><strong>’</strong></span> <span class='ocrx_word' id='word_1_705' title='bbox 3263 3208 3312 3259; x_wconf 87' lang='grc' dir='ltr'>οί</span> <span class='ocrx_word' id='word_1_706' title='bbox 3348 3207 3406 3261; x_wconf 84' lang='grc' dir='ltr'>δὲ</span> <span class='ocrx_word' id='word_1_707' title='bbox 3458 3223 3700 3276; x_wconf 88' lang='grc' dir='ltr'>προσκε-</span> 
     </span>
    </p>
   </div>
   <div class='ocr_carea' id='block_1_96' title="bbox 2113 3289 3699 3363">
    <p class='ocr_par' dir='ltr' id='par_1_96' title="bbox 2113 3289 3699 3363">
     <span class='ocr_line' id='line_1_97' title="bbox 2113 3289 3699 3363; baseline -0.001 -20"><span class='ocrx_word' id='word_1_708' title='bbox 2113 3291 2409 3363; x_wconf 89' lang='grc' dir='ltr'>κρουκότες</span> <span class='ocrx_word' id='word_1_709' title='bbox 2447 3291 2557 3345; x_wconf 90' lang='grc' dir='ltr'>τῶν</span> <span class='ocrx_word' id='word_1_710' title='bbox 2600 3290 2826 3344; x_wconf 77' lang='grc' dir='ltr'>οἰκετῶν</span> <span class='ocrx_word' id='word_1_711' title='bbox 2886 3291 3033 3344; x_wconf 81' lang='grc' dir='ltr'>ἔνδον</span> <span class='ocrx_word' id='word_1_712' title='bbox 3096 3290 3367 3361; x_wconf 81' lang='grc' dir='ltr'>μένουσιν.</span> <span class='ocrx_word' id='word_1_713' title='bbox 3435 3290 3558 3341; x_wconf 72' lang='grc' dir='ltr'>Ἐπὶ</span> <span class='ocrx_word' id='word_1_714' title='bbox 3604 3289 3699 3343; x_wconf 85' lang='grc' dir='ltr'>τοῦ</span> 
     </span>
    </p>
   </div>
   <div class='ocr_carea' id='block_1_97' title="bbox 2111 3372 3699 3446">
    <p class='ocr_par' dir='ltr' id='par_1_97' title="bbox 2111 3372 3699 3446">
     <span class='ocr_line' id='line_1_98' title="bbox 2111 3372 3699 3446; baseline -0.002 -18"><span class='ocrx_word' id='word_1_715' title='bbox 2111 3375 2382 3445; x_wconf 80' lang='grc' dir='ltr'>ὀχήματος</span> <span class='ocrx_word' id='word_1_716' title='bbox 2414 3375 2694 3446; x_wconf 84' lang='grc' dir='ltr'>φερόμεθα</span> <span class='ocrx_word' id='word_1_717' title='bbox 2725 3374 2818 3427; x_wconf 90' lang='grc' dir='ltr'>τοῦ</span> <span class='ocrx_word' id='word_1_718' title='bbox 2851 3375 3061 3446; x_wconf 86' lang='grc' dir='ltr'>Πατρός</span> <span class='ocrx_word' id='word_1_719' title='bbox 3082 3387 3097 3402; x_wconf 83' lang='grc'><strong>⁸</strong></span> <span class='ocrx_word' id='word_1_720' title='bbox 3135 3373 3229 3426; x_wconf 74' lang='grc' dir='ltr'>καὶ</span> <span class='ocrx_word' id='word_1_721' title='bbox 3266 3373 3377 3444; x_wconf 77' lang='grc' dir='ltr'>γὰρ</span> <span class='ocrx_word' id='word_1_722' title='bbox 3436 3372 3599 3435; x_wconf 81' lang='grc' dir='ltr'>αὐτὸς</span> <span class='ocrx_word' id='word_1_723' title='bbox 3641 3374 3699 3425; x_wconf 87' lang='grc' dir='ltr'>ἐν</span> 
     </span>
    </p>
   </div>
   <div class='ocr_carea' id='block_1_98' title="bbox 2111 3460 3699 3530">
    <p class='ocr_par' dir='ltr' id='par_1_98' title="bbox 2111 3460 3699 3530">
     <span class='ocr_line' id='line_1_99' title="bbox 2111 3460 3699 3530; baseline -0.002 -17"><span class='ocrx_word' id='word_1_724' title='bbox 2111 3461 2363 3530; x_wconf 83' lang='grc' dir='ltr'>νεφέλαις</span> <span class='ocrx_word' id='word_1_725' title='bbox 2418 3460 2687 3514; x_wconf 74' lang='grc' dir='ltr'>ὑπέλαϐεν</span> <span class='ocrx_word' id='word_1_726' title='bbox 2725 3460 2909 3524; x_wconf 81' lang='grc' dir='ltr'>αὑτὸν,</span> <span class='ocrx_word' id='word_1_727' title='bbox 2961 3461 3059 3513; x_wconf 56' lang='grc' dir='ltr'>καὶ⁵</span> <span class='ocrx_word' id='word_1_728' title='bbox 3120 3461 3281 3530; x_wconf 79' lang='grc' dir='ltr'>ἡμεῖς</span> <span class='ocrx_word' id='word_1_729' title='bbox 3330 3462 3389 3511; x_wconf 81' lang='grc' dir='ltr'>ἐν</span> <span class='ocrx_word' id='word_1_730' title='bbox 3445 3460 3699 3528; x_wconf 78' lang='grc' dir='ltr'>νεφέλαις</span> 
     </span>
    </p>
   </div>
   <div class='ocr_carea' id='block_1_99' title="bbox 2112 3543 3700 3614">
    <p class='ocr_par' dir='ltr' id='par_1_99' title="bbox 2112 3543 3700 3614">
     <span class='ocr_line' id='line_1_100' title="bbox 2112 3543 3700 3614; baseline -0.001 -17"><span class='ocrx_word' id='word_1_731' title='bbox 2112 3543 2573 3614; x_wconf 85' lang='grc' dir='ltr'>ἁρπαγησόμεθα.</span> <span class='ocrx_word' id='word_1_732' title='bbox 2644 3544 2808 3614; x_wconf 75' lang='grc' dir='ltr'>Ὁρᾷς</span> <span class='ocrx_word' id='word_1_733' title='bbox 2862 3544 2961 3613; x_wconf 77' lang='grc' dir='ltr'>τὴν</span> <span class='ocrx_word' id='word_1_734' title='bbox 3029 3544 3194 3613; x_wconf 79' lang='grc' dir='ltr'>τιμὴν</span> <span class='ocrx_word' id='word_1_735' title='bbox 3247 3544 3391 3612; x_wconf 83' lang='grc' dir='ltr'>ὃση;</span> <span class='ocrx_word' id='word_1_736' title='bbox 3451 3546 3545 3595; x_wconf 74' lang='grc' dir='ltr'>καὶ</span> <span class='ocrx_word' id='word_1_737' title='bbox 3597 3544 3700 3611; x_wconf 81' lang='grc' dir='ltr'>τὴν</span> 
     </span>
    </p>
   </div>
   <div class='ocr_carea' id='block_1_100' title="bbox 2110 3626 3698 3697">
    <p class='ocr_par' dir='ltr' id='par_1_100' title="bbox 2110 3626 3698 3697">
     <span class='ocr_line' id='line_1_101' title="bbox 2110 3626 3698 3697; baseline -0.003 -16"><span class='ocrx_word' id='word_1_738' title='bbox 2110 3628 2414 3695; x_wconf 82' lang='grc' dir='ltr'>ἀπάντησιν</span> <span class='ocrx_word' id='word_1_739' title='bbox 2434 3626 2815 3681; x_wconf 91' lang='grc' dir='ltr'>καταϐαίνοντι</span> <span class='ocrx_word' id='word_1_740' title='bbox 2861 3627 3185 3697; x_wconf 72' lang='grc' dir='ltr'>ποιούμεθα,</span> <span class='ocrx_word' id='word_1_741' title='bbox 3244 3628 3338 3680; x_wconf 73' lang='grc' dir='ltr'>καὶ</span> <span class='ocrx_word' id='word_1_742' title='bbox 3386 3626 3447 3679; x_wconf 85' lang='grc' dir='ltr'>τὸ</span> <span class='ocrx_word' id='word_1_743' title='bbox 3480 3627 3698 3680; x_wconf 75' lang='grc' dir='ltr'>πάντων</span> 
     </span>
    </p>
   </div>
   <div class='ocr_carea' id='block_1_101' title="bbox 2113 3709 3697 3780">
    <p class='ocr_par' dir='ltr' id='par_1_101' title="bbox 2113 3709 3697 3780">
     <span class='ocr_line' id='line_1_102' title="bbox 2113 3709 3697 3780; baseline -0.003 -15"><span class='ocrx_word' id='word_1_744' title='bbox 2113 3710 2541 3780; x_wconf 88' lang='grc' dir='ltr'>μακαριώτερον,</span> <span class='ocrx_word' id='word_1_745' title='bbox 2576 3709 2725 3763; x_wconf 76' lang='grc' dir='ltr'>οὕτω</span> <span class='ocrx_word' id='word_1_746' title='bbox 2764 3712 2862 3765; x_wconf 77' lang='grc' dir='ltr'>σὺν</span> <span class='ocrx_word' id='word_1_747' title='bbox 2891 3710 3039 3780; x_wconf 84' lang='grc' dir='ltr'>αὐτῷ</span> <span class='ocrx_word' id='word_1_748' title='bbox 3069 3710 3328 3780; x_wconf 88' lang='grc' dir='ltr'>ἐσόμεθα.</span> <span class='ocrx_word' id='word_1_749' title='bbox 3372 3713 3467 3774; x_wconf 75' lang='grc' dir='ltr'>Τίς</span> <span class='ocrx_word' id='word_1_750' title='bbox 3504 3709 3697 3774; x_wconf 78' lang='grc' dir='ltr'>λαλή-</span> 
     </span>
    </p>
   </div>
   <div class='ocr_carea' id='block_1_102' title="bbox 2109 3793 3697 3863">
    <p class='ocr_par' dir='ltr' id='par_1_102' title="bbox 2109 3793 3697 3863">
     <span class='ocr_line' id='line_1_103' title="bbox 2109 3793 3697 3863; baseline -0.001 -16"><span class='ocrx_word' id='word_1_751' title='bbox 2109 3812 2204 3849; x_wconf 87' lang='grc' dir='ltr'>σει</span> <span class='ocrx_word' id='word_1_752' title='bbox 2224 3794 2331 3860; x_wconf 83' lang='grc' dir='ltr'>τὰς</span> <span class='ocrx_word' id='word_1_753' title='bbox 2344 3794 2699 3860; x_wconf 86' lang='grc' dir='ltr'>δυναστείας</span> <span class='ocrx_word' id='word_1_754' title='bbox 2722 3794 2830 3848; x_wconf 85' lang='grc' dir='ltr'>τοῦ</span> <span class='ocrx_word' id='word_1_755' title='bbox 2854 3796 3097 3863; x_wconf 83' lang='grc' dir='ltr'>Κυρίου,</span> <span class='ocrx_word' id='word_1_756' title='bbox 3133 3795 3442 3859; x_wconf 80' lang='grc' dir='ltr'>ἁκουστὰς</span> <span class='ocrx_word' id='word_1_757' title='bbox 3457 3793 3697 3857; x_wconf 81' lang='grc' dir='ltr'>ποιήσει</span> 
     </span>
    </p>
   </div>
   <div class='ocr_carea' id='block_1_103' title="bbox 2108 3878 3695 3947">
    <p class='ocr_par' dir='ltr' id='par_1_103' title="bbox 2108 3878 3695 3947">
     <span class='ocr_line' id='line_1_104' title="bbox 2108 3878 3695 3947; baseline -0.002 -15"><span class='ocrx_word' id='word_1_758' title='bbox 2108 3878 2309 3945; x_wconf 81' lang='grc' dir='ltr'>πάσας</span> <span class='ocrx_word' id='word_1_759' title='bbox 2330 3878 2401 3933; x_wconf 85' lang='grc' dir='ltr'>τὰ</span> <span class='ocrx_word' id='word_1_760' title='bbox 2425 3879 2686 3945; x_wconf 84' lang='grc' dir='ltr'>αίνέσεις</span> <span class='ocrx_word' id='word_1_761' title='bbox 2721 3879 2952 3944; x_wconf 83' lang='grc' dir='ltr'>αὑτοῦ;</span> <span class='ocrx_word' id='word_1_762' title='bbox 2987 3879 3171 3932; x_wconf 80' lang='grc' dir='ltr'>Ὀσων</span> <span class='ocrx_word' id='word_1_763' title='bbox 3218 3878 3439 3947; x_wconf 90' lang='grc' dir='ltr'>ἀγαθῶν</span> <span class='ocrx_word' id='word_1_764' title='bbox 3494 3878 3695 3947; x_wconf 73' lang='grc' dir='ltr'>ἠξίωσε</span> 
     </span>
    </p>
   </div>
   <div class='ocr_carea' id='block_1_104' title="bbox 2105 3960 3696 4034">
    <p class='ocr_par' dir='ltr' id='par_1_104' title="bbox 2105 3960 3696 4034">
     <span class='ocr_line' id='line_1_105' title="bbox 2105 3960 3696 4034; baseline -0.001 -20"><span class='ocrx_word' id='word_1_765' title='bbox 2105 3962 2166 4015; x_wconf 87' lang='grc' dir='ltr'>τὸ</span> <span class='ocrx_word' id='word_1_766' title='bbox 2197 3962 2351 4030; x_wconf 85' lang='grc' dir='ltr'>γένος</span> <span class='ocrx_word' id='word_1_767' title='bbox 2373 3960 2435 4014; x_wconf 82' lang='grc' dir='ltr'>τὸ</span> <span class='ocrx_word' id='word_1_768' title='bbox 2484 3960 2855 4034; x_wconf 76' lang='grc' dir='ltr'>ἀνθρώπινονί</span> <span class='ocrx_word' id='word_1_769' title='bbox 2906 3962 3115 4033; x_wconf 87' lang='grc' dir='ltr'>πρῶτοι</span> <span class='ocrx_word' id='word_1_770' title='bbox 3162 3963 3213 4014; x_wconf 80' lang='grc' dir='ltr'>οἱ</span> <span class='ocrx_word' id='word_1_771' title='bbox 3269 3962 3696 4031; x_wconf 80' lang='grc' dir='ltr'>τελευτήσαντες</span> 
     </span>
    </p>
   </div>
   <div class='ocr_carea' id='block_1_105' title="bbox 2106 4045 3692 4117">
    <p class='ocr_par' dir='ltr' id='par_1_105' title="bbox 2106 4045 3692 4117">
     <span class='ocr_line' id='line_1_106' title="bbox 2106 4045 3692 4117; baseline 0.001 -20"><span class='ocrx_word' id='word_1_772' title='bbox 2106 4045 2431 4115; x_wconf 82' lang='grc' dir='ltr'>ἐγείρονται.</span> <span class='ocrx_word' id='word_1_773' title='bbox 2484 4046 2579 4098; x_wconf 79' lang='grc' dir='ltr'>καὶ</span> <span class='ocrx_word' id='word_1_774' title='bbox 2632 4046 2805 4109; x_wconf 76' lang='grc' dir='ltr'>οὕτως</span> <span class='ocrx_word' id='word_1_775' title='bbox 2850 4046 2985 4116; x_wconf 83' lang='grc' dir='ltr'>ὁμοῦ</span> <span class='ocrx_word' id='word_1_776' title='bbox 3053 4048 3086 4117; x_wconf 83' lang='grc' dir='ltr'>ή</span> <span class='ocrx_word' id='word_1_777' title='bbox 3138 4047 3438 4114; x_wconf 85' lang='grc' dir='ltr'>ἀπάντησις</span> <span class='ocrx_word' id='word_1_778' title='bbox 3464 4045 3692 4113; x_wconf 86' lang='grc' dir='ltr'>γίνεται.</span> 
     </span>
    </p>
   </div>
   <div class='ocr_carea' id='block_1_106' title="bbox 2108 4128 3697 4200">
    <p class='ocr_par' dir='ltr' id='par_1_106' title="bbox 2108 4128 3697 4200">
     <span class='ocr_line' id='line_1_107' title="bbox 2108 4128 3697 4200; baseline -0.001 -18"><span class='ocrx_word' id='word_1_779' title='bbox 2108 4129 2274 4183; x_wconf 82' lang='grc' dir='ltr'>Ἀϐελ</span> <span class='ocrx_word' id='word_1_780' title='bbox 2288 4130 2317 4182; x_wconf 90' lang='lat'>6</span> <span class='ocrx_word' id='word_1_781' title='bbox 2347 4128 2451 4200; x_wconf 81' lang='grc' dir='ltr'>πρὸ</span> <span class='ocrx_word' id='word_1_782' title='bbox 2469 4129 2685 4183; x_wconf 88' lang='grc' dir='ltr'>πάντων</span> <span class='ocrx_word' id='word_1_783' title='bbox 2704 4128 3101 4199; x_wconf 41' lang='grc' dir='ltr'>τετελευτηκικ</span> <span class='ocrx_word' id='word_1_784' title='bbox 3122 4128 3257 4199; x_wconf 69' lang='grc' dir='ltr'>ἐμοῦ</span> <span class='ocrx_word' id='word_1_785' title='bbox 3290 4129 3427 4199; x_wconf 86' lang='grc' dir='ltr'>μετὰ</span> <span class='ocrx_word' id='word_1_786' title='bbox 3448 4128 3554 4180; x_wconf 86' lang='grc' dir='ltr'>τῶν</span> <span class='ocrx_word' id='word_1_787' title='bbox 3568 4128 3697 4192; x_wconf 72' lang='lat' dir='ltr'>de-</span> 
     </span>
    </p>
   </div>
   <div class='ocr_carea' id='block_1_107' title="bbox 2107 4211 3696 4283">
    <p class='ocr_par' dir='ltr' id='par_1_107' title="bbox 2107 4211 3696 4283">
     <span class='ocr_line' id='line_1_108' title="bbox 2107 4211 3696 4283; baseline -0.003 -17"><span class='ocrx_word' id='word_1_788' title='bbox 2107 4230 2213 4266; x_wconf 88' lang='grc' dir='ltr'>των</span> <span class='ocrx_word' id='word_1_789' title='bbox 2240 4212 2360 4266; x_wconf 90' lang='grc' dir='ltr'>τότε</span> <span class='ocrx_word' id='word_1_790' title='bbox 2385 4214 2704 4283; x_wconf 85' lang='grc' dir='ltr'>ἀπαντήσει.</span> <span class='ocrx_word' id='word_1_791' title='bbox 2724 4212 2888 4266; x_wconf 83' lang='grc' dir='ltr'>Ὥστε</span> <span class='ocrx_word' id='word_1_792' title='bbox 2908 4212 3059 4265; x_wconf 79' lang='grc' dir='ltr'>οὐδὲν</span> <span class='ocrx_word' id='word_1_793' title='bbox 3078 4212 3231 4266; x_wconf 76' lang='grc' dir='ltr'>ἔσται</span> <span class='ocrx_word' id='word_1_794' title='bbox 3276 4213 3436 4264; x_wconf 86' lang='grc' dir='ltr'>πλέον</span> <span class='ocrx_word' id='word_1_795' title='bbox 3466 4211 3696 4275; x_wconf 82' lang='grc' dir='ltr'>ἐκείνοις</span> 
     </span>
    </p>
   </div>
   <div class='ocr_carea' id='block_1_108' title="bbox 2106 4294 3693 4367">
    <p class='ocr_par' dir='ltr' id='par_1_108' title="bbox 2106 4294 3693 4367">
     <span class='ocr_line' id='line_1_109' title="bbox 2106 4294 3693 4367; baseline 0.001 -19"><span class='ocrx_word' id='word_1_796' title='bbox 2106 4295 2245 4348; x_wconf 85' lang='grc' dir='ltr'>κατά</span> <span class='ocrx_word' id='word_1_797' title='bbox 2269 4295 2446 4360; x_wconf 87' lang='grc' dir='ltr'>τοῦτο,</span> <span class='ocrx_word' id='word_1_798' title='bbox 2475 4296 2589 4350; x_wconf 85' lang='grc' dir='ltr'>ἀλλ’</span> <span class='ocrx_word' id='word_1_799' title='bbox 2611 4296 2639 4347; x_wconf 89' lang='lat'>6</span> <span class='ocrx_word' id='word_1_800' title='bbox 2664 4295 3007 4367; x_wconf 76' lang='grc' dir='ltr'>διαφθαρεὶς,</span> <span class='ocrx_word' id='word_1_801' title='bbox 3035 4296 3063 4349; x_wconf 86' lang='grc' dir='ltr'><strong>ὁ</strong></span> <span class='ocrx_word' id='word_1_802' title='bbox 3099 4294 3339 4349; x_wconf 87' lang='grc' dir='ltr'>τοσαῦτα</span> <span class='ocrx_word' id='word_1_803' title='bbox 3369 4295 3508 4365; x_wconf 80' lang='grc' dir='ltr'>έχων</span> <span class='ocrx_word' id='word_1_804' title='bbox 3540 4294 3693 4367; x_wconf 72' lang='grc'><strong>[479]</strong></span> 
     </span>
    </p>
   </div>
   <div class='ocr_carea' id='block_1_109' title="bbox 2106 4382 3695 4454">
    <p class='ocr_par' dir='ltr' id='par_1_109' title="bbox 2106 4382 3695 4454">
     <span class='ocr_line' id='line_1_110' title="bbox 2106 4382 3695 4454; baseline 0 -19"><span class='ocrx_word' id='word_1_805' title='bbox 2106 4384 2165 4435; x_wconf 81' lang='grc' dir='ltr'>ὲν</span> <span class='ocrx_word' id='word_1_806' title='bbox 2188 4386 2253 4453; x_wconf 78' lang='grc' dir='ltr'>τῇ</span> <span class='ocrx_word' id='word_1_807' title='bbox 2282 4386 2351 4454; x_wconf 85' lang='grc' dir='ltr'>γῇ</span> <span class='ocrx_word' id='word_1_808' title='bbox 2382 4383 2498 4453; x_wconf 77' lang='grc' dir='ltr'>ἐτη,</span> <span class='ocrx_word' id='word_1_809' title='bbox 2526 4384 2643 4453; x_wconf 84' lang='grc' dir='ltr'>μετ’</span> <span class='ocrx_word' id='word_1_810' title='bbox 2674 4383 2897 4435; x_wconf 89' lang='grc' dir='ltr'>ἐκείνων</span> <span class='ocrx_word' id='word_1_811' title='bbox 2917 4382 3306 4451; x_wconf 83' lang='grc' dir='ltr'>ἀπαντήσεται,</span> <span class='ocrx_word' id='word_1_812' title='bbox 3337 4382 3432 4435; x_wconf 69' lang='grc' dir='ltr'>καὶ</span> <span class='ocrx_word' id='word_1_813' title='bbox 3458 4382 3695 4445; x_wconf 76' lang='grc' dir='ltr'>ἅπαντες</span> 
     </span>
    </p>
   </div>
   <div class='ocr_carea' id='block_1_110' title="bbox 2105 4464 3690 4536">
    <p class='ocr_par' dir='ltr' id='par_1_110' title="bbox 2105 4464 3690 4536">
     <span class='ocr_line' id='line_1_111' title="bbox 2105 4464 3690 4536; baseline 0.003 -21"><span class='ocrx_word' id='word_1_814' title='bbox 2105 4466 2156 4517; x_wconf 82' lang='grc' dir='ltr'>οἱ</span> <span class='ocrx_word' id='word_1_815' title='bbox 2186 4464 2356 4520; x_wconf 70' lang='grc' dir='ltr'>ἄλλοι.</span> <span class='ocrx_word' id='word_1_816' title='bbox 2389 4467 2451 4518; x_wconf 72' lang='lat' dir='ltr'>EE</span> <span class='ocrx_word' id='word_1_817' title='bbox 2474 4470 2582 4535; x_wconf 74' lang='grc' dir='ltr'>γάρ</span> <span class='ocrx_word' id='word_1_818' title='bbox 2605 4468 2753 4536; x_wconf 80' lang='grc' dir='ltr'>ἡμᾶς</span> <span class='ocrx_word' id='word_1_819' title='bbox 2778 4466 2975 4519; x_wconf 84' lang='grc' dir='ltr'>ἐκεῖνοι</span> <span class='ocrx_word' id='word_1_820' title='bbox 3007 4464 3297 4534; x_wconf 83' lang='grc' dir='ltr'>ἀνέμειναν</span> <span class='ocrx_word' id='word_1_821' title='bbox 3344 4464 3432 4518; x_wconf 79' lang='grc' dir='ltr'>ἵνα</span> <span class='ocrx_word' id='word_1_822' title='bbox 3486 4482 3690 4534; x_wconf 89' lang='grc' dir='ltr'>στεφα-</span> 
     </span>
    </p>
   </div>
   <div class='ocr_carea' id='block_1_111' title="bbox 2105 4548 3693 4620">
    <p class='ocr_par' dir='ltr' id='par_1_111' title="bbox 2105 4548 3693 4620">
     <span class='ocr_line' id='line_1_112' title="bbox 2105 4548 3693 4620; baseline 0.001 -19"><span class='ocrx_word' id='word_1_823' title='bbox 2105 4549 2385 4619; x_wconf 87' lang='grc' dir='ltr'>νωθῶμεν,</span> <span class='ocrx_word' id='word_1_824' title='bbox 2419 4548 2602 4612; x_wconf 83' lang='grc' dir='ltr'>καθὼς</span> <span class='ocrx_word' id='word_1_825' title='bbox 2623 4548 2849 4620; x_wconf 79' lang='grc' dir='ltr'>ἑτέρωθί</span> <span class='ocrx_word' id='word_1_826' title='bbox 2893 4564 3024 4617; x_wconf 85' lang='grc' dir='ltr'>φησι</span> <span class='ocrx_word' id='word_1_827' title='bbox 3051 4548 3299 4618; x_wconf 84' lang='grc' dir='ltr'>γράφων,</span> <span class='ocrx_word' id='word_1_828' title='bbox 3331 4548 3443 4601; x_wconf 88' lang='grc' dir='ltr'>Τοῦ</span> <span class='ocrx_word' id='word_1_829' title='bbox 3473 4552 3693 4617; x_wconf 85' lang='grc' dir='ltr'>Κυρίου</span> 
     </span>
    </p>
   </div>
   <div class='ocr_carea' id='block_1_112' title="bbox 2106 4628 3691 4702">
    <p class='ocr_par' dir='ltr' id='par_1_112' title="bbox 2106 4628 3691 4702">
     <span class='ocr_line' id='line_1_113' title="bbox 2106 4628 3691 4702; baseline 0.002 -19"><span class='ocrx_word' id='word_1_830' title='bbox 2106 4628 2237 4697; x_wconf 74' lang='grc' dir='ltr'>περὶ</span> <span class='ocrx_word' id='word_1_831' title='bbox 2261 4630 2431 4700; x_wconf 81' lang='grc' dir='ltr'>ημῶν</span> <span class='ocrx_word' id='word_1_832' title='bbox 2481 4630 2754 4697; x_wconf 80' lang='grc' dir='ltr'>κρεῖττόν</span> <span class='ocrx_word' id='word_1_833' title='bbox 2792 4648 2849 4685; x_wconf 91' lang='grc' dir='ltr'>τι</span> <span class='ocrx_word' id='word_1_834' title='bbox 2895 4631 3423 4699; x_wconf 66' lang='grc' dir='ltr'>προϐλεψαμένου,</span> <span class='ocrx_word' id='word_1_835' title='bbox 3466 4634 3565 4686; x_wconf 76' lang='grc' dir='ltr'>ἵνα</span> <span class='ocrx_word' id='word_1_836' title='bbox 3603 4634 3691 4702; x_wconf 78' lang='grc' dir='ltr'>μὴ</span> 
     </span>
    </p>
   </div>
   <div class='ocr_carea' id='block_1_113' title="bbox 2106 4712 3687 4786">
    <p class='ocr_par' dir='ltr' id='par_1_113' title="bbox 2106 4712 3687 4786">
     <span class='ocr_line' id='line_1_114' title="bbox 2106 4712 3687 4786; baseline 0.003 -20"><span class='ocrx_word' id='word_1_837' title='bbox 2106 4715 2286 4782; x_wconf 76' lang='grc' dir='ltr'>χωρὶς</span> <span class='ocrx_word' id='word_1_838' title='bbox 2326 4712 2495 4781; x_wconf 80' lang='grc' dir='ltr'>ήμῶν</span> <span class='ocrx_word' id='word_1_839' title='bbox 2520 4712 2876 4768; x_wconf 86' lang='grc' dir='ltr'>τελειωθῶσι</span> <span class='ocrx_word' id='word_1_840' title='bbox 2902 4730 2918 4744; x_wconf 76' lang='grc'><strong><em>⁸</em></strong></span> <span class='ocrx_word' id='word_1_841' title='bbox 2953 4712 3136 4784; x_wconf 81' lang='grc' dir='ltr'>πολλῷ</span> <span class='ocrx_word' id='word_1_842' title='bbox 3169 4715 3373 4783; x_wconf 82' lang='grc' dir='ltr'>μᾶλλον</span> <span class='ocrx_word' id='word_1_843' title='bbox 3395 4717 3491 4769; x_wconf 77' lang='grc' dir='ltr'>καὶ</span> <span class='ocrx_word' id='word_1_844' title='bbox 3523 4719 3687 4786; x_wconf 83' lang='grc' dir='ltr'>ἡμεῖς</span> 
     </span>
    </p>
   </div>
   <div class='ocr_carea' id='block_1_114' title="bbox 2105 4796 3691 4871">
    <p class='ocr_par' dir='ltr' id='par_1_114' title="bbox 2105 4796 3691 4871">
     <span class='ocr_line' id='line_1_115' title="bbox 2105 4796 3691 4871; baseline 0.003 -23"><span class='ocrx_word' id='word_1_845' title='bbox 2105 4796 2346 4858; x_wconf 82' lang='grc' dir='ltr'>ἐκείνους</span> <span class='ocrx_word' id='word_1_846' title='bbox 2370 4814 2384 4827; x_wconf 88' lang='grc'><strong>·</strong></span> <span class='ocrx_word' id='word_1_847' title='bbox 2432 4797 2633 4867; x_wconf 83' lang='grc' dir='ltr'>μᾶλλον</span> <span class='ocrx_word' id='word_1_848' title='bbox 2656 4797 2714 4850; x_wconf 78' lang='grc' dir='ltr'>δὲ</span> <span class='ocrx_word' id='word_1_849' title='bbox 2764 4797 2959 4850; x_wconf 80' lang='grc' dir='ltr'>ἐκεῖνοι</span> <span class='ocrx_word' id='word_1_850' title='bbox 3014 4796 3114 4867; x_wconf 82' lang='grc' dir='ltr'>μὲν</span> <span class='ocrx_word' id='word_1_851' title='bbox 3161 4798 3474 4869; x_wconf 90' lang='grc' dir='ltr'>ἀνέμειναν,</span> <span class='ocrx_word' id='word_1_852' title='bbox 3530 4802 3691 4871; x_wconf 75' lang='grc' dir='ltr'>ἡμεῖς</span> 
     </span>
    </p>
   </div>
   <div class='ocr_carea' id='block_1_115' title="bbox 2104 4883 3690 4955">
    <p class='ocr_par' dir='ltr' id='par_1_115' title="bbox 2104 4883 3690 4955">
     <span class='ocr_line' id='line_1_116' title="bbox 2104 4883 3690 4955; baseline 0.002 -18"><span class='ocrx_word' id='word_1_853' title='bbox 2104 4884 2161 4937; x_wconf 83' lang='grc' dir='ltr'>δὲ</span> <span class='ocrx_word' id='word_1_854' title='bbox 2182 4884 2369 4937; x_wconf 77' lang='grc' dir='ltr'>οὐκέτι</span> <span class='ocrx_word' id='word_1_855' title='bbox 2404 4895 2420 4913; x_wconf 84' lang='grc'><strong><em>⁸</em></strong></span> <span class='ocrx_word' id='word_1_856' title='bbox 2454 4887 2511 4936; x_wconf 83' lang='grc' dir='ltr'>ἐν</span> <span class='ocrx_word' id='word_1_857' title='bbox 2538 4885 2644 4955; x_wconf 90' lang='grc' dir='ltr'>γάρ</span> <span class='ocrx_word' id='word_1_858' title='bbox 2671 4883 2857 4955; x_wconf 84' lang='grc' dir='ltr'>ἀτόμῳ</span> <span class='ocrx_word' id='word_1_859' title='bbox 2910 4887 2945 4953; x_wconf 82' lang='grc' dir='ltr'><strong>ὴ</strong></span> <span class='ocrx_word' id='word_1_860' title='bbox 3003 4884 3300 4949; x_wconf 87' lang='grc' dir='ltr'>ἀνάστασις</span> <span class='ocrx_word' id='word_1_861' title='bbox 3349 4886 3577 4955; x_wconf 89' lang='grc' dir='ltr'>γίνεται,</span> <span class='ocrx_word' id='word_1_862' title='bbox 3629 4889 3690 4940; x_wconf 81' lang='grc' dir='ltr'>ἐν</span> 
     </span>
    </p>
   </div>
   <div class='ocr_carea' id='block_1_116' title="bbox 2108 4972 3689 5044">
    <p class='ocr_par' dir='ltr' id='par_1_116' title="bbox 2108 4972 3689 5044">
     <span class='ocr_line' id='line_1_117' title="bbox 2108 4972 3689 5044; baseline 0.001 -18"><span class='ocrx_word' id='word_1_863' title='bbox 2108 4977 2240 5044; x_wconf 76' lang='grc' dir='ltr'>ῥιπῇ</span> <span class='ocrx_word' id='word_1_864' title='bbox 2264 4972 2566 5044; x_wconf 80' lang='grc' dir='ltr'>ὀφθαλμοῦ.</span> <span class='ocrx_word' id='word_1_865' title='bbox 2600 4973 2673 5026; x_wconf 86' lang='lat' dir='ltr'>T6</span> <span class='ocrx_word' id='word_1_866' title='bbox 2697 4973 2754 5026; x_wconf 85' lang='grc' dir='ltr'>δὲ</span> <span class='ocrx_word' id='word_1_867' title='bbox 2787 4973 2987 5042; x_wconf 86' lang='grc' dir='ltr'>λέγειν,</span> <span class='ocrx_word' id='word_1_868' title='bbox 3018 4975 3100 5029; x_wconf 84' lang='grc' dir='ltr'>ὅτι</span> <span class='ocrx_word' id='word_1_869' title='bbox 3140 4976 3484 5044; x_wconf 87' lang='grc' dir='ltr'>συνάγονται,</span> <span class='ocrx_word' id='word_1_870' title='bbox 3530 4976 3689 5029; x_wconf 89' lang='grc' dir='ltr'>τοῦτο</span> 
     </span>
    </p>
   </div>
   <div class='ocr_carea' id='block_1_117' title="bbox 2104 5058 3687 5130">
    <p class='ocr_par' dir='ltr' id='par_1_117' title="bbox 2104 5058 3687 5130">
     <span class='ocr_line' id='line_1_118' title="bbox 2104 5058 3687 5130; baseline 0 -19"><span class='ocrx_word' id='word_1_871' title='bbox 2104 5058 2275 5130; x_wconf 89' lang='grc' dir='ltr'>δηλοῖ,</span> <span class='ocrx_word' id='word_1_872' title='bbox 2310 5059 2392 5111; x_wconf 85' lang='grc' dir='ltr'>ὅτι</span> <span class='ocrx_word' id='word_1_873' title='bbox 2424 5058 2739 5111; x_wconf 83' lang='grc' dir='ltr'>ἀνίστανται</span> <span class='ocrx_word' id='word_1_874' title='bbox 2769 5059 2868 5128; x_wconf 85' lang='grc' dir='ltr'>μὲν</span> <span class='ocrx_word' id='word_1_875' title='bbox 2908 5059 3209 5129; x_wconf 86' lang='grc' dir='ltr'>πανταχοῦ,</span> <span class='ocrx_word' id='word_1_876' title='bbox 3260 5060 3583 5128; x_wconf 87' lang='grc' dir='ltr'>συνάγονται</span> <span class='ocrx_word' id='word_1_877' title='bbox 3629 5060 3687 5111; x_wconf 89' lang='grc' dir='ltr'>δὲ</span> 
     </span>
    </p>
   </div>
   <div class='ocr_carea' id='block_1_118' title="bbox 2104 5138 3686 5215">
    <p class='ocr_par' dir='ltr' id='par_1_118' title="bbox 2104 5138 3686 5215">
     <span class='ocr_line' id='line_1_119' title="bbox 2104 5138 3686 5215; baseline -0.001 -19"><span class='ocrx_word' id='word_1_878' title='bbox 2104 5142 2209 5196; x_wconf 78' lang='grc' dir='ltr'>ὑπὸ</span> <span class='ocrx_word' id='word_1_879' title='bbox 2234 5142 2344 5197; x_wconf 89' lang='grc' dir='ltr'>τῶν</span> <span class='ocrx_word' id='word_1_880' title='bbox 2372 5142 2640 5211; x_wconf 87' lang='grc' dir='ltr'>ἀγγέλων.</span> <span class='ocrx_word' id='word_1_881' title='bbox 2662 5140 2735 5194; x_wconf 89' lang='lat' dir='ltr'>T6</span> <span class='ocrx_word' id='word_1_882' title='bbox 2756 5142 2852 5212; x_wconf 78' lang='grc' dir='ltr'>μὲν</span> <span class='ocrx_word' id='word_1_883' title='bbox 2872 5138 2965 5195; x_wconf 84' lang='grc' dir='ltr'>οῦν</span> <span class='ocrx_word' id='word_1_884' title='bbox 2990 5144 3311 5213; x_wconf 82' lang='grc' dir='ltr'>ἀναστῆναι,</span> <span class='ocrx_word' id='word_1_885' title='bbox 3333 5145 3430 5215; x_wconf 74' lang='grc' dir='ltr'>τῆς</span> <span class='ocrx_word' id='word_1_886' title='bbox 3444 5143 3534 5196; x_wconf 89' lang='grc' dir='ltr'>τοῦ</span> <span class='ocrx_word' id='word_1_887' title='bbox 3549 5143 3686 5196; x_wconf 84' lang='grc' dir='ltr'>Θεοῦ</span> 
     </span>
    </p>
   </div>
   <div class='ocr_carea' id='block_1_119' title="bbox 2104 5228 3685 5301">
    <p class='ocr_par' dir='ltr' id='par_1_119' title="bbox 2104 5228 3685 5301">
     <span class='ocr_line' id='line_1_120' title="bbox 2104 5228 3685 5301; baseline 0.003 -21"><span class='ocrx_word' id='word_1_888' title='bbox 2104 5230 2387 5300; x_wconf 84' lang='grc' dir='ltr'>δυνάμεως</span> <span class='ocrx_word' id='word_1_889' title='bbox 2413 5229 2574 5300; x_wconf 76' lang='grc' dir='ltr'>ἔργον</span> <span class='ocrx_word' id='word_1_890' title='bbox 2608 5228 2747 5293; x_wconf 73' lang='grc' dir='ltr'>ἐστὶ,</span> <span class='ocrx_word' id='word_1_891' title='bbox 2788 5231 2852 5300; x_wconf 76' lang='grc' dir='ltr'>τῇ</span> <span class='ocrx_word' id='word_1_892' title='bbox 2888 5232 2959 5300; x_wconf 83' lang='grc' dir='ltr'>γῇ</span> <span class='ocrx_word' id='word_1_893' title='bbox 2995 5229 3305 5294; x_wconf 86' lang='grc' dir='ltr'>κελεύοντος</span> <span class='ocrx_word' id='word_1_894' title='bbox 3326 5232 3541 5298; x_wconf 83' lang='grc' dir='ltr'>ἀφεῖναι</span> <span class='ocrx_word' id='word_1_895' title='bbox 3586 5231 3685 5301; x_wconf 81' lang='grc' dir='ltr'>τὴν</span> 
     </span>
    </p>
   </div>
   <div class='ocr_carea' id='block_1_120' title="bbox 2105 5311 3685 5385">
    <p class='ocr_par' dir='ltr' id='par_1_120' title="bbox 2105 5311 3685 5385">
     <span class='ocr_line' id='line_1_121' title="bbox 2105 5311 3685 5385; baseline -0.001 -19"><span class='ocrx_word' id='word_1_896' title='bbox 2105 5313 2596 5385; x_wconf 85' lang='grc' dir='ltr'>παρακαταθήκην,</span> <span class='ocrx_word' id='word_1_897' title='bbox 2629 5311 2722 5365; x_wconf 77' lang='grc' dir='ltr'>καὶ</span> <span class='ocrx_word' id='word_1_898' title='bbox 2751 5312 2924 5375; x_wconf 77' lang='grc' dir='ltr'>οὐδεὶς</span> <span class='ocrx_word' id='word_1_899' title='bbox 2946 5314 2974 5365; x_wconf 88' lang='grc' dir='ltr'><strong>ὀ</strong></span> <span class='ocrx_word' id='word_1_900' title='bbox 3005 5312 3463 5384; x_wconf 84' lang='grc' dir='ltr'>ὑπηρετούμενος,</span> <span class='ocrx_word' id='word_1_901' title='bbox 3496 5314 3644 5365; x_wconf 81' lang='grc' dir='ltr'>ὥσπε</span> <span class='ocrx_word' id='word_1_902' title='bbox 3655 5332 3685 5381; x_wconf 93' lang='grc' dir='ltr'>ρ</span> 
     </span>
    </p>
   </div>
   <div class='ocr_carea' id='block_1_121' title="bbox 2104 5395 3685 5466">
    <p class='ocr_par' dir='ltr' id='par_1_121' title="bbox 2104 5395 3685 5466">
     <span class='ocr_line' id='line_1_122' title="bbox 2104 5395 3685 5466; baseline -0.002 -15"><span class='ocrx_word' id='word_1_903' title='bbox 2104 5398 2225 5451; x_wconf 85' lang='grc' dir='ltr'>τότε</span> <span class='ocrx_word' id='word_1_904' title='bbox 2249 5396 2473 5451; x_wconf 88' lang='grc' dir='ltr'>ἐκάλεσε</span> <span class='ocrx_word' id='word_1_905' title='bbox 2511 5396 2603 5449; x_wconf 79' lang='grc' dir='ltr'>τὸν</span> <span class='ocrx_word' id='word_1_906' title='bbox 2635 5395 2908 5466; x_wconf 76' lang='grc' dir='ltr'>Λάζαρον,</span> <span class='ocrx_word' id='word_1_907' title='bbox 2943 5396 3185 5465; x_wconf 79' lang='grc' dir='ltr'>Λάζαρε,</span> <span class='ocrx_word' id='word_1_908' title='bbox 3232 5396 3407 5463; x_wconf 83' lang='grc' dir='ltr'>δεῦρο</span> <span class='ocrx_word' id='word_1_909' title='bbox 3438 5396 3554 5461; x_wconf 80' lang='grc' dir='ltr'>ἔξω</span> <span class='ocrx_word' id='word_1_910' title='bbox 3578 5413 3591 5425; x_wconf 88' lang='grc'><strong>·</strong></span> <span class='ocrx_word' id='word_1_911' title='bbox 3622 5397 3685 5448; x_wconf 83' lang='grc' dir='ltr'>τὸ</span> 
     </span>
    </p>
   </div>
   <div class='ocr_carea' id='block_1_122' title="bbox 2097 5477 3681 5550">
    <p class='ocr_par' dir='ltr' id='par_1_122' title="bbox 2097 5477 3681 5550">
     <span class='ocr_line' id='line_1_123' title="bbox 2097 5477 3681 5550; baseline -0.003 -15"><span class='ocrx_word' id='word_1_912' title='bbox 2097 5481 2153 5535; x_wconf 85' lang='grc' dir='ltr'>δέ</span> <span class='ocrx_word' id='word_1_913' title='bbox 2174 5481 2421 5548; x_wconf 87' lang='grc' dir='ltr'>ἀγαγεῖν,</span> <span class='ocrx_word' id='word_1_914' title='bbox 2440 5478 2546 5531; x_wconf 89' lang='grc' dir='ltr'>τῶν</span> <span class='ocrx_word' id='word_1_915' title='bbox 2568 5478 2860 5550; x_wconf 83' lang='grc' dir='ltr'>ὑπηρετῶν</span> <span class='ocrx_word' id='word_1_916' title='bbox 2881 5479 3109 5547; x_wconf 86' lang='grc' dir='ltr'>γίνεται.</span> <span class='ocrx_word' id='word_1_917' title='bbox 3131 5477 3269 5530; x_wconf 76' lang='grc' dir='ltr'>Ἀλλ’</span> <span class='ocrx_word' id='word_1_918' title='bbox 3296 5479 3342 5530; x_wconf 80' lang='grc' dir='ltr'>εἰ</span> <span class='ocrx_word' id='word_1_919' title='bbox 3366 5482 3681 5545; x_wconf 80' lang='grc' dir='ltr'>συνάγουσι,</span> 
     </span>
    </p>
   </div>
   <div class='ocr_carea' id='block_1_123' title="bbox 2097 5559 3685 5635">
    <p class='ocr_par' dir='ltr' id='par_1_123' title="bbox 2097 5559 3685 5635">
     <span class='ocr_line' id='line_1_124' title="bbox 2097 5559 3685 5635; baseline -0.001 -17"><span class='ocrx_word' id='word_1_920' title='bbox 2097 5565 2191 5618; x_wconf 70' lang='grc' dir='ltr'>καὶ</span> <span class='ocrx_word' id='word_1_921' title='bbox 2222 5580 2377 5635; x_wconf 89' lang='grc' dir='ltr'>περιτ</span> <span class='ocrx_word' id='word_1_922' title='bbox 2389 5564 2632 5633; x_wconf 88' lang='grc' dir='ltr'>ρέχουσιν</span> <span class='ocrx_word' id='word_1_923' title='bbox 2658 5562 2900 5630; x_wconf 80' lang='grc' dir='ltr'>ἄγγελοι,</span> <span class='ocrx_word' id='word_1_924' title='bbox 2926 5562 3043 5624; x_wconf 90' lang='grc' dir='ltr'>πῶς</span> <span class='ocrx_word' id='word_1_925' title='bbox 3072 5561 3224 5613; x_wconf 73' lang='grc' dir='ltr'>αὐτοὶ</span> <span class='ocrx_word' id='word_1_926' title='bbox 3244 5559 3476 5613; x_wconf 87' lang='grc' dir='ltr'>ἐνταῦθα</span> <span class='ocrx_word' id='word_1_927' title='bbox 3504 5562 3685 5633; x_wconf 82' lang='grc' dir='ltr'>ἀρπά-</span> 
     </span>
    </p>
   </div>
   <div class='ocr_carea' id='block_1_124' title="bbox 2094 5643 3681 5715">
    <p class='ocr_par' dir='ltr' id='par_1_124' title="bbox 2094 5643 3681 5715">
     <span class='ocr_line' id='line_1_125' title="bbox 2094 5643 3681 5715; baseline -0.001 -14"><span class='ocrx_word' id='word_1_928' title='bbox 2094 5648 2273 5712; x_wconf 85' lang='grc' dir='ltr'>ζονται</span> <span class='ocrx_word' id='word_1_929' title='bbox 2295 5663 2308 5711; x_wconf 89' lang='lat'><strong>;</strong></span> <span class='ocrx_word' id='word_1_930' title='bbox 2342 5645 2496 5701; x_wconf 90' lang='grc' dir='ltr'>Μετά</span> <span class='ocrx_word' id='word_1_931' title='bbox 2521 5646 2582 5699; x_wconf 81' lang='grc' dir='ltr'><strong>τὸ</strong></span> <span class='ocrx_word' id='word_1_932' title='bbox 2604 5644 2903 5714; x_wconf 79' lang='grc' dir='ltr'>καταϐῆναι</span> <span class='ocrx_word' id='word_1_933' title='bbox 2920 5644 3273 5715; x_wconf 78' lang='grc' dir='ltr'>ἀρπάζονται,</span> <span class='ocrx_word' id='word_1_934' title='bbox 3303 5643 3443 5715; x_wconf 86' lang='grc' dir='ltr'>μετά</span> <span class='ocrx_word' id='word_1_935' title='bbox 3471 5646 3531 5698; x_wconf 83' lang='grc' dir='ltr'>τὸ</span> <span class='ocrx_word' id='word_1_936' title='bbox 3557 5662 3681 5699; x_wconf 88' lang='grc' dir='ltr'>συν-</span> 
     </span>
    </p>
   </div>
   <div class='ocr_carea' id='block_1_125' title="bbox 2091 5727 3674 5800">
    <p class='ocr_par' dir='ltr' id='par_1_125' title="bbox 2091 5727 3674 5800">
     <span class='ocr_line' id='line_1_126' title="bbox 2091 5727 3674 5800; baseline -0.001 -17"><span class='ocrx_word' id='word_1_937' title='bbox 2091 5730 2322 5800; x_wconf 80' lang='grc' dir='ltr'>ἀχθῆναι</span> <span class='ocrx_word' id='word_1_938' title='bbox 2355 5744 2371 5759; x_wconf 79' lang='lat'><strong><em>°</em></strong></span> <span class='ocrx_word' id='word_1_939' title='bbox 2401 5729 2516 5798; x_wconf 79' lang='grc' dir='ltr'>ἃμα</span> <span class='ocrx_word' id='word_1_940' title='bbox 2576 5730 2683 5800; x_wconf 86' lang='grc' dir='ltr'>γὰρ</span> <span class='ocrx_word' id='word_1_941' title='bbox 2727 5728 2936 5790; x_wconf 76' lang='grc' dir='ltr'>οὐδενὸς</span> <span class='ocrx_word' id='word_1_942' title='bbox 2991 5728 3191 5791; x_wconf 72' lang='grc' dir='ltr'>εἰδότος</span> <span class='ocrx_word' id='word_1_943' title='bbox 3220 5727 3378 5782; x_wconf 85' lang='grc' dir='ltr'>τοῦτο</span> <span class='ocrx_word' id='word_1_944' title='bbox 3440 5729 3674 5797; x_wconf 87' lang='grc' dir='ltr'>γίνεται.</span> 
     </span>
    </p>
   </div>
   <div class='ocr_carea' id='block_1_126' title="bbox 2090 5803 3679 5890">
    <p class='ocr_par' dir='ltr' id='par_1_126' title="bbox 2090 5803 3679 5890">
     <span class='ocr_line' id='line_1_127' title="bbox 2090 5803 3679 5890; baseline -0.001 -19"><span class='ocrx_word' id='word_1_945' title='bbox 2090 5803 2113 5821; x_wconf 75' lang='grc'><em>”</em></span> <span class='ocrx_word' id='word_1_946' title='bbox 2138 5820 2280 5873; x_wconf 89' lang='grc' dir='ltr'>Οταν</span> <span class='ocrx_word' id='word_1_947' title='bbox 2299 5815 2407 5888; x_wconf 80' lang='grc' dir='ltr'>γὰρ</span> <span class='ocrx_word' id='word_1_948' title='bbox 2438 5816 2587 5871; x_wconf 76' lang='grc' dir='ltr'>ἴδωσι</span> <span class='ocrx_word' id='word_1_949' title='bbox 2611 5817 2710 5888; x_wconf 77' lang='grc' dir='ltr'>τὴν</span> <span class='ocrx_word' id='word_1_950' title='bbox 2747 5816 2850 5887; x_wconf 78' lang='grc' dir='ltr'>γῆν</span> <span class='ocrx_word' id='word_1_951' title='bbox 2873 5814 3255 5889; x_wconf 80' lang='grc' dir='ltr'>κλονουμένην,</span> <span class='ocrx_word' id='word_1_952' title='bbox 3286 5818 3435 5872; x_wconf 83' lang='grc' dir='ltr'>κόνιν</span> <span class='ocrx_word' id='word_1_953' title='bbox 3480 5818 3679 5890; x_wconf 79' lang='grc' dir='ltr'>ἀναμι-</span> 
     </span>
    </p>
   </div>
  </div>
