4114 6396
420 273 519 329 Μί

419 388 715 460 γνυμένην,
749 390 877 453 ἴσως
902 391 1131 445 πάντοτε
1158 392 1477 464 ἐγειρόμενα
1497 393 1567 446 τὰ
1592 390 1843 460 σώματα,
1859 386 2004 440 0665-

420 472 510 535 νὸς
544 472 679 543 πρὸς
709 471 866 525 τοῦτο
907 473 1324 545 ὑπηρετοῦντος,
1347 475 1485 529 ἀλλὰ
1519 474 1615 528 τοῦ
1630 472 1998 541 κελεύσματος

421 555 717 626 ἀρκοῦντος
765 558 867 626 τὴν
889 558 993 627 γῆν
1038 558 1479 630 πεπληρωμένην
1502 558 1685 610 πᾶσαν
1712 554 1950 609 κενῶσαι
1977 568 1993 585 ο

420 641 673 711 ἐννόησον
698 640 807 711 γάρ
836 641 964 694 ὅσον
995 642 1114 695 ἐστί
1135 645 1263 706 τοὺς
1285 643 1395 697 ἀπὸ
1449 641 1544 695 τοῦ
1602 639 1774 711 ’Δδάμ
1833 639 2001 709 μέχρι

401 724 519 793 ’τῆς
552 722 715 776 αὑτοῦ
748 723 1053 793 παρουσίας
1089 727 1297 788 πάντας
1335 726 1577 790 ἐκείνους
1609 723 1831 778 ἑστάναι
1881 722 2003 777 τότε

423 805 563 876 μετά
590 806 869 874 γυναικῶν
897 809 992 861 καὶ
1017 808 1221 861 παίδων
1243 824 1259 839 ο
1294 808 1424 862 ὅταν
1446 807 1598 862 ίδωσι
1629 805 1884 860 τοσοῦτον
1910 805 2004 858 ἐπὶ

418 890 521 958 τῆς
543 891 648 959 γῆς
674 888 923 961 θόρυϐον,
959 891 1082 944 τότε
1116 893 1372 947 εἴσονται.
1404 892 1618 961 Ὠσπερ
1639 886 1734 945 οὖν
1772 890 1866 943 ἐπὶ
1902 889 2011 959 τῆς

421 974 563 1029 κατά
587 976 766 1043 σάρκα
797 975 1110 1046 οἰκονομίας
1138 976 1292 1031 οὐδὲν
1331 976 1810 1049 προεωράκεισαν,
1862 972 2011 1028 οὕτω

424 1059 519 1111 καὶ
555 1059 701 1113 τότε.

495 1142 560 1211 β’.
585 1143 759 1197 Ὅταν
790 1137 886 1197 οῦν
916 1143 1090 1196 ταῦτα
1123 1145 1371 1215 γένηται,
1409 1144 1642 1199 τότεκαί
1662 1145 1697 1216 ἡ
1729 1142 1882 1214 φωνὴ
1908 1142 2001 1196 τοῦ

422 1225 767 1295 ἀρχαγγέλου
824 1226 979 1279 ἐσται
1025 1228 1140 1289 τοῖς
1183 1228 1441 1295 ἀγγέλοις
1483 1230 1862 1291 ἐπιτάττοντος
1908 1228 2004 1281 καὶ

414 1310 677 1379 βοῶντος,
708 1310 800 1362 καί
852 1311 909 1362 αἱ
964 1310 1286 1381 σάλπιγγες,
1347 1312 1547 1382 μᾶλλον
1579 1312 1636 1366 δέ
1674 1314 1703 1365 6
1726 1311 1835 1364 τῶν
1869 1310 2003 1364 σαλ-

424 1394 637 1461 πίγγων
682 1387 833 1462 ἦχος.
887 1393 1044 1456 Ποῖος
1080 1394 1190 1465 ἄρα
1233 1394 1438 1468 τρόμος
1483 1395 1617 1459 ἕξει,
1659 1398 1809 1458 ποῖος
1839 1394 2002 1464 φόϐος

416 1478 550 1541 τοὺς
574 1477 667 1530 ἐπὶ
694 1477 795 1547 τῆς
824 1477 929 1548 γῆς
960 1478 1367 1549 ἀπομένοντας;
1396 1481 1511 1535 Μία
1531 1482 1640 1552 γάρ
1674 1479 1999 1552 ἀρπάζεται,

426 1561 521 1615 καὶ
557 1561 654 1631 μία
697 1562 1168 1632 καταλιμπάνεται
1203 1579 1218 1593 ·
1253 1565 1347 1618 καὶ
1376 1561 1456 1628 εἰς
1492 1565 1999 1636 παραλαμϐάνεται,

425 1644 522 1698 καὶ
551 1639 632 1707 εἷς
657 1644 900 1713 ἀφίεται.
953 1646 1050 1709 Τίς
1118 1645 1272 1701 ἐσται
1318 1650 1352 1718 ἡ
1406 1648 1550 1720 ψυχὴ
1597 1650 1839 1713 ἐκείνων,
1874 1648 2003 1703 ὅταν

424 1728 551 1792 τοὺς
578 1728 677 1797 μὲν
705 1729 1030 1800 αἰρομένους
1051 1730 1273 1800 ὁρῶσιν,
1300 1732 1529 1796 ἐαυτοὺς
1554 1732 1611 1785 δέ
1634 1732 1999 1802 ἀφιεμένους;

427 1807 538 1880 ἆρα
564 1812 627 1864 06
669 1812 851 1883 πάσης
887 1812 1113 1885 γεέννης
1167 1814 1543 1887 φοϐερώτερον
1592 1817 1789 1875 αὐτοὺς
1830 1816 2003 1870 ταῦτα

426 1893 779 1949 διασαλεῦσαι
858 1895 1182 1967 δυνήσεται;
1253 1898 1619 1969 ’Υποθώμεθα
1676 1900 1855 1953 τοίνυν
1901 1901 1999 1972 ἤδη

427 1976 586 2029 τοῦτο
623 1980 878 2049 παρεῖναι
901 1978 980 2050 τῷ
1009 1979 1173 2051 λόγῳ.
1210 1982 1274 2034 Εἰ
1310 1982 1419 2052 γὰρ
1458 1981 1687 2047 Θάνατος
1714 1982 2000 2052 αἰφνίδιος,

426 2058 461 2129 ἢ
509 2058 719 2114 πόλεων
765 2063 999 2132 σεισμοὶ,
1057 2065 1152 2117 καὶ
1199 2064 1425 2118 ἀπειλαὶ
1465 2064 1610 2119 οὕτω
1659 2065 1874 2118 ποιοῦσι
1902 2065 2001 2129 τὰς

426 2142 699 2214 ἡμετέρας
761 2143 974 2215 ψυχάς·
1030 2146 1159 2200 ὅταν
1199 2147 1300 2219 τὴν
1356 2149 1463 2219 γῆν
1510 2147 2001 2220 ἀναῤῥηγνυμένην

429 2224 629 2295 ἴδωμεν
657 2226 748 2279 καί
803 2226 1249 2301 πεπληρωμένην
1302 2232 1521 2285 πάντων
1565 2231 1824 2294 ἐκείνων,
1873 2231 2002 2284 ὅταν

424 2308 534 2360 τῶν
573 2308 888 2377 σαλπίγγων
937 2312 1282 2383 ἀκούσωμεν,
1336 2314 1465 2367 ὅταν
1516 2313 1619 2383 τῆς
1670 2314 1855 2384 φωνῆς
1903 2314 1999 2367 τοῦ

426 2391 766 2462 ἀρχαγγέλου
807 2394 990 2465 πάσης
1033 2395 1335 2465 σάλπιγγος
1376 2396 1761 2469 λαμπροτέρας
1797 2397 2013 2469 ούσηςν.

424 2475 554 2528 ὅταν
582 2476 672 2528 τὸν
696 2475 924 2546 οὐρανὸν
954 2478 1436 2548 συνανελκόμενον,
1467 2483 1595 2535 ὅταν
1628 2480 1793 2534 αὑτὸν
1817 2498 2012 2552 παρα-ν

424 2558 710 2628 γινόμενον
754 2560 847 2612 τὸν
880 2561 1136 2615 ἁπάντων
1173 2562 1402 2632 βασιλέα
1443 2564 1539 2617 τὸν
1584 2564 1739 2629 Θεὸν,
1776 2565 1859 2627 τίς
1892 2567 2010 2636 ἀραρ

422 2644 556 2711 ἡμῖν
579 2641 733 2697 ἔσται
764 2645 798 2714 ἡ
826 2644 1007 2714 ψυχῆς
1042 2645 1350 2717 Φρίξωμεν,
1402 2648 1732 2719 παρακαλῶ,
1773 2649 1869 2703 καί
1902 2666 2000 2718 φο-

423 2724 702 2795 ϐηθῶμεν,
728 2726 803 2789 ὡς
826 2728 927 2799 ήδη
954 2726 1159 2782 τούτων
1184 2731 1485 2800 γινομένων
1504 2747 1517 2762 ο
1556 2731 1632 2802 μὴ
1653 2734 1715 2802 τῇ
1747 2732 1999 2801 μελλήσει

424 2810 884 2880 παραμυθώμεθα
926 2813 1152 2877 ἑαυτούς
1175 2828 1189 2843 ⁸
1223 2816 1358 2868 ὅταν
1396 2815 1505 2887 γάρ
1547 2816 1766 2879 πάντως
1788 2816 1883 2889 δέῃ
1905 2832 2000 2884 γε-

424 2891 635 2954 νέσθαι,
661 2892 816 2945 οὐδὲν
858 2895 891 2965 ἡ
926 2895 1185 2967 μέλλησις
1226 2895 1446 2965 ὠφελεῖ.
1484 2898 1657 2961 Πόσος
1699 2900 1728 2952 6
1763 2898 1995 2970 τρόμος;

424 2976 591 3039 πόσος
616 2978 644 3029 6
674 2977 838 3045 φόϐος
877 2979 1037 3045 τότε;
1083 2979 1268 3032 Είδετέ
1305 2999 1435 3034 ποτε
1457 2982 1586 3045 τοὺς
1610 2982 1998 3053 ἀπαγομένους

422 3058 521 3129 τὴν
560 3060 653 3112 ἐπὶ
692 3058 921 3114 θάνατον
961 3076 1017 3126 υ;
1052 3064 1214 3116 ποίαν
1244 3066 1496 3135 νομίζετε
1531 3067 1716 3131 αὐτοῖς
1736 3063 1875 3120 εἶναι
1900 3067 1999 3139 τὴν

423 3142 621 3214 ψυχὴν,
652 3143 750 3214 τὴν
781 3145 944 3214 μέχρι
973 3146 1073 3215 τῆς
1102 3147 1279 3219 πύλης
1316 3150 1433 3203 ὁδὸν
1471 3150 1772 3220 βαδίζουσι;
1818 3153 2001 3208 πόσων

424 3228 671 3282 θανάτων
699 3230 761 3282 06
798 3230 1050 3300 χείρονας
1086 3232 1137 3284 τί
1167 3233 1268 3286 ούκ
1316 3233 1383 3287 ἂν
1430 3234 1634 3290 ἐλοιντο
1676 3237 1770 3291 καὶ
1797 3239 2001 3309 πρᾶξαι

425 3312 521 3366 καὶ
560 3313 773 3375 παθεῖν,
812 3313 954 3368 ὥστε
992 3316 1379 3388 ἀπαλλαγῆναι
1410 3320 1509 3388 τῆς
1548 3320 1748 3391 ἀχλύος
1786 3324 2002 3393 ἐκείνης

423 3394 520 3448 τοῦ
542 3396 766 3465 νέφουςς
804 3398 949 3467 Ἐγὼ
968 3400 1181 3456 πολλῶν
1210 3403 1419 3472 ἡκουσα
1453 3404 1723 3473 λεγόντων
1746 3407 1854 3460 τῶν
1880 3409 2002 3476 φιλ-

425 3477 710 3550 ανθρωπίᾳ
738 3480 990 3554 βασιλικῇ
1029 3486 1167 3554 μετὰ
1192 3485 1290 3556 τὴν
1316 3486 1622 3559 ἀπαγωγὴν
1648 3490 1730 3552 εἰς
1760 3490 2003 3544 τούπίσω

426 3560 761 3632 κληθέντων,
796 3565 878 3619 ὅτι
906 3566 1029 3619 0665
1059 3566 1386 3637 ἀνθρώπους
1415 3569 1603 3642 ἐώρων
1630 3573 1757 3636 τοὺς
1789 3573 2002 3644 ἀνθρώ-

428 3662 582 3729 πους,
606 3648 1051 3721 τεθορυϐημένης
1082 3652 1180 3722 τῆς
1202 3652 1380 3729 ψυχῆς
1409 3654 1504 3709 καί
1543 3656 2002 3729 ἐκπεπληγμένης

428 3728 523 3782 καὶ
548 3730 923 3801 ἐξεστηκυίας.
954 3734 1017 3787 Εἰ
1045 3735 1223 3788 τοίνυν
1247 3728 1561 3807 σωματικὸς
1594 3738 1742 3812 [48οῙ
1775 3728 2003 3806 θάνατος

426 3812 599 3876 οὕτως
646 3815 793 3884 ἡμᾶς
849 3816 1022 3885 φοϐεῖ,
1070 3818 1199 3871 ὅταν
1249 3820 1468 3887 αἰώνιος
1525 3824 1925 3895 παραγένηται,
1950 3826 2003 3879 τί

427 3896 760 3964 πεισόμεοα;
812 3899 922 3951 Καὶ
979 3900 1032 3953 τί
1088 3901 1233 3970 λέγω
1276 3904 1405 3974 περὶ
1449 3905 1559 3958 τῶν
1600 3906 2001 3977 ἀπαγομένων;

428 3977 588 4048 ὄχλος
618 3979 947 4050 περιέστηκε
982 3986 1124 4047 τότε,
1168 3986 1216 4037 οἰ
1250 3985 1470 4050 πλείους
1513 3988 1635 4042 0665
1667 3988 1869 4051 εἰδότες
1905 3992 2004 4044 αύ-

425 4058 573 4125 τούς.
600 4061 669 4114 Εῖ
696 4080 781 4125 τις
818 4064 1041 4118 ἐκείνων
1065 4067 1165 4130 τὰς
1201 4067 1380 4139 ψυχὰς
1428 4071 1885 4142 περιεσκόπησεν,
1913 4074 2005 4126 06-

427 4142 538 4206 δεῖς
561 4143 732 4206 οὓτως
762 4144 943 4215 ὠμὸς.
987 4148 1163 4212 οὐδεὶς
1208 4150 1353 4205 οὕτω
1388 4152 1615 4223 Θρασὺς,
1656 4154 1835 4219 οὐδεὶς
1861 4154 2004 4209 οὕτω

429 4230 694 4292 γενναῖος,
737 4229 795 4293 6;
821 4230 883 4282 06
910 4238 1408 4290 καταπεπτωκυίαν
1440 4236 1608 4309 αὑτὴν
1646 4237 1781 4309 ἔχει,
1812 4256 2006 4308 παρει-

432 4310 601 4379 μένην
638 4311 744 4365 ὑπὸ
770 4312 866 4366 τοῦ
892 4313 1060 4381 φόϐου
1087 4316 1185 4369 καὶ
1219 4318 1320 4388 τῆς
1344 4319 1601 4391 ἀθυμίας.
1629 4322 1693 4375 Εἰ
1721 4321 1777 4374 65
1802 4324 2006 4391 ἐτέρων

430 4394 840 4467 ἀναιρουμένων
878 4397 971 4451 τὸν
1012 4399 1239 4455 θάνατον
1271 4402 1481 4465 τοῦτον,
1519 4404 1613 4458 τὸν
1652 4404 1824 4459 ὕπνου
1853 4408 2006 4463 οὐδὲν

429 4475 772 4548 διαφέροντα,
791 4481 839 4532 οἰ
873 4481 1041 4551 μηδὲν
1062 4484 1451 4549 κοινωνοῦντες
1477 4487 1621 4541 οὔτω
1649 4489 2002 4545 διατίθενται·

430 4561 559 4614 ὅταν
608 4564 768 4632 ἡμεῖς
810 4565 964 4618 αὐτοὶ
1011 4567 1126 4631 τοῖς
1170 4568 1384 4637 μείζοσι
1430 4573 1871 4645 περιπίπτωμεν,
1920 4577 2005 4640 τίς

431 4646 538 4716 ἀρα
567 4646 720 4699 ἐσται
748 4648 1107 4715 κατάστασις;
1139 4651 1254 4705 Ούκ
1287 4653 1453 4720 ἐστιν,
1486 4656 1585 4708 οὑκ
1607 4655 1742 4720 ἐστι,
1777 4658 2005 4711 πιστεύ-

432 4744 585 4788 σατε,
612 4730 963 4799 παραστῆσαι
986 4732 1129 4804 λόγῳ
1156 4734 1218 4788 τὸ
1244 4736 1438 4799 πάθος.
1468 4738 1593 4801 Ναὶ,
1629 4740 1795 4810 φησίν
1819 4756 1832 4770 ⁶
1869 4742 2007 4797 άλλά

431 4811 811 4883 φιλάνθρωπος
839 4814 866 4865 6
890 4814 1043 4879 Θεὸς,
1072 4816 1168 4869 καὶ
1196 4818 1349 4872 οὐδὲν
1376 4819 1579 4875 τούτων
1600 4822 1774 4878 ἔσται.
1798 4824 2008 4880 Οὐκοῦν

431 4896 557 4966 εἰκῆ
584 4897 913 4980 γέγραπται.
936 4897 1031 4962 Οὑ,
1058 4902 1242 4971 φησὶν,
1267 4902 1403 4957 ἀλλά
1423 4906 1557 4976 πρὸς
1579 4908 1808 4980 ἀπειλὴν
1825 4910 2006 4980 μόνον,

431 4981 522 5033 ἵνα
560 4979 947 5051 σωφρονῶμεν.
977 4984 1104 5037 Ἐάν
1150 4980 1244 5038 οῦν
1302 4986 1379 5059 μὴ
1430 4979 1835 5062 σωφρονῶμεν,
1868 4994 2009 5047 ἀλλά

434 5064 685 5147 μένωμεν
719 5066 917 5129 κακοὶ,
948 5067 1047 5120 οὑκ
1092 5067 1282 5136 ἐπάξει
1316 5072 1417 5142 τὴν
1451 5073 1693 5139 κόλασιν,
1722 5076 1846 5130 εἰπέ
1877 5096 2004 5147 μοις

430 5146 627 5201 οὑκοῦν
661 5148 781 5202 οὐδὲ
809 5152 919 5213 τοῖς
968 5152 1195 5219 ἀγαθοῖς
1251 5154 1524 5210 ἀποδώσει
1583 5158 1685 5222 τὰς
1731 5146 2005 5230 ἀμοιϐάς;

433 5232 752 5317 Ναὶ,φησίν
787 5250 803 5266 ’
840 5236 1016 5288 ἐκεῖνο
1043 5235 1153 5310 γάρ
1173 5238 1328 5306 αύτῷ
1360 5240 1572 5310 πρέπον
1602 5244 1720 5296 ἐστὶ
1749 5245 1846 5299 καὶ
1869 5246 2009 5317 ὑπὲρ

433 5314 532 5399 τὴν
557 5314 716 5399 ἀξίαν
769 5318 1101 5389 εὐεργετεῖν.
1135 5320 1299 5374 ’Ὥστε
1352 5322 1533 5376 ἐκεῖνα
1579 5325 1676 5395 μὲν
1710 5327 1887 5399 ἀληθῆ
1916 5314 2012 5381 καὶ

435 5398 655 5462 πάντως
684 5398 835 5453 ἔσται
861 5420 873 5431 ’
914 5401 984 5454 τὰ
1011 5401 1069 5455 65
1086 5402 1197 5456 τῶν
1226 5404 1501 5459 κολάσεων
1529 5406 1590 5460 06
1621 5409 1858 5478 πάντως,
1878 5398 2012 5466 ἀλλ’

434 5481 667 5562 ῥπειλῆς
715 5483 900 5538 ἕνεκεν
928 5487 1022 5539 καί
1057 5487 1254 5557 φόϐου;
1290 5490 1460 5543 Πόθεν
1494 5491 1639 5562 ὑμᾶς
1687 5495 1879 5561 πείσω,
1914 5497 2011 5549 ούκ

436 5560 574 5619 οῖδα.
619 5566 715 5620 “Av
735 5568 875 5621 εἴπω
909 5570 992 5622 ὅτι
1025 5570 1054 5621 6
1102 5570 1318 5643 σκώληξ
1353 5560 1543 5629 αὐτῶν
1575 5576 1635 5630 06
1679 5560 2010 5651 τελευτήσει,

505 5811 537 5844 ⁸
552 5810 720 5867 Διιίςε
743 5813 993 5866 diceretur
1014 5817 1099 5875 τὴν
1127 5818 1201 5867 ἐπὶ
1224 5820 1439 5870 θανάτου.

1089 270 1146 326 S.
1187 270 1473 329 JOANNIS
1508 264 1999 329 CIIBYSOSTOMI
2037 264 2364 325 ARCHIEP.
2413 266 2967 325 CONSTANTINOP.

3574 270 3684 326 με

2109 386 2287 441 καὶτὸ
2314 386 2425 458 πῦρ
2472 388 2532 440 06
2590 386 2967 456 σϐεσθήσεται,
3010 384 3106 439 ἐὰν
3146 386 3287 439 εἴπω
3319 385 3401 439 ὅτι
3450 384 3682 440 ἀπελεύ-

2108 486 2287 523 σονται
2320 472 2400 534 εἰς
2431 470 2545 540 πῦρ
2573 469 2790 523 αἰώνιον
2809 509 2824 533 ,
2857 471 2923 524 ἂν
2955 471 3046 525 τὸν
3076 469 3332 523 πλούσιον
3376 471 3681 541 παραγάγω

2103 554 2202 625 ἤδη
2237 554 2628 625 κολαζόμενον,
2655 554 2834 607 πάντα
2856 554 3089 624 ἀπειλῆς
3118 549 3257 608 εἶναι
3287 555 3481 625 ἐρεῖτε.
3513 554 3681 607 Πόθεν

2102 633 2196 690 οῦν
2232 638 2377 709 ὑμᾶς
2416 638 2623 703 πείσω;
2666 638 2964 701 Σατανικὸς
3001 638 3112 709 γὰρ
3152 631 3309 699 οῦτος
3347 638 3375 689 6
3397 635 3682 706 λογισμὸς,

2103 723 2262 794 χάριν
2298 722 2556 793 ἀνόνητον
2591 722 2970 794 χαριζόμενος,
3026 724 3122 776 καὶ
3164 721 3442 794 ῥᾳθύμους
3488 723 3680 777 ποιῶν.

2105 805 2229 870 Πῶς
2266 804 2361 862 οῦν
2385 807 2550 861 αὑτὸν
2572 806 2879 878 ἐξέλωμεν;
2914 808 3054 862 Ὀσα
3079 807 3144 862 ἀν
3170 806 3416 876 εἴπωμεν
3440 806 3549 860 ἀπὸ
3570 807 3681 860 τῶν

2094 891 2358 961 ,Γραφῶν,
2384 893 2562 965 ἐρεῖτε
2589 894 2671 947 ὅτι
2700 893 2931 965 ἀπειλῆς
2957 894 3165 947 ἐνεκεν.
3206 891 3372 946 ’Λλλά
3393 893 3555 946 τοῦτο
3579 896 3681 963 μὲν

2104 978 2231 1048 περὶ
2262 976 2372 1030 τῶν
2395 977 2697 1049 μελλόντων
2723 977 2837 1048 ἔχοι
2867 996 2951 1041 τις
2973 976 3041 1032 ἂν
3076 979 3252 1031 εἰπεῖν
3277 994 3291 1007 ο
3332 994 3399 1030 πε
3409 978 3462 1049 ρί
3490 977 3546 1031 δὲ
3570 978 3681 1032 τῶν

2105 1060 2484 1131 ἐκϐεϐηκότων
2503 1062 2598 1117 καὶ
2619 1063 2778 1126 τέλος,
2791 1063 3125 1133 ἐσχηκότων,
3146 1062 3352 1117 ούκέτι.
3376 1063 3679 1117 Ἠκούσατε

2106 1147 2306 1211 πάντες
2361 1148 2489 1219 περί
2538 1147 2635 1201 τοῦ
2688 1146 3078 1218 κατακλυσμοῦ
3136 1163 3151 1179 ·
3214 1148 3290 1219 μὴ
3347 1149 3442 1202 καὶ
3495 1149 3678 1201 ἐκεῖνα

2105 1229 2335 1300 ἀπειλῆς
2361 1230 2548 1284 ἕνεκεν
2578 1232 2791 1302 εἴρηται
2811 1247 2825 1295 ;
2848 1230 2970 1301 οὑχί
2999 1230 3092 1283 καὶ
3126 1229 3285 1302 ἐξέϐη
3319 1232 3416 1285 καὶ
3442 1230 3633 1298 γέγονε
3659 1247 3675 1295 ;

2105 1312 2342 1366 Τοιαῦτα
2368 1314 2461 1367 καί
2513 1315 2711 1368 ἐκεῖνοι
2774 1315 2947 1368 πολλά
3000 1314 3186 1382 ἔλεγον
3212 1330 3228 1346 ⁶
3257 1316 3351 1369 καὶ
3399 1316 3458 1368 ἐν
3482 1314 3677 1368 ἐκατὸν

2105 1395 2251 1450 ἐτεσι
2301 1396 2402 1465 τῆς
2457 1396 2691 1451 κιϐωτοῦ
2748 1399 3192 1470 τεκταινομένης,
3240 1398 3334 1451 καὶ
3374 1396 3484 1451 τῶν
3509 1397 3682 1465 ξύλων

2104 1480 2493 1550 ὑφαινομένων,
2517 1482 2611 1534 καί⁵
2641 1480 2737 1535 τοῦ
2770 1481 2978 1535 δικαίου
3005 1482 3254 1553 βοῶντος,
3294 1481 3472 1545 οὐδεὶς
3514 1483 3543 1534 6
3587 1498 3682 1533 πι-

2104 1564 2310 1619 στεύων
2347 1561 2438 1637 ῆν.
2468 1565 2609 1619 Ἀλλ’
2640 1567 2829 1637 ἐπειδὴ
2856 1567 2955 1620 οὐκ
2981 1567 3306 1621 ἐπίστευσαν
3336 1568 3402 1637 τῇ
3434 1565 3521 1618 διά
3564 1564 3675 1618 τῶν

2107 1649 2367 1721 ῥημάτιον
2388 1649 2618 1720 ἀπειλῇ,
2643 1651 2956 1721 ὑπέστησαν
2976 1650 3075 1720 τὴν
3091 1649 3179 1704 διὰ
3209 1650 3318 1703 τῶν
3340 1648 3683 1719 πραγμάτων

2101 1732 2391 1804 τιμωρίαν.
2434 1732 2603 1786 Τοῦτο
2631 1734 2723 1786 καὶ
2742 1736 2903 1804 ἡμεῖς
2916 1733 3240 1803 πεισόμεθα,
3266 1732 3333 1787 ἂν
3353 1734 3429 1804 μὴ
3452 1733 3680 1787 πιστεύ-

2106 1833 2305 1886 σωμεν.
2358 1816 2459 1870 Διά
2485 1834 2565 1869 τοι
2594 1816 2753 1870 τοῦτο
2784 1818 2879 1870 καὶ
2906 1818 3006 1889 τὴν
3044 1819 3347 1888 παρουσίαν
3370 1816 3534 1870 αὑτοῦ
3561 1819 3684 1881 ταῖς

2102 1898 2339 1969 ἡμέραις
2400 1899 2739 1970 παραϐάλλει
2794 1899 2889 1952 τοῦ
2944 1900 3067 1953 Νῶε
3105 1916 3120 1930 ·
3192 1900 3381 1972 ἐπειδὴ
3431 1899 3682 1969 καθάπερ

2105 1982 2299 2051 ἐκείνῳ
2332 1981 2410 2052 τῷ
2460 1982 2831 2053 κατακλυσμῷ
2867 1984 3177 2052 ἠπίστησάν
3225 2001 3391 2047 τινες,
3424 1984 3567 2037 οῦτω
3588 1983 3685 2037 καὶ

2102 2064 2179 2134 τῷ
2228 2065 2596 2136 κατακλυσμῷ
2654 2066 2755 2135 τῆς
2808 2067 3051 2138 γεέννης.
3123 2066 3214 2138 Μὴ
3256 2068 3452 2138 ἀπειλὴ
3500 2068 3685 2121 ἐκεῖνά

2105 2148 2288 2215 ἐστιν;
2318 2148 2436 2219 οὐχ).
2478 2148 2637 2220 ἔργον
2678 2148 2933 2217 γέγονεν;
2990 2146 3123 2203 Εἶτα
3175 2152 3204 2203 6
3249 2151 3467 2205 κόλασιν
3511 2150 3685 2213 οὕτως

2103 2231 2298 2301 ἀθρόον
2355 2232 2475 2285 τότε
2515 2231 2829 2300 ἐπαγαγὼν,
2884 2233 2945 2286 06
3006 2232 3185 2303 πο)λῷ
3215 2233 3412 2303 μᾶλλον
3456 2235 3550 2291 καὶ
3588 2232 3684 2286 νῦν

2103 2312 2327 2380 ἐπάξεις
2363 2315 2424 2368 06
2456 2316 2565 2386 γὰρ
2598 2315 2662 2387 δὴ
2696 2315 2958 2369 ἐλάττονα
3003 2316 3113 2368 τῶν
3149 2316 3271 2368 τότε
3315 2316 3385 2370 τά
3423 2316 3517 2371 νῦν
3540 2316 3685 2385 γινό-

2106 2415 2260 2467 μενα.
2290 2398 2446 2463 Πῶς;
2476 2399 2620 2461 Ὅτι,
2651 2400 2770 2451 τότε
2800 2396 3069 2468 εἰσῆλθον,
3101 2400 3287 2468 φησιν,
3336 2401 3387 2453 οἱ
3432 2401 3538 2453 υἰοὶ
3586 2397 3684 2452 τοῦ

2101 2482 2236 2534 Θεοῦ
2266 2483 2401 2553 πρὸς
2450 2484 2549 2545 τὰς
2602 2483 2912 2554 θυγατέρας
2956 2482 3066 2535 τῶν
3111 2481 3436 2553 ἀνθρώπων,
3484 2483 3577 2536 καὶ
3627 2483 3685 2535 αἰ

2097 2564 2371 2635 ἐπιμιξίαι
2387 2560 2527 2636 ἦσαν
2542 2564 2603 2617 τὸ
2614 2565 2805 2619 δεινόν·
2828 2567 2921 2618 νῦν
2936 2566 2991 2619 65
3005 2566 3159 2619 οὐδέν
3178 2568 3324 2619 ἐστιν
3336 2562 3474 2629 εἰδος
3488 2566 3686 2629 κακίας

2100 2648 2236 2718 ὅπερ
2266 2648 2592 2717 ἀτόλμητον.
2626 2643 2776 2718 τΑρα
2815 2644 2910 2701 οὖν
2950 2648 3237 2701 πιστεύετε
3281 2649 3364 2702 ὃτι
3410 2650 3629 2717 γέγονεν
3656 2651 3687 2701 6

2102 2730 2500 2800 κατακλυσμὸς,
2567 2730 2598 2800 ἢ
2647 2731 2812 2801 λῆρος
2871 2732 3000 2801 ὑμῖν
3036 2730 3217 2796 δοκεῖς
3265 2731 3457 2785 Καίτοι
3489 2749 3552 2799 γε
3589 2730 3687 2785 καὶ

2092 2814 2169 2867 ιτά
2196 2814 2317 2885 ὅρη,
2350 2813 2476 2867 ἔνθα
2499 2816 2533 2885 ἡ
2564 2814 2797 2878 κιϐωτὸς
2846 2814 3091 2885 ἰδρύνθη,
3125 2818 3413 2888 μαρτυρεῖ,
3449 2816 3519 2869 τά
3557 2817 3685 2887 Ἀρ-

2093 2897 2296 2963 μενίας
2316 2896 2481 2965 λέγω.

2174 2978 2321 3051 [481]
2355 2986 2422 3048 γ’.
2454 2978 2602 3052 Πλὴν
2634 2980 2698 3033 ἐκ
2720 2979 3037 3048 περιουσίας
3052 2979 3252 3051 πολλῆς
3274 2980 3370 3033 καί
3393 2980 3479 3049 ἐφ’
3501 2980 3690 3052 ἕτερον

2094 3062 2312 3115 ἐκείνου
2340 3062 2676 3134 σαφέστερον
2705 3062 2817 3126 ἄξω
2851 3062 2943 3115 τὸν
2984 3062 3161 3131 λόγον.
3220 3063 3562 3133 Ἐπεδὴμησέ
3602 3080 3687 3125 τις

2101 3146 2254 3217 ὑμῶν
2283 3148 2348 3217 τῇ
2383 3146 2719 3219 Παλαιστίνῃ
2753 3145 2883 3199 ποτέ
2909 3162 2924 3210 ;
2956 3146 3140 3199 λοιπὸν
3166 3146 3273 3215 γὰρ
3303 3146 3487 3200 οὐκέτι
3507 3146 3685 3214 λόγον,

2094 3227 2239 3284 ἀλλά
2285 3229 2585 3300 πράγματα
2623 3229 2769 3299 ἐρῶ·
2802 3229 2983 3282 καίτοι
3032 3228 3127 3282 καί
3158 3229 3225 3283 τά
3258 3230 3501 3301 πρότερα
3542 3247 3686 3299 πρα-

2103 3314 2330 3383 γμάτων
2362 3314 2672 3385 σαφέστερα
2695 3309 2765 3385 ἦν
2784 3330 2798 3344 ·
2842 3314 2985 3385 ἅπερ
3015 3313 3123 3385 γάρ
3157 3314 3224 3367 ἂν
3253 3314 3380 3385 εἴπῃ
3412 3315 3444 3385 ἡ
3470 3314 3685 3384 Γραφὴ,

2102 3398 2276 3450 ταῦτα
2320 3396 2429 3450 τῶν
2472 3397 2765 3467 ὁρωμένων
2812 3396 3126 3467 πιστότερα.
3174 3397 3545 3467 Ἐπεδήμησεν
3592 3394 3689 3449 οῦν

2105 3481 2258 3551 ὑμῶν
2288 3499 2374 3544 τις
2393 3483 2457 3552 τῇ
2495 3480 2827 3552 Παλαιστίνῃ
2856 3481 3024 3543 ποτέ;
3071 3480 3247 3549 ἔγωγε
3272 3478 3444 3551 οἶμαι.
3477 3482 3541 3535 Τί
3561 3479 3687 3547 06v;

2103 3564 2506 3637 Μαρτυρὴσατέ
2552 3582 2642 3635 μοι
2675 3565 2835 3634 ὑμεῖς
2878 3564 2928 3616 οἰ
2983 3566 3111 3626 τοὺς
3154 3564 3351 3628 τόπους
3384 3565 3690 3635 ἑωρακότες

2105 3649 2241 3720 πρὸς
2277 3650 2400 3711 τοὺς
2431 3648 2492 3701 06
2521 3648 2845 3718 γενομένους
2870 3649 3002 3702 ἐκεῖ.
3057 3648 3392 3711 Ἀσκάλωνος
3430 3649 3537 3719 γάρ
3578 3649 3692 3702 ἀνω

2105 3733 2200 3785 καὶ
2226 3732 2408 3803 Γάζης
2432 3733 2513 3796 εἰς
2543 3732 2674 3786 αὐτὸ
2702 3731 2796 3785 τοῦ
2838 3732 3103 3803 Ἰορδάνου
3140 3732 3388 3802 ποταμοῦ
3424 3734 3485 3785 τὸ
3514 3733 3687 3797 τέλος,

2106 3815 2220 3870 ἐστι
2252 3816 2401 3888 χώρα
2430 3816 2598 3888 πολλή
2625 3833 2709 3878 τις
2733 3815 2828 3869 καὶ¹
2856 3813 3084 3886 εὔφορος
3108 3832 3124 3847 ο
3162 3816 3359 3887 μᾶλλον
3385 3816 3441 3870 65
3471 3812 3538 3887 ἦν
3556 3833 3568 3845 ·
3592 3816 3692 3869 νῦν

2106 3900 2213 3972 γάρ
2240 3902 2339 3954 οὑκ
2358 3901 2505 3953 ἐστιν
2525 3917 2539 3931 ·
2576 3900 2712 3971 αῦτη
2740 3900 2802 3970 δὴ
2833 3896 2925 3953 οῦν
2946 3899 3021 3963 ὼς
3072 3900 3399 3970 παράδεισος
3426 3896 3513 3970 ἦν.
3552 3896 3693 3955 Εἷδε

2106 3986 2235 4056 γὰρ,
2271 3986 2424 4054 φησι,
2446 3985 2574 4039 Λὼτ
2592 3984 2798 4038 πᾶσαν
2822 3984 2936 4052 τὴν
2955 3985 3288 4052 περίχωρον
3323 3986 3429 4038 τοῦ
3466 3983 3691 4052 Ἰορδὰ-

2106 4086 2240 4132 νου,
2263 4068 2359 4121 καὶ
2387 4063 2461 4137 ἦν
2492 4066 2864 4137 ποτιζομένῃ,
2901 4069 2983 4134 ὡς
3012 4066 3377 4135 παράδεισος
3390 4067 3495 4121 τοῦ
3517 4069 3687 4123 Θεοῦ.

2106 4152 2256 4222 Αὕτη
2289 4152 2353 4220 δὴ
2380 4146 2471 4204 οὖν
2499 4153 2532 4222 ἡ
2563 4151 2738 4215 οὕτως
2767 4151 3020 4223 εὐθαλὴς,
3056 4150 3150 4204 καὶ
3184 4150 3321 4220 πρὸς
3364 4151 3544 4214 πάσας
3592 4152 3692 4215 τάς

2108 4235 2293 4307 χώρας
2332 4236 2707 4307 ἁμιλλωμένη,
2746 4237 2779 4305 ἡ
2807 4236 3086 4305 φθάνουσα
3112 4238 3178 4305 τῇ
3208 4234 3435 4307 εὑθηνίᾳ
3477 4236 3561 4289 τὸν
3588 4254 3693 4288 πα-

2111 4318 2352 4391 ράδεισον
2389 4318 2484 4372 τοῦ
2527 4318 2685 4383 Θεοῦ,
2730 4317 2920 4371 πασῶν
2968 4318 3078 4373 τῶν
3113 4318 3337 4389 ἐρήμων
3382 4319 3694 4389 ἐρημοτέρα

2108 4402 2225 4455 ἐστί
2254 4400 2350 4454 νῦν
2373 4418 2386 4431 ·
2424 4403 2516 4454 καί
2561 4402 2761 4473 ἕστηκε
2806 4402 2904 4468 μὲν
2932 4401 3144 4473 δένδρα,
3173 4403 3268 4454 καὶ
3298 4403 3507 4472 καρπὸν
3539 4402 3649 4473 ἔχει
3674 4418 3690 4433 ·

2107 4484 2218 4537 665
2268 4484 2479 4557 καρπὸς
2533 4484 2631 4555 τῆς
2681 4484 2774 4538 τοῦ
2806 4484 2941 4537 Θεοῦ
2984 4484 3154 4556 ὀργῆς
3193 4487 3341 4539 ἐστιν
3372 4486 3691 4556 ὑπόμνημα.

2105 4568 2412 4636 ’Ἑστήκασι
2458 4567 2557 4639 μὲν
2593 4568 2700 4639 γὰρ
2740 4569 2882 4639 ῥόαι,
2927 4569 3023 4623 καὶ
3069 4570 3128 4623 τὸ
3172 4568 3327 4634 ξύλον
3367 4570 3512 4637 λέγω
3542 4570 3635 4622 καὶ
3663 4571 3695 4622 6

2110 4650 2341 4723 καρπὸς,
2383 4650 2640 4722 λαμπράν
2677 4653 2776 4724 τὴν
2806 4654 3127 4722 ἐπιφάνειαν
3172 4654 3412 4724 ἔχουσαι,
3467 4655 3560 4707 καί
3614 4653 3695 4722 τῷ

2109 4734 2315 4803 ἀγνῶτι
2376 4733 2721 4806 παρέχουσαι
2793 4736 2996 4800 πολλὰς
3049 4736 3147 4801 τὰς
3206 4738 3428 4799 ἐλπίδας
3458 4752 3474 4767 ⁸
3532 4737 3581 4789 εἰ
3635 4736 3695 4789 65

2108 4817 2366 4890 ληφθεῖεν
2385 4819 2464 4882 εἰς
2484 4821 2691 4889 χεῖρας,
2706 4818 3112 4874 διακλασθεῖσαι
3131 4820 3345 4892 καρπὸν
3364 4820 3463 4889 μέν
3481 4820 3691 4883 ούδένα,

2111 4904 2258 4956 κόνιν
2282 4902 2338 4956 65
2354 4902 2448 4955 καὶ
2468 4902 2672 4973 τέφραν
2694 4902 2895 4974 πολλὴν
2910 4903 3244 4958 δεικνύουσιν
3268 4905 3695 4975 ἐναποκειμένην

2111 4985 2276 5041 ἔνδον.
2318 4985 2553 5057 Τοιαύτη
2610 4986 2705 5041 καὶ
2741 4989 2775 5059 ἡ
2816 4987 2889 5058 γῆ
2926 4989 3114 5041 πᾶσα·
3166 4986 3268 5042 κᾶν
3317 4987 3465 5043 λίθον
3503 4988 3691 5058 εὕρῃς,

2110 5071 2521 5141 τετεφρωμένον
2549 5071 2823 5142 εὑρήσεις.
2885 5074 2996 5127 Καὶ
3027 5075 3080 5127 τί
3110 5072 3253 5142 λέγω
3275 5073 3420 5127 λίθον
3449 5074 3543 5127 καὶ
3562 5074 3695 5139 ξύλα

2112 5155 2207 5207 καὶ
2243 5154 2363 5224 γῆν,
2397 5154 2530 5207 ὅπου
2553 5171 2618 5223 γε
2653 5154 2747 5207 καὶ
2768 5155 2898 5226 ἀὴρ,
2923 5157 3018 5210 καὶ
3046 5158 3115 5210 τὰ
3137 5156 3306 5211 ’ὑδατα
3337 5158 3566 5228 μετέσχε
3594 5158 3696 5228 τῆς

2112 5239 2440 5310 συμφορᾶς;
2482 5238 2755 5310 Καθάπερ
2799 5240 2911 5311 γὰρ
2966 5241 3221 5312 σώματος
3279 5242 3697 5315 ἐμπρησθέντος

2113 5322 2207 5375 καὶ
2230 5321 2689 5385 κατακαυθέντος,
2719 5322 2781 5375 τὸ
2805 5324 2902 5393 μὲν
2931 5324 3119 5395 σχῆμα
3159 5324 3331 5396 μένει,
3355 5327 3451 5379 καὶ
3473 5328 3501 5378 6
3523 5325 3697 5387 τύπος

2113 5407 2171 5458 ἐν
2191 5406 2257 5475 τῇ
2281 5404 2374 5457 τοῦ
2398 5406 2570 5474 πυρός
2590 5406 2729 5475 ὕψει,
2764 5409 2860 5461 καί
2884 5410 3046 5472 δγκος
3071 5410 3160 5463 καὶ
3201 5412 3234 5481 ἡ
3264 5410 3542 5477 ἀναλογία,
3566 5411 3599 5481 ἡ
3636 5410 3696 5462 δέ

2113 5489 2342 5559 δύναμις
2377 5489 2561 5543 οὐκέτι
2587 5506 2603 5521 ο
2636 5491 2781 5544 οὕτω
2802 5493 2866 5565 δὴ
2912 5495 3028 5546 ἐκεῖ
3055 5497 3158 5564 γῆν
3192 5494 3340 5547 ἔστιν
3392 5495 3539 5558 ἰδεῖν,
3578 5493 3696 5547 ἀλλ’

2113 5572 2267 5626 οὐδὲν
2301 5571 2529 5642 ἔχουσαν
2556 5576 2678 5645 γῆς,
2717 5574 2853 5629 ἀλλά
2883 5577 3057 5631 πάντα
3080 5579 3280 5649 τέφραν
3304 5594 3319 5607 ο
3365 5577 3555 5649 δένδρα
3601 5579 3699 5632 καὶ

2116 5658 2385 5728 καρποὺς,
2437 5657 2553 5711 ἀλλ’
2604 5659 2758 5713 οὐδὲν
2790 5660 2979 5732 ἔχοντα
3014 5663 3250 5734 δένδρων
3275 5663 3393 5716 0665
3427 5664 3657 5733 καρπῶν
3678 5679 3695 5695 ο

2117 5741 2256 5811 ἀέρα
2288 5740 2381 5793 καὶ
2452 5740 2618 5812 ὕδωρ,
2650 5742 2766 5795 ἀλλ’
2805 5745 2959 5798 οὐδὲν
3000 5745 3163 5816 ἀέρος
3187 5747 3306 5801 0665
3341 5746 3532 5810 ὓδατος
3556 5763 3570 5777 ·
3601 5745 3699 5800 καὶ

2121 5824 2227 5895 γὰρ
2250 5822 2342 5878 καὶ
2365 5823 2538 5880 ταῦτα
2558 5826 2917 5899 τετέφρωται.
2967 5829 3157 5884 Καίτοι
3205 5831 3323 5894 πῶς
3368 5830 3433 5885 ἂν
3461 5830 3569 5902 ἀὴρ
3596 5832 3700 5902 ἐμ-
