4114 6396
402 351 501 409 ιιι

405 464 466 519 fit
520 466 863 534 resurrectio,
922 466 975 521 in
1028 468 1134 523 ictu
1173 467 1334 522 oculi.
1383 466 1535 534 Quod
1576 476 1754 521 autem
1780 466 1976 522 dicitur

402 557 545 628 quod
576 565 986 630 congregantur,
1016 558 1067 613 id
1091 567 1195 624 est,
1223 560 1417 628 ubique
1437 558 1651 628 quidem
1675 566 1978 629 resurgunt,

404 660 798 720 congregantur
837 658 1015 705 autem
1053 650 1121 705 ab
1150 641 1380 721 angelis.
1425 653 1599 720 Atque
1628 650 1772 720 quod
1804 665 1983 704 resur-

401 751 530 812 gant
552 783 565 808 ,
599 750 682 796 est
706 742 797 796 Dei
827 742 1076 812 potentiae
1097 742 1334 813 jubenlis
1355 750 1553 797 terram
1594 741 1865 796 dimittere
1891 740 1985 795 de-

404 834 668 905 positum,
714 848 814 887 nec
839 843 922 888 est
960 834 1100 888 ullus
1119 834 1209 904 qui
1242 834 1502 889 inserviat
1535 834 1715 888 :sicut
1743 842 1869 887 tunc
1890 847 1983 886 vo-

403 925 543 979 cavit
586 924 869 992 Lazarum,
914 923 1130 989 Lazare,
1183 926 1294 979 veni
1337 925 1478 994 foras
1507 923 1688 994 (Joan.
1715 925 1806 979 II.
1839 925 1935 991 45)
1967 941 1982 978 :

404 1014 669 1070 adducere
696 1025 872 1070 autem
901 1025 984 1071 est
1012 1015 1404 1070 ministrorum.
1459 1015 1531 1070 At
1569 1015 1616 1071 si
1656 1023 1984 1084 congregant

410 1117 467 1161 et
515 1106 825 1161 discurrunt
863 1107 1071 1177 angeli,
1120 1106 1389 1177 quomodo
1418 1105 1519 1176 ipsi
1547 1105 1633 1161 hic
1658 1104 1982 1175 rapiuntur?

406 1201 703 1273 Ilapiuntur
748 1210 1025 1270 postquam
1090 1200 1496 1267 descenderint,
1560 1209 1840 1271 postquam
1872 1198 1985 1254 fue-

405 1294 516 1347 rint
552 1293 856 1363 congregati
891 1310 906 1347 :
940 1292 1041 1347 hoc
1079 1293 1221 1346 enim
1252 1292 1411 1347 simul
1440 1292 1497 1346 fit
1520 1292 1726 1347 sciente
1746 1289 1981 1345 nemine.

406 1384 538 1440 Nam
579 1383 793 1455 quando
821 1383 1052 1442 viderint
1077 1392 1275 1438 terram
1303 1383 1543 1447 moveri,
1576 1381 1848 1452 pulverem
1879 1380 1983 1433 mi-

409 1478 572 1537 scerl,
598 1492 664 1531 ex
692 1491 845 1546 aequo
885 1475 1119 1546 undique
1149 1476 1369 1530 excitari
1397 1489 1644 1545 corpora,
1679 1474 1891 1528 nemine
1918 1472 1985 1526 ad

409 1568 512 1623 hoc
554 1568 874 1622 inservieute
894 1607 908 1631 ,
951 1567 1044 1621 sed
1070 1566 1222 1635 jussu
1244 1565 1544 1621 sufficiente
1572 1564 1638 1619 ad
1670 1576 1866 1619 terram
1898 1578 1986 1618 re-

409 1658 604 1727 pletam
650 1657 1098 1723 exinaniendam;
1130 1658 1300 1727 cogita
1327 1657 1468 1711 enim
1497 1667 1753 1725 quantum
1782 1655 1853 1709 sit
1873 1669 1987 1707 om-

408 1766 504 1804 nes
549 1749 617 1803 ab
650 1732 856 1803 Adamo
905 1764 1072 1819 usque
1118 1749 1183 1803 ad
1223 1749 1338 1818 ejus
1382 1749 1667 1803 adventum
1714 1758 1839 1802 tunc
1879 1747 1989 1801 illic

408 1851 551 1894 stare
595 1856 716 1893 cum
768 1840 1024 1894 uxoribus
1072 1849 1127 1894 et
1177 1840 1301 1895 filiis
1332 1857 1346 1895 :
1380 1840 1592 1909 quando
1614 1881 1627 1903 ,
1659 1839 1905 1908 inquam,
1934 1837 1988 1893 in

409 1943 549 1987 terra
582 1941 785 1987 tantum
814 1932 1046 1987 viderint
1072 1932 1389 1997 tumultum,
1441 1941 1567 1986 tunc
1608 1930 1799 1986 scient.
1838 1930 1989 1984 Sicut

407 2044 535 2097 ergo
561 2026 612 2081 in
643 2042 706 2081 ea
732 2042 850 2097 qua:
880 2025 1174 2081 secundum
1212 2041 1427 2080 carnem
1459 2025 1554 2079 fuit
1580 2024 1986 2095 dispensatione

410 2121 541 2174 nihil
576 2120 951 2189 prmviderant,
980 2120 1050 2172 ita
1077 2127 1130 2173 et
1157 2129 1303 2173 tunc.

477 2215 531 2267 2.
574 2213 798 2281 Quando
828 2226 956 2282 ergo
983 2212 1098 2266 hate
1126 2212 1259 2265 facta
1289 2211 1506 2278 fuerint,
1537 2220 1662 2265 tunc
1681 2207 1782 2264 erit
1811 2217 1864 2264 et
1886 2224 1989 2264 vox

408 2307 714 2375 archangeli
734 2305 1094 2375 prtecipientis
1116 2304 1320 2375 angelis
1347 2314 1401 2359 et
1428 2304 1734 2370 clamantis,
1754 2313 1806 2358 et
1824 2303 1986 2368 tubae,

411 2398 495 2452 vel
521 2399 693 2468 potius
722 2398 966 2453 tubarum
996 2398 1220 2451 sonitus.
1248 2397 1428 2464 Qualis
1458 2412 1586 2466 ergo
1614 2408 1835 2462 tremor,
1860 2411 1991 2467 qua-

410 2492 476 2544 lis
506 2498 677 2543 metus
709 2488 925 2543 invadet
955 2502 1048 2543 eos
1082 2487 1172 2558 qui
1193 2489 1369 2542 vivent
1395 2489 1447 2541 in
1475 2488 1655 2542 terra?
1699 2486 1813 2543 Una
1843 2487 1986 2542 enim

412 2581 635 2650 rapitur,
666 2591 719 2634 et
738 2595 842 2634 una
863 2580 1179 2646 dimittitur;
1211 2591 1264 2635 et
1290 2596 1425 2634 unus
1440 2580 1749 2641 assumitur,
1770 2588 1825 2635 et
1852 2594 1992 2634 unus

411 2674 696 2727 dimittitur
747 2672 978 2744 (Matth.
1008 2673 1097 2728 24.
1134 2673 1223 2729 40.
1250 2674 1341 2736 Μς
1372 2682 1417 2725 et
1458 2671 1584 2726 Luc.
1614 2672 1703 2726 17.
1732 2670 1820 2726 54.
1848 2671 1918 2725 55

412 2766 542 2833 Quis
570 2766 671 2820 erit
701 2781 885 2820 eorum
914 2766 1123 2819 animus
1144 2808 1157 2829 ,
1189 2781 1308 2820 cum
1334 2765 1452 2820 illos
1483 2764 1700 2834 quidem
1739 2763 1792 2819 in
1824 2764 1991 2818 altum

416 2857 549 2921 tolli,
569 2872 628 2911 se
657 2872 785 2911 vero
804 2857 999 2911 dimitti
1026 2856 1294 2911 viderint?
1319 2871 1496 2911 annon
1525 2856 1717 2926 quavis
1746 2855 1992 2926 gehenna

416 2948 703 3002 terribilius
752 2957 1002 3017 poterunt
1048 2947 1163 3002 haec
1202 2957 1507 3017 perterrere
1526 2948 1549 3001 ?
1571 2947 1840 3002 Ponamus
1865 2962 1994 3017 ergo

414 3038 591 3092 verbis
613 3039 722 3107 jam
753 3039 853 3094 hoc
875 3038 1085 3094 adesse.
1128 3039 1184 3095 Si
1213 3038 1355 3094 enim
1396 3054 1543 3094 mors
1576 3040 1875 3109 repentina,
1908 3039 1993 3093 vel

414 3130 465 3182 in
496 3130 713 3185 utbibus
740 3140 898 3185 terrm
922 3140 1115 3195 motus,
1147 3140 1201 3185 et
1227 3131 1384 3185 mina:
1420 3132 1491 3186 ita
1522 3139 1735 3186 nostros
1758 3130 1996 3184 afficiunt

413 3222 621 3276 animos
646 3240 659 3276 :
690 3221 904 3291 quando
933 3221 1223 3276 viderimus
1251 3221 1528 3277 effractam
1558 3230 1779 3288 terram,
1810 3230 1865 3276 et
1890 3220 1995 3276 illis

413 3314 661 3369 munibus
681 3315 937 3383 repletam
958 3331 973 3379 ;
995 3314 1208 3384 quando
1235 3314 1390 3369 tubas
1415 3314 1760 3379 audierimus,
1780 3313 1995 3383 quando

412 3404 721 3472 archangeli
750 3420 934 3459 vocem
963 3405 1151 3474 quavis
1178 3406 1300 3460 tuba
1331 3405 1647 3470 clariorem,
1677 3405 1891 3475 quando
1916 3408 1992 3460 vi-

411 3493 647 3546 derimus
693 3493 881 3547 cadum
922 3494 1205 3558 contrahi,
1228 3494 1440 3563 quando
1467 3495 1639 3564 ipsum
1661 3496 1852 3552 adesse
1877 3512 1994 3551 0m-

415 3586 558 3639 nitnu
583 3585 782 3656 Regem
814 3586 1001 3653 Deunt,
1029 3588 1147 3657 quis
1178 3588 1280 3643 erit
1309 3589 1463 3643 nobis
1491 3589 1742 3645 animus?
1765 3590 1995 3646 Ilorrea-

413 3691 553 3740 mus,
578 3691 725 3746 rogo,
752 3685 806 3730 et
825 3678 1256 3742 extimescamus,
1276 3687 1543 3748 tamquam
1570 3681 1683 3734 haec
1704 3680 1815 3748 jam
1842 3682 1991 3734 fiant.

411 3767 490 3823 Ne
533 3768 789 3824 dilatione
826 3777 880 3824 et
927 3785 1077 3824 mora
1124 3785 1222 3824 nos
1252 3770 1396 3838 ipsos
1433 3771 1777 3825 consolemur
1810 3790 1823 3826 :
1857 3788 1979 3826 naut

411 3878 534 3916 cum
564 3863 782 3915 omnino
808 3862 926 3918 ﬁeri
948 3871 1227 3933 oporteat,
1254 3862 1383 3917 nihil
1409 3862 1561 3933 juvat
1590 3863 1795 3919 dilatio.
1823 3864 1993 3932 Quan-

414 3964 499 4007 tus
544 3961 667 4008 tunc
711 3964 794 4008 est
846 3963 1066 4021 tremor,
1112 3964 1345 4024 quantus
1375 3956 1594 4009 metus?
1627 3954 1845 4010 Vidistis
1886 3957 1990 4011 ali-

412 4043 627 4114 quando
655 4060 749 4100 eos
774 4046 863 4115 qui
892 4044 1228 4100 abducuntur
1256 4044 1323 4099 ad
1355 4046 1625 4101 mortem?
1667 4061 1774 4117 quo
1813 4048 1994 4104 animo

413 4151 509 4190 eos
537 4150 655 4191 esse
683 4136 878 4204 putatis
907 4136 1271 4204 ingredientes
1297 4137 1434 4190 viam
1466 4152 1632 4206 usque
1657 4137 1723 4191 ad
1758 4148 1992 4209 portam,

413 4240 543 4298 quot
564 4229 826 4283 mortibus
856 4245 959 4283 non
990 4230 1262 4301 pejorem?
1288 4230 1414 4302 quid
1445 4247 1549 4286 non
1577 4232 1771 4303 eligant
1792 4242 1847 4287 et
1870 4248 1994 4303 age-

414 4336 475 4375 re
544 4330 598 4375 et
625 4321 730 4390 pati
764 4331 819 4374 ut
850 4321 917 4375 ab
965 4322 1050 4376 illa
1094 4322 1389 4377 liberentur
1435 4323 1664 4395 caligine
1712 4334 1766 4379 et
1811 4325 1993 4381 nube?

415 4415 528 4485 Ego
554 4415 749 4468 multos
776 4414 955 4468 audivi
995 4419 1085 4484 qui
1114 4414 1458 4486 Imperatoris
1484 4416 1769 4471 clementia
1794 4457 1809 4480 ,
1844 4425 1992 4487 post-

412 4520 573 4575 quam
622 4504 835 4559 abducti
880 4507 1126 4569 fuerant,
1174 4516 1329 4561 erant
1372 4509 1647 4573 revocati,
1703 4508 1846 4579 quod
1895 4523 1995 4564 nec

416 4600 660 4654 homines
687 4599 917 4654 viderint
960 4608 1227 4671 tamquam
1258 4600 1500 4655 homines
1530 4619 1544 4656 :
1572 4602 1708 4657 adeo
1734 4612 1851 4658 erat
1881 4612 1996 4656 tur-

413 4692 570 4747 batus
613 4701 671 4748 et
708 4693 1039 4762 stupefactus
1084 4702 1140 4748 et
1175 4702 1385 4748 emotus
1429 4694 1659 4749 animus.
1703 4694 1758 4751 Si
1786 4710 1884 4751 nos
1921 4696 1992 4751 ita

415 4792 583 4837 terret
620 4799 765 4838 mors
813 4783 1149 4853 corporalis;
1203 4785 1414 4853 quando
1444 4784 1721 4841 advenerit
1747 4797 1949 4842 aeterna
1972 4829 1987 4852 ,

413 4872 684 4944 quomodo
711 4872 912 4928 erimus
941 4872 1159 4928 affecti?
1196 4872 1265 4929 Et
1298 4874 1428 4945 quid
1460 4874 1580 4930 dico
1602 4876 1669 4931 de
1695 4877 1759 4932 iis
1785 4877 1875 4949 qui
1922 4878 1990 4933 ad

416 4975 644 5019 mortem
684 4964 1059 5020 abducuntur?
1101 4975 1225 5021 tunc
1266 4982 1361 5021 eos
1401 4967 1746 5023 circumsistit
1786 4970 1941 5025 turba
1971 5012 1986 5036 ,

414 5057 597 5126 plures
651 5057 796 5127 ipsos
846 5057 1171 5127 ignorantes.
1236 5058 1292 5111 Si
1352 5058 1473 5129 quis
1530 5068 1708 5114 tamen
1771 5061 1985 5116 illorum

414 5149 625 5204 animos
686 5150 1173 5219 circumspexerit,
1238 5166 1397 5207 nemo
1448 5161 1530 5208 est
1582 5152 1718 5208 adeo
1769 5167 1987 5221 saevus,

416 5255 574 5297 nemo
618 5251 725 5296 tam
776 5241 901 5296 forti
943 5250 999 5296 et
1041 5258 1236 5313 magno
1264 5244 1478 5307 animo,
1520 5243 1611 5312 qui
1658 5259 1765 5299 non
1812 5246 1985 5315 ipsam

417 5334 607 5388 habeat
631 5333 863 5389 animam
892 5344 1290 5391 consternatam
1330 5351 1393 5391 ac
1426 5336 1713 5407 dejectam,
1745 5348 1801 5393 et
1838 5351 1986 5393 metu

415 5436 468 5478 et
513 5426 826 5495 a'gritudine
860 5426 1195 5481 dissolutam.
1224 5426 1280 5483 Si
1320 5438 1497 5482 autem
1536 5428 1654 5483 aliis
1676 5429 1813 5484 hanc
1842 5445 1990 5485 mor-

413 5522 519 5567 tem
567 5516 981 5585 suscipientibus
1018 5532 1138 5588 qua:
1165 5532 1194 5571 a
1233 5531 1423 5572 somno
1467 5518 1600 5573 nihil
1646 5518 1859 5586 differt,
1908 5521 1979 5575 ita

412 5604 718 5660 afficiuntur
760 5607 848 5676 qui
891 5607 1008 5677 ejus
1048 5623 1157 5663 non
1199 5618 1325 5663 sunt
1367 5609 1651 5680 participes
1696 5628 1710 5665 :
1759 5611 1973 5681 quando

413 5711 512 5750 nos
540 5696 637 5766 ipsi
669 5698 719 5751 in
739 5700 937 5768 majora
967 5699 1328 5764 incideritnus,
1366 5702 1634 5771 quomodo
1675 5717 1772 5757 nos
1814 5701 1985 5759 habe-

410 5786 623 5844 bimus?
678 5789 795 5847 Non
846 5800 1060 5863 potest,
1112 5808 1219 5848 non
1270 5802 1475 5864 potest,
1520 5793 1762 5862 credite,
1803 5792 1978 5851 verbis

1181 354 1246 410 IN
1284 352 1499 412 EPIST.
1541 353 1583 409 I.
1624 354 1717 410 AD
1754 351 2081 409 TIIESSAL.
2119 351 2279 407 CAP.
2320 351 2408 408 IV.
2453 352 2685 411 HOMIL.
2729 354 2861 412 VIII.

3564 356 3674 417 442

2090 466 2344 536 explicari
2392 468 2662 537 quomodo
2698 469 3014 525 afficiemur.
3068 471 3261 539 Certe,
3308 472 3519 550 inquit;
3571 475 3668 528 sed

2094 556 2235 612 Deus
2257 566 2341 613 est
2365 559 2603 615 clemens
2629 569 2685 615 et
2722 561 3049 626 misericors,
3078 570 3135 618 et
3157 562 3352 619 horum
3381 565 3515 619 nihil
3540 577 3668 621 erit.

2090 648 2232 721 Ergo
2276 649 2391 705 haec
2438 651 2632 707 frustra
2681 654 2879 724 scripta
2926 655 3089 710 sunt?
3143 653 3262 711 Non
3314 657 3519 728 inquit,
3573 659 3668 713 sed

2090 758 2259 812 usque
2306 743 2373 798 ad
2418 745 2591 799 minas
2637 746 2809 801 solum
2860 747 3153 816 procedet,
3185 759 3244 803 ut
3286 750 3579 819 sapiamus.
3613 750 3671 807 Si

2088 849 2220 905 ergo
2244 850 2350 890 non
2380 837 2670 905 sapiamus,
2698 837 2794 893 sed
2821 838 2944 892 mali
2968 854 3090 894 esse
3118 854 3427 911 pergamus,
3459 858 3566 895 non
3595 842 3677 897 in-

2092 922 2246 991 feret,
2276 925 2364 980 dic
2388 926 2540 994 mihi,
2560 929 2912 998 supplicium?
2940 930 3083 1000 Ergo
3100 946 3200 987 nec
3225 932 3393 987 bonos
3418 948 3673 988 remune-

2092 1015 2316 1070 rabitur.
2338 1017 2519 1085 Certe,
2553 1019 2724 1088 inquit
2754 1038 2767 1074 :
2796 1020 2944 1075 illum
2974 1023 3116 1077 enim
3138 1022 3293 1079 decet
3318 1025 3480 1079 etiam
3505 1038 3668 1093 supra

2092 1107 2282 1162 merita
2326 1107 2543 1166 afficere
2586 1110 2883 1167 beneficiis.
2930 1114 3289 1181 Quamobrem
3328 1116 3415 1170 illa
3453 1116 3670 1186 quidem

2092 1216 2238 1268 vera,
2266 1212 2320 1256 et
2347 1204 2569 1258 omnino
2618 1214 2955 1276 eruut;qu:e
2998 1206 3066 1261 ad
3103 1207 3360 1277 supplicia
3386 1219 3567 1263 autem
3590 1218 3670 1263 at-

2094 1294 2284 1362 tinent,
2338 1311 2444 1351 non
2487 1306 2646 1353 erunt
2686 1298 2931 1364 omnino,
2975 1298 3070 1354 sed
3101 1309 3224 1354 sunt
3245 1301 3418 1355 soluat
3450 1312 3671 1371 propter

2092 1386 2265 1440 minas
2290 1396 2344 1441 et
2370 1388 2606 1442 metum?
2648 1389 2928 1457 Quomodo
2954 1391 3054 1444 sim
3082 1390 3234 1446 vobis
3276 1406 3630 1461 persuasurus
3654 1431 3671 1454 .

2092 1478 2296 1533 nescio.
2326 1477 2384 1535 Si
2418 1479 2606 1534 dixero
2647 1480 2791 1551 quod
2821 1481 3023 1535 vermis
3048 1497 3235 1536 eorum
3260 1497 3368 1537 non
3390 1482 3671 1547 morietur,

2093 1578 2148 1623 et
2189 1568 2328 1639 ignis
2368 1584 2477 1625 non
2525 1571 2892 1641 exstinguetur
2942 1570 3135 1642 (Marc.
3165 1571 3219 1627 9.
3248 1573 3381 1643 45);
3413 1573 3457 1628 si
3484 1573 3675 1629 dixero

2094 1661 2235 1731 quod
2258 1660 2590 1717 descendent
2616 1665 2668 1717 in
2698 1663 2874 1733 ignem
2902 1671 3193 1727 aeternum;
3222 1664 3266 1742 si
3289 1664 3562 1720 adduxere
3586 1663 3675 1719 di-

2094 1754 2258 1808 vitem
2284 1752 2377 1823 qui
2399 1752 2509 1824 jam
2540 1753 2779 1823 punitur,
2807 1754 2979 1809 minas
3015 1769 3077 1810 ea
3103 1769 3225 1810 esse
3258 1754 3447 1810 dicetis
3471 1757 3673 1810 omnia.

2094 1844 2374 1914 Quomodo
2402 1860 2530 1916 ergo
2556 1846 2707 1901 vobis
2738 1845 3106 1916 persuadebo?
3138 1846 3262 1901 Haec
3297 1855 3383 1902 est
3418 1847 3564 1902 enim
3590 1862 3677 1901 sa-

2096 1936 2270 1990 tanica
2298 1936 2574 2006 cogitatio,
2607 1934 2846 1992 inutilem
2870 1938 3120 2008 prmbens
3145 1941 3398 2007 gratiam,
3424 1938 3676 2008 ignavos-

2094 2041 2201 2096 que
2227 2025 2460 2081 reddens
2502 2037 2557 2081 et
2603 2027 2837 2082 desides.
2880 2028 3161 2096 Quomodo
3187 2044 3304 2083 eam
3335 2029 3678 2086 eximemus?

2098 2118 2464 2187 Quaecumque
2503 2118 2747 2175 dicemus
2786 2135 2852 2175 ex
2900 2121 3210 2191 Scripturis,
3247 2137 3311 2178 ea
3341 2122 3532 2177 dicetis
3557 2138 3679 2179 esse

2095 2211 2289 2265 minas.
2313 2210 2422 2266 Sed
2443 2211 2546 2266 hoc
2573 2212 2797 2282 quidem
2827 2212 3026 2267 dixeris
3056 2213 3122 2266 de
3152 2212 3380 2279 futuris;
3409 2214 3503 2269 sed
3525 2215 3593 2269 de
3615 2214 3680 2270 iis

2095 2315 2214 2371 qua:
2254 2311 2551 2357 evenerunt
2592 2313 2648 2358 et
2687 2303 2754 2357 ad
2800 2302 2960 2357 ﬁdem
3002 2314 3393 2373 pervenerunt,
3437 2306 3676 2360 minime.

2094 2393 2399 2448 Audivistis
2442 2407 2630 2448 omnes
2654 2394 2723 2449 de
2747 2394 2949 2448 diluvio
2977 2412 2992 2448 :
3023 2410 3151 2449 num
3183 2395 3272 2449 illa
3300 2411 3512 2467 quoque
3536 2396 3677 2451 dicta

2096 2493 2219 2537 sunt
2260 2493 2479 2554 propter
2525 2485 2735 2539 minas?
2788 2500 2972 2540 annon
3015 2495 3070 2541 et
3106 2495 3404 2541 evenerunt
3444 2497 3501 2543 et
3543 2488 3681 2543 facta

2096 2577 2264 2632 sunt?
2295 2576 2572 2646 Ejusmodi
2603 2577 2770 2632 multa
2806 2577 2884 2631 illi
2922 2594 3135 2648 quoque
3165 2578 3434 2645 dicebant,
3463 2588 3518 2634 et
3556 2595 3678 2635 cum

2096 2678 2310 2725 centum
2331 2684 2593 2724 annorum
2619 2670 2793 2741 spatio
2820 2669 3174 2727 fabricaretur
3190 2687 3335 2737 arca,
3360 2680 3417 2727 et
3438 2674 3681 2744 compin—

2097 2770 2348 2830 gerentur
2390 2760 2566 2830 ligna,
2625 2770 2680 2815 et
2715 2760 2897 2830 justus
2940 2762 3221 2829 clamaret,
3261 2778 3420 2818 nemo
3445 2772 3563 2819 erat
3590 2766 3680 2832 qui

2102 2852 2347 2907 crederet
2381 2870 2394 2906 :
2425 2851 2522 2906 sed
2549 2852 2801 2921 quoniam
2839 2868 2947 2908 non
2997 2854 3344 2910 crediderunt
3373 2856 3532 2910 minis
3560 2872 3680 2925 qua:

2097 2942 2297 2997 fiebant
2324 2944 2523 3007 verbis,
2553 2945 2716 3000 rebus
2743 2944 2873 3014 ipsis
2894 2944 3174 3000 subierunt
3196 2946 3537 3016 supplicium.
3570 2947 3683 3003 Iloe

2099 3035 2272 3103 ipsum
2318 3050 2531 3106 quoque
2575 3035 2733 3092 nobis
2772 3036 3002 3105 accidet,
3036 3039 3081 3091 si
3126 3053 3233 3092 non
3259 3037 3675 3093 crediderimus.

2098 3127 2385 3197 Propterea
2416 3129 2532 3199 ejus
2562 3145 2775 3200 quoque
2819 3128 3111 3185 adventum
3161 3140 3439 3201 comparat
3490 3130 3680 3186 diebus

2100 3217 2237 3282 Noe;
2281 3220 2539 3288 quoniam
2586 3219 2723 3274 sicut
2763 3220 2839 3274 illi
2866 3220 3068 3274 diluvio
3096 3220 3314 3290 quidam
3354 3236 3460 3275 non
3505 3221 3683 3276 credi-

2098 3310 2313 3379 derunt,
2349 3312 2419 3366 ita
2442 3312 2602 3367 etiam
2627 3311 2829 3367 diluvio
2853 3312 3133 3382 gehennae.
3158 3312 3321 3367 Illane
3346 3323 3473 3368 sunt
3499 3313 3679 3380 minte,

2098 3419 2277 3459 annon
2320 3420 2505 3460 revera
2535 3404 2675 3459 facta
2710 3404 2874 3459 sunt?
2926 3404 3127 3459 Deinde
3170 3406 3261 3474 qui
3304 3414 3410 3459 tam
3463 3417 3685 3474 repente

2100 3494 2280 3548 intulit
2319 3495 2672 3563 supplicium,
2725 3509 2833 3549 non
2878 3496 3046 3549 multo
3078 3495 3247 3566 magis
3290 3512 3431 3551 nunc
3470 3512 3685 3566 quoque

2099 3587 2336 3642 inferet?
2380 3603 2487 3642 non
2534 3587 2676 3641 enim
2705 3602 2824 3657 qua:
2857 3603 2998 3641 nunc
3024 3586 3193 3652 fiunt,
3225 3598 3352 3642 sunt
3379 3589 3586 3643 minora
3620 3590 3684 3643 iis

2098 3695 2216 3748 quae
2242 3688 2368 3733 tunc
2397 3679 2614 3735 ﬁebant.
2647 3679 2970 3747 Quomodo?
3022 3679 3172 3734 Tunc
3202 3679 3456 3748 ingressi,
3483 3680 3676 3750 inquit,

2100 3779 2227 3825 sunt
2258 3769 2351 3824 filii
2382 3770 2475 3824 Dei
2516 3770 2583 3824 ad
2619 3770 2757 3826 filias
2783 3768 3061 3824 hominum
3085 3769 3236 3841 (Gen.
3264 3770 3317 3825 6.
3352 3768 3444 3840 2);
3495 3780 3551 3825 et
3593 3787 3681 3849 res

2106 3860 2283 3929 gravis
2309 3869 2429 3915 erat
2455 3859 2547 3914 ille
2578 3860 2895 3915 concubitus
2922 3878 2933 3913 :
2964 3875 3110 3915 nunc
3150 3872 3328 3916 autem
3362 3861 3568 3916 nullum
3601 3872 3685 3918 est

2100 3965 2269 4021 genus
2298 3950 2410 4005 vitii
2434 3961 2488 4005 et
2508 3951 2731 4005 sceleris
2761 3950 2903 4021 quod
2932 3966 3037 4005 non
3069 3951 3399 4005 admittatur.
3423 3952 3683 4006 Creditis-

2101 4060 2171 4099 ne
2199 4045 2365 4099 fuisse
2408 4044 2694 4108 diluvium,
2726 4060 2794 4098 an
2826 4044 2878 4099 id
2915 4047 3065 4099 vobis
3091 4043 3300 4099 videtur
3336 4059 3457 4099 esse
3497 4047 3686 4115 nogw?

2103 4135 2261 4207 Atqui
2290 4144 2345 4191 et
2391 4146 2601 4191 montes
2632 4137 2684 4191 in
2710 4137 2903 4207 quibus
2928 4137 3078 4192 stetit
3103 4151 3261 4203 arca,
3303 4135 3357 4192 id
3398 4146 3680 4203 testantur,

2104 4238 2337 4293 montes,
2370 4228 2607 4299 inquam,
2640 4230 2932 4284 Armeniae.

2171 4321 2223 4375 '5.
2253 4318 2332 4374 De
2367 4320 2705 4375 Sodomorum
2738 4320 3073 4376 luem—Sed
3101 4336 3167 4375 ex
3196 4320 3381 4387 multa,
3404 4336 3523 4392 qua:
3551 4322 3684 4376 mihi

2099 4413 2332 4482 suppetit
2355 4453 2370 4479 ,
2400 4412 2551 4482 copia
2582 4412 2651 4466 ad
2679 4413 2904 4467 alterum
2932 4414 3035 4467 hoc
3063 4412 3396 4469 manifestius
3422 4414 3684 4469 deducam

2098 4504 2415 4558 orationem.
2444 4503 2886 4573 Peregrinatusne
2911 4515 2993 4559 est
3018 4520 3083 4559 ex
3112 4504 3261 4560 vobis
3287 4507 3549 4575 quispiam
3576 4523 3685 4561 utn-

2098 4610 2257 4663 quam
2288 4595 2340 4647 in
2369 4593 2691 4649 Palaestina?
2719 4594 2836 4649 Jam
2864 4595 3005 4650 enim
3028 4610 3134 4649 non
3161 4596 3387 4665 amplius
3411 4596 3570 4652 verba
3599 4598 3685 4653 di-

2098 4701 2237 4752 cam,
2265 4685 2358 4740 sed
2385 4685 2520 4740 facta
2550 4704 2563 4739 :
2588 4700 2908 4757 quamquam
2933 4686 3094 4742 etiam
3135 4687 3311 4757 priora
3342 4698 3496 4743 erant
3523 4689 3684 4745 rebus

2098 4780 2228 4849 ipsis
2253 4779 2580 4835 evidentiam
2606 4797 2620 4835 :
2648 4795 2770 4834 nam
2795 4796 2913 4851 quae
2940 4780 3135 4835 dixerit
3156 4780 3450 4851 Scriptura,
3473 4798 3534 4838 ea
3560 4794 3684 4838 sunt

2099 4873 2185 4939 iis,
2202 4889 2319 4943 qua:
2341 4873 2605 4937 videntur,
2624 4872 2978 4929 credibiliora.
2999 4873 3439 4945 Peregrinatusne
3454 4885 3537 4930 est
3554 4891 3684 4946 ergo

2098 4980 2165 5021 ex
2194 4965 2346 5019 vobis
2373 4965 2635 5035 quispiam
2665 4965 2717 5019 iu
2744 4965 3065 5020 Palaestina?
3105 4981 3203 5036 ego
3229 4965 3442 5035 quidem
3469 4968 3681 5036 Opinor.

2097 5058 2235 5126 Quid
2264 5057 2432 5128 ergo?
2461 5058 2568 5113 Vos
2596 5058 2683 5128 qui
2710 5058 2797 5113 illa
2825 5058 2940 5113 loca
2964 5058 3188 5122 vidistis,
3218 5060 3352 5115 ferte
3380 5060 3509 5114 mihi
3538 5062 3684 5114 testi-

2096 5151 2336 5205 monium
2364 5149 2505 5220 apud
2534 5164 2628 5205 eos
2654 5151 2745 5222 qui
2774 5149 2881 5204 illic
2910 5166 3015 5205 non
3049 5149 3282 5204 fuerunt.
3316 5151 3485 5220 Supra
3518 5151 3685 5206 Asca-

2096 5240 2273 5295 lonem
2304 5250 2359 5295 et
2383 5240 2601 5306 Gazam,
2629 5241 2719 5295 tibi
2744 5240 2943 5296 desinit
2964 5240 3211 5297 Iordanis
3237 5241 3448 5308 ﬂuvius,
3471 5250 3556 5297 est
3577 5257 3685 5297 man

2096 5347 2197 5403 gna
2233 5332 2378 5403 regio
2407 5343 2461 5387 et
2500 5332 2725 5399 fertilis;
2756 5333 2865 5387 imo
2890 5347 3018 5388 vero
3047 5343 3198 5398 erat;
3227 5348 3369 5388 nunc
3403 5334 3544 5388 enim
3572 5348 3681 5389 non

2096 5433 2179 5477 est
2206 5440 2219 5477 :
2249 5423 2361 5491 ipsa
2388 5438 2517 5493 ergo
2545 5434 2659 5479 erat
2687 5432 2746 5479 ut
2774 5423 3089 5494 paradisus:
3127 5422 3265 5478 Vidit
3292 5425 3456 5492 enim,
3486 5425 3679 5496 inquit,

2096 5512 2193 5567 Lat
2218 5515 2502 5568 universam
2527 5515 2661 5568 circa
2684 5514 2965 5569 Iordanem
2988 5515 3263 5586 regionem,
3290 5525 3337 5570 et
3361 5530 3468 5571 erat
3486 5518 3682 5588 irrigua

2094 5605 2224 5659 sicut
2252 5603 2349 5658 Dei
2375 5606 2644 5674 paradisus
2672 5604 2824 5675 (Gen.
2855 5607 2942 5661 I5.
2974 5605 3085 5677 10).
3121 5605 3234 5676 Ipsa
3262 5622 3390 5678 ergo
3418 5625 3537 5679 qua:
3562 5619 3681 5664 erat

2094 5699 2229 5754 adeo
2268 5698 2453 5754 florida
2478 5741 2493 5767 ,
2522 5709 2577 5755 et
2612 5715 2734 5755 cum
2770 5699 3019 5755 omnibus
3054 5701 3292 5757 certabat
3328 5702 3635 5773 regionibus
3659 5746 3677 5771 ,

2096 5808 2213 5864 qua:
2238 5790 2510 5850 fertilitate
2539 5793 2781 5865 aequabat
2807 5793 2898 5850 Dei
2928 5791 3253 5865 paradisum,
3282 5805 3366 5853 est
3394 5811 3533 5854 nunc
3564 5797 3681 5869 qui-
