4114 6396
476 348 577 404 643

476 464 653 519 ImsVis
676 464 905 521 desertis
934 464 1197 523 desertior
1220 486 1235 520 :
1257 477 1313 523 et
1340 477 1484 521 stant
1511 466 1753 529 arbores,
1779 472 1835 519 et
1860 462 2059 518 habent

470 558 702 613 fructum
739 556 755 614 ἐ
787 558 991 615 fructus
1034 568 1212 615 autem
1250 568 1335 616 est
1377 560 1469 614 ira:
1512 558 1605 614 Dei
1649 556 2057 612 monimentum.

469 649 624 704 Stant
654 651 795 705 enim
817 651 954 706 mala
979 652 1163 720 punica
1188 667 1204 714 ;
1236 652 1455 721 lignum,
1482 650 1718 720 inquam,
1741 657 1796 704 et
1819 648 2054 712 fructus;

470 759 593 809 quae
624 744 933 811 praeclaram
962 742 1159 798 habent
1188 744 1420 812 speciem
1450 753 1502 796 et
1527 742 1846 797 exteriorem
1872 754 2057 809 super-

472 834 646 886 ﬁciem
667 874 682 895 .
716 843 768 889 et
798 835 1059 904 ignoranti
1090 835 1331 903 praebent
1371 833 1563 888 bonam
1594 848 1742 903 spem
1778 849 1793 887 :
1824 832 1866 887 si
1906 847 2057 887 sum-

472 934 577 995 pta:
613 936 789 979 autem
822 926 1015 981 fuerint
1043 928 1094 980 in
1127 942 1314 981 manus
1338 968 1352 990 ,
1385 926 1567 980 fracta:
1607 926 1810 981 nullum
1840 926 2054 998 quidem

472 1019 723 1081 fructum,
748 1016 842 1072 sed
870 1019 1093 1073 multum
1120 1018 1410 1073 ostendunt
1439 1018 1708 1088 pulverem
1738 1028 1795 1074 et
1821 1020 2053 1073 cinerem

471 1109 615 1162 intus
644 1110 957 1178 repositum.
989 1110 1132 1164 Talis
1157 1120 1240 1164 est
1268 1110 1513 1165 universa
1544 1119 1686 1165 terra
1715 1127 1727 1163 :
1758 1119 1811 1165 et
1835 1111 1879 1165 si
1911 1111 2057 1165 inve-

472 1200 614 1254 neris
642 1200 893 1270 lapidem,
917 1201 1155 1256 invenies
1180 1203 1451 1272 cppletum
1475 1202 1675 1258 cinere.
1703 1202 1768 1257 Et
1790 1202 1915 1272 quid
1936 1202 2057 1257 dico

469 1290 699 1359 lapidem
728 1301 782 1346 et
808 1291 950 1361 ligna
978 1302 1033 1345 et
1073 1301 1269 1346 terram
1295 1333 1311 1359 ,
1340 1308 1461 1347 cum
1488 1302 1542 1347 et
1570 1307 1663 1347 aer
1688 1302 1744 1347 et
1769 1307 1921 1362 aqua:
1950 1294 2057 1347 sint

470 1382 754 1451 participes
780 1382 1137 1438 calamitatis’
1162 1383 1309 1439 Sicut
1337 1386 1479 1439 enim
1517 1386 1690 1440 exusti
1728 1385 1969 1456 corporis
1996 1385 2052 1439 ﬁ-

465 1488 595 1544 gura
623 1472 836 1543 quidem
868 1484 921 1529 et
948 1483 1107 1545 typus
1135 1485 1316 1529 manet
1343 1474 1395 1529 in
1426 1484 1645 1545 aspectu
1677 1475 1833 1547 ignis,
1861 1485 1919 1533 et.
1943 1492 2056 1531 ma-

466 1566 688 1637 gnitudo
717 1575 771 1620 et
803 1567 1109 1636 proportio,
1149 1570 1321 1622 virtus
1358 1576 1538 1622 autem
1576 1567 1796 1623 minime
1825 1585 1839 1623 :
1870 1569 1939 1623 ita
1968 1567 2055 1624 hic

467 1676 680 1731 quoque
724 1670 921 1716 terram
961 1661 1175 1732 quidem
1223 1661 1350 1718 licet
1390 1662 1606 1727 videre,
1636 1662 1729 1716 sed
1763 1678 1882 1733 qua:
1922 1662 2055 1717 nihil

467 1752 662 1807 habeat
688 1763 865 1819 terrae,
890 1752 983 1808 sed
1010 1752 1187 1807 omnia
1209 1753 1444 1809 cinerem
1470 1771 1483 1815 ;
1511 1754 1731 1809 arbores
1750 1764 1799 1809 et
1826 1750 2051 1821 fructus,

466 1844 562 1899 sed
589 1859 708 1914 quae
734 1845 867 1899 nihil
899 1844 1129 1899 habeant
1166 1846 1417 1900 arborum
1447 1852 1502 1901 et
1528 1844 1790 1900 fructuum
1817 1861 1832 1910 ;
1873 1858 2054 1900 aerem

467 1944 523 1989 ct
554 1949 744 2005 aquam
770 1976 786 2000 ,
816 1935 911 1990 sed
949 1952 1068 2007 quae
1114 1935 1245 1990 nihil
1292 1935 1522 1991 habeant
1553 1937 1694 1993 aeris
1734 1952 1833 1992 nec
1860 1952 2051 2006 aquae;

468 2041 591 2080 nam
618 2041 679 2082 ea
710 2042 921 2097 quoque
953 2038 1078 2082 sunt
1121 2028 1333 2099 oppleta
1368 2029 1569 2084 cinere.
1600 2027 1761 2099 Atqui
1785 2028 2056 2099 quomodo

468 2134 563 2173 aer
608 2119 842 2189 potuerit
883 2119 1167 2189 aliquando
1192 2106 1451 2176 comburi
1478 2162 1493 2189 ,
1525 2129 1580 2177 et
1616 2136 1751 2192 aqua
1785 2120 2056 2193 quomodo

468 2226 694 2265 manens
721 2212 895 2281 aqua?
919 2227 1040 2267 nam
1075 2212 1154 2266 uri
1184 2212 1399 2282 quidem
1441 2224 1665 2284 possunt
1707 2215 1844 2285 ligna
1882 2223 1937 2270 et
1980 2214 2055 2269 la-

471 2301 619 2370 pides
642 2318 657 2366 ;
686 2318 778 2358 aer
801 2313 975 2359 autem
998 2312 1051 2360 et
1074 2319 1208 2374 aqua
1238 2305 1456 2359 minime
1482 2316 1728 2374 possunt.
1756 2306 1918 2362 Nobis
1937 2306 2055 2377 qui-

466 2392 589 2446 dem
623 2409 727 2447 nou
771 2405 1031 2464 possunt;
1064 2396 1110 2451 ei
1153 2405 1328 2450 autem
1358 2396 1446 2466 qui
1480 2397 1591 2466 ipsa
1617 2397 1779 2464 fecit,
1810 2408 2052 2468 possunt.

467 2483 607 2539 Nihil
636 2495 718 2541 est
741 2501 871 2557 ergo
897 2487 1039 2542 aliud
1079 2502 1175 2543 aer
1210 2503 1371 2558 quam
1404 2488 1587 2543 fornax
1611 2529 1626 2555 ,
1657 2489 1843 2546 fornax
1870 2504 2005 2559 aqua
2036 2507 2054 2544 :

467 2578 649 2634 omnia
688 2578 992 2650 iufrugifera
1014 2623 1030 2646 ,
1060 2581 1236 2635 omnia
1284 2596 1388 2635 nou
1429 2582 1677 2651 genitalia
1700 2623 1714 2648 ,
1743 2583 1920 2638 omnia
1960 2583 2055 2638 ira:

467 2673 710 2740 pristinre
752 2674 1041 2744 imagines,
1083 2673 1273 2728 futura:
1313 2673 1527 2728 iudicia.
1569 2676 1651 2728 An
1693 2673 1806 2729 htec
1844 2690 2056 2745 quoque

467 2776 594 2822 sunt
622 2766 829 2820 mium?
866 2781 932 2819 au
973 2780 1137 2820 sonus
1166 2776 1370 2820 tantum
1409 2765 1694 2820 verborum
1716 2767 1739 2820 ?
1764 2765 1896 2820 Nam
1925 2766 2056 2821 mihi

469 2859 684 2929 quidem
711 2874 882 2927 neque
921 2859 1096 2928 priora
1124 2867 1248 2913 sunt
1278 2858 1647 2926 incredibilia,
1675 2859 1770 2914 sed
1810 2860 2057 2915 similiter

469 2959 631 3019 atque
651 2966 768 3020 quae
794 2949 1043 3005 videntur
1062 2967 1179 3021 qum
1205 2967 1310 3006 non
1336 2951 1586 3007 videntur
1604 2959 1731 3007 sunt
1748 2952 2057 3020 credibilia;

469 3044 668 3100 inﬁdeli
700 3055 876 3100 autem
920 3044 1036 3100 lucc
1077 3045 1265 3100 saltem
1304 3046 1435 3101 satis
1476 3054 1603 3102 sunt
1642 3045 1710 3101 ad
1758 3046 2056 3103 faciendam

471 3137 653 3193 ﬁdem.
684 3137 741 3194 Si
772 3138 890 3209 quis
916 3154 1019 3194 non
1048 3137 1219 3194 credit
1242 3138 1564 3209 gehennam,
1587 3141 1785 3210 cogitet
1802 3139 2055 3208 Sodoma,

467 3232 652 3287 veniat
679 3232 727 3286 ei
757 3233 809 3287 in
839 3240 1073 3286 mentem
1104 3230 1422 3298 Gomorrha,
1451 3233 1766 3303 supplicium
1789 3233 1931 3303 quod
1958 3232 2059 3289 fuit

470 3334 527 3380 et
552 3323 727 3379 adhuc
755 3333 955 3380 manet.
984 3320 1098 3379 Hoc
1133 3335 1216 3379 est
1259 3324 1512 3379 indicium
1543 3326 1686 3396 quod
1727 3338 1964 3381 aeternus
1989 3328 2059 3381 sit

470 3416 759 3470 cruciatus.
788 3414 980 3471 Gravia
1009 3424 1133 3471 sunt
1161 3416 1274 3471 haec
1302 3434 1315 3470 :
1344 3417 1429 3472 illa
1452 3426 1629 3473 autem
1658 3434 1762 3473 non
1789 3428 1915 3474 sunt
1939 3434 2059 3489 gra-

472 3509 591 3573 via,
633 3507 847 3577 quando
883 3507 1018 3563 dicis
1061 3524 1165 3563 non
1207 3524 1326 3565 esse
1370 3510 1669 3580 gehennam
1696 3552 1711 3578 ,
1751 3511 1845 3567 sed
1891 3511 2056 3567 Deum

471 3600 811 3655 solummodo
836 3616 957 3656 esse
981 3601 1282 3658 minatum?
1307 3602 1520 3672 quando
1549 3618 1739 3658 manus
1766 3605 1942 3675 populi
1974 3620 2060 3660 te-

473 3691 625 3747 laxas
653 3709 716 3748 ac
742 3692 1030 3748 dissolvis?
1055 3694 1134 3749 Tu
1170 3711 1257 3751 me
1297 3694 1411 3751 hzec
1448 3696 1595 3766 cogis
1625 3684 1805 3753 dicere
1833 3699 1923 3769 qui
1953 3714 2058 3755 non

473 3785 666 3840 credis.
696 3785 752 3842 Si
778 3787 957 3842 verbis
982 3786 1177 3841 Christi
1205 3787 1546 3853 credidisses,
1578 3804 1684 3843 non
1716 3804 1937 3844 necesse
1966 3789 2062 3844 ha-

474 3875 710 3930 buissem
750 3892 815 3932 ex
856 3877 1016 3931 rebus
1047 3876 1201 3931 ﬁdem
1238 3876 1415 3933 facere
1444 3897 1457 3933 :
1487 3881 1737 3949 quoniam
1766 3890 1943 3935 autem
1974 3881 2059 3935 illa

475 3967 746 4038 refugisti,
794 3967 927 4023 velis
971 3968 1107 4024 nolis
1149 3968 1252 4024 illis
1294 3969 1404 4038 jam
1453 3971 1882 4040 persuadeberis.
1922 3972 2061 4039 Quid

475 4059 619 4112 enim
654 4059 817 4115 habes
854 4060 994 4130 quod
1024 4060 1169 4116 dicas
1198 4061 1266 4116 de
1292 4061 1578 4117 Sodomis?
1610 4062 1704 4117 Vis
1732 4065 1890 4119 etiam
1922 4065 2062 4120 scire

474 4165 691 4205 causam
734 4161 952 4221 propter
993 4167 1151 4222 quam
1194 4150 1308 4207 haec
1348 4164 1472 4208 tunc
1510 4152 1645 4209 facta
1684 4156 1855 4209 sunt?
1885 4154 2060 4212 Unum

476 4252 595 4295 erat
625 4251 898 4311 peccatum
920 4285 935 4310 ,
974 4258 1135 4314 grave
1170 4243 1386 4314 quidem
1427 4254 1481 4299 et
1509 4246 1893 4301 exsecrandum
1919 4289 1935 4315 ,
1966 4249 2061 4303 sed

477 4342 654 4386 tamen
685 4347 848 4387 unum
877 4349 891 4386 :
926 4348 1208 4403 puerorum
1252 4334 1441 4389 insano
1474 4337 1619 4405 capti
1657 4347 1811 4392 erant
1836 4352 2021 4393 amore
2043 4381 2060 4402 ,

477 4425 512 4481 ii
543 4426 631 4496 qui
663 4434 791 4482 tunc
816 4437 968 4482 erant
993 4443 1009 4493 ;
1042 4437 1095 4482 et
1124 4437 1406 4498 propterea
1437 4428 1533 4483 has
1561 4429 1824 4486 dederunt
1852 4446 2062 4501 punias.

478 4517 628 4574 Nunc
652 4529 829 4576 autem
854 4516 1257 4575 innumerabilia
1279 4531 1333 4575 et
1360 4522 1527 4592 paria,
1555 4532 1609 4576 et
1637 4524 1717 4577 his
1741 4523 1942 4593 majora
1969 4525 2066 4579 ad-

480 4611 762 4665 mittuntur
792 4620 1027 4681 peccata.
1058 4610 1203 4667 Itane
1232 4612 1320 4682 qui
1352 4627 1446 4681 pro
1473 4627 1581 4668 uno
1616 4624 1836 4685 peccato
1864 4624 2063 4670 tantam

479 4700 785 4757 eti'undebat
812 4703 968 4769 iram,
997 4713 1052 4759 et
1078 4720 1251 4774 neque
1277 4720 1465 4775 preces
1494 4706 1780 4762 Abrahami
1807 4710 2063 4778 respexit,

481 4809 659 4865 neque
683 4793 783 4849 Lot
810 4796 1061 4863 incolam,
1089 4796 1179 4867 qui
1208 4813 1304 4867 pro
1332 4797 1535 4854 honore
1562 4814 1722 4869 quem
1748 4800 1862 4872 ejus
1884 4800 2068 4856 habuit

480 4887 671 4947 servis.
695 4901 820 4943 suas
841 4886 975 4943 ﬁlias
1001 4889 1199 4958 probro
1223 4889 1531 4945 afﬁciendas
1561 4892 1818 4960 permisit.
1841 4907 1963 4948 cum
1990 4902 2069 4949 tot

481 4981 590 5035 sint
620 4992 858 5051 peccata,
893 4984 1112 5053 parcet?
1144 4984 1268 5038 Haec
1299 4984 1454 5055 plane
1485 4993 1610 5039 sunt
1640 4985 1880 5050 ridicula,
1914 5002 2068 5055 nugae

477 5084 532 5127 ct
563 5088 716 5129 error
745 5084 799 5129 et
823 5074 1068 5145 deceptio
1090 5075 1374 5131 diabolica.
1398 5075 1491 5131 Vis
1519 5076 1675 5130 aliam
1703 5091 1916 5147 quoque
1943 5081 2070 5134 sub-

472 5166 734 5237 jungam?
758 5165 1091 5222 Pharaonem
1118 5167 1268 5222 audis
1289 5183 1469 5238 regem
1493 5167 1863 5239 IEgypliorum
1890 5188 1905 5224 :
1929 5172 2068 5227 nosti

479 5274 607 5326 ergo
635 5266 691 5314 et
711 5273 844 5327 quas
868 5257 1016 5314 dedit
1044 5273 1231 5329 pmuas
1262 5272 1274 5311 :
1303 5257 1572 5327 quomodo
1598 5274 1717 5312 cum
1746 5260 1992 5316 curribus
2015 5270 2073 5317 et

479 5350 632 5419 equis
663 5359 717 5405 et
746 5359 859 5405 toto
886 5352 1125 5406 exercitu
1153 5350 1432 5405 demersus
1473 5350 1574 5404 fuit
1611 5351 1662 5405 in
1702 5351 1882 5408 Rubro
1913 5354 2065 5409 mari.

484 5441 574 5495 Vis
604 5442 764 5497 etiam
794 5441 896 5495 alia
931 5441 1183 5496 discere?
1212 5441 1303 5495 ille
1329 5440 1541 5511 quidem
1573 5441 1798 5498 fortasse
1826 5452 1942 5497 erat
1971 5443 2072 5497 im-

484 5535 601 5603 pius
621 5574 637 5599 ,
671 5535 780 5589 imo
808 5549 913 5588 non
946 5533 1204 5596 fortasse,
1233 5532 1325 5587 sed
1358 5547 1544 5587 revera
1575 5543 1691 5588 erat
1731 5534 1945 5605 impius.
1978 5534 2073 5590 Vis

483 5628 645 5680 etiam
692 5643 759 5681 ex
800 5627 865 5681 iis
905 5625 998 5697 qui
1045 5626 1157 5681 Deo
1198 5624 1525 5690 credebant,
1558 5633 1613 5680 et
1657 5626 1819 5679 Deum
1855 5626 2071 5696 quidem

485 5720 863 5789 sequebantur,
897 5734 1001 5774 non
1030 5730 1143 5774 erat
1172 5728 1348 5772 autem
1381 5727 1524 5773 recta
1554 5734 1739 5773 eorum
1767 5719 1889 5774 vita:
1916 5720 2072 5773 iusti-

484 5822 635 5878 tutto,
665 5811 847 5869 videre
875 5810 1133 5882 punitos?
1160 5810 1282 5867 audi
1316 5810 1537 5867 Paulum
1563 5810 1829 5868 dicentem
1854 5829 1867 5865 :
1894 5809 2071 5880 Neque

1182 349 1240 409 S.
1280 348 1554 407 JOANNIS
1591 345 2061 404 CllRYSOSTOMl
2100 345 2416 407 ARCHIEP.
2456 351 2985 409 CONSTANTINOP.

3645 354 3748 411 ιιι

2166 463 2491 533 fornicamur,
2520 468 2648 521 sicut
2674 469 2879 535 quidam
2906 484 3079 522 eorum
3110 477 3227 522 sunt
3255 467 3512 538 fornicati,
3539 478 3587 523 et
3613 485 3746 524 cecr-

2162 555 2344 608 dertmt
2381 572 2482 610 uno
2510 556 2594 611 die
2631 558 2806 629 viginti
2840 558 2937 611 tria
2964 558 3125 611 millia
3154 573 3174 612 :
3200 574 3357 628 neque
3379 576 3748 615 murmurantis

2160 646 2288 702 sicut
2312 646 2516 717 quidam
2542 665 2718 703 eorum
2750 658 3136 702 murmurarmtt
3157 691 3172 717 ,
3205 659 3250 704 et
3289 652 3547 720 perierunt
3572 651 3634 706 ab
3660 669 3749 707 ea:-

2162 737 2484 790 terminatore
2512 754 2533 793 :
2559 754 2715 809 neque
2754 747 2996 793 teutemus
3035 738 3290 794 Christum
3314 782 3331 807 ,
3371 741 3503 795 sicut
3538 743 3747 812 quidam

2160 845 2333 885 eorum
2359 840 2634 896 tentarunt,
2662 842 2708 886 et
2737 836 2993 903 perierunt
3020 850 3051 886 a
3074 833 3385 901 serpentibus
3406 835 3483 902 (ί.
3509 834 3627 889 Cor.
3654 836 3743 890 10.

2160 921 2335 991 8-l0).
2366 923 2422 978 Si
2462 932 2640 979 autem
2671 932 2875 978 tantum
2906 923 3079 995 potuit
3110 925 3385 991 scortatio,
3430 924 3475 980 si
3507 941 3747 980 murmu-

2159 1014 2330 1080 ratio,
2359 1013 2483 1084 quid
2514 1024 2694 1069 nostra
2725 1031 2831 1069 non
2868 1013 3145 1070 efﬁcient?
3170 1014 3226 1070 Si
3253 1026 3431 1070 autem
3471 1031 3577 1069 non
3606 1030 3749 1071 nunc

2159 1107 2321 1161 sumit
2348 1122 2551 1176 ptenas,
2576 1122 2644 1163 ne
2664 1107 2875 1163 mireris
2898 1124 2912 1162 :
2937 1123 3059 1162 nam
3088 1107 3163 1162 illi
3189 1108 3403 1179 quidem
3426 1124 3533 1164 non
3555 1119 3747 1164 norant

2157 1197 2498 1268 gehennam;
2530 1199 2651 1255 ideo
2688 1215 2719 1255 e
2758 1199 2985 1271 vestigio
3024 1199 3396 1256 afﬁciebantur
3434 1201 3695 1271 supplicio
3725 1221 3744 1258 :

2162 1300 2216 1345 tu
2248 1300 2421 1345 autem
2453 1289 2707 1361 quidquid
2742 1290 2980 1359 peccaris
3005 1332 3020 1355 ,
3052 1292 3261 1347 etiamsi
3293 1292 3463 1347 nullas
3493 1293 3588 1348 des
3628 1308 3744 1363 pm-

2160 1398 2290 1446 nas,
2322 1383 2431 1437 illic
2472 1382 2588 1437 lues
2628 1382 2829 1437 omnia.
2876 1383 3023 1438 Itane
3068 1382 3186 1438 illos
3220 1384 3433 1454 quidem
3463 1384 3553 1454 qui
3593 1395 3747 1439 erant

2162 1477 2510 1548 pueriliores,
2540 1486 2594 1531 et
2633 1484 2740 1531 tam
2785 1476 2949 1532 multa
2995 1486 3208 1548 peccata
3252 1494 3355 1531 non
3383 1477 3743 1543 admiserant,

2161 1578 2270 1623 tam
2294 1568 2533 1639 graviter
2559 1568 2748 1639 puniit,
2779 1567 2934 1623 nobis
2960 1577 3137 1624 autem
3167 1570 3380 1638 parcet?
3405 1568 3522 1625 Non
3550 1579 3633 1625 est
3662 1585 3744 1624 ra-

2161 1660 2290 1714 tioni
2315 1669 2754 1714 consentaneum.
2782 1658 2914 1713 Nam
2941 1659 3150 1713 etiamsi
3172 1659 3501 1729 eademqua:
3524 1660 3599 1715 illi
3623 1675 3745 1731 pec-

2157 1760 2275 1807 eata
2303 1750 2668 1812 admittamus,
2699 1749 2954 1819 majorem
2980 1765 3192 1821 pmnam
3222 1766 3512 1806 meremur.
3542 1750 3740 1819 Quam-

2158 1844 2388 1899 obrem?
2416 1843 2677 1912 Quoniam
2705 1843 2959 1913 majorem
2985 1843 3208 1915 gratiam
3236 1858 3422 1899 sumus
3448 1844 3741 1914 assequuti.

2158 1938 2382 2006 Quando
2430 1947 2606 1992 autem
2659 1937 2860 2007 majora
2902 1946 2958 1992 et
3004 1938 3154 2007 plura
3202 1954 3361 2008 quam
3410 1937 3485 1992 illi
3525 1948 3743 2008 peccata

2158 2031 2510 2097 admittimus,
2534 2044 2666 2102 quas
2693 2046 2798 2084 non
2825 2029 3031 2085 luemus
3056 2030 3275 2100 pennas?
3297 2029 3373 2084 llli
3400 2028 3594 2103 (neque
3615 2044 3745 2086 vero

2158 2124 2279 2194 quis
2304 2123 2577 2178 existimet
2605 2138 2691 2177 me
2717 2132 2809 2177 aut
2834 2138 2928 2177 eos
2954 2122 3331 2187 admirantem,
3362 2133 3454 2178 aut
3484 2124 3563 2177 eis
3591 2123 3747 2193 igno-

2158 2226 2396 2270 seentem
2427 2220 2527 2270 hoc
2547 2215 2728 2270 dicere
2752 2232 2766 2277 ;
2794 2214 2934 2270 absit
2957 2231 2970 2267 :
2999 2214 3215 2283 quando
3236 2215 3377 2269 enim
3403 2214 3544 2269 Deus
3572 2215 3742 2284 punit,

2158 2312 2248 2381 qui
2279 2312 2599 2366 contrariam
2624 2312 2725 2366 fert
2750 2311 3070 2365 sententiam
3093 2352 3108 2376 ,
3138 2309 3239 2364 hoc
3268 2316 3447 2364 mente
3472 2309 3597 2363 facit
3622 2309 3745 2362 dia-

2158 2405 2330 2460 bolica
2366 2422 2379 2459 :
2412 2420 2516 2459 non
2545 2420 2674 2475 ergo
2704 2419 2798 2459 eos
2840 2403 3063 2458 laudans
3083 2444 3099 2471 ,
3131 2418 3304 2473 neque
3342 2401 3421 2457 eis
3465 2402 3746 2472 ignescens

2160 2498 2264 2553 hoc
2283 2497 2424 2564 dico,
2442 2496 2537 2553 sed
2560 2506 2799 2552 nostrum
2818 2496 3106 2552 ostendens
3128 2495 3358 2567 vitium),
3384 2496 3480 2565 illi,
3506 2497 3745 2567 inquam,

2159 2591 2259 2645 etsi
2306 2591 2744 2655 murmurabant,
2784 2598 2841 2644 at
2881 2588 3168 2644 veniebant
3213 2589 3263 2643 in
3308 2589 3616 2655 desertum;
3646 2603 3747 2645 nos

2158 2694 2334 2739 autem
2358 2698 2481 2738 cum
2508 2690 2563 2736 et
2589 2683 2812 2751 patriam
2838 2680 3133 2735 habeamus
3153 2722 3167 2745 ,
3190 2690 3242 2735 et
3268 2680 3436 2735 simus
3469 2679 3523 2734 in
3549 2680 3747 2734 nostris

2160 2775 2384 2841 :edibus,
2410 2789 2825 2829 murmuramus.
2852 2774 2928 2828 Illi
2954 2775 3055 2828 etsi
3080 2773 3473 2832 scortabantur.
3494 2772 3543 2827 id
3568 2782 3747 2828 tamen

2160 2866 2426 2921 faciebant
2472 2881 2593 2921 cum
2642 2880 2831 2921 recens
2881 2864 3256 2919 discessissent
3300 2863 3369 2919 ab
3415 2862 3747 2935 Egyptiacis

2160 2958 2420 3021 moribus,
2444 2967 2498 3012 et
2520 2956 2657 3011 hanc
2683 2956 2855 3027 legem
2883 2972 2985 3010 non
3013 2955 3347 3021 audiissent;
3380 2969 3478 3009 nos
3510 2962 3686 3009 autem
3714 2969 3747 3008 τι

2160 3050 2453 3117 majoribus
2483 3049 2718 3118 acceptis
2746 3048 3070 3103 salutaribus
3099 3046 3348 3111 decretis,
3376 3047 3548 3116 majus
3575 3061 3749 3102 mere-

2161 3159 2283 3199 mur
2305 3144 2643 3215 supplicium.
2670 3142 2762 3197 Vis
2789 3144 2949 3198 etiam
2977 3142 3075 3196 alia
3101 3141 3285 3197 audire
3313 3157 3431 3212 quae
3456 3140 3595 3213 passi
3623 3149 3748 3196 sunt

2162 3236 2214 3291 in
2246 3236 2563 3300 Palaestina,
2607 3236 2833 3299 famem,
2878 3242 3115 3304 pestem,
3150 3233 3322 3299 bella,
3352 3234 3747 3303 captivitatem,

2162 3337 2268 3382 tam
2291 3328 2428 3397 apud
2459 3326 2798 3399 Babylonios,
2823 3342 2980 3397 quam
3008 3326 3146 3395 apud
3179 3326 3449 3397 Assyrios,
3474 3325 3610 3380 mala
3631 3324 3748 3394 qui-

2163 3420 2263 3475 bus
2293 3428 2418 3473 suut
2446 3419 2641 3485 affecti,
2666 3435 2694 3474 a
2725 3419 3122 3484 Macedonibus,
3157 3419 3257 3474 sub
3292 3419 3530 3475 Adriano
3555 3428 3611 3474 et
3637 3417 3745 3473 Ve-

2164 3510 2459 3580 Spasiano?
2490 3510 2624 3564 Volo
2664 3508 2780 3575 tibi,
2813 3526 2845 3564 ο
2875 3510 3089 3578 dilecte,
3118 3510 3314 3581 aliquid
3348 3525 3624 3576 enarrare,
3651 3510 3747 3565 sed

2165 3617 2234 3657 ne
2279 3601 2536 3657 resilieris
2566 3621 2578 3656 :
2612 3602 2719 3656 imo
2756 3617 2885 3656 vero
2928 3612 3052 3657 ante
3092 3600 3194 3656 huc
3232 3602 3404 3656 dicam
3430 3601 3595 3656 aliud.
3626 3600 3750 3656 Fuit

2164 3694 2450 3765 aliquando
2486 3694 2688 3759 fames,
2720 3703 2775 3749 et
2814 3710 2906 3748 rex
2948 3694 3257 3750 ambulabat
3292 3708 3452 3764 super
3491 3709 3700 3747 murum
3728 3709 3747 3747 :

2166 3784 2361 3839 deinde
2404 3784 2663 3839 accedens
2693 3784 2887 3839 mulier
2927 3784 3041 3839 hasc
3078 3784 3151 3838 illi
3189 3784 3321 3838 dixit
3362 3783 3526 3838 verba
3556 3802 3569 3837 :
3600 3782 3747 3849 Ras,

2168 3878 2275 3931 lucc
2314 3877 2495 3931 mulier
2534 3876 2663 3929 dixit
2704 3877 2826 3929 mihi
2855 3892 2875 3930 :
2902 3876 3139 3930 Assemus
3168 3877 3332 3945 ﬁlium
3360 3885 3500 3929 tuum
3527 3875 3676 3930 hodie
3701 3884 3752 3930 et

2162 3968 2507 4033 comedamus,
2530 3978 2575 4021 et
2597 3983 2709 4021 cras
2727 3982 2926 4030 meum;
2950 3976 2995 4020 et
3020 3968 3319 4031 assavimus,
3341 3977 3389 4020 et
3411 3966 3751 4027 comedimus;

2167 4060 2256 4115 illa
2298 4074 2429 4115 vero
2471 4075 2625 4114 suum
2670 4058 2904 4114 nondum
2945 4058 3092 4113 dedit
3123 4059 3211 4130 (4.
3244 4057 3373 4130 Reg.
3429 4058 3484 4114 6.
3523 4058 3683 4112 26-29
3704 4059 3745 4127 ).

2166 4150 2304 4220 Quid
2333 4160 2417 4205 est
2448 4150 2549 4205 hac
2590 4149 3185 4220 calamitate‘gravius?
3212 4149 3417 4204 Rursus
3456 4150 3579 4204 alibi
3620 4149 3753 4203 dicit

2169 4243 2427 4316 propheta
2473 4262 2485 4298 :
2530 4242 2719 4298 Manus
2756 4244 3021 4297 mulierum
3068 4242 3467 4296 misericordium
3512 4250 3754 4295 conterunt

2168 4338 2304 4408 ﬁlios
2331 4354 2451 4391 suos
2479 4335 2693 4407 (Tltreu.
2717 4337 2771 4391 4.
2800 4334 2911 4406 10).
2940 4334 3108 4390 Judaei
3131 4334 3344 4405 quidem
3375 4334 3468 4388 has
3490 4333 3755 4389 dederunt

2169 4445 2357 4501 poenas
2385 4445 2403 4485 :
2432 4443 2531 4483 nos
2558 4437 2735 4483 autem
2770 4444 2875 4482 non
2906 4427 3135 4495 majores
3166 4426 3247 4480 his
3277 4426 3559 4481 dabimus?

2239 4522 2295 4576 4.
2323 4520 2414 4574 Vis
2436 4520 2595 4574 etiam
2619 4532 2805 4573 eorum
2832 4517 2989 4571 aliam
3016 4516 3200 4571 audire
3220 4514 3613 4570 calamitatem?
3634 4514 3758 4584 lege

2168 4611 2483 4683 Josephum,
2513 4618 2564 4665 et
2590 4610 2766 4665 disces
2793 4617 2956 4663 totam
2984 4608 3129 4662 illam
3160 4606 3472 4677 tragmdiam
3498 4622 3512 4669 ;
3541 4621 3606 4661 ex
3647 4604 3761 4659 his-

2173 4720 2240 4759 ne
2271 4703 2364 4758 tibi
2387 4702 2824 4773 persuadebimus
2861 4715 2981 4756 esse
3000 4700 3340 4770 gehennam?
3362 4697 3546 4769 Cogita
3576 4698 3716 4753 enim
3735 4715 3753 4752 :

2170 4802 2215 4851 sl
2258 4796 2335 4851 illi
2380 4794 2765 4865 puniebantur,
2790 4809 2888 4847 cur
2917 4807 3015 4847 nos
3046 4806 3151 4845 non
3195 4790 3480 4861 punimur?
3505 4799 3597 4844 aut
3624 4804 3762 4860 quo-

2173 4887 2334 4942 modo
2363 4896 2446 4941 est
2473 4896 2891 4941 consentaneum
2920 4898 3018 4937 nos
3050 4899 3153 4936 non
3188 4881 3397 4951 puniri,
3428 4882 3514 4951 qui
3543 4880 3758 4951 gravius

2172 4994 2331 5048 quam
2360 4976 2436 5031 illi
2463 4975 2859 5046 delinquimus?
2886 4989 3065 5028 auuou
3092 4973 3298 5029 scilicet
3316 4972 3438 5042 quia
3464 4972 3759 5041 repositum

2174 5081 2257 5127 est
2287 5071 2440 5125 nobis
2477 5069 2836 5139 supplicium?
2865 5067 2921 5123 Si
2951 5067 3033 5121 vis
3063 5075 3239 5121 autem
3260 5106 3276 5131 ,
3302 5065 3479 5119 dicam
3512 5064 3671 5119 etiam
3702 5062 3761 5119 in

2173 5162 2411 5233 qualibet
2437 5177 2665 5232 persona
2693 5158 2964 5231 quomodo
2990 5158 3099 5213 siut
3128 5157 3316 5227 puniti.
3347 5155 3592 5211 Fratrem
3617 5155 3765 5209 occi-

2173 5256 2253 5311 dit
2280 5255 2431 5311 Cain.
2464 5254 2638 5311 Grave
2676 5252 2893 5323 quidem
2939 5261 3216 5322 peccatum
3248 5268 3261 5303 :
3288 5252 3408 5320 quis
3441 5248 3635 5319 neget?
3664 5246 3765 5303 sed

2173 5349 2320 5404 dedit
2346 5362 2553 5419 ptenas,
2584 5355 2639 5402 et
2662 5361 2874 5416 graves,
2902 5354 2956 5400 et
2980 5344 3124 5399 mille
3150 5343 3413 5399 mortibus
3440 5356 3766 5411 comparan-

2174 5442 2311 5507 das;
2344 5442 2619 5496 maluisset
2655 5442 2799 5496 enim
2847 5438 3044 5493 millies
3084 5437 3220 5491 mori
3253 5454 3268 5491 :
3301 5435 3425 5491 audi
3464 5436 3608 5490 enim
3635 5448 3763 5488 eum

2175 5534 2442 5590 dicentem
2477 5551 2492 5591 :
2521 5533 2583 5589 Si
2608 5549 2686 5586 me
2721 5533 2896 5602 ejicias
2922 5548 2952 5584 α
2983 5540 3117 5584 terra
3136 5571 3151 5595 ,
3182 5538 3230 5583 et
3259 5528 3541 5583 abscoudar
3571 5544 3603 5579 a
3633 5527 3770 5596 {acie

2178 5638 2284 5693 tua,
2314 5636 2360 5681 et
2386 5626 2499 5691 erit,
2529 5626 2689 5680 omnis
2718 5626 2804 5695 qui
2830 5641 2909 5679 me
2937 5623 3173 5689 inveniet,
3201 5621 3390 5677 occidet
3417 5636 3494 5674 me
3521 5619 3675 5690 (Gen.
3706 5620 3764 5672 ι.

2181 5720 2290 5789 li).
2326 5718 2419 5773 Dic
2446 5718 2572 5773 mihi
2600 5735 2729 5787 ergo
2750 5760 2763 5778 .
2799 5732 2974 5771 nonne
3002 5715 3190 5771 eadem
3218 5728 3357 5769 nunc
3384 5712 3537 5768 multi
3564 5711 3773 5765 faciunt

2182 5826 2301 5881 qua:
2326 5810 2415 5867 illc
2430 5811 2454 5865 ?
2472 5810 2684 5875 quando
2706 5813 2847 5865 cuitu
2874 5825 2979 5864 nou
3002 5806 3294 5874 carnalem,
3317 5803 3410 5862 sed
3431 5801 3771 5876 spiritualetn
