4114 6396
373 348 482 408 M3

371 468 649 542 πρησθείη
675 468 806 524 ποτέ
834 485 849 533 ;
904 468 1021 534 πῶς
1061 470 1106 524 6‘
1136 471 1201 526 ἂν
1228 472 1372 544 ὕδωρ
1405 472 1566 544 μένον
1597 473 1780 547 ὖδωρ;
1825 474 1959 540 ξύλα

373 562 473 634 μὲν
495 562 602 634 γάρ
631 564 725 617 καὶ
749 563 929 628 λίθους
949 564 1174 618 δυνατὸν
1208 564 1404 631 καίειν,
1428 566 1566 638 ἀέρα
1593 567 1651 621 δὲ
1682 572 1777 621 καὶ
1809 567 1955 639 ὕδωρ

367 655 620 725 οὐδαμῶς
664 655 909 713 δυνατόν.
967 655 1130 726 Ἡμῖν
1175 659 1238 709 06
1278 658 1526 723 δυνατὸν,
1569 657 1649 730 τῷ
1695 658 1753 713 δὲ
1815 659 1959 713 αὐτὰ

368 747 659 815 ποιήσαντι
705 745 951 800 δυνατόν.
990 746 1293 818 ’Τοιγαροῦν
1337 749 1491 801 οὐδὲν
1536 748 1725 818 ἕτερον
1778 748 1811 820 ἦ
1856 751 1958 804 κά-

369 839 525 909 μινός
548 840 694 891 ἐστιν
728 841 756 893 6
778 837 904 910 ἀὴρ,
941 840 1170 910 κάμινος
1196 840 1258 894 τὸ
1291 839 1436 912 ὕδωρ
1463 857 1477 870 ⁸
1502 841 1682 896 πάντα
1708 842 1957 915 ἄκαρπα,

367 932 549 984 πάντα
581 932 772 999 ἄγονα,
798 931 975 987 πάντα
997 931 1099 1002 τῆς
1121 931 1502 1005 προλαϐούσης
1522 933 1699 1003 ὀργῆς
1724 933 1956 999 εἰκόνες,

366 1024 467 1094 τῆς
511 1022 811 1094 μελλούσης
862 1028 1159 1096 τεκμήρια.
1212 1026 1304 1095 Μὴ
1370 1029 1465 1080 καὶ
1512 1024 1685 1080 ταῦτα
1732 1015 1958 1081 ἀπειλαὶ

368 1116 676 1189 ῥημάτων,
733 1117 809 1187 μὴ
870 1117 965 1170 καὶ
1006 1116 1184 1172 ταῦτα
1238 1116 1404 1187 ψόφοι
1454 1118 1760 1189 ρημάτωνς
1801 1118 1957 1189 Ἐμοὶ

369 1210 469 1281 μὲν
493 1210 602 1281 γὰρ
631 1210 753 1263 οὐδὲ
775 1210 844 1264 τὰ
871 1211 1112 1282 πρότερα
1157 1210 1385 1274 ἄπιστα,
1441 1211 1557 1265 ἀλλ’
1604 1211 1809 1282 ὁμοίως
1840 1214 1957 1277 τοῖς

364 1301 666 1371 ὁρωμένοις
708 1301 777 1355 τά
824 1302 898 1373 μὴ
945 1301 1202 1373 ὁρώμενα
1258 1301 1431 1356 πιστά
1461 1317 1477 1333 ⁸
1540 1300 1618 1373 τῷ
1642 1302 1700 1356 δὲ
1739 1303 1956 1375 ἀπίστῳ

366 1392 462 1446 καὶ
498 1392 671 1445 ταῦτα
700 1393 859 1446 ίκανά
886 1392 1070 1446 πίστιν
1100 1393 1426 1463 παρασχεῖν.
1457 1392 1524 1444 Et
1543 1409 1626 1456 τις
1648 1393 1872 1445 ἀπιστεῖ
1885 1394 1953 1463 τῇ

365 1485 581 1556 γεέννῃ,
607 1483 676 1538 τὰ
707 1484 921 1556 Σόδομα
944 1484 1269 1554 λογιζέσθω,
1285 1485 1355 1537 τά
1386 1483 1646 1558 Γόμορρα
1674 1484 1952 1551 ἐννοείτω,

364 1580 465 1650 τὴν
486 1580 759 1651 τιμωρίαν
803 1578 903 1651 τὴν
948 1579 1342 1651 γεγενημένην,
1390 1578 1487 1633 καὶ
1517 1578 1601 1632 ἔτι
1657 1577 1950 1649 μένουσαν.

366 1668 539 1722 Τοῦτο
564 1672 660 1721 τοῦ
689 1668 1015 1733 διαιωνίζειν
1043 1666 1143 1739 τὴν
1172 1666 1393 1721 κόλασιν
1444 1668 1769 1739 τεκμήριον.
1814 1668 1954 1738 Φορ-

366 1762 495 1815 τικά
522 1760 694 1815 ταῦτα
721 1775 734 1790 ⁸
776 1763 961 1815 ἐκεῖνα
998 1760 1057 1815 δὲ
1089 1761 1150 1815 06
1186 1760 1443 1833 φορτικὰ,
1494 1761 1627 1814 ὅταν
1653 1760 1841 1832 λέγῃς,
1868 1760 1951 1814 ὅτι

366 1854 467 1906 οὐκ
503 1852 619 1907 ἐστι
651 1853 868 1922 γέεννα,
893 1852 1007 1906 ἀλλ’
1034 1852 1222 1916 ἀπλῶς
1252 1853 1547 1925 ἠπείλησεν
1565 1855 1593 1907 6
1622 1852 1754 1917 Θεός
1777 1870 1794 1921 ;
1822 1852 1951 1906 ὅταν

366 1946 605 2018 ἐκλύσῃς
633 1946 732 2010 τάς
761 1949 951 2017 χεῖρας
979 1946 1074 1999 τοῦ
1108 1944 1273 2013 λαοῦ;
1305 1944 1376 1998 Σύ
1413 1962 1483 2017 με
1509 1944 1683 2000 ταῦτα
1707 1945 1952 2014 ἀναγκά-

365 2041 480 2106 ζεις
508 2039 655 2112 [482]
687 2039 866 2109 λέγειν
898 2042 926 2093 ὁ
950 2039 1268 2094 διαπιστῶν.
1304 2039 1368 2092 El
1395 2041 1511 2104 τοῖς
1555 2040 1794 2111 ῥήμασιν
1826 2040 1952 2093 ὲπί-

368 2148 599 2192 στευσας
626 2130 722 2184 τοῦ
751 2129 1011 2201 Χριστοῦ,
1045 2130 1147 2183 οὐκ
1175 2129 1569 2201 ἠναγκαζόμην
1592 2129 1693 2202 τὴν
1713 2130 1822 2184 ἀπὸ
1840 2130 1953 2183 τῶν

366 2222 711 2294 πραγμάτων
776 2221 959 2275 πίστιν
1006 2225 1353 2294 παραγαγεῖν
1379 2238 1395 2254 ⁸
1434 2222 1625 2294 ἐπειδὴ
1669 2222 1727 2275 δὲ
1766 2224 1951 2276 ἐκεῖνα

365 2316 673 2384 πέφευγας,
714 2316 812 2369 καὶ
844 2315 989 2368 ἑκὼν
1018 2315 1113 2368 καὶ
1156 2316 1307 2371 ἄκων
1338 2315 1615 2389 πεισθήσῃ
1648 2315 1855 2371 λοιπόν.
1883 2314 1950 2367 Τί

256 2408 261 2414 ’
366 2409 475 2480 γάρ
507 2410 652 2481 ἔχεις
680 2411 809 2479 περὶ
840 2409 948 2462 τῶν
974 2408 1219 2479 Σοδόμων
1251 2410 1460 2475 είπεῖν;
1510 2408 1700 2462 Βούλει
1732 2410 1826 2462 καὶ
1849 2408 1950 2480 τὴν

367 2504 548 2556 αἰτίαν
583 2503 799 2574 μαθεῖν,
834 2503 902 2556 δι’
943 2504 1010 2574 ἡν
1059 2502 1181 2556 τότε
1232 2501 1404 2555 ταῦτα
1445 2502 1699 2570 ἐγένετο;
1753 2503 1850 2555 Ἐν
1880 2498 1950 2573 ἦν

367 2596 675 2667 ἁμάρτημα
706 2595 941 2666 χαλεπὸν
973 2594 1072 2665 μὲν
1098 2595 1193 2649 καὶ
1212 2595 1507 2664 ἐπάρατον,
1540 2594 1681 2665 πλὴν
1708 2596 1823 2649 ἀλλ’
1854 2596 1911 2648 ἓν
1930 2613 1945 2629 ο

369 2689 554 2741 παισὶν
598 2688 956 2759 ἐπεμαίνοντο
1002 2688 1052 2741 οἱ
1104 2687 1248 2749 τότε,
1286 2689 1380 2741 καὶ
1423 2687 1514 2741 διὰ
1556 2687 1715 2741 τοῦτο
1746 2688 1951 2759 ταύτην

364 2780 450 2832 ἕδο
464 2797 553 2832 ςαν
582 2780 681 2849 τὴν
701 2779 879 2850 δίκην.
935 2778 1049 2832 Νῦν
1080 2778 1137 2831 δὲ
1169 2777 1340 2849 μυρία
1371 2780 1465 2832 καὶ
1493 2777 1605 2843 ἴσα,
1659 2780 1756 2832 καὶ
1788 2779 1950 2849 χαλε-

366 2871 590 2941 πώτερα
618 2872 827 2940 γίνεται
858 2869 1063 2937 τούτων
1106 2870 1506 2940 ἁμαρτήματα.
1564 2864 1701 2924 Εἶτα
1748 2872 1777 2923 6
1811 2870 1952 2943 ὑπὲρ

363 2964 482 3026 ἑνὸς
499 2964 899 3034 ἁμαρτήματος
925 2960 1192 3032 τοσαύτην
1222 2961 1427 3031 ὲκχέων
1452 2962 1644 3035 ὀργὴν,
1689 2964 1783 3016 καὶ
1812 2964 1952 3034 μήτε

363 3057 459 3108 τοῦ
503 3054 755 3127 Ἀϐραὰμ
802 3054 903 3125 τὴν
960 3055 1241 3126 ἱκετηρίαν
1279 3056 1644 3127 δυσωπηθεὶς,
1694 3057 1832 3126 μήτε
1859 3057 1953 3108 τὸν

364 3148 575 3201 ἔνοικον
609 3148 756 3213 Λὼτ,
785 3149 878 3201 τὸν
925 3148 1065 3220 ὑπὲρ
1110 3150 1212 3219 τῆς
1248 3151 1329 3213 είς
1366 3150 1497 3211 τοὺς
1522 3148 1747 3212 δούλους
1788 3149 1952 3204 αὑτοῦ

363 3244 529 3313 τιμῆς
561 3241 657 3305 τὰς
677 3243 979 3312 θυγατέρας
1001 3243 1081 3304 είς
1105 3241 1264 3312 ὕϐριν
1286 3242 1588 3313 προέμενον
1606 3241 1706 3306 τὰς
1730 3242 1951 3308 ἑαυτοῦ,

363 3336 632 3389 τοσούτων
661 3336 829 3389 ὄντων
854 3336 963 3388 τῶν
989 3335 1426 3406 ἁμαρτημάτων,
1466 3334 1719 3405 φείσεται
1739 3352 1753 3401 ;
1774 3336 1953 3400 Γέλως

364 3430 532 3491 ὅντως
566 3428 736 3481 ταῦτα
794 3429 889 3481 κα)⁵
943 3428 1108 3498 λῆρος
1169 3430 1264 3481 καὶ
1294 3428 1471 3499 πλάνη
1522 3428 1621 3482 καὶ
1672 3428 1952 3502 διαϐολικὴ

365 3523 577 3594 ἀπάτη.
647 3522 838 3575 Βούλει
887 3523 982 3576 καὶ
1030 3523 1214 3592 ἕτερον
1259 3522 1566 3591 ὲπαγάγω;
1607 3523 1711 3575 Τὸν
1754 3523 1955 3593 Φαραὼ

367 3620 587 3680 πάντως
637 3616 858 3679 ἀκούεις
920 3616 1012 3669 τὸν
1058 3614 1387 3683 Αἰγυπτίων
1438 3614 1697 3685 βασιλέα⁸
1757 3615 1956 3670 οὐκοῦν

365 3706 513 3773 οἶδας
543 3711 637 3764 καὶ
664 3712 763 3782 τὴν
785 3710 947 3780 δίκην
973 3708 1039 3780 ἡν
1060 3709 1250 3775 ἔδωκε,
1280 3711 1375 3763 καὶ
1399 3708 1515 3772 πῶς
1537 3710 1723 3772 αὐτοῖς
1743 3709 1957 3780 ἅρμασι

367 3805 465 3858 καὶ
525 3804 711 3868 ἵπποις
765 3802 906 3875 μετά
946 3801 1041 3855 τοῦ
1092 3800 1456 3872 στρατοπέδου
1511 3800 1713 3865 παντὸς
1755 3803 1835 3864 εἰς
1894 3801 1959 3855 τὸ

380 3896 699 3967 Ἐρυθραῖον
732 3892 1130 3963 κατεποντίσθη
1158 3892 1417 3960 πέλαγος.
1449 3881 1638 3945 Βούλει
1662 3893 1759 3946 καὶ
1792 3892 1959 3963 ἕτερα

373 3991 603 4059 μαθείν;
630 3991 838 4050 ἐκεῖνος
869 3988 968 4058 μὲν
998 3988 1107 4059 γὰρ
1140 3986 1272 4049 ἴσως
1291 3986 1499 4056 ἀσεϐὴς
1536 3982 1627 4057 ἦν,
1666 3985 1868 4057 μᾶλλον
1899 3986 1957 4039 δὲ

370 4084 473 4135 οὐκ
504 4083 656 4146 ἴσως,
692 4081 806 4133 ἀλλ’
840 4080 1011 4143 ὅντως
1038 4079 1242 4150 ἀσεϐὴς
1270 4074 1359 4149 ἦν.
1417 4077 1607 4132 Βούλει
1638 4079 1732 4132 καὶ
1758 4080 1824 4132 ὲκ
1846 4079 1959 4134 τῶν

371 4174 741 4228 πιστευόντων
791 4175 886 4226 καὶ
935 4172 1314 4243 προσεχόντων
1354 4171 1434 4242 τῷ
1465 4172 1605 4243 Θεῷ,
1633 4172 1749 4242 βίου
1774 4172 1831 4226 δὲ
1858 4173 1959 4226 ούκ

369 4266 541 4320 ὄντων
598 4264 760 4337 ὀρθοῦ
784 4302 802 4329 ,
854 4264 1308 4335 τιμωρουμένους
1361 4263 1529 4332 ἰδεῖν;
1577 4264 1812 4318 ἄκουσον
1861 4265 1957 4319 τοῦ

372 4359 587 4412 Παύλου
614 4357 867 4426 λέγοντος
892 4374 906 4388 ⁸
937 4358 1105 4425 Μηδὲ
1129 4358 1534 4427 πορνεύωμεν,
1564 4357 1762 4426 καθώς
1798 4376 1958 4427 τινες

370 4446 575 4513 αὐτῶν,
619 4448 1096 4515 ἐξεπόρνευσαν,
1156 4447 1257 4501 καί
1284 4448 1514 4501 ἔπεσον
1550 4448 1621 4500 ἐν
1634 4446 1746 4517 μιᾷ
1768 4448 1960 4519 ἡμέρᾳ

369 4539 725 4608 εἰκοσιτρεῖς
766 4539 1066 4607 χιλιάδες·
1111 4540 1267 4609 μηδὲ
1317 4539 1712 4610 γογγύζωμεν,
1762 4540 1957 4608 καθώς

369 4650 532 4699 τινες
563 4630 764 4686 αὐτῶν
801 4631 1165 4701 ἐγόγγυσαν,
1193 4632 1293 4685 καὶ
1327 4631 1647 4687 ἀπώλοντο
1695 4635 1815 4689 ὑπὸ
1849 4635 1958 4689 τοῦ

372 4724 737 4793 ὀλοθρευτοῦ
763 4738 778 4755 ⁸
823 4724 980 4794 μηδέ
1041 4722 1475 4794 ἐκπειράζωμεν
1519 4727 1627 4780 τὸν
1670 4727 1958 4795 Χριστὸν,

371 4820 567 4885 καθώς
621 4837 783 4885 τινες
834 4817 1033 4873 αὐτῶν
1093 4819 1463 4887 ἐπείρασαν,
1526 4820 1628 4873 καὶ
1676 4820 1800 4875 ὑπὸ
1840 4820 1960 4876 τῶν

374 4915 569 4982 ὄφεων
596 4911 935 4966 ἀπώλοντο.
998 4911 1061 4963 El
1090 4910 1147 4964 δὲ
1180 4910 1407 4980 πορνεία
1427 4908 1682 4963 τοσοῦτον
1715 4911 1958 4981 ἴσχυσεν,

372 5009 423 5061 εί
455 5008 513 5060 δὲ
546 5006 885 5077 γογγυσμὸς,
921 5003 973 5057 τί
1002 5005 1104 5057 ούκ
1134 5003 1436 5074 ἐργάσεται
1466 5002 1535 5056 τὰ
1578 5003 1867 5076 ἡμετερας
1896 5005 1959 5057 El

370 5103 432 5156 δὲ
458 5102 533 5171 μὴ
557 5101 784 5154 ἀπαιτεῖ
809 5098 905 5151 νῦν
937 5098 1120 5169 δίκην,
1153 5097 1227 5169 μὴ
1255 5098 1546 5168 θαυμάσῃς
1567 5114 1582 5129 ⁸
1611 5098 1807 5151 ἐκεῖνοι
1857 5098 1961 5169 μὲν

374 5193 484 5262 γὰρ
512 5192 610 5244 οὐκ
641 5190 844 5261 ᾔδεσαν
890 5187 989 5258 τὴν
1028 5188 1252 5256 γέενναν
1276 5202 1290 5215 ⁸
1333 5186 1417 5240 διὸ
1450 5190 1575 5249 ταῖς
1606 5185 1763 5257 παρά
1789 5186 1961 5250 πόδας

374 5283 695 5347 ἐκολάζοντο
714 5280 1038 5350 τιμωρίαις⁸
1071 5280 1135 5331 σὺ
1186 5277 1243 5330 δὲ
1275 5277 1377 5331 ὃσα
1421 5275 1489 5330 ἂν
1539 5276 1815 5349 ἁμάρτῃς,
1856 5275 1960 5331 κᾶν

379 5376 653 5447 μηδεμίαν
680 5373 836 5446 δίκην
866 5372 992 5443 δῷς,
1030 5371 1309 5435 ἀποτίσεις
1329 5373 1468 5427 ἐκεῖ.
1524 5367 1661 5425 Εἶτα
1691 5372 1819 5434 τοὺς
1861 5371 1962 5440 μὲν

375 5464 866 5536 νηπιωδεστέρους,
897 5464 992 5517 καὶ
1020 5464 1082 5516 06
1111 5461 1351 5517 τοσαῦτα
1397 5462 1691 5525 πταίοντας
1721 5460 1963 5516 τοσαῦτα

378 5557 658 5621 ἐκόλαζεν,
716 5557 874 5628 ἡμῶν
920 5556 979 5608 δὲ
1029 5556 1319 5627 φείσεται;
1376 5554 1493 5608 Οὐκ
1532 5554 1600 5607 ἂν
1624 5553 1741 5625 ἔχοι
1773 5553 1957 5623 λόγον.

378 5653 501 5705 Κᾶν
542 5652 655 5723 γὰρ
703 5652 772 5703 τὰ
825 5649 966 5704 αὑτά
1020 5650 1357 5722 ἀμάρτωμεν
1404 5646 1651 5713 ἐκείνοις,
1711 5646 1960 5717 μείζονός

383 5746 552 5816 ἐσμεν
581 5745 857 5807 κολάσεως
894 5744 1057 5808 ἄξιοι.
1124 5744 1223 5797 Δια
1264 5742 1355 5807 τί;
1385 5742 1508 5795 Ὅτι
1555 5741 1805 5805 πλείονος
1855 5742 1961 5795 ἀπ·

379 5835 691 5906 ελαύσαμεν
724 5836 965 5907 χάριτος.
988 5835 1159 5888 Ὅταν
1212 5833 1269 5888 δὲ
1306 5834 1400 5889 καὶ
1434 5832 1654 5886 πλείονα
1705 5833 1799 5887 καὶ
1837 5833 1958 5903 μεί-

382 5930 510 5993 ζονα
544 5927 763 5984 ἐκείνων
790 5926 1089 5997 πταίωμεν,
1130 5925 1249 5981 τίνα
1283 5925 1380 5999 οὐχ
1435 5925 1849 5999 ύποστησόμεθα
1871 5928 1953 5983 δί-

1149 352 1220 410 ιΝ
1253 351 1474 413 EPIST.
1518 357 1662 413 [AD
1696 355 2037 413 TllESSAL.
2075 359 2230 417 CAP.
2275 364 2364 421 IV.
2409 368 2642 425 HOMIL.
2687 371 2820 429 Vlll.

3540 381 3647 439 ιιι

2066 494 2207 548 κ·ην;
2246 481 2475 538 Ἐκεῖνοι
2506 488 2623 555 (καὶ
2661 488 2736 560 μὴ
2779 490 2847 560 μέ
2887 507 2973 555 τις
2999 491 3270 563 νομιζέτω
3296 493 3649 566 θαυμάζοντα

2067 569 2285 639 αὐτοὺς,
2330 575 2363 647 ἢ
2401 578 2843 647 συγγινώσκοντα
2864 581 3048 645 αὐτοῖς
3074 580 3275 647 λέγειν,
3308 582 3385 657 μὴ
3414 585 3648 654 γένοιτο’

2059 662 2187 717 ὅταν
2212 666 2322 739 γάρ
2347 668 2376 721 6
2407 668 2540 734 Θεὸς
2575 672 2800 745 κολάζῃ,
2841 676 2871 728 6
2920 675 3017 744 τὴν
3047 676 3299 730 ἐναντίαν
3329 677 3516 749 φέρων
3542 679 3649 751 ψῆ-

2066 774 2188 826 φον,
2222 761 2331 814 ἀπὸ
2351 761 2666 835 διαὼλικῆς
2703 765 2941 829 διανοίας
2965 765 3125 821 τοῦτο
3159 771 3306 822 ποιεῖ
3328 784 3342 800 ⁸
3377 770 3440 822 06
3467 771 3649 826 τοίνυν

2059 854 2302 911 ἐπαινῶν
2325 856 2546 921 αὐτοὺς,
2570 857 2691 911 οὐδὲ
2713 857 3105 929 συγγινώσκων
3133 860 3291 914 τοῦτό
3319 879 3486 933 φημι,
3511 863 3651 918 ἀλλά

2060 945 2277 1012 δεικνὺς
2308 947 2405 1019 τὴν
2434 949 2709 1021 ἡμετέραν
2749 951 2991 1022 κακίαν)⁸
3019 953 3218 1007 ἐκεῖνοι
3238 953 3440 1019 τοίνυν,
3471 957 3519 1008 εί
3553 957 3649 1009 καὶ

2058 1040 2380 1111 ἐγόγγυζον,
2400 1040 2515 1095 ἀλλ’
2540 1043 2621 1107 εἰς
2639 1042 2847 1115 ἔρημον
2861 1044 3093 1117 ἤρχοντο
3111 1063 3126 1077 ⁸
3147 1048 3311 1118 ἡμεῖς
3329 1047 3388 1101 δὲ
3411 1049 3648 1120 πατρίδα

2057 1133 2295 1205 ἔχοντες,
2332 1136 2428 1189 καὶ
2448 1136 2507 1189 ὲν
2531 1136 2730 1202 οἰκίαις
2761 1139 2884 1201 ταῖς
2911 1139 3212 1208 ἡμετέραις
3239 1139 3413 1205 ὄντες,
3440 1146 3645 1211 γογγύ-

2057 1222 2243 1295 ζομεν.
2286 1226 2516 1280 Ἐκεῖνοι
2569 1227 2649 1293 δὲ,
2690 1230 2739 1281 εί
2779 1228 2877 1282 καὶ
2904 1229 3221 1301 ὲπόρνευον,
3261 1229 3379 1285 ἀλλ’
3417 1232 3527 1285 ἀπὸ
3556 1233 3647 1286 Αί-

2055 1318 2377 1386 γυπτιακῶν
2404 1317 2714 1384 ἐξελθόντες
2743 1318 2872 1393 ἀρτι
2899 1321 3110 1390 κακῶν,
3145 1324 3241 1378 καὶ
3261 1324 3427 1397 νόμου
3458 1327 3648 1398 σχεδὸν

2054 1410 2156 1491 οὐκ
2190 1409 2527 1475 ἀκούσαντες
2547 1411 2793 1466 τοιούτου
2820 1429 2838 1445 ⁸
2872 1416 3030 1486 ἡμεῖς
3064 1414 3123 1469 δὲ
3150 1416 3217 1469 ὲκ
3242 1418 3528 1491 προγόνων
3577 1420 3648 1475 τὰ

2056 1499 2305 1570 σωτήρια
2333 1500 2746 1573 παραλαϐόντες
2766 1502 3017 1575 δόγματα
3041 1523 3056 1537 ⁸
3088 1505 3234 1563 ὥστε
3262 1509 3514 1579 μείζονος
3553 1529 3648 1566 x0-

2053 1591 2264 1657 λάσεώς
2288 1592 2439 1667 [48⁸5]
2474 1595 2643 1666 ἐσμεν
2668 1595 2832 1662 ἄξιοι.
2857 1597 3049 1652 Βούλει
3072 1599 3164 1654 καὶ
3193 1599 3357 1672 ἕτερα
3384 1603 3643 1673 ἀκοῦσαι,

2053 1685 2153 1740 ὅσα
2181 1685 2381 1741 ἔπαθον
2410 1690 2469 1742 ὲν
2495 1689 2852 1763 Παλαιστίνῃ,
2903 1691 3128 1761 λιμοὺς,
3186 1693 3410 1765 λοιμοὺς
3430 1735 3446 1762 ,
3481 1698 3646 1751 πολέ-

2055 1796 2215 1850 μους,
2252 1781 2652 1853 αἰχμαλωσίας,
2698 1784 2797 1847 τὰς
2833 1785 2928 1838 ἐπὶ
2964 1785 3344 1854 Βαϐυλωνίων,
3391 1787 3491 1853 τάς
3548 1791 3644 1846 ἐπὶ

2065 1873 2391 1946 Ἀσσυρίων,
2424 1875 2493 1930 τά
2510 1876 2617 1929 ὑπὸ
2642 1876 2974 1932 Μακεδόνων
3001 1878 3170 1947 κακὰ,
3193 1880 3264 1934 τά
3295 1881 3391 1935 ἐπὶ
3428 1882 3644 1952 Ἀδρια-

2053 1965 2144 2020 νοῦ
2182 1968 2276 2020 καὶ
2309 1966 2722 2023 Οὐεσπασιανοῦ
2752 1984 2767 2033 ;
2823 1966 3097 2039 Βούλομαι
3138 1986 3245 2036 σοι,
3274 1970 3552 2041 ἀγαπητὲ,
3586 1971 3643 2025 τὶ

2051 2057 2441 2128 διηγήσασθαι,
2485 2058 2625 2113 ἀλλὰ
2661 2061 2737 2131 μὴ
2786 2060 3150 2134 ἀποπηδήσῃς
3175 2079 3189 2095 ⁸
3224 2062 3506 2134 μᾶλλονδὲ
3533 2064 3643 2135 πρὸ

2050 2150 2244 2203 τούτου
2278 2149 2465 2220 ἕτερον
2500 2151 2631 2220 ἐρῶ.
2692 2152 2866 2222 Λιμὸς
2895 2153 3114 2221 ἐγένετό
3138 2170 3271 2208 ποτε
3297 2191 3319 2220 ,
3350 2156 3506 2226 φησι,
3546 2156 3642 2209 καὶ

2050 2245 2082 2297 6
2128 2242 2383 2312 βασιλεὺς
2436 2243 2684 2309 ἐϐάδιζεν
2736 2245 2831 2299 ἐπὶ
2887 2245 2982 2299 τοῦ
3034 2246 3285 2317 τείχουςο
3333 2242 3453 2301 εἶτα
3499 2248 3641 2319 γυνὴ

2052 2335 2425 2407 προσελθοῦσα
2449 2336 2621 2391 ταῦτα
2636 2336 2934 2407 φθέγγεται
2958 2338 3096 2409 πρὸς
3117 2339 3280 2393 αὐτὸν
3298 2339 3367 2394 τὰ
3386 2341 3636 2411 ῥήματα·

2053 2429 2337 2495 Βασιλεῦ,
2363 2424 2495 2483 εἶπέ
2514 2447 2615 2499 μοι
2644 2430 2683 2498 ἡ
2721 2428 3059 2499 γυνὴαῦτη·
3102 2430 3494 2500 ὀπτήσωμέν
3520 2448 3641 2485 σου

2052 2519 2322 2589 σήμερον
2346 2520 2455 2575 τὸν
2492 2521 2627 2575 υἱὸν
2650 2521 2749 2575 καί
2799 2520 3100 2590 φάγωμεν,
3150 2521 3251 2575 καί
3295 2523 3508 2591 αὔριον
3531 2523 3640 2577 τὸν

2050 2614 2199 2685 ἐμόν
2227 2633 2241 2647 ⁸
2296 2614 2398 2669 καὶ
2428 2614 2815 2683 ὼπτήσαμεν,
2870 2614 2969 2667 καὶ
3020 2612 3321 2684 ἐφάγομεν
3351 2631 3364 2643 ⁸
3405 2615 3502 2668 καὶ
3547 2614 3641 2668 τὸν

2052 2708 2223 2780 αὐτῆς
2251 2706 2435 2761 οὐκέτι
2460 2707 2648 2760 ἔδωκε.
2686 2706 2753 2758 Τί
2791 2704 2996 2774 ταύτης
3019 2705 3120 2774 τῆς
3163 2708 3451 2778 συμφορᾶς
3480 2706 3643 2776 χαλε-

2053 2798 2304 2868 πώτερον
2331 2817 2347 2865 ;
2383 2799 2555 2853 Πάλιν
2591 2797 2827 2867 ἀλλαχοῦ
2850 2799 2879 2850 6
2921 2798 3210 2868 προφήτης
3236 2798 3370 2869 φησί
3392 2816 3406 2830 ⁸
3438 2798 3643 2865 Χεῖρες

2052 2890 2356 2964 γυναικῶν
2391 2890 2779 2960 οὶκτιρμόνων
2822 2888 3078 2957 ἥψησάν
3114 2887 3188 2941 τὰ
3214 2888 3400 2943 τέκνα
3421 2890 3642 2950 αὐτῶν.

2066 2985 2310 3038 Ἰουδαῖοι
2341 2982 2440 3053 μὲν
2465 2979 2561 3035 οὖν
2585 2980 2846 3050 τοιαύτην
2875 2981 3064 3034 ἔδοσαν
3093 2979 3251 3052 δίκην
3269 2996 3283 3011 ⁸
3310 2980 3475 3051 ἡμεῖς
3501 2978 3560 3033 δὲ
3581 2980 3643 3032 06

2056 3075 2238 3144 πολλῷ
2261 3075 2461 3145 μᾶλλον
2495 3072 2744 3145 δώσομεν
2769 3090 2786 3139 ;

2123 3264 2187 3316 δ’.
2214 3261 2400 3315 Βούλει
2429 3260 2523 3313 καὶ
2544 3259 2736 3330 ἐτέρας
2753 3258 2935 3311 αὐτῶν
2954 3257 3188 3312 ἀκοῦσαι
3218 3257 3541 3330 συμφοράς;
3575 3258 3646 3313 τὰ

2067 3354 2378 3424 Ἰωσὴππου
2401 3351 2618 3416 ἔπελθε,
2649 3352 2744 3405 καὶ
2775 3351 3000 3423 μαθήσῃ
3039 3351 3223 3404 πᾶσαν
3264 3350 3485 3422 ἐκείνην
3509 3369 3641 3422 τρα-

2055 3444 2280 3514 γῳδίαν,
2307 3443 2374 3496 ἂν
2397 3444 2507 3513 ἄρα
2541 3458 2601 3494 σε
2654 3442 2935 3509 πείσωμεν
2990 3441 3099 3495 ἀπὸ
3142 3440 3351 3496 τούτων
3399 3443 3483 3495 ὅτι
3519 3441 3638 3496 ἐστι

2054 3535 2267 3605 γέεννα.
2307 3532 2591 3603 Ἐννόησον
2613 3531 2741 3603 γάρ·
2770 3533 2820 3584 εί
2850 3532 3046 3585 ἐκεῖνοι
3078 3532 3426 3595 ἐκολάζοντο,
3465 3532 3560 3586 διὰ
3578 3533 3634 3585 τί

2055 3628 2218 3698 ἡμεῖς
2248 3624 2324 3695 μὴ
2347 3622 2691 3693 κολαζόμεθά
2716 3639 2730 3687 ;
2760 3622 2793 3693 ἣ
2824 3622 2942 3686 πῶς
2969 3622 3116 3686 εἰκὸς
3146 3624 3294 3694 ἡμᾶς
3321 3623 3397 3695 μὴ
3418 3624 3644 3689 κολάζε-

2057 3718 2206 3785 σθαι,
2234 3717 2457 3786 χείρονα
2474 3714 2700 3767 ἐκείνων
2732 3713 3061 3779 πταίοντας;
3090 3710 3125 3783 ἧ
3148 3713 3328 3782 δῆλον,
3357 3715 3440 3768 ὅτι
3470 3714 3561 3768 διὰ
3583 3716 3646 3768 τὸ

2055 3808 2384 3865 ἀποκεῖσθαι
2417 3809 2549 3877 ἡμῖν
2572 3806 2671 3877 τὴν
2698 3806 2953 3872 κόλασιν;
2984 3806 3048 3859 El
3099 3806 3155 3858 δὲ
3180 3805 3384 3875 βούλει,
3419 3807 3515 3860 καὶ
3551 3808 3648 3860 ἐπὶ

2057 3900 2349 3974 προσώπου
2377 3900 2494 3963 ἐνὸς
2511 3898 2742 3953 ἑκάστου
2769 3897 3005 3969 ὲρῶπῶς
3028 3896 3442 3968 ὲκολάσθησανξ·
3462 3898 3647 3951 ’Δδελ-

2058 3990 2157 4059 φὸν
2202 3988 2528 4042 ἀπέκτεινεν
2572 3986 2601 4039 6
2632 3986 2794 4040 Κάῖν.
2835 3985 3020 4039 Δεινὸν
3074 3986 3174 4057 μὲν
3223 3986 3287 4040 τὸ
3316 3988 3643 4060 ἁμάρτημα·

2058 4079 2178 4144 πῶς
2215 4079 2327 4151 γάρ
2362 4077 2458 4144 06;
2509 4078 2624 4132 ἀλλ’
2653 4077 2823 4131 ἔδωκε
2871 4078 3051 4148 δίκην,
3089 4078 3183 4131 καί⁹
3234 4078 3496 4151 χαλεπὴν,
3551 4080 3649 4134 καὶ

2062 4173 2270 4245 μυρίων
2298 4170 2557 4236 ἀνταξίαν
2590 4170 2859 4232 θανάτων,
2887 4170 2983 4223 καὶ⁸
3009 4170 3152 4242 ὑπὲρ
3172 4167 3241 4242 ἦς
3270 4170 3446 4224 εἵλετο
3461 4170 3528 4225 ἂν
3550 4174 3648 4225 καὶ

2062 4267 2320 4339 μυριάκις
2341 4266 2654 4320 ἀποθανεῖν’
2680 4263 2849 4318 ἄκουε
2896 4265 3006 4336 γάρ
3040 4263 3205 4317 αὑτοῦ
3252 4264 3525 4333 λέγοντος,
3578 4266 3649 4325 El

2057 4359 2372 4425 ἐκϐάλλεις
2388 4374 2465 4428 με
2482 4357 2601 4412 ἀπὸ
2627 4355 2740 4424 τῆς
2762 4354 2895 4427 τῆς,
2912 4356 3012 4410 καὶ
3044 4356 3163 4411 ἀπὸ
3180 4356 3289 4410 τοῦ
3316 4355 3661 4425 προσώπου.

2059 4473 2178 4512 σου
2202 4453 2601 4526 κρυϐήσομαι,
2632 4452 2919 4507 καὶέσται
2954 4451 3075 4517 πᾶς
3105 4455 3139 4506 ό
3186 4452 3493 4519 εὑρίσκων
3544 4467 3645 4519 με,

2058 4547 2377 4605 ἀποκτενεῖ
2396 4564 2493 4616 με.
2524 4545 2661 4600 Εἰπὲ
2689 4539 2783 4598 οῦν
2815 4561 2926 4614 μοι,
2958 4543 3018 4596 06
3052 4542 3123 4597 τά
3151 4542 3292 4596 αύτά
3314 4541 3648 4612 πράττουσιν

2059 4640 2254 4709 ἐκείνῳ
2279 4638 2464 4692 πολλοὶ
2493 4638 2590 4690 καὶ
2615 4634 2745 4703 νῦν;
2774 4636 2903 4689 ὅταν
2926 4635 3037 4704 γὰρ
3067 4635 3143 4705 μὴ
3172 4634 3458 4705 σαρκικὸν,
3510 4633 3648 4688 ἀλλὰ

2059 4730 2432 4802 πνευματικὸν
2458 4729 2654 4803 ἀνέλῃς
2682 4728 2933 4797 ἀδελφὸν,
2966 4727 3088 4797 οὐχὶ
3126 4727 3325 4779 ταυτὸν
3353 4725 3600 4798 εἰργάσω
3628 4743 3644 4789 ;

2060 4824 2127 4879 Τί
2156 4826 2286 4897 γὰρ,
2310 4825 2359 4878 εί
2383 4824 2480 4877 καὶ
2520 4821 2595 4892 μὴ
2634 4820 2804 4889 ξίφει,
2826 4819 2944 4873 ἀλλ’
3006 4818 3180 4889 ἑτέρῳ
3233 4818 3424 4889 τρόπῳ
3450 4857 3469 4884 ,
3514 4819 3647 4872 ὅταν

2059 4917 2352 4988 δυνάμενος
2366 4914 2525 4969 λῦσαι
2549 4912 2730 4985 λιμὸν,
2751 4909 3105 4984 περιίδῃς;Τί
3123 4905 3251 4974 οὖν;
3279 4909 3459 4973 οὐδεὶς
3482 4908 3646 4978 ἐφθό-

2060 5029 2193 5083 νησε
2228 5008 2323 5063 νῦν
2353 5008 2430 5079 τῷ
2462 5005 2713 5078 ἀδελφῷ;
2748 5005 2928 5065 οὐδεὶς
2977 5001 3271 5076 περιέϐαλε
3330 5000 3646 5067 κινδύνοις;

2063 5105 2179 5159 ἀλλ’
2235 5101 2471 5156 ἐνταῦθα
2515 5100 2617 5153 οὐκ
2668 5098 2877 5151 ἔδωκαν
2935 5096 3110 5166 δίκην.
3161 5095 3324 5150 Ἀλλά
3355 5094 3642 5148 δώσουσιν.

2062 5193 2198 5250 Εἶτα
2220 5196 2249 5248 6
2283 5194 2383 5265 μὲν
2432 5191 2508 5263 μὴ
2532 5190 2712 5261 νόμων
2762 5187 3003 5252 ἀκούσας
3051 5187 3315 5258 γραπτῶν
3346 5186 3482 5258 μηδὲ
3511 5204 3646 5259 προ-

2064 5287 2272 5359 φητῶν,
2337 5286 2479 5356 μήτε
2529 5284 2735 5354 σημεῖα
2772 5281 3109 5351 θεασάμενος
3164 5279 3399 5350 μεγάλα,
3448 5279 3648 5333 τοσαύ-

2062 5401 2162 5455 την
2211 5382 2398 5435 δίδωσι
2455 5377 2753 5449 τιμωρίαν⁸
2805 5377 2834 5428 6
2865 5375 2921 5428 δὲ
2970 5374 3221 5443 ὲτέρωςει
3270 5372 3337 5426 τὰ
3375 5371 3517 5426 αὐτὰ
3558 5371 3646 5425 δε·-

2062 5474 2302 5547 δρακὼς,
2354 5471 2451 5526 καὶ
2482 5471 2619 5541 μηδὲ
2667 5467 2944 5532 τοσούτοις
2986 5465 3401 5539 παραδείγμασι
3430 5482 3644 5535 σωφρο-

2061 5568 2365 5639 νιζόμενος,
2398 5563 2749 5635 ἀτιμώρητος
2798 5561 2987 5627 Eant;
3048 5562 3140 5614 καὶ
3188 5558 3293 5613 ποῦ
3326 5558 3386 5612 τὸ
3432 5559 3645 5613 δίκαιον

2060 5660 2157 5713 τοῦ
2178 5658 2350 5720 Θεοῦ;
2381 5657 2416 5729 ἡ
2442 5656 2549 5710 ποῦ
2577 5656 2641 5709 τὸ
2679 5654 2921 5723 ἀγαθόν;
2954 5651 3147 5706 ιῐῙάλιν
3178 5652 3312 5717 ξύλα
3340 5668 3425 5716 τις
3454 5651 3644 5705 συλλέ-

2063 5753 2157 5818 ξας
2190 5754 2251 5806 ἐν
2289 5750 2368 5821 τῷ
2395 5749 2673 5821 σαϐϐάτῳ,
2710 5744 3071 5815 κατελεύσθη⁸
3122 5743 3303 5797 καίτοι
3341 5760 3420 5814 σγε
3468 5744 3644 5817 μικρὰ

2124 5944 2148 5974 ι
2170 5930 2352 5984 Mavult
2377 5928 2608 5981 Halesius
2629 5940 2740 5978 cum
2762 5924 3032 5988 Florilegio
3056 5922 3230 5985 legere
3254 5920 3478 5984 ὑστέρως.
