4128 6398
493 328 602 385 με

490 439 632 507 αῦτη
664 439 699 508 ἠ
726 436 935 509 ἐντολὴ,
972 439 1191 509 καὶτῆς
1238 440 1544 509 περιτομῆς
1583 440 1912 512 φαυλοτέρα.
1944 436 2076 494 Εἶτα

488 521 641 592 ὁμὲν
667 521 800 587 ξύλα
852 521 1111 589 συλλέξας
1169 522 1228 574 ὲν
1289 521 1547 592 σαϐϐάτῳ
1589 522 1872 593 ἑλιθάσθη,
1924 526 1974 577 οἰ
2020 525 2077 577 δὲ

494 604 664 677 μυρία
685 605 1054 676 ἐργασάμενοι
1082 604 1346 669 πολλάκις
1373 606 1666 677 παράνομα
1695 607 1939 677 ἀπῆλθον
1961 608 2081 661 άτι-

493 686 758 757 μὼρητοι.
790 690 888 740 Ἂν
912 684 1005 740 οὖν
1031 688 1105 758 μὴ
1134 688 1328 756 γέεννα
1346 686 1401 761 ᾖ,
1445 688 1549 741 ποῦ
1586 689 1647 741 τὸ
1696 689 1928 751 δίκαιον,
1973 691 2076 743 ποῦ

490 768 554 821 τὺ
574 770 1111 841 ἀπροσωπόληπτον;
1158 773 1351 825 Καίτοι
1403 773 1577 827 πολλά
1643 773 1868 841 ἐγκαλεῖ
1896 773 2079 838 αὐτοῖς

489 854 738 919 τοιαῦτα,
778 855 952 909 ὅτιτά
1004 854 1255 909 σάδϐατα
1305 856 1367 908 οὐ
1410 858 1659 927 τηροῦσι.
1712 858 1882 911 Πάλιν
1920 856 2079 921 ἄλλος

489 954 575 999 τις
605 939 635 991 ό
683 940 923 1009 Χαρμεί,
970 938 1229 1008 ἀνάθημα
1278 939 1517 1008 κλέψας,
1548 940 1686 1011 μετά
1742 940 1838 994 τοῦ
1888 942 2079 1009 γένους

491 1020 749 1093 ἑλιθάσθη
776 1024 997 1087 παντός.
1017 1023 1082 1075 Τί
1106 1019 1229 1087 οὖνς
1252 1023 1426 1087 οὐδεὶς
1452 1024 1512 1091 ἐξ
1540 1024 1751 1078 ἐκείνου
1804 1026 2079 1098 ἰερόσυλος

491 1105 750 1171 γέγονεν;
809 1106 867 1159 '0
918 1106 1090 1159 Σαοὺλ
1131 1107 1293 1160 πάλιν
1347 1108 1676 1178 φεισάμενος
1711 1109 1864 1178 παρὰ
1917 1108 2080 1178 τδτῷ

491 1188 613 1258 Θεῷ
632 1188 843 1255 δοκοῦν,
872 1190 1144 1262 τοσαύτην
1165 1191 1378 1261 ὑπέστη
1421 1192 1714 1264 τιμωρίαν’
1766 1192 1940 1257 οὐδεὶς
1984 1189 2080 1246 οὖν

492 1271 750 1341 ἐφείσατο
778 1272 839 1337 ἐξ
870 1274 1115 1341 έκείνου;
1158 1274 1285 1327 Εἴθε
1314 1276 1414 1344 μὲν
1434 1271 1529 1329 οῦν
1557 1275 1737 1328 τοῦτο·
1768 1277 1891 1346 οὐχὶ
1941 1277 2081 1347 μᾶλ-

493 1354 585 1407 λον
610 1368 634 1395 α
669 1354 820 1427 [484]
850 1356 1056 1427 θηρίων
1085 1356 1350 1427 ἀλλήλους
1384 1358 1744 1428 κατεσθίομεν
1758 1360 1909 1430 παρὰ
1924 1359 1985 1412 τὸ
2002 1359 2081 1431 τῷ

497 1437 619 1507 Θεῷ
666 1438 877 1504 δοκοῦν,
906 1442 999 1492 καὶ
1018 1440 1193 1503 οὐδεὶς
1216 1440 1411 1493 ἔπεσεν
1454 1442 1513 1494 ἑν
1540 1440 1787 1512 πολέμῳ.
1838 1443 2006 1496 Πάλιν
2031 1445 2082 1496 οἰ

492 1520 590 1572 τοῦ
622 1520 769 1572 Ἠλεὶ
803 1524 907 1574 υἱοὶ
930 1524 1121 1594 ἐπειδὴ
1154 1524 1261 1594 πρὸ
1312 1522 1408 1575 τοῦ
1468 1524 1817 1594 θυμιάματος
1870 1525 2077 1595 ἡσθιον,

492 1601 650 1674 δίκην
676 1603 861 1657 ἔδοσαν
885 1606 1279 1677 χαλεπωτάτην
1310 1607 1451 1677 μετά
1489 1606 1587 1659 τοῦ
1610 1609 1842 1679 πατρός.
1892 1610 2083 1672 Οὐδεὶς

493 1681 589 1739 οὖν
652 1687 872 1754 ἐγένετο
926 1690 1110 1759 πατὴρ
1157 1690 1401 1760 ῥάθυμος
1458 1692 1589 1761 7:391
1648 1692 1878 1759 παῖδας;
1956 1693 2082 1747 οὔτε

498 1770 764 1841 μοχθηροί
792 1772 1013 1837 παῖδες;
1054 1773 1169 1826 ἀλλ’
1195 1774 1373 1835 οὐδεὶς
1410 1774 1581 1827 ἔδωκε
1610 1774 1786 1847 δίκην.
1826 1778 1962 1830 Πότε
1989 1773 2083 1831 οὖν

491 1853 775 1921 δώσουσιν,
805 1857 871 1908 ἂν
899 1860 1093 1924 γέεννα
1129 1860 1202 1927 μὴ
1228 1854 1292 1930 ﬁ;
1342 1859 1511 1915 Πάλιν
1543 1859 1713 1931 μυρία
1762 1862 1828 1916 ἄν
1857 1879 1940 1925 τις
1970 1862 2084 1933 ἐχοι

492 1938 821 2007 καταλέγειν
862 1941 1046 2010 ἕτερα.
1078 1943 1143 1995 Τί
1167 1942 1225 1995 δέ
1251 1960 1265 2007 ;
1295 1944 1323 1995 ό
1376 1943 1629 2007 Ἀνανίας
1660 1944 1757 1999 x01
1778 1946 1812 2015 ἡ
1853 1947 2085 2016 Σάπφει-

494 2040 587 2094 ρα,
621 2025 723 2078 οὐκ
758 2026 945 2097 ἐπειδὴ
973 2027 1205 2096 ἔκλεψαν
1228 2027 1287 2093 ἐξ
1312 2020 1388 2081 ὧν
1415 2028 1709 2099 ἀνέθηκαν,
1740 2032 2086 2101 παραχρῆμα

492 2109 947 2179 ἐτιμωρήθησαη
1004 2111 1193 2174 Οὐδείς
1244 2107 1339 2165 οὖν
1395 2112 1508 2180 ἀρα
1528 2110 1589 2177 ἐξ
1634 2113 1847 2166 ἐκείνου
1908 2114 2084 2168 ταῦτα

493 2190 753 2260 ἑποίησες
778 2193 893 2255 πῶς
915 2189 1009 2248 οῦν
1036 2195 1136 2247 οὐκ
1165 2194 1373 2249 ἔδωκαν
1390 2194 1491 2267 τὴν
1514 2196 1685 2267 αὐτὴν
1711 2196 1867 2269 δίκην
1892 2213 1907 2261 ;
1934 2193 2002 2252 *Α
2017 2198 2085 2269 ρέι

496 2288 556 2326 σε
596 2274 855 2347 πείθομεν
908 2277 992 2330 ὅτι
1047 2279 1243 2346 γέεννα
1294 2278 1465 2343 ἐστιν,
1518 2278 1845 2351 ἢπλειόνων
1877 2298 1959 2333 σοι
2003 2281 2086 2334 δεῖ

493 2359 993 2431 παραδειγμάτων;
1026 2364 1237 2417 Οὐκοῦν
1262 2366 1359 2418 καὶ
1390 2366 1484 2417 ἐπὶ
1511 2367 1578 2418 τὰ
1608 2367 1831 2437 ἄγραφα
1856 2366 2081 2439 ἥξομεν,

491 2442 561 2497 τὰ
589 2444 683 2497 νῦν
722 2448 780 2499 ὲν
806 2447 884 2517 τῷ
918 2446 1018 2519 βίῳ
1052 2449 1333 2519 γινόμενα·
1374 2453 1675 2517 ἀναγκαῖον
1735 2453 1845 2523 γὰρ
1880 2453 2082 2505 πάντο-

492 2526 584 2580 θεν
617 2528 820 2599 ταύτην
843 2533 976 2601 ἡμῖν
1008 2531 1333 2601 συλλεγῆναι
1371 2532 1469 2604 τὴν
1493 2532 1723 2594 ἔννοιαν,
1756 2536 1842 2588 ἶνα
1868 2536 1943 2609 μὴ
1984 2537 2085 2607 μά-

489 2629 592 2683 την
626 2614 841 2677 ἑαυτοῖς
874 2614 1247 2685 χαριζόμενοι,
1288 2614 1615 2686 βλάπτωμεν
1662 2618 1911 2682 ἑαυτούς.
1970 2622 2083 2691 Οὐχ

489 2697 622 2767 δρᾷς
648 2697 877 2761 πολλοὺς
928 2700 987 2751 ὲν
1018 2701 1350 2769 συμφοραῖς.
1381 2700 1450 2753 τά
1482 2702 1712 2770 σώματα
1741 2704 2079 2773 ἀναπήρους,

494 2781 663 2850 μυρία
722 2782 1031 2851 πάσχοντας
1059 2782 1227 2844 δεινὰ,
1258 2783 1480 2852 ἐτέρους
1526 2782 1583 2836 δὲ
1616 2784 2037 2855 εὐδοκιμοῦντας
2064 2805 2080 2853 ;

489 2862 649 2916 διὰτί
678 2865 729 2917 οἱ
754 2865 852 2933 μὲν
887 2864 1065 2932 φόνων
1101 2864 1304 2919 διδόασι
1342 2866 1519 2928 δίκας,
1574 2867 1626 2919 οἰ
1654 2867 1713 2921 δὲ
1748 2866 1848 2932 ob;
1878 2870 2079 2922 ’Δκου-

492 2962 585 2999 σον
606 2946 702 2999 τοῦ
722 2948 935 3000 Παύλου
963 2946 1235 3015 λέγοντος·
1267 2948 1451 3002 Τινῶν
1478 2952 1537 3003 αἰ
1564 2951 1839 3018 ἁμαρτίαι
1867 2951 2083 3021 πρόδη-

490 3031 593 3083 λοι
612 3032 751 3091 εἰσι,
780 3033 903 3085 τισί
933 3031 1003 3085 δὲ
1028 3032 1127 3085 καί
1171 3032 1675 3087 ἐπακολουθοῦσι.
1709 3035 1869 3088 Πόσοι
1896 3036 2082 3104 διέφυ-

491 3129 590 3180 γον
624 3113 973 3185 άνδροφόνοι;
1016 3116 1175 3167 πόσοι
1214 3114 1609 3186 τυμϐωρύχοις
1664 3116 1805 3170 Ἀλλ’
1836 3119 2083 3187 ἀφείσθω

491 3196 687 3251 ταῦτα.
718 3199 928 3261 Πόσους
960 3200 1059 3271 οὐχ
1088 3201 1225 3270 δρᾷς
1248 3200 1650 3271 κολαζομένους
1676 3203 1901 3257 κόλασιν
1930 3204 2083 3276 χαλε-

493 3281 641 3352 πήν;
671 3282 722 3332 οἰ
760 3282 859 3351 μὲν
883 3280 1024 3353 νόσῳ
1052 3284 1239 3353 μακρᾷ
1270 3283 1669 3355 παρεδόθησαν,
1700 3288 1750 3340 οἰ
1804 3287 1861 3339 δὲ
1902 3288 2077 3358 βασά-

492 3380 606 3426 νοις
638 3363 964 3434 διηνεκέσιν,
1004 3366 1054 3417 οἱ
1083 3366 1141 3419 δὲ
1176 3367 1385 3436 ἑτέροις
1419 3368 1633 3438 μυρίοις
1669 3368 1881 3435 δεινοῖς.
1910 3371 2077 3425 Ὅταν

558 3484 587 3560 ξι
610 3486 887 3560 Ιςςεθηεῖθε
924 3488 1007 3560 μέν
1042 3488 1125 3538 οὖν
1144 3488 1205 3549 ἦν
1221 3488 1385 3550 τοῦτο,
1413 3493 1494 3539 καὶ
1518 3492 1623 3554 οὐχὶ
1649 3494 1846 3555 μᾶλλον,
1869 3499 1923 3544 et
1965 3508 2078 3545 mox

490 3549 575 3598 καὶ
596 3551 745 3606 οὐδεὶς
768 3549 934 3599 ἔπεσεν
954 3552 1028 3599 άν.

1167 327 1224 381 S.
1260 326 1543 381 JO1‘N‘NIS
1579 326 2065 385 CIIRYSOSI'OMI
2104 328 2425 386 ARCHIEP.
2468 326 3021 385 CONSTANTINOP.

3646 322 3753 382 με

2179 436 2273 495 οὖν
2297 440 2413 514 ῶῃς
2440 440 2511 495 τὰ
2542 440 2679 494 αῦτά
2708 440 2934 502 ἐκείνοις
2965 437 3361 507 τετολμηκότα,
3391 437 3424 507 ἢ
3458 436 3550 490 καὶ
3580 436 3756 507 πολλῷ

2180 524 2421 586 πλείονα,
2452 525 2547 578 καὶ
2576 525 2651 595 μὴ
2685 523 2895 577 διδόντα
2927 522 3107 593 δίκην,
3132 521 3249 590 οὐχὶ
3304 523 3397 574 καὶ
3438 522 3587 574 ἀκων
3623 523 3755 589 ὁμο-

2178 608 2432 680 λογήσεις
2466 608 2566 679 τὴν
2599 608 2853 675 γέενναν;
2882 607 3112 674 Ἐκλεγε
3144 606 3365 667 τούτους
3382 604 3505 665 τοῦς
3525 603 3758 655 ἐνταῦθα

2180 692 2286 762 πρὸ
2313 693 2408 744 σοῦ
2430 691 2866 762 κεκολασμένους
2891 690 3163 761 χαλεπῶς,
3220 688 3388 741 ἐννόει
3445 688 3528 740 ὅτι
3574 687 3604 739 ὁ
3628 686 3759 749 Θεδς

2180 774 2656 847 προσωπολήπτης
2682 776 2781 830 οὐκ
2813 775 2949 837 ἔστι,
2977 775 3071 828 καὶ
3093 776 3173 826 ὅτι
3200 773 3365 843 μυρία
3390 770 3759 842 ἐργασάμενος

2179 860 2351 922 κακά,
2381 859 2534 913 οὐδὲν
2572 859 2817 913 τοιοῦτον
2847 858 3145 920 πέπονθας,
3178 858 3271 910 καὶ
3315 856 3459 921 ἔξεις
3522 856 3621 924 τὴν
3671 854 3762 906 έν-

2178 960 2331 997 νοιαν
2353 947 2452 1014 τῆς
2468 943 2711 1011 γεέννης.
2731 942 2887 996 Οὕτω
2906 944 3013 1013 γὰρ
3029 944 3162 1012 ἡμῖν
3184 941 3354 1012 αὐτὴν
3370 938 3539 1001 δΘεδς
3562 939 3760 1003 ἐγκατ-

2182 1028 2455 1097 έσπειρεν,
2495 1027 2571 1090 ὡς
2625 1027 2830 1097 μηδένα
2864 1026 3127 1094 ἀγνοῆσαι
3149 1023 3307 1077 τοῦτό
3340 1039 3489 1076 ποτε.
3517 1022 3625 1075 Καὶ
3652 1022 3762 1091 γὰρ

2181 1117 2409 1185 ποιηταὶ
2461 1114 2559 1165 καί
2591 1112 2875 1180 φιλόσοφοι
2926 1111 3023 1164 καὶ
3066 1108 3355 1179 μυθολόγοι
3377 1146 3393 1172 ,
3438 1108 3534 1160 καὶ
3562 1106 3759 1168 πάντες

2182 1196 2370 1260 ἁπλῶς
2399 1196 2698 1265 ἄνθρωποι,
2735 1194 2864 1265 περὶ
2892 1194 2989 1263 τῆς
3004 1191 3410 1253 ἀνταποδόσεως
3434 1188 3758 1258 ἐφιλοσόφη-

2184 1297 2285 1334 σαν
2318 1280 2415 1349 τῆς
2437 1280 2574 1344 ἐκεῖ,
2605 1278 2701 1331 καί
2728 1277 2787 1329 ὲν
2816 1276 2943 1347 ᾅδου
2973 1274 3299 1338 κολάζεσθαι
3326 1274 3583 1343 εἰρήκασι
3634 1273 3757 1336 τοὺς

2182 1364 2435 1426 πολλούς.
2470 1361 2536 1417 Εἰ
2561 1362 2616 1415 δὲ
2645 1363 2830 1414 ἐκεῖνα
2874 1359 3054 1431 μῦθοι.
3082 1358 3197 1414 ἀλλ’
3222 1359 3282 1411 οὑ
3327 1359 3396 1411 τὰ
3427 1358 3554 1427 παρ’
3605 1358 3755 1425 ἡμῖν.

2183 1448 2370 1503 Ταῦτα
2393 1448 2491 1517 όῦχ
2521 1447 2709 1510 ἁπλῶς
2756 1444 2991 1515 φοϐῆσαι
3039 1442 3358 1515 βουλόμενος
3407 1436 3560 1494 εἷπον
3583 1482 3599 1505 ,
3639 1440 3759 1494 οὐδὲ

2185 1531 2419 1604 βαρῦναι
2449 1532 2548 1595 τὰς
2573 1530 2844 1601 ὑμετέρας
2868 1528 3067 1599 ψυχὰς,
3100 1525 3236 1582 ἀλλὰ
3264 1525 3614 1597 σωφρονίσαι,
3667 1524 3760 1577 καὶ

2184 1616 2525 1686 κουφοτέρας
2575 1612 2935 1685 ἐργάσασθαι.
2977 1609 3307 1681 Ἐϐουλόμην
3338 1610 3431 1662 καὶ
3465 1608 3626 1668 αὐτὸς
3650 1604 3760 1674 ἐγὼ

2186 1700 2262 1771 μὴ
2288 1695 2426 1753 εἶναι
2461 1697 2706 1758 κόλασιν,
2744 1695 2839 1748 καὶ
2882 1695 3118 1765 μάλιστα
3155 1694 3370 1746 πάντων
3393 1691 3522 1758 ἐγώ.
3576 1691 3640 1742 Τί
3666 1690 3757 1759 δή·

2185 1800 2316 1835 ποτε
2339 1798 2353 1844 ;
2377 1782 2501 1834 Ὀτι
2527 1780 2681 1851 ὑμῶν
2724 1780 2823 1849 μὲν
2866 1779 3097 1840 ἕκαστος
3129 1777 3270 1847 ὑπὲρ
3302 1777 3399 1845 τῆς
3430 1774 3624 1828 ἑαυτοῦ
3656 1773 3759 1842 Qu-

2184 1866 2285 1937 χῆς
2311 1866 2565 1919 δέδοικεν·
2598 1862 2708 1930 ἐγὼ
2734 1862 2790 1915 δὲ
2821 1861 2915 1914 καὶ
2944 1861 3042 1931 τῆς
3074 1860 3409 1930 προστασίας
3436 1857 3641 1926 ταύτης
3672 1857 3763 1908 εὑ-

2185 1950 2350 2013 θύνας
2372 1949 2573 2018 ὑφέξω·
2610 1947 2751 2000 ὥστε
2815 1944 3051 2016 μάλιστα
3077 1946 3295 1998 πάντων
3330 1943 3429 2014 ἐμὲ
3481 1942 3765 2009 διαφυγεῖν

2183 2033 2465 2089 ἀδύνατον.
2510 2032 2650 2084 Ἀλλ’
2676 2032 2776 2083 οὐκ
2802 2031 2918 2082 ἑστι
2954 2029 3028 2099 μὴ
3054 2025 3193 2081 εἶναι
3215 2029 3434 2082 κόλασιν
3463 2028 3557 2080 καί
3606 2026 3760 2093 γέεν-

2183 2134 2301 2171 ναν.
2325 2116 2391 2169 Τί
2419 2116 2608 2181 πάθω;
2643 2114 2809 2169 Πάλιν
2837 2113 3177 2184 ὲπαποροῦσι
3229 2114 3319 2166 καί
3348 2128 3479 2179 φασι
3498 2128 3512 2141 ’
3538 2110 3648 2163 Ποῦ
3669 2104 3763 2163 οὖν

2183 2201 2279 2254 τοῦ
2304 2200 2441 2253 Θεοῦ
2476 2200 2537 2252 τὸ
2570 2199 2955 2269 φιλάνθρωπον
2979 2214 2994 2263 ;
3050 2195 3355 2266 Πανταχοῦ.
3380 2194 3594 2249 Μᾶλλον
3621 2194 3678 2247 δὲ
3703 2194 3767 2247 ὲν

2184 2284 2357 2353 ἑτέρῳ
2388 2282 2518 2353 περὶ
2548 2281 2740 2335 τούτου
2792 2280 3105 2349 διαλέξομαι
3137 2278 3336 2349 καιρῷ,
3390 2279 3477 2332 ἴνα
3510 2276 3585 2348 μὴ
3635 2277 3761 2337 τοὺς

2184 2367 2314 2437 περὶ
2345 2366 2570 2436 γεέννης
2604 2365 2926 2436 συγχέωμεν
2955 2363 3162 2432 λόγους.
3180 2364 3325 2427 Τέως
3348 2364 3404 2416 δὲ
3441 2364 3577 2431 ὅπερ
3601 2365 3759 2431 ἐκερ-

2183 2450 2419 2520 δάναμεν
2444 2449 2554 2504 ἀπὸ
2577 2448 2686 2502 τῶν
2710 2448 3035 2519 εἰρημένων,
3069 2447 3143 2519 μὴ
3168 2448 3415 2518 διαρῤυῇ·
3436 2445 3626 2515 κέρδος
3654 2444 3763 2515 γὰρ

2185 2534 2245 2587 οὐ
2272 2532 2466 2605 μικρὸν
2500 2531 2792 2587 πεπεῖσθαι
2826 2533 2954 2602 περὶ
2985 2531 3229 2601 γεέννης.
3261 2529 3411 2602 [4851
3451 2531 3516 2580 Ἡ
3537 2528 3761 2599 γὰρτῶν

2185 2616 2448 2670 τοιούτων
2477 2615 2653 2685 λόγων
2704 2616 2893 2685 μνήμη
2928 2613 3177 2685 καθάπερ
3226 2631 3277 2666 τι
3314 2611 3509 2683 πικρὸν
3543 2612 3762 2680 φάρμα-

2184 2718 2302 2763 κον,
2340 2702 2520 2753 πᾶσαν
2569 2698 2769 2753 κακίαν
2811 2698 3125 2769 ἀποσμῆξαι
3164 2696 3469 2765 δυνήσεται,
3526 2694 3761 2764 συνεχῶς

2188 2782 2344 2853 ὑμῶν
2375 2781 2701 2845 ὲνιζάνουσα
2729 2784 2795 2853 τῇ
2813 2782 3041 2853 διανοίᾳ.
3078 2779 3357 2852 Χρώμεθα
3383 2780 3563 2831 τοίνυν
3591 2777 3763 2847 αὐτῷ,

2189 2868 2276 2921 ἵνα
2304 2866 2552 2939 καθαρὰν
2581 2866 2810 2938 καρδίαν
2842 2865 3090 2918 ἐντεῦθεν
3124 2864 3360 2935 ἔχοντες,
3422 2862 3567 2916 οὕτω
3592 2878 3759 2915 κατα·

2189 2951 2473 3021 ξιωθῶμεν
2509 2950 2657 3012 ἰδεῖν,
2698 2948 2736 3003 ἃ
2792 2950 2931 3019 μήτε
2984 2948 3265 3018 ὀφθαλμὸς
3299 2943 3427 3012 εἶδε,
3490 2948 3627 3016 μήτε
3671 2940 3761 3006 οῦς

2189 3036 2412 3104 ἢκουσε,
2453 3035 2591 3105 μήτε
2626 3032 2718 3086 ἐπὶ
2747 3032 2976 3102 καρδίαν
3008 3030 3293 3101 ἀνθρώπου
3328 3030 3516 3101 ἀνέϐη·
3566 3023 3641 3083 ὧν
3673 3028 3762 3096 γέ-

2189 3136 2331 3172 νοιτο
2362 3117 2569 3179 πάντας
2600 3118 2749 3186 ήμᾶς
2782 3117 3081 3183 ἐπιτυχεῖν,
3110 3116 3293 3184 χάριτι
3316 3114 3412 3167 καὶ
3457 3112 3763 3183 φιλανθρω-

2188 3202 2288 3272 πίᾳ
2314 3200 2408 3253 τοῦ
2436 3198 2643 3270 Κυρίου
2674 3198 2831 3269 ἡμῶν
2882 3198 3055 3268 Ἰησοῦ
3108 3198 3366 3269 Χριστοῦ,
3415 3196 3533 3268 μεθ’
3586 3192 3647 3250 οὗ
3685 3194 3760 3264 τῷ

2189 3286 2367 3356 Πατρὶ
2399 3283 2516 3353 ἅμα
2540 3282 2619 3353 τῷ
2650 3282 2790 3351 ἁγίῳ
2810 3281 3087 3351 Πνεύματι
3130 3281 3279 3346 δόξα,
3326 3282 3548 3350 κράτος,
3605 3278 3754 3348 τιμὴ,

2185 3370 2281 3425 νῦν
2339 3368 2435 3422 καὶ
2484 3368 2607 3432 ἀεὶ,
2662 3366 2757 3419 καὶ
2804 3368 2884 3430 εἰς
2938 3368 3065 3429 τοὺς
3103 3366 3307 3427 αἰῶνας
3357 3364 3467 3419 τῶν
3523 3362 3752 3417 αἰώνων.

2197 3454 2390 3525 Ἀμήν.

1968 4094 2211 4147 OMlAlA
2245 4094 2324 4149 8'.

492 4280 634 4349 Περὶ
676 4279 746 4331 δὲ
782 4277 903 4331 τῶν
932 4279 1165 4347 χρόνων
1206 4279 1304 4349 καὶ
1346 4277 1465 4331 τῶν
1510 4275 1751 4349 καιρῶν,
1803 4274 2078 4349 ἀδελφοὶ,

563 4346 640 4405 οὐ
695 4350 902 4418 χρείαν
933 4346 1115 4417 ἔχετε
1153 4348 1485 4418 γράφεσθαι
1526 4346 1689 4418 ὑμῖν.
1739 4346 1919 4418 Αὐτοὶ
1968 4347 2080 4418 γὰρ

561 4416 815 4489 ἀκριᾶὖς
834 4416 1055 4483 οῑδατε,
1092 4416 1183 4473 ὅτι
1213 4419 1248 4485 ἠ
1274 4417 1470 4489 ,ἡμέρα
1514 4417 1761 4486 Κυρίου,
1802 4417 1879 4483 ὡς
1937 4416 2079 4469 m-

562 4488 718 4559 πτης
741 4490 815 4545 ἐν
836 4489 1033 4554 νυκτὶ,
1050 4489 1238 4554 οὕτως
1261 4488 1513 4559 ἔρχεται.

561 4619 635 4669 α’.
654 4612 819 4668 Οὐδὲν
846 4612 1041 4676 οὕτως,
1066 4611 1141 4675 ὡς
1170 4610 1336 4676 ἔοικε,
1352 4608 1643 4681 περίεργόν
1657 4611 1774 4662 ἔστι
1798 4608 2081 4678 καὶλίχνον

494 4698 635 4769 πρὸς
664 4698 764 4765 τὴν
784 4697 892 4749 τῶν
917 4695 1143 4764 ἀφανῶν
1185 4694 1277 4748 καὶ
1302 4694 1410 4746 τῶν
1449 4692 1880 4764 κεκαλυμμένων
1908 4692 2081 4764 μάθη-

494 4797 601 4846 σιν,
635 4780 709 4844 ὼς
737 4782 770 4850 ἠ
792 4779 900 4833 τῶν
928 4777 1228 4848 ἀνθρώπιον
1272 4776 1453 4846 φύσις.
1489 4776 1658 4831 Τοῦτο
1684 4777 1741 4831 δὲ
1770 4778 1907 4847 αύτῇ
1940 4792 2078 4846 συμ-

495 4866 703 4919 ϐαίνειν
731 4861 942 4928 εἴωθεν,
972 4863 1101 4915 ὅταν
1125 4861 1291 4932 ἀτελῆ
1334 4862 1428 4913 καὶ
1456 4859 1683 4931 μηδέπω
1705 4858 2078 4930 κατηρτισμέ-

490 4962 594 5018 νην
626 4946 727 5017 τὴν
753 4944 993 4998 διάνοιαν
1011 4944 1130 5018 ἔχῃ.
1173 4946 1284 4999 K01
1311 4947 1420 5013 γάρ
1442 4943 1550 4995 τῶν
1583 4942 1789 4996 παίδων
1815 4945 1862 4996 οἱ
1888 4942 2081 5011 ἀφελέ-

496 5030 759 5101 στεροιού
795 5028 1244 5100 διαλιμπάνουσιν
1292 5026 1683 5089 ἀποκναίοντες
1722 5024 1818 5079 καὶ
1845 5025 2080 5098 τροφέας

494 5118 591 5168 καὶ
623 5114 1005 5183 παιδαγωγοὺς
1039 5113 1135 5167 καὶ
1153 5112 1395 5180 πατέρας
1416 5113 1483 5181 τῇ
1507 5109 1803 5179 πυκνότητι
1817 5108 1927 5162 τῶν
1955 5107 2082 5161 7:56-

498 5216 658 5261 σεων,
690 5202 749 5251 ὲν
782 5192 869 5261 αἷς
893 5198 1046 5251 οὐδὲν
1100 5196 1286 5267 ἕτερόν
1333 5198 1503 5258 ἐστιν,
1534 5194 1654 5247 ἀλλ’
1688 5194 1750 5266 ἢ,
1788 5194 1918 5247 πότε
1957 5193 2079 5246 τόδε

498 5284 633 5345 ἐστὶ,
660 5283 753 5335 καὶ
783 5282 914 5335 πότε
940 5281 1081 5336 τόδε.
1112 5279 1409 5349 Συμϐαίνει
1435 5278 1491 5329 δὲ
1528 5276 1686 5330 τοῦτο
1724 5277 1818 5330 καλ⁸
1847 5277 1956 5331 ἀπὸ
1982 5274 2079 5330 τοῦ

498 5362 857 5435 θρύπτεσθαι,
889 5366 985 5418 καὶ
1015 5364 1123 5417 ἀπὸ
1148 5361 1245 5416 τοῦ
1280 5361 1446 5432 μηδὲν
1478 5360 1623 5430 ἔχειν
1651 5363 1851 5413 ποιεῖν.
1900 5359 2080 5413 Πολλὰ

501 5449 599 5517 μὲν
628 5445 720 5501 οὖν
748 5448 1031 5517 ἐπείγεται
1068 5446 1361 5517 μανθάνειν
1385 5444 1484 5514 ἥδη
1508 5446 1601 5497 καὶ
1630 5442 2079 5514 καταλαμϐάνειν

496 5530 655 5599 ἡμῶν
680 5533 712 5601 ἡ
753 5531 981 5596 διάνοια,
1014 5531 1249 5601 μάλιστα
1277 5528 1333 5580 δὲ
1362 5529 1453 5580 τὸν
1486 5527 1615 5597 περὶ
1640 5528 1737 5596 τῆς
1765 5526 2075 5590 συντελείας

499 5615 708 5683 καιρόν.
737 5617 845 5668 K01
868 5615 921 5667 τί
965 5612 1295 5684 θαυμαστὸν,
1323 5614 1370 5665 εἰ
1395 5614 1554 5683 ἡμεῖς
1574 5611 1731 5663 τοῦτο
1755 5611 2071 5679 πάσχομεν;

502 5697 597 5749 καὶ
628 5698 736 5767 γὰρ
764 5699 917 5751 αὐτοὶ
939 5701 989 5750 οἱ
1016 5698 1159 5766 ἅγιοι
1193 5699 1389 5751 ἐκεῖνοι
1438 5699 1485 5748 οἱ
1526 5696 1810 5747 ἀπόστολοι
1841 5694 2075 5763 μάλιστα

503 5778 635 5830 αὐτὸ
675 5782 890 5833 πάντων
952 5782 1272 5843 πεπόνθασι,
1308 5780 1403 5831 καὶ
1436 5779 1542 5850 πρὸ
1575 5779 1671 5847 μὲν
1724 5778 1816 5830 τοῦ
1865 5778 2075 5839 πάθους

505 5862 889 5929 προσελθόντες
914 5865 1130 5933 λέγουσι
1154 5864 1479 5936 τῷΧριστῴ
1508 5878 1517 5889 ’
1556 5862 1702 5917 Εἰ.τὲ
1734 5860 1895 5931 ἡμῖν,
1931 5862 2075 5914 πότε

2183 4272 2370 4327 ταῦτα
2390 4272 2580 4334 ἕσται,
2606 4272 2704 4324 καὶ
2722 4270 2780 4323 τί
2806 4270 2869 4324 τό
2887 4268 3139 4337 σημεῖον
3158 4264 3269 4334 τῆς
3288 4262 3408 4331 σῆς
3428 4263 3759 4330 παρουσίας

2182 4357 2283 4411 καί
2313 4355 2423 4424 τῆς
2443 4355 2802 4421 συντελείας
2830 4353 2937 4407 τοῦ
2968 4350 3223 4416 αἰῶνος;
3251 4348 3391 4420 μετά
3415 4346 3471 4398 δὲ
3500 4346 3560 4399 τὸ
3591 4345 3757 4407 πάθος

2181 4442 2278 4495 καὶ
2305 4442 2405 4510 τὴν
2452 4441 2517 4491 ὲκ
2565 4437 2774 4508 νεκρῶν
2816 4435 3115 4490 ἀνάστασιν
3161 4433 3346 4499 ἔλεγον
3381 4430 3516 4499 πρὸς
3546 4428 3707 4481 αὐτόν
3738 4440 3754 4456 ⁶

2184 4523 2332 4579 Εἰπὲ
2355 4522 2519 4591 ἡμῖν,
2551 4524 2605 4575 εἰ
2636 4522 2706 4575 ἐν
2738 4519 2816 4583 τῷ
2833 4521 3028 4587 χρόνῳ
3045 4517 3233 4579 τούτῳ
3260 4510 3757 4575 ἀποκαθιστάνεις

2181 4609 2297 4675 τὴν
2310 4606 2641 4671 βασιλείαν
2671 4599 2750 4670 τῷ
2815 4603 3059 4669 Ἰσραήλ
3088 4618 3100 4630 ·
3131 4600 3223 4651 καὶ
3253 4596 3402 4649 οὐδὲν
3428 4593 3534 4662 πρὸ
3570 4592 3755 4646 τούτου

2182 4692 2346 4747 αὐτὸν
2379 4692 2591 4761 ἤροντο.
2625 4687 2767 4742 Ἀλλ’
2796 4687 2857 4738 ού
2893 4685 3030 4754 μετά
3054 4682 3230 4735 ταῦτα
3259 4678 3451 4742 οὕτως.
3490 4679 3619 4729 Ὅτε
3650 4677 3754 4745 γὰρ

2181 4774 2275 4827 τοῦ
2312 4758 2627 4843 Πνεῦματος
2679 4768 2775 4825 τοῦ
2821 4767 2977 4836 ἁγίου
3033 4763 3470 4834 κατηξιώθησαν,
3505 4760 3564 4811 οῦ
3600 4758 3756 4828 μόνον

2182 4858 2336 4911 αὐτοὶ
2388 4841 2489 4910 οὐκ
2546 4852 2845 4925 ἐρωτῶσιν,
2915 4850 3034 4903 οὐδὲ
3077 4846 3405 4916 ἁσχάλλουσι
3460 4844 3598 4913 πρὸς
3660 4841 3756 4909 τὴν

2182 4941 2427 5009 ἄγνοιαν,
2449 4938 2587 4994 ἀλλὰ
2607 4938 2701 4991 καί
2726 4937 2851 4998 τοὺς
2875 4933 3079 5004 ταύτην
3097 4934 3197 5003 τὴν
3217 4932 3440 5001 ἄκαιρον
3466 4925 3755 5009 νοσοῦντας

2181 5005 2721 5094 πολυπραγμοσύνην
2776 5016 3249 5073 καταστέλλουσιν.
3302 5014 3588 5094 ’Ἄκουσον
3626 5005 3757 5094 γοῦν

2180 5104 2270 5162 οἷα
2326 5088 2495 5160 νῦν
2544 5088 2812 5176 μακάριος
2854 5099 3065 5163 Παῦλός
3117 5112 3287 5168 φησιο
3338 5093 3479 5162 Περί
3526 5088 3757 5176 δὲγτῶν

2180 5192 2414 5261 χρόνων
2435 5175 2677 5243 καὶτῶν
2705 5182 2947 5252 καιρῶν,
2967 5182 3241 5251 ἀδελφοὶ,
3268 5181 3340 5233 οὐ
3365 5175 3758 5261 χρείαν-ἔχετε

2181 5257 2510 5344 λγῖράφεσθαι
2525 5271 2687 5342 ὑμῖν.
2719 5269 2819 5322 Διὰ
2832 5268 2885 5321 τί
2906 5268 2981 5339 μὴ
3000 5262 3271 5330 εἷπεν,ὃτι
3295 5263 3469 5325 οὐδεὶς
3500 5257 3641 5323 οἷδε;
3669 5258 3756 5311 διὰ

2180 5359 2241 5412 τί
2289 5357 2365 5427 μὴ
2399 5352 2575 5419 εἶπεν,
2595 5353 2798 5408 ὅτιούκ
2843 5350 3223 5419 ἀπεκαλύφθη,
3263 5347 3398 5411 ἀλλ’,
3427 5346 3510 5398 Οὺ
3544 5344 3757 5412 χρείαν

2180 5444 2349 5512 ἔχετε
2371 5440 2700 5510 γράφεσθαι
2717 5436 2860 5506 ὑμῖν
2873 5452 2893 5500 ;
2919 5436 3041 5489 Ὅτι
3066 5433 3288 5495 ἐκείνως
3304 5432 3402 5501 μὲν
3424 5429 3491 5481 ἀν
3517 5428 3756 5512 ἐλύπησε

2188 5510 2422 5597 μᾶλλον·
2463 5522 2607 5577 οὕτω
2629 5523 2686 5576 δὲ
2711 5518 3140 5591 παρεμυθήσατο
3170 5514 3357 5570 εἰπών.
3392 5512 3482 5583 Τῷ
3499 5512 3630 5597 γὰρ,
3672 5510 3756 5561 Οὐ

2183 5595 2389 5677 χρείαν
2422 5606 2613 5675 ἔχετε,
2648 5606 2741 5658 καὶ
2778 5602 2853 5667 ὼς
2884 5600 3155 5673 περιττὸν,
3183 5600 3276 5652 καὶ
3303 5598 3376 5660 ὡς
3414 5595 3752 5677 ἀσύμφορον,

2182 5674 2365 5762 ξητεῖν
2382 5674 2480 5744 οὐκ
2503 5692 2670 5743 εῖασε.
2698 5688 2855 5739 Ποῖον
2877 5687 3005 5755 γὰρ,
3041 5684 3161 5736 εἰπέ
3183 5700 3289 5753 μοι,
3315 5680 3372 5732 τὺ
3396 5678 3607 5747 κέρδος
3635 5674 3751 5762 BG):

2186 5793 2287 5844 μεν
2312 5770 2449 5827 εἷναι
2471 5771 2568 5844 τὴν
2587 5770 2897 5824 συντέλειαν
2916 5766 3218 5840 [ιί861μετὰ
3243 5766 3443 5817 εἴκοσιν
3468 5762 3586 5829 ἔτη,
3613 5758 3753 5827 μετὰ

2182 5860 2496 5931 τριάκοντα,
2529 5843 2674 5928 μετὰ
2702 5852 2893 5909 ἑκατόν
2927 5868 2940 5886 ·
2974 5852 3025 5903 τί
3056 5850 3213 5904 τοῦτο
3243 5847 3375 5921 πρὸς
3411 5847 3594 5918 ήμᾶς;
3632 5843 3755 5912 οὐχὶ
