4114 6396
356 362 462 420 ιὸὗ

359 484 575 536 lratrem
598 474 954 540 interemeris,
970 488 1077 528 non
1098 472 1238 527 idem
1259 470 1466 527 fecisti?
1484 469 1622 537 Quid
1639 479 1749 524 tum
1769 468 1937 531 enim,

358 570 402 630 si
422 584 527 623 non
547 582 697 633 ense,
719 565 816 621 sed
836 566 944 621 alio
964 564 1160 618 modo?
1179 562 1393 633 quando
1413 575 1534 616 cum
1558 561 1730 630 possis
1749 558 1940 614 sedare

356 661 589 727 famem,
621 660 939 737 neglexeris.
979 658 1115 724 Quid
1153 656 1323 725 ergo?
1350 654 1541 711 Nullus
1582 652 1769 708 invidit
1800 665 1941 706 nunc

358 752 541 809 fratri?
572 768 729 813 nemo
757 749 988 819 conjecit
1014 750 1066 802 in
1094 747 1369 817 pericula?
1395 745 1488 800 sed
1521 745 1607 799 hic
1642 760 1745 798 non
1777 743 1941 798 dede—

359 854 484 899 runt
512 860 717 914 ptenns.
750 842 949 897 Verum
979 841 1200 896 dabunt.
1251 838 1452 895 Deinde
1480 838 1569 908 qui
1618 852 1723 891 non
1766 835 1938 905 legem

359 936 573 1006 quidem
599 935 768 989 audiit
788 934 1065 1003 scriptam,
1095 946 1268 1001 neque
1293 928 1602 1000 prophetas,
1632 942 1803 996 neque
1830 942 1942 980 ma-

359 1043 459 1097 gna
487 1028 639 1098 signa
667 1025 817 1091 vidit,
850 1035 1054 1079 tantum
1085 1023 1176 1079 dat
1204 1022 1524 1093 supplicium
1558 1037 1571 1073 :
1600 1019 1735 1073 alter
1762 1026 1940 1071 autem

360 1121 450 1190 qui
471 1120 662 1175 eadem
687 1117 831 1182 fecit,
854 1125 909 1172 et
929 1130 1101 1185 neque
1122 1125 1227 1169 tam
1251 1113 1431 1167 multis
1449 1111 1739 1181 castigatur
1759 1124 1942 1163 exem-

362 1212 486 1281 plis,
518 1210 686 1265 abibit
721 1208 977 1279 impune?
1006 1208 1072 1262 Et
1099 1206 1188 1261 ubi
1219 1214 1303 1260 est
1340 1204 1433 1260 Dei
1459 1202 1700 1273 justitia?
1730 1201 1818 1255 ubi
1847 1200 1944 1254 bo-

363 1301 546 1357 nitas?
576 1300 782 1355 Rursus
821 1298 1036 1369 quidam
1074 1298 1166 1368 qui
1210 1295 1433 1351 sabbato
1473 1294 1613 1362 ligna
1656 1292 1945 1360 collegerat

364 1392 550 1461 (Num.
579 1392 667 1447 15.
695 1392 809 1460 5‘2),
839 1389 1099 1459 lapidibus
1119 1398 1201 1444 est
1223 1388 1446 1443 obrutus
1475 1404 1488 1441 :
1512 1386 1612 1441 etsi
1636 1384 1943 1440 mandatum

363 1495 446 1539 est
474 1487 610 1548 leve,
636 1492 690 1537 et
717 1481 1125 1537 circumcisione
1152 1481 1347 1535 minus.
1373 1478 1472 1546 Qui
1495 1478 1634 1547 ligna
1658 1476 1948 1545 collegerat

344 1576 419 1629 -in
445 1575 670 1629 sabbato
702 1573 963 1643 lapidatus
992 1583 1111 1637 est;
1140 1572 1232 1641 qui
1258 1581 1435 1625 autem
1476 1583 1619 1637 saepe
1644 1568 1949 1621 innumera-

364 1665 493 1720 bilia
524 1666 856 1719 admiserunt
894 1673 1081 1719 contra
1112 1662 1259 1732 leges
1283 1703 1299 1727 ,
1328 1660 1549 1715 abibunt
1593 1657 1850 1725 impune?
1889 1655 1945 1711 Si

365 1772 494 1826 ergo
522 1772 625 1810 non
653 1765 735 1811 cst
760 1756 1003 1825 gehenna
1022 1795 1039 1819 ,
1068 1754 1155 1809 ubi
1193 1763 1277 1808 est
1301 1751 1550 1822 justitia?
1581 1752 1668 1804 ubi
1698 1758 1781 1804 est
1806 1748 1947 1817 quod

366 1849 594 1913 dicitur,
635 1862 744 1903 non
786 1861 907 1902 esse
953 1846 1315 1916 acceptionem
1364 1841 1746 1914 personarum?
1789 1841 1949 1909 Atqui

366 1942 657 1994 multorum
678 1937 939 2007 ejusmodi
962 1953 1057 1993 eos
1081 1936 1411 2001 insimulant,
1434 1934 1573 2004 quod
1601 1932 1817 1988 sabbata
1842 1946 1950 1985 non

368 2030 691 2086 Custodiam.
724 2029 931 2084 Rursus
960 2027 1174 2099 quidam
1208 2028 1343 2081 alius
1384 2027 1524 2081 illius
1563 2024 1780 2080 Cbarmi
1817 2037 1951 2077 ana-

370 2122 548 2177 thema
578 2121 865 2177 sull‘uratus
885 2161 901 2187 ,
933 2135 1054 2176 cum
1085 2128 1197 2175 toto
1220 2133 1417 2189 genere
1440 2117 1664 2172 obrutus
1694 2114 1790 2169 luit
1821 2114 1955 2183 lapi-

368 2213 543 2267 dibus.
561 2212 697 2280 Quid
718 2228 866 2283 ergo,
892 2228 1050 2267 nemo
1065 2227 1135 2265 ex
1155 2211 1253 2264 illo.
1263 2218 1503 2278 tempore
1523 2208 1621 2263 luit
1636 2205 1954 2277 sacrilegus?

370 2307 498 2361 Sani
540 2322 759 2371 rursus,
801 2306 889 2375 qui
935 2316 1133 2376 praeter
1177 2304 1268 2357 Dei
1311 2304 1639 2357 voluntatem
1679 2299 1951 2371 pepercit,

372 2408 576 2451 tantum
600 2398 853 2452 sustinuit
877 2396 1194 2465 supplicium
1228 2412 1243 2449 :
1271 2394 1446 2449 nullus
1472 2408 1601 2462 ergo
1621 2392 1689 2447 ab
1711 2394 1800 2447 illo
1822 2404 1955 2447 tem-

371 2507 501 2561 pore
538 2490 812 2560 pepercit?
844 2489 1054 2545 Utinam
1092 2488 1308 2557 quidem
1337 2489 1407 2541 ita
1437 2497 1615 2552 esset,
1644 2495 1701 2542 et
1727 2501 1831 2541 non
1858 2501 1957 2541 nos

372 2586 542 2651 iiiagis
562 2598 718 2653 quam
743 2580 893 2647 lene,
915 2581 1052 2635 alter
1070 2581 1296 2634 alterum
1320 2578 1744 2643 comederemus,
1767 2590 1957 2633 contra

371 2691 528 2747 quam
560 2676 667 2730 Deo
696 2675 939 2744 placeat;
966 2682 1021 2729 et
1045 2687 1205 2728 nemo
1238 2673 1289 2727 in
1321 2672 1460 2727 bello
1484 2672 1787 2727 cecidisset.
1821 2671 1960 2726 itur-

372 2784 464 2821 sns
508 2768 600 2825 lilii
649 2767 734 2822 Eli
779 2767 1031 2836 quoniam
1075 2764 1433 2821 comedebant
1474 2773 1597 2819 ante
1641 2766 1956 2828 incensum,

373 2858 715 2926 gravissimas
754 2872 940 2927 pce-nas
964 2857 1229 2912 dederunt
1252 2872 1373 2911 cum
1416 2865 1588 2926 patre.
1619 2855 1805 2912 Nullus
1831 2872 1960 2924 ergo

373 2962 525 3019 pater
557 2951 650 3005 luit
676 2952 951 3021 negligens
976 2959 1030 3005 et
1060 2949 1344 3020 indulgens
1372 2950 1423 3003 in
1454 2949 1632 3016 lilios;
1665 2965 1839 3019 neque
1867 2949 1961 3004 lilii

376 3044 600 3112 improbi
625 3052 681 3098 et
714 3043 996 3119 scelerati?
1028 3050 1085 3097 at
1121 3057 1280 3097 nemo
1320 3041 1466 3097 dedit
1504 3055 1708 3111 poenas.
1737 3041 1961 3109 Quando

373 3149 501 3204 ergo
538 3135 779 3199 dabunt,
819 3135 864 3190 si
905 3150 1012 3189 non
1057 3134 1128 3189 sit
1165 3132 1452 3205 gehenna?
1491 3133 1697 3188 Rursus
1725 3135 1963 3204 potueris

376 3240 657 3281 recensere
680 3225 1109 3301 innumerabilia.
1134 3225 1272 3293 Quid
1301 3226 1471 3280 vero?
1496 3226 1734 3279 Ananias
1757 3234 1811 3280 et
1830 3226 1965 3295 Sap-

377 3316 551 3385 pliira,
583 3316 835 3385 quoniam
858 3314 1101 3371 sull‘urati
1126 3325 1365 3370 erantex
1394 3316 1456 3369 iis
1477 3331 1595 3385 qua:
1620 3316 1729 3370 Deo
1753 3315 1965 3371 obtule-

376 3414 497 3460 rant
517 3413 571 3459 et
589 3414 992 3467 eonsecrarant.
1017 3420 1194 3459 nonne
1214 3406 1390 3459 statim
1414 3406 1581 3476 puniti
1604 3406 1761 3459 sunt?
1780 3406 1964 3461 Nullus

377 3512 506 3565 ergo
550 3496 665 3551 haec
705 3495 830 3550 fecit
859 3511 923 3551 ex
960 3496 1053 3550 illo
1079 3504 1320 3565 tempore
1341 3498 1364 3549 ?
1388 3496 1668 3562 Quomodo
1691 3511 1819 3566 ergo
1858 3512 1965 3551 non

377 3587 593 3642 easdem
644 3586 857 3643 luerunt
906 3588 1132 3656 poenas?
1179 3586 1369 3643 Tibine
1423 3585 1803 3657 persuademus
1845 3602 1966 3643 esse

378 3681 709 3751 gehennam,
738 3695 805 3734 an
835 3678 1076 3750 pluribus
1116 3678 1211 3734 tibi
1247 3693 1382 3749 opus
1406 3687 1491 3733 est
1528 3677 1826 3747 exemplis?
1858 3677 1965 3734 Ve-

381 3774 590 3827 nienms
618 3788 748 3843 ergo
774 3773 933 3828 etiam
959 3772 1023 3827 ad
1050 3787 1114 3827 ea
1144 3786 1263 3842 quze
1292 3786 1399 3826 non
1425 3779 1552 3826 sunt
1588 3770 1784 3840 scripta
1804 3811 1821 3837 ,
1847 3784 1967 3840 quae

380 3882 521 3920 nunc
550 3868 683 3920 liunt
711 3882 725 3919 :
756 3880 978 3920 necesse
998 3873 1081 3919 est
1101 3864 1246 3919 enim
1273 3862 1411 3917 hanc
1434 3862 1706 3917 notionem
1736 3861 1967 3931 undique

380 3960 535 4013 nobis
560 3958 759 4028 colligi,
792 3973 860 4012 ne
890 3967 1093 4012 temere
1122 3955 1278 4010 nobis
1303 3954 1663 4025 indulgentes,
1690 3968 1791 4007 nos
1825 3953 1968 4022 ipsos

380 4050 658 4106 laudamus.
684 4049 799 4104 Non
826 4049 975 4104 vides
1002 4048 1200 4103 multos
1228 4047 1282 4102 in
1308 4046 1700 4103 calamitatibus
1727 4045 1969 4115 corporis

381 4156 601 4196 mancos
630 4155 694 4195 ac
722 4140 998 4195 mutilatos
1016 4180 1032 4205 ,
1060 4139 1200 4195 mala
1227 4139 1335 4209 pati
1362 4136 1767 4192 innumerabilia
1786 4177 1802 4203 ,
1834 4136 1969 4191 alios

380 4242 560 4287 autem
603 4232 795 4286 ﬂorere
823 4240 879 4285 et
908 4231 961 4285 in
997 4230 1137 4286 bona
1172 4245 1295 4285 esse
1335 4226 1777 4284 existimatione?
1803 4242 1970 4298 quare

380 4327 470 4399 alii
501 4325 716 4394 quidem
751 4324 882 4380 dant
923 4339 1109 4394 pinnas
1140 4323 1333 4389 caedis;
1371 4323 1463 4377 alii
1492 4337 1622 4377 vero
1651 4337 1760 4376 non
1778 4321 1801 4375 ?
1829 4320 1970 4376 Audi

1140 356 1208 413 IN
1245 354 1460 412 EPlS'l‘.
1500 353 1541 409 l.
1582 353 1675 409 AD
1712 350 2045 408 THESSAL.
2083 347 2238 404 CAP.
2282 348 2346 403 ν.
2386 346 2617 405 HOMIL.
2658 347 2749 404 IX.

3523 352 3629 410 448

2048 464 2271 520 Paulum
2295 464 2559 521 dicentem
2590 483 2605 520 :
2634 466 2985 534 Quorumdam
3010 467 3271 522 hominum
3290 479 3496 539 peccata
3521 487 3633 521 ma-

2046 561 2233 629 nifesta
2282 568 2400 613 sunt
2451 558 2787 629 praecedentia
2835 559 2906 613 ad
2957 561 3244 627 iudicium;
3295 563 3632 631 quorumdam

2045 660 2214 703 autent
2239 650 2608 720 subsequuntur
2628 650 2708 720 (l.
2736 649 2872 704 Tim.
2904 651 2957 707 5.
2984 651 3097 722 24).
3127 652 3295 720 Quam
3323 653 3475 707 multi
3506 667 3633 707 eva-

2046 751 2233 797 serunt
2259 743 2348 811 qui
2372 742 2574 797 caedem
2604 742 2875 798 fecerant?
2900 760 3057 814 quam
3082 745 3235 800 multi
3260 744 3629 815 sepulcrormn

2045 834 2371 890 ell‘ossores?
2397 834 2503 889 Sed
2532 834 2647 889 hazc
2677 836 2838 890 missa
2866 836 3015 890 liant.
3047 836 3186 903 Quot
3214 846 3336 891 sunt
3360 852 3631 913 quosnon

2046 925 2195 979 vides
2222 925 2369 995 gravi
2394 926 2566 995 puniri
2592 927 2897 996 supplicio?
2922 928 3012 982 alii
3034 929 3244 998 quidem
3272 930 3418 999 gravi
3442 929 3633 984 morbo

2049 1020 2225 1075 traditi
2251 1028 2395 1088 sunt,
2424 1020 2512 1074 alii
2536 1036 2664 1075 vero
2695 1021 2963 1091 perpetuis
2991 1023 3289 1087 tormentis,
3320 1023 3412 1076 alii
3450 1035 3633 1078 autem

2049 1113 2203 1166 malis
2247 1112 2744 1168 innumerabilibus.
2774 1114 2999 1182 Quando
3041 1130 3169 1185 ergo
3201 1115 3403 1171 videris
3439 1132 3632 1186 quem-

2051 1204 2212 1273 piam,
2243 1203 2335 1273 qui
2362 1203 2548 1258 eadem
2575 1219 2694 1274 quae
2722 1205 2820 1274 ipsi
2850 1205 3149 1271 admiserit,
3177 1217 3231 1262 et
3262 1208 3430 1262 multo
3458 1208 3633 1278 plura,

2049 1303 2104 1348 et
2129 1307 2234 1347 non
2262 1292 2354 1347 dat
2380 1308 2594 1361 ptenas,
2619 1309 2798 1349 annon
2827 1296 2913 1350 vel
2944 1296 3139 1350 invitus
3165 1296 3464 1366 gehennam
3499 1299 3632 1353 late-

2049 1382 2234 1439 beris?
2263 1384 2415 1454 erige
2442 1400 2536 1440 eos
2565 1387 2654 1455 qui
2686 1386 2771 1441 hic
2800 1398 2923 1443 ante
2950 1397 3002 1443 te
3026 1397 3152 1444 sunt
3176 1391 3406 1458 graviter
3430 1392 3633 1461 puniti;

2049 1476 2223 1544 cogita
2252 1476 2394 1545 quod
2427 1478 2567 1532 Deus
2598 1492 2855 1547 personas
2897 1495 3001 1532 non
3043 1481 3292 1549 respicit,
3323 1497 3422 1537 nec
3450 1498 3637 1539 earum

2054 1566 2211 1621 habet
2238 1567 2497 1622 rationem
2524 1584 2539 1633 ;
2565 1568 2707 1637 quod
2734 1578 2789 1623 et
2813 1584 2934 1623 cum
2960 1570 3095 1624 mala
3119 1569 3310 1627 feceris
3335 1572 3633 1639 innumera,

2053 1657 2185 1711 nihil
2226 1658 2496 1727 ejusmodi
2537 1674 2724 1729 passus
2754 1676 2812 1715 es
2837 1702 2853 1723 ,
2882 1671 2937 1715 et
2968 1661 3058 1716 tibi
3102 1663 3154 1717 in
3198 1674 3431 1720 mentem
3461 1667 3641 1721 veniet

2052 1751 2314 1820 gehenna.
2349 1752 2420 1805 Ita
2448 1754 2592 1808 enim
2623 1753 2778 1807 nobis
2812 1754 2949 1810 Deus
2989 1772 3106 1811 eam
3137 1760 3363 1824 inserit,
3395 1769 3454 1815 ut
3482 1769 3641 1815 nemo

2054 1860 2304 1912 umquam
2334 1845 2434 1900 hoc
2462 1846 2799 1917 ignoraverit.
2829 1846 2960 1902 Nam
2988 1859 3040 1903 et
3064 1860 3234 1920 poeta:
3257 1860 3310 1905 et
3336 1852 3639 1923 philosophi

2054 1944 2110 1988 et
2135 1934 2431 1990 labularum
2460 1938 2780 2006 scriptores,
2812 1948 2867 1993 et
2892 1954 3109 2003 onmcs.
3141 1950 3198 1995 ut
3224 1944 3393 1998 semel
3433 1945 3638 2012 dicam,

2056 2022 2332 2089 homines,
2360 2026 2428 2081 de
2456 2028 2889 2084 remuneratione
2914 2044 3032 2100 qua:
3059 2031 3166 2086 illic
3194 2034 3280 2097 lit,
3314 2045 3433 2089 Sunt
3465 2035 3641 2105 philo-

2056 2116 2267 2186 sophati
2290 2159 2306 2184 ,
2336 2127 2394 2173 et
2432 2118 2633 2175 multos
2670 2118 2920 2175 dixerunt
2959 2123 3134 2191 puniri
3162 2124 3300 2193 apud
3338 2126 3555 2181 inferos.
3585 2128 3642 2182 Si

2056 2209 2145 2264 illa
2166 2219 2343 2264 autem
2365 2220 2489 2265 sunt
2509 2211 2723 2278 fabulae,
2746 2212 2839 2267 sed
2863 2228 2970 2267 non
2992 2230 3054 2269 ea
3075 2230 3192 2284 qua:
3215 2228 3339 2271 sunt
3359 2219 3499 2287 apud
3522 2234 3640 2274 nos.

2059 2298 2185 2353 llaec
2209 2299 2318 2354 dixi
2344 2301 2531 2356 volens
2557 2316 2653 2355 vos
2680 2316 2784 2355 non
2816 2312 3021 2359 temere
3044 2314 3266 2371 terrere,
3297 2322 3401 2361 non
3422 2318 3645 2377 gravare

2058 2402 2266 2447 vestros
2304 2394 2513 2448 animos
2536 2434 2551 2458 ,
2588 2394 2684 2449 sed
2716 2397 3023 2451 moderatos
3051 2407 3105 2451 et
3136 2398 3366 2454 leniores
3395 2401 3644 2457 reddere.

2061 2481 2267 2538 Vellem
2297 2484 2410 2552 ipse
2434 2499 2645 2555 quoque
2675 2501 2780 2541 non
2809 2501 2931 2542 esse
2954 2488 3271 2557 supplicium
3297 2531 3311 2552 ,
3337 2500 3392 2545 et
3416 2494 3647 2548 maxime

2060 2575 2299 2629 omnium
2319 2591 2442 2646 ego.
2463 2576 2820 2644 Quamobrem
2839 2580 2863 2631 ?
2881 2579 3142 2647 Quoniam
3162 2584 3525 2653 unusquisque
3538 2590 3652 2655 qui-

2060 2664 2183 2719 dem
2223 2680 2290 2719 ex
2327 2668 2479 2721 vobis
2513 2667 2582 2723 de
2623 2684 2718 2723 sua
2761 2670 2912 2725 timet
2943 2673 3118 2727 anima
3149 2690 3163 2729 :
3192 2688 3293 2743 ego
3319 2685 3497 2731 autem
3529 2692 3648 2733 sum

2062 2754 2326 2811 obnoxius
2359 2756 2647 2813 reddendae
2674 2760 2867 2815 rationi
2896 2760 3056 2831 hujus
3095 2764 3461 2832 prmlecturce;
3492 2768 3563 2824 ita
3594 2779 3653 2826 ut

2061 2861 2163 2916 ego
2188 2848 2427 2902 omnium
2454 2851 2685 2906 maxime
2710 2851 2949 2923 ell‘ugere
2973 2868 3253 2925 nequeam.
3278 2857 3382 2913 Sed
3406 2859 3520 2915 fieri
3544 2878 3651 2918 non

2063 2947 2242 3008 potest
2268 2946 2328 2993 ut
2355 2954 2462 2993 non
2488 2941 2560 2994 sit
2584 2941 2825 3012 gehenna
2851 2952 2907 2998 et
2935 2945 3273 3015 supplicium.
3300 2947 3438 3016 Quid
3461 2953 3653 3021 agam?

2064 3031 2273 3085 Rursus
2297 3032 2545 3086 dubitant
2570 3045 2625 3089 et
2648 3034 2833 3091 dicunt
2861 3054 2874 3091 :
2900 3035 3003 3092 Ubi
3029 3046 3115 3093 est
3142 3054 3272 3110 ergo
3300 3041 3394 3097 Dei
3418 3043 3655 3100 clemen-

2067 3123 2183 3178 tia?
2214 3121 2442 3194 Ubique.
2474 3124 2580 3180 Sed
2612 3128 2780 3197 magis
2809 3126 2878 3182 de
2901 3129 3003 3183 hoc
3027 3128 3288 3187 disseram
3315 3134 3421 3189 alio
3451 3145 3658 3207 tempo-

2065 3229 2159 3279 re,
2188 3230 2257 3269 ne
2285 3230 2591 3271 sermonem
2629 3218 2718 3287 qui
2765 3218 2826 3272 ﬁt
2861 3218 2930 3274 de
2965 3219 3208 3291 gehenna
3246 3225 3654 3283 conlundamus.

2067 3305 2283 3362 Interim
2310 3320 2488 3364 autem
2532 3324 2637 3363 non
2664 3309 2851 3365 ellluat
2879 3313 3022 3381 quod
3058 3330 3123 3369 ex
3163 3314 3320 3371 dictis
3346 3317 3533 3374 lucrati
3562 3335 3656 3375 su-

2067 3413 2188 3454 mus
2217 3416 2231 3453 :
2260 3414 2366 3454 non
2394 3409 2477 3455 est
2511 3402 2654 3455 enim
2683 3417 2867 3471 parum
2898 3404 3033 3459 lucri
3064 3405 3134 3461 de
3176 3407 3416 3477 gehenna
3455 3423 3656 3467 certam

2068 3489 2266 3545 habere
2292 3492 2714 3561 persuasionem.
2738 3493 2941 3549 Horum
2970 3496 3113 3550 enim
3140 3498 3423 3554 verborum
3455 3518 3660 3558 memo-

2066 3583 2181 3648 ria,
2222 3592 2491 3653 tamquam
2538 3600 2665 3641 acre
2707 3587 2922 3656 aliquod
2970 3588 3455 3659 medicamentum,
3498 3610 3659 3652 omne

2067 3676 2253 3730 vitium
2291 3677 2488 3745 poterit
2511 3677 2843 3748 abstergere,
2872 3682 3037 3735 menti
3063 3690 3261 3737 nostra:
3289 3684 3503 3740 assidue
3526 3687 3658 3742 insi-

2069 3766 2226 3820 dens.
2252 3766 2391 3837 Ergo
2413 3777 2626 3822 utanmr
2646 3768 2757 3834 illo,
2782 3778 2839 3823 ut
2864 3768 2988 3825 inde
3011 3771 3265 3826 mundum
3287 3788 3379 3828 cor
3400 3774 3661 3837 habentes

2069 3858 2215 3929 digni
2238 3860 2551 3925 habeamur,
2575 3862 2664 3932 qui
2682 3862 2959 3918 videamus
2977 3879 3097 3934 qua:
3114 3881 3285 3935 neque
3302 3869 3489 3924 oculus
3506 3870 3658 3937 vidit,

2071 3969 2173 4010 nec
2192 3954 2338 4009 auris
2363 3954 2587 4023 audivit,
2613 3971 2789 4026 neque
2812 3957 2864 4011 in
2885 3972 2981 4012 cor
3008 3958 3242 4015 hominis
3266 3962 3658 4021 ascenderunt:

2071 4062 2191 4117 quae
2223 4047 2379 4102 detur
2422 4048 2578 4103 nobis
2622 4049 2872 4105 omnibus
2909 4053 3167 4122 consequi
3192 4094 3208 4119 ,
3237 4054 3405 4124 gratia
3433 4063 3488 4110 et
3514 4056 3663 4111 beni-

2072 4138 2275 4207 gnitate
2318 4139 2529 4193 Domini
2572 4141 2742 4194 nostri
2784 4140 2912 4196 Jesu
2953 4141 3191 4209 Christi,
3222 4159 3343 4199 cum
3377 4160 3486 4215 quo
3519 4146 3663 4202 Patri

2074 4229 2341 4299 simulque
2381 4230 2605 4300 Spiritui
2650 4240 2839 4286 sancto
2867 4233 3071 4301 gloria,
3108 4233 3425 4304 imperium,
3455 4236 3661 4306 honor,

2074 4336 2217 4377 nunc
2241 4330 2296 4377 et
2317 4337 2552 4393 semper,
2580 4335 2635 4378 et
2659 4324 2714 4378 in
2743 4325 2941 4378 smeula
2970 4325 3312 4382 surculorum.
3346 4330 3539 4385 Amen.

1783 4505 2133 4567 HOMILIA
2175 4505 2290 4568 1X.

383 4658 511 4714 CAP.
538 4656 589 4711 5.
622 4657 735 4710 v.1.
756 4654 834 4709 De
862 4654 1167 4724 temporibus
1193 4664 1361 4708 autent
1381 4663 1426 4707 et
1449 4651 1735 4715 momentis,
1762 4652 1966 4721 fratres,

456 4766 557 4803 non
576 4748 807 4820 indigetis
822 4757 875 4800 ut
894 4748 1170 4801 scribamus
1186 4745 1408 4801 vobisﬂ.
1434 4744 1453 4796 Ι
1466 4746 1542 4814 psi
1558 4746 1688 4797 enim
1705 4744 1973 4813 diligenter

453 4840 591 4894 scitis
616 4840 735 4907 quia
761 4840 866 4892 dies
898 4837 1125 4903 Domini,
1157 4838 1287 4891 sicut
1313 4839 1397 4909 fur
1422 4836 1473 4888 in
1502 4844 1662 4899 nocte,
1693 4836 1761 4887 ita
1790 4833 1969 4887 veniet.

455 4934 509 4987 l.
533 4931 694 4994 Nihil,
712 4930 1012 4996 utvidetur,
1028 4941 1112 4986 est
1131 4946 1282 5001 :eqne
1302 4931 1572 4984 curiosum
1601 4938 1657 4982 et
1679 4926 1745 4981 ad
1770 4943 1831 4981 ea
1852 4941 1971 4996 quae

382 5034 508 5081 sunt
528 5023 754 5078 obscura
788 5033 841 5079 et
870 5024 1076 5078 occulta
1103 5022 1387 5078 ediscenda
1409 5020 1855 5091 cupidum,atque
1875 5019 1974 5073 hu-

382 5131 538 5171 mana
559 5126 770 5169 natura.
795 5114 905 5169 Hoc
925 5124 1103 5169 autem
1128 5114 1175 5168 ei
1205 5114 1339 5169 solet
1364 5112 1628 5177 accidere,
1651 5110 1864 5181 quando
1888 5109 1973 5162 ha-

385 5206 474 5261 bet
506 5218 736 5261 mentem
778 5210 952 5261 minus
984 5206 1273 5277 perlectam
1297 5216 1349 5261 et
1390 5206 1607 5259 cultam.
1640 5204 1795 5259 Pueri
1826 5205 1971 5258 enim

384 5299 743 5367 simpliciores
781 5316 885 5355 non
909 5308 1123 5353 cessant
1151 5298 1446 5352 obtundere
1484 5298 1831 5360 educatores,
1861 5312 1972 5365 pa:-

383 5390 617 5460 dagngos
634 5404 697 5444 ac
724 5400 972 5459 parentes
993 5390 1280 5445 crebritate
1302 5389 1678 5459 quaestionum,
1704 5388 1755 5441 in
1778 5387 1973 5457 quibus

387 5484 515 5535 nihil
546 5491 629 5537 est
670 5483 837 5548 aliud,
866 5497 1025 5553 quam
1050 5524 1065 5546 ,
1106 5480 1331 5549 Quando
1384 5482 1484 5534 hoc
1525 5490 1628 5542 est.
1659 5487 1714 5533 et
1761 5481 1973 5548 quando

387 5574 533 5628 illud.
566 5575 679 5630 lloc
704 5586 882 5630 autem
919 5574 1113 5630 accidit
1138 5584 1192 5628 et
1212 5589 1274 5628 ex
1302 5588 1367 5627 eo
1394 5573 1536 5642 quod
1568 5574 1775 5626 vivatur
1796 5572 1849 5624 in
1872 5570 1972 5625 de-

390 5667 545 5729 liciis,
575 5676 631 5721 et
656 5682 719 5720 ex
743 5683 809 5720 eo
833 5666 976 5737 quod
1006 5665 1135 5720 nihil
1167 5666 1397 5719 habeant
1423 5662 1565 5733 quod
1591 5673 1769 5732 agant.
1801 5664 1976 5731 Atque

386 5757 550 5811 tnulta
581 5758 794 5828 quidem
820 5759 928 5829 jam
951 5759 1162 5814 discere
1182 5767 1237 5812 et
1260 5755 1723 5826 comprehendere
1747 5765 1969 5810 conten-

388 5845 466 5901 dit
496 5864 645 5905 mens
672 5859 853 5905 nostra
874 5892 888 5917 ,
921 5850 1151 5905 maxime
1177 5858 1354 5904 autem
1385 5858 1593 5918 tempus
1621 5862 1964 5904 consumma-

2079 4651 2257 4706 tionis.
2296 4651 2361 4705 Et
2403 4651 2529 4721 quid
2571 4651 2801 4717 mirum,
2846 4650 2891 4707 si
2924 4651 3025 4706 hoc
3065 4652 3227 4709 nobis
3262 4654 3510 4710 accidat?
3539 4671 3662 4710 nam

2076 4743 2236 4795 etiam
2260 4741 2390 4813 ipsis
2414 4743 2520 4797 illis
2538 4743 2739 4797 sanctis
2761 4744 3019 4811 apostolis
3043 4743 3142 4798 hoc
3165 4747 3402 4800 omnium
3431 4747 3665 4802 maxime

2076 4832 2273 4888 accidit
2302 4850 2315 4886 :
2348 4842 2404 4887 et
2440 4844 2565 4889 ante
2589 4832 2792 4889 Christi
2821 4834 3039 4904 quidem
3079 4836 3480 4906 perpessionem
3506 4853 3665 4893 acce-

2076 4926 2266 4983 dentes
2281 4926 2693 4983 dicuntChristo
2718 4946 2731 4983 :
2754 4925 2850 4982 Dic
2878 4929 3021 4983 nobis
3046 4931 3247 4998 quando
3273 4931 3381 4986 [nec
3407 4933 3594 4987 erunt?
3620 4942 3669 4986 et

2076 5017 2212 5080 quod
2241 5027 2314 5071 est
2343 5019 2545 5089 signum
2575 5018 2817 5073 adventus
2848 5021 2918 5072 tui
2942 5030 2990 5073 et
3018 5023 3465 5077 consummationis
3491 5025 3669 5079 saeculi

2082 5106 2295 5177 (Matth.
2324 5106 2417 5165 24.
2448 5109 2547 5179 5)?
2576 5119 2697 5178 post
2733 5110 3135 5179 perpessionem
3166 5121 3345 5168 autem
3386 5122 3443 5167 et
3475 5127 3661 5169 resur-

2078 5199 2371 5253 reCIionem
2393 5214 2422 5253 a
2456 5202 2705 5265 mortuis,
2734 5200 2987 5256 dicebant
3017 5203 3114 5271 ipsi
3144 5220 3159 5258 :
3193 5202 3290 5257 Dic
3316 5206 3491 5271 nobis,
3518 5223 3585 5259 au
3611 5208 3666 5259 in

2079 5290 2173 5343 hoc
2222 5300 2444 5360 tempore
2480 5292 2701 5345 restituis
2752 5308 2964 5362 regnum
3008 5292 3174 5348 Israel
3215 5293 3364 5365 (Act.
3398 5299 3445 5350 l.
3475 5296 3538 5367 6)
3561 5298 3584 5352 ?
3611 5310 3667 5354 et

2078 5383 2364 5438 nihil-ante
2390 5383 2492 5438 hoc
2520 5384 2693 5454 ipsum
2740 5396 3019 5455 rogarunt.
3052 5385 3155 5442 Sed
3195 5404 3301 5442 non
3344 5390 3421 5443 sic
3452 5401 3657 5459 postea.

2077 5475 2210 5530 Nam
2239 5475 2452 5545 quando
2493 5487 2679 5530 sancto
2716 5474 2921 5546 Spiritu
2949 5478 3093 5548 digni
3137 5488 3262 5533 sunt
3300 5481 3507 5548 habiti,
3560 5482 3663 5551 ipsi

2080 5582 2187 5621 non
2219 5567 2395 5621 solum
2424 5582 2530 5621 non
2560 5567 2916 5639 interrogant,
2947 5586 3120 5641 neque
3145 5587 3286 5642 aegre
3312 5573 3487 5628 lerunt
3515 5574 3657 5646 igno-

2080 5661 2366 5726 rationem,
2398 5659 2491 5714 sed
2523 5674 2616 5714 eos
2654 5662 2815 5715 etiam
2846 5662 3142 5731 reprimunt
3169 5666 3260 5734 qui
3292 5664 3391 5720 hac
3419 5666 3664 5722 laborant

2087 5754 2459 5823 intempestiva
2488 5754 2818 5809 curiositate.
2851 5755 2987 5810 Audi
3016 5772 3146 5827 ergo
3172 5758 3345 5829 qualia
3372 5775 3513 5815 nunc
3535 5761 3665 5817 dicit

2080 5849 2267 5906 beatus
2310 5846 2504 5903 Paulus
2533 5864 2545 5901 :
2581 5844 2655 5903 De
2680 5849 2992 5918 temporibus
3022 5861 3191 5907 autem
3231 5863 3319 5909 aut
3357 5856 3656 5917 momentis,
