  <div class='ocr_page' id='page_1' title='image "/cluster/home/n/w/nwhite01/storage/ocr_20150623/62/nnc1.0046979654/453.png"; bbox 0 0 4114 6396; ppageno 0'>
   <div class='ocr_carea' id='block_1_1' title="bbox 473 312 578 369">
    <p class='ocr_par' dir='ltr' id='par_1_1' title="bbox 473 312 578 369">
     <span class='ocr_line' id='line_1_1' title="bbox 473 312 578 369; baseline -0.038 0"><span class='ocrx_word' id='word_1_1' title='bbox 473 312 578 369; x_wconf 69' lang='lat' dir='ltr'><strong>M7</strong></span> 
     </span>
    </p>
   </div>
   <div class='ocr_carea' id='block_1_2' title="bbox 477 421 2055 499">
    <p class='ocr_par' dir='ltr' id='par_1_2' title="bbox 477 421 2055 499">
     <span class='ocr_line' id='line_1_2' title="bbox 477 421 2055 499; baseline -0.007 -15"><span class='ocrx_word' id='word_1_2' title='bbox 477 434 680 497; x_wconf 76' lang='lat' dir='ltr'><strong>fratres,</strong></span> <span class='ocrx_word' id='word_1_3' title='bbox 706 446 806 483; x_wconf 86' lang='lat' dir='ltr'><strong>non</strong></span> <span class='ocrx_word' id='word_1_4' title='bbox 826 428 1060 499; x_wconf 77' lang='lat' dir='ltr'><strong>indigetis</strong></span> <span class='ocrx_word' id='word_1_5' title='bbox 1082 437 1133 480; x_wconf 83' lang='lat' dir='ltr'><strong>ut</strong></span> <span class='ocrx_word' id='word_1_6' title='bbox 1158 427 1435 480; x_wconf 73' lang='lat' dir='ltr'><strong>scribamus</strong></span> <span class='ocrx_word' id='word_1_7' title='bbox 1456 425 1616 479; x_wconf 76' lang='lat' dir='ltr'><strong>vobis.</strong></span> <span class='ocrx_word' id='word_1_8' title='bbox 1641 424 1749 479; x_wconf 88' lang='lat' dir='ltr'><strong>Cur</strong></span> <span class='ocrx_word' id='word_1_9' title='bbox 1771 438 1878 477; x_wconf 89' lang='lat' dir='ltr'><strong>non</strong></span> <span class='ocrx_word' id='word_1_10' title='bbox 1900 421 2055 485; x_wconf 90' lang='lat' dir='ltr'><strong>dixit,</strong></span> 
     </span>
    </p>
   </div>
   <div class='ocr_carea' id='block_1_3' title="bbox 476 511 2055 582">
    <p class='ocr_par' dir='ltr' id='par_1_3' title="bbox 476 511 2055 582">
     <span class='ocr_line' id='line_1_3' title="bbox 476 511 2055 582; baseline -0.006 -6"><span class='ocrx_word' id='word_1_11' title='bbox 476 519 646 576; x_wconf 87' lang='lat' dir='ltr'><strong>Nemo</strong></span> <span class='ocrx_word' id='word_1_12' title='bbox 672 519 861 573; x_wconf 81' lang='lat' dir='ltr'><strong>novit?</strong></span> <span class='ocrx_word' id='word_1_13' title='bbox 889 535 986 572; x_wconf 84' lang='lat' dir='ltr'><strong>cur</strong></span> <span class='ocrx_word' id='word_1_14' title='bbox 1010 531 1115 571; x_wconf 90' lang='lat' dir='ltr'><strong>non</strong></span> <span class='ocrx_word' id='word_1_15' title='bbox 1144 516 1297 582; x_wconf 87' lang='lat' dir='ltr'><strong>dixit,</strong></span> <span class='ocrx_word' id='word_1_16' title='bbox 1321 516 1436 570; x_wconf 86' lang='lat' dir='ltr'><strong>Non</strong></span> <span class='ocrx_word' id='word_1_17' title='bbox 1470 515 1762 570; x_wconf 88' lang='lat' dir='ltr'><strong>revelatum</strong></span> <span class='ocrx_word' id='word_1_18' title='bbox 1784 521 1867 569; x_wconf 88' lang='lat' dir='ltr'><strong>est</strong></span> <span class='ocrx_word' id='word_1_19' title='bbox 1890 529 1905 577; x_wconf 92' lang='lat'><strong>;</strong></span> <span class='ocrx_word' id='word_1_20' title='bbox 1939 511 2055 578; x_wconf 89' lang='lat' dir='ltr'><strong>sed,</strong></span> 
     </span>
    </p>
   </div>
   <div class='ocr_carea' id='block_1_4' title="bbox 480 602 2059 679">
    <p class='ocr_par' dir='ltr' id='par_1_4' title="bbox 480 602 2059 679">
     <span class='ocr_line' id='line_1_4' title="bbox 480 602 2059 679; baseline -0.005 -16"><span class='ocrx_word' id='word_1_21' title='bbox 480 610 603 663; x_wconf 85' lang='lat' dir='ltr'><strong>Non</strong></span> <span class='ocrx_word' id='word_1_22' title='bbox 643 609 879 679; x_wconf 74' lang='lat' dir='ltr'><strong>indigetis</strong></span> <span class='ocrx_word' id='word_1_23' title='bbox 914 618 970 660; x_wconf 79' lang='lat' dir='ltr'><strong>ut</strong></span> <span class='ocrx_word' id='word_1_24' title='bbox 1008 607 1284 659; x_wconf 85' lang='lat' dir='ltr'><strong>scribamus</strong></span> <span class='ocrx_word' id='word_1_25' title='bbox 1327 604 1510 658; x_wconf 77' lang='lat' dir='ltr'><strong>vobis?</strong></span> <span class='ocrx_word' id='word_1_26' title='bbox 1540 602 1802 671; x_wconf 87' lang='lat' dir='ltr'><strong>Quoniam</strong></span> <span class='ocrx_word' id='word_1_27' title='bbox 1835 603 1954 655; x_wconf 88' lang='lat' dir='ltr'><strong>illos</strong></span> <span class='ocrx_word' id='word_1_28' title='bbox 1980 602 2059 655; x_wconf 88' lang='lat' dir='ltr'><strong>sic</strong></span> 
     </span>
    </p>
   </div>
   <div class='ocr_carea' id='block_1_5' title="bbox 480 695 2058 774">
    <p class='ocr_par' dir='ltr' id='par_1_5' title="bbox 480 695 2058 774">
     <span class='ocr_line' id='line_1_5' title="bbox 480 695 2058 774; baseline -0.006 -16"><span class='ocrx_word' id='word_1_29' title='bbox 480 705 669 774; x_wconf 84' lang='lat' dir='ltr'><strong>majori</strong></span> <span class='ocrx_word' id='word_1_30' title='bbox 697 703 965 757; x_wconf 87' lang='lat' dir='ltr'><strong>all&#39;ecisset</strong></span> <span class='ocrx_word' id='word_1_31' title='bbox 992 701 1269 764; x_wconf 89' lang='lat' dir='ltr'><strong>molestia;</strong></span> <span class='ocrx_word' id='word_1_32' title='bbox 1296 699 1373 753; x_wconf 91' lang='lat' dir='ltr'><strong>sic</strong></span> <span class='ocrx_word' id='word_1_33' title='bbox 1403 707 1581 751; x_wconf 90' lang='lat' dir='ltr'><strong>autem</strong></span> <span class='ocrx_word' id='word_1_34' title='bbox 1612 698 1729 750; x_wconf 87' lang='lat' dir='ltr'><strong>illos</strong></span> <span class='ocrx_word' id='word_1_35' title='bbox 1749 695 2058 751; x_wconf 75' lang='lat' dir='ltr'><strong>consolatus</strong></span> 
     </span>
    </p>
   </div>
   <div class='ocr_carea' id='block_1_6' title="bbox 478 792 2059 861">
    <p class='ocr_par' dir='ltr' id='par_1_6' title="bbox 478 792 2059 861">
     <span class='ocr_line' id='line_1_6' title="bbox 478 792 2059 861; baseline -0.006 -11"><span class='ocrx_word' id='word_1_36' title='bbox 478 808 563 851; x_wconf 88' lang='lat' dir='ltr'><strong>est</strong></span> <span class='ocrx_word' id='word_1_37' title='bbox 593 813 610 861; x_wconf 90' lang='lat'><strong>;</strong></span> <span class='ocrx_word' id='word_1_38' title='bbox 639 794 765 849; x_wconf 89' lang='lat' dir='ltr'><strong>illud</strong></span> <span class='ocrx_word' id='word_1_39' title='bbox 795 794 961 857; x_wconf 89' lang='lat' dir='ltr'><strong>enim,</strong></span> <span class='ocrx_word' id='word_1_40' title='bbox 997 792 1121 846; x_wconf 84' lang='lat' dir='ltr'><strong>Non</strong></span> <span class='ocrx_word' id='word_1_41' title='bbox 1148 792 1403 861; x_wconf 74' lang='lat' dir='ltr'><strong>indigetis,</strong></span> <span class='ocrx_word' id='word_1_42' title='bbox 1426 800 1479 844; x_wconf 88' lang='lat' dir='ltr'><strong>et</strong></span> <span class='ocrx_word' id='word_1_43' title='bbox 1502 801 1768 859; x_wconf 88' lang='lat' dir='ltr'><strong>tamquam</strong></span> <span class='ocrx_word' id='word_1_44' title='bbox 1800 802 2059 856; x_wconf 83' lang='lat' dir='ltr'><strong>superva-</strong></span> 
     </span>
    </p>
   </div>
   <div class='ocr_carea' id='block_1_7' title="bbox 479 877 2057 957">
    <p class='ocr_par' dir='ltr' id='par_1_7' title="bbox 479 877 2057 957">
     <span class='ocr_line' id='line_1_7' title="bbox 479 877 2057 957; baseline -0.008 -13"><span class='ocrx_word' id='word_1_45' title='bbox 479 904 725 952; x_wconf 89' lang='lat' dir='ltr'><strong>caneum,</strong></span> <span class='ocrx_word' id='word_1_46' title='bbox 749 896 805 941; x_wconf 89' lang='lat' dir='ltr'><strong>et</strong></span> <span class='ocrx_word' id='word_1_47' title='bbox 833 896 1098 957; x_wconf 89' lang='lat' dir='ltr'><strong>tamquam</strong></span> <span class='ocrx_word' id='word_1_48' title='bbox 1126 884 1313 938; x_wconf 89' lang='lat' dir='ltr'><strong>inutile</strong></span> <span class='ocrx_word' id='word_1_49' title='bbox 1339 899 1443 938; x_wconf 91' lang='lat' dir='ltr'><strong>non</strong></span> <span class='ocrx_word' id='word_1_50' title='bbox 1473 883 1601 936; x_wconf 87' lang='lat' dir='ltr'><strong>sinit</strong></span> <span class='ocrx_word' id='word_1_51' title='bbox 1628 896 1887 950; x_wconf 73' lang='lat' dir='ltr'><strong>qumrere.</strong></span> <span class='ocrx_word' id='word_1_52' title='bbox 1919 877 2057 946; x_wconf 83' lang='lat' dir='ltr'><strong>Quid</strong></span> 
     </span>
    </p>
   </div>
   <div class='ocr_carea' id='block_1_8' title="bbox 479 972 2057 1047">
    <p class='ocr_par' dir='ltr' id='par_1_8' title="bbox 479 972 2057 1047">
     <span class='ocr_line' id='line_1_8' title="bbox 479 972 2057 1047; baseline -0.007 -13"><span class='ocrx_word' id='word_1_53' title='bbox 479 980 658 1045; x_wconf 89' lang='lat' dir='ltr'><strong>enim,</strong></span> <span class='ocrx_word' id='word_1_54' title='bbox 688 979 773 1033; x_wconf 91' lang='lat' dir='ltr'><strong>dic</strong></span> <span class='ocrx_word' id='word_1_55' title='bbox 794 993 996 1047; x_wconf 71' lang='lat' dir='ltr'><strong>quaeso,</strong></span> <span class='ocrx_word' id='word_1_56' title='bbox 1034 977 1160 1031; x_wconf 92' lang='lat' dir='ltr'><strong>hinc</strong></span> <span class='ocrx_word' id='word_1_57' title='bbox 1185 976 1317 1030; x_wconf 83' lang='lat' dir='ltr'><strong>lucri</strong></span> <span class='ocrx_word' id='word_1_58' title='bbox 1348 972 1608 1029; x_wconf 89' lang='lat' dir='ltr'><strong>accedat?</strong></span> <span class='ocrx_word' id='word_1_59' title='bbox 1633 972 1900 1027; x_wconf 87' lang='lat' dir='ltr'><strong>Ponamus</strong></span> <span class='ocrx_word' id='word_1_60' title='bbox 1939 972 2057 1024; x_wconf 77' lang='lat' dir='ltr'><strong>fore</strong></span> 
     </span>
    </p>
   </div>
   <div class='ocr_carea' id='block_1_9' title="bbox 480 1062 2051 1137">
    <p class='ocr_par' dir='ltr' id='par_1_9' title="bbox 480 1062 2051 1137">
     <span class='ocr_line' id='line_1_9' title="bbox 480 1062 2051 1137; baseline -0.006 -14"><span class='ocrx_word' id='word_1_61' title='bbox 480 1068 992 1123; x_wconf 91' lang='lat' dir='ltr'><strong>consummationem</strong></span> <span class='ocrx_word' id='word_1_62' title='bbox 1035 1075 1155 1137; x_wconf 92' lang='lat' dir='ltr'><strong>post</strong></span> <span class='ocrx_word' id='word_1_63' title='bbox 1185 1066 1366 1136; x_wconf 86' lang='lat' dir='ltr'><strong>viginti</strong></span> <span class='ocrx_word' id='word_1_64' title='bbox 1416 1079 1621 1127; x_wconf 90' lang='lat' dir='ltr'><strong>annos,</strong></span> <span class='ocrx_word' id='word_1_65' title='bbox 1656 1074 1774 1133; x_wconf 89' lang='lat' dir='ltr'><strong>post</strong></span> <span class='ocrx_word' id='word_1_66' title='bbox 1807 1062 2051 1132; x_wconf 80' lang='lat' dir='ltr'><strong>triginta,</strong></span> 
     </span>
    </p>
   </div>
   <div class='ocr_carea' id='block_1_10' title="bbox 482 1155 2057 1232">
    <p class='ocr_par' dir='ltr' id='par_1_10' title="bbox 482 1155 2057 1232">
     <span class='ocr_line' id='line_1_10' title="bbox 482 1155 2057 1232; baseline -0.003 -18"><span class='ocrx_word' id='word_1_67' title='bbox 482 1172 602 1232; x_wconf 88' lang='lat' dir='ltr'><strong>post</strong></span> <span class='ocrx_word' id='word_1_68' title='bbox 622 1174 872 1229; x_wconf 89' lang='lat' dir='ltr'><strong>centum;</strong></span> <span class='ocrx_word' id='word_1_69' title='bbox 901 1161 1026 1231; x_wconf 90' lang='lat' dir='ltr'><strong>quid</strong></span> <span class='ocrx_word' id='word_1_70' title='bbox 1052 1161 1152 1214; x_wconf 91' lang='lat' dir='ltr'><strong>hoc</strong></span> <span class='ocrx_word' id='word_1_71' title='bbox 1175 1159 1242 1214; x_wconf 90' lang='lat' dir='ltr'><strong>ad</strong></span> <span class='ocrx_word' id='word_1_72' title='bbox 1274 1158 1414 1214; x_wconf 86' lang='lat' dir='ltr'><strong>nos?</strong></span> <span class='ocrx_word' id='word_1_73' title='bbox 1440 1173 1616 1212; x_wconf 90' lang='lat' dir='ltr'><strong>nonne</strong></span> <span class='ocrx_word' id='word_1_74' title='bbox 1644 1155 2057 1224; x_wconf 86' lang='lat' dir='ltr'><strong>uniuscujusque</strong></span> 
     </span>
    </p>
   </div>
   <div class='ocr_carea' id='block_1_11' title="bbox 482 1245 2057 1318">
    <p class='ocr_par' dir='ltr' id='par_1_11' title="bbox 482 1245 2057 1318">
     <span class='ocr_line' id='line_1_11' title="bbox 482 1245 2057 1318; baseline -0.006 -11"><span class='ocrx_word' id='word_1_75' title='bbox 482 1253 870 1308; x_wconf 85' lang='lat' dir='ltr'><strong>consummatio</strong></span> <span class='ocrx_word' id='word_1_76' title='bbox 896 1261 978 1307; x_wconf 88' lang='lat' dir='ltr'><strong>est</strong></span> <span class='ocrx_word' id='word_1_77' title='bbox 1023 1252 1142 1306; x_wconf 85' lang='lat' dir='ltr'><strong>linis</strong></span> <span class='ocrx_word' id='word_1_78' title='bbox 1181 1252 1303 1305; x_wconf 72' lang='lat' dir='ltr'><strong>vita:</strong></span> <span class='ocrx_word' id='word_1_79' title='bbox 1334 1249 1488 1303; x_wconf 71' lang='lat' dir='ltr'><strong>sum?</strong></span> <span class='ocrx_word' id='word_1_80' title='bbox 1513 1247 1639 1318; x_wconf 89' lang='lat' dir='ltr'><strong>quid</strong></span> <span class='ocrx_word' id='word_1_81' title='bbox 1677 1246 1745 1301; x_wconf 90' lang='lat' dir='ltr'><strong>de</strong></span> <span class='ocrx_word' id='word_1_82' title='bbox 1785 1245 2057 1301; x_wconf 90' lang='lat' dir='ltr'><strong>communi</strong></span> 
     </span>
    </p>
   </div>
   <div class='ocr_carea' id='block_1_12' title="bbox 482 1334 2056 1407">
    <p class='ocr_par' dir='ltr' id='par_1_12' title="bbox 482 1334 2056 1407">
     <span class='ocr_line' id='line_1_12' title="bbox 482 1334 2056 1407; baseline -0.006 -10"><span class='ocrx_word' id='word_1_83' title='bbox 482 1346 589 1400; x_wconf 88' lang='lat' dir='ltr'><strong>line</strong></span> <span class='ocrx_word' id='word_1_84' title='bbox 609 1344 820 1398; x_wconf 86' lang='lat' dir='ltr'><strong>curiose</strong></span> <span class='ocrx_word' id='word_1_85' title='bbox 846 1359 907 1399; x_wconf 89' lang='lat' dir='ltr'><strong>es</strong></span> <span class='ocrx_word' id='word_1_86' title='bbox 933 1342 1194 1397; x_wconf 89' lang='lat' dir='ltr'><strong>sollicitus</strong></span> <span class='ocrx_word' id='word_1_87' title='bbox 1214 1350 1269 1395; x_wconf 91' lang='lat' dir='ltr'><strong>et</strong></span> <span class='ocrx_word' id='word_1_88' title='bbox 1294 1339 1456 1394; x_wconf 88' lang='lat' dir='ltr'><strong>veluti</strong></span> <span class='ocrx_word' id='word_1_89' title='bbox 1487 1338 1718 1407; x_wconf 90' lang='lat' dir='ltr'><strong>parturis</strong></span> <span class='ocrx_word' id='word_1_90' title='bbox 1742 1337 1765 1391; x_wconf 71' lang='grc' dir='ltr'><strong>’ἶ</strong></span> <span class='ocrx_word' id='word_1_91' title='bbox 1788 1335 1891 1392; x_wconf 90' lang='lat' dir='ltr'><strong>Sed</strong></span> <span class='ocrx_word' id='word_1_92' title='bbox 1914 1334 2056 1405; x_wconf 90' lang='lat' dir='ltr'><strong>quod</strong></span> 
     </span>
    </p>
   </div>
   <div class='ocr_carea' id='block_1_13' title="bbox 481 1426 2057 1502">
    <p class='ocr_par' dir='ltr' id='par_1_13' title="bbox 481 1426 2057 1502">
     <span class='ocr_line' id='line_1_13' title="bbox 481 1426 2057 1502; baseline -0.007 -12"><span class='ocrx_word' id='word_1_93' title='bbox 481 1437 535 1490; x_wconf 86' lang='lat' dir='ltr'><strong>in</strong></span> <span class='ocrx_word' id='word_1_94' title='bbox 560 1436 699 1501; x_wconf 90' lang='lat' dir='ltr'><strong>aliis,</strong></span> <span class='ocrx_word' id='word_1_95' title='bbox 726 1435 779 1488; x_wconf 92' lang='lat' dir='ltr'><strong>iu</strong></span> <span class='ocrx_word' id='word_1_96' title='bbox 811 1432 911 1487; x_wconf 90' lang='lat' dir='ltr'><strong>hoc</strong></span> <span class='ocrx_word' id='word_1_97' title='bbox 939 1448 1149 1502; x_wconf 89' lang='lat' dir='ltr'><strong>quoque</strong></span> <span class='ocrx_word' id='word_1_98' title='bbox 1186 1430 1341 1485; x_wconf 90' lang='lat' dir='ltr'><strong>nobis</strong></span> <span class='ocrx_word' id='word_1_99' title='bbox 1377 1430 1588 1485; x_wconf 87' lang='lat' dir='ltr'><strong>accidit.</strong></span> <span class='ocrx_word' id='word_1_100' title='bbox 1637 1429 1783 1483; x_wconf 84' lang='lat' dir='ltr'><strong>Sicut</strong></span> <span class='ocrx_word' id='word_1_101' title='bbox 1815 1426 1960 1483; x_wconf 89' lang='lat' dir='ltr'><strong>enim</strong></span> <span class='ocrx_word' id='word_1_102' title='bbox 2005 1426 2057 1479; x_wconf 92' lang='lat' dir='ltr'><strong>in</strong></span> 
     </span>
    </p>
   </div>
   <div class='ocr_carea' id='block_1_14' title="bbox 479 1518 2054 1596">
    <p class='ocr_par' dir='ltr' id='par_1_14' title="bbox 479 1518 2054 1596">
     <span class='ocr_line' id='line_1_14' title="bbox 479 1518 2054 1596; baseline -0.007 -15"><span class='ocrx_word' id='word_1_103' title='bbox 479 1528 619 1594; x_wconf 85' lang='lat' dir='ltr'><strong>aliis,</strong></span> <span class='ocrx_word' id='word_1_104' title='bbox 645 1527 872 1596; x_wconf 82' lang='lat' dir='ltr'><strong>propriis</strong></span> <span class='ocrx_word' id='word_1_105' title='bbox 887 1524 1145 1587; x_wconf 89' lang='lat' dir='ltr'><strong>dimissis,</strong></span> <span class='ocrx_word' id='word_1_106' title='bbox 1162 1537 1412 1578; x_wconf 86' lang='lat' dir='ltr'><strong>curamus</strong></span> <span class='ocrx_word' id='word_1_107' title='bbox 1431 1521 1757 1584; x_wconf 89' lang='lat' dir='ltr'><strong>communia,</strong></span> <span class='ocrx_word' id='word_1_108' title='bbox 1780 1518 2019 1573; x_wconf 86' lang='lat' dir='ltr'><strong>dicentes</strong></span> <span class='ocrx_word' id='word_1_109' title='bbox 2040 1532 2054 1569; x_wconf 89' lang='lat'><strong>:</strong></span> 
     </span>
    </p>
   </div>
   <div class='ocr_carea' id='block_1_15' title="bbox 480 1608 2058 1680">
    <p class='ocr_par' dir='ltr' id='par_1_15' title="bbox 480 1608 2058 1680">
     <span class='ocr_line' id='line_1_15' title="bbox 480 1608 2058 1680; baseline -0.008 -5"><span class='ocrx_word' id='word_1_110' title='bbox 480 1620 577 1675; x_wconf 87' lang='lat' dir='ltr'><strong>Ille</strong></span> <span class='ocrx_word' id='word_1_111' title='bbox 615 1627 697 1673; x_wconf 87' lang='lat' dir='ltr'><strong>est</strong></span> <span class='ocrx_word' id='word_1_112' title='bbox 738 1626 1005 1672; x_wconf 84' lang='lat' dir='ltr'><strong>scortator</strong></span> <span class='ocrx_word' id='word_1_113' title='bbox 1027 1658 1040 1679; x_wconf 94' lang='lat'><strong>,</strong></span> <span class='ocrx_word' id='word_1_114' title='bbox 1073 1614 1159 1670; x_wconf 88' lang='lat' dir='ltr'><strong>hic</strong></span> <span class='ocrx_word' id='word_1_115' title='bbox 1187 1623 1271 1669; x_wconf 93' lang='lat' dir='ltr'><strong>est</strong></span> <span class='ocrx_word' id='word_1_116' title='bbox 1298 1613 1507 1667; x_wconf 86' lang='lat' dir='ltr'><strong>adulter</strong></span> <span class='ocrx_word' id='word_1_117' title='bbox 1529 1654 1545 1677; x_wconf 93' lang='lat'><strong>,</strong></span> <span class='ocrx_word' id='word_1_118' title='bbox 1576 1612 1667 1665; x_wconf 91' lang='lat' dir='ltr'><strong>ille</strong></span> <span class='ocrx_word' id='word_1_119' title='bbox 1694 1610 1890 1680; x_wconf 85' lang='lat' dir='ltr'><strong>rapuit,</strong></span> <span class='ocrx_word' id='word_1_120' title='bbox 1922 1608 2058 1662; x_wconf 92' lang='lat' dir='ltr'><strong>alius</strong></span> 
     </span>
    </p>
   </div>
   <div class='ocr_carea' id='block_1_16' title="bbox 478 1700 2058 1779">
    <p class='ocr_par' dir='ltr' id='par_1_16' title="bbox 478 1700 2058 1779">
     <span class='ocr_line' id='line_1_16' title="bbox 478 1700 2058 1779; baseline -0.006 -14"><span class='ocrx_word' id='word_1_121' title='bbox 478 1709 885 1779; x_wconf 70' lang='lat' dir='ltr'><strong>feeibinjuriam;</strong></span> <span class='ocrx_word' id='word_1_122' title='bbox 907 1723 1083 1762; x_wconf 90' lang='lat' dir='ltr'><strong>rerum</strong></span> <span class='ocrx_word' id='word_1_123' title='bbox 1105 1715 1280 1761; x_wconf 84' lang='lat' dir='ltr'><strong>autent</strong></span> <span class='ocrx_word' id='word_1_124' title='bbox 1304 1720 1519 1758; x_wconf 90' lang='lat' dir='ltr'><strong>suarum</strong></span> <span class='ocrx_word' id='word_1_125' title='bbox 1538 1718 1694 1758; x_wconf 91' lang='lat' dir='ltr'><strong>nemo</strong></span> <span class='ocrx_word' id='word_1_126' title='bbox 1717 1702 1879 1755; x_wconf 85' lang='lat' dir='ltr'><strong>ullam</strong></span> <span class='ocrx_word' id='word_1_127' title='bbox 1899 1700 2058 1755; x_wconf 84' lang='lat' dir='ltr'><strong>habet</strong></span> 
     </span>
    </p>
   </div>
   <div class='ocr_carea' id='block_1_17' title="bbox 480 1794 2059 1867">
    <p class='ocr_par' dir='ltr' id='par_1_17' title="bbox 480 1794 2059 1867">
     <span class='ocr_line' id='line_1_17' title="bbox 480 1794 2059 1867; baseline -0.005 -11"><span class='ocrx_word' id='word_1_128' title='bbox 480 1803 740 1856; x_wconf 90' lang='lat' dir='ltr'><strong>rationem</strong></span> <span class='ocrx_word' id='word_1_129' title='bbox 761 1842 774 1866; x_wconf 96' lang='lat'><strong>,</strong></span> <span class='ocrx_word' id='word_1_130' title='bbox 814 1800 907 1855; x_wconf 91' lang='lat' dir='ltr'><strong>sed</strong></span> <span class='ocrx_word' id='word_1_131' title='bbox 937 1800 1110 1854; x_wconf 87' lang='lat' dir='ltr'><strong>omnia</strong></span> <span class='ocrx_word' id='word_1_132' title='bbox 1138 1807 1288 1853; x_wconf 89' lang='lat' dir='ltr'><strong>curat</strong></span> <span class='ocrx_word' id='word_1_133' title='bbox 1306 1797 1472 1867; x_wconf 85' lang='lat' dir='ltr'><strong>magis</strong></span> <span class='ocrx_word' id='word_1_134' title='bbox 1511 1811 1670 1865; x_wconf 89' lang='lat' dir='ltr'><strong>quam</strong></span> <span class='ocrx_word' id='word_1_135' title='bbox 1701 1810 1797 1848; x_wconf 89' lang='lat' dir='ltr'><strong>sua</strong></span> <span class='ocrx_word' id='word_1_136' title='bbox 1822 1812 1835 1847; x_wconf 84' lang='lat'><strong>:</strong></span> <span class='ocrx_word' id='word_1_137' title='bbox 1869 1795 1940 1847; x_wconf 89' lang='lat' dir='ltr'><strong>ita</strong></span> <span class='ocrx_word' id='word_1_138' title='bbox 1973 1794 2059 1848; x_wconf 90' lang='lat' dir='ltr'><strong>hic</strong></span> 
     </span>
    </p>
   </div>
   <div class='ocr_carea' id='block_1_18' title="bbox 477 1889 2056 1966">
    <p class='ocr_par' dir='ltr' id='par_1_18' title="bbox 477 1889 2056 1966">
     <span class='ocr_line' id='line_1_18' title="bbox 477 1889 2056 1966; baseline -0.006 -16"><span class='ocrx_word' id='word_1_139' title='bbox 477 1910 692 1966; x_wconf 91' lang='lat' dir='ltr'><strong>quoque</strong></span> <span class='ocrx_word' id='word_1_140' title='bbox 711 1935 727 1961; x_wconf 97' lang='lat'><strong>,</strong></span> <span class='ocrx_word' id='word_1_141' title='bbox 754 1895 1031 1949; x_wconf 85' lang='lat' dir='ltr'><strong>mittentes</strong></span> <span class='ocrx_word' id='word_1_142' title='bbox 1060 1894 1423 1962; x_wconf 86' lang='lat' dir='ltr'><strong>unusquisque</strong></span> <span class='ocrx_word' id='word_1_143' title='bbox 1449 1906 1603 1946; x_wconf 91' lang='lat' dir='ltr'><strong>suum</strong></span> <span class='ocrx_word' id='word_1_144' title='bbox 1645 1889 1803 1945; x_wconf 85' lang='lat' dir='ltr'><strong>ﬁnem</strong></span> <span class='ocrx_word' id='word_1_145' title='bbox 1832 1903 2056 1951; x_wconf 88' lang='lat' dir='ltr'><strong>curare,</strong></span> 
     </span>
    </p>
   </div>
   <div class='ocr_carea' id='block_1_19' title="bbox 477 1979 2055 2049">
    <p class='ocr_par' dir='ltr' id='par_1_19' title="bbox 477 1979 2055 2049">
     <span class='ocr_line' id='line_1_19' title="bbox 477 1979 2055 2049; baseline -0.005 -8"><span class='ocrx_word' id='word_1_146' title='bbox 477 1989 720 2042; x_wconf 88' lang='lat' dir='ltr'><strong>volumus</strong></span> <span class='ocrx_word' id='word_1_147' title='bbox 755 2001 1094 2041; x_wconf 88' lang='lat' dir='ltr'><strong>communem</strong></span> <span class='ocrx_word' id='word_1_148' title='bbox 1124 1985 1261 2040; x_wconf 89' lang='lat' dir='ltr'><strong>scire</strong></span> <span class='ocrx_word' id='word_1_149' title='bbox 1288 1982 1715 2038; x_wconf 86' lang='lat' dir='ltr'><strong>dissolutionem.</strong></span> <span class='ocrx_word' id='word_1_150' title='bbox 1746 1980 1882 2049; x_wconf 84' lang='lat' dir='ltr'><strong>Quid</strong></span> <span class='ocrx_word' id='word_1_151' title='bbox 1913 1979 2055 2035; x_wconf 89' lang='lat' dir='ltr'><strong>enim</strong></span> 
     </span>
    </p>
   </div>
   <div class='ocr_carea' id='block_1_20' title="bbox 478 2076 2057 2143">
    <p class='ocr_par' dir='ltr' id='par_1_20' title="bbox 478 2076 2057 2143">
     <span class='ocr_line' id='line_1_20' title="bbox 478 2076 2057 2143; baseline -0.007 -8"><span class='ocrx_word' id='word_1_152' title='bbox 478 2082 572 2135; x_wconf 90' lang='lat' dir='ltr'><strong>tibi</strong></span> <span class='ocrx_word' id='word_1_153' title='bbox 599 2090 682 2135; x_wconf 88' lang='lat' dir='ltr'><strong>est</strong></span> <span class='ocrx_word' id='word_1_154' title='bbox 707 2095 826 2135; x_wconf 91' lang='lat' dir='ltr'><strong>cum</strong></span> <span class='ocrx_word' id='word_1_155' title='bbox 852 2080 940 2134; x_wconf 90' lang='lat' dir='ltr'><strong>illa</strong></span> <span class='ocrx_word' id='word_1_156' title='bbox 959 2078 1287 2133; x_wconf 87' lang='lat' dir='ltr'><strong>commune?</strong></span> <span class='ocrx_word' id='word_1_157' title='bbox 1316 2077 1370 2131; x_wconf 89' lang='lat' dir='ltr'><strong>Si</strong></span> <span class='ocrx_word' id='word_1_158' title='bbox 1398 2077 1537 2130; x_wconf 91' lang='lat' dir='ltr'><strong>hunc</strong></span> <span class='ocrx_word' id='word_1_159' title='bbox 1563 2076 1722 2130; x_wconf 89' lang='lat' dir='ltr'><strong>linem</strong></span> <span class='ocrx_word' id='word_1_160' title='bbox 1753 2083 1899 2129; x_wconf 90' lang='lat' dir='ltr'><strong>recte</strong></span> <span class='ocrx_word' id='word_1_161' title='bbox 1922 2088 2057 2143; x_wconf 69' lang='lat' dir='ltr'><strong>pra:-</strong></span> 
     </span>
    </p>
   </div>
   <div class='ocr_carea' id='block_1_21' title="bbox 478 2162 2058 2242">
    <p class='ocr_par' dir='ltr' id='par_1_21' title="bbox 478 2162 2058 2242">
     <span class='ocr_line' id='line_1_21' title="bbox 478 2162 2058 2242; baseline -0.005 -17"><span class='ocrx_word' id='word_1_162' title='bbox 478 2173 749 2242; x_wconf 88' lang='lat' dir='ltr'><strong>paraveris</strong></span> <span class='ocrx_word' id='word_1_163' title='bbox 772 2214 790 2237; x_wconf 92' lang='lat'><strong>,</strong></span> <span class='ocrx_word' id='word_1_164' title='bbox 830 2172 899 2227; x_wconf 87' lang='lat' dir='ltr'><strong>ab</strong></span> <span class='ocrx_word' id='word_1_165' title='bbox 942 2171 1032 2225; x_wconf 92' lang='lat' dir='ltr'><strong>illo</strong></span> <span class='ocrx_word' id='word_1_166' title='bbox 1071 2171 1176 2224; x_wconf 92' lang='lat' dir='ltr'><strong>line</strong></span> <span class='ocrx_word' id='word_1_167' title='bbox 1217 2169 1307 2224; x_wconf 89' lang='lat' dir='ltr'><strong>tibi</strong></span> <span class='ocrx_word' id='word_1_168' title='bbox 1346 2184 1506 2239; x_wconf 87' lang='lat' dir='ltr'><strong>grave</strong></span> <span class='ocrx_word' id='word_1_169' title='bbox 1549 2166 1681 2221; x_wconf 88' lang='lat' dir='ltr'><strong>nihil</strong></span> <span class='ocrx_word' id='word_1_170' title='bbox 1720 2165 1945 2220; x_wconf 88' lang='lat' dir='ltr'><strong>accidet.</strong></span> <span class='ocrx_word' id='word_1_171' title='bbox 1977 2162 2058 2218; x_wconf 90' lang='lat' dir='ltr'><strong>Sit</strong></span> 
     </span>
    </p>
   </div>
   <div class='ocr_carea' id='block_1_22' title="bbox 480 2258 2055 2333">
    <p class='ocr_par' dir='ltr' id='par_1_22' title="bbox 480 2258 2055 2333">
     <span class='ocr_line' id='line_1_22' title="bbox 480 2258 2055 2333; baseline -0.004 -17"><span class='ocrx_word' id='word_1_172' title='bbox 480 2264 655 2333; x_wconf 83' lang='lat' dir='ltr'><strong>longe,</strong></span> <span class='ocrx_word' id='word_1_173' title='bbox 685 2264 755 2317; x_wconf 90' lang='lat' dir='ltr'><strong>sit</strong></span> <span class='ocrx_word' id='word_1_174' title='bbox 794 2278 995 2333; x_wconf 87' lang='lat' dir='ltr'><strong>prope;</strong></span> <span class='ocrx_word' id='word_1_175' title='bbox 1031 2261 1133 2315; x_wconf 89' lang='lat' dir='ltr'><strong>hoc</strong></span> <span class='ocrx_word' id='word_1_176' title='bbox 1170 2260 1299 2315; x_wconf 89' lang='lat' dir='ltr'><strong>nihil</strong></span> <span class='ocrx_word' id='word_1_177' title='bbox 1340 2260 1409 2313; x_wconf 90' lang='lat' dir='ltr'><strong>ad</strong></span> <span class='ocrx_word' id='word_1_178' title='bbox 1455 2274 1574 2313; x_wconf 89' lang='lat' dir='ltr'><strong>nos.</strong></span> <span class='ocrx_word' id='word_1_179' title='bbox 1618 2258 1903 2326; x_wconf 87' lang='lat' dir='ltr'><strong>Propterea</strong></span> <span class='ocrx_word' id='word_1_180' title='bbox 1947 2270 2055 2309; x_wconf 91' lang='lat' dir='ltr'><strong>non</strong></span> 
     </span>
    </p>
   </div>
   <div class='ocr_carea' id='block_1_23' title="bbox 475 2346 2056 2421">
    <p class='ocr_par' dir='ltr' id='par_1_23' title="bbox 475 2346 2056 2421">
     <span class='ocr_line' id='line_1_23' title="bbox 475 2346 2056 2421; baseline -0.004 -15"><span class='ocrx_word' id='word_1_181' title='bbox 475 2354 611 2407; x_wconf 82' lang='lat' dir='ltr'><strong>dixit</strong></span> <span class='ocrx_word' id='word_1_182' title='bbox 639 2353 881 2407; x_wconf 86' lang='lat' dir='ltr'><strong>Christus</strong></span> <span class='ocrx_word' id='word_1_183' title='bbox 905 2395 921 2419; x_wconf 97' lang='lat'><strong>,</strong></span> <span class='ocrx_word' id='word_1_184' title='bbox 970 2353 1223 2421; x_wconf 88' lang='lat' dir='ltr'><strong>quoniam</strong></span> <span class='ocrx_word' id='word_1_185' title='bbox 1251 2367 1358 2404; x_wconf 90' lang='lat' dir='ltr'><strong>non</strong></span> <span class='ocrx_word' id='word_1_186' title='bbox 1405 2348 1747 2418; x_wconf 78' lang='lat' dir='ltr'><strong>expediebat.</strong></span> <span class='ocrx_word' id='word_1_187' title='bbox 1778 2346 2056 2414; x_wconf 88' lang='lat' dir='ltr'><strong>Quomodo</strong></span> 
     </span>
    </p>
   </div>
   <div class='ocr_carea' id='block_1_24' title="bbox 476 2439 2057 2514">
    <p class='ocr_par' dir='ltr' id='par_1_24' title="bbox 476 2439 2057 2514">
     <span class='ocr_line' id='line_1_24' title="bbox 476 2439 2057 2514; baseline -0.003 -16"><span class='ocrx_word' id='word_1_188' title='bbox 476 2460 582 2498; x_wconf 88' lang='lat' dir='ltr'><strong>non</strong></span> <span class='ocrx_word' id='word_1_189' title='bbox 607 2445 960 2514; x_wconf 78' lang='lat' dir='ltr'><strong>expediebat?</strong></span> <span class='ocrx_word' id='word_1_190' title='bbox 995 2445 1181 2513; x_wconf 88' lang='lat' dir='ltr'><strong>inquit.</strong></span> <span class='ocrx_word' id='word_1_191' title='bbox 1233 2444 1353 2513; x_wconf 87' lang='lat' dir='ltr'><strong>Ipse</strong></span> <span class='ocrx_word' id='word_1_192' title='bbox 1391 2442 1483 2505; x_wconf 81' lang='lat' dir='ltr'><strong>uiti</strong></span> <span class='ocrx_word' id='word_1_193' title='bbox 1514 2440 1750 2506; x_wconf 88' lang='lat' dir='ltr'><strong>celavit,</strong></span> <span class='ocrx_word' id='word_1_194' title='bbox 1784 2439 1934 2493; x_wconf 90' lang='lat' dir='ltr'><strong>novit</strong></span> <span class='ocrx_word' id='word_1_195' title='bbox 1961 2454 2057 2493; x_wconf 90' lang='lat' dir='ltr'><strong>cur</strong></span> 
     </span>
    </p>
   </div>
   <div class='ocr_carea' id='block_1_25' title="bbox 476 2530 2052 2605">
    <p class='ocr_par' dir='ltr' id='par_1_25' title="bbox 476 2530 2052 2605">
     <span class='ocr_line' id='line_1_25' title="bbox 476 2530 2052 2605; baseline -0.002 -16"><span class='ocrx_word' id='word_1_196' title='bbox 476 2550 580 2589; x_wconf 89' lang='lat' dir='ltr'><strong>non</strong></span> <span class='ocrx_word' id='word_1_197' title='bbox 605 2535 881 2605; x_wconf 89' lang='lat' dir='ltr'><strong>expediret</strong></span> <span class='ocrx_word' id='word_1_198' title='bbox 914 2553 927 2588; x_wconf 89' lang='lat'><strong>:</strong></span> <span class='ocrx_word' id='word_1_199' title='bbox 959 2535 1082 2589; x_wconf 88' lang='lat' dir='ltr'><strong>audi</strong></span> <span class='ocrx_word' id='word_1_200' title='bbox 1102 2535 1243 2589; x_wconf 91' lang='lat' dir='ltr'><strong>enim</strong></span> <span class='ocrx_word' id='word_1_201' title='bbox 1274 2536 1443 2603; x_wconf 90' lang='lat' dir='ltr'><strong>ipsum</strong></span> <span class='ocrx_word' id='word_1_202' title='bbox 1466 2534 1731 2587; x_wconf 89' lang='lat' dir='ltr'><strong>dicentem</strong></span> <span class='ocrx_word' id='word_1_203' title='bbox 1761 2530 2052 2602; x_wconf 88' lang='lat' dir='ltr'><strong>apostolis:</strong></span> 
     </span>
    </p>
   </div>
   <div class='ocr_carea' id='block_1_26' title="bbox 478 2625 2055 2698">
    <p class='ocr_par' dir='ltr' id='par_1_26' title="bbox 478 2625 2055 2698">
     <span class='ocr_line' id='line_1_26' title="bbox 478 2625 2055 2698; baseline -0.002 -16"><span class='ocrx_word' id='word_1_204' title='bbox 478 2629 601 2683; x_wconf 76' lang='lat' dir='ltr'><strong>Non</strong></span> <span class='ocrx_word' id='word_1_205' title='bbox 629 2640 701 2683; x_wconf 90' lang='lat' dir='ltr'><strong>est</strong></span> <span class='ocrx_word' id='word_1_206' title='bbox 728 2640 945 2684; x_wconf 88' lang='lat' dir='ltr'><strong>vestrum</strong></span> <span class='ocrx_word' id='word_1_207' title='bbox 974 2646 1122 2683; x_wconf 85' lang='lat' dir='ltr'><strong>nosse</strong></span> <span class='ocrx_word' id='word_1_208' title='bbox 1147 2639 1375 2697; x_wconf 83' lang='lat' dir='ltr'><strong>tempora</strong></span> <span class='ocrx_word' id='word_1_209' title='bbox 1402 2629 1479 2681; x_wconf 80' lang='lat' dir='ltr'><strong>vel</strong></span> <span class='ocrx_word' id='word_1_210' title='bbox 1507 2639 1775 2692; x_wconf 87' lang='lat' dir='ltr'><strong>momenta,</strong></span> <span class='ocrx_word' id='word_1_211' title='bbox 1806 2643 1918 2698; x_wconf 74' lang='lat' dir='ltr'><strong>qua:</strong></span> <span class='ocrx_word' id='word_1_212' title='bbox 1944 2625 2055 2680; x_wconf 88' lang='lat' dir='ltr'><strong>Pa-</strong></span> 
     </span>
    </p>
   </div>
   <div class='ocr_carea' id='block_1_27' title="bbox 475 2717 2057 2790">
    <p class='ocr_par' dir='ltr' id='par_1_27' title="bbox 475 2717 2057 2790">
     <span class='ocr_line' id='line_1_27' title="bbox 475 2717 2057 2790; baseline -0.001 -17"><span class='ocrx_word' id='word_1_213' title='bbox 475 2730 549 2774; x_wconf 83' lang='lat' dir='ltr'><strong>ter</strong></span> <span class='ocrx_word' id='word_1_214' title='bbox 575 2724 741 2790; x_wconf 81' lang='lat' dir='ltr'><strong>posuit</strong></span> <span class='ocrx_word' id='word_1_215' title='bbox 783 2723 836 2774; x_wconf 90' lang='lat' dir='ltr'><strong>in</strong></span> <span class='ocrx_word' id='word_1_216' title='bbox 881 2737 973 2774; x_wconf 86' lang='lat' dir='ltr'><strong>sua</strong></span> <span class='ocrx_word' id='word_1_217' title='bbox 1003 2729 1247 2789; x_wconf 77' lang='lat' dir='ltr'><strong>potestate</strong></span> <span class='ocrx_word' id='word_1_218' title='bbox 1278 2720 1428 2789; x_wconf 88' lang='lat' dir='ltr'><strong>(Act.</strong></span> <span class='ocrx_word' id='word_1_219' title='bbox 1464 2720 1514 2773; x_wconf 79' lang='lat' dir='ltr'><strong>l.</strong></span> <span class='ocrx_word' id='word_1_220' title='bbox 1551 2719 1626 2788; x_wconf 85' lang='lat'><strong>7).</strong></span> <span class='ocrx_word' id='word_1_221' title='bbox 1671 2718 1807 2786; x_wconf 84' lang='lat' dir='ltr'><strong>Quid</strong></span> <span class='ocrx_word' id='word_1_222' title='bbox 1846 2717 2057 2772; x_wconf 86' lang='lat' dir='ltr'><strong>curiose</strong></span> 
     </span>
    </p>
   </div>
   <div class='ocr_carea' id='block_1_28' title="bbox 474 2810 2055 2879">
    <p class='ocr_par' dir='ltr' id='par_1_28' title="bbox 474 2810 2055 2879">
     <span class='ocr_line' id='line_1_28' title="bbox 474 2810 2055 2879; baseline -0.003 -13"><span class='ocrx_word' id='word_1_223' title='bbox 474 2812 784 2866; x_wconf 89' lang='lat' dir='ltr'><strong>serutamini</strong></span> <span class='ocrx_word' id='word_1_224' title='bbox 808 2812 832 2865; x_wconf 84' lang='lat'><strong>?</strong></span> <span class='ocrx_word' id='word_1_225' title='bbox 859 2812 958 2866; x_wconf 92' lang='lat' dir='ltr'><strong>hoc</strong></span> <span class='ocrx_word' id='word_1_226' title='bbox 980 2812 1180 2865; x_wconf 90' lang='lat' dir='ltr'><strong>audivit</strong></span> <span class='ocrx_word' id='word_1_227' title='bbox 1200 2826 1320 2865; x_wconf 90' lang='lat' dir='ltr'><strong>eum</strong></span> <span class='ocrx_word' id='word_1_228' title='bbox 1348 2812 1457 2864; x_wconf 88' lang='lat' dir='ltr'><strong>suis</strong></span> <span class='ocrx_word' id='word_1_229' title='bbox 1480 2810 1669 2864; x_wconf 86' lang='lat' dir='ltr'><strong>Petrus</strong></span> <span class='ocrx_word' id='word_1_230' title='bbox 1692 2810 2055 2879; x_wconf 88' lang='lat' dir='ltr'><strong>apostolorum</strong></span> 
     </span>
    </p>
   </div>
   <div class='ocr_carea' id='block_1_29' title="bbox 475 2900 2055 2972">
    <p class='ocr_par' dir='ltr' id='par_1_29' title="bbox 475 2900 2055 2972">
     <span class='ocr_line' id='line_1_29' title="bbox 475 2900 2055 2972; baseline -0.002 -17"><span class='ocrx_word' id='word_1_231' title='bbox 475 2904 725 2972; x_wconf 86' lang='lat' dir='ltr'><strong>princeps</strong></span> <span class='ocrx_word' id='word_1_232' title='bbox 753 2910 808 2956; x_wconf 89' lang='lat' dir='ltr'><strong>et</strong></span> <span class='ocrx_word' id='word_1_233' title='bbox 844 2902 1198 2972; x_wconf 79' lang='lat' dir='ltr'><strong>coryphaeus;</strong></span> <span class='ocrx_word' id='word_1_234' title='bbox 1232 2910 1287 2955; x_wconf 91' lang='lat' dir='ltr'><strong>ut</strong></span> <span class='ocrx_word' id='word_1_235' title='bbox 1313 2902 1400 2971; x_wconf 87' lang='lat' dir='ltr'><strong>qui</strong></span> <span class='ocrx_word' id='word_1_236' title='bbox 1439 2901 1811 2955; x_wconf 87' lang='lat' dir='ltr'><strong>desiderarent</strong></span> <span class='ocrx_word' id='word_1_237' title='bbox 1853 2900 2055 2968; x_wconf 86' lang='lat' dir='ltr'><strong>majora</strong></span> 
     </span>
    </p>
   </div>
   <div class='ocr_carea' id='block_1_30' title="bbox 474 2991 2055 3065">
    <p class='ocr_par' dir='ltr' id='par_1_30' title="bbox 474 2991 2055 3065">
     <span class='ocr_line' id='line_1_30' title="bbox 474 2991 2055 3065; baseline -0.002 -17"><span class='ocrx_word' id='word_1_238' title='bbox 474 3011 631 3065; x_wconf 89' lang='lat' dir='ltr'><strong>quam</strong></span> <span class='ocrx_word' id='word_1_239' title='bbox 656 3010 751 3050; x_wconf 89' lang='lat' dir='ltr'><strong>eos</strong></span> <span class='ocrx_word' id='word_1_240' title='bbox 770 2994 1012 3049; x_wconf 87' lang='lat' dir='ltr'><strong>decebat.</strong></span> <span class='ocrx_word' id='word_1_241' title='bbox 1040 2993 1286 3058; x_wconf 78' lang='lat' dir='ltr'><strong>Maxime,</strong></span> <span class='ocrx_word' id='word_1_242' title='bbox 1314 2993 1481 3062; x_wconf 89' lang='lat' dir='ltr'><strong>inquit</strong></span> <span class='ocrx_word' id='word_1_243' title='bbox 1500 3008 1513 3055; x_wconf 91' lang='lat'><strong>;</strong></span> <span class='ocrx_word' id='word_1_244' title='bbox 1530 2992 1625 3047; x_wconf 90' lang='lat' dir='ltr'><strong>sed</strong></span> <span class='ocrx_word' id='word_1_245' title='bbox 1651 2992 1729 3047; x_wconf 92' lang='lat' dir='ltr'><strong>sic</strong></span> <span class='ocrx_word' id='word_1_246' title='bbox 1750 2991 1940 3046; x_wconf 87' lang='lat' dir='ltr'><strong>licebat</strong></span> <span class='ocrx_word' id='word_1_247' title='bbox 1962 3006 2055 3046; x_wconf 82' lang='lat' dir='ltr'><strong>ora</strong></span> 
     </span>
    </p>
   </div>
   <div class='ocr_carea' id='block_1_31' title="bbox 475 3083 2055 3154">
    <p class='ocr_par' dir='ltr' id='par_1_31' title="bbox 475 3083 2055 3154">
     <span class='ocr_line' id='line_1_31' title="bbox 475 3083 2055 3154; baseline -0.003 -13"><span class='ocrx_word' id='word_1_248' title='bbox 475 3087 781 3141; x_wconf 65' lang='lat' dir='ltr'><strong>Graecorum</strong></span> <span class='ocrx_word' id='word_1_249' title='bbox 805 3086 1103 3141; x_wconf 89' lang='lat' dir='ltr'><strong>obstruere.</strong></span> <span class='ocrx_word' id='word_1_250' title='bbox 1127 3085 1433 3153; x_wconf 82' lang='lat' dir='ltr'><strong>Quomodo?</strong></span> <span class='ocrx_word' id='word_1_251' title='bbox 1446 3083 1532 3139; x_wconf 90' lang='lat' dir='ltr'><strong>dic</strong></span> <span class='ocrx_word' id='word_1_252' title='bbox 1550 3099 1754 3154; x_wconf 66' lang='lat' dir='ltr'><strong>quaeso.</strong></span> <span class='ocrx_word' id='word_1_253' title='bbox 1794 3083 2055 3152; x_wconf 91' lang='lat' dir='ltr'><strong>Quoniam</strong></span> 
     </span>
    </p>
   </div>
   <div class='ocr_carea' id='block_1_32' title="bbox 476 3177 2059 3234">
    <p class='ocr_par' dir='ltr' id='par_1_32' title="bbox 476 3177 2059 3234">
     <span class='ocr_line' id='line_1_32' title="bbox 476 3177 2059 3234; baseline -0.001 0"><span class='ocrx_word' id='word_1_254' title='bbox 476 3180 552 3234; x_wconf 89' lang='lat' dir='ltr'><strong>illi</strong></span> <span class='ocrx_word' id='word_1_255' title='bbox 574 3179 760 3234; x_wconf 89' lang='lat' dir='ltr'><strong>dicunt</strong></span> <span class='ocrx_word' id='word_1_256' title='bbox 783 3179 924 3234; x_wconf 91' lang='lat' dir='ltr'><strong>hunc</strong></span> <span class='ocrx_word' id='word_1_257' title='bbox 949 3179 1203 3233; x_wconf 91' lang='lat' dir='ltr'><strong>mundum</strong></span> <span class='ocrx_word' id='word_1_258' title='bbox 1230 3193 1351 3234; x_wconf 88' lang='lat' dir='ltr'><strong>esse</strong></span> <span class='ocrx_word' id='word_1_259' title='bbox 1375 3178 1536 3234; x_wconf 90' lang='lat' dir='ltr'><strong>deum</strong></span> <span class='ocrx_word' id='word_1_260' title='bbox 1567 3194 1581 3231; x_wconf 90' lang='lat'><strong>:</strong></span> <span class='ocrx_word' id='word_1_261' title='bbox 1610 3178 1656 3232; x_wconf 90' lang='lat' dir='ltr'><strong>si</strong></span> <span class='ocrx_word' id='word_1_262' title='bbox 1683 3186 1861 3233; x_wconf 90' lang='lat' dir='ltr'><strong>autem</strong></span> <span class='ocrx_word' id='word_1_263' title='bbox 1888 3177 2059 3233; x_wconf 87' lang='lat' dir='ltr'><strong>scire-</strong></span> 
     </span>
    </p>
   </div>
   <div class='ocr_carea' id='block_1_33' title="bbox 476 3272 2053 3345">
    <p class='ocr_par' dir='ltr' id='par_1_33' title="bbox 476 3272 2053 3345">
     <span class='ocr_line' id='line_1_33' title="bbox 476 3272 2053 3345; baseline -0.003 -16"><span class='ocrx_word' id='word_1_264' title='bbox 476 3291 598 3330; x_wconf 90' lang='lat' dir='ltr'><strong>mus</strong></span> <span class='ocrx_word' id='word_1_265' title='bbox 627 3284 837 3345; x_wconf 88' lang='lat' dir='ltr'><strong>tempus</strong></span> <span class='ocrx_word' id='word_1_266' title='bbox 862 3274 1254 3339; x_wconf 89' lang='lat' dir='ltr'><strong>dissolutionis,</strong></span> <span class='ocrx_word' id='word_1_267' title='bbox 1283 3288 1377 3327; x_wconf 90' lang='lat' dir='ltr'><strong>ora</strong></span> <span class='ocrx_word' id='word_1_268' title='bbox 1402 3286 1590 3327; x_wconf 87' lang='lat' dir='ltr'><strong>eorum</strong></span> <span class='ocrx_word' id='word_1_269' title='bbox 1630 3272 2053 3326; x_wconf 90' lang='lat' dir='ltr'><strong>obstrueremus.</strong></span> 
     </span>
    </p>
   </div>
   <div class='ocr_carea' id='block_1_34' title="bbox 476 3363 2056 3432">
    <p class='ocr_par' dir='ltr' id='par_1_34' title="bbox 476 3363 2056 3432">
     <span class='ocr_line' id='line_1_34' title="bbox 476 3363 2056 3432; baseline -0.002 -12"><span class='ocrx_word' id='word_1_270' title='bbox 476 3366 642 3421; x_wconf 82' lang='lat' dir='ltr'><strong>Plane</strong></span> <span class='ocrx_word' id='word_1_271' title='bbox 665 3384 679 3420; x_wconf 86' lang='lat'><strong>:</strong></span> <span class='ocrx_word' id='word_1_272' title='bbox 705 3366 874 3419; x_wconf 87' lang='lat' dir='ltr'><strong>hocne</strong></span> <span class='ocrx_word' id='word_1_273' title='bbox 896 3375 978 3419; x_wconf 91' lang='lat' dir='ltr'><strong>est</strong></span> <span class='ocrx_word' id='word_1_274' title='bbox 1002 3365 1213 3419; x_wconf 92' lang='lat' dir='ltr'><strong>illorum</strong></span> <span class='ocrx_word' id='word_1_275' title='bbox 1235 3379 1326 3417; x_wconf 89' lang='lat' dir='ltr'><strong>ora</strong></span> <span class='ocrx_word' id='word_1_276' title='bbox 1355 3364 1659 3426; x_wconf 89' lang='lat' dir='ltr'><strong>obstruere,</strong></span> <span class='ocrx_word' id='word_1_277' title='bbox 1681 3363 1891 3417; x_wconf 90' lang='lat' dir='ltr'><strong>discere</strong></span> <span class='ocrx_word' id='word_1_278' title='bbox 1913 3363 2056 3432; x_wconf 89' lang='lat' dir='ltr'><strong>quod</strong></span> 
     </span>
    </p>
   </div>
   <div class='ocr_carea' id='block_1_35' title="bbox 475 3452 2059 3526">
    <p class='ocr_par' dir='ltr' id='par_1_35' title="bbox 475 3452 2059 3526">
     <span class='ocr_line' id='line_1_35' title="bbox 475 3452 2059 3526; baseline -0.001 -18"><span class='ocrx_word' id='word_1_279' title='bbox 475 3456 762 3526; x_wconf 88' lang='lat' dir='ltr'><strong>aliquando</strong></span> <span class='ocrx_word' id='word_1_280' title='bbox 787 3454 1095 3509; x_wconf 87' lang='lat' dir='ltr'><strong>dissolvitur</strong></span> <span class='ocrx_word' id='word_1_281' title='bbox 1123 3454 1211 3509; x_wconf 82' lang='lat' dir='ltr'><strong>vel</strong></span> <span class='ocrx_word' id='word_1_282' title='bbox 1239 3452 1457 3524; x_wconf 87' lang='lat' dir='ltr'><strong>quando</strong></span> <span class='ocrx_word' id='word_1_283' title='bbox 1484 3452 1856 3515; x_wconf 80' lang='lat' dir='ltr'><strong>dissolvatur?</strong></span> <span class='ocrx_word' id='word_1_284' title='bbox 1884 3452 1939 3507; x_wconf 91' lang='lat' dir='ltr'><strong>Si</strong></span> <span class='ocrx_word' id='word_1_285' title='bbox 1965 3468 2059 3507; x_wconf 86' lang='lat' dir='ltr'><strong>eo-</strong></span> 
     </span>
    </p>
   </div>
   <div class='ocr_carea' id='block_1_36' title="bbox 476 3543 2060 3611">
    <p class='ocr_par' dir='ltr' id='par_1_36' title="bbox 476 3543 2060 3611">
     <span class='ocr_line' id='line_1_36' title="bbox 476 3543 2060 3611; baseline -0.004 -8"><span class='ocrx_word' id='word_1_286' title='bbox 476 3564 596 3603; x_wconf 89' lang='lat' dir='ltr'><strong>rum</strong></span> <span class='ocrx_word' id='word_1_287' title='bbox 620 3564 714 3603; x_wconf 89' lang='lat' dir='ltr'><strong>ora</strong></span> <span class='ocrx_word' id='word_1_288' title='bbox 742 3548 1024 3603; x_wconf 90' lang='lat' dir='ltr'><strong>obstruere</strong></span> <span class='ocrx_word' id='word_1_289' title='bbox 1053 3547 1212 3600; x_wconf 91' lang='lat' dir='ltr'><strong>vultis</strong></span> <span class='ocrx_word' id='word_1_290' title='bbox 1232 3588 1248 3611; x_wconf 93' lang='lat'><strong>,</strong></span> <span class='ocrx_word' id='word_1_291' title='bbox 1277 3545 1439 3600; x_wconf 91' lang='lat' dir='ltr'><strong>dicite</strong></span> <span class='ocrx_word' id='word_1_292' title='bbox 1467 3545 1546 3601; x_wconf 90' lang='lat' dir='ltr'><strong>eis</strong></span> <span class='ocrx_word' id='word_1_293' title='bbox 1565 3560 1686 3599; x_wconf 90' lang='lat' dir='ltr'><strong>eum</strong></span> <span class='ocrx_word' id='word_1_294' title='bbox 1716 3544 1876 3598; x_wconf 87' lang='lat' dir='ltr'><strong>linem</strong></span> <span class='ocrx_word' id='word_1_295' title='bbox 1905 3543 2060 3598; x_wconf 86' lang='lat' dir='ltr'><strong>habi-</strong></span> 
     </span>
    </p>
   </div>
   <div class='ocr_carea' id='block_1_37' title="bbox 478 3634 2054 3704">
    <p class='ocr_par' dir='ltr' id='par_1_37' title="bbox 478 3634 2054 3704">
     <span class='ocr_line' id='line_1_37' title="bbox 478 3634 2054 3704; baseline -0.003 -12"><span class='ocrx_word' id='word_1_296' title='bbox 478 3649 655 3693; x_wconf 89' lang='lat' dir='ltr'><strong>turum</strong></span> <span class='ocrx_word' id='word_1_297' title='bbox 688 3656 703 3692; x_wconf 88' lang='lat'>:</span> <span class='ocrx_word' id='word_1_298' title='bbox 735 3638 781 3692; x_wconf 93' lang='lat' dir='ltr'><strong>si</strong></span> <span class='ocrx_word' id='word_1_299' title='bbox 834 3637 937 3692; x_wconf 92' lang='lat' dir='ltr'><strong>hoc</strong></span> <span class='ocrx_word' id='word_1_300' title='bbox 976 3653 1081 3691; x_wconf 92' lang='lat' dir='ltr'><strong>non</strong></span> <span class='ocrx_word' id='word_1_301' title='bbox 1110 3636 1374 3702; x_wconf 91' lang='lat' dir='ltr'><strong>credant,</strong></span> <span class='ocrx_word' id='word_1_302' title='bbox 1423 3650 1597 3704; x_wconf 90' lang='lat' dir='ltr'><strong>neque</strong></span> <span class='ocrx_word' id='word_1_303' title='bbox 1642 3634 1772 3689; x_wconf 87' lang='lat' dir='ltr'><strong>illud</strong></span> <span class='ocrx_word' id='word_1_304' title='bbox 1812 3634 2054 3689; x_wconf 90' lang='lat' dir='ltr'><strong>credent.</strong></span> 
     </span>
    </p>
   </div>
   <div class='ocr_carea' id='block_1_38' title="bbox 476 3728 2055 3799">
    <p class='ocr_par' dir='ltr' id='par_1_38' title="bbox 476 3728 2055 3799">
     <span class='ocr_line' id='line_1_38' title="bbox 476 3728 2055 3799; baseline -0.005 -11"><span class='ocrx_word' id='word_1_305' title='bbox 476 3733 614 3788; x_wconf 86' lang='lat' dir='ltr'><strong>Audi</strong></span> <span class='ocrx_word' id='word_1_306' title='bbox 661 3731 880 3787; x_wconf 88' lang='lat' dir='ltr'><strong>Paulum</strong></span> <span class='ocrx_word' id='word_1_307' title='bbox 920 3731 1186 3786; x_wconf 83' lang='lat' dir='ltr'><strong>dicentem</strong></span> <span class='ocrx_word' id='word_1_308' title='bbox 1214 3747 1226 3782; x_wconf 89' lang='lat'><strong>:</strong></span> <span class='ocrx_word' id='word_1_309' title='bbox 1262 3729 1378 3799; x_wconf 83' lang='lat' dir='ltr'><strong>Ipsi</strong></span> <span class='ocrx_word' id='word_1_310' title='bbox 1420 3730 1553 3783; x_wconf 83' lang='lat' dir='ltr'><strong>enim</strong></span> <span class='ocrx_word' id='word_1_311' title='bbox 1581 3728 1849 3798; x_wconf 83' lang='lat' dir='ltr'><strong>diligenter</strong></span> <span class='ocrx_word' id='word_1_312' title='bbox 1875 3729 2014 3781; x_wconf 82' lang='lat' dir='ltr'><strong>scitis</strong></span> <span class='ocrx_word' id='word_1_313' title='bbox 2038 3765 2055 3790; x_wconf 93' lang='lat'><strong>,</strong></span> 
     </span>
    </p>
   </div>
   <div class='ocr_carea' id='block_1_39' title="bbox 475 3818 2057 3894">
    <p class='ocr_par' dir='ltr' id='par_1_39' title="bbox 475 3818 2057 3894">
     <span class='ocr_line' id='line_1_39' title="bbox 475 3818 2057 3894; baseline -0.003 -17"><span class='ocrx_word' id='word_1_314' title='bbox 475 3825 610 3894; x_wconf 88' lang='lat' dir='ltr'><strong>quod</strong></span> <span class='ocrx_word' id='word_1_315' title='bbox 638 3824 746 3877; x_wconf 89' lang='lat' dir='ltr'><strong>dies</strong></span> <span class='ocrx_word' id='word_1_316' title='bbox 784 3822 991 3876; x_wconf 83' lang='lat' dir='ltr'><strong>Domini</strong></span> <span class='ocrx_word' id='word_1_317' title='bbox 1026 3822 1152 3876; x_wconf 83' lang='lat' dir='ltr'><strong>sicut</strong></span> <span class='ocrx_word' id='word_1_318' title='bbox 1182 3824 1268 3891; x_wconf 79' lang='lat' dir='ltr'><strong>fur</strong></span> <span class='ocrx_word' id='word_1_319' title='bbox 1290 3822 1342 3873; x_wconf 89' lang='lat' dir='ltr'><strong>in</strong></span> <span class='ocrx_word' id='word_1_320' title='bbox 1370 3831 1515 3874; x_wconf 87' lang='lat' dir='ltr'><strong>nocte</strong></span> <span class='ocrx_word' id='word_1_321' title='bbox 1536 3860 1551 3884; x_wconf 93' lang='lat'><strong>,</strong></span> <span class='ocrx_word' id='word_1_322' title='bbox 1599 3821 1672 3872; x_wconf 88' lang='lat' dir='ltr'><strong>ita</strong></span> <span class='ocrx_word' id='word_1_323' title='bbox 1713 3819 1891 3873; x_wconf 84' lang='lat' dir='ltr'><strong>veniet.</strong></span> <span class='ocrx_word' id='word_1_324' title='bbox 1940 3818 2057 3873; x_wconf 86' lang='lat' dir='ltr'><strong>Non</strong></span> 
     </span>
    </p>
   </div>
   <div class='ocr_carea' id='block_1_40' title="bbox 477 3910 2059 3980">
    <p class='ocr_par' dir='ltr' id='par_1_40' title="bbox 477 3910 2059 3980">
     <span class='ocr_line' id='line_1_40' title="bbox 477 3910 2059 3980; baseline -0.004 -10"><span class='ocrx_word' id='word_1_325' title='bbox 477 3916 777 3970; x_wconf 89' lang='lat' dir='ltr'><strong>communis</strong></span> <span class='ocrx_word' id='word_1_326' title='bbox 814 3915 1017 3979; x_wconf 89' lang='lat' dir='ltr'><strong>solum,</strong></span> <span class='ocrx_word' id='word_1_327' title='bbox 1051 3912 1146 3967; x_wconf 87' lang='lat' dir='ltr'><strong>sed</strong></span> <span class='ocrx_word' id='word_1_328' title='bbox 1187 3914 1350 3965; x_wconf 90' lang='lat' dir='ltr'><strong>etiam</strong></span> <span class='ocrx_word' id='word_1_329' title='bbox 1397 3912 1621 3980; x_wconf 80' lang='lat' dir='ltr'><strong>singulis</strong></span> <span class='ocrx_word' id='word_1_330' title='bbox 1652 3910 1895 3979; x_wconf 88' lang='lat' dir='ltr'><strong>proprius</strong></span> <span class='ocrx_word' id='word_1_331' title='bbox 1925 3927 1939 3964; x_wconf 87' lang='lat'><strong>:</strong></span> <span class='ocrx_word' id='word_1_332' title='bbox 1973 3910 2059 3964; x_wconf 89' lang='lat' dir='ltr'><strong>hic</strong></span> 
     </span>
    </p>
   </div>
   <div class='ocr_carea' id='block_1_41' title="bbox 479 4000 2059 4072">
    <p class='ocr_par' dir='ltr' id='par_1_41' title="bbox 479 4000 2059 4072">
     <span class='ocr_line' id='line_1_41' title="bbox 479 4000 2059 4072; baseline -0.004 -10"><span class='ocrx_word' id='word_1_333' title='bbox 479 4008 622 4063; x_wconf 89' lang='lat' dir='ltr'><strong>enim</strong></span> <span class='ocrx_word' id='word_1_334' title='bbox 652 4006 800 4060; x_wconf 90' lang='lat' dir='ltr'><strong>illum</strong></span> <span class='ocrx_word' id='word_1_335' title='bbox 821 4005 1077 4067; x_wconf 87' lang='lat' dir='ltr'><strong>imitatur,</strong></span> <span class='ocrx_word' id='word_1_336' title='bbox 1101 4004 1350 4072; x_wconf 87' lang='lat' dir='ltr'><strong>quoniam</strong></span> <span class='ocrx_word' id='word_1_337' title='bbox 1383 4011 1463 4057; x_wconf 90' lang='lat' dir='ltr'><strong>est</strong></span> <span class='ocrx_word' id='word_1_338' title='bbox 1484 4002 1582 4070; x_wconf 86' lang='lat' dir='ltr'><strong>ipsi</strong></span> <span class='ocrx_word' id='word_1_339' title='bbox 1607 4009 1883 4071; x_wconf 86' lang='lat' dir='ltr'><strong>cognatus.</strong></span> <span class='ocrx_word' id='word_1_340' title='bbox 1906 4000 2059 4070; x_wconf 89' lang='lat' dir='ltr'><strong>Quod</strong></span> 
     </span>
    </p>
   </div>
   <div class='ocr_carea' id='block_1_42' title="bbox 478 4094 2056 4164">
    <p class='ocr_par' dir='ltr' id='par_1_42' title="bbox 478 4094 2056 4164">
     <span class='ocr_line' id='line_1_42' title="bbox 478 4094 2056 4164; baseline -0.004 -10"><span class='ocrx_word' id='word_1_341' title='bbox 478 4104 621 4156; x_wconf 89' lang='lat' dir='ltr'><strong>enim</strong></span> <span class='ocrx_word' id='word_1_342' title='bbox 646 4099 734 4154; x_wconf 90' lang='lat' dir='ltr'><strong>ille</strong></span> <span class='ocrx_word' id='word_1_343' title='bbox 759 4097 918 4153; x_wconf 89' lang='lat' dir='ltr'><strong>simul</strong></span> <span class='ocrx_word' id='word_1_344' title='bbox 939 4106 993 4151; x_wconf 92' lang='lat' dir='ltr'><strong>et</strong></span> <span class='ocrx_word' id='word_1_345' title='bbox 1014 4096 1327 4162; x_wconf 89' lang='lat' dir='ltr'><strong>acervatim,</strong></span> <span class='ocrx_word' id='word_1_346' title='bbox 1359 4095 1461 4150; x_wconf 93' lang='lat' dir='ltr'><strong>hoc</strong></span> <span class='ocrx_word' id='word_1_347' title='bbox 1486 4094 1573 4148; x_wconf 90' lang='lat' dir='ltr'><strong>hic</strong></span> <span class='ocrx_word' id='word_1_348' title='bbox 1597 4094 1723 4148; x_wconf 79' lang='lat' dir='ltr'><strong>facit</strong></span> <span class='ocrx_word' id='word_1_349' title='bbox 1747 4094 2056 4164; x_wconf 76' lang='lat' dir='ltr'><strong>sigillatim;</strong></span> 
     </span>
    </p>
   </div>
   <div class='ocr_carea' id='block_1_43' title="bbox 479 4185 2059 4259">
    <p class='ocr_par' dir='ltr' id='par_1_43' title="bbox 479 4185 2059 4259">
     <span class='ocr_line' id='line_1_43' title="bbox 479 4185 2059 4259; baseline -0.004 -13"><span class='ocrx_word' id='word_1_350' title='bbox 479 4202 535 4247; x_wconf 92' lang='lat' dir='ltr'><strong>et</strong></span> <span class='ocrx_word' id='word_1_351' title='bbox 572 4200 779 4259; x_wconf 89' lang='lat' dir='ltr'><strong>tempus</strong></span> <span class='ocrx_word' id='word_1_352' title='bbox 816 4187 1299 4244; x_wconf 83' lang='lat' dir='ltr'><strong>consummationis</strong></span> <span class='ocrx_word' id='word_1_353' title='bbox 1348 4187 1418 4241; x_wconf 92' lang='lat' dir='ltr'><strong>ab</strong></span> <span class='ocrx_word' id='word_1_354' title='bbox 1458 4186 1665 4241; x_wconf 87' lang='lat' dir='ltr'><strong>Adamo</strong></span> <span class='ocrx_word' id='word_1_355' title='bbox 1706 4187 1914 4255; x_wconf 90' lang='lat' dir='ltr'><strong>accepit</strong></span> <span class='ocrx_word' id='word_1_356' title='bbox 1953 4185 2059 4240; x_wconf 89' lang='lat' dir='ltr'><strong>ini-</strong></span> 
     </span>
    </p>
   </div>
   <div class='ocr_carea' id='block_1_44' title="bbox 484 4278 2058 4351">
    <p class='ocr_par' dir='ltr' id='par_1_44' title="bbox 484 4278 2058 4351">
     <span class='ocr_line' id='line_1_44' title="bbox 484 4278 2058 4351; baseline -0.001 -16"><span class='ocrx_word' id='word_1_357' title='bbox 484 4286 614 4337; x_wconf 87' lang='lat' dir='ltr'><strong>tium</strong></span> <span class='ocrx_word' id='word_1_358' title='bbox 638 4299 655 4345; x_wconf 88' lang='lat'><strong>;</strong></span> <span class='ocrx_word' id='word_1_359' title='bbox 683 4291 739 4338; x_wconf 90' lang='lat' dir='ltr'><strong>et</strong></span> <span class='ocrx_word' id='word_1_360' title='bbox 765 4282 882 4336; x_wconf 90' lang='lat' dir='ltr'><strong>linis</strong></span> <span class='ocrx_word' id='word_1_361' title='bbox 906 4281 1163 4351; x_wconf 89' lang='lat' dir='ltr'><strong>cujusque</strong></span> <span class='ocrx_word' id='word_1_362' title='bbox 1190 4289 1434 4334; x_wconf 89' lang='lat' dir='ltr'><strong>nostrmn</strong></span> <span class='ocrx_word' id='word_1_363' title='bbox 1466 4278 1589 4333; x_wconf 77' lang='lat' dir='ltr'><strong>vita:</strong></span> <span class='ocrx_word' id='word_1_364' title='bbox 1617 4288 1701 4334; x_wconf 90' lang='lat' dir='ltr'><strong>est</strong></span> <span class='ocrx_word' id='word_1_365' title='bbox 1727 4278 1901 4348; x_wconf 82' lang='lat' dir='ltr'><strong>imago</strong></span> <span class='ocrx_word' id='word_1_366' title='bbox 1924 4294 2058 4333; x_wconf 90' lang='lat' dir='ltr'><strong>con-</strong></span> 
     </span>
    </p>
   </div>
   <div class='ocr_carea' id='block_1_45' title="bbox 481 4372 2060 4442">
    <p class='ocr_par' dir='ltr' id='par_1_45' title="bbox 481 4372 2060 4442">
     <span class='ocr_line' id='line_1_45' title="bbox 481 4372 2060 4442; baseline -0.004 -12"><span class='ocrx_word' id='word_1_367' title='bbox 481 4376 852 4431; x_wconf 89' lang='lat' dir='ltr'><strong>summationis</strong></span> <span class='ocrx_word' id='word_1_368' title='bbox 872 4416 889 4441; x_wconf 97' lang='lat'><strong>,</strong></span> <span class='ocrx_word' id='word_1_369' title='bbox 920 4390 1019 4429; x_wconf 90' lang='lat' dir='ltr'><strong>nec</strong></span> <span class='ocrx_word' id='word_1_370' title='bbox 1048 4373 1307 4429; x_wconf 87' lang='lat' dir='ltr'><strong>erraverit</strong></span> <span class='ocrx_word' id='word_1_371' title='bbox 1331 4413 1345 4437; x_wconf 94' lang='lat'><strong>,</strong></span> <span class='ocrx_word' id='word_1_372' title='bbox 1372 4373 1463 4442; x_wconf 89' lang='lat' dir='ltr'><strong>qui</strong></span> <span class='ocrx_word' id='word_1_373' title='bbox 1486 4372 1684 4427; x_wconf 84' lang='lat' dir='ltr'><strong>dixerit</strong></span> <span class='ocrx_word' id='word_1_374' title='bbox 1708 4386 2060 4426; x_wconf 86' lang='lat' dir='ltr'><strong>consumma-</strong></span> 
     </span>
    </p>
   </div>
   <div class='ocr_carea' id='block_1_46' title="bbox 484 4462 2063 4534">
    <p class='ocr_par' dir='ltr' id='par_1_46' title="bbox 484 4462 2063 4534">
     <span class='ocr_line' id='line_1_46' title="bbox 484 4462 2063 4534; baseline -0.003 -13"><span class='ocrx_word' id='word_1_375' title='bbox 484 4471 705 4522; x_wconf 90' lang='lat' dir='ltr'><strong>tionem.</strong></span> <span class='ocrx_word' id='word_1_376' title='bbox 744 4466 876 4520; x_wconf 86' lang='lat' dir='ltr'><strong>Nam</strong></span> <span class='ocrx_word' id='word_1_377' title='bbox 917 4480 1037 4520; x_wconf 90' lang='lat' dir='ltr'><strong>cum</strong></span> <span class='ocrx_word' id='word_1_378' title='bbox 1068 4463 1303 4534; x_wconf 86' lang='lat' dir='ltr'><strong>quotidie</strong></span> <span class='ocrx_word' id='word_1_379' title='bbox 1333 4464 1628 4518; x_wconf 86' lang='lat' dir='ltr'><strong>moriantur</strong></span> <span class='ocrx_word' id='word_1_380' title='bbox 1655 4462 1920 4516; x_wconf 87' lang='lat' dir='ltr'><strong>innumeri</strong></span> <span class='ocrx_word' id='word_1_381' title='bbox 1950 4502 1964 4525; x_wconf 90' lang='lat'><strong>,</strong></span> <span class='ocrx_word' id='word_1_382' title='bbox 2008 4471 2063 4516; x_wconf 89' lang='lat' dir='ltr'><strong>et</strong></span> 
     </span>
    </p>
   </div>
   <div class='ocr_carea' id='block_1_47' title="bbox 490 4555 2056 4627">
    <p class='ocr_par' dir='ltr' id='par_1_47' title="bbox 490 4555 2056 4627">
     <span class='ocr_line' id='line_1_47' title="bbox 490 4555 2056 4627; baseline -0.003 -15"><span class='ocrx_word' id='word_1_383' title='bbox 490 4562 635 4613; x_wconf 86' lang='lat' dir='ltr'><strong>illum</strong></span> <span class='ocrx_word' id='word_1_384' title='bbox 662 4559 805 4614; x_wconf 91' lang='lat' dir='ltr'><strong>diem</strong></span> <span class='ocrx_word' id='word_1_385' title='bbox 828 4566 1157 4627; x_wconf 83' lang='lat' dir='ltr'><strong>exSpectent,</strong></span> <span class='ocrx_word' id='word_1_386' title='bbox 1186 4569 1237 4611; x_wconf 90' lang='lat' dir='ltr'><strong>et</strong></span> <span class='ocrx_word' id='word_1_387' title='bbox 1266 4567 1391 4611; x_wconf 86' lang='lat' dir='ltr'><strong>ante</strong></span> <span class='ocrx_word' id='word_1_388' title='bbox 1417 4557 1561 4610; x_wconf 90' lang='lat' dir='ltr'><strong>illum</strong></span> <span class='ocrx_word' id='word_1_389' title='bbox 1584 4555 1760 4609; x_wconf 89' lang='lat' dir='ltr'><strong>nullus</strong></span> <span class='ocrx_word' id='word_1_390' title='bbox 1789 4564 2056 4625; x_wconf 80' lang='lat' dir='ltr'><strong>resurgat,</strong></span> 
     </span>
    </p>
   </div>
   <div class='ocr_carea' id='block_1_48' title="bbox 486 4649 2066 4719">
    <p class='ocr_par' dir='ltr' id='par_1_48' title="bbox 486 4649 2066 4719">
     <span class='ocr_line' id='line_1_48' title="bbox 486 4649 2066 4719; baseline -0.001 -15"><span class='ocrx_word' id='word_1_391' title='bbox 486 4668 589 4704; x_wconf 90' lang='lat' dir='ltr'><strong>non</strong></span> <span class='ocrx_word' id='word_1_392' title='bbox 617 4650 759 4705; x_wconf 90' lang='lat' dir='ltr'><strong>illius</strong></span> <span class='ocrx_word' id='word_1_393' title='bbox 780 4659 863 4705; x_wconf 89' lang='lat' dir='ltr'><strong>est</strong></span> <span class='ocrx_word' id='word_1_394' title='bbox 891 4650 1064 4719; x_wconf 83' lang='lat' dir='ltr'><strong>opus?</strong></span> <span class='ocrx_word' id='word_1_395' title='bbox 1090 4650 1142 4705; x_wconf 90' lang='lat' dir='ltr'><strong>Si</strong></span> <span class='ocrx_word' id='word_1_396' title='bbox 1175 4650 1335 4703; x_wconf 90' lang='lat' dir='ltr'><strong>vultis</strong></span> <span class='ocrx_word' id='word_1_397' title='bbox 1359 4659 1534 4703; x_wconf 88' lang='lat' dir='ltr'><strong>autem</strong></span> <span class='ocrx_word' id='word_1_398' title='bbox 1563 4649 1701 4703; x_wconf 87' lang='lat' dir='ltr'><strong>scire</strong></span> <span class='ocrx_word' id='word_1_399' title='bbox 1736 4664 1833 4703; x_wconf 91' lang='lat' dir='ltr'><strong>cur</strong></span> <span class='ocrx_word' id='word_1_400' title='bbox 1857 4649 1974 4717; x_wconf 86' lang='lat' dir='ltr'><strong>ipse</strong></span> <span class='ocrx_word' id='word_1_401' title='bbox 1994 4650 2066 4703; x_wconf 87' lang='lat' dir='ltr'><strong>sit</strong></span> 
     </span>
    </p>
   </div>
   <div class='ocr_carea' id='block_1_49' title="bbox 486 4740 2063 4809">
    <p class='ocr_par' dir='ltr' id='par_1_49' title="bbox 486 4740 2063 4809">
     <span class='ocr_line' id='line_1_49' title="bbox 486 4740 2063 4809; baseline -0.001 -15"><span class='ocrx_word' id='word_1_402' title='bbox 486 4741 743 4805; x_wconf 84' lang='lat' dir='ltr'><strong>occultus,</strong></span> <span class='ocrx_word' id='word_1_403' title='bbox 776 4750 829 4795; x_wconf 92' lang='lat' dir='ltr'><strong>et</strong></span> <span class='ocrx_word' id='word_1_404' title='bbox 856 4756 951 4795; x_wconf 91' lang='lat' dir='ltr'><strong>cur</strong></span> <span class='ocrx_word' id='word_1_405' title='bbox 983 4752 1247 4809; x_wconf 84' lang='lat' dir='ltr'><strong>tamquam</strong></span> <span class='ocrx_word' id='word_1_406' title='bbox 1295 4740 1377 4793; x_wconf 90' lang='lat' dir='ltr'><strong>l&#39;ur</strong></span> <span class='ocrx_word' id='word_1_407' title='bbox 1406 4741 1582 4794; x_wconf 83' lang='lat' dir='ltr'><strong>veniat</strong></span> <span class='ocrx_word' id='word_1_408' title='bbox 1624 4740 1677 4793; x_wconf 91' lang='lat' dir='ltr'><strong>in</strong></span> <span class='ocrx_word' id='word_1_409' title='bbox 1723 4748 1880 4793; x_wconf 91' lang='lat' dir='ltr'><strong>nocte</strong></span> <span class='ocrx_word' id='word_1_410' title='bbox 1906 4780 1920 4804; x_wconf 95' lang='lat'><strong>,</strong></span> <span class='ocrx_word' id='word_1_411' title='bbox 1963 4755 2063 4809; x_wconf 91' lang='lat' dir='ltr'><strong>ego</strong></span> 
     </span>
    </p>
   </div>
   <div class='ocr_carea' id='block_1_50' title="bbox 492 4831 2066 4902">
    <p class='ocr_par' dir='ltr' id='par_1_50' title="bbox 492 4831 2066 4902">
     <span class='ocr_line' id='line_1_50' title="bbox 492 4831 2066 4902; baseline -0.001 -16"><span class='ocrx_word' id='word_1_412' title='bbox 492 4835 702 4899; x_wconf 85' lang='lat' dir='ltr'><strong>dicam,</strong></span> <span class='ocrx_word' id='word_1_413' title='bbox 732 4841 790 4886; x_wconf 93' lang='lat' dir='ltr'><strong>ut</strong></span> <span class='ocrx_word' id='word_1_414' title='bbox 818 4833 929 4902; x_wconf 87' lang='lat' dir='ltr'><strong>ipse</strong></span> <span class='ocrx_word' id='word_1_415' title='bbox 960 4844 1103 4887; x_wconf 88' lang='lat' dir='ltr'><strong>recte</strong></span> <span class='ocrx_word' id='word_1_416' title='bbox 1132 4848 1189 4887; x_wconf 88' lang='lat' dir='ltr'><strong>se</strong></span> <span class='ocrx_word' id='word_1_417' title='bbox 1215 4833 1414 4887; x_wconf 88' lang='lat' dir='ltr'><strong>habere</strong></span> <span class='ocrx_word' id='word_1_418' title='bbox 1446 4833 1719 4886; x_wconf 88' lang='lat' dir='ltr'><strong>existimo.</strong></span> <span class='ocrx_word' id='word_1_419' title='bbox 1754 4831 1921 4886; x_wconf 85' lang='lat' dir='ltr'><strong>Nemo</strong></span> <span class='ocrx_word' id='word_1_420' title='bbox 1951 4847 2066 4885; x_wconf 89' lang='lat' dir='ltr'><strong>um-</strong></span> 
     </span>
    </p>
   </div>
   <div class='ocr_carea' id='block_1_51' title="bbox 488 4922 2063 4994">
    <p class='ocr_par' dir='ltr' id='par_1_51' title="bbox 488 4922 2063 4994">
     <span class='ocr_line' id='line_1_51' title="bbox 488 4922 2063 4994; baseline -0.002 -15"><span class='ocrx_word' id='word_1_421' title='bbox 488 4940 648 4994; x_wconf 85' lang='lat' dir='ltr'><strong>quam</strong></span> <span class='ocrx_word' id='word_1_422' title='bbox 695 4924 904 4978; x_wconf 89' lang='lat' dir='ltr'><strong>virtutis</strong></span> <span class='ocrx_word' id='word_1_423' title='bbox 953 4939 1045 4992; x_wconf 88' lang='lat' dir='ltr'><strong>per</strong></span> <span class='ocrx_word' id='word_1_424' title='bbox 1078 4931 1241 4977; x_wconf 87' lang='lat' dir='ltr'><strong>totam</strong></span> <span class='ocrx_word' id='word_1_425' title='bbox 1273 4923 1435 4977; x_wconf 86' lang='lat' dir='ltr'><strong>vitam</strong></span> <span class='ocrx_word' id='word_1_426' title='bbox 1482 4938 1665 4977; x_wconf 88' lang='lat' dir='ltr'><strong>curam</strong></span> <span class='ocrx_word' id='word_1_427' title='bbox 1708 4923 1972 4993; x_wconf 82' lang='lat' dir='ltr'><strong>gesserit,</strong></span> <span class='ocrx_word' id='word_1_428' title='bbox 2021 4922 2063 4976; x_wconf 91' lang='lat' dir='ltr'><strong>si</strong></span> 
     </span>
    </p>
   </div>
   <div class='ocr_carea' id='block_1_52' title="bbox 487 5014 2066 5081">
    <p class='ocr_par' dir='ltr' id='par_1_52' title="bbox 487 5014 2066 5081">
     <span class='ocr_line' id='line_1_52' title="bbox 487 5014 2066 5081; baseline -0.001 -13"><span class='ocrx_word' id='word_1_429' title='bbox 487 5018 603 5069; x_wconf 86' lang='lat' dir='ltr'><strong>dies</strong></span> <span class='ocrx_word' id='word_1_430' title='bbox 629 5015 719 5068; x_wconf 91' lang='lat' dir='ltr'><strong>ille</strong></span> <span class='ocrx_word' id='word_1_431' title='bbox 740 5014 999 5080; x_wconf 89' lang='lat' dir='ltr'><strong>sciretur,</strong></span> <span class='ocrx_word' id='word_1_432' title='bbox 1031 5029 1129 5068; x_wconf 92' lang='lat' dir='ltr'><strong>nec</strong></span> <span class='ocrx_word' id='word_1_433' title='bbox 1157 5014 1398 5068; x_wconf 90' lang='lat' dir='ltr'><strong>occultus</strong></span> <span class='ocrx_word' id='word_1_434' title='bbox 1428 5024 1605 5081; x_wconf 87' lang='lat' dir='ltr'><strong>esset;</strong></span> <span class='ocrx_word' id='word_1_435' title='bbox 1635 5014 1729 5069; x_wconf 88' lang='lat' dir='ltr'><strong>sed</strong></span> <span class='ocrx_word' id='word_1_436' title='bbox 1755 5030 1876 5069; x_wconf 91' lang='lat' dir='ltr'><strong>cum</strong></span> <span class='ocrx_word' id='word_1_437' title='bbox 1903 5015 2066 5070; x_wconf 89' lang='lat' dir='ltr'><strong>sciret</strong></span> 
     </span>
    </p>
   </div>
   <div class='ocr_carea' id='block_1_53' title="bbox 488 5104 2068 5173">
    <p class='ocr_par' dir='ltr' id='par_1_53' title="bbox 488 5104 2068 5173">
     <span class='ocr_line' id='line_1_53' title="bbox 488 5104 2068 5173; baseline -0.003 -13"><span class='ocrx_word' id='word_1_438' title='bbox 488 5115 786 5160; x_wconf 87' lang='lat' dir='ltr'><strong>extremum</strong></span> <span class='ocrx_word' id='word_1_439' title='bbox 808 5104 950 5158; x_wconf 89' lang='lat' dir='ltr'><strong>diem</strong></span> <span class='ocrx_word' id='word_1_440' title='bbox 968 5146 983 5169; x_wconf 92' lang='lat'><strong>,</strong></span> <span class='ocrx_word' id='word_1_441' title='bbox 1010 5114 1126 5173; x_wconf 87' lang='lat' dir='ltr'><strong>post</strong></span> <span class='ocrx_word' id='word_1_442' title='bbox 1157 5105 1303 5159; x_wconf 92' lang='lat' dir='ltr'><strong>mille</strong></span> <span class='ocrx_word' id='word_1_443' title='bbox 1332 5114 1534 5173; x_wconf 87' lang='lat' dir='ltr'><strong>patrata</strong></span> <span class='ocrx_word' id='word_1_444' title='bbox 1560 5104 1761 5159; x_wconf 89' lang='lat' dir='ltr'><strong>scelera</strong></span> <span class='ocrx_word' id='word_1_445' title='bbox 1779 5144 1795 5169; x_wconf 91' lang='lat'><strong>,</strong></span> <span class='ocrx_word' id='word_1_446' title='bbox 1822 5104 1888 5159; x_wconf 88' lang='lat' dir='ltr'><strong>ad</strong></span> <span class='ocrx_word' id='word_1_447' title='bbox 1922 5105 2068 5158; x_wconf 87' lang='lat' dir='ltr'><strong>lava-</strong></span> 
     </span>
    </p>
   </div>
   <div class='ocr_carea' id='block_1_54' title="bbox 490 5194 2067 5266">
    <p class='ocr_par' dir='ltr' id='par_1_54' title="bbox 490 5194 2067 5266">
     <span class='ocr_line' id='line_1_54' title="bbox 490 5194 2067 5266; baseline -0.001 -16"><span class='ocrx_word' id='word_1_448' title='bbox 490 5213 640 5250; x_wconf 88' lang='lat' dir='ltr'><strong>crum</strong></span> <span class='ocrx_word' id='word_1_449' title='bbox 678 5206 804 5250; x_wconf 91' lang='lat' dir='ltr'><strong>tunc</strong></span> <span class='ocrx_word' id='word_1_450' title='bbox 834 5197 1076 5261; x_wconf 88' lang='lat' dir='ltr'><strong>veniret,</strong></span> <span class='ocrx_word' id='word_1_451' title='bbox 1109 5204 1269 5264; x_wconf 86' lang='lat' dir='ltr'><strong>atque</strong></span> <span class='ocrx_word' id='word_1_452' title='bbox 1299 5196 1368 5247; x_wconf 88' lang='lat' dir='ltr'><strong>ita</strong></span> <span class='ocrx_word' id='word_1_453' title='bbox 1400 5195 1529 5249; x_wconf 90' lang='lat' dir='ltr'><strong>hinc</strong></span> <span class='ocrx_word' id='word_1_454' title='bbox 1557 5196 1833 5266; x_wconf 82' lang='lat' dir='ltr'><strong>migraret.</strong></span> <span class='ocrx_word' id='word_1_455' title='bbox 1866 5194 1995 5249; x_wconf 83' lang='lat' dir='ltr'><strong>Nam</strong></span> <span class='ocrx_word' id='word_1_456' title='bbox 2022 5196 2067 5248; x_wconf 90' lang='lat' dir='ltr'><strong>si</strong></span> 
     </span>
    </p>
   </div>
   <div class='ocr_carea' id='block_1_55' title="bbox 493 5287 2070 5351">
    <p class='ocr_par' dir='ltr' id='par_1_55' title="bbox 493 5287 2070 5351">
     <span class='ocr_line' id='line_1_55' title="bbox 493 5287 2070 5351; baseline -0.003 -8"><span class='ocrx_word' id='word_1_457' title='bbox 493 5306 634 5344; x_wconf 90' lang='lat' dir='ltr'><strong>nunc</strong></span> <span class='ocrx_word' id='word_1_458' title='bbox 655 5329 668 5351; x_wconf 94' lang='lat'><strong>,</strong></span> <span class='ocrx_word' id='word_1_459' title='bbox 702 5305 821 5344; x_wconf 87' lang='lat' dir='ltr'><strong>cum</strong></span> <span class='ocrx_word' id='word_1_460' title='bbox 847 5289 952 5343; x_wconf 88' lang='lat' dir='ltr'><strong>diei</strong></span> <span class='ocrx_word' id='word_1_461' title='bbox 984 5289 1172 5343; x_wconf 90' lang='lat' dir='ltr'><strong>incerti</strong></span> <span class='ocrx_word' id='word_1_462' title='bbox 1204 5297 1383 5342; x_wconf 87' lang='lat' dir='ltr'><strong>metus</strong></span> <span class='ocrx_word' id='word_1_463' title='bbox 1409 5287 1649 5341; x_wconf 87' lang='lat' dir='ltr'><strong>omnium</strong></span> <span class='ocrx_word' id='word_1_464' title='bbox 1688 5289 1927 5342; x_wconf 90' lang='lat' dir='ltr'><strong>concutit</strong></span> <span class='ocrx_word' id='word_1_465' title='bbox 1955 5288 2070 5341; x_wconf 89' lang='lat' dir='ltr'><strong>ani-</strong></span> 
     </span>
    </p>
   </div>
   <div class='ocr_carea' id='block_1_56' title="bbox 495 5364 2068 5451">
    <p class='ocr_par' dir='ltr' id='par_1_56' title="bbox 495 5364 2068 5451">
     <span class='ocr_line' id='line_1_56' title="bbox 495 5364 2068 5451; baseline -0.001 -15"><span class='ocrx_word' id='word_1_466' title='bbox 495 5398 633 5445; x_wconf 87' lang='lat' dir='ltr'><strong>mos,</strong></span> <span class='ocrx_word' id='word_1_467' title='bbox 664 5396 870 5446; x_wconf 90' lang='lat' dir='ltr'><strong>omnes,</strong></span> <span class='ocrx_word' id='word_1_468' title='bbox 902 5381 1238 5451; x_wconf 64' lang='lat' dir='ltr'><strong>praecedente</strong></span> <span class='ocrx_word' id='word_1_469' title='bbox 1267 5382 1373 5436; x_wconf 92' lang='lat' dir='ltr'><strong>vita</strong></span> <span class='ocrx_word' id='word_1_470' title='bbox 1404 5381 1455 5435; x_wconf 91' lang='lat' dir='ltr'><strong>in</strong></span> <span class='ocrx_word' id='word_1_471' title='bbox 1483 5381 1628 5435; x_wconf 84' lang='lat' dir='ltr'><strong>vitiis</strong></span> <span class='ocrx_word' id='word_1_472' title='bbox 1654 5364 1989 5450; x_wconf 63' lang='lat' dir='ltr'><strong>consumpta,</strong></span> <span class='ocrx_word' id='word_1_473' title='bbox 2017 5382 2068 5435; x_wconf 93' lang='lat' dir='ltr'><strong>in</strong></span> 
     </span>
    </p>
   </div>
   <div class='ocr_carea' id='block_1_57' title="bbox 492 5472 2070 5541">
    <p class='ocr_par' dir='ltr' id='par_1_57' title="bbox 492 5472 2070 5541">
     <span class='ocr_line' id='line_1_57' title="bbox 492 5472 2070 5541; baseline 0 -13"><span class='ocrx_word' id='word_1_474' title='bbox 492 5484 740 5528; x_wconf 79' lang='lat' dir='ltr'><strong>extremo</strong></span> <span class='ocrx_word' id='word_1_475' title='bbox 769 5473 936 5528; x_wconf 89' lang='lat' dir='ltr'><strong>halitu</strong></span> <span class='ocrx_word' id='word_1_476' title='bbox 965 5487 1024 5527; x_wconf 89' lang='lat' dir='ltr'><strong>se</strong></span> <span class='ocrx_word' id='word_1_477' title='bbox 1049 5472 1178 5527; x_wconf 87' lang='lat' dir='ltr'><strong>dant</strong></span> <span class='ocrx_word' id='word_1_478' title='bbox 1207 5472 1509 5541; x_wconf 88' lang='lat' dir='ltr'><strong>baptismati</strong></span> <span class='ocrx_word' id='word_1_479' title='bbox 1536 5491 1548 5526; x_wconf 88' lang='lat'><strong>:</strong></span> <span class='ocrx_word' id='word_1_480' title='bbox 1575 5473 1616 5526; x_wconf 90' lang='lat' dir='ltr'><strong>si</strong></span> <span class='ocrx_word' id='word_1_481' title='bbox 1645 5488 1767 5527; x_wconf 91' lang='lat' dir='ltr'><strong>eum</strong></span> <span class='ocrx_word' id='word_1_482' title='bbox 1809 5474 1908 5527; x_wconf 91' lang='lat' dir='ltr'><strong>sibi</strong></span> <span class='ocrx_word' id='word_1_483' title='bbox 1949 5488 2070 5528; x_wconf 89' lang='lat' dir='ltr'><strong>esse</strong></span> 
     </span>
    </p>
   </div>
   <div class='ocr_carea' id='block_1_58' title="bbox 494 5565 2069 5638">
    <p class='ocr_par' dir='ltr' id='par_1_58' title="bbox 494 5565 2069 5638">
     <span class='ocr_line' id='line_1_58' title="bbox 494 5565 2069 5638; baseline -0.001 -19"><span class='ocrx_word' id='word_1_484' title='bbox 494 5575 789 5638; x_wconf 69' lang='lat' dir='ltr'><strong>extremmn</strong></span> <span class='ocrx_word' id='word_1_485' title='bbox 815 5567 970 5633; x_wconf 90' lang='lat' dir='ltr'><strong>plane</strong></span> <span class='ocrx_word' id='word_1_486' title='bbox 991 5565 1301 5620; x_wconf 87' lang='lat' dir='ltr'><strong>habuissent</strong></span> <span class='ocrx_word' id='word_1_487' title='bbox 1322 5579 1653 5634; x_wconf 88' lang='lat' dir='ltr'><strong>persuasum,</strong></span> <span class='ocrx_word' id='word_1_488' title='bbox 1679 5565 1799 5633; x_wconf 90' lang='lat' dir='ltr'><strong>quis</strong></span> <span class='ocrx_word' id='word_1_489' title='bbox 1819 5580 2069 5634; x_wconf 87' lang='lat' dir='ltr'><strong>umquam</strong></span> 
     </span>
    </p>
   </div>
   <div class='ocr_carea' id='block_1_59' title="bbox 494 5655 2072 5727">
    <p class='ocr_par' dir='ltr' id='par_1_59' title="bbox 494 5655 2072 5727">
     <span class='ocr_line' id='line_1_59' title="bbox 494 5655 2072 5727; baseline 0.001 -18"><span class='ocrx_word' id='word_1_490' title='bbox 494 5672 676 5709; x_wconf 86' lang='lat' dir='ltr'><strong>curam</strong></span> <span class='ocrx_word' id='word_1_491' title='bbox 721 5657 972 5727; x_wconf 78' lang='lat' dir='ltr'><strong>gessisset</strong></span> <span class='ocrx_word' id='word_1_492' title='bbox 1012 5656 1264 5710; x_wconf 80' lang='lat' dir='ltr'><strong>virtutis?</strong></span> <span class='ocrx_word' id='word_1_493' title='bbox 1304 5655 1449 5709; x_wconf 87' lang='lat' dir='ltr'><strong>Multi</strong></span> <span class='ocrx_word' id='word_1_494' title='bbox 1478 5663 1826 5710; x_wconf 76' lang='lat' dir='ltr'><strong>excesserunt</strong></span> <span class='ocrx_word' id='word_1_495' title='bbox 1869 5656 2072 5726; x_wconf 86' lang='lat' dir='ltr'><strong>absque</strong></span> 
     </span>
    </p>
   </div>
   <div class='ocr_carea' id='block_1_60' title="bbox 497 5746 2063 5822">
    <p class='ocr_par' dir='ltr' id='par_1_60' title="bbox 497 5746 2063 5822">
     <span class='ocr_line' id='line_1_60' title="bbox 497 5746 2063 5822; baseline 0.003 -21"><span class='ocrx_word' id='word_1_496' title='bbox 497 5746 917 5819; x_wconf 87' lang='lat' dir='ltr'><strong>illuminatione,</strong></span> <span class='ocrx_word' id='word_1_497' title='bbox 950 5764 1141 5820; x_wconf 88' lang='lat' dir='ltr'><strong>nempe</strong></span> <span class='ocrx_word' id='word_1_498' title='bbox 1169 5748 1521 5821; x_wconf 84' lang='lat' dir='ltr'><strong>baptismate,</strong></span> <span class='ocrx_word' id='word_1_499' title='bbox 1556 5756 1608 5805; x_wconf 92' lang='lat' dir='ltr'><strong>ct</strong></span> <span class='ocrx_word' id='word_1_500' title='bbox 1638 5765 1703 5806; x_wconf 90' lang='lat' dir='ltr'><strong>uc</strong></span> <span class='ocrx_word' id='word_1_501' title='bbox 1736 5748 1821 5805; x_wconf 87' lang='lat' dir='ltr'><strong>hic</strong></span> <span class='ocrx_word' id='word_1_502' title='bbox 1848 5750 2063 5822; x_wconf 86' lang='lat' dir='ltr'><strong>quidem</strong></span> 
     </span>
    </p>
   </div>
   <div class='ocr_carea' id='block_1_61' title="bbox 1214 304 3015 371">
    <p class='ocr_par' dir='ltr' id='par_1_61' title="bbox 1214 304 3015 371">
     <span class='ocr_line' id='line_1_61' title="bbox 1214 304 3015 371; baseline -0.004 0"><span class='ocrx_word' id='word_1_503' title='bbox 1214 313 1271 371; x_wconf 80' lang='lat' dir='ltr'><strong>S.</strong></span> <span class='ocrx_word' id='word_1_504' title='bbox 1310 310 1587 369; x_wconf 72' lang='lat' dir='ltr'><strong>JOANNIS</strong></span> <span class='ocrx_word' id='word_1_505' title='bbox 1622 308 2097 369; x_wconf 77' lang='lat' dir='ltr'><strong>CIIRYSOSTOMI</strong></span> <span class='ocrx_word' id='word_1_506' title='bbox 2135 304 2445 367; x_wconf 78' lang='lat' dir='ltr'><strong>ARCHIEP.</strong></span> <span class='ocrx_word' id='word_1_507' title='bbox 2487 306 3015 366; x_wconf 76' lang='lat' dir='ltr'><strong>CONSTANTINOP.</strong></span> 
     </span>
    </p>
   </div>
   <div class='ocr_carea' id='block_1_62' title="bbox 3632 307 3743 362">
    <p class='ocr_par' dir='ltr' id='par_1_62' title="bbox 3632 307 3743 362">
     <span class='ocr_line' id='line_1_62' title="bbox 3632 307 3743 362; baseline 0.018 -2"><span class='ocrx_word' id='word_1_508' title='bbox 3632 307 3743 362; x_wconf 67' lang='lat' dir='ltr'><strong>M8</strong></span> 
     </span>
    </p>
   </div>
   <div class='ocr_carea' id='block_1_63' title="bbox 2166 420 3745 491">
    <p class='ocr_par' dir='ltr' id='par_1_63' title="bbox 2166 420 3745 491">
     <span class='ocr_line' id='line_1_63' title="bbox 2166 420 3745 491; baseline -0.001 -16"><span class='ocrx_word' id='word_1_509' title='bbox 2166 429 2340 476; x_wconf 90' lang='lat' dir='ltr'><strong>metus</strong></span> <span class='ocrx_word' id='word_1_510' title='bbox 2368 436 2464 477; x_wconf 87' lang='lat' dir='ltr'><strong>eos</strong></span> <span class='ocrx_word' id='word_1_511' title='bbox 2488 420 2722 486; x_wconf 90' lang='lat' dir='ltr'><strong>erudiit,</strong></span> <span class='ocrx_word' id='word_1_512' title='bbox 2756 433 2812 476; x_wconf 91' lang='lat' dir='ltr'><strong>ut</strong></span> <span class='ocrx_word' id='word_1_513' title='bbox 2848 438 3032 477; x_wconf 88' lang='lat' dir='ltr'><strong>curam</strong></span> <span class='ocrx_word' id='word_1_514' title='bbox 3060 429 3246 491; x_wconf 81' lang='lat' dir='ltr'><strong>gerant</strong></span> <span class='ocrx_word' id='word_1_515' title='bbox 3269 434 3455 475; x_wconf 88' lang='lat' dir='ltr'><strong>eorum</strong></span> <span class='ocrx_word' id='word_1_516' title='bbox 3482 435 3599 490; x_wconf 79' lang='lat' dir='ltr'><strong>qua:</strong></span> <span class='ocrx_word' id='word_1_517' title='bbox 3628 420 3745 473; x_wconf 85' lang='lat' dir='ltr'><strong>Deo</strong></span> 
     </span>
    </p>
   </div>
   <div class='ocr_carea' id='block_1_64' title="bbox 2164 513 3745 583">
    <p class='ocr_par' dir='ltr' id='par_1_64' title="bbox 2164 513 3745 583">
     <span class='ocr_line' id='line_1_64' title="bbox 2164 513 3745 583; baseline 0.001 -18"><span class='ocrx_word' id='word_1_518' title='bbox 2164 514 2405 581; x_wconf 87' lang='lat' dir='ltr'><strong>placent:</strong></span> <span class='ocrx_word' id='word_1_519' title='bbox 2442 514 2486 567; x_wconf 89' lang='lat' dir='ltr'><strong>si</strong></span> <span class='ocrx_word' id='word_1_520' title='bbox 2516 513 2601 566; x_wconf 88' lang='lat' dir='ltr'><strong>hic</strong></span> <span class='ocrx_word' id='word_1_521' title='bbox 2634 516 2795 568; x_wconf 84' lang='lat' dir='ltr'><strong>etiam</strong></span> <span class='ocrx_word' id='word_1_522' title='bbox 2839 514 3045 568; x_wconf 83' lang='lat' dir='ltr'><strong>ablatus</strong></span> <span class='ocrx_word' id='word_1_523' title='bbox 3073 522 3215 568; x_wconf 87' lang='lat' dir='ltr'><strong>esset</strong></span> <span class='ocrx_word' id='word_1_524' title='bbox 3258 523 3449 577; x_wconf 89' lang='lat' dir='ltr'><strong>metus,</strong></span> <span class='ocrx_word' id='word_1_525' title='bbox 3479 514 3597 583; x_wconf 85' lang='lat' dir='ltr'><strong>quis</strong></span> <span class='ocrx_word' id='word_1_526' title='bbox 3623 530 3745 567; x_wconf 77' lang='lat' dir='ltr'><strong>um-</strong></span> 
     </span>
    </p>
   </div>
   <div class='ocr_carea' id='block_1_65' title="bbox 2163 604 3740 673">
    <p class='ocr_par' dir='ltr' id='par_1_65' title="bbox 2163 604 3740 673">
     <span class='ocr_line' id='line_1_65' title="bbox 2163 604 3740 673; baseline 0.003 -18"><span class='ocrx_word' id='word_1_527' title='bbox 2163 618 2323 671; x_wconf 89' lang='lat' dir='ltr'><strong>quam</strong></span> <span class='ocrx_word' id='word_1_528' title='bbox 2352 614 2495 658; x_wconf 88' lang='lat' dir='ltr'><strong>esset</strong></span> <span class='ocrx_word' id='word_1_529' title='bbox 2524 604 2798 658; x_wconf 90' lang='lat' dir='ltr'><strong>modestus</strong></span> <span class='ocrx_word' id='word_1_530' title='bbox 2822 605 2844 657; x_wconf 87' lang='lat'><strong>?</strong></span> <span class='ocrx_word' id='word_1_531' title='bbox 2872 604 2991 673; x_wconf 87' lang='lat' dir='ltr'><strong>quis</strong></span> <span class='ocrx_word' id='word_1_532' title='bbox 3019 604 3191 658; x_wconf 89' lang='lat' dir='ltr'><strong>bonus</strong></span> <span class='ocrx_word' id='word_1_533' title='bbox 3218 614 3273 658; x_wconf 89' lang='lat' dir='ltr'><strong>et</strong></span> <span class='ocrx_word' id='word_1_534' title='bbox 3292 606 3519 673; x_wconf 72' lang='lat' dir='ltr'><strong>aequus?</strong></span> <span class='ocrx_word' id='word_1_535' title='bbox 3545 604 3740 660; x_wconf 86' lang='lat' dir='ltr'><strong>Nemo.</strong></span> 
     </span>
    </p>
   </div>
   <div class='ocr_carea' id='block_1_66' title="bbox 2162 693 3739 764">
    <p class='ocr_par' dir='ltr' id='par_1_66' title="bbox 2162 693 3739 764">
     <span class='ocr_line' id='line_1_66' title="bbox 2162 693 3739 764; baseline 0.003 -18"><span class='ocrx_word' id='word_1_536' title='bbox 2162 693 2339 747; x_wconf 84' lang='lat' dir='ltr'><strong>Alium</strong></span> <span class='ocrx_word' id='word_1_537' title='bbox 2365 711 2549 750; x_wconf 87' lang='lat' dir='ltr'><strong>rursus</strong></span> <span class='ocrx_word' id='word_1_538' title='bbox 2568 711 2710 750; x_wconf 89' lang='lat' dir='ltr'><strong>nunc</strong></span> <span class='ocrx_word' id='word_1_539' title='bbox 2732 697 2969 750; x_wconf 88' lang='lat' dir='ltr'><strong>continet</strong></span> <span class='ocrx_word' id='word_1_540' title='bbox 2990 706 3044 750; x_wconf 92' lang='lat' dir='ltr'><strong>et</strong></span> <span class='ocrx_word' id='word_1_541' title='bbox 3067 697 3305 764; x_wconf 89' lang='lat' dir='ltr'><strong>reprimit</strong></span> <span class='ocrx_word' id='word_1_542' title='bbox 3326 705 3500 750; x_wconf 91' lang='lat' dir='ltr'><strong>metus</strong></span> <span class='ocrx_word' id='word_1_543' title='bbox 3523 699 3739 759; x_wconf 87' lang='lat' dir='ltr'><strong>mortis,</strong></span> 
     </span>
    </p>
   </div>
   <div class='ocr_carea' id='block_1_67' title="bbox 2161 785 3737 855">
    <p class='ocr_par' dir='ltr' id='par_1_67' title="bbox 2161 785 3737 855">
     <span class='ocr_line' id='line_1_67' title="bbox 2161 785 3737 855; baseline 0.002 -17"><span class='ocrx_word' id='word_1_544' title='bbox 2161 793 2216 838; x_wconf 90' lang='lat' dir='ltr'><strong>et</strong></span> <span class='ocrx_word' id='word_1_545' title='bbox 2243 800 2396 839; x_wconf 89' lang='lat' dir='ltr'><strong>amor</strong></span> <span class='ocrx_word' id='word_1_546' title='bbox 2421 785 2541 839; x_wconf 68' lang='lat' dir='ltr'><strong>vita:</strong></span> <span class='ocrx_word' id='word_1_547' title='bbox 2569 802 2583 839; x_wconf 90' lang='lat'><strong>:</strong></span> <span class='ocrx_word' id='word_1_548' title='bbox 2614 786 2658 840; x_wconf 89' lang='lat' dir='ltr'><strong>si</strong></span> <span class='ocrx_word' id='word_1_549' title='bbox 2686 796 2861 841; x_wconf 90' lang='lat' dir='ltr'><strong>autem</strong></span> <span class='ocrx_word' id='word_1_550' title='bbox 2894 788 3054 841; x_wconf 90' lang='lat' dir='ltr'><strong>sciret</strong></span> <span class='ocrx_word' id='word_1_551' title='bbox 3080 787 3442 855; x_wconf 87' lang='lat' dir='ltr'><strong>unusquisque</strong></span> <span class='ocrx_word' id='word_1_552' title='bbox 3475 785 3737 851; x_wconf 81' lang='lat' dir='ltr'><strong>futurum,</strong></span> 
     </span>
    </p>
   </div>
   <div class='ocr_carea' id='block_1_68' title="bbox 2162 877 3738 944">
    <p class='ocr_par' dir='ltr' id='par_1_68' title="bbox 2162 877 3738 944">
     <span class='ocr_line' id='line_1_68' title="bbox 2162 877 3738 944; baseline 0.004 -17"><span class='ocrx_word' id='word_1_553' title='bbox 2162 883 2221 927; x_wconf 92' lang='lat' dir='ltr'><strong>ut</strong></span> <span class='ocrx_word' id='word_1_554' title='bbox 2243 889 2362 930; x_wconf 85' lang='lat' dir='ltr'><strong>cras</strong></span> <span class='ocrx_word' id='word_1_555' title='bbox 2390 889 2692 932; x_wconf 89' lang='lat' dir='ltr'><strong>moreretur</strong></span> <span class='ocrx_word' id='word_1_556' title='bbox 2723 924 2737 944; x_wconf 87' lang='lat'><strong>,</strong></span> <span class='ocrx_word' id='word_1_557' title='bbox 2787 877 2917 932; x_wconf 90' lang='lat' dir='ltr'><strong>nihil</strong></span> <span class='ocrx_word' id='word_1_558' title='bbox 2948 890 3073 934; x_wconf 87' lang='lat' dir='ltr'><strong>ante</strong></span> <span class='ocrx_word' id='word_1_559' title='bbox 3111 894 3233 933; x_wconf 88' lang='lat' dir='ltr'><strong>eum</strong></span> <span class='ocrx_word' id='word_1_560' title='bbox 3273 878 3414 933; x_wconf 89' lang='lat' dir='ltr'><strong>diem</strong></span> <span class='ocrx_word' id='word_1_561' title='bbox 3465 891 3738 934; x_wconf 85' lang='lat' dir='ltr'><strong>recusaret</strong></span> 
     </span>
    </p>
   </div>
   <div class='ocr_carea' id='block_1_69' title="bbox 2162 962 3738 1038">
    <p class='ocr_par' dir='ltr' id='par_1_69' title="bbox 2162 962 3738 1038">
     <span class='ocr_line' id='line_1_69' title="bbox 2162 962 3738 1038; baseline 0.006 -21"><span class='ocrx_word' id='word_1_562' title='bbox 2162 962 2336 1021; x_wconf 81' lang='lat' dir='ltr'><strong>facere</strong></span> <span class='ocrx_word' id='word_1_563' title='bbox 2356 1008 2371 1033; x_wconf 93' lang='lat'><strong>,</strong></span> <span class='ocrx_word' id='word_1_564' title='bbox 2399 967 2493 1021; x_wconf 89' lang='lat' dir='ltr'><strong>sed</strong></span> <span class='ocrx_word' id='word_1_565' title='bbox 2533 977 2587 1023; x_wconf 93' lang='lat' dir='ltr'><strong>et</strong></span> <span class='ocrx_word' id='word_1_566' title='bbox 2616 968 2940 1024; x_wconf 82' lang='lat' dir='ltr'><strong>interﬁceret</strong></span> <span class='ocrx_word' id='word_1_567' title='bbox 2966 984 3101 1038; x_wconf 87' lang='lat' dir='ltr'><strong>quos</strong></span> <span class='ocrx_word' id='word_1_568' title='bbox 3130 969 3332 1035; x_wconf 89' lang='lat' dir='ltr'><strong>vellet,</strong></span> <span class='ocrx_word' id='word_1_569' title='bbox 3362 971 3510 1026; x_wconf 90' lang='lat' dir='ltr'><strong>mille</strong></span> <span class='ocrx_word' id='word_1_570' title='bbox 3532 972 3738 1026; x_wconf 86' lang='lat' dir='ltr'><strong>scelera</strong></span> 
     </span>
    </p>
   </div>
   <div class='ocr_carea' id='block_1_70' title="bbox 2163 1061 2993 1126">
    <p class='ocr_par' dir='ltr' id='par_1_70' title="bbox 2163 1061 2993 1126">
     <span class='ocr_line' id='line_1_70' title="bbox 2163 1061 2993 1126; baseline 0.01 -16"><span class='ocrx_word' id='word_1_571' title='bbox 2163 1068 2399 1126; x_wconf 88' lang='lat' dir='ltr'><strong>patraret</strong></span> <span class='ocrx_word' id='word_1_572' title='bbox 2427 1061 2690 1117; x_wconf 90' lang='lat' dir='ltr'><strong>ulciscens</strong></span> <span class='ocrx_word' id='word_1_573' title='bbox 2728 1062 2993 1118; x_wconf 88' lang='lat' dir='ltr'><strong>inimicos.</strong></span> 
     </span>
    </p>
   </div>
   <div class='ocr_carea' id='block_1_71' title="bbox 2231 1151 3737 1225">
    <p class='ocr_par' dir='ltr' id='par_1_71' title="bbox 2231 1151 3737 1225">
     <span class='ocr_line' id='line_1_71' title="bbox 2231 1151 3737 1225; baseline 0.004 -20"><span class='ocrx_word' id='word_1_574' title='bbox 2231 1152 2286 1205; x_wconf 76' lang='grc'><strong>2.</strong></span> <span class='ocrx_word' id='word_1_575' title='bbox 2329 1151 2476 1207; x_wconf 85' lang='lat' dir='ltr'><strong>Finis</strong></span> <span class='ocrx_word' id='word_1_576' title='bbox 2513 1154 2626 1207; x_wconf 71' lang='lat' dir='ltr'><strong>vitae</strong></span> <span class='ocrx_word' id='word_1_577' title='bbox 2664 1155 2932 1225; x_wconf 84' lang='lat' dir='ltr'><strong>ignoratur</strong></span> <span class='ocrx_word' id='word_1_578' title='bbox 2955 1154 3024 1208; x_wconf 89' lang='lat' dir='ltr'><strong>ad</strong></span> <span class='ocrx_word' id='word_1_579' title='bbox 3058 1155 3327 1210; x_wconf 82' lang='lat' dir='ltr'><strong>utilitatem</strong></span> <span class='ocrx_word' id='word_1_580' title='bbox 3354 1157 3642 1211; x_wconf 72' lang='lat' dir='ltr'><strong>uiuentium.</strong></span> <span class='ocrx_word' id='word_1_581' title='bbox 3668 1188 3737 1200; x_wconf 83' lang='lat'><strong>-—</strong></span> 
     </span>
    </p>
   </div>
   <div class='ocr_carea' id='block_1_72' title="bbox 2162 1244 3741 1319">
    <p class='ocr_par' dir='ltr' id='par_1_72' title="bbox 2162 1244 3741 1319">
     <span class='ocr_line' id='line_1_72' title="bbox 2162 1244 3741 1319; baseline 0.004 -21"><span class='ocrx_word' id='word_1_582' title='bbox 2162 1244 2336 1301; x_wconf 88' lang='lat' dir='ltr'><strong>llomo</strong></span> <span class='ocrx_word' id='word_1_583' title='bbox 2364 1246 2509 1301; x_wconf 90' lang='lat' dir='ltr'><strong>enim</strong></span> <span class='ocrx_word' id='word_1_584' title='bbox 2549 1247 2791 1317; x_wconf 88' lang='lat' dir='ltr'><strong>impurus</strong></span> <span class='ocrx_word' id='word_1_585' title='bbox 2827 1256 2883 1302; x_wconf 90' lang='lat' dir='ltr'><strong>et</strong></span> <span class='ocrx_word' id='word_1_586' title='bbox 2927 1248 3241 1315; x_wconf 89' lang='lat' dir='ltr'><strong>sceleratus,</strong></span> <span class='ocrx_word' id='word_1_587' title='bbox 3272 1249 3362 1318; x_wconf 90' lang='lat' dir='ltr'><strong>qui</strong></span> <span class='ocrx_word' id='word_1_588' title='bbox 3413 1248 3570 1319; x_wconf 88' lang='lat' dir='ltr'><strong>hujus</strong></span> <span class='ocrx_word' id='word_1_589' title='bbox 3612 1250 3741 1305; x_wconf 75' lang='lat' dir='ltr'><strong>vita:</strong></span> 
     </span>
    </p>
   </div>
   <div class='ocr_carea' id='block_1_73' title="bbox 2161 1335 3743 1412">
    <p class='ocr_par' dir='ltr' id='par_1_73' title="bbox 2161 1335 3743 1412">
     <span class='ocr_line' id='line_1_73' title="bbox 2161 1335 3743 1412; baseline 0.006 -23"><span class='ocrx_word' id='word_1_590' title='bbox 2161 1349 2312 1406; x_wconf 80' lang='lat' dir='ltr'><strong>Spem</strong></span> <span class='ocrx_word' id='word_1_591' title='bbox 2336 1335 2554 1406; x_wconf 88' lang='lat' dir='ltr'><strong>abjecit,</strong></span> <span class='ocrx_word' id='word_1_592' title='bbox 2584 1353 2652 1392; x_wconf 91' lang='lat' dir='ltr'><strong>ne</strong></span> <span class='ocrx_word' id='word_1_593' title='bbox 2677 1337 2794 1408; x_wconf 89' lang='lat' dir='ltr'><strong>ejus</strong></span> <span class='ocrx_word' id='word_1_594' title='bbox 2821 1338 3037 1408; x_wconf 85' lang='lat' dir='ltr'><strong>quidem</strong></span> <span class='ocrx_word' id='word_1_595' title='bbox 3063 1339 3221 1395; x_wconf 86' lang='lat' dir='ltr'><strong>habet</strong></span> <span class='ocrx_word' id='word_1_596' title='bbox 3246 1341 3510 1395; x_wconf 90' lang='lat' dir='ltr'><strong>rationem</strong></span> <span class='ocrx_word' id='word_1_597' title='bbox 3537 1343 3624 1412; x_wconf 90' lang='lat' dir='ltr'><strong>qui</strong></span> <span class='ocrx_word' id='word_1_598' title='bbox 3653 1352 3743 1398; x_wconf 84' lang='lat' dir='ltr'><strong>est</strong></span> 
     </span>
    </p>
   </div>
   <div class='ocr_carea' id='block_1_74' title="bbox 2163 1426 3740 1500">
    <p class='ocr_par' dir='ltr' id='par_1_74' title="bbox 2163 1426 3740 1500">
     <span class='ocr_line' id='line_1_74' title="bbox 2163 1426 3740 1500; baseline 0.005 -20"><span class='ocrx_word' id='word_1_599' title='bbox 2163 1426 2377 1481; x_wconf 90' lang='lat' dir='ltr'><strong>indutus</strong></span> <span class='ocrx_word' id='word_1_600' title='bbox 2406 1443 2661 1498; x_wconf 90' lang='lat' dir='ltr'><strong>purpura.</strong></span> <span class='ocrx_word' id='word_1_601' title='bbox 2686 1429 2787 1496; x_wconf 87' lang='lat' dir='ltr'><strong>Qui</strong></span> <span class='ocrx_word' id='word_1_602' title='bbox 2815 1445 2944 1500; x_wconf 87' lang='lat' dir='ltr'><strong>ergo</strong></span> <span class='ocrx_word' id='word_1_603' title='bbox 2985 1428 3146 1484; x_wconf 89' lang='lat' dir='ltr'><strong>habet</strong></span> <span class='ocrx_word' id='word_1_604' title='bbox 3187 1446 3495 1500; x_wconf 88' lang='lat' dir='ltr'><strong>persuasum</strong></span> <span class='ocrx_word' id='word_1_605' title='bbox 3538 1432 3651 1487; x_wconf 81' lang='lat' dir='ltr'><strong>fore</strong></span> <span class='ocrx_word' id='word_1_606' title='bbox 3678 1442 3740 1489; x_wconf 89' lang='lat' dir='ltr'><strong>ut</strong></span> 
     </span>
    </p>
   </div>
   <div class='ocr_carea' id='block_1_75' title="bbox 2161 1520 3742 1592">
    <p class='ocr_par' dir='ltr' id='par_1_75' title="bbox 2161 1520 3742 1592">
     <span class='ocr_line' id='line_1_75' title="bbox 2161 1520 3742 1592; baseline 0.004 -19"><span class='ocrx_word' id='word_1_607' title='bbox 2161 1520 2380 1574; x_wconf 90' lang='lat' dir='ltr'><strong>omnino</strong></span> <span class='ocrx_word' id='word_1_608' title='bbox 2408 1520 2652 1585; x_wconf 84' lang='lat' dir='ltr'><strong>excedat,</strong></span> <span class='ocrx_word' id='word_1_609' title='bbox 2683 1530 2737 1575; x_wconf 89' lang='lat' dir='ltr'><strong>et</strong></span> <span class='ocrx_word' id='word_1_610' title='bbox 2763 1521 3049 1576; x_wconf 91' lang='lat' dir='ltr'><strong>ulciscetur</strong></span> <span class='ocrx_word' id='word_1_611' title='bbox 3080 1522 3351 1577; x_wconf 91' lang='lat' dir='ltr'><strong>inimicum</strong></span> <span class='ocrx_word' id='word_1_612' title='bbox 3379 1533 3433 1578; x_wconf 91' lang='lat' dir='ltr'><strong>et</strong></span> <span class='ocrx_word' id='word_1_613' title='bbox 3461 1539 3560 1578; x_wconf 89' lang='lat' dir='ltr'><strong>suo</strong></span> <span class='ocrx_word' id='word_1_614' title='bbox 3588 1526 3742 1592; x_wconf 87' lang='lat' dir='ltr'><strong>prius</strong></span> 
     </span>
    </p>
   </div>
   <div class='ocr_carea' id='block_1_76' title="bbox 2159 1612 3741 1685">
    <p class='ocr_par' dir='ltr' id='par_1_76' title="bbox 2159 1612 3741 1685">
     <span class='ocr_line' id='line_1_76' title="bbox 2159 1612 3741 1685; baseline 0.004 -21"><span class='ocrx_word' id='word_1_615' title='bbox 2159 1612 2355 1666; x_wconf 81' lang='lat' dir='ltr'><strong>satiato</strong></span> <span class='ocrx_word' id='word_1_616' title='bbox 2379 1613 2559 1669; x_wconf 90' lang='lat' dir='ltr'><strong>animo</strong></span> <span class='ocrx_word' id='word_1_617' title='bbox 2585 1654 2599 1675; x_wconf 85' lang='lat'><strong>.</strong></span> <span class='ocrx_word' id='word_1_618' title='bbox 2629 1615 2707 1668; x_wconf 88' lang='lat' dir='ltr'><strong>sic</strong></span> <span class='ocrx_word' id='word_1_619' title='bbox 2736 1623 2963 1669; x_wconf 90' lang='lat' dir='ltr'><strong>mortem</strong></span> <span class='ocrx_word' id='word_1_620' title='bbox 2994 1615 3208 1685; x_wconf 87' lang='lat' dir='ltr'><strong>accipit.</strong></span> <span class='ocrx_word' id='word_1_621' title='bbox 3242 1616 3421 1671; x_wconf 84' lang='lat' dir='ltr'><strong>Dicam</strong></span> <span class='ocrx_word' id='word_1_622' title='bbox 3448 1618 3608 1673; x_wconf 91' lang='lat' dir='ltr'><strong>etiam</strong></span> <span class='ocrx_word' id='word_1_623' title='bbox 3638 1619 3741 1671; x_wconf 80' lang='lat' dir='ltr'><strong>ali-</strong></span> 
     </span>
    </p>
   </div>
   <div class='ocr_carea' id='block_1_77' title="bbox 2159 1703 3742 1779">
    <p class='ocr_par' dir='ltr' id='par_1_77' title="bbox 2159 1703 3742 1779">
     <span class='ocr_line' id='line_1_77' title="bbox 2159 1703 3742 1779; baseline 0.004 -22"><span class='ocrx_word' id='word_1_624' title='bbox 2159 1703 2287 1772; x_wconf 86' lang='lat' dir='ltr'><strong>quid</strong></span> <span class='ocrx_word' id='word_1_625' title='bbox 2316 1705 2529 1759; x_wconf 90' lang='lat' dir='ltr'><strong>tertium</strong></span> <span class='ocrx_word' id='word_1_626' title='bbox 2557 1722 2569 1760; x_wconf 92' lang='lat'>:</span> <span class='ocrx_word' id='word_1_627' title='bbox 2601 1706 2690 1775; x_wconf 90' lang='lat' dir='ltr'><strong>qui</strong></span> <span class='ocrx_word' id='word_1_628' title='bbox 2731 1706 2937 1761; x_wconf 90' lang='lat' dir='ltr'><strong>vivendi</strong></span> <span class='ocrx_word' id='word_1_629' title='bbox 2968 1717 3095 1761; x_wconf 91' lang='lat' dir='ltr'><strong>sunt</strong></span> <span class='ocrx_word' id='word_1_630' title='bbox 3142 1707 3349 1778; x_wconf 88' lang='lat' dir='ltr'><strong>cupidi,</strong></span> <span class='ocrx_word' id='word_1_631' title='bbox 3391 1718 3444 1763; x_wconf 90' lang='lat' dir='ltr'><strong>et</strong></span> <span class='ocrx_word' id='word_1_632' title='bbox 3471 1724 3587 1779; x_wconf 72' lang='lat' dir='ltr'><strong>qua:</strong></span> <span class='ocrx_word' id='word_1_633' title='bbox 3613 1720 3742 1763; x_wconf 91' lang='lat' dir='ltr'><strong>sunt</strong></span> 
     </span>
    </p>
   </div>
   <div class='ocr_carea' id='block_1_78' title="bbox 2161 1795 3738 1873">
    <p class='ocr_par' dir='ltr' id='par_1_78' title="bbox 2161 1795 3738 1873">
     <span class='ocr_line' id='line_1_78' title="bbox 2161 1795 3738 1873; baseline 0.005 -24"><span class='ocrx_word' id='word_1_634' title='bbox 2161 1795 2249 1852; x_wconf 92' lang='lat' dir='ltr'><strong>hic</strong></span> <span class='ocrx_word' id='word_1_635' title='bbox 2276 1796 2428 1852; x_wconf 88' lang='lat' dir='ltr'><strong>valde</strong></span> <span class='ocrx_word' id='word_1_636' title='bbox 2447 1807 2726 1868; x_wconf 84' lang='lat' dir='ltr'><strong>appetunt,</strong></span> <span class='ocrx_word' id='word_1_637' title='bbox 2757 1800 2920 1853; x_wconf 88' lang='lat' dir='ltr'><strong>animi</strong></span> <span class='ocrx_word' id='word_1_638' title='bbox 2951 1800 3265 1870; x_wconf 67' lang='lat' dir='ltr'><strong>mgritudine</strong></span> <span class='ocrx_word' id='word_1_639' title='bbox 3292 1811 3347 1857; x_wconf 91' lang='lat' dir='ltr'><strong>et</strong></span> <span class='ocrx_word' id='word_1_640' title='bbox 3373 1802 3560 1857; x_wconf 88' lang='lat' dir='ltr'><strong>dolore</strong></span> <span class='ocrx_word' id='word_1_641' title='bbox 3588 1804 3738 1873; x_wconf 83' lang='lat' dir='ltr'><strong>peri-</strong></span> 
     </span>
    </p>
   </div>
   <div class='ocr_carea' id='block_1_79' title="bbox 2160 1891 3738 1962">
    <p class='ocr_par' dir='ltr' id='par_1_79' title="bbox 2160 1891 3738 1962">
     <span class='ocr_line' id='line_1_79' title="bbox 2160 1891 3738 1962; baseline 0.003 -15"><span class='ocrx_word' id='word_1_642' title='bbox 2160 1901 2302 1947; x_wconf 85' lang='lat' dir='ltr'><strong>rent.</strong></span> <span class='ocrx_word' id='word_1_643' title='bbox 2332 1891 2387 1947; x_wconf 89' lang='lat' dir='ltr'><strong>Si</strong></span> <span class='ocrx_word' id='word_1_644' title='bbox 2431 1892 2551 1962; x_wconf 89' lang='lat' dir='ltr'><strong>quis</strong></span> <span class='ocrx_word' id='word_1_645' title='bbox 2576 1893 2718 1947; x_wconf 90' lang='lat' dir='ltr'><strong>euim</strong></span> <span class='ocrx_word' id='word_1_646' title='bbox 2746 1893 2959 1961; x_wconf 89' lang='lat' dir='ltr'><strong>juvenis</strong></span> <span class='ocrx_word' id='word_1_647' title='bbox 2983 1895 3147 1949; x_wconf 88' lang='lat' dir='ltr'><strong>sciret</strong></span> <span class='ocrx_word' id='word_1_648' title='bbox 3176 1910 3237 1950; x_wconf 90' lang='lat' dir='ltr'><strong>se</strong></span> <span class='ocrx_word' id='word_1_649' title='bbox 3265 1903 3565 1950; x_wconf 86' lang='lat' dir='ltr'><strong>extremum</strong></span> <span class='ocrx_word' id='word_1_650' title='bbox 3592 1896 3738 1952; x_wconf 86' lang='lat' dir='ltr'><strong>diem</strong></span> 
     </span>
    </p>
   </div>
   <div class='ocr_carea' id='block_1_80' title="bbox 2159 1984 3736 2053">
    <p class='ocr_par' dir='ltr' id='par_1_80' title="bbox 2159 1984 3736 2053">
     <span class='ocr_line' id='line_1_80' title="bbox 2159 1984 3736 2053; baseline 0.001 -15"><span class='ocrx_word' id='word_1_651' title='bbox 2159 1984 2463 2038; x_wconf 89' lang='lat' dir='ltr'><strong>clausurum</strong></span> <span class='ocrx_word' id='word_1_652' title='bbox 2492 1992 2616 2039; x_wconf 89' lang='lat' dir='ltr'><strong>ante</strong></span> <span class='ocrx_word' id='word_1_653' title='bbox 2641 1995 2997 2053; x_wconf 89' lang='lat' dir='ltr'><strong>senectutem,</strong></span> <span class='ocrx_word' id='word_1_654' title='bbox 3025 1986 3164 2040; x_wconf 90' lang='lat' dir='ltr'><strong>sicut</strong></span> <span class='ocrx_word' id='word_1_655' title='bbox 3190 1986 3516 2043; x_wconf 84' lang='lat' dir='ltr'><strong>debilissima</strong></span> <span class='ocrx_word' id='word_1_656' title='bbox 3536 1995 3591 2042; x_wconf 90' lang='lat' dir='ltr'><strong>et</strong></span> <span class='ocrx_word' id='word_1_657' title='bbox 3614 1988 3736 2041; x_wconf 90' lang='lat' dir='ltr'><strong>lan-</strong></span> 
     </span>
    </p>
   </div>
   <div class='ocr_carea' id='block_1_81' title="bbox 2160 2076 3735 2149">
    <p class='ocr_par' dir='ltr' id='par_1_81' title="bbox 2160 2076 3735 2149">
     <span class='ocr_line' id='line_1_81' title="bbox 2160 2076 3735 2149; baseline 0.003 -21"><span class='ocrx_word' id='word_1_658' title='bbox 2160 2076 2468 2143; x_wconf 88' lang='lat' dir='ltr'><strong>guidissima</strong></span> <span class='ocrx_word' id='word_1_659' title='bbox 2497 2076 2770 2143; x_wconf 85' lang='lat' dir='ltr'><strong>animalia,</strong></span> <span class='ocrx_word' id='word_1_660' title='bbox 2800 2088 3080 2146; x_wconf 85' lang='lat' dir='ltr'><strong>postquam</strong></span> <span class='ocrx_word' id='word_1_661' title='bbox 3110 2078 3307 2133; x_wconf 83' lang='lat' dir='ltr'><strong>fuerint</strong></span> <span class='ocrx_word' id='word_1_662' title='bbox 3326 2079 3735 2149; x_wconf 85' lang='lat' dir='ltr'><strong>comprehensa,</strong></span> 
     </span>
    </p>
   </div>
   <div class='ocr_carea' id='block_1_82' title="bbox 2160 2165 3740 2238">
    <p class='ocr_par' dir='ltr' id='par_1_82' title="bbox 2160 2165 3740 2238">
     <span class='ocr_line' id='line_1_82' title="bbox 2160 2165 3740 2238; baseline 0.004 -19"><span class='ocrx_word' id='word_1_663' title='bbox 2160 2165 2330 2235; x_wconf 86' lang='lat' dir='ltr'><strong>magis</strong></span> <span class='ocrx_word' id='word_1_664' title='bbox 2368 2166 2621 2221; x_wconf 83' lang='lat' dir='ltr'><strong>deﬁciunt</strong></span> <span class='ocrx_word' id='word_1_665' title='bbox 2646 2207 2663 2232; x_wconf 92' lang='lat'><strong>,</strong></span> <span class='ocrx_word' id='word_1_666' title='bbox 2706 2167 2865 2222; x_wconf 87' lang='lat' dir='ltr'><strong>linem</strong></span> <span class='ocrx_word' id='word_1_667' title='bbox 2912 2172 3273 2238; x_wconf 87' lang='lat' dir='ltr'><strong>exspectantia</strong></span> <span class='ocrx_word' id='word_1_668' title='bbox 3306 2187 3321 2225; x_wconf 90' lang='lat'><strong>:</strong></span> <span class='ocrx_word' id='word_1_669' title='bbox 3353 2174 3430 2225; x_wconf 92' lang='lat' dir='ltr'><strong>sie</strong></span> <span class='ocrx_word' id='word_1_670' title='bbox 3475 2171 3565 2226; x_wconf 91' lang='lat' dir='ltr'><strong>ille</strong></span> <span class='ocrx_word' id='word_1_671' title='bbox 3593 2181 3740 2226; x_wconf 85' lang='lat' dir='ltr'><strong>esset</strong></span> 
     </span>
    </p>
   </div>
   <div class='ocr_carea' id='block_1_83' title="bbox 2160 2256 3738 2329">
    <p class='ocr_par' dir='ltr' id='par_1_83' title="bbox 2160 2256 3738 2329">
     <span class='ocr_line' id='line_1_83' title="bbox 2160 2256 3738 2329; baseline 0.006 -20"><span class='ocrx_word' id='word_1_672' title='bbox 2160 2256 2407 2312; x_wconf 63' lang='lat' dir='ltr'><strong>allectus.</strong></span> <span class='ocrx_word' id='word_1_673' title='bbox 2435 2258 2619 2329; x_wconf 88' lang='lat' dir='ltr'><strong>Neque</strong></span> <span class='ocrx_word' id='word_1_674' title='bbox 2645 2260 2742 2313; x_wconf 91' lang='lat' dir='ltr'><strong>viri</strong></span> <span class='ocrx_word' id='word_1_675' title='bbox 2770 2259 2939 2315; x_wconf 81' lang='lat' dir='ltr'><strong>fortes</strong></span> <span class='ocrx_word' id='word_1_676' title='bbox 2966 2260 3281 2317; x_wconf 86' lang='lat' dir='ltr'><strong>habuissent</strong></span> <span class='ocrx_word' id='word_1_677' title='bbox 3323 2263 3644 2319; x_wconf 88' lang='lat' dir='ltr'><strong>mercedem.</strong></span> <span class='ocrx_word' id='word_1_678' title='bbox 3675 2263 3738 2318; x_wconf 86' lang='lat' dir='ltr'><strong>Si</strong></span> 
     </span>
    </p>
   </div>
   <div class='ocr_carea' id='block_1_84' title="bbox 2158 2348 3739 2425">
    <p class='ocr_par' dir='ltr' id='par_1_84' title="bbox 2158 2348 3739 2425">
     <span class='ocr_line' id='line_1_84' title="bbox 2158 2348 3739 2425; baseline 0.006 -24"><span class='ocrx_word' id='word_1_679' title='bbox 2158 2348 2302 2401; x_wconf 91' lang='lat' dir='ltr'><strong>enim</strong></span> <span class='ocrx_word' id='word_1_680' title='bbox 2332 2349 2535 2405; x_wconf 88' lang='lat' dir='ltr'><strong>scirent</strong></span> <span class='ocrx_word' id='word_1_681' title='bbox 2568 2351 2710 2420; x_wconf 91' lang='lat' dir='ltr'><strong>quod</strong></span> <span class='ocrx_word' id='word_1_682' title='bbox 2739 2352 2960 2405; x_wconf 90' lang='lat' dir='ltr'><strong>omnino</strong></span> <span class='ocrx_word' id='word_1_683' title='bbox 2990 2362 3110 2422; x_wconf 89' lang='lat' dir='ltr'><strong>post</strong></span> <span class='ocrx_word' id='word_1_684' title='bbox 3137 2362 3245 2409; x_wconf 91' lang='lat' dir='ltr'><strong>tres</strong></span> <span class='ocrx_word' id='word_1_685' title='bbox 3270 2368 3438 2408; x_wconf 88' lang='lat' dir='ltr'><strong>annos</strong></span> <span class='ocrx_word' id='word_1_686' title='bbox 3462 2364 3739 2425; x_wconf 83' lang='lat' dir='ltr'><strong>oporteret</strong></span> 
     </span>
    </p>
   </div>
   <div class='ocr_carea' id='block_1_85' title="bbox 2159 2439 3737 2516">
    <p class='ocr_par' dir='ltr' id='par_1_85' title="bbox 2159 2439 3737 2516">
     <span class='ocr_line' id='line_1_85' title="bbox 2159 2439 3737 2516; baseline 0.005 -23"><span class='ocrx_word' id='word_1_687' title='bbox 2159 2439 2420 2495; x_wconf 88' lang='lat' dir='ltr'><strong>excedere</strong></span> <span class='ocrx_word' id='word_1_688' title='bbox 2443 2482 2461 2507; x_wconf 95' lang='lat'><strong>,</strong></span> <span class='ocrx_word' id='word_1_689' title='bbox 2488 2456 2587 2495; x_wconf 90' lang='lat' dir='ltr'><strong>nec</strong></span> <span class='ocrx_word' id='word_1_690' title='bbox 2610 2451 2733 2497; x_wconf 89' lang='lat' dir='ltr'><strong>ante</strong></span> <span class='ocrx_word' id='word_1_691' title='bbox 2764 2442 2885 2497; x_wconf 92' lang='lat' dir='ltr'><strong>illos</strong></span> <span class='ocrx_word' id='word_1_692' title='bbox 2912 2454 3130 2511; x_wconf 88' lang='lat' dir='ltr'><strong>possent</strong></span> <span class='ocrx_word' id='word_1_693' title='bbox 3156 2444 3284 2515; x_wconf 90' lang='lat' dir='ltr'><strong>quid</strong></span> <span class='ocrx_word' id='word_1_694' title='bbox 3327 2448 3503 2501; x_wconf 82' lang='lat' dir='ltr'><strong>facere</strong></span> <span class='ocrx_word' id='word_1_695' title='bbox 3528 2488 3542 2513; x_wconf 93' lang='lat'><strong>,</strong></span> <span class='ocrx_word' id='word_1_696' title='bbox 3574 2462 3737 2516; x_wconf 80' lang='lat' dir='ltr'><strong>quam</strong></span> 
     </span>
    </p>
   </div>
   <div class='ocr_carea' id='block_1_86' title="bbox 2160 2533 3736 2608">
    <p class='ocr_par' dir='ltr' id='par_1_86' title="bbox 2160 2533 3736 2608">
     <span class='ocr_line' id='line_1_86' title="bbox 2160 2533 3736 2608; baseline 0.005 -21"><span class='ocrx_word' id='word_1_697' title='bbox 2160 2533 2420 2588; x_wconf 87' lang='lat' dir='ltr'><strong>haberent</strong></span> <span class='ocrx_word' id='word_1_698' title='bbox 2452 2535 2757 2590; x_wconf 89' lang='lat' dir='ltr'><strong>mercedem</strong></span> <span class='ocrx_word' id='word_1_699' title='bbox 2782 2577 2797 2601; x_wconf 91' lang='lat'><strong>,</strong></span> <span class='ocrx_word' id='word_1_700' title='bbox 2826 2536 2872 2591; x_wconf 91' lang='lat' dir='ltr'><strong>si</strong></span> <span class='ocrx_word' id='word_1_701' title='bbox 2912 2551 2999 2591; x_wconf 87' lang='lat' dir='ltr'><strong>res</strong></span> <span class='ocrx_word' id='word_1_702' title='bbox 3024 2552 3213 2607; x_wconf 82' lang='lat' dir='ltr'><strong>graves</strong></span> <span class='ocrx_word' id='word_1_703' title='bbox 3238 2548 3292 2592; x_wconf 92' lang='lat' dir='ltr'><strong>et</strong></span> <span class='ocrx_word' id='word_1_704' title='bbox 3319 2553 3537 2608; x_wconf 89' lang='lat' dir='ltr'><strong>asperas</strong></span> <span class='ocrx_word' id='word_1_705' title='bbox 3568 2541 3736 2595; x_wconf 85' lang='lat' dir='ltr'><strong>aude-</strong></span> 
     </span>
    </p>
   </div>
   <div class='ocr_carea' id='block_1_87' title="bbox 2160 2628 3733 2700">
    <p class='ocr_par' dir='ltr' id='par_1_87' title="bbox 2160 2628 3733 2700">
     <span class='ocr_line' id='line_1_87' title="bbox 2160 2628 3733 2700; baseline 0.005 -19"><span class='ocrx_word' id='word_1_706' title='bbox 2160 2636 2282 2681; x_wconf 91' lang='lat' dir='ltr'><strong>rent</strong></span> <span class='ocrx_word' id='word_1_707' title='bbox 2324 2628 2584 2697; x_wconf 80' lang='lat' dir='ltr'><strong>aggredi?</strong></span> <span class='ocrx_word' id='word_1_708' title='bbox 2632 2629 2719 2683; x_wconf 85' lang='lat' dir='ltr'><strong>Eis</strong></span> <span class='ocrx_word' id='word_1_709' title='bbox 2744 2628 2887 2683; x_wconf 90' lang='lat' dir='ltr'><strong>enim</strong></span> <span class='ocrx_word' id='word_1_710' title='bbox 2916 2630 3178 2699; x_wconf 88' lang='lat' dir='ltr'><strong>quispiam</strong></span> <span class='ocrx_word' id='word_1_711' title='bbox 3209 2630 3406 2687; x_wconf 83' lang='lat' dir='ltr'><strong>dixerit</strong></span> <span class='ocrx_word' id='word_1_712' title='bbox 3434 2650 3446 2685; x_wconf 95' lang='lat'>:</span> <span class='ocrx_word' id='word_1_713' title='bbox 3474 2634 3733 2700; x_wconf 86' lang='lat' dir='ltr'><strong>Quoniam</strong></span> 
     </span>
    </p>
   </div>
   <div class='ocr_carea' id='block_1_88' title="bbox 2161 2720 3735 2796">
    <p class='ocr_par' dir='ltr' id='par_1_88' title="bbox 2161 2720 3735 2796">
     <span class='ocr_line' id='line_1_88' title="bbox 2161 2720 3735 2796; baseline 0.004 -22"><span class='ocrx_word' id='word_1_714' title='bbox 2161 2735 2257 2789; x_wconf 89' lang='lat' dir='ltr'><strong>pro</strong></span> <span class='ocrx_word' id='word_1_715' title='bbox 2286 2720 2453 2774; x_wconf 89' lang='lat' dir='ltr'><strong>tribus</strong></span> <span class='ocrx_word' id='word_1_716' title='bbox 2478 2721 2632 2774; x_wconf 91' lang='lat' dir='ltr'><strong>annis</strong></span> <span class='ocrx_word' id='word_1_717' title='bbox 2658 2721 2800 2774; x_wconf 90' lang='lat' dir='ltr'><strong>bono</strong></span> <span class='ocrx_word' id='word_1_718' title='bbox 2839 2731 2893 2776; x_wconf 93' lang='lat' dir='ltr'><strong>et</strong></span> <span class='ocrx_word' id='word_1_719' title='bbox 2937 2720 3124 2776; x_wconf 83' lang='lat' dir='ltr'><strong>ﬁdenti</strong></span> <span class='ocrx_word' id='word_1_720' title='bbox 3168 2723 3297 2777; x_wconf 90' lang='lat' dir='ltr'><strong>estis</strong></span> <span class='ocrx_word' id='word_1_721' title='bbox 3342 2725 3523 2779; x_wconf 90' lang='lat' dir='ltr'><strong>animo</strong></span> <span class='ocrx_word' id='word_1_722' title='bbox 3549 2764 3565 2790; x_wconf 95' lang='lat'><strong>,</strong></span> <span class='ocrx_word' id='word_1_723' title='bbox 3612 2742 3735 2796; x_wconf 87' lang='lat' dir='ltr'><strong>pro-</strong></span> 
     </span>
    </p>
   </div>
   <div class='ocr_carea' id='block_1_89' title="bbox 2162 2811 3736 2882">
    <p class='ocr_par' dir='ltr' id='par_1_89' title="bbox 2162 2811 3736 2882">
     <span class='ocr_line' id='line_1_89' title="bbox 2162 2811 3736 2882; baseline 0.005 -18"><span class='ocrx_word' id='word_1_724' title='bbox 2162 2822 2341 2882; x_wconf 90' lang='lat' dir='ltr'><strong>ptcrea</strong></span> <span class='ocrx_word' id='word_1_725' title='bbox 2367 2811 2526 2866; x_wconf 87' lang='lat' dir='ltr'><strong>aditis</strong></span> <span class='ocrx_word' id='word_1_726' title='bbox 2552 2811 2822 2882; x_wconf 90' lang='lat' dir='ltr'><strong>pericula,</strong></span> <span class='ocrx_word' id='word_1_727' title='bbox 2852 2812 3084 2868; x_wconf 87' lang='lat' dir='ltr'><strong>scientes</strong></span> <span class='ocrx_word' id='word_1_728' title='bbox 3111 2829 3208 2869; x_wconf 92' lang='lat' dir='ltr'><strong>vos</strong></span> <span class='ocrx_word' id='word_1_729' title='bbox 3245 2824 3402 2869; x_wconf 90' lang='lat' dir='ltr'><strong>antea</strong></span> <span class='ocrx_word' id='word_1_730' title='bbox 3446 2816 3581 2870; x_wconf 90' lang='lat' dir='ltr'><strong>mori</strong></span> <span class='ocrx_word' id='word_1_731' title='bbox 3628 2832 3736 2873; x_wconf 83' lang='lat' dir='ltr'><strong>non</strong></span> 
     </span>
    </p>
   </div>
   <div class='ocr_carea' id='block_1_90' title="bbox 2160 2904 3737 2979">
    <p class='ocr_par' dir='ltr' id='par_1_90' title="bbox 2160 2904 3737 2979">
     <span class='ocr_line' id='line_1_90' title="bbox 2160 2904 3737 2979; baseline 0.006 -23"><span class='ocrx_word' id='word_1_732' title='bbox 2160 2918 2340 2973; x_wconf 86' lang='lat' dir='ltr'><strong>posse.</strong></span> <span class='ocrx_word' id='word_1_733' title='bbox 2365 2904 2463 2971; x_wconf 91' lang='lat' dir='ltr'><strong>Qui</strong></span> <span class='ocrx_word' id='word_1_734' title='bbox 2494 2904 2639 2958; x_wconf 87' lang='lat' dir='ltr'><strong>enim</strong></span> <span class='ocrx_word' id='word_1_735' title='bbox 2658 2913 2933 2972; x_wconf 84' lang='lat' dir='ltr'><strong>exspectat</strong></span> <span class='ocrx_word' id='word_1_736' title='bbox 2961 2904 3077 2960; x_wconf 80' lang='lat' dir='ltr'><strong>fore</strong></span> <span class='ocrx_word' id='word_1_737' title='bbox 3103 2914 3159 2959; x_wconf 94' lang='lat' dir='ltr'><strong>ut</strong></span> <span class='ocrx_word' id='word_1_738' title='bbox 3184 2922 3249 2961; x_wconf 89' lang='lat' dir='ltr'><strong>ex</strong></span> <span class='ocrx_word' id='word_1_739' title='bbox 3276 2910 3462 2977; x_wconf 91' lang='lat' dir='ltr'><strong>quovis</strong></span> <span class='ocrx_word' id='word_1_740' title='bbox 3495 2910 3737 2979; x_wconf 87' lang='lat' dir='ltr'><strong>periculo</strong></span> 
     </span>
    </p>
   </div>
   <div class='ocr_carea' id='block_1_91' title="bbox 2160 2994 3734 3072">
    <p class='ocr_par' dir='ltr' id='par_1_91' title="bbox 2160 2994 3734 3072">
     <span class='ocr_line' id='line_1_91' title="bbox 2160 2994 3734 3072; baseline 0.007 -25"><span class='ocrx_word' id='word_1_741' title='bbox 2160 2996 2438 3060; x_wconf 88' lang='lat' dir='ltr'><strong>moriatur,</strong></span> <span class='ocrx_word' id='word_1_742' title='bbox 2469 3003 2526 3050; x_wconf 91' lang='lat' dir='ltr'><strong>et</strong></span> <span class='ocrx_word' id='word_1_743' title='bbox 2552 2995 2653 3049; x_wconf 89' lang='lat' dir='ltr'><strong>scit</strong></span> <span class='ocrx_word' id='word_1_744' title='bbox 2693 2994 2807 3051; x_wconf 79' lang='lat' dir='ltr'><strong>fore</strong></span> <span class='ocrx_word' id='word_1_745' title='bbox 2846 2996 3061 3066; x_wconf 87' lang='lat' dir='ltr'><strong>quidem</strong></span> <span class='ocrx_word' id='word_1_746' title='bbox 3090 3008 3147 3051; x_wconf 92' lang='lat' dir='ltr'><strong>ut</strong></span> <span class='ocrx_word' id='word_1_747' title='bbox 3175 2999 3356 3067; x_wconf 88' lang='lat' dir='ltr'><strong>vivat,</strong></span> <span class='ocrx_word' id='word_1_748' title='bbox 3387 3001 3433 3054; x_wconf 89' lang='lat' dir='ltr'><strong>si</strong></span> <span class='ocrx_word' id='word_1_749' title='bbox 3459 3017 3565 3056; x_wconf 88' lang='lat' dir='ltr'><strong>non</strong></span> <span class='ocrx_word' id='word_1_750' title='bbox 3596 3018 3734 3072; x_wconf 66' lang='lat' dir='ltr'><strong>pra:-</strong></span> 
     </span>
    </p>
   </div>
   <div class='ocr_carea' id='block_1_92' title="bbox 2157 3090 3738 3159">
    <p class='ocr_par' dir='ltr' id='par_1_92' title="bbox 2157 3090 3738 3159">
     <span class='ocr_line' id='line_1_92' title="bbox 2157 3090 3738 3159; baseline 0.003 -15"><span class='ocrx_word' id='word_1_751' title='bbox 2157 3104 2288 3158; x_wconf 91' lang='lat' dir='ltr'><strong>ceps</strong></span> <span class='ocrx_word' id='word_1_752' title='bbox 2325 3098 2382 3145; x_wconf 90' lang='lat' dir='ltr'><strong>et</strong></span> <span class='ocrx_word' id='word_1_753' title='bbox 2421 3090 2766 3144; x_wconf 90' lang='lat' dir='ltr'><strong>temerarium</strong></span> <span class='ocrx_word' id='word_1_754' title='bbox 2793 3090 2969 3159; x_wconf 88' lang='lat' dir='ltr'><strong>capiat</strong></span> <span class='ocrx_word' id='word_1_755' title='bbox 3013 3090 3340 3155; x_wconf 88' lang='lat' dir='ltr'><strong>consilium;</strong></span> <span class='ocrx_word' id='word_1_756' title='bbox 3383 3102 3440 3146; x_wconf 92' lang='lat' dir='ltr'><strong>ut</strong></span> <span class='ocrx_word' id='word_1_757' title='bbox 3481 3095 3738 3149; x_wconf 89' lang='lat' dir='ltr'><strong>moriatur</strong></span> 
     </span>
    </p>
   </div>
   <div class='ocr_carea' id='block_1_93' title="bbox 2157 3182 3735 3254">
    <p class='ocr_par' dir='ltr' id='par_1_93' title="bbox 2157 3182 3735 3254">
     <span class='ocr_line' id='line_1_93' title="bbox 2157 3182 3735 3254; baseline 0.003 -19"><span class='ocrx_word' id='word_1_758' title='bbox 2157 3190 2356 3247; x_wconf 90' lang='lat' dir='ltr'><strong>autem,</strong></span> <span class='ocrx_word' id='word_1_759' title='bbox 2383 3182 2426 3236; x_wconf 92' lang='lat' dir='ltr'><strong>si</strong></span> <span class='ocrx_word' id='word_1_760' title='bbox 2451 3197 2514 3236; x_wconf 89' lang='lat' dir='ltr'><strong>ea</strong></span> <span class='ocrx_word' id='word_1_761' title='bbox 2546 3190 2746 3237; x_wconf 89' lang='lat' dir='ltr'><strong>temere</strong></span> <span class='ocrx_word' id='word_1_762' title='bbox 2772 3191 2824 3237; x_wconf 88' lang='lat' dir='ltr'><strong>et</strong></span> <span class='ocrx_word' id='word_1_763' title='bbox 2875 3182 3137 3237; x_wconf 88' lang='lat' dir='ltr'><strong>audenter</strong></span> <span class='ocrx_word' id='word_1_764' title='bbox 3163 3184 3499 3254; x_wconf 83' lang='lat' dir='ltr'><strong>aggrediatur</strong></span> <span class='ocrx_word' id='word_1_765' title='bbox 3520 3224 3538 3250; x_wconf 94' lang='lat'><strong>,</strong></span> <span class='ocrx_word' id='word_1_766' title='bbox 3570 3187 3735 3240; x_wconf 71' lang='lat' dir='ltr'><strong>mali-</strong></span> 
     </span>
    </p>
   </div>
   <div class='ocr_carea' id='block_1_94' title="bbox 2160 3272 3730 3346">
    <p class='ocr_par' dir='ltr' id='par_1_94' title="bbox 2160 3272 3730 3346">
     <span class='ocr_line' id='line_1_94' title="bbox 2160 3272 3730 3346; baseline 0.003 -19"><span class='ocrx_word' id='word_1_767' title='bbox 2160 3289 2304 3327; x_wconf 91' lang='lat' dir='ltr'><strong>mum</strong></span> <span class='ocrx_word' id='word_1_768' title='bbox 2335 3272 2559 3342; x_wconf 89' lang='lat' dir='ltr'><strong>protulit</strong></span> <span class='ocrx_word' id='word_1_769' title='bbox 2586 3272 2838 3327; x_wconf 89' lang='lat' dir='ltr'><strong>indicium</strong></span> <span class='ocrx_word' id='word_1_770' title='bbox 2869 3274 3033 3327; x_wconf 88' lang='lat' dir='ltr'><strong>animi</strong></span> <span class='ocrx_word' id='word_1_771' title='bbox 3061 3274 3141 3329; x_wconf 91' lang='lat' dir='ltr'><strong>sui</strong></span> <span class='ocrx_word' id='word_1_772' title='bbox 3170 3275 3480 3340; x_wconf 88' lang='lat' dir='ltr'><strong>alacritatis,</strong></span> <span class='ocrx_word' id='word_1_773' title='bbox 3510 3286 3565 3331; x_wconf 90' lang='lat' dir='ltr'><strong>et</strong></span> <span class='ocrx_word' id='word_1_774' title='bbox 3587 3278 3730 3346; x_wconf 90' lang='lat' dir='ltr'><strong>quod</strong></span> 
     </span>
    </p>
   </div>
   <div class='ocr_carea' id='block_1_95' title="bbox 2160 3364 3735 3434">
    <p class='ocr_par' dir='ltr' id='par_1_95' title="bbox 2160 3364 3735 3434">
     <span class='ocr_line' id='line_1_95' title="bbox 2160 3364 3735 3434; baseline 0.004 -17"><span class='ocrx_word' id='word_1_775' title='bbox 2160 3364 2297 3419; x_wconf 91' lang='lat' dir='ltr'><strong>hanc</strong></span> <span class='ocrx_word' id='word_1_776' title='bbox 2339 3364 2498 3418; x_wconf 88' lang='lat' dir='ltr'><strong>vitam</strong></span> <span class='ocrx_word' id='word_1_777' title='bbox 2523 3364 2802 3433; x_wconf 84' lang='lat' dir='ltr'><strong>despiciat.</strong></span> <span class='ocrx_word' id='word_1_778' title='bbox 2835 3364 3095 3434; x_wconf 84' lang='lat' dir='ltr'><strong>Exemplo</strong></span> <span class='ocrx_word' id='word_1_779' title='bbox 3122 3375 3299 3423; x_wconf 87' lang='lat' dir='ltr'><strong>autem</strong></span> <span class='ocrx_word' id='word_1_780' title='bbox 3344 3366 3446 3421; x_wconf 90' lang='lat' dir='ltr'><strong>hoc</strong></span> <span class='ocrx_word' id='word_1_781' title='bbox 3470 3368 3618 3423; x_wconf 88' lang='lat' dir='ltr'><strong>vobis</strong></span> <span class='ocrx_word' id='word_1_782' title='bbox 3660 3370 3735 3424; x_wconf 86' lang='lat' dir='ltr'><strong>la-</strong></span> 
     </span>
    </p>
   </div>
   <div class='ocr_carea' id='block_1_96' title="bbox 2159 3456 3734 3529">
    <p class='ocr_par' dir='ltr' id='par_1_96' title="bbox 2159 3456 3734 3529">
     <span class='ocr_line' id='line_1_96' title="bbox 2159 3456 3734 3529; baseline 0.002 -17"><span class='ocrx_word' id='word_1_783' title='bbox 2159 3458 2295 3512; x_wconf 89' lang='lat' dir='ltr'><strong>ciam</strong></span> <span class='ocrx_word' id='word_1_784' title='bbox 2339 3457 2700 3512; x_wconf 77' lang='lat' dir='ltr'><strong>manifestum.</strong></span> <span class='ocrx_word' id='word_1_785' title='bbox 2733 3456 2792 3511; x_wconf 89' lang='lat' dir='ltr'><strong>Si</strong></span> <span class='ocrx_word' id='word_1_786' title='bbox 2821 3458 3121 3526; x_wconf 88' lang='lat' dir='ltr'><strong>patriarcha</strong></span> <span class='ocrx_word' id='word_1_787' title='bbox 3149 3458 3415 3512; x_wconf 87' lang='lat' dir='ltr'><strong>Abraham</strong></span> <span class='ocrx_word' id='word_1_788' title='bbox 3449 3463 3734 3529; x_wconf 68' lang='lat' dir='ltr'><strong>praascieus</strong></span> 
     </span>
    </p>
   </div>
   <div class='ocr_carea' id='block_1_97' title="bbox 2162 3547 3732 3621">
    <p class='ocr_par' dir='ltr' id='par_1_97' title="bbox 2162 3547 3732 3621">
     <span class='ocr_line' id='line_1_97' title="bbox 2162 3547 3732 3621; baseline 0.004 -20"><span class='ocrx_word' id='word_1_789' title='bbox 2162 3548 2275 3604; x_wconf 83' lang='lat' dir='ltr'><strong>lore</strong></span> <span class='ocrx_word' id='word_1_790' title='bbox 2299 3558 2356 3603; x_wconf 93' lang='lat' dir='ltr'><strong>ut</strong></span> <span class='ocrx_word' id='word_1_791' title='bbox 2381 3548 2549 3602; x_wconf 87' lang='lat' dir='ltr'><strong>lilium</strong></span> <span class='ocrx_word' id='word_1_792' title='bbox 2594 3563 2699 3603; x_wconf 91' lang='lat' dir='ltr'><strong>non</strong></span> <span class='ocrx_word' id='word_1_793' title='bbox 2726 3547 3019 3613; x_wconf 88' lang='lat' dir='ltr'><strong>occideret,</strong></span> <span class='ocrx_word' id='word_1_794' title='bbox 3052 3565 3173 3603; x_wconf 90' lang='lat' dir='ltr'><strong>eum</strong></span> <span class='ocrx_word' id='word_1_795' title='bbox 3202 3566 3413 3605; x_wconf 83' lang='lat' dir='ltr'><strong>sursum</strong></span> <span class='ocrx_word' id='word_1_796' title='bbox 3456 3552 3732 3621; x_wconf 88' lang='lat' dir='ltr'><strong>duxisset,</strong></span> 
     </span>
    </p>
   </div>
   <div class='ocr_carea' id='block_1_98' title="bbox 2162 3640 3737 3711">
    <p class='ocr_par' dir='ltr' id='par_1_98' title="bbox 2162 3640 3737 3711">
     <span class='ocr_line' id='line_1_98' title="bbox 2162 3640 3737 3711; baseline 0.004 -16"><span class='ocrx_word' id='word_1_797' title='bbox 2162 3640 2504 3696; x_wconf 88' lang='lat' dir='ltr'><strong>habuissetne</strong></span> <span class='ocrx_word' id='word_1_798' title='bbox 2524 3642 2754 3711; x_wconf 88' lang='lat' dir='ltr'><strong>aliquam</strong></span> <span class='ocrx_word' id='word_1_799' title='bbox 2782 3643 3084 3699; x_wconf 83' lang='lat' dir='ltr'><strong>mercedem</strong></span> <span class='ocrx_word' id='word_1_800' title='bbox 3106 3646 3129 3698; x_wconf 62' lang='grc' dir='ltr'>ἲ</span> <span class='ocrx_word' id='word_1_801' title='bbox 3152 3644 3289 3710; x_wconf 91' lang='lat' dir='ltr'><strong>Quid</strong></span> <span class='ocrx_word' id='word_1_802' title='bbox 3316 3660 3444 3700; x_wconf 88' lang='lat' dir='ltr'><strong>vero</strong></span> <span class='ocrx_word' id='word_1_803' title='bbox 3466 3685 3483 3710; x_wconf 93' lang='lat'><strong>,</strong></span> <span class='ocrx_word' id='word_1_804' title='bbox 3515 3648 3558 3701; x_wconf 91' lang='lat' dir='ltr'><strong>si</strong></span> <span class='ocrx_word' id='word_1_805' title='bbox 3601 3648 3737 3702; x_wconf 85' lang='lat' dir='ltr'><strong>Pau-</strong></span> 
     </span>
    </p>
   </div>
   <div class='ocr_carea' id='block_1_99' title="bbox 2162 3732 3731 3807">
    <p class='ocr_par' dir='ltr' id='par_1_99' title="bbox 2162 3732 3731 3807">
     <span class='ocr_line' id='line_1_99' title="bbox 2162 3732 3731 3807; baseline 0.004 -21"><span class='ocrx_word' id='word_1_806' title='bbox 2162 3732 2267 3798; x_wconf 89' lang='lat' dir='ltr'><strong>lus,</strong></span> <span class='ocrx_word' id='word_1_807' title='bbox 2290 3748 2408 3787; x_wconf 90' lang='lat' dir='ltr'><strong>cum</strong></span> <span class='ocrx_word' id='word_1_808' title='bbox 2433 3734 2792 3802; x_wconf 66' lang='lat' dir='ltr'><strong>praescivisset</strong></span> <span class='ocrx_word' id='word_1_809' title='bbox 2813 3733 2926 3788; x_wconf 83' lang='lat' dir='ltr'><strong>fore</strong></span> <span class='ocrx_word' id='word_1_810' title='bbox 2949 3746 3003 3788; x_wconf 94' lang='lat' dir='ltr'><strong>ut</strong></span> <span class='ocrx_word' id='word_1_811' title='bbox 3025 3752 3129 3789; x_wconf 90' lang='lat' dir='ltr'><strong>non</strong></span> <span class='ocrx_word' id='word_1_812' title='bbox 3153 3746 3472 3804; x_wconf 88' lang='lat' dir='ltr'><strong>moreretur,</strong></span> <span class='ocrx_word' id='word_1_813' title='bbox 3500 3739 3731 3807; x_wconf 88' lang='lat' dir='ltr'><strong>pericula</strong></span> 
     </span>
    </p>
   </div>
   <div class='ocr_carea' id='block_1_100' title="bbox 2162 3823 3735 3894">
    <p class='ocr_par' dir='ltr' id='par_1_100' title="bbox 2162 3823 3735 3894">
     <span class='ocr_line' id='line_1_100' title="bbox 2162 3823 3735 3894; baseline 0.004 -17"><span class='ocrx_word' id='word_1_814' title='bbox 2162 3823 2497 3891; x_wconf 83' lang='lat' dir='ltr'><strong>despexisset</strong></span> <span class='ocrx_word' id='word_1_815' title='bbox 2518 3864 2534 3890; x_wconf 91' lang='lat'><strong>,</strong></span> <span class='ocrx_word' id='word_1_816' title='bbox 2563 3838 2793 3894; x_wconf 84' lang='lat' dir='ltr'><strong>quonam</strong></span> <span class='ocrx_word' id='word_1_817' title='bbox 2823 3826 2984 3879; x_wconf 91' lang='lat' dir='ltr'><strong>modo</strong></span> <span class='ocrx_word' id='word_1_818' title='bbox 3011 3825 3200 3881; x_wconf 82' lang='lat' dir='ltr'><strong>fuisset</strong></span> <span class='ocrx_word' id='word_1_819' title='bbox 3228 3827 3619 3882; x_wconf 85' lang='lat' dir='ltr'><strong>admirandus?</strong></span> <span class='ocrx_word' id='word_1_820' title='bbox 3644 3828 3735 3884; x_wconf 88' lang='lat' dir='ltr'><strong>Sic</strong></span> 
     </span>
    </p>
   </div>
   <div class='ocr_carea' id='block_1_101' title="bbox 2161 3913 3734 3985">
    <p class='ocr_par' dir='ltr' id='par_1_101' title="bbox 2161 3913 3734 3985">
     <span class='ocr_line' id='line_1_101' title="bbox 2161 3913 3734 3985; baseline 0.006 -20"><span class='ocrx_word' id='word_1_821' title='bbox 2161 3914 2304 3966; x_wconf 88' lang='lat' dir='ltr'><strong>enim</strong></span> <span class='ocrx_word' id='word_1_822' title='bbox 2329 3913 2415 3967; x_wconf 90' lang='lat' dir='ltr'><strong>vel</strong></span> <span class='ocrx_word' id='word_1_823' title='bbox 2444 3914 2815 3983; x_wconf 86' lang='lat' dir='ltr'><strong>ignavissimus</strong></span> <span class='ocrx_word' id='word_1_824' title='bbox 2844 3915 2895 3969; x_wconf 93' lang='lat' dir='ltr'><strong>in</strong></span> <span class='ocrx_word' id='word_1_825' title='bbox 2930 3916 3105 3985; x_wconf 86' lang='lat' dir='ltr'><strong>ignem</strong></span> <span class='ocrx_word' id='word_1_826' title='bbox 3127 3916 3407 3983; x_wconf 89' lang='lat' dir='ltr'><strong>desilierit,</strong></span> <span class='ocrx_word' id='word_1_827' title='bbox 3436 3920 3479 3972; x_wconf 87' lang='lat' dir='ltr'><strong>si</strong></span> <span class='ocrx_word' id='word_1_828' title='bbox 3505 3920 3734 3985; x_wconf 74' lang='lat' dir='ltr'><strong>aliquant</strong></span> 
     </span>
    </p>
   </div>
   <div class='ocr_carea' id='block_1_102' title="bbox 2163 4003 3738 4079">
    <p class='ocr_par' dir='ltr' id='par_1_102' title="bbox 2163 4003 3738 4079">
     <span class='ocr_line' id='line_1_102' title="bbox 2163 4003 3738 4079; baseline 0.004 -19"><span class='ocrx_word' id='word_1_829' title='bbox 2163 4006 2266 4061; x_wconf 87' lang='lat' dir='ltr'><strong>lide</strong></span> <span class='ocrx_word' id='word_1_830' title='bbox 2290 4003 2507 4073; x_wconf 83' lang='lat' dir='ltr'><strong>dignum</strong></span> <span class='ocrx_word' id='word_1_831' title='bbox 2555 4007 2774 4063; x_wconf 88' lang='lat' dir='ltr'><strong>haberet</strong></span> <span class='ocrx_word' id='word_1_832' title='bbox 2815 4023 3129 4078; x_wconf 88' lang='lat' dir='ltr'><strong>sponsorem</strong></span> <span class='ocrx_word' id='word_1_833' title='bbox 3155 4011 3295 4079; x_wconf 90' lang='lat' dir='ltr'><strong>quod</strong></span> <span class='ocrx_word' id='word_1_834' title='bbox 3332 4019 3475 4066; x_wconf 88' lang='lat' dir='ltr'><strong>tutus</strong></span> <span class='ocrx_word' id='word_1_835' title='bbox 3497 4013 3567 4066; x_wconf 83' lang='lat' dir='ltr'><strong>sit</strong></span> <span class='ocrx_word' id='word_1_836' title='bbox 3594 4012 3738 4066; x_wconf 86' lang='lat' dir='ltr'><strong>lutu-</strong></span> 
     </span>
    </p>
   </div>
   <div class='ocr_carea' id='block_1_103' title="bbox 2162 4096 3738 4172">
    <p class='ocr_par' dir='ltr' id='par_1_103' title="bbox 2162 4096 3738 4172">
     <span class='ocr_line' id='line_1_103' title="bbox 2162 4096 3738 4172; baseline 0.003 -21"><span class='ocrx_word' id='word_1_837' title='bbox 2162 4112 2274 4151; x_wconf 88' lang='lat' dir='ltr'><strong>rus.</strong></span> <span class='ocrx_word' id='word_1_838' title='bbox 2303 4096 2408 4152; x_wconf 89' lang='lat' dir='ltr'><strong>Sed</strong></span> <span class='ocrx_word' id='word_1_839' title='bbox 2448 4108 2555 4152; x_wconf 81' lang='lat' dir='ltr'><strong>tres</strong></span> <span class='ocrx_word' id='word_1_840' title='bbox 2597 4100 2744 4168; x_wconf 90' lang='lat' dir='ltr'><strong>pueri</strong></span> <span class='ocrx_word' id='word_1_841' title='bbox 2772 4116 2877 4153; x_wconf 89' lang='lat' dir='ltr'><strong>non</strong></span> <span class='ocrx_word' id='word_1_842' title='bbox 2904 4110 3027 4154; x_wconf 91' lang='lat' dir='ltr'><strong>sunt</strong></span> <span class='ocrx_word' id='word_1_843' title='bbox 3050 4101 3333 4169; x_wconf 90' lang='lat' dir='ltr'><strong>ejusmodi,</strong></span> <span class='ocrx_word' id='word_1_844' title='bbox 3363 4117 3544 4157; x_wconf 89' lang='lat' dir='ltr'><strong>verum</strong></span> <span class='ocrx_word' id='word_1_845' title='bbox 3568 4103 3691 4172; x_wconf 88' lang='lat' dir='ltr'><strong>quid</strong></span> <span class='ocrx_word' id='word_1_846' title='bbox 3712 4103 3738 4155; x_wconf 66' lang='grc' dir='ltr'><strong>’ἔ</strong></span> 
     </span>
    </p>
   </div>
   <div class='ocr_carea' id='block_1_104' title="bbox 2162 4189 3736 4263">
    <p class='ocr_par' dir='ltr' id='par_1_104' title="bbox 2162 4189 3736 4263">
     <span class='ocr_line' id='line_1_104' title="bbox 2162 4189 3736 4263; baseline 0.004 -19"><span class='ocrx_word' id='word_1_847' title='bbox 2162 4189 2300 4244; x_wconf 80' lang='lat' dir='ltr'><strong>Audi</strong></span> <span class='ocrx_word' id='word_1_848' title='bbox 2325 4204 2419 4244; x_wconf 90' lang='lat' dir='ltr'><strong>eos</strong></span> <span class='ocrx_word' id='word_1_849' title='bbox 2441 4189 2680 4245; x_wconf 89' lang='lat' dir='ltr'><strong>dicentes</strong></span> <span class='ocrx_word' id='word_1_850' title='bbox 2703 4206 2716 4243; x_wconf 89' lang='lat'>:</span> <span class='ocrx_word' id='word_1_851' title='bbox 2752 4191 2885 4258; x_wconf 72' lang='lat' dir='ltr'><strong>Rex,</strong></span> <span class='ocrx_word' id='word_1_852' title='bbox 2916 4201 2991 4244; x_wconf 78' lang='lat' dir='ltr'><strong>est</strong></span> <span class='ocrx_word' id='word_1_853' title='bbox 3018 4190 3152 4244; x_wconf 88' lang='lat' dir='ltr'><strong>Deus</strong></span> <span class='ocrx_word' id='word_1_854' title='bbox 3182 4192 3234 4244; x_wconf 89' lang='lat' dir='ltr'><strong>in</strong></span> <span class='ocrx_word' id='word_1_855' title='bbox 3261 4194 3384 4247; x_wconf 68' lang='lat' dir='ltr'><strong>calo</strong></span> <span class='ocrx_word' id='word_1_856' title='bbox 3412 4195 3496 4263; x_wconf 86' lang='lat' dir='ltr'><strong>qui</strong></span> <span class='ocrx_word' id='word_1_857' title='bbox 3522 4209 3612 4249; x_wconf 91' lang='lat' dir='ltr'><strong>nos</strong></span> <span class='ocrx_word' id='word_1_858' title='bbox 3633 4195 3736 4249; x_wconf 82' lang='lat' dir='ltr'><strong>eri-</strong></span> 
     </span>
    </p>
   </div>
   <div class='ocr_carea' id='block_1_105' title="bbox 2165 4280 3735 4352">
    <p class='ocr_par' dir='ltr' id='par_1_105' title="bbox 2165 4280 3735 4352">
     <span class='ocr_line' id='line_1_105' title="bbox 2165 4280 3735 4352; baseline 0.004 -20"><span class='ocrx_word' id='word_1_859' title='bbox 2165 4281 2266 4349; x_wconf 83' lang='lat' dir='ltr'><strong>piet</strong></span> <span class='ocrx_word' id='word_1_860' title='bbox 2292 4296 2320 4333; x_wconf 89' lang='lat' dir='ltr'><strong>e</strong></span> <span class='ocrx_word' id='word_1_861' title='bbox 2356 4280 2584 4334; x_wconf 86' lang='lat' dir='ltr'><strong>manibus</strong></span> <span class='ocrx_word' id='word_1_862' title='bbox 2615 4281 2713 4334; x_wconf 86' lang='lat' dir='ltr'><strong>tuis</strong></span> <span class='ocrx_word' id='word_1_863' title='bbox 2732 4322 2746 4344; x_wconf 95' lang='lat'><strong>,</strong></span> <span class='ocrx_word' id='word_1_864' title='bbox 2778 4291 2825 4335; x_wconf 85' lang='lat' dir='ltr'><strong>et</strong></span> <span class='ocrx_word' id='word_1_865' title='bbox 2851 4297 2916 4335; x_wconf 80' lang='lat' dir='ltr'><strong>ea:</strong></span> <span class='ocrx_word' id='word_1_866' title='bbox 2954 4281 3050 4334; x_wconf 79' lang='lat' dir='ltr'><strong>hac</strong></span> <span class='ocrx_word' id='word_1_867' title='bbox 3075 4284 3301 4352; x_wconf 76' lang='lat' dir='ltr'><strong>fornace.</strong></span> <span class='ocrx_word' id='word_1_868' title='bbox 3349 4285 3496 4352; x_wconf 80' lang='lat' dir='ltr'><strong>Quod</strong></span> <span class='ocrx_word' id='word_1_869' title='bbox 3527 4286 3570 4338; x_wconf 87' lang='lat' dir='ltr'><strong>si</strong></span> <span class='ocrx_word' id='word_1_870' title='bbox 3599 4302 3735 4352; x_wconf 77' lang='lat' dir='ltr'><strong>non,</strong></span> 
     </span>
    </p>
   </div>
   <div class='ocr_carea' id='block_1_106' title="bbox 2164 4371 3739 4440">
    <p class='ocr_par' dir='ltr' id='par_1_106' title="bbox 2164 4371 3739 4440">
     <span class='ocr_line' id='line_1_106' title="bbox 2164 4371 3739 4440; baseline 0.004 -17"><span class='ocrx_word' id='word_1_871' title='bbox 2164 4372 2254 4424; x_wconf 85' lang='lat' dir='ltr'><strong>tibi</strong></span> <span class='ocrx_word' id='word_1_872' title='bbox 2281 4380 2453 4425; x_wconf 88' lang='lat' dir='ltr'><strong>notum</strong></span> <span class='ocrx_word' id='word_1_873' title='bbox 2478 4371 2543 4425; x_wconf 88' lang='lat' dir='ltr'><strong>sit</strong></span> <span class='ocrx_word' id='word_1_874' title='bbox 2571 4372 2705 4440; x_wconf 88' lang='lat' dir='ltr'><strong>quod</strong></span> <span class='ocrx_word' id='word_1_875' title='bbox 2734 4373 2832 4425; x_wconf 87' lang='lat' dir='ltr'><strong>diis</strong></span> <span class='ocrx_word' id='word_1_876' title='bbox 2854 4373 2953 4426; x_wconf 85' lang='lat' dir='ltr'><strong>tuis</strong></span> <span class='ocrx_word' id='word_1_877' title='bbox 2981 4389 3083 4426; x_wconf 88' lang='lat' dir='ltr'><strong>non</strong></span> <span class='ocrx_word' id='word_1_878' title='bbox 3109 4375 3379 4428; x_wconf 81' lang='lat' dir='ltr'><strong>serviemus</strong></span> <span class='ocrx_word' id='word_1_879' title='bbox 3401 4415 3417 4439; x_wconf 96' lang='lat'><strong>,</strong></span> <span class='ocrx_word' id='word_1_880' title='bbox 3459 4385 3505 4430; x_wconf 83' lang='lat' dir='ltr'><strong>et</strong></span> <span class='ocrx_word' id='word_1_881' title='bbox 3531 4392 3739 4429; x_wconf 77' lang='lat' dir='ltr'><strong>auream</strong></span> 
     </span>
    </p>
   </div>
   <div class='ocr_carea' id='block_1_107' title="bbox 2163 4463 3735 4537">
    <p class='ocr_par' dir='ltr' id='par_1_107' title="bbox 2163 4463 3735 4537">
     <span class='ocr_line' id='line_1_107' title="bbox 2163 4463 3735 4537; baseline 0.004 -22"><span class='ocrx_word' id='word_1_882' title='bbox 2163 4471 2404 4527; x_wconf 87' lang='lat' dir='ltr'><strong>statuam,</strong></span> <span class='ocrx_word' id='word_1_883' title='bbox 2435 4479 2585 4530; x_wconf 88' lang='lat' dir='ltr'><strong>quam</strong></span> <span class='ocrx_word' id='word_1_884' title='bbox 2614 4463 2853 4531; x_wconf 87' lang='lat' dir='ltr'><strong>statuisti,</strong></span> <span class='ocrx_word' id='word_1_885' title='bbox 2885 4480 2985 4517; x_wconf 86' lang='lat' dir='ltr'><strong>non</strong></span> <span class='ocrx_word' id='word_1_886' title='bbox 3013 4464 3337 4518; x_wconf 74' lang='lat' dir='ltr'><strong>ador-abimus</strong></span> <span class='ocrx_word' id='word_1_887' title='bbox 3363 4465 3527 4537; x_wconf 88' lang='lat' dir='ltr'><strong>(Dan.</strong></span> <span class='ocrx_word' id='word_1_888' title='bbox 3560 4468 3615 4521; x_wconf 75' lang='grc'><strong>5.</strong></span> <span class='ocrx_word' id='word_1_889' title='bbox 3648 4469 3735 4523; x_wconf 73' lang='grc'><strong>17.</strong></span> 
     </span>
    </p>
   </div>
   <div class='ocr_carea' id='block_1_108' title="bbox 2166 4554 3739 4626">
    <p class='ocr_par' dir='ltr' id='par_1_108' title="bbox 2166 4554 3739 4626">
     <span class='ocr_line' id='line_1_108' title="bbox 2166 4554 3739 4626; baseline 0.002 -15"><span class='ocrx_word' id='word_1_890' title='bbox 2166 4556 2278 4625; x_wconf 81' lang='grc'><strong>18).</strong></span> <span class='ocrx_word' id='word_1_891' title='bbox 2313 4554 2500 4610; x_wconf 86' lang='lat' dir='ltr'><strong>Videte</strong></span> <span class='ocrx_word' id='word_1_892' title='bbox 2528 4571 2685 4625; x_wconf 87' lang='lat' dir='ltr'><strong>quam</strong></span> <span class='ocrx_word' id='word_1_893' title='bbox 2714 4556 2876 4609; x_wconf 90' lang='lat' dir='ltr'><strong>multa</strong></span> <span class='ocrx_word' id='word_1_894' title='bbox 2918 4557 3026 4610; x_wconf 90' lang='lat' dir='ltr'><strong>sint</strong></span> <span class='ocrx_word' id='word_1_895' title='bbox 3058 4557 3227 4622; x_wconf 89' lang='lat' dir='ltr'><strong>lucra,</strong></span> <span class='ocrx_word' id='word_1_896' title='bbox 3258 4569 3312 4612; x_wconf 91' lang='lat' dir='ltr'><strong>et</strong></span> <span class='ocrx_word' id='word_1_897' title='bbox 3342 4559 3423 4611; x_wconf 89' lang='lat' dir='ltr'><strong>his</strong></span> <span class='ocrx_word' id='word_1_898' title='bbox 3454 4558 3604 4626; x_wconf 84' lang='lat' dir='ltr'><strong>plura</strong></span> <span class='ocrx_word' id='word_1_899' title='bbox 3628 4598 3642 4621; x_wconf 82' lang='lat'><strong>,</strong></span> <span class='ocrx_word' id='word_1_900' title='bbox 3674 4577 3739 4615; x_wconf 87' lang='lat' dir='ltr'><strong>ex</strong></span> 
     </span>
    </p>
   </div>
   <div class='ocr_carea' id='block_1_109' title="bbox 2166 4646 3743 4716">
    <p class='ocr_par' dir='ltr' id='par_1_109' title="bbox 2166 4646 3743 4716">
     <span class='ocr_line' id='line_1_109' title="bbox 2166 4646 3743 4716; baseline 0.002 -16"><span class='ocrx_word' id='word_1_901' title='bbox 2166 4663 2232 4701; x_wconf 91' lang='lat' dir='ltr'><strong>eo</strong></span> <span class='ocrx_word' id='word_1_902' title='bbox 2258 4646 2399 4716; x_wconf 90' lang='lat' dir='ltr'><strong>quod</strong></span> <span class='ocrx_word' id='word_1_903' title='bbox 2445 4647 2717 4716; x_wconf 85' lang='lat' dir='ltr'><strong>ignoretur</strong></span> <span class='ocrx_word' id='word_1_904' title='bbox 2742 4647 3041 4702; x_wconf 79' lang='lat' dir='ltr'><strong>decessus?</strong></span> <span class='ocrx_word' id='word_1_905' title='bbox 3067 4648 3281 4703; x_wconf 86' lang='lat' dir='ltr'><strong>Interim</strong></span> <span class='ocrx_word' id='word_1_906' title='bbox 3322 4658 3499 4702; x_wconf 88' lang='lat' dir='ltr'><strong>autem</strong></span> <span class='ocrx_word' id='word_1_907' title='bbox 3543 4649 3743 4703; x_wconf 73' lang='lat' dir='ltr'><strong>sufficit</strong></span> 
     </span>
    </p>
   </div>
   <div class='ocr_carea' id='block_1_110' title="bbox 2169 4737 3743 4810">
    <p class='ocr_par' dir='ltr' id='par_1_110' title="bbox 2169 4737 3743 4810">
     <span class='ocr_line' id='line_1_110' title="bbox 2169 4737 3743 4810; baseline 0.001 -18"><span class='ocrx_word' id='word_1_908' title='bbox 2169 4738 2284 4793; x_wconf 82' lang='lat' dir='ltr'><strong>lucc</strong></span> <span class='ocrx_word' id='word_1_909' title='bbox 2310 4737 2578 4792; x_wconf 88' lang='lat' dir='ltr'><strong>didicisse.</strong></span> <span class='ocrx_word' id='word_1_910' title='bbox 2610 4738 2903 4808; x_wconf 89' lang='lat' dir='ltr'><strong>Propterea</strong></span> <span class='ocrx_word' id='word_1_911' title='bbox 2944 4751 3208 4810; x_wconf 87' lang='lat' dir='ltr'><strong>tamquam</strong></span> <span class='ocrx_word' id='word_1_912' title='bbox 3242 4741 3327 4795; x_wconf 81' lang='lat' dir='ltr'><strong>iur</strong></span> <span class='ocrx_word' id='word_1_913' title='bbox 3349 4781 3366 4808; x_wconf 95' lang='lat'><strong>,</strong></span> <span class='ocrx_word' id='word_1_914' title='bbox 3412 4743 3490 4796; x_wconf 91' lang='lat' dir='ltr'><strong>sic</strong></span> <span class='ocrx_word' id='word_1_915' title='bbox 3517 4754 3658 4795; x_wconf 83' lang='lat' dir='ltr'><strong>venit</strong></span> <span class='ocrx_word' id='word_1_916' title='bbox 3693 4744 3743 4795; x_wconf 91' lang='lat' dir='ltr'><strong>in</strong></span> 
     </span>
    </p>
   </div>
   <div class='ocr_carea' id='block_1_111' title="bbox 2170 4831 3743 4902">
    <p class='ocr_par' dir='ltr' id='par_1_111' title="bbox 2170 4831 3743 4902">
     <span class='ocr_line' id='line_1_111' title="bbox 2170 4831 3743 4902; baseline 0.001 -18"><span class='ocrx_word' id='word_1_917' title='bbox 2170 4841 2344 4897; x_wconf 89' lang='lat' dir='ltr'><strong>nocte,</strong></span> <span class='ocrx_word' id='word_1_918' title='bbox 2377 4846 2445 4886; x_wconf 91' lang='lat' dir='ltr'><strong>ne</strong></span> <span class='ocrx_word' id='word_1_919' title='bbox 2472 4846 2569 4885; x_wconf 91' lang='lat' dir='ltr'><strong>nos</strong></span> <span class='ocrx_word' id='word_1_920' title='bbox 2610 4831 2663 4884; x_wconf 89' lang='lat' dir='ltr'><strong>in</strong></span> <span class='ocrx_word' id='word_1_921' title='bbox 2693 4831 2875 4885; x_wconf 91' lang='lat' dir='ltr'><strong>vitium</strong></span> <span class='ocrx_word' id='word_1_922' title='bbox 2906 4833 3201 4902; x_wconf 66' lang='lat' dir='ltr'><strong>praecipites</strong></span> <span class='ocrx_word' id='word_1_923' title='bbox 3226 4833 3435 4897; x_wconf 87' lang='lat' dir='ltr'><strong>demus,</strong></span> <span class='ocrx_word' id='word_1_924' title='bbox 3466 4850 3533 4889; x_wconf 90' lang='lat' dir='ltr'><strong>ne</strong></span> <span class='ocrx_word' id='word_1_925' title='bbox 3561 4833 3613 4888; x_wconf 88' lang='lat' dir='ltr'><strong>in</strong></span> <span class='ocrx_word' id='word_1_926' title='bbox 3651 4849 3743 4887; x_wconf 88' lang='lat' dir='ltr'><strong>so-</strong></span> 
     </span>
    </p>
   </div>
   <div class='ocr_carea' id='block_1_112' title="bbox 2168 4921 3744 4993">
    <p class='ocr_par' dir='ltr' id='par_1_112' title="bbox 2168 4921 3744 4993">
     <span class='ocr_line' id='line_1_112' title="bbox 2168 4921 3744 4993; baseline 0.001 -18"><span class='ocrx_word' id='word_1_927' title='bbox 2168 4921 2435 4987; x_wconf 88' lang='lat' dir='ltr'><strong>cordiam,</strong></span> <span class='ocrx_word' id='word_1_928' title='bbox 2466 4936 2532 4975; x_wconf 91' lang='lat' dir='ltr'><strong>ne</strong></span> <span class='ocrx_word' id='word_1_929' title='bbox 2560 4936 2764 4977; x_wconf 88' lang='lat' dir='ltr'><strong>merces</strong></span> <span class='ocrx_word' id='word_1_930' title='bbox 2795 4922 2950 4978; x_wconf 89' lang='lat' dir='ltr'><strong>nobis</strong></span> <span class='ocrx_word' id='word_1_931' title='bbox 2978 4934 3304 4993; x_wconf 90' lang='lat' dir='ltr'><strong>amputetur.</strong></span> <span class='ocrx_word' id='word_1_932' title='bbox 3336 4922 3449 4993; x_wconf 82' lang='lat' dir='ltr'><strong>Ipsi</strong></span> <span class='ocrx_word' id='word_1_933' title='bbox 3477 4926 3626 4989; x_wconf 87' lang='lat' dir='ltr'><strong>enim,</strong></span> <span class='ocrx_word' id='word_1_934' title='bbox 3663 4925 3744 4977; x_wconf 89' lang='lat' dir='ltr'><strong>iu-</strong></span> 
     </span>
    </p>
   </div>
   <div class='ocr_carea' id='block_1_113' title="bbox 2171 5014 3747 5084">
    <p class='ocr_par' dir='ltr' id='par_1_113' title="bbox 2171 5014 3747 5084">
     <span class='ocr_line' id='line_1_113' title="bbox 2171 5014 3747 5084; baseline 0.003 -19"><span class='ocrx_word' id='word_1_935' title='bbox 2171 5014 2305 5081; x_wconf 90' lang='lat' dir='ltr'><strong>quit,</strong></span> <span class='ocrx_word' id='word_1_936' title='bbox 2334 5023 2506 5067; x_wconf 76' lang='lat' dir='ltr'><strong>exacte</strong></span> <span class='ocrx_word' id='word_1_937' title='bbox 2534 5023 2582 5066; x_wconf 88' lang='lat' dir='ltr'><strong>et</strong></span> <span class='ocrx_word' id='word_1_938' title='bbox 2609 5025 2842 5067; x_wconf 85' lang='lat' dir='ltr'><strong>accurate</strong></span> <span class='ocrx_word' id='word_1_939' title='bbox 2870 5015 3025 5069; x_wconf 86' lang='lat' dir='ltr'><strong>scitis.</strong></span> <span class='ocrx_word' id='word_1_940' title='bbox 3050 5015 3184 5081; x_wconf 87' lang='lat' dir='ltr'><strong>Quid</strong></span> <span class='ocrx_word' id='word_1_941' title='bbox 3212 5031 3340 5084; x_wconf 80' lang='lat' dir='ltr'><strong>ergo</strong></span> <span class='ocrx_word' id='word_1_942' title='bbox 3362 5017 3574 5071; x_wconf 90' lang='lat' dir='ltr'><strong>curiose</strong></span> <span class='ocrx_word' id='word_1_943' title='bbox 3598 5032 3747 5070; x_wconf 86' lang='lat' dir='ltr'><strong>scru-</strong></span> 
     </span>
    </p>
   </div>
   <div class='ocr_carea' id='block_1_114' title="bbox 2174 5102 3746 5174">
    <p class='ocr_par' dir='ltr' id='par_1_114' title="bbox 2174 5102 3746 5174">
     <span class='ocr_line' id='line_1_114' title="bbox 2174 5102 3746 5174; baseline 0.001 -18"><span class='ocrx_word' id='word_1_944' title='bbox 2174 5104 2357 5157; x_wconf 86' lang='lat' dir='ltr'><strong>tamini</strong></span> <span class='ocrx_word' id='word_1_945' title='bbox 2377 5144 2393 5170; x_wconf 95' lang='lat'><strong>,</strong></span> <span class='ocrx_word' id='word_1_946' title='bbox 2422 5104 2465 5156; x_wconf 90' lang='lat' dir='ltr'><strong>si</strong></span> <span class='ocrx_word' id='word_1_947' title='bbox 2498 5102 2547 5157; x_wconf 88' lang='lat' dir='ltr'><strong>id</strong></span> <span class='ocrx_word' id='word_1_948' title='bbox 2575 5113 2657 5157; x_wconf 90' lang='lat' dir='ltr'><strong>est</strong></span> <span class='ocrx_word' id='word_1_949' title='bbox 2687 5104 2835 5158; x_wconf 89' lang='lat' dir='ltr'><strong>vobis</strong></span> <span class='ocrx_word' id='word_1_950' title='bbox 2874 5104 3230 5174; x_wconf 80' lang='lat' dir='ltr'><strong>persuasum?</strong></span> <span class='ocrx_word' id='word_1_951' title='bbox 3259 5106 3411 5173; x_wconf 90' lang='lat' dir='ltr'><strong>Quod</strong></span> <span class='ocrx_word' id='word_1_952' title='bbox 3443 5118 3622 5161; x_wconf 89' lang='lat' dir='ltr'><strong>autem</strong></span> <span class='ocrx_word' id='word_1_953' title='bbox 3664 5106 3746 5158; x_wconf 83' lang='lat' dir='ltr'><strong>fu-</strong></span> 
     </span>
    </p>
   </div>
   <div class='ocr_carea' id='block_1_115' title="bbox 2177 5194 3743 5266">
    <p class='ocr_par' dir='ltr' id='par_1_115' title="bbox 2177 5194 3743 5266">
     <span class='ocr_line' id='line_1_115' title="bbox 2177 5194 3743 5266; baseline 0.001 -19"><span class='ocrx_word' id='word_1_954' title='bbox 2177 5204 2350 5248; x_wconf 89' lang='lat' dir='ltr'><strong>turum</strong></span> <span class='ocrx_word' id='word_1_955' title='bbox 2385 5196 2456 5247; x_wconf 91' lang='lat' dir='ltr'><strong>sit</strong></span> <span class='ocrx_word' id='word_1_956' title='bbox 2484 5194 2765 5261; x_wconf 90' lang='lat' dir='ltr'><strong>incertum,</strong></span> <span class='ocrx_word' id='word_1_957' title='bbox 2791 5195 2938 5250; x_wconf 89' lang='lat' dir='ltr'><strong>disce</strong></span> <span class='ocrx_word' id='word_1_958' title='bbox 2963 5212 3033 5250; x_wconf 84' lang='lat' dir='ltr'><strong>ex</strong></span> <span class='ocrx_word' id='word_1_959' title='bbox 3065 5197 3144 5251; x_wconf 89' lang='lat' dir='ltr'><strong>eis</strong></span> <span class='ocrx_word' id='word_1_960' title='bbox 3168 5211 3282 5266; x_wconf 80' lang='lat' dir='ltr'><strong>qua:</strong></span> <span class='ocrx_word' id='word_1_961' title='bbox 3305 5196 3438 5250; x_wconf 88' lang='lat' dir='ltr'><strong>dixit</strong></span> <span class='ocrx_word' id='word_1_962' title='bbox 3463 5196 3706 5251; x_wconf 88' lang='lat' dir='ltr'><strong>Christus</strong></span> <span class='ocrx_word' id='word_1_963' title='bbox 3730 5213 3743 5249; x_wconf 89' lang='lat'><strong>:</strong></span> 
     </span>
    </p>
   </div>
   <div class='ocr_carea' id='block_1_116' title="bbox 2175 5284 3747 5357">
    <p class='ocr_par' dir='ltr' id='par_1_116' title="bbox 2175 5284 3747 5357">
     <span class='ocr_line' id='line_1_116' title="bbox 2175 5284 3747 5357; baseline 0.003 -22"><span class='ocrx_word' id='word_1_964' title='bbox 2175 5284 2315 5354; x_wconf 84' lang='lat' dir='ltr'><strong>quod</strong></span> <span class='ocrx_word' id='word_1_965' title='bbox 2344 5285 2485 5339; x_wconf 91' lang='lat' dir='ltr'><strong>enim</strong></span> <span class='ocrx_word' id='word_1_966' title='bbox 2530 5294 2813 5355; x_wconf 87' lang='lat' dir='ltr'><strong>prepterea</strong></span> <span class='ocrx_word' id='word_1_967' title='bbox 2847 5285 2948 5340; x_wconf 87' lang='lat' dir='ltr'><strong>hoc</strong></span> <span class='ocrx_word' id='word_1_968' title='bbox 2975 5286 3203 5353; x_wconf 81' lang='lat' dir='ltr'><strong>dixerit,</strong></span> <span class='ocrx_word' id='word_1_969' title='bbox 3245 5288 3365 5340; x_wconf 88' lang='lat' dir='ltr'><strong>audi</strong></span> <span class='ocrx_word' id='word_1_970' title='bbox 3409 5286 3534 5357; x_wconf 92' lang='lat' dir='ltr'><strong>quid</strong></span> <span class='ocrx_word' id='word_1_971' title='bbox 3566 5286 3705 5341; x_wconf 86' lang='lat' dir='ltr'><strong>dicat</strong></span> <span class='ocrx_word' id='word_1_972' title='bbox 3733 5304 3747 5340; x_wconf 91' lang='lat'><strong>:</strong></span> 
     </span>
    </p>
   </div>
   <div class='ocr_carea' id='block_1_117' title="bbox 2190 5377 3748 5449">
    <p class='ocr_par' dir='ltr' id='par_1_117' title="bbox 2190 5377 3748 5449">
     <span class='ocr_line' id='line_1_117' title="bbox 2190 5377 3748 5449; baseline 0.003 -20"><span class='ocrx_word' id='word_1_973' title='bbox 2190 5377 2402 5448; x_wconf 80' lang='lat' dir='ltr'><strong>l’igilate</strong></span> <span class='ocrx_word' id='word_1_974' title='bbox 2426 5393 2566 5448; x_wconf 88' lang='lat' dir='ltr'><strong>ergo,</strong></span> <span class='ocrx_word' id='word_1_975' title='bbox 2595 5379 2718 5448; x_wconf 87' lang='lat' dir='ltr'><strong>quia</strong></span> <span class='ocrx_word' id='word_1_976' title='bbox 2742 5379 2943 5431; x_wconf 86' lang='lat' dir='ltr'><strong>nescitis</strong></span> <span class='ocrx_word' id='word_1_977' title='bbox 2969 5396 3067 5449; x_wconf 85' lang='lat' dir='ltr'><strong>qua</strong></span> <span class='ocrx_word' id='word_1_978' title='bbox 3095 5380 3219 5431; x_wconf 70' lang='lat' dir='ltr'><strong>liora</strong></span> <span class='ocrx_word' id='word_1_979' title='bbox 3248 5380 3333 5448; x_wconf 77' lang='lat' dir='ltr'><strong>[ur</strong></span> <span class='ocrx_word' id='word_1_980' title='bbox 3354 5381 3515 5433; x_wconf 83' lang='lat' dir='ltr'><strong>veniat</strong></span> <span class='ocrx_word' id='word_1_981' title='bbox 3536 5378 3748 5449; x_wconf 76' lang='lat' dir='ltr'><strong>(Matth.</strong></span> 
     </span>
    </p>
   </div>
   <div class='ocr_carea' id='block_1_118' title="bbox 2175 5469 3754 5541">
    <p class='ocr_par' dir='ltr' id='par_1_118' title="bbox 2175 5469 3754 5541">
     <span class='ocr_line' id='line_1_118' title="bbox 2175 5469 3754 5541; baseline 0.001 -18"><span class='ocrx_word' id='word_1_982' title='bbox 2175 5469 2265 5524; x_wconf 74' lang='lat' dir='ltr'><strong>2i.</strong></span> <span class='ocrx_word' id='word_1_983' title='bbox 2298 5469 2412 5539; x_wconf 72' lang='grc'><strong>42).</strong></span> <span class='ocrx_word' id='word_1_984' title='bbox 2440 5470 2727 5539; x_wconf 87' lang='lat' dir='ltr'><strong>Propterea</strong></span> <span class='ocrx_word' id='word_1_985' title='bbox 2771 5470 2966 5525; x_wconf 88' lang='lat' dir='ltr'><strong>Paulus</strong></span> <span class='ocrx_word' id='word_1_986' title='bbox 3006 5487 3216 5541; x_wconf 89' lang='lat' dir='ltr'><strong>quoque</strong></span> <span class='ocrx_word' id='word_1_987' title='bbox 3254 5472 3502 5526; x_wconf 87' lang='lat' dir='ltr'><strong>dicebat:</strong></span> <span class='ocrx_word' id='word_1_988' title='bbox 3531 5473 3585 5526; x_wconf 82' lang='grc'><strong>5.</strong></span> <span class='ocrx_word' id='word_1_989' title='bbox 3623 5471 3754 5526; x_wconf 84' lang='lat' dir='ltr'><strong>Cum</strong></span> 
     </span>
    </p>
   </div>
   <div class='ocr_carea' id='block_1_119' title="bbox 2177 5561 3754 5632">
    <p class='ocr_par' dir='ltr' id='par_1_119' title="bbox 2177 5561 3754 5632">
     <span class='ocr_line' id='line_1_119' title="bbox 2177 5561 3754 5632; baseline 0.001 -18"><span class='ocrx_word' id='word_1_990' title='bbox 2177 5563 2310 5615; x_wconf 85' lang='lat' dir='ltr'><strong>enim</strong></span> <span class='ocrx_word' id='word_1_991' title='bbox 2335 5562 2592 5627; x_wconf 73' lang='lat' dir='ltr'><strong>dixerint,</strong></span> <span class='ocrx_word' id='word_1_992' title='bbox 2622 5561 2739 5617; x_wconf 75' lang='lat' dir='ltr'><strong>Pax</strong></span> <span class='ocrx_word' id='word_1_993' title='bbox 2783 5572 2829 5617; x_wconf 91' lang='lat' dir='ltr'><strong>et</strong></span> <span class='ocrx_word' id='word_1_994' title='bbox 2878 5565 3119 5617; x_wconf 87' lang='lat' dir='ltr'><strong>securitas</strong></span> <span class='ocrx_word' id='word_1_995' title='bbox 3144 5603 3158 5627; x_wconf 91' lang='lat'><strong>,</strong></span> <span class='ocrx_word' id='word_1_996' title='bbox 3204 5574 3321 5616; x_wconf 86' lang='lat' dir='ltr'><strong>tunc</strong></span> <span class='ocrx_word' id='word_1_997' title='bbox 3366 5562 3655 5632; x_wconf 83' lang='lat' dir='ltr'><strong>repentinus</strong></span> <span class='ocrx_word' id='word_1_998' title='bbox 3682 5563 3754 5615; x_wconf 85' lang='lat' dir='ltr'><strong>eis</strong></span> 
     </span>
    </p>
   </div>
   <div class='ocr_carea' id='block_1_120' title="bbox 2179 5653 3758 5723">
    <p class='ocr_par' dir='ltr' id='par_1_120' title="bbox 2179 5653 3758 5723">
     <span class='ocr_line' id='line_1_120' title="bbox 2179 5653 3758 5723; baseline 0 -16"><span class='ocrx_word' id='word_1_999' title='bbox 2179 5653 2490 5723; x_wconf 82' lang='lat' dir='ltr'><strong>superveniet</strong></span> <span class='ocrx_word' id='word_1_1000' title='bbox 2521 5653 2752 5707; x_wconf 83' lang='lat' dir='ltr'><strong>interitus</strong></span> <span class='ocrx_word' id='word_1_1001' title='bbox 2775 5696 2789 5720; x_wconf 89' lang='lat'><strong>,</strong></span> <span class='ocrx_word' id='word_1_1002' title='bbox 2819 5656 2947 5708; x_wconf 83' lang='lat' dir='ltr'><strong>sicut</strong></span> <span class='ocrx_word' id='word_1_1003' title='bbox 2978 5655 3123 5707; x_wconf 85' lang='lat' dir='ltr'><strong>dolor</strong></span> <span class='ocrx_word' id='word_1_1004' title='bbox 3153 5656 3202 5706; x_wconf 89' lang='lat' dir='ltr'><strong>in</strong></span> <span class='ocrx_word' id='word_1_1005' title='bbox 3237 5665 3374 5708; x_wconf 86' lang='lat' dir='ltr'><strong>utero</strong></span> <span class='ocrx_word' id='word_1_1006' title='bbox 3404 5655 3627 5707; x_wconf 81' lang='lat' dir='ltr'><strong>habentis</strong></span> <span class='ocrx_word' id='word_1_1007' title='bbox 3650 5694 3665 5719; x_wconf 94' lang='lat'><strong>,</strong></span> <span class='ocrx_word' id='word_1_1008' title='bbox 3708 5664 3758 5707; x_wconf 84' lang='lat' dir='ltr'><strong>et</strong></span> 
     </span>
    </p>
   </div>
   <div class='ocr_carea' id='block_1_121' title="bbox 2186 5743 3752 5817">
    <p class='ocr_par' dir='ltr' id='par_1_121' title="bbox 2186 5743 3752 5817">
     <span class='ocr_line' id='line_1_121' title="bbox 2186 5743 3752 5817; baseline -0.001 -15"><span class='ocrx_word' id='word_1_1009' title='bbox 2186 5763 2283 5803; x_wconf 82' lang='lat' dir='ltr'><strong>non</strong></span> <span class='ocrx_word' id='word_1_1010' title='bbox 2309 5743 2566 5816; x_wconf 61' lang='lat' dir='ltr'><strong>eﬂ’ttgicnt.</strong></span> <span class='ocrx_word' id='word_1_1011' title='bbox 2599 5745 2694 5803; x_wconf 85' lang='lat' dir='ltr'><strong>llic</strong></span> <span class='ocrx_word' id='word_1_1012' title='bbox 2720 5745 2773 5804; x_wconf 90' lang='lat' dir='ltr'><strong>id</strong></span> <span class='ocrx_word' id='word_1_1013' title='bbox 2800 5746 3152 5803; x_wconf 84' lang='lat' dir='ltr'><strong>subiudieavit</strong></span> <span class='ocrx_word' id='word_1_1014' title='bbox 3171 5787 3184 5814; x_wconf 93' lang='lat'><strong>,</strong></span> <span class='ocrx_word' id='word_1_1015' title='bbox 3224 5746 3363 5817; x_wconf 89' lang='lat' dir='ltr'><strong>quod</strong></span> <span class='ocrx_word' id='word_1_1016' title='bbox 3391 5746 3550 5801; x_wconf 84' lang='lat' dir='ltr'><strong>etiam</strong></span> <span class='ocrx_word' id='word_1_1017' title='bbox 3581 5745 3635 5801; x_wconf 93' lang='lat' dir='ltr'><strong>in</strong></span> <span class='ocrx_word' id='word_1_1018' title='bbox 3666 5760 3752 5809; x_wconf 79' lang='lat' dir='ltr'><strong>se-</strong></span> 
     </span>
    </p>
   </div>
  </div>
