4128 6398
394 316 503 372 H7

396 427 613 496 ἑκάστῳ
646 426 678 496 ή
707 422 987 477 συντέλεια
1009 420 1071 475 τδ
1100 421 1202 487 τῆς
1223 421 1391 474 αὐτοῦ
1432 419 1578 490 ζωῆς
1610 419 1786 491 πέρας
1815 416 1929 471 ἐστί
1955 432 1970 482 ;

392 509 447 561 τί
477 507 955 579 πολυπραγμονεῖς
984 506 1079 559 καὶ
1103 505 1316 567 ὠδίνεις
1348 505 1488 573 ὑπὲρ
1520 503 1615 556 τοῦ
1642 501 1824 555 κοινοῦ
1879 499 1970 553 τέ-

394 594 520 654 λους
543 611 557 654 ;
603 591 742 644 Ἀλλ’
768 592 906 661 ὅπερ
930 592 988 642 ἐν
1014 592 1128 652 τοῖς
1154 588 1335 651 ἄλλοις
1356 588 1661 658 πάσχομεν,
1691 585 1852 638 τοῦτο
1878 583 1975 636 καὶ

398 678 456 728 ἐν
475 674 667 745 τούτῳ.
704 673 974 745 Καθάπερ
998 673 1108 744 γὰρ
1156 675 1214 726 ἐν
1237 673 1351 735 τοῖς
1382 671 1561 733 ἄλλοις
1586 670 1654 723 τά
1674 669 1782 722 ἴδια
1809 666 1977 735 ἀφέν-

396 776 509 826 τες,
540 760 610 811 τὰ
636 756 791 810 κοινά
807 755 1161 827 μεριμνῶμεν
1189 754 1439 822 λέγοντες
1460 770 1475 784 ο
1504 754 1564 804 '0
1581 752 1729 805 δεῖνα
1758 751 1974 820 πόρνος,

396 844 425 894 6
451 842 600 896 δεῖνα
632 840 836 910 μοιχὸς,
866 839 1070 900 ἐκεῖνος
1095 837 1346 908 ἥρπασεν
1396 836 1555 898 ἄλλος
1590 836 1837 905 ἠδίκησε,
1868 833 1977 887 τῶν

397 928 454 982 δέ
480 926 675 980 ἐαυτοῦ
703 924 878 988 οὐδεὶς
912 936 938 964 ιι
967 922 1157 976 οὐδένα
1185 921 1343 991 λόγον
1372 924 1628 985 ποιεῖται,
1676 920 1814 974 ἀλλά
1842 920 1979 973 πάν-

395 1028 505 1064 των
546 1008 824 1079 φροντίζει
884 1005 1105 1077 μᾶλλον,
1138 1004 1173 1076 ἢ
1229 1004 1339 1058 τῶν
1391 1004 1645 1058 οἰκείων⁸
1696 1002 1839 1057 οὓτω
1885 998 1981 1055 καὶ

397 1092 654 1153 ἐνταῦθα,
683 1092 912 1159 ἀφέντες
937 1089 999 1142 16
1025 1089 1224 1141 οἰκεῖον
1249 1088 1477 1149 ἕκαστος
1499 1087 1653 1151 τέλος
1686 1086 1978 1157 μεριμνᾷν,

397 1181 498 1248 την
520 1176 703 1245 κοινὴν
723 1172 1025 1245 βουλόμεθα
1054 1171 1347 1226 κατάλυσιν
1378 1169 1592 1241 μαθεῖν.
1638 1169 1705 1223 Τί
1759 1170 1866 1242 γάρ
1898 1185 1981 1222 σοι

400 1260 577 1315 κοινὸν
613 1260 751 1329 πρὸς
778 1258 997 1326 ἐκείνην
1038 1255 1221 1321 ἐστίν;
1254 1256 1353 1308 “Av
1378 1254 1582 1326 ταύτην
1605 1253 1784 1316 καλῶς
1822 1252 1980 1325 διάθῃ

398 1346 500 1415 τὴν
557 1343 837 1411 τελευτὴν,
893 1340 1044 1393 οὐδὲν
1094 1339 1222 1411 παρ’
1277 1339 1493 1410 ἐκείνης
1544 1337 1710 1409 πείσῃ
1777 1335 1971 1392 δεινόν.

403 1431 586 1483 Ἔστω
614 1428 827 1500 πόρῤω,
880 1425 1022 1477 ἔστω
1049 1423 1216 1492 ἐγγύς
1246 1438 1261 1451 ⁸
1288 1423 1441 1476 οὐδὲν
1458 1421 1615 1475 τοῦτο
1648 1420 1787 1491 πρὸς
1810 1421 1980 1491 ἡμᾶς.

400 1513 499 1567 Διὰ
525 1512 682 1567 τοῦτο
717 1512 817 1564 ούκ
846 1504 999 1563 εἶπεν
1024 1511 1053 1562 6
1079 1507 1337 1576 Χριστὸς,
1368 1507 1559 1579 ἐπειδὴ
1584 1507 1659 1579 μὴ
1692 1506 1979 1576 συνέφερε.

401 1597 511 1649 Καὶ
545 1595 661 1659 πῶς
693 1594 754 1647 06
787 1592 1073 1662 συνέφερε,
1130 1590 1335 1662 φησίν;
1393 1589 1564 1653 Αὐτὸς
1617 1585 1761 1642 οἶδεν
1792 1589 1822 1641 6
1848 1587 1985 1659 κρύ-

400 1682 529 1750 ψας,
558 1679 645 1733 διὰ
668 1681 720 1732 τί
753 1677 829 1748 μὴ
853 1675 1150 1746 συνέφερεν
1171 1691 1184 1704 ⁸
1206 1674 1369 1728 άκουε
1400 1674 1509 1746 γάρ
1541 1672 1706 1727 αὑτοῦ
1735 1671 1987 1739 λέγοντος

400 1767 514 1828 τοῖς
546 1762 862 1824 ἀποστόλοις
891 1776 906 1790 ⁸
945 1762 1069 1827 Οὐχ
1116 1756 1285 1827 ὑμῶν
1308 1757 1440 1810 ἐστι
1473 1756 1694 1826 γνῶναι
1726 1757 1988 1823 χρόνους

404 1851 443 1917 ἢ
471 1845 736 1917 καιροὺς,
760 1844 868 1908 οὓς
899 1846 930 1897 ό
954 1840 1156 1909 Πατὴρ
1177 1841 1341 1894 ἔθετο
1361 1840 1431 1892 ἐν
1459 1837 1533 1907 τῇ
1565 1839 1685 1905 ὶδίςι
1710 1838 1984 1903 ἐξουσίᾳ.

404 1935 470 1986 Τί
503 1928 930 2005 περιεργάζεσθε
959 1925 1183 1993 λοιπόν;
1232 1925 1436 1997 οἱπερὶ
1466 1924 1671 1995 Πέτρον
1697 1923 1787 1976 τὸν
1822 1939 1987 1993 κορυ-

404 2019 563 2086 φαῖον
606 2013 781 2067 ταῦτα
810 2013 1072 2083 ἥκουσαν,
1107 2008 1184 2073 ὡς
1232 2008 1303 2062 τά
1358 2006 1584 2078 μείζονα
1622 2005 1833 2060 ἑαυτῶν
1889 2006 1988 2074 ζη-

401 2099 622 2163 τοῦντες
659 2095 871 2169 μαθεῖν.
910 2094 1039 2161 Ναὶ,
1081 2093 1266 2163 φησὶν,
1314 2090 1431 2146 ἀλλ’
1468 2092 1594 2162 ἐνῆν
1627 2090 1695 2143 τά
1724 2088 1833 2142 τῶν
1877 2088 1992 2141 Ἐλ-

402 2184 582 2253 λήνων
651 2175 1025 2247 ἐπιστομίζειν
1095 2175 1239 2229 οὕτω
1299 2176 1561 2245 στόματα.
1636 2174 1783 2236 Πῶς,
1868 2170 1991 2225 είπέ

407 2285 498 2336 μοι
526 2283 540 2331 ;
585 2262 804 2333 Ἐπειδὴ
828 2263 1044 2323 ἐκεῖνοι,
1080 2258 1235 2327 φησὶ,
1282 2257 1375 2310 τὸν
1401 2257 1609 2327 κόσμον
1646 2256 1837 2309 τοῦτον
1869 2255 1992 2309 θεὸν

404 2352 658 2420 λέγουσιν
681 2345 822 2402 εἶναι
854 2363 869 2378 ⁸
905 2348 953 2398 εί
972 2346 1030 2399 δὲ
1061 2344 1152 2397 τὸν
1180 2342 1371 2413 καιρὸν
1394 2341 1614 2412 ᾔδειμεν
1634 2342 1734 2411 τῆς
1754 2339 1993 2393 καταλύ-

406 2452 566 2499 σεως,
608 2428 1047 2501 ἐπεστομίσαμεν
1078 2427 1144 2481 ἂν
1181 2426 1358 2480 αὐτῶν
1408 2426 1478 2479 τὰ
1525 2424 1787 2496 στόματα.
1843 2425 1992 2479 Πάνυ

405 2537 472 2588 γε
500 2535 514 2549 ⁸
542 2518 700 2572 τοῦτο
735 2516 844 2583 γάρ
882 2516 999 2566 ἐστι
1027 2511 1089 2564 τὸ
1116 2508 1469 2581 ἐπιστομίζον
1498 2509 1760 2571 ἐκείνους,
1790 2508 1851 2561 τὸ
1891 2526 1995 2579 μα-

410 2603 547 2665 θεῖν,
594 2602 677 2654 ὃτι
707 2598 839 2651 ποτέ
868 2593 1219 2656 καταλύεται,
1259 2593 1292 2662 ἢ
1336 2592 1399 2646 16
1430 2591 1622 2662 μαθεῖν
1668 2592 1800 2645 πότε
1825 2608 1996 2646 κατα-

409 2685 598 2738 λύεται
620 2700 634 2748 ;
665 2683 727 2735 Εἰ
750 2677 1122 2749 ἐπιστομίζειν
1146 2674 1426 2745 βούλεσθε,
1450 2672 1610 2727 τοῦτο
1634 2672 1824 2742 λέγετε
1858 2674 1996 2742 πρὸς

409 2769 632 2831 αὐτοὺς,
661 2768 743 2819 ὅτι
761 2765 935 2833 πέρας
970 2761 1081 2825 ἕξει
1109 2775 1122 2788 ⁸
1153 2761 1201 2813 εἰ
1234 2758 1309 2831 μὴ
1351 2757 1627 2811 πείθονται
1650 2756 1846 2827 τούτῳ,
1873 2757 1996 2810 ούδέ

410 2853 607 2922 ἐκείνῳ
660 2850 960 2903 πείσονται.
1010 2848 1276 2898 ’Ἄκουσον
1306 2842 1400 2895 τοῦ
1449 2840 1663 2895 Παύλου
1706 2840 1994 2909 λέγοντος⁶

407 2937 591 2994 Αὐτοὶ
606 2934 713 3005 γὰρ
730 2929 981 3001 ἀκριϐῶς
1002 2928 1222 2994 οῖδατε,
1249 2926 1391 2994 ὅτιὴ
1419 2924 1612 2994 ἡμέρα
1631 2926 1853 2993 Κυρίου
1875 2964 1891 2990 ,
1918 2924 1999 2991 ὠς

412 3022 683 3087 κλέπτης
699 3019 769 3072 ἐν
782 3015 975 3079 νυκτὶ,
994 3014 1183 3079 οὕτως
1196 3012 1429 3081 ἔρχεται
1444 3029 1455 3039 ·
1478 3010 1576 3080 ούχ
1591 3010 1624 3079 ἡ
1642 3008 1797 3080 κοινὴ
1816 3008 1997 3079 μόνον,

413 3107 553 3161 ἀλλά
575 3104 669 3158 καὶ
692 3106 726 3174 ή
749 3100 978 3155 ἑκάστου
1013 3097 1118 3151 ἰδία
1137 3114 1152 3129 ο
1189 3094 1327 3165 αὕτη
1350 3094 1458 3166 γάρ
1485 3092 1701 3163 ἐκείνην
1733 3094 1998 3163 μιμεῖται,

416 3188 607 3260 ἐπειδὴ
642 3186 803 3258 ὁμοία
852 3184 990 3254 αὐτῇ
1036 3182 1154 3233 ἐστι
1183 3180 1279 3232 καὶ
1331 3177 1620 3247 συγγενής.
1672 3175 1863 3260 Ὅπερ
1892 3177 2000 3260 γάρ
2034 3190 2039 3197 ·

419 3257 635 3345 ἀθρόως
665 3257 871 3340 ἐκείνη,
901 3266 1059 3320 τοῦτο
1078 3262 1217 3334 αὕτη
1235 3261 1378 3345 κατά
1394 3260 1559 3345 μέρος
1575 3259 1755 3345 ποιεῖ’·
1783 3257 1877 3345 καὶ
1902 3258 2017 3345 τῆς

423 3340 730 3417 συντελείας
752 3355 780 3406 6
806 3349 997 3421 καιρός
1018 3346 1126 3402 ἀπὸ
1153 3345 1248 3399 τοῦ
1287 3344 1457 3413 Ἀδὰμ
1486 3341 1645 3395 ἐλαϐε
1677 3340 1775 3413 τὴν
1804 3340 2001 3412 ἀρχὴν,

418 3443 484 3495 τό
512 3458 571 3494 τε
597 3439 749 3501 τέλος
765 3437 999 3490 ἑκάστου
1021 3431 1177 3503 ήμῶν
1205 3430 1303 3500 τῆς
1332 3427 1476 3499 ζωῆς
1497 3426 1660 3481 είκῶν
1694 3426 2005 3489 συντελείας

423 3527 563 3590 ἐστὶ,
598 3524 692 3577 καὶ
722 3522 823 3576 ούκ
851 3519 915 3574 ἀν
940 3535 1022 3581 τις
1043 3515 1282 3587 ἁμάρτοι
1300 3512 1609 3567 συντέλειαν
1643 3510 1775 3564 0616
1810 3510 2003 3565 εἰπών.

425 3613 597 3666 Ὅταν
629 3609 737 3680 γὰρ
773 3605 954 3679 μυρίοι
993 3603 1117 3656 καθ’
1160 3599 1398 3669 ἑκάστην
1425 3597 1642 3668 ἡμέραν
1685 3595 2006 3680 τελευτῶσι,

426 3696 523 3748 καὶ
553 3679 864 3763 ἀναμένωσι
887 3687 985 3759 τὴν
1014 3684 1228 3757 ἡμέραν
1250 3682 1463 3751 ἐκείνην
1491 3680 1749 3743 ἅπαντες,
1776 3679 1871 3732 καὶ
1899 3680 2007 3750 πρὸ

425 3779 642 3845 ἐκείνης
666 3774 836 3836 οὐδεὶς
860 3773 1165 3832 ἀνίσταται,
1189 3767 1309 3836 οὐχὶ
1329 3766 1543 3836 ἐκείνης
1564 3764 1624 3818 :6
1644 3765 1802 3834 ἔργον
1823 3763 2005 3830 ἐστίν;

427 3863 492 3915 Εἰ
512 3860 568 3913 δέ
596 3856 849 3930 βούλεσθε
882 3852 1075 3925 μαθεῖν
1106 3850 1195 3903 διά
1216 3850 1267 3902 τί
1290 3845 1882 3930 ἀποκέκρυπταιαῦτη,
1912 3847 2008 3930 καὶ

426 3943 516 3996 διὰ
547 3928 697 4000 τίώς
730 3937 970 4007 κλέπτης
999 3937 1056 3988 ἐν
1093 3933 1250 3987 νυκτὶ
1277 3931 1449 3993 οὕτως
1481 3930 1724 4000 ἔρχεται,
1756 3928 1888 3998 ἐγὼ,
1932 3929 2009 3992 ὡς

428 4023 649 4096 ἐμαυτῷ
659 4020 800 4074 δοκῶ
816 4018 995 4081 καλῶς
1029 4017 1192 4087 ἔχειν,
1221 4015 1349 4086 ἐρῶ.
1367 4013 1557 4076 Ούδεὶς
1574 4013 1640 4066 ἂν
1656 4013 1857 4096 ἀρετῆς
1911 4014 2010 4065 ἐπ-

427 4092 673 4183 εμελήθη
697 4104 828 4158 ποτέ
861 4102 1013 4173 παρά
1028 4102 1119 4154 τὸν
1152 4100 1369 4154 ἅπαντα
1403 4097 1539 4183 βίον,
1566 4099 1614 4183 εί
1647 4096 1803 4183 δῆλον
1828 4092 1896 4168 ἦν
1917 4096 2012 4151 καλ⁵

432 4180 508 4267 μὴ
537 4191 926 4261 ἀπεκέκρυπτο
952 4203 968 4218 ο
1026 4185 1141 4239 ἀλλ’
1169 4183 1324 4247 εἰδὼς
1357 4180 1522 4267 αύτοῦ
1550 4180 1662 4267 τὴν,
1700 4181 2012 4235 τελευταίαν

427 4264 665 4348 ἡμέραν,
689 4275 785 4327 καί⁵
808 4271 979 4343 μυρία
995 4268 1367 4342 ἐργασάμενος
1384 4265 1554 4331 δεινά,
1582 4266 1677 4318 καὶ
1699 4266 1776 4337 τῷ
1804 4264 2014 4337 λουτρῷ

425 4364 550 4417 τότε
582 4356 919 4430 προσελθὼν,
949 4353 1123 4417 οὕτως
1160 4352 1227 4407 ἂν
1264 4350 1528 4422 ἀπῆλθεν.
1552 4350 1616 4403 Εί
1642 4350 1753 4420 γάρ
1775 4350 1891 4414 νῦν,
1917 4350 2014 4404 τοῦ

426 4446 529 4516 τῆς
555 4441 780 4513 ἀδηλίας
803 4438 971 4508 φόϐου
992 4435 1375 4499 κατασείοντος
1392 4432 1491 4497 τάς
1528 4432 1784 4486 ἁπάντων
1814 4432 2012 4503 ψυχὰς,

432 4532 633 4592 πάντες
659 4527 751 4581 τὸν
784 4522 1092 4594 ἔμπροσθεν
1124 4521 1236 4591 βίον
1264 4520 1478 4574 ἅπαντα
1509 4519 1568 4571 ἐν
1592 4519 1763 4590 κακίᾳ
1779 4535 2017 4571 κατανα-

441 4612 739 4674 λώσαντες,
781 4610 859 4671 είς
888 4606 1121 4676 ἐσχάτας
1146 4602 1421 4666 ἀναπνοὰς
1454 4600 1533 4672 τῷ
1573 4599 1903 4671 βαπτίσματι
1934 4600 2015 4653 δι-

432 4698 618 4751 δόασιν
651 4691 877 4754 ἐαυτούς
898 4706 910 4719 ⁸
944 4691 992 4742 εί
1020 4688 1113 4742 καὶ
1136 4687 1340 4759 σφόδρα
1370 4686 1509 4756 ὑπὲρ
1544 4684 1733 4739 τούτου
1759 4680 1897 4754 ἦσαν
1921 4700 2018 4736 πε-

435 4779 686 4838 πτικότες
712 4773 960 4836 ἑαυτοὺς,
992 4772 1073 4834 τίς
1106 4770 1169 4824 ἄν
1187 4786 1317 4822 ποτε
1348 4771 1552 4840 ἀρετῆς
1572 4766 1920 4837 ἐπεμελήθη;
1956 4765 2018 4818 Et

436 4862 566 4934 γὰρ,
598 4859 691 4913 καὶ
722 4856 888 4926 φόϐου
922 4853 1291 4934 ἐπικειμένου,
1323 4851 1509 4904 πολλοὶ
1530 4851 1697 4934 χωρὶς
1731 4849 2019 4934 φωτίσμα-

436 4929 527 5007 τος
549 4941 810 5011 ἀτᾶιλθον,
831 4938 928 4991 καὶ
950 4937 1070 4989 ούδέ
1095 4929 1250 4998 οὗτος
1282 4935 1480 4996 06:06;
1501 4934 1528 4985 6
1550 4931 1709 5000 φόϐος
1737 4930 2020 4984 ἐπαίδευσε

441 5030 651 5091 ζῶντας
684 5022 1061 5094 ἐπιμελεῖσθαι
1094 5021 1204 5073 τῶν
1232 5019 1310 5090 τῷ
1338 5018 1456 5087 Θεῷ
1491 5014 1820 5069 δοκούντων
1859 5014 1907 5066 εί
1932 5015 2023 5065 καὶ

443 5109 596 5184 [48η
616 5101 769 5169 06:0;
786 5106 1025 5176 ἀνῄρητο
1054 5105 1081 5155 ό
1112 5101 1297 5171 φόϐος,
1326 5100 1409 5163 τίς
1429 5096 1734 5184 ἂνᾲέγένετό
1762 5114 1893 5184 ποτε
1919 5096 2024 5149 σώ-

443 5180 593 5265 φρων
613 5210 628 5254 ς
645 5191 729 5252 τίς
746 5190 802 5241 δέ
820 5188 1069 5257 ἐπιεικής
1090 5204 1104 5252 ;
1128 5186 1243 5237 Ούκ
1262 5184 1408 5236 ἔστιν
1431 5181 1622 5245 οὐδείς.
1644 5181 1754 5234 Καὶ
1767 5180 1953 5265 ἐτερον
1968 5180 2025 5233 δέ

443 5263 609 5330 πάλιν
639 5275 803 5335 πολὺς
833 5273 862 5325 ό
898 5270 995 5323 τοῦ
1027 5270 1259 5323 θανάτου
1280 5266 1442 5336 φόϐος
1482 5265 1703 5335 κατέχει
1731 5263 1848 5330 νῦν,
1889 5265 2027 5317 καὶὸ

442 5360 544 5429 τῆς
568 5356 714 5426 ζωῆς
743 5356 902 5426 ἔρως·
939 5352 1059 5406 εἰδὲ
1076 5352 1195 5423 ᾔδει
1224 5350 1474 5413 ἕκαστος,
1496 5346 1781 5417 ὃτιαύριον
1809 5348 2027 5409 πάντως

444 5440 783 5513 τεθνήξεται,
804 5437 956 5489 οὐδὲν
997 5435 1063 5488 ἂν
1098 5435 1455 5505 παρῃτήσατο
1490 5430 1761 5501 τολμῆσαι
1791 5431 1896 5500 πρὸ
1929 5430 2028 5501 τῆς

447 5524 660 5598 ἡμέρας
691 5522 927 5591 ἐκείνης,
959 5520 1094 5575 ἀλλά
1137 5519 1235 5571 καὶ
1286 5515 1521 5586 ἔσφαξεν
1559 5514 1652 5579 06;
1680 5513 1746 5567 ἂν
1774 5514 2026 5585 ἠθέλησε,

448 5614 545 5665 καὶ
578 5608 748 5681 μυρία
768 5607 835 5661 ἂν
861 5606 1157 5677 εἰργάσατο
1183 5601 1354 5669 δεινὰ,
1394 5601 1525 5664 τοὺς
1564 5598 1794 5670 ἐχθροὺς
1824 5598 2028 5670 ἀμυνό-

453 5712 635 5768 μενος.

514 5898 543 5930 ⁸
566 5895 747 5947 Vocem
768 5892 919 5949 οὐδείς
935 5890 1072 5943 dedit
1096 5889 1406 5943 Colberlinus
1428 5885 1536 5938 cod.
1564 5885 1699 5938 Enn.

1250 305 1315 361 IN
1359 304 1581 364 EPIST.
1614 305 1634 361 Ι
1668 302 1760 359 ΔΙ)
1797 299 2136 359 THESSAL.
2177 300 2333 357 CAP.
2375 300 2440 358 ν.
2476 301 2713 357 IIOMIL.
2752 301 2844 358 IX.

3569 307 3669 362 με

2156 416 2561 488 β’.Ἀνθρωπος
2588 419 2699 487 γάρ
2732 419 2929 492 μιαρὸς
2942 419 3037 473 καὶ
3057 418 3157 490 τῆς
3178 420 3363 476 ἐνθάδε
3389 422 3534 489 ζωῆς
3558 426 3668 478 ἀπ-

2085 499 2343 568 εγνωκὼς
2372 502 2495 555 ούδέ
2517 502 2685 556 06:06
2704 503 2861 572 λόγον
2877 503 2991 574 ἔχει
3006 504 3099 557 τοῦ
3128 505 3228 575 τὴν
3250 504 3541 576 ἁλουργίδα
3570 523 3672 558 πε-

2085 585 2417 655 ρικειμένου.
2468 586 2528 637 Ὀ
2556 586 2737 639 τοίνυν
2770 588 3137 657 πεπεισμένος
3159 588 3241 640 ὅτι
3263 588 3478 653 πάντως,
3504 590 3673 644 ἀπελ-

2084 668 2197 722 θεῖν
2227 668 2329 732 δεῖ,
2380 669 2475 722 καὶ
2520 673 2808 740 ἀμυνεῖται
2854 670 2947 724 16v
2996 671 3213 744 ἐχθρὸν,
3261 673 3359 726 καὶ
3403 674 3675 745 πρότερον

2083 753 2404 816 ἀναπαύσας
2448 753 2614 807 αύτοῦ
2645 755 2747 827 τὴν
2777 754 2977 827 ψυχὴν,
3017 755 3193 820 οὓτως
3216 757 3282 832 ἂν
3312 758 3532 824 ἐδέξατο
3570 761 3675 828 τήν

2084 837 2367 908 τελευτήν.
2395 838 2550 891 Εἴπω
2576 856 2630 891 τι
2664 839 2761 892 καὶ
2791 840 2974 911 τρίτον
2994 840 3182 911 ἕτερον
3207 858 3221 906 ;
3253 841 3317 894 Οἱ
3348 841 3677 909 φιλοζωοῦν-

2083 937 2200 985 τες,
2239 922 2335 973 καὶ
2357 922 2563 990 σφόδρα
2582 921 2691 974 τῶν
2715 921 2903 976 ἐνθάδε
2932 924 3230 994 ἐφιέμενοι,
3272 923 3380 976 61:6
3417 924 3517 995 τῆς
3540 924 3675 978 ἀθυ-

2090 1005 2218 1075 μίας
2247 1004 2314 1058 ἂν
2338 1006 2554 1076 καὶτῆς
2580 1005 2758 1077 λύπης
2786 1006 3180 1080 διεφθάρησαν.
3214 1008 3277 1060 Εἰ
3310 1008 3419 1080 γάρ
3454 1026 3539 1073 τις
3566 1009 3680 1063 τῶν

2086 1088 2225 1142 νέων
2254 1090 2337 1142 ὅτι
2366 1088 2471 1160 πρὸ
2511 1088 2606 1142 τοῦ
2643 1092 2832 1160 γήρως
2867 1091 3081 1157 δέξεται
3114 1090 3213 1161 τὴν
3242 1091 3503 1163 τελευτὴν
3543 1094 3677 1164 ηπί-

2090 1188 2275 1238 στατο,
2319 1173 2573 1244 καθάπερ
2613 1173 2680 1225 τὰ
2711 1173 3029 1244 νωθρότατα
3052 1174 3163 1228 τῶν
3190 1175 3418 1246 θηρίων,
3454 1176 3680 1230 ἐπειδὰν

2091 1256 2390 1327 συλληφθῇ,
2428 1258 2628 1327 μᾶλλον
2644 1256 2871 1311 τοιαῦτα
2897 1257 3130 1327 γίνεται,
3162 1260 3550 1332 προσδοκῶντα
3577 1260 3681 1331 τὴν

2088 1339 2368 1411 τελευτὴν,
2411 1340 2586 1407 οὕτως
2620 1340 2685 1395 ἂν
2712 1342 2927 1413 διετέθη
2949 1343 3044 1396 καὶ
3074 1335 3248 1408 οὗτος.
3279 1344 3414 1397 Ούδέ
3442 1344 3596 1398 αὐτοὶ
3627 1345 3683 1397 οι

2091 1427 2333 1492 γενναῖοι
2372 1424 2568 1495 ἄνδρες
2600 1425 2789 1495 μισθὸν
2818 1426 2885 1480 ἂν
2913 1426 3095 1495 ἔσχον.
3132 1427 3196 1480 Εί
3226 1427 3336 1498 γὰρ
3362 1427 3562 1498 ᾔδεσαν
3593 1427 3678 1480 ὅτι

2093 1509 2311 1572 πάντως
2344 1507 2485 1578 μετά
2516 1509 2642 1579 τρία
2670 1508 2764 1580 ἐτη
2795 1508 3054 1564 ἀπελθεῖν
3069 1510 3169 1573 δεῖ,
3206 1513 3302 1565 καὶ
3327 1511 3434 1581 πρὸ
3451 1510 3681 1564 ἐκείνων

2092 1593 2154 1645 06
2193 1590 2440 1655 δυνατὸν,
2486 1596 2638 1646 ποῖον
2668 1593 2735 1647 ἂν
2769 1593 2928 1664 ἔσχον
2964 1596 3180 1665 μισθὸν,
3223 1596 3681 1665 κατατολμῶντες

2092 1674 2201 1728 τῶν
2222 1674 2275 1727 δε
2286 1675 2444 1742 ινῶν;
2476 1671 2612 1729 Εἷπε
2639 1675 2749 1746 γὰρ
2770 1676 2835 1729 ἄν
2859 1694 2943 1740 τις
2966 1677 3102 1747 πρὸς
3122 1678 3341 1742 αὐτοὺς,
3359 1679 3441 1732 ὅτι
3460 1678 3680 1749 Ἐπειδὴ

2096 1760 2348 1832 θαρρεῖτε
2378 1760 2518 1832 ὑπὲρ
2543 1760 2653 1814 τῶν
2682 1761 2852 1833 τριῶν
2886 1762 3046 1825 ἐτῶν,
3070 1762 3160 1816 διὰ
3181 1763 3340 1817 τοῦτο
3366 1766 3480 1827 τοῖς
3506 1764 3683 1819 κινδύ-

2098 1860 2207 1906 νοις
2254 1844 2478 1906 ἐαυτοὺς
2517 1843 2814 1908 ἐκδιδόατε,
2864 1845 3063 1908 εἰδότες
3101 1846 3183 1899 ὅτι
3231 1847 3407 1911 ἄλλως
3448 1847 3548 1900 ούκ
3589 1847 3669 1900 ενι

2097 1928 2242 1996 ὑμᾶς
2275 1925 2552 1982 ἀπελθεῖν.
2588 1929 2646 1980 '0
2670 1929 2779 1999 γὰρ
2820 1928 2878 1993 ἐξ
2900 1929 3131 1983 ἑκάστου
3165 1931 3416 1984 κινδύνου
3453 1932 3684 2002 προσδο-

2097 2011 2209 2064 κῶν
2234 2009 2606 2079 τεθνήξεσθαι,
2637 2013 2730 2065 καὶ
2773 2012 2928 2075 εἰδὼς
2957 2015 3039 2067 ὄτι
3083 2014 3310 2085 ζήσεται
3341 2016 3441 2085 μὲν
3475 2016 3549 2088 μὴ
3578 2032 3684 2068 πα-

2102 2093 2624 2165 ραϐουλευσάμενος,
2659 2094 3051 2165 τεθνήξεταιδέ
3076 2097 3300 2150 τοιαῦτα
3333 2098 3685 2169 τολμῶν,τῆς

2099 2177 2265 2231 αὑτοῦ
2317 2177 2629 2249 προθυμίας
2669 2179 2761 2232 καὶ
2797 2180 2892 2231 τοῦ
2934 2184 3298 2250 καταφρονεῖν
3348 2182 3447 2250 τῆς
3497 2182 3686 2236 ἐνθάδε

2100 2262 2244 2332 ζωῆς
2286 2261 2539 2331 μέγιστον
2572 2262 2832 2333 ἐξήνεγκε
2867 2264 3187 2335 τεκμήριον.
3224 2265 3357 2318 Ἀπὸ
3388 2266 3445 2318 δὲ
3469 2265 3686 2319 ὑποδεί-

2098 2363 2310 2416 γματος
2339 2345 2498 2400 τοῦτο
2532 2347 2663 2413 ὑμῖν
2702 2347 2917 2417 ποιήσω
2951 2349 3219 2418 φανερόνο
3252 2348 3387 2402 Είπέ
3427 2366 3540 2421 μοι,
3577 2353 3625 2402 εί
3657 2352 3688 2402 ό

2100 2432 2446 2503 πατριάρχης
2475 2431 2725 2503 Ἀϐραάμ
2740 2430 3005 2501 προειδὼς
3030 2433 3115 2484 ὃτι
3144 2434 3207 2486 οὐ
3233 2433 3424 2501 σφάξει
3448 2433 3541 2488 τὸν
3569 2434 3687 2487 υίδν

2101 2517 2397 2587 ἀνήγαγεν,
2419 2511 2528 2586 ἄρα
2558 2516 2624 2569 ἂν
2652 2515 2779 2584 ἔσχε
2801 2515 2923 2568 τινά
2942 2516 3167 2585 μισθόν;
3198 2516 3262 2568 Τί
3291 2517 3370 2579 δέ,
3402 2518 3451 2568 εί
3481 2518 3509 2569 6
3539 2517 3692 2570 I106-

2102 2603 2192 2666 λος
2215 2598 2500 2672 προειδὼς,
2534 2599 2618 2653 ὅτι
2648 2600 2709 2653 06
2737 2598 3075 2669 τεθνήξεται,
3109 2601 3356 2672 ὑπερεῖδε
3375 2600 3484 2654 τῶν
3504 2601 3687 2654 κινδύ-

2100 2704 2231 2753 νων,
2263 2686 2367 2738 ποῦ
2394 2684 2454 2738 δέ
2488 2685 2583 2737 καὶ
2608 2684 2952 2754 θαυμαστόςς
2984 2683 3140 2736 υύτω
3162 2684 3271 2756 γὰρ
3298 2686 3392 2739 καὶ
3428 2686 3456 2739 ό
3486 2686 3688 2756 νωθρό-

2102 2787 2263 2834 τατος
2284 2772 2364 2832 είς
2398 2767 2509 2839 πῦρ
2531 2767 2690 2837 ἐνέϐη
2727 2768 2813 2831 ἂν,
2848 2769 2901 2820 εί
2924 2783 3043 2819 τινα
3072 2768 3384 2833 ἀξιόπιστον
3416 2770 3691 2841 ἐγγυητὴν

2105 2848 2233 2927 εὗρε
2265 2854 2364 2923 τῆς
2393 2851 2711 2921 ἀσφαλείας.
2752 2850 2892 2904 Ἀλλ’
2923 2851 3021 2921 οὐχ
3047 2852 3096 2904 οἱ
3132 2855 3279 2922 τρεῖς
3306 2853 3495 2917 παῖδες
3516 2853 3693 2907 τοιοῦ-

2105 2958 2188 2995 τοι
2208 2957 2221 2971 ⁸
2246 2937 2383 2993 ἀλλά
2404 2936 2486 3001 τί;
2521 2937 2719 2989 Ἀκουε
2738 2935 2916 2989 αὐτῶν
2932 2936 3201 3004 λεγόντων
3217 2954 3229 2964 ·
3254 2937 3543 3001 Βασιλεῖ),
3561 2939 3695 2993 ἐστι

2110 3022 2254 3087 Θεὸς
2277 3021 2347 3073 ἐν
2368 3016 2623 3086 οὐρανῷ,
2648 3017 2716 3083 ὃς
2738 3018 3032 3081 ἐξελεῖται
3061 3017 3219 3087 ἡμᾶς
3243 3021 3313 3072 ἐκ
3341 3019 3459 3073 τῶν
3478 3021 3697 3090 χειρῶν

2108 3120 2247 3168 σου,
2282 3103 2379 3156 καὶ
2398 3103 2466 3156 ἐκ
2484 3101 2592 3171 τῆς
2620 3102 2877 3171 καμίνου
2900 3103 3126 3170 ταύτης
3145 3120 3159 3133 ⁸
3191 3103 3288 3157 καὶ
3308 3104 3535 3174 ἐὰνμὴ.
3552 3123 3698 3174 γνω-

2109 3189 2261 3244 στὸν
2280 3188 2437 3241 ἔστω
2463 3202 2582 3249 σοι,
2612 3185 2702 3238 ὅτι
2735 3188 2857 3251 τοῖς
2883 3185 3042 3251 θεοῖς
3067 3202 3183 3239 σου
3208 3188 3279 3240 οὐ
3305 3189 3697 3257 λατρεύομεν,

2111 3273 2212 3325 καὶ
2242 3269 2315 3338 τῇ
2348 3272 2537 3323 είκόνι
2569 3266 2644 3336 τῇ
2674 3266 2883 3336 χρυσῇ
2990 3268 3279 3335 ἔστησας,
3328 3272 3400 3323 οὐ
3429 3285 3699 3338 προσκυ-

2110 3355 2358 3425 νοῦμεν.
2398 3354 2593 3419 Ὁρᾶτε
2618 3353 2761 3404 πόσα
2782 3352 2947 3423 κέρδη
2971 3352 3109 3417 ἐστὶ,
3136 3353 3231 3405 κα)⁸
3245 3353 3470 3408 πλείονα
3496 3355 3702 3409 τούτων

2110 3440 2177 3493 ἐκ
2194 3438 2286 3492 τοῦ
2317 3440 2532 3506 ἀγνοεῖν
2558 3435 2657 3505 τὴν
2679 3434 2975 3504 τελευτήν;
3006 3434 3158 3497 Τέως
3187 3436 3246 3489 δὲ
3281 3435 3456 3490 ταῦτα
3483 3439 3701 3510 ἀπόχρη

2116 3523 2329 3595 μαθεῖν.
2348 3522 2447 3575 Διά
2461 3519 2619 3575 τοῦτο
2640 3519 2714 3583 ὡς
2729 3518 2968 3589 κλέπτης
2987 3521 3044 3573 ἐν
3060 3519 3238 3584 νυκτὶ,
3259 3519 3434 3585 οὓτως
3447 3521 3665 3592 ἔρχεται
3683 3542 3700 3557 ο

2116 3609 2202 3662 ἴνα
2220 3610 2298 3677 μὴ
2324 3606 2401 3669 εἰς
2420 3604 2623 3659 κακίαν
2648 3602 3010 3673 ἐξαγάγωμεν
3035 3602 3284 3669 ἑαυτοὺς,
3301 3605 3387 3658 ἵνα
3420 3604 3494 3677 μὴ
3514 3608 3592 3669 είς
3606 3609 3706 3678 ρᾳ-

2114 3691 2338 3762 θυμίαν,
2370 3689 2460 3741 ἵνα
2488 3687 2563 3759 μὴ
2590 3687 2680 3740 16v
2714 3685 2905 3756 μισθὸν
2940 3686 3096 3757 ήμῶν
3126 3688 3487 3760 ὑποτέμηται.
3523 3689 3707 3744 Αὐτοὶ

2114 3776 2225 3845 γὰρ
2255 3770 2529 3839 ἀκριϐῶς,
2566 3771 2752 3841 φησὶν,
2775 3769 2996 3823 οἴδατε.
3030 3770 3096 3822 Τί
3125 3766 3218 3825 οῦν
3250 3773 3704 3843 περιεργάζεσθε,

2116 3863 2165 3915 εἰ
2198 3856 2551 3927 πεπεισμένοι
2585 3853 2746 3921 ἐστέ;
2776 3854 2901 3907 Ὀτι
2931 3854 2985 3907 δέ
3008 3854 3202 3927 ἄδηλον
3216 3855 3277 3909 :6
3310 3856 3527 3926 μέλλον,
3557 3851 3707 3921 ἐξῶν

2115 3948 2145 4000 ό
2174 3940 2408 4013 Χριστὸς
2434 3936 2580 4005 εἷπε,
2639 3936 2876 4009 μάνθανε
2926 3952 2941 3967 ⁸
2977 3938 3060 3992 ὅτι
3114 3938 3173 3991 δὲ
3206 3938 3294 3993 διά
3331 3939 3493 3993 τοῦτο
3528 3936 3705 4006 εἶπεν,

2120 4024 2269 4101 [488]
2309 4025 2541 4080 ἄκουσον
2580 4020 2634 4075 τί
2678 4037 2810 4093 φησι
2843 4036 2858 4051 ·
2898 4021 3256 4090 Γρηγορεῖτε
3288 4019 3423 4090 οὖν,
3472 4022 3561 4077 ὅτι
3595 4027 3708 4079 οὐκ

2119 4113 2319 4169 οἴδατε
2356 4109 2497 4176 ποίᾳ
2533 4107 2654 4175 ὥρᾳ
2692 4109 2725 4161 ό
2762 4104 3034 4173 κλέπτης
3092 4106 3348 4175 ἔρχεται.
3404 4106 3505 4161 Διά
3551 4106 3710 4161 τοῦτο

2119 4198 2214 4252 καὶ
2242 4195 2450 4256 Παῦλος
2496 4191 2679 4260 ἔλεγεν
2703 4205 2716 4220 ⁸
2745 4190 2925 4243 Ὅταν
2942 4189 3012 4242 δὲ
3034 4190 3313 4260 λέγωσιν,
3354 4192 3578 4259 Εἰρήνη
3609 4192 3711 4246 και

2120 4280 2445 4351 ἀσφάλεια,
2484 4277 2619 4330 τότε
2656 4274 2956 4343 αἰφνίδιος
2986 4274 3190 4340 αὐτοῖς
3225 4275 3540 4343 ἐφίσταται
3574 4275 3712 4329 ὀλε-

2122 4370 2282 4434 θρος.
2312 4362 2515 4429 ὥσπερ
2535 4362 2574 4428 ἠ
2612 4358 2757 4411 ὠδὶν
2788 4356 2863 4425 τῇ
2898 4357 3196 4426 ἐνταστρὶ
3216 4358 3476 4426 ἐχούσῃ,
3506 4358 3607 4411 καί
3637 4360 3712 4412 οὑ

2118 4448 2205 4521 μὴ
2264 4448 2631 4517 ἐκφύγωσιν.
2676 4440 2943 4495 Ἐνταῦθα
2979 4440 3136 4493 τοῦτο
3165 4441 3405 4511 ᾐνίξατο,
3446 4443 3584 4521 δπερ
3618 4441 3713 4495 καὶ

2125 4519 2183 4587 ἐν
2210 4536 2276 4603 τῇ
2296 4531 2523 4599 δευτέρᾳ
2550 4524 3030 4595 εἷπενῈπιστολῇ.
3048 4523 3265 4595 Ἐπειδὴ
3287 4525 3397 4595 γὰρ
3424 4519 3571 4580 οῦτοι
3616 4524 3715 4596 μὲν

2122 4602 2273 4687 ἦσαν
2294 4616 2352 4667 ἐν
2381 4610 2644 4679 θλίψεσιν,
2664 4610 2713 4660 οἱ
2746 4607 2802 4660 δέ
2830 4602 3194 4677 πολεμοῦντες
3220 4608 3418 4671 αὐτοὺς
3450 4609 3508 4662 ἐν
3534 4609 3716 4663 ἀνέσει

2127 4700 2221 4754 καὶ
2256 4698 2314 4751 ἐν
2341 4696 2545 4767 τρυφῇ,
2589 4689 2708 4744 εἶτα
2733 4690 2895 4754 06:6;
2927 4690 3026 4761 μὲν
3067 4691 3436 4763 παρεμυθεῖτο
3478 4692 3548 4745 τὰ
3576 4709 3719 4763 παρ-

2127 4787 2255 4839 όντα
2310 4779 2461 4834 δεινά
2486 4778 2567 4848 τῷ
2593 4780 2692 4847 τῆς
2718 4776 3070 4838 ἀναστάσεως
3095 4775 3261 4846 λόγῳ,
3286 4776 3556 4829 ἐκεῖνοιδέ
3580 4777 3721 4845 ἐπη-

2130 4868 2325 4941 ρέαζον
2360 4866 2424 4917 ἐκ
2461 4863 2570 4914 τῶν
2607 4860 2945 4930 προγονικῶν
2978 4858 3380 4929 ἐνθυμημάτων
3410 4858 3720 4927 φθεγγόμε-

2122 4970 2211 5015 ,νοι
2238 4950 2333 5003 καὶ
2360 4948 2567 5014 ἔλεγον.
2614 4945 2759 4997 Ιιότε
2801 4942 2996 5008 ἐσται;
3031 4942 3191 5013 (ὅπερ
3224 4942 3320 4994 καὶ
3360 4942 3411 4995 οἱ
3441 4944 3721 5012 προφῆται

2131 5038 2353 5104 ἔλεγον*
2400 5029 2545 5085 Οὐαί
2584 5031 2639 5083 οὶ
2682 5029 3002 5098 λέγοντες,
3058 5025 3126 5079 τὸ
3177 5024 3362 5095 τάχος
3400 5024 3718 5095 ἐγγισάτω,

2131 5121 2172 5175 d
2212 5117 2456 5187 ποιήσει
2506 5117 2539 5169 ό
2589 5113 2752 5177 Θεὸς,
2806 5112 2907 5165 ἵνα
2957 5111 3176 5179 ἴδωμεν
3205 5126 3219 5139 ⁸
3261 5109 3363 5164 καί
3420 5110 3642 5163 ἐλθέτω
3679 5110 3721 5178 ἡ

2127 5201 2332 5269 βουλὴ
2371 5199 2477 5254 τοῦ
2503 5198 2678 5267 ἁγίου
2728 5196 2998 5263 Ἰσραὴλ,
3044 5196 3145 5247 ἵνα
3183 5192 3420 5263 γνῶμεν
3444 5208 3459 5224 ⁸
3492 5193 3587 5245 καὶ
3616 5193 3725 5245 πά-

2134 5288 2215 5341 λιν
2245 5284 2427 5340 ⁸Οὑαί
2487 5285 2544 5337 οί
2589 5279 3023 5349 ἐπιθυμοῦντες
3059 5278 3175 5345 τὴν
3218 5277 3452 5345 ἡμέραν
3496 5276 3725 5343 Κυρίου

2138 5372 2219 5443 (06
2254 5367 2579 5441 γὰρὰπλῶς
2612 5364 3013 5435 ἐπιθυμοῦντας
3069 5363 3244 5431 λέγει,
3298 5359 3434 5414 ἀλλά
3487 5361 3615 5424 τοὺς
3658 5361 3726 5413 ἐκ

2135 5442 2231 5509 τοῦ
2260 5454 2510 5509 ἀπιστεῖν
2535 5448 2959 5520 ἐπιθυμοῦντας)
2980 5465 2992 5476 ·
3024 5446 3153 5511 καὶ,
3194 5446 3261 5499 Ἦ
3280 5442 3469 5514 ἡμέρα
3500 5444 3726 5511 Κυρίου

2137 5538 2379 5602 σκότος,
2407 5536 2560 5604 φησὶ,
2584 5534 2681 5587 καὶ
2700 5534 2773 5587 οὐ
2798 5531 2970 5602 φῶςγ
3001 5529 3089 5584 διὰ
3120 5527 3278 5581 τοῦτο
3306 5529 3528 5599 εἴρηκεν
3557 5525 3723 5581 οὕτω.

2138 5623 2251 5676 Καὶ
2287 5621 2390 5690 ὅρα
2422 5618 2542 5681 πῶς
2561 5618 2760 5675 06:06;
2791 5615 3195 5687 παραμυθεῖται
3218 5629 3232 5643 ⁸
3258 5612 3334 5676 ῶς
3364 5611 3430 5665 ἂν
3456 5613 3505 5664 εί
3532 5611 3687 5679 ἔλεγε
3708 5628 3725 5644 ν

2143 5706 2229 5773 Μὴ
2253 5703 2315 5756 :6
2340 5702 2398 5755 ἐν
2424 5701 2693 5772 εὐπαθείᾳ
2719 5697 2858 5753 εἶναι
2885 5699 3081 5760 06:06;
3108 5697 3409 5767 τεκμήριον
3436 5695 3727 5748 ποιείσθω-

2145 5806 2245 5843 σαν
2291 5787 2384 5840 τοῦ
2424 5785 2502 5856 μὴ
2557 5782 2955 5856 παραγίνεσθαι
3009 5782 3109 5852 τὴν
3152 5780 3379 5851 κρίσιν·
3443 5779 3585 5833 οὕτω
3630 5780 3731 5848 μὲν

2144 5869 2235 5930 οὖν
2274 5872 2370 5929 καὶ
2403 5870 2783 5941 παραγίνεται.
2814 5866 2997 5932 νΛᾷον
3024 5865 3080 5919 δὲ
3113 5867 3204 5919 καὶ
3240 5865 3417 5919 ἐκεῖνο
3459 5864 3729 5937 ζητῆσαιο
