4128 6398
497 328 604 384 449

492 450 543 499 εἰ
592 447 1030 530 ἀἋντίχριστος
1088 447 1331 519 ἔρχεται,
1386 449 1481 503 καὶ
1531 451 1561 502 6
1614 449 1802 512 Ἠλίας
1850 447 2094 517 ἔρχεται,

492 535 611 596 πῶς
666 535 796 587 ὅταν
844 535 1095 603 λέγωσιν,
1146 536 1371 604 Εἰρήνη
1438 538 1536 590 καὶ
1595 535 1919 605 ἀσφάλεια,
1965 533 2086 588 τότε

491 623 677 684 αὐτοῖς
708 622 971 689 αἰφνίδιος
1009 623 1231 693 ὄλεθρος
1261 625 1585 691 ἐφίσταταις
1621 625 1797 678 ταῦτα
1843 624 1954 694 γὰρ
1985 622 2088 675 οὐκ

490 711 686 779 ἀφίησι
732 709 807 779 μὴ
847 710 1045 764 εἰδέναι
1078 710 1175 780 τὴν
1216 713 1457 781 ἡμέραν,
1506 713 1784 782 τεκμήρια
1831 712 1961 765 ὄντα
1988 710 2088 779 τῆς

492 799 795 870 παρουσίας
812 799 999 868 αὐτῆς.
1020 800 1159 850 ⁹Λλλ¹
1175 800 1235 852 ού
1251 800 1435 854 τοῦτον
1447 800 1538 853 τὸν
1555 801 1746 871 καιρὸν
1768 800 2085 864 αἰνίττεται,

490 888 587 941 τοῦ
616 888 984 956 ’Δντιχρίστου
1037 888 1201 954 λέγω,
1229 888 1351 941 οὔτε
1400 890 1499 958 τὴν
1520 889 1731 960 ἡμέραν
1748 888 1961 957 ἐκείνην
1984 906 2086 956 φη-

491 977 598 1038 σὶν,
617 976 699 1026 ὅτι
731 976 1117 1044 σημεῖονὲσται
1148 976 1244 1044 τῆς
1262 976 1565 1044 παρουσίας
1583 976 1674 1029 τοῦ
1696 976 1955 1049 Χριστοῦ,
1969 974 2085 1027 ἀλλ’

486 1064 573 1115 ὅτι
622 1066 650 1116 6
710 1063 945 1132 Χριστὸς
994 1063 1092 1132 οὐχ
1146 1064 1257 1125 ἕξει
1288 1067 1533 1133 σημεῖον,
1596 1064 1710 1115 ἀλλ’
1743 1064 1940 1132 ἀθρόον
1988 1062 2086 1114 καὶ

487 1152 911 1220 ἀπροσδοκήτως
937 1149 1076 1220 ἣξει.
1105 1151 1215 1203 Kal
1240 1152 1345 1220 μὴν
1368 1154 1434 1221 τῇ
1465 1151 1669 1221 κυούσῃ
1688 1164 1737 1214 ει,
1770 1152 1955 1220 φησὶν,
1983 1151 2085 1202 οὐκ

489 1238 775 1307 ἐφίσταται
809 1239 1051 1309 ἀδήλως·
1102 1234 1206 1289 οἶδε
1245 1243 1352 1307 γάρ
1397 1238 1479 1291 ὅτι
1525 1240 1664 1305 μετά
1711 1239 1868 1291 ἐννέα
1905 1238 2085 1307 μῆνας

485 1330 640 1381 ἔσται
669 1331 696 1381 6
720 1329 895 1390 τόκος.
958 1329 1065 1379 Καὶ
1108 1328 1312 1396 σφόδρα
1348 1327 1446 1396 μὲν
1494 1323 1585 1380 οῦν
1613 1327 1823 1396 ἀδήλως
1850 1345 1863 1358 ·
1892 1330 1946 1380 αἱ
1984 1329 2083 1398 μὲν

484 1420 595 1488 γάρ
643 1420 1021 1489 ἑπταμηνιαῖα
1060 1418 1267 1481 ἔτεκον,
1298 1418 1427 1470 αἰδὲ
1450 1419 1842 1489 ἐννεαμηνιαῖα
1862 1435 1875 1448 ·
1909 1417 2084 1481 ἄλλως

485 1508 542 1559 δὲ
566 1507 660 1561 καὶ
689 1510 722 1577 ἡ
752 1506 935 1576 ἡμέρα
982 1506 1076 1558 καὶ
1106 1507 1139 1575 ἡ
1190 1505 1308 1575 ὥρα
1358 1503 1552 1573 ἄδηλος
1597 1505 1689 1557 τοῦ
1723 1505 1903 1558 τόκου.
1938 1506 2083 1576 Πρὸς

481 1594 640 1646 τοῦτο
659 1590 751 1647 οῦν
774 1610 907 1662 φησι
935 1592 1106 1646 ταῦτα
1129 1594 1157 1644 ὁ
1184 1592 1411 1655 Παῦλος.
1448 1594 1557 1645 Καὶ
1580 1594 1811 1663 ἀκριϐὴς
1832 1592 2045 1663 ήείκών
2065 1610 2080 1624 ·

483 1683 546 1735 ού
573 1683 680 1753 γὰρ
710 1682 881 1733 πολλὰ
921 1680 1021 1742 τῆς
1067 1680 1251 1743 ὠδῖνός
1281 1682 1397 1732 ἐστι
1446 1681 1515 1733 τὰ
1544 1682 1820 1751 τεκμήρια
1842 1697 1854 1709 ·
1891 1680 2085 1734 πολλαὶ

482 1770 617 1839 γοῦν
647 1770 789 1822 οὕτω
811 1770 906 1822 καὶ
929 1770 985 1820 ἐν
1016 1768 1153 1831 ὁδοῖς
1178 1770 1271 1822 καὶ
1305 1770 1402 1838 τῆς
1423 1770 1598 1832 οἰκίας
1622 1768 1745 1833 ἔξω,
1787 1769 1861 1840 μὴ
1893 1786 2082 1839 προει-

483 1861 649 1921 δυῖαι,
677 1858 883 1911 ἔτεκον.
907 1858 981 1909 Ού
1010 1859 1071 1908 16
1092 1856 1286 1927 άδηλον
1313 1856 1368 1908 δὲ
1399 1857 1560 1925 μόνον
1581 1857 1814 1910 ἐνταῦθα
1837 1858 2080 1928 ᾐνίξατο,

482 1947 624 2005 ἀλλά
654 1948 749 2000 καὶ
778 1946 840 1998 16
869 1946 967 2014 τῆς
996 1945 1190 2014 ὀδύνης
1248 1944 1467 2013 πικρόν.
1502 1945 1713 2015 Ὠσπερ
1744 1944 1853 2015 γὰρ
1896 1944 2082 2013 ἐκείνη

484 2037 782 2101 παίζουσα,
814 2034 1051 2102 γελῶσα,
1071 2033 1223 2085 οὐδὲν
1247 2033 1382 2095 ὅλως
1402 2032 1786 2103 προορωμένη,
1822 2030 2083 2103 ἐξαίφνης

483 2127 749 2197 ἀρρήτοις
778 2122 1181 2191 κατασχεθεῖσα
1218 2121 1401 2182 πόνοις
1430 2121 1779 2174 διακόπτεται
1814 2123 1934 2183 ταῖς
1960 2120 2083 2172 (bat-

487 2232 574 2267 σιν
600 2230 614 2242 ’
648 2211 791 2265 οῦτω
830 2211 926 2263 καὶ
964 2212 1020 2262 αί
1049 2209 1219 2279 ψυχαὶ
1257 2210 1489 2271 ἐκεῖναι,
1526 2210 1623 2278 τῆς
1672 2208 1884 2278 ἡμέρας
1918 2208 2080 2261 ἐπελ-

485 2302 687 2371 θούσης
716 2300 951 2368 ἐκείνης.
985 2298 1093 2350 Καὶ
1119 2300 1192 2351 οὺ
1211 2296 1297 2366 μὴ
1318 2298 1683 2365 ἐκφύγωσιν.
1716 2293 1849 2349 Εἶτα
1868 2295 2080 2357 δεικνὺς

483 2393 568 2445 ὅτι
596 2392 656 2444 ού
684 2391 812 2460 περὶ
864 2388 1043 2442 αύτῶν
1072 2388 1250 2440 ταῦτα
1298 2387 1467 2455 λέγει,
1524 2387 1837 2455 ἐπήγαγενα
1884 2383 2082 2452 ’Υμεῖς

483 2483 574 2546 δὲ,
605 2480 876 2550 ἀδελφοὶ,
913 2482 1025 2532 οὐκ
1067 2478 1210 2531 ἐστὲ
1262 2479 1332 2531 ἐν
1382 2479 1615 2545 σκότει,
1660 2478 1761 2530 ἵνα
1796 2476 1835 2545 ἠ
1888 2476 2083 2545 ἡμέρα

482 2569 642 2641 ὑμᾶς
674 2571 752 2636 ὠς
786 2568 1052 2636 κλέπτης
1079 2565 1410 2632 καταλάϐῃ.

556 2743 630 2807 γ’.
647 2735 913 2790 Ἐνταῦθα
935 2733 1027 2786 τὸν
1056 2730 1331 2785 σκοτεινὸν
1352 2730 1446 2783 καὶ
1462 2728 1770 2800 ἀκάθαρτον
1792 2728 1904 2799 βίον
1926 2728 2078 2799 φησί.

484 2825 756 2894 Καθάπερ
805 2825 915 2893 γὰρ
956 2823 1014 2873 ἐν
1067 2820 1224 2872 νυκτὶ
1254 2819 1431 2871 πάντα
1454 2816 1786 2888 πράττουσιν
1808 2818 1859 2869 οί
1893 2819 2080 2888 μιαροὶ

483 2916 582 2969 καὶ
611 2912 838 2982 πονηροὶ
859 2910 967 2962 τῶν
987 2908 1314 2977 ἀνθρώπων,
1343 2908 1553 2969 πάντας
1573 2905 1953 2968 λανθάνοντες,
1986 2906 2081 2958 xal

483 3004 543 3055 ἐν
570 3001 747 3066 σκότῳ
776 2997 1188 3058 κατακλείοντες
1215 2993 1460 3057 ἐαυτούς.
1498 2992 1635 3046 Είπὲ
1673 2993 1782 3063 γάρ
1812 3009 1925 3062 μοι,
1961 2994 2080 3063 οὐχὶ

481 3090 583 3161 τὴν
611 3090 849 3157 ἑσπέραν
875 3085 1185 3156 παρατηρεῖ
1216 3084 1244 3134 6
1274 3083 1461 3152 μοιχός
1485 3097 1498 3144 ;
1528 3080 1619 3132 καὶ
1640 3080 1762 3150 ούχὶ
1787 3081 1887 3150 τὴν
1910 3080 2081 3133 νύκτα

483 3179 514 3231 6
546 3177 820 3245 κλέπτης;
855 3176 884 3227 6
916 3169 1277 3243 τυμϐωρύχος
1315 3168 1435 3239 οὐχὶ
1468 3169 1649 3220 πᾶσαν
1673 3167 1771 3238 τὴν
1814 3167 2080 3237 ἐργασίαν

482 3266 543 3319 ἐν
573 3265 730 3318 νυκτὶ
767 3262 879 3333 ἔχει
906 3278 921 3327 ;
957 3261 1022 3312 Τί
1050 3255 1170 3325 οῦν;
1219 3257 1342 3327 οὐχὶ
1371 3256 1445 3318 ὡς
1477 3255 1719 3325 κλέπτης
1754 3255 1951 3319 αὐτοὺς
1982 3272 2081 3309 κα-

481 3352 856 3420 ταλαμῦάνει;
887 3348 1006 3418 οὐχὶ
1057 3347 1152 3399 καὶ
1194 3346 1377 3407 αὐτοῖς
1456 3342 1667 3414 ἀδήλως
1744 3343 2075 3411 ἐφίσταται;

496 3440 657 3494 ’Λλλά
693 3437 845 3511 [489]
872 3438 1167 3507 προῖσασι;
1224 3432 1347 3494 Πῶς
1376 3426 1469 3484 οῦν
1519 3430 1711 3497 λέγει,
1755 3432 1837 3483 Οῠ
1868 3432 2082 3497 χρείαν

482 3529 651 3598 ἔχετε
678 3525 1007 3596 γράφεσθαι
1032 3520 1211 3591 ύμῖν;
1246 3518 1513 3573 Ἐνταῦθα
1542 3519 1603 3571 ού
1628 3517 1762 3589 πρὸς
1788 3518 1847 3570 16
1889 3519 2080 3589 ἄδηλόν

484 3633 671 3685 φησιν,
701 3613 836 3667 ἀλλά
861 3611 997 3683 πρὸς
1026 3610 1127 3681 τὴν
1158 3608 1447 3678 συμφοράν
1472 3624 1487 3639 ’
1518 3607 1819 3671 τουτέστιν,
1860 3607 1961 3659 οὐκ
1987 3609 2081 3660 ἐπὶ¹

483 3704 640 3774 κακῴ
655 3703 733 3774 τῷ
754 3703 939 3757 αὐτῶν
957 3698 1100 3770 ἥξει.
1133 3696 1371 3767 ’Δδήλως
1394 3695 1493 3765 μὲν
1510 3694 1617 3764 γὰρ
1636 3694 1753 3763 ἣξει
1769 3695 1862 3747 καὶ
1872 3695 2078 3761 αὐτοῖς,

482 3793 629 3863 πλὴν
663 3791 778 3845 ἀλλ’
801 3789 980 3843 οὐδενὶ
1019 3785 1309 3856 περιὸαλεῖ
1338 3782 1588 3853 λυπηρῷ.
1640 3782 1772 3836 Ἵνα
1800 3783 1838 3850 ή
1865 3783 2076 3851 ἡμέρα,

483 3880 649 3950 φησὶν
675 3920 689 3943 ,
730 3878 810 3942 ὠς
860 3874 1127 3940 κλέπτης
1176 3870 1333 3939 ὑμᾶς
1402 3869 1730 3936 καταλάϐῃ.
1790 3870 1912 3922 Ἐπὶ
1970 3870 2081 3940 γάρ

483 3964 867 4035 ἐγρηγορότων
910 3960 1006 4014 καὶ
1042 3960 1100 4010 ἐν
1135 3957 1276 4026 φωτὶ
1320 3955 1509 4019 ὄντων,
1577 3956 1681 4007 κᾶν
1728 3954 1951 4024 γένηταί
1995 3972 2080 4017 τις

481 4050 688 4112 εισοδος
712 4047 934 4121 λῃστοῦ,
986 4045 1137 4098 οὐδὲν
1185 4043 1531 4114 λυμήνασθαι
1581 4042 1913 4113 δυνήσεται·
1938 4040 2081 4094 οὕτω

482 4143 580 4193 καὶ
596 4138 689 4191 ἐπὶ
712 4137 820 4191 τῶν
843 4133 1019 4203 ὀρθῶς
1040 4132 1260 4197 ζώντων
1285 4146 1298 4158 ·
1329 4130 1443 4184 ἀλλ’
1472 4130 1715 4193 ἐκείνους
1735 4132 1861 4193 τοὺς
1882 4130 2081 4183 καθεύ-

481 4228 673 4289 δοντας
716 4225 932 4279 πάντων
969 4219 1267 4291 γυμνώσας
1307 4217 1518 4281 ἄπεισι,
1571 4220 1699 4281 τοὺς
1746 4221 1857 4281 τοῖς
1891 4218 2081 4272 ἐνθάδε

483 4314 843 4386 θαρροῦντας.
878 4306 1013 4365 Εἶτα
1035 4310 1127 4361 καὶ
1144 4307 1273 4361 ἄλλο
1301 4306 1442 4376 ὑπὲρ
1464 4305 1644 4359 αὐτῶν
1673 4320 1689 4336 ο
1719 4306 1913 4374 ἐπάγει
1947 4307 2076 4378 γάρ’

482 4402 718 4467 Πάντες
753 4401 866 4469 γὰρ
900 4396 1093 4466 ὑμεῖς,
1151 4397 1340 4465 φησὶν,
1392 4394 1512 4448 υἱοὶ
1562 4395 1761 4462 φωτός
1797 4394 1939 4448 ἐστε
1980 4394 2081 4448 καὶ

482 4491 601 4545 υἱοί
650 4489 897 4561 ἡμέρας.
953 4487 1066 4541 Kal
1122 4486 1237 4549 πῶς
1298 4483 1399 4550 ἐνι,
1454 4486 1639 4553 φησιν,
1675 4484 1823 4546 υἱοὺς
1866 4483 2081 4555 ἡμέρας

483 4574 665 4643 clvas;
716 4578 803 4639 Ὠς
842 4576 991 4638 υἱοὺς
1019 4574 1313 4637 ἀπωλείας,
1349 4572 1425 4635 ὡς
1472 4572 1623 4634 υἱοὺς
1675 4571 1922 4641 γεέννης.
1982 4572 2080 4625 Διά

482 4666 643 4722 τοῦτο
670 4666 763 4718 καὶ⁸
810 4666 839 4718 6
896 4664 1130 4734 Χριστὸς
1183 4662 1336 4731 ἔλεγε
1384 4662 1497 4723 τοῖς
1536 4659 1853 4729 Φαρισαίοις
1880 4676 1893 4689 ·
1930 4661 2077 4714 Οὐαὶ

482 4754 646 4825 ὑμῖν,
669 4753 759 4805 ὅτι
783 4750 1094 4820 περιάγετε
1117 4750 1233 4817 τὴν
1252 4749 1577 4803 θάλασσαν
1599 4747 1699 4801 καὶ
1722 4746 1837 4815 τὴν
1862 4746 2074 4814 ξηρὰν,

483 4838 738 4909 ποιῆσαι
761 4838 871 4892 ἕνα
902 4839 1298 4906 προσήλυτον
1317 4851 1331 4864 °
1357 4835 1457 4889 καὶ
1475 4835 1621 4889 ὅταν
1650 4834 1915 4905 γένηται,
1949 4851 2075 4889 ποι-

482 4929 604 4984 εῖτε
647 4926 837 4981 αὐτὸν
879 4927 1133 4995 γεέννης
1187 4925 1323 4977 υἱόν
1358 4940 1372 4954 ο
1404 4922 1501 4975 καὶ
1553 4923 1582 4974 6
1635 4922 1847 4985 Παῦλος
1874 4939 1889 4953 ο
1933 4924 2013 4976 Δι’
2040 4923 2081 4976 ἁ

484 5018 724 5088 ἔρχεται
782 5017 821 5083 ὴ
875 5014 1020 5083 ὀργὴ
1076 5012 1183 5066 τοῦ
1250 5012 1399 5065 Θεοὺ
1445 5010 1545 5063 ἐπὶ
1592 5011 1735 5077 τοὺς
1768 5010 1940 5077 υἱοὺς
1969 5010 2081 5080 τῆς

450 5117 452 5120 ’
484 5104 814 5169 ἀπειθείας,
846 5102 1114 5165 τουτέστι,
1158 5099 1287 5163 τοὺς
1313 5099 1382 5150 τὰ
1412 5098 1513 5169 τῆς
1540 5099 1770 5168 γεέννης
1807 5101 2078 5171 πράττον-

484 5211 603 5259 τας,
630 5193 756 5254 τοὺς
782 5191 850 5243 τὰ
870 5190 967 5258 τῆς
992 5186 1296 5250 ἀπειθείας.
1338 5186 1548 5257 Ὥσπερ
1570 5182 1663 5239 οῦν
1686 5187 1793 5240 υἱοὶ
1820 5187 1917 5240 τοῦ
1941 5187 2077 5240 Θεοῦ

444 5348 451 5356 ο
484 5284 535 5335 οἱ
565 5280 635 5334 τὰ
653 5279 733 5350 τῷ
765 5277 885 5347 Θεῷ
917 5275 1176 5328 δοκοῦντα
1229 5274 1586 5345 πράττοντες,
1638 5274 1782 5327 οῦτω
1833 5276 1926 5327 καὶ
1972 5277 2080 5328 υίοὶ

484 5372 700 5443 ἡμέρας
730 5368 822 5420 καὶ
849 5366 955 5419 υἱοὶ
976 5365 1176 5434 φωτὸς,
1204 5365 1253 5416 οἱ
1286 5363 1358 5415 τὰ
1386 5362 1480 5416 τοῦ
1510 5362 1688 5431 φωτὸς
1724 5365 2075 5434 πράττοντες.

447 5510 456 5518 .
487 5463 611 5514 Οὐκ
640 5457 830 5527 ἐσμὲν
880 5452 1100 5520 νυκτὸς
1149 5450 1296 5505 οὐδὲ
1347 5451 1628 5516 σκότους.
1670 5453 1815 5518 Ἀρα
1846 5447 1962 5506 οὗν
1990 5453 2075 5522 μὴ

486 5546 887 5615 καθεύδωμεν,
923 5543 1003 5607 ὠς
1030 5541 1126 5595 καὶ
1157 5542 1211 5594 οἱ
1237 5538 1457 5602 λοιποὶ,
1491 5538 1651 5592 ἀλλὰ
1694 5538 2079 5610 γρηγορῶμεν

484 5636 587 5690 καὶ
613 5633 915 5704 νήφωμεν.
952 5633 1015 5684 Ol
1052 5628 1160 5698 γὰρ
1195 5625 1591 5691 καθεύδοντες
1618 5665 1634 5688 ,
1691 5628 1913 5691 νυκτὸς
1936 5633 2076 5683 καθ-

485 5725 735 5780 εὐδουσι
759 5739 773 5753 ·
800 5721 899 5776 καὶ
917 5722 971 5774 οὶ
1008 5715 1706 5787 μεθυσκόμενοι,νυκτύς
1718 5717 2073 5784 μεθύονην⁸

548 5915 577 5944 ι
599 5901 682 5952 Sic
706 5905 843 5950 recte
870 5897 1007 5949 Colb.
1035 5894 1186 5957 Editi,
1208 5895 1290 5951 λαὶ
1322 5895 1407 5957 γὰρ
1430 5900 1486 5957 τῇ
1513 5892 1710 5956 κυούσῃ.

1209 330 1269 386 S.
1314 328 1603 389 JOANNIS
1642 322 2080 387 CHRYSOSTOI

2196 323 2520 385 ARCHIEP.
2563 329 3120 389 CONSTANTINOP.

3645 332 3756 388 650

2191 444 2367 513 ἡμεῖς
2395 447 2465 500 δέ
2516 448 2745 517 ἡμέρας
2777 450 2968 515 ὀντες,
3004 450 3308 518 νήφωμεν.
3356 449 3636 503 Δείκνυσιν
3687 452 3775 503 ἐνο

2191 531 2367 587 ταῦθα
2393 534 2476 587 ὅτι
2496 536 2557 587 τὸ
2585 539 2644 588 ἐν
2665 538 2849 608 ἡμέρᾳ
2886 532 3026 591 εἶναι
3052 535 3209 607 ἡμῶν
3232 537 3372 588 ἐστι.
3404 536 3515 588 Καὶ
3543 534 3778 589 ἐνταῦθα

2194 620 2317 690 μὲν,
2351 622 2445 675 ἐπὶ
2473 621 2573 692 τῆς
2589 624 3015 695 ήμέραςταύτης
3044 625 3139 678 καὶ
3164 625 3263 691 τὴς
3283 622 3475 685 νυκτὸς
3495 621 3657 689 λέγω.
3679 622 3777 690 οὺχ

2189 710 2529 779 ἡμῶνέστιν,
2548 711 2686 764 ἀλλά
2704 715 2800 765 xal
2815 711 3058 766 ἀκόντων
3078 712 3235 781 ἡμῶν
3255 711 3473 782 ἔρχεται
3500 712 3533 780 ὴ
3552 709 3669 776 νὺξ,
3684 710 3779 762 καὶ

2190 798 2266 868 μὴ
2281 798 2657 869 βουλομένωνὸ
2672 800 2837 864 ῦπνος
2853 801 3159 870 ἐφίσταται’
3178 800 3271 851 ἐπὶ
3280 800 3337 852 δέ
3347 800 3447 868 τῆς
3456 796 3779 860 νυκτὺςέκεί-

2185 902 2285 956 νης
2302 887 2509 940 καὶτοῦ
2527 886 3047 952 ῦπνου,ούκέτι,ἁλλ’
3064 887 3239 954 ἔξεστι
3253 886 3541 947 διαπαντὸς
3555 886 3780 954 ἐγρηγο-

2187 974 2362 1044 ρέναι,
2393 974 2570 1041 ἔξεστι
2594 975 2885 1038 διαπαντὸς
2924 975 3138 1045 ἡμέραν
3180 974 3353 1041 άγειν.
3382 973 3521 1034 Τοὺς
3543 973 3651 1042 γὰρ
3678 974 3776 1043 τῆς

2180 1061 2365 1130 ψυχῆς
2380 1064 2693 1133 ὀφθαλμοὺς
2712 1064 3042 1127 κλεῖσαι,καὶ
3056 1064 3145 1117 τὸν
3160 1063 3268 1115 ἀπὸ
3285 1065 3383 1133 τῆς
3400 1061 3598 1123 κακίας
3612 1060 3777 1113 ῦπνον

2186 1150 2510 1217 ἐπαγαγεῖν,
2574 1152 2674 1204 ούκ
2726 1152 2843 1204 ἔστι
2896 1151 3130 1221 φύσεως,
3191 1149 3328 1202 ἀλλά
3380 1149 3773 1220 προαιρέσεως.

2198 1235 2375 1291 Ἀλλὰ
2415 1238 2815 1309 γρηγορῶμεν,
2850 1240 3016 1309 φησὶ,
3075 1238 3173 1292 καὶ
3223 1237 3529 1307 νήφωμεν.
3562 1236 3776 1300 Ἔξεστι

2184 1327 2293 1394 γάρ
2324 1328 2667 1397 ἐγρηγορότα
2704 1326 3010 1389 καθεύδειν,
3052 1326 3218 1397 μηδὲν
3277 1326 3585 1396 πράττοντα
3636 1324 3774 1389 ἀγα-

2186 1411 2280 1465 θόν
2304 1429 2319 1443 ο
2352 1412 2440 1466 διὰ
2464 1414 2621 1466 τοῦτο
2647 1414 2918 1484 ἐπήγαγε,
2956 1414 3066 1467 Καὶ
3108 1413 3414 1483 νήφωμεν,
3453 1412 3562 1465 Kal
3584 1412 3692 1482 γὰρ
3718 1413 3775 1463 ἐν

2186 1500 2371 1571 ἡμέρᾳ
2395 1500 2461 1552 ἂν
2512 1504 2758 1572 γρηγορῇ
2805 1519 2908 1564 τις,
2946 1503 3021 1571 μὴ
3057 1503 3203 1572 vim
3250 1502 3326 1563 δὲ,
3380 1500 3594 1571 μυρίοις
3624 1516 3776 1569 περιο

2186 1591 2434 1641 πεσεῖται
2486 1592 2700 1651 δεινοῖς,
2767 1590 2929 1640 Ὥστε
2982 1592 3375 1661 γρηγορὴσεως
3431 1589 3678 1650 ἐπίτασις
3738 1588 3773 1657 ἠ

2186 1677 2348 1748 νῆψίς
2384 1681 2553 1731 ἐστιν.

2258 1845 2321 1895 Οἱ
2350 1841 2765 1909 καθεύδοντες,
2803 1844 2961 1911 φησὶ,
2991 1838 3213 1903 νυκτὸς
3240 1835 3623 1900 καθεύδουσι,
3676 1835 3775 1887 καὶ

2183 1932 2238 1983 οὶ
2260 1932 2723 2001 μεθυσκόμενοι,
2747 1931 2968 1995 νυκτὸς
2986 1930 3299 1997 μεθύουσι.
3330 1926 3521 1995 Μέθην
3543 1922 3780 1976 ἐνταῦθά

2184 2035 2351 2088 φησιν
2381 2019 2442 2071 ού
2472 2019 2571 2089 τὴν
2610 2020 2719 2073 ἀπὸ
2771 2017 2866 2071 τοῦ
2906 2019 3052 2070 οἴνου
3114 2016 3297 2087 μόνον,
3357 2012 3493 2065 ἀλλά
3544 2013 3641 2064 καὶ
3677 2010 3777 2079 τὴν

2183 2107 2293 2159 ἀπὸ
2355 2107 2573 2160 πάντων
2622 2108 2733 2161 τῶν
2803 2106 3010 2161 κακῶν.
3076 2104 3188 2158 Kal
3235 2104 3341 2174 γὰρ
3404 2100 3544 2172 μέθη
3596 2099 3777 2168 ψυχῆς

2183 2193 2433 2257 πλοῦτος,
2458 2194 2553 2248 καὶ
2575 2195 2874 2265 χρημάτων
2896 2192 3181 2263 ἐπιθυμία,
3207 2192 3303 2246 καὶ
3322 2190 3588 2259 σωμάτων
3614 2188 3776 2257 ἔρως.

2183 2283 2279 2336 καὶ
2308 2284 2415 2336 πᾶν
2452 2283 2590 2354 ὅπερ
2620 2281 2685 2335 ἂν
2712 2283 2897 2353 εἴπῃς,
2928 2281 3069 2351 μέθη
3097 2279 3280 2351 ψυχῆς
3313 2280 3452 2331 ἐστι.
3488 2276 3589 2329 Διά
3621 2277 3675 2327 τί
3714 2274 3775 2326 δὲ

2184 2369 2350 2423 ὕπνον
2376 2372 2477 2440 τὴν
2510 2371 2710 2424 κακίαν
2741 2370 3041 2435 ἐκάλεσεν;
3095 2368 3219 2421 ὐτι
3268 2365 3485 2439 πρῶτον
3534 2364 3631 2433 μὲν
3680 2363 3777 2414 ἀν-

2182 2459 2472 2529 ενέργητὸς
2508 2460 2623 2512 ἐστι
2651 2460 2789 2533 πρὸς
2817 2457 2915 2529 τὴν
2960 2455 3159 2528 ἀρετὴν
3191 2456 3220 2508 6
3247 2455 3486 2516 τοιοῦτος
3506 2469 3517 2481 ·
3557 2452 3772 2533 ἔπειτα,

2181 2549 2264 2600 ὅτι
2295 2550 2477 2601 πάντα
2511 2520 2927 2617 φαντασιοῦται,
2960 2548 3056 2600 καὶ
3082 2546 3235 2600 οὐδὲν
3268 2543 3467 2614 ἀληθὲς
3509 2542 3631 2612 ὁρᾷ,
3658 2520 3779 2592 ἀλλ’

2182 2636 2478 2706 ὀνειράτων
2505 2638 2621 2691 ἐστὶ
2656 2638 2875 2708 μεστὸς,
2912 2639 3007 2690 καὶ
3063 2637 3282 2690 ἀτόπων
3322 2631 3581 2695 πολλάκις
3629 2647 3772 2700 πρα⁴

2183 2726 2439 2795 γμάτων·
2476 2726 2544 2778 ἂν
2590 2725 2647 2778 δέ
2693 2742 2747 2779 τι
2794 2727 3033 2796 χρηστὸν
3074 2725 3181 2794 ἴδῃ,
3209 2724 3361 2775 οὐδὲν
3391 2722 3506 2790 ἔχει
3554 2718 3773 2790 βέϐαιον

2181 2814 2302 2871 ούδέ
2340 2814 2605 2884 πεπηγός.
2664 2814 2964 2866 Τοιοῦτονό
2997 2811 3187 2882 παρὼν
3238 2811 3350 2881 βίος
3398 2810 3581 2862 ἐστίν’
3632 2808 3772 2859 ὀνειο

2184 2904 2363 2973 ράτων
2390 2904 2483 2955 καὶ
2506 2902 2805 2972 φαντασίας
2826 2901 3004 2971 γέμει.
3041 2901 3100 2953 '0
3124 2898 3352 2963 πλοῦτος
3381 2898 3534 2968 ὀναρ,
3562 2899 3597 2967 ἡ
3623 2896 3767 2961 δόξα,

2183 2993 2364 3045 πάντα
2432 2993 2502 3043 τὰ.
2569 2990 2814 3045 τοιαῦτα.
2886 2990 2947 3043 Ὀ
2995 2988 3295 3055 καθεύδων,
3364 2988 3432 3041 τά
3497 2987 3593 3057 μὲν
3642 2985 3772 3038 ὄντα

2183 3082 2278 3133 καὶ
2305 3081 2520 3151 ἀληθῶς
2571 3081 2859 3147 ὑφεστῶτα
2886 3078 2984 3149 οὐχ
3041 3079 3164 3149 ὁρᾷ,
3200 3078 3270 3131 τὰ
3293 3077 3351 3130 δέ
3406 3077 3481 3147 μὴ
3520 3075 3666 3127 ὀντα.
3694 3074 3769 3135 ὡς

2181 3170 2309 3221 ὄντα
2333 3167 2747 3238 φαντασιοῦται,
2799 3168 3038 3237 Τοιαύτη
3076 3170 3109 3237 ἡ
3134 3167 3302 3219 κακία
3331 3167 3468 3231 ἐστὶ,
3502 3161 3649 3236 [490]
3675 3163 3770 3216 καὶ

2181 3258 2294 3311 ὀέν
2350 3257 2520 3327 κακίᾳ
2573 3255 2723 3326 βίοςο
2763 3256 2861 3325 οὐχ
2914 3257 3017 3325 ὁρᾷ
3076 3257 3144 3307 τά
3178 3254 3330 3319 ὄντα,
3386 3252 3654 3317 τουτέστι,
3698 3252 3768 3304 τὰ

2181 3346 2548 3415 πνευματικά,
2578 3344 2647 3396 τά
2668 3344 2917 3415 οὐράνια,
2942 3344 3013 3395 τά
3057 3342 3308 3413 μένοντα,
3341 3340 3478 3393 ἀλλὰ
3511 3341 3579 3394 τά
3618 3340 3767 3409 ῥέον-

2181 3452 2249 3488 τα
2274 3434 2367 3487 καὶ
2405 3433 2760 3502 ἁφιπτάμενα
2799 3432 2891 3485 καὶ
2935 3431 3304 3501 ἁποπηδῶντα
3335 3431 3545 3500 ταχέως
3586 3428 3764 3498 ἡμῶν.

2182 3523 2299 3575 Ούκ
2341 3522 2504 3592 ἀρκεῖ
2531 3520 2588 3574 δέ
2632 3520 2996 3591 ἐγρηγορέναι
3027 3520 3119 3571 καὶ¹
3163 3519 3378 3588 νήφειν,
3408 3515 3545 3570 ἀλλά
3572 3516 3770 3569 δεῖκαὶ

2182 3608 2627 3672 καθοπλίζεσθαι.
2653 3608 2774 3661 Κάν
2802 3608 2912 3677 γάρ
2936 3603 3252 3677 ἐγρηγορώς
3274 3622 3357 3667 τις
3445 3606 3538 3658 καὶ
3564 3606 3765 3673 νήφων,

2186 3702 2260 3772 μὴ
2291 3700 2390 3770 ἔχῃ
2430 3699 2487 3752 δὲ
2515 3699 2675 3761 ὅπλα,
2714 3698 2926 3767 ταχέως
2957 3697 3122 3750 αὑτὸν
3177 3697 3227 3748 οἱ
3256 3696 3453 3767 λῃσταὶ
3493 3696 3769 3763 κατεργάσ

2183 3791 2388 3855 ζονται.
2416 3789 2586 3840 Ὅταν
2625 3784 2718 3841 οῦν
2747 3789 2844 3840 καὶ
2882 3786 3248 3856 ἐγρηγορέναι
3287 3784 3392 3854 χρὴ
3439 3784 3533 3837 καὶ
3577 3783 3770 3853 νήφειν

2182 3878 2276 3928 καὶ
2301 3874 2748 3939 καθοπλίςεσθαι,
2772 3876 2935 3945 ἡμεῖς
2962 3873 3019 3926 δὲ
3047 3872 3237 3928 ἄοπλοι
3270 3874 3364 3925 καὶ
3400 3871 3597 3940 γυμνοὶ
3621 3864 3770 3940 ὦμεν

2182 3966 2277 4016 καὶ
2297 3962 2663 4033 καθεύδωμεν,
2688 3962 2771 4024 τίς
2810 3961 3044 4015 κωλύσει
3094 3962 3300 4014 ἐκεῖνον
3328 3960 3497 4029 πῆξαι
3534 3960 3634 4029 τὴν
3662 3959 3770 4028 μά-

2182 4065 2420 4121 χαιραν;
2490 4053 2580 4103 Διὸ
2607 4053 2700 4103 καὶ
2725 4051 2882 4103 τοῦτο
2916 4048 3113 4118 δηλῶν,
3148 4049 3232 4102 ὅτι
3270 4048 3449 4101 ὃπλων
3501 4048 3633 4117 ἡμῖν
3668 4048 3765 4111 ἃῖ,

2182 4140 2463 4207 ἐπήγαγεν
2487 4152 2499 4166 ⁸
2551 4136 2749 4205 Ἡμεῖς
2788 4135 2857 4189 δὲ
2886 4136 3110 4205 ἡμέρας
3142 4136 3315 4204 ὄντες
3344 4134 3647 4204 νήφωμεν,
3676 4136 3768 4188 ἐν-

2181 4224 2511 4294 δυσάμενοι
2535 4224 2771 4291 θώρακα
2788 4225 3050 4288 πίστεως
3071 4224 3170 4277 καὶ
3185 4222 3442 4292 ἀγάπης·
3475 4224 3575 4277 καὶ
3609 4238 3769 4292 περι-

2181 4313 2536 4383 κεφάλαιον,
2559 4313 2774 4366 ἐλπίδα
2805 4312 3485 4379 σωτηρίας.-Πίστεως
3513 4311 3767 4381 καὶάτά-

2181 4417 2322 4470 πης,
2338 4402 2521 4472 φησίν.
2540 4401 2802 4454 Ἐνταῦθα
2819 4400 2930 4471 βίον
2950 4400 3088 4471 μετά
3107 4400 3397 4468 δογμάτων
3411 4398 3587 4471 ὀρθῶν
3601 4402 3769 4453 αἰνίτ-

2180 4509 2354 4545 τεται.
2392 4492 2533 4560 Ὅρα
2559 4491 2675 4553 πῶς
2702 4491 2936 4561 ἐδήλωσε
2963 4489 3016 4541 τί
3053 4490 3170 4542 ἐστι
3197 4489 3259 4541 τὸ
3285 4489 3646 4560 ἐγρηγορέναι
3676 4490 3771 4541 καὶ

2182 4582 2392 4651 νήφειν,
2409 4581 2470 4634 16
2486 4581 2630 4652 ἔχειν
2651 4578 3303 4651 θώρακα,φησ“ι,πίστεως
3317 4578 3411 4630 καὶ
3427 4578 3770 4646 ἀγάπης.Πίο

2184 4687 2301 4723 στιν
2318 4670 2378 4721 ού
2397 4672 2495 4740 τὴν
2506 4667 2772 4738 τυχοῦσαν
2786 4683 2972 4736 φησιν,
2988 4663 3125 4718 ἀλλά
3140 4664 3237 4736 τὴν
3254 4665 3504 4729 ζέουσαν,
3523 4665 3622 4735 τὴν
3638 4666 3769 4719 εἰλι-

2183 4758 2367 4829 κρινῆ,
2394 4758 2492 4829 τὴν
2514 4756 2842 4827 ἀχειρώτους
2860 4753 3120 4808 ποιοῦσαν
3146 4754 3272 4816 τοὺς
3294 4753 3769 4824 προδεσλημένους

2181 4849 2373 4917 αύτήν.
2401 4847 2614 4918 Ὥσπερ
2636 4846 2726 4897 τὸν
2754 4844 2979 4916 θώρακα
2995 4843 3148 4897 οὐδὲν
3171 4841 3239 4895 ἂν
3265 4842 3510 4913 διατέμοι
3535 4844 3768 4913 ταχέως,

2181 4933 2295 4987 ἀλλ’
2331 4933 2480 4986 ἐστιν
2534 4932 2733 4999 ἀφανὲς
2761 4932 2964 5001 τειχίον
3020 4927 3098 4999 τῷ
3150 4928 3336 4997 στήθει
3371 4944 3386 4957 ο
3422 4927 3564 4981 οὕτω
3586 4928 3677 4980 καὶ
3703 4930 3769 4982 σὺ

2183 5023 2366 5075 πίστιν
2416 5020 2511 5073 καὶ
2538 5022 2759 5089 ἀγάπην
2800 5018 3121 5087 περιέλασον
3156 5020 3222 5087 τῇ
3260 5014 3433 5087 ψυχῇ,
3485 5019 3578 5069 καὶ
3616 5016 3771 5070 οὐδὲν

2181 5109 2289 5164 τῶν
2316 5108 2730 5180 πεπυρωμένων
2755 5107 2925 5176 βελῶν
2948 5105 3040 5158 τοῦ
3071 5106 3316 5159 διαϐόλου
3334 5106 3647 5177 ἐμπαγῆναι
3676 5105 3773 5159 δυ-

2182 5201 2425 5271 νήσεται.
2461 5198 2628 5250 Ἔνθα
2681 5196 2788 5267 γὰρ
2912 5196 2940 5235 ιι
2978 5196 3501 5267 προκατειλημμένη
3555 5195 3631 5264 τῷ
3668 5195 3774 5265 τῆς

2182 5284 2403 5353 ἀγάπης
2428 5282 2577 5351 ὅπλῳ
2609 5280 2710 5351 τῆς
2740 5279 2916 5350 ψυχῆς
2956 5283 2988 5347 ἡ
3028 5280 3278 5350 δύναμις,
3309 5282 3486 5333 πάντα
3509 5278 3634 5350 είκῆ
3674 5281 3774 5334 καὶ

2186 5374 2362 5441 μάτην
2392 5369 2891 5433 κατασκευάζουσιν
2921 5371 2969 5422 οἱ
2998 5367 3463 5431 ἐπιϐουλεύοντες.
3502 5367 3638 5421 υῦτε
3661 5369 3773 5440 γάρ

2183 5461 2439 5532 πονηρία,
2480 5461 2580 5512 οὐκ
2606 5459 2796 5529 ἔχθρα,
2839 5458 2899 5510 ού
2935 5458 3224 5527 βασκανία,
3268 5458 3328 5510 ού
3362 5458 3638 5523 κολακεία,
3668 5460 3773 5526 οὐχ

2146 5604 2147 5607 η
2182 5546 2490 5615 ὑπόκρισις,
2537 5543 2637 5595 οὐκ
2664 5542 2792 5595 ἀλλο
2820 5542 2971 5595 οὐδὲν
3010 5540 3328 5595 καθικέσθαι
3360 5541 3643 5608 δονήσεται
3668 5540 3772 5608 τῆς

2180 5632 2437 5701 τοιαύτης
2460 5631 2657 5702 ψυχῆς.
2687 5633 2823 5701 ,Οὐχ
2860 5633 3047 5695 ἁπλῶς
3098 5631 3151 5683 δὲ
3186 5632 3405 5700 ἀγάπην
3445 5628 3617 5691 εἶπεν,
3652 5630 3770 5681 ἀλλ’

2181 5720 2254 5780 ὡς
2285 5717 2509 5788 θώρακα
2538 5716 2758 5787 ἰσχυρὸν
2782 5713 2933 5771 εἶπεν
2962 5715 3302 5771 ἐνδύσασθαι.
3337 5711 3470 5770 Εἶτα
3496 5714 3667 5778 οὕτως
3690 5714 3769 5768 εί-

2248 5889 2275 5930 b
2299 5888 2435 5952 L030
2461 5890 2563 5951 ἔνθα
2584 5889 2670 5954 γὰρ
2691 5890 2745 5937 ἂν
