4114 6396
324 331 428 390 M9

315 453 487 511 cauda
544 454 800 525 Epistola.
852 453 984 509 Nam
1040 454 1291 525 quoniam
1339 455 1425 509 isti
1478 453 1693 524 quidem
1741 464 1897 508 erant

315 547 368 601 in
421 545 745 613 at'llictione,
790 546 862 601 illi
915 553 1094 600 autem
1142 545 1195 600 in
1245 545 1359 599 otio
1407 554 1462 599 et
1511 544 1752 606 deliciis,
1804 543 1897 614 qui

313 654 436 693 cum
467 637 575 692 illis
610 637 807 692 bellum
835 637 1133 708 gerebant;
1162 636 1389 692 subinde
1434 637 1574 691 mala
1613 637 1896 706 praesentia

313 728 625 784 consolatur
678 728 781 784 hoc
827 743 1077 783 sermone
1116 728 1184 783 de
1234 729 1646 784 resurrectione.
1687 726 1762 781 Illi
1815 726 1897 781 in-

314 825 584 876 suitabant
635 836 700 876 ex
746 836 966 876 avorum
1023 823 1302 891 loquentes
1348 821 1796 889 cogitationibus,
1841 830 1895 875 et

316 914 563 968 dicentes
608 928 623 966 :
672 912 894 980 Quando
941 913 1086 967 erit?
1116 912 1289 983 (quod
1339 912 1555 981 quidem
1602 911 1895 980 carpebant

318 1004 478 1057 ctiam
531 1004 804 1074 propheta:
843 1021 857 1058 :
916 1003 1003 1059 Vw
1044 1004 1299 1071 dicentes,
1334 1004 1447 1059 Cito
1487 1005 1893 1074 appropinquant

315 1113 432 1165 quia
456 1097 608 1165 faciet
645 1094 911 1161 Dominus,
940 1106 997 1150 ut
1029 1098 1283 1150 videamus
1306 1114 1326 1161 ;
1349 1106 1396 1149 et
1417 1097 1584 1149 veniat
1624 1097 1892 1150 consilium

318 1188 481 1242 sancti
512 1186 696 1249 Israel,
724 1195 779 1240 ut
804 1203 1167 1257 cognoscamus
1193 1186 1344 1259 [Isai.
1366 1189 1417 1242 5.
1450 1186 1540 1259 19]
1563 1204 1576 1251 ;
1601 1199 1655 1242 et
1680 1203 1886 1255 rursus,

330 1276 416 1330 Va:
440 1278 524 1347 qui
568 1277 853 1332 desiderant
895 1278 1028 1332 diem
1065 1278 1274 1332 Domini
1301 1276 1495 1351 [.dmas.
1524 1280 1578 1335 5.
1612 1277 1701 1351 18]
1736 1297 1755 1331 t
1784 1294 1892 1333 non

314 1368 460 1422 enim
489 1368 734 1425 absolute
762 1369 891 1423 dicit
933 1385 1027 1425 eos
1052 1370 1140 1441 qui
1182 1370 1529 1438 desiderant,
1560 1371 1653 1426 sed
1683 1386 1777 1426 eos
1802 1372 1892 1441 qui

314 1460 623 1516 desiderant
649 1477 714 1516 eo
736 1461 878 1532 quod
916 1478 1021 1517 non
1061 1463 1311 1529 credant;
1336 1483 1354 1516 ι
1388 1476 1465 1530 et,
1505 1463 1623 1519 Dies
1652 1464 1890 1533 Domini,

318 1554 521 1624 inquit,
551 1555 782 1619 tenebrat,
814 1566 860 1609 et
894 1574 994 1612 non
1030 1559 1119 1611 lux
1139 1557 1361 1631 [Ibid.])
1398 1576 1413 1613 :
1444 1558 1565 1614 ideo
1606 1561 1707 1615 hoc
1740 1560 1889 1616 dicit.

316 1644 449 1701 Vide
479 1662 607 1717 ergo
634 1648 899 1716 quomodo
929 1664 1024 1704 eos
1049 1652 1357 1706 consolatur
1382 1652 1597 1719 Paulus,
1624 1654 1775 1723 quasi
1805 1653 1883 1709 di-

318 1747 464 1792 ceret
489 1755 503 1791 :
536 1737 652 1792 Non
684 1754 755 1794 ex
783 1754 849 1795 eo
868 1779 885 1806 ,
910 1740 1053 1811 quod
1082 1741 1136 1795 in
1164 1744 1435 1812 voluptate
1463 1743 1644 1799 vivant
1670 1756 1725 1799 et
1749 1744 1890 1800 deli-

314 1829 446 1895 ciis,
491 1830 780 1899 conjiciant
819 1832 964 1902 quod
1000 1848 1107 1887 non
1145 1832 1396 1888 adveniat
1431 1833 1735 1905 judicium:
1768 1853 1890 1891 nam

314 1923 392 1976 sic
421 1937 631 1993 quoque
658 1924 897 1980 advenit.
937 1924 1125 1994 Operae
1167 1930 1396 1995 pretium
1424 1936 1505 1983 est
1548 1938 1724 1985 autem
1764 1931 1890 1986 illud

314 2029 527 2085 quoque
577 2032 822 2086 quznrere
864 2035 880 2073 :
917 2016 975 2074 Si
1018 2019 1376 2074 Antichristus
1418 2022 1604 2087 venit,
1648 2032 1704 2077 et
1748 2024 1892 2079 Elias

314 2107 478 2172 venit,
501 2108 771 2176 quomodo
794 2108 1011 2178 quando
1035 2109 1237 2175 dicunt,
1264 2108 1381 2169 Pax
1409 2120 1454 2164 et
1478 2114 1740 2179 securitas,
1766 2124 1892 2170 tunc

313 2198 396 2252 eis
423 2199 737 2267 repentinus
776 2201 1084 2269 supervenit
1124 2200 1412 2256 interitus?
1440 2201 1555 2257 haec
1596 2206 1739 2261 enim
1784 2220 1889 2260 non

314 2290 500 2343 sinunt
524 2291 663 2345 diem
686 2292 941 2362 ignorari,
969 2307 1091 2347 cum
1117 2294 1224 2346 sint
1249 2293 1443 2347 indicia
1465 2294 1583 2363 ejus
1605 2295 1885 2351 adventus.

312 2384 417 2437 Sed
458 2399 563 2438 non
605 2384 707 2439 hoc
748 2393 958 2454 tempus
987 2385 1298 2440 Antichristi
1337 2385 1632 2441 subindicat
1658 2427 1675 2453 ,
1720 2403 1891 2459 neque

317 2478 463 2531 illum
510 2477 690 2543 diem;
741 2481 992 2547 quoniam
1050 2479 1179 2533 illud
1225 2481 1328 2534 erit.
1373 2480 1581 2550 signum
1629 2480 1889 2536 adventus

313 2568 546 2633 Christi,
579 2570 694 2639 ipse
726 2579 902 2624 autem
934 2584 1039 2625 non
1070 2570 1285 2625 habebit
1312 2571 1519 2640 signum
1543 2612 1559 2636 ,
1587 2573 1681 2627 sed
1710 2573 1888 2627 statim

314 2671 369 2715 et
398 2671 620 2730 repente
640 2662 819 2716 veniet
836 2671 891 2717 et
915 2676 982 2715 ex
1007 2662 1299 2732 inopinato.
1326 2664 1389 2716 At
1410 2663 1552 2717 enim
1572 2664 1886 2733 praegnanti,

314 2754 504 2823 inquit,
535 2761 746 2822 tempus
770 2767 877 2807 non
911 2755 1048 2807 clam
1083 2755 1431 2822 supervenit;
1462 2755 1565 2809 scit
1599 2755 1742 2809 enim
1770 2764 1888 2824 post

314 2863 503 2903 novem
547 2862 759 2903 menses
778 2856 989 2918 partum
1033 2847 1289 2902 futurum.
1325 2848 1436 2902 lmo
1475 2862 1603 2903 vero
1624 2848 1777 2904 valde
1804 2849 1891 2903 in-

311 2949 457 2993 certa
487 2954 574 2994 res
600 2948 682 2994 est
709 2956 723 2993 :
754 2955 876 2993 nam
899 2939 1017 2993 aliae
1041 2939 1250 3008 pariunt
1274 2940 1501 3009 septimo
1520 2955 1707 2995 mense
1728 2981 1743 3005 ,
1772 2940 1890 2997 alia:

314 3042 457 3085 nono
491 3047 503 3083 :
536 3029 769 3100 alioquin
809 3029 968 3084 etiam
998 3037 1052 3083 et
1094 3029 1211 3083 dies
1238 3038 1294 3084 et
1335 3028 1466 3085 hora
1495 3041 1678 3099 partus
1701 3040 1783 3085 est
1808 3032 1889 3085 in-

313 3132 479 3177 certa.
513 3122 608 3177 ilic
637 3137 765 3192 ergo
793 3130 877 3177 est
900 3121 1050 3176 Pauli
1082 3136 1298 3192 scopus.
1331 3121 1400 3176 Et
1434 3133 1678 3178 accurata
1705 3134 1788 3178 est
1812 3124 1889 3180 si-

312 3213 594 3269 militudo:
624 3229 729 3267 non
760 3221 884 3267 sunt
908 3213 1047 3268 enim
1080 3214 1245 3268 multa
1274 3225 1460 3284 partus
1490 3215 1682 3271 indicia
1714 3233 1728 3271 :
1762 3232 1885 3271 nam

314 3309 494 3362 multre
520 3307 680 3361 etiam
712 3307 765 3361 in
804 3308 905 3360 viis
944 3310 1156 3376 pariunt
1181 3316 1236 3361 et
1273 3317 1421 3361 extra
1460 3307 1678 3362 domum
1706 3349 1721 3373 ,
1766 3324 1889 3364 cum

316 3414 421 3453 non
455 3396 867 3467 praescivissent.
902 3395 1015 3450 Non
1036 3397 1208 3450 solum
1240 3408 1419 3452 autem
1445 3396 1532 3452 hic
1555 3398 1728 3453 innuit
1754 3406 1890 3453 tem-

314 3506 415 3561 pus
441 3492 706 3546 incertum
731 3530 747 3557 ,
786 3490 878 3545 sed
917 3491 1077 3544 etiam
1103 3490 1309 3544 doloris
1338 3491 1708 3545 acerbitatem.
1740 3490 1890 3547 Sicut

313 3584 457 3636 enim
483 3582 571 3636 illa
600 3581 791 3636 ludens
811 3622 827 3648 ,
860 3580 1040 3636 ridens
1063 3622 1079 3648 ,
1126 3581 1256 3634 nihil
1300 3582 1518 3635 omnino
1550 3582 1847 3651 praividens
1869 3625 1888 3652 ,

314 3682 537 3741 repente
587 3669 1049 3741 iuexpiicabiiibus
1077 3679 1289 3739 arrepta
1339 3670 1618 3725 doloribus
1642 3711 1658 3737 ,
1706 3671 1758 3726 in
1790 3687 1887 3742 pa-

314 3762 500 3819 riendo
522 3762 702 3818 labore
722 3761 1043 3832 discerpitur
1074 3780 1087 3817 :
1118 3761 1186 3815 ita
1211 3762 1371 3816 etiam
1394 3761 1585 3817 animm
1613 3762 1736 3826 illae,
1764 3778 1886 3818 cum

313 3856 427 3911 dies
455 3856 748 3911 advenerit.
794 3854 862 3909 Et
907 3873 1007 3909 non
1034 3852 1297 3925 e/fugient.
1353 3854 1557 3911 Deinde
1595 3857 1887 3913 ostendens

313 3969 371 4008 se
398 3954 464 4009 de
492 3954 596 4009 illis
629 3969 736 4007 non
782 3952 946 4022 loqui,
976 3950 1249 4020 subjungit
1278 3969 1292 4004 :
1321 3950 1377 4005 4.
1421 3949 1517 4005 Vos
1542 3962 1712 4005 autem
1736 3993 1752 4019 ,
1781 3956 1891 4024 fra-

313 4058 435 4113 tres,
468 4062 569 4099 non
594 4046 713 4099 estis
738 4044 791 4097 in
820 4043 1032 4098 tenebris
1049 4076 1065 4103 ,
1091 4052 1148 4097 ut
1169 4058 1255 4096 vos
1278 4044 1386 4097 dies
1410 4042 1499 4097 ille
1527 4054 1782 4113 tamquam
1807 4047 1891 4116 fur

311 4138 723 4208 comprehendat.

382 4231 436 4286 3.
478 4229 576 4283 llic
601 4226 989 4283 tenebricosam
1013 4236 1067 4282 et
1087 4227 1351 4297 impuram
1379 4226 1510 4283 dicit
1534 4231 1717 4283 vitam.
1742 4227 1892 4283 Tam-

314 4338 474 4391 quam
495 4324 640 4377 enim
668 4323 721 4377 in
754 4332 913 4377 nocte
944 4321 1123 4377 omnia
1151 4330 1314 4390 agunt
1338 4322 1531 4391 impuri
1558 4330 1615 4377 et
1641 4321 1890 4377 scelerati

315 4416 580 4479 homines,
622 4428 812 4469 omnes
855 4414 1098 4477 latentes,
1141 4421 1197 4467 et
1233 4427 1293 4468 se
1334 4412 1389 4467 in
1433 4413 1671 4468 tenebris
1718 4414 1892 4468 inclu-

313 4509 524 4561 deutes.
572 4505 844 4569 Nam,dic
887 4504 1039 4571 mihi,
1086 4518 1267 4559 nonne
1312 4518 1591 4574 vesperam
1639 4505 1891 4560 observat

314 4598 544 4664 adulter,
577 4610 756 4651 nonne
789 4595 873 4650 i'ur
898 4596 1149 4651 noctem?
1177 4607 1232 4650 et
1266 4598 1353 4665 qui
1397 4595 1639 4665 sepulcra
1679 4595 1887 4659 eii'odit,

314 4706 493 4745 annon
529 4698 687 4744 nocte
721 4687 775 4743 id
809 4697 978 4742 tntum
1019 4688 1309 4757 operatur?
1338 4686 1475 4754 Quid
1516 4702 1679 4753 vero;
1707 4702 1889 4743 annon

246 4768 254 4778 ’
316 4792 584 4851 tamquam
628 4781 712 4834 iur
738 4794 832 4834 eos
859 4778 1305 4849 comprehendit?
1342 4793 1519 4834 annon
1557 4780 1637 4834 eis
1675 4781 1890 4834 clancu-

313 4874 421 4927 lum
465 4872 717 4927 advenit?
764 4870 870 4927 Sed
919 4871 1049 4941 ipsis
1072 4870 1401 4926 scientibus?
1439 4870 1719 4938 Quomodo
1760 4886 1889 4942 ergo

314 4965 465 5029 dicit,
500 4964 621 5018 Non
650 4963 886 5033 indigetis
912 4971 968 5015 ut
996 4961 1274 5015 scribamus
1314 4962 1489 5017 vobis?
1528 4961 1623 5017 Hic
1655 4962 1888 5033 loquitur

315 5073 420 5112 non
449 5055 743 5126 respiciens
771 5054 838 5109 ad
876 5054 1138 5109 incertum
1170 5064 1402 5123 tempus,
1434 5052 1532 5109 sed
1570 5054 1638 5109 ad
1666 5055 1888 5109 calami-

314 5159 478 5204 tatem
513 5166 527 5202 :
560 5147 661 5202 hoc
682 5157 785 5212 est,
815 5161 922 5200 non
952 5146 1129 5200 veniet
1154 5145 1210 5200 in
1239 5145 1439 5201 malum
1466 5146 1723 5217 ipsorum.
1752 5146 1886 5203 Nam

314 5242 543 5296 obscure
576 5250 630 5295 et
655 5239 793 5294 clam
823 5238 903 5293 eis
929 5238 1090 5293 etiam
1120 5236 1318 5303 veniet,
1345 5237 1441 5293 sed
1464 5251 1559 5293 eos
1602 5239 1655 5292 in
1687 5238 1885 5293 nullam

314 5334 563 5404 conjiciet
585 5331 905 5388 molestiam.
938 5328 1005 5385 Ut
1034 5329 1162 5395 dies,
1186 5328 1378 5399 inquit,
1406 5344 1492 5384 vos
1518 5339 1775 5401 tamquam
1799 5330 1888 5400 [ur

313 5427 722 5498 comprehendat.
753 5424 884 5479 Nam
925 5421 1067 5493 apud
1100 5435 1195 5477 eos
1230 5421 1321 5492 qui
1349 5421 1569 5491 vigilant
1596 5432 1651 5477 et
1675 5430 1803 5477 sunt
1830 5422 1883 5477 in

314 5517 453 5581 luce.
502 5517 711 5575 etiamsi
762 5518 1034 5587 ingressus
1090 5514 1249 5569 fuerit
1298 5513 1456 5578 latro,
1513 5513 1643 5568 nihil
1702 5512 1886 5569 damni

316 5608 509 5665 ail‘erre
536 5606 731 5679 poterit
760 5625 775 5662 :
804 5607 876 5661 ita
902 5605 1061 5662 etiam
1090 5604 1143 5659 in
1169 5603 1236 5659 iis
1262 5604 1353 5674 qui
1377 5612 1521 5659 recte
1548 5604 1764 5668 vivunt;
1789 5602 1885 5658 sed

320 5703 426 5758 illis
468 5704 559 5773 qui
586 5701 862 5758 dormiunt
903 5698 1049 5755 omni
1096 5715 1156 5755 re
1197 5700 1437 5771 spoliatis
1465 5708 1519 5754 et
1547 5698 1759 5754 nudatis
1800 5712 1887 5753 re-

306 5795 468 5863 cedit,
498 5794 587 5861 iis,
619 5794 857 5866 inquam,
884 5792 975 5863 qui
1008 5792 1092 5849 his
1115 5790 1335 5848 nimium
1361 5789 1653 5849 conﬁdunt.
1682 5789 1884 5852 Deinde

1127 338 1195 397 IN
1232 336 1449 396 EPIST.
1493 338 1534 395 l.
1576 337 1669 393 AD
1707 335 2036 393 TllESSAL.
2077 337 2225 393 CAP.
2270 337 2334 393 V.
2378 336 2605 394 liOMlL.
2641 338 2734 394 IX.

3473 343 3579 398 450

2004 452 2145 506 aliud
2173 452 2442 524 subjungit
2473 476 2484 509 :
2518 457 2569 510 5.
2609 453 2799 509 Omnes
2823 454 2954 509 enim
2979 471 3082 519 vos,
3116 456 3304 526 inquit,
3332 457 3429 526 ﬁlii
3452 460 3581 515 lucis

2000 544 2139 608 estis,
2171 553 2218 598 et
2242 546 2339 613 ﬁlii
2363 548 2480 600 diei.
2511 549 2577 601 Et
2605 548 2877 618 quomodo
2907 548 3019 602 ﬁeri
3052 558 3226 617 potest
3252 560 3307 603 ut
3341 552 3447 605 sint
3483 552 3580 607 lilii

1999 635 2152 690 dici?
2191 636 2487 708 Tamquam
2530 640 2621 694 lilii
2668 639 3003 710 perditionis,
3036 650 3306 710 tamquam
3352 642 3443 696 lilii
3485 658 3581 713 ge-

2000 728 2209 783 hennae.
2258 730 2383 785 Ideo
2406 731 2648 787 Christus
2674 732 2886 788 dicebat
2921 732 3206 787 Phariszeis
3241 751 3254 785 :
3300 734 3384 787 Vw
3418 735 3577 798 vobis,

1997 823 2233 891 quoniam
2277 825 2497 878 circuitis
2545 842 2684 879 mare
2725 835 2773 880 et
2821 827 3020 880 aridam
3064 835 3117 880 ut
3170 829 3372 895 [aciatis
3419 846 3580 883 unum

1997 915 2347 987 proselytum;
2383 927 2430 970 et
2472 933 2585 970 cum
2631 917 2797 986 factus
2825 919 2995 988 fuerit,
3044 919 3213 987 facitis
3257 937 3369 973 eum
3410 921 3579 989 ﬁlium

1995 1007 2235 1076 geltennm
2261 1006 2471 1078 (Matth.
2491 1008 2582 1063 25.
2607 1007 2713 1080 15);
2743 1018 2797 1063 et
2827 1010 3040 1075 Paulus,
3063 1009 3282 1079 Propter
3306 1028 3419 1079 qtae
3446 1013 3579 1065 venit

1994 1102 2074 1153 ira
2093 1098 2187 1153 Dei
2207 1117 2360 1170 super
2377 1100 2509 1169 ﬁlios
2538 1101 2886 1156 inobedientia:
2903 1103 3035 1169 (Col.
3054 1103 3108 1157 3.
3128 1104 3207 1170 6);
3233 1103 3335 1159 hoc
3362 1117 3465 1170 est,
3487 1106 3577 1175 qui

1996 1209 2117 1262 qua:
2149 1204 2274 1247 sunt
2298 1194 2559 1263 gehenna:
2588 1193 2806 1261 faciunt,
2838 1196 2924 1264 qui
2954 1212 3071 1266 qua:
3104 1206 3228 1250 sunt
3258 1197 3576 1252 inobedieu—

1996 1285 2102 1339 tiae.
2134 1286 2201 1340 Ut
2224 1300 2353 1355 ergo
2376 1286 2463 1340 iilii
2495 1286 2585 1339 Dei
2609 1295 2733 1340 sunt
2758 1289 2846 1357 qui
2875 1298 3038 1357 agunt
3058 1304 3176 1357 qua:
3201 1289 3309 1343 Deo
3341 1290 3575 1358 placent,

1995 1377 2066 1433 ita
2094 1379 2253 1433 etiam
2284 1379 2374 1432 lilii
2418 1380 2524 1433 diei
2570 1390 2623 1433 et
2662 1380 2754 1434 lilii
2795 1381 2953 1445 lucis,
2981 1382 3071 1451 qui
3103 1392 3267 1451 agunt
3305 1399 3425 1451 qua:
3453 1393 3579 1438 sunt

1996 1469 2153 1524 lucis.
2190 1468 2307 1524 Non
2348 1486 2523 1523 sumus
2552 1470 2712 1524 noctis
2752 1487 2909 1540 neque
2942 1472 3279 1526 tenebrarum.
3322 1474 3377 1527 6.
3411 1472 3579 1544 Igitur

1994 1577 2095 1614 non
2126 1560 2462 1627 dormiamus,
2494 1561 2625 1614 sicut
2652 1572 2699 1615 et
2726 1561 2913 1628 caeteri,
2942 1562 3032 1615 sed
3062 1563 3323 1634 vigilemus
3348 1573 3396 1617 et
3421 1565 3576 1618 sobrii

1995 1651 2170 1706 simus.
2215 1651 2268 1703 7.
2316 1650 2416 1718 Qui
2450 1649 2729 1715 dormiunt,
2758 1662 2905 1706 nocte
2941 1651 3231 1718 dormiunt;
3268 1662 3317 1705 et
3342 1654 3427 1722 qui
3454 1654 3577 1707 ebrii

1992 1751 2131 1808 sunt,
2165 1752 2308 1795 nocte
2336 1743 2458 1796 ebrii
2489 1753 2604 1796 sunt
2635 1759 2654 1796 :
2679 1743 2729 1798 8.
2778 1759 2872 1796 nos
2899 1753 3087 1807 autem,
3115 1745 3201 1812 qui
3234 1745 3336 1797 diei
3375 1761 3573 1811 sumus,

1992 1834 2148 1887 sobrii
2185 1834 2361 1888 simus.
2427 1833 2524 1889 llic
2557 1833 2789 1889 ostendit
2826 1834 2967 1903 quod
2999 1835 3053 1888 in
3082 1835 3171 1889 die
3206 1849 3347 1902 esse,
3378 1836 3449 1890 sit
3475 1852 3576 1890 no-

1993 1935 2185 1981 strum.
2216 1926 2346 1981 Nam
2371 1926 2457 1982 hic
2479 1928 2714 1998 quidem,
2742 1928 2864 1984 dico
2886 1929 2954 1983 de
2980 1928 3178 1985 hacdie
3192 1939 3241 1984 et
3266 1939 3442 1996 nocte,
3467 1947 3573 1986 non

1993 2029 2077 2074 est
2108 2032 2371 2086 nostrum,
2400 2020 2493 2075 sed
2521 2021 2603 2076 vel
2631 2021 2783 2075 nobis
2813 2021 2989 2076 invitis
3015 2022 3160 2077 venit
3186 2038 3313 2090 nos,
3341 2032 3391 2077 et
3420 2023 3575 2079 nobis

1994 2111 2302 2167 nolentibus
2351 2112 2504 2166 adest
2547 2126 2817 2169 somnus:
2854 2113 2907 2167 in
2955 2113 3044 2167 illa
3091 2124 3267 2168 autem
3323 2123 3478 2169 nocte
3519 2123 3576 2170 et

1994 2218 2186 2259 somno
2212 2220 2316 2258 non
2356 2212 2439 2258 est
2469 2207 2562 2269 ita,
2595 2203 2689 2259 sed
2722 2204 2845 2258 licet
2874 2213 3131 2274 perpetuo
3169 2204 3409 2275 vigilare,
3448 2205 3575 2263 licet

1993 2304 2253 2365 perpetuo
2280 2294 2424 2350 diem
2454 2308 2634 2364 agere.
2674 2293 2805 2349 Nam
2849 2294 3043 2350 anima:
3084 2295 3336 2350 claudere
3360 2297 3569 2359 oculos,

1992 2401 2100 2444 eta
2141 2389 2268 2443 vitio
2313 2402 2559 2442 somnum
2610 2386 2885 2449 inducere,
2931 2404 3036 2441 non
3084 2397 3165 2442 est
3209 2395 3432 2453 naturai,
3477 2388 3572 2442 sed

1993 2483 2147 2538 liberi
2180 2481 2409 2537 arbitrii.
2437 2482 2544 2536 Sed
2577 2482 2857 2550 vigilemus,
2907 2481 3094 2550 inquit,
3123 2491 3170 2534 et
3196 2482 3353 2536 sobrii
3388 2497 3569 2536 snnus.

1992 2575 2143 2630 Licet
2166 2576 2311 2629 enim
2335 2576 2384 2631 ei
2411 2574 2502 2645 qui
2523 2574 2705 2644 vigilat
2731 2574 2986 2639 dormire,
3016 2573 3146 2629 nihil
3172 2574 3294 2628 boni
3322 2577 3528 2646 agendo
3553 2593 3570 2632 :

1992 2676 2272 2737 propterea
2294 2666 2593 2735 subjunxit,
2629 2664 2690 2718 Et
2717 2664 2872 2718 sobrii
2891 2665 3066 2718 simus.
3095 2664 3300 2719 Etenim
3330 2665 3381 2720 in
3413 2666 3499 2720 die
3524 2666 3571 2721 si

1990 2758 2109 2828 quis
2122 2757 2321 2828 vigilet,
2339 2772 2443 2809 non
2460 2756 2526 2810 sit
2544 2766 2720 2810 autem
2741 2756 2971 2821 sobrius,
2987 2756 3038 2810 in
3058 2757 3192 2811 mala
3208 2757 3401 2811 incidet
3419 2759 3572 2812 innu-

1992 2847 2291 2904 merabilia.
2316 2846 2672 2914 Quamobrem
2707 2847 2901 2915 vigilite
2930 2847 3159 2901 intensio
3178 2856 3261 2901 est
3285 2848 3568 2903 sobrietas.

2069 2937 2233 2993 Omne
2278 2939 2452 2991 vitium
2489 2946 2560 2990 est
2597 2936 2809 2990 ebrietas
2844 2938 3251 3006 animm—Qui
3289 2939 3568 3007 dormiunt,

1994 3030 2184 3100 inquit,
2213 3037 2365 3082 noctu
2395 3028 2688 3093 dormiunt,-
2715 3036 2762 3081 et
2795 3028 2883 3097 qui
2918 3028 3247 3094 inebriantur,
3279 3040 3430 3083 noctu
3456 3031 3572 3084 ine-

1994 3120 2248 3175 briantur.
2277 3119 2607 3175 Ebrietatem
2641 3117 2730 3172 hic
2763 3118 2913 3184 dicit,
2945 3132 3051 3174 non
3080 3134 3198 3174 eam
3239 3120 3412 3179 solum
3453 3137 3574 3191 quae

1993 3222 2073 3269 est
2123 3212 2327 3276 avino,
2370 3210 2466 3267 sed
2521 3227 2639 3267 eam
2692 3210 2851 3266 etiam
2903 3226 3023 3281 qua:
3073 3220 3156 3267 est
3205 3212 3274 3266 ab
3325 3214 3574 3270 omnibus

1993 3304 2167 3359 malis.
2224 3304 2471 3358 Ebrietas
2524 3302 2665 3357 enim
2707 3301 2901 3359 animas
2954 3311 3081 3356 sunt
3120 3302 3340 3370 divitia),
3384 3316 3440 3359 et
3476 3320 3572 3374 pe-

1993 3398 2166 3453 cunize
2202 3396 2486 3466 cupiditas,
2517 3403 2573 3449 et
2619 3410 2772 3449 amor
2810 3409 3132 3463 corporum;
3172 3405 3228 3450 et
3277 3396 3577 3465 quodcum-

1994 3505 2099 3560 que
2146 3489 2383 3551 dixeris,
2432 3497 2517 3548 est
2562 3487 2794 3542 ebrietas
2838 3489 3052 3542 animae.
3104 3487 3215 3543 Cur
3262 3498 3441 3544 autem
3494 3491 3575 3543 vi-

1995 3584 2126 3638 tium
2177 3581 2390 3636 vocavit
2439 3581 2723 3635 somnum?
2759 3579 3020 3646 Quoniam
3074 3581 3305 3650 primum
3360 3582 3574 3653 quidem

1994 3675 2083 3745 qui
2110 3683 2190 3730 est
2213 3672 2499 3743 ejusmodi,
2523 3681 2671 3726 caret
2695 3672 2841 3726 omni
2867 3672 3078 3727 actione
3097 3672 3308 3727 virtutis
3337 3690 3353 3728 :
3379 3674 3573 3728 deinde

1993 3768 2201 3822 visione
2238 3774 2294 3820 et
2346 3762 2622 3834 phantasia
2664 3761 2844 3817 omnia
2880 3762 3260 3832 apprehendit,
3305 3763 3437 3818 nihil
3484 3778 3577 3819 ve-

1994 3874 2113 3914 rum
2138 3856 2300 3921 videt,
2341 3855 2435 3911 sed
2487 3864 2570 3909 est
2608 3854 2798 3924 plenus
2825 3854 3051 3909 somniis
3079 3864 3133 3910 et
3157 3856 3403 3911 absurdis
3432 3870 3577 3925 sarpe

1994 3948 2159 4005 rebus
2192 3966 2204 4000 :
2233 3948 2277 4002 si
2313 3946 2439 4018 quid
2480 3957 2658 4001 autem
2701 3945 2825 4000 boni
2862 3946 3074 4011 viderit,
3118 3946 3251 3999 nihil
3283 3945 3441 4001 habet
3484 3945 3573 4000 tiro

1995 4056 2140 4096 mum
2170 4054 2270 4095 nec
2294 4038 2544 4094 solidum.
2578 4037 2725 4091 Talis
2750 4045 2835 4091 est
2862 4036 2970 4090 vita
2996 4050 3233 4106 prasens
3264 4053 3278 4090 :
3306 4046 3391 4092 est
3419 4038 3575 4105 plena

1995 4134 2218 4190 somniis
2245 4142 2299 4187 et
2332 4131 2558 4187 visione.
2593 4130 2798 4184 Divitiae
2837 4140 2963 4183 sunt
2991 4129 3279 4195 somnium,
3307 4138 3360 4184 et
3383 4129 3574 4198 gloria,

1994 4235 2049 4281 et
2077 4237 2427 4294 quaecumque
2458 4231 2583 4277 sunt
2612 4220 2933 4291 hujusmodi.
2964 4220 3063 4283 Qui
3105 4220 3322 4284 dormit,
3351 4235 3413 4274 ea
3454 4236 3575 4290 qum

1995 4328 2120 4374 sunt
2161 4327 2217 4373 et
2242 4332 2362 4387 qua:
2392 4330 2520 4371 vere
2547 4315 2850 4369 consistunt
2885 4328 2991 4365 non
3027 4311 3171 4365 videt
3197 4328 3213 4365 :
3241 4326 3360 4380 quas
3393 4322 3573 4366 autem

1996 4424 2102 4464 non
2133 4418 2280 4473 sunt,
2316 4418 2587 4477 tamquam
2631 4420 2751 4472 qua;
2800 4403 2909 4457 sint
2950 4402 3159 4456 visione
3198 4401 3570 4471 apprehendit.

1994 4501 2124 4555 Tale
2173 4508 2256 4554 est
2302 4498 2508 4560 vitium,
2551 4504 2607 4552 et
2649 4510 2769 4565 qua:
2811 4494 2865 4549 in
2901 4494 3031 4548 vitio
3076 4494 3251 4564 agitur
3286 4493 3392 4548 vita
3423 4511 3438 4548 :
3467 4510 3575 4549 non

1993 4591 2138 4647 videt
2176 4606 2295 4661 quae
2338 4598 2481 4651 sunt,
2512 4588 2612 4641 hoc
2641 4595 2741 4652 est,
2794 4584 3109 4656 spiritualia,
3155 4585 3407 4651 carlestia,
3455 4602 3572 4640 ma-

1994 4684 2209 4748 nentia;
2240 4682 2334 4736 sed
2364 4695 2482 4751 quae
2507 4678 2680 4733 ﬂuunt
2706 4688 2760 4733 et
2787 4678 3021 4744 avolant,
3050 4688 3102 4733 et
3130 4679 3237 4733 cito
3257 4693 3286 4732 a
3310 4679 3465 4733 nobis
3491 4695 3576 4733 re-

1994 4776 2197 4831 siliunt.
2226 4772 2343 4829 Non
2370 4773 2502 4828 satis
2522 4781 2606 4828 est
2625 4782 2800 4826 autem
2827 4771 3067 4841 vigilare,
3095 4781 3147 4826 et
3171 4786 3290 4827 esse
3309 4773 3570 4840 sobrium,

1994 4868 2090 4923 sed
2132 4866 2293 4921 etiam
2335 4873 2551 4934 Oportet
2578 4862 2795 4917 armari.
2838 4862 2969 4916 Nam
3015 4863 3222 4918 etiamsi
3252 4864 3369 4934 quis
3398 4866 3466 4919 sit
3498 4867 3574 4919 vi-

1994 4964 2163 5033 gilans
2201 4968 2258 5014 et
2283 4958 2515 5021 sobrius,
2548 4970 2654 5011 non
2686 4956 2878 5009 habeat
2920 4965 3099 5009 autem
3129 4970 3295 5021 arma,
3336 4961 3573 5013 latrones

1995 5069 2116 5110 eum
2144 5055 2251 5108 cito
2291 5052 2598 5107 coniiciunt.
2628 5047 2759 5103 Cum
2786 5063 2915 5118 ergo
2946 5063 3044 5103 nos
3070 5059 3314 5118 oporteat
3353 5059 3408 5105 et
3435 5050 3570 5120 vigi-

1995 5146 2129 5211 lare,
2169 5155 2223 5200 et
2253 5158 2373 5198 esse
2403 5141 2633 5207 sobrios,
2661 5149 2715 5197 et
2740 5140 2971 5205 armari;
3012 5141 3179 5194 simus
3206 5150 3382 5196 autem
3424 5141 3571 5197 iner-

1994 5253 2111 5295 mes
2139 5248 2195 5292 et
2215 5236 2365 5301 nudi,
2408 5247 2463 5291 et
2490 5234 2818 5289 dormiamus
2848 5250 2862 5287 :
2894 5233 3013 5303 quis
3039 5232 3239 5287 vetabit
3285 5234 3570 5303 quominus

1994 5333 2048 5388 in
2087 5345 2187 5386 nos
2212 5329 2411 5388 deligat
2438 5342 2622 5382 ensem
2647 5326 2671 5378 ?
2696 5325 2874 5392 Quare
2910 5324 3216 5395 signiﬁcans
3253 5326 3418 5378 armis
3436 5339 3570 5393 opus

1995 5438 2116 5480 esse
2142 5421 2317 5487 nobis,
2346 5420 2614 5489 subiungit
2641 5435 2655 5472 ε
2684 5418 2737 5473 8.
2787 5415 2899 5471 Nos
2938 5428 3106 5470 autem
3133 5416 3221 5486 qui
3247 5415 3347 5470 diei
3370 5431 3566 5482 sumus,

1994 5516 2278 5587 vigilemus,
2304 5513 2470 5567 induti
2512 5511 2722 5566 loricam
2763 5510 2883 5579 ﬁdei
2921 5519 2968 5563 et
3010 5509 3258 5573 caritatis,
3287 5517 3335 5561 et
3371 5508 3572 5576 galeam

1996 5622 2136 5676 spem
2182 5605 2382 5661 salutis.
2435 5602 2607 5667 Fidei,
2650 5602 2839 5671 inquit,
2884 5612 2929 5654 et
2971 5599 3214 5653 caritatis.
3260 5599 3358 5654 llic
3407 5600 3571 5653 vitam

1994 5696 2170 5755 innuit
2197 5704 2253 5752 et
2280 5705 2425 5751 recta
2449 5694 2717 5765 dogmata.
2746 5692 2875 5747 Vide
2901 5690 3169 5763 quomodo
3190 5691 3424 5746 ostendit
3444 5692 3571 5760 quid

1996 5793 2067 5849 sit
2099 5790 2316 5862 vigilare
2348 5798 2403 5846 et
2430 5802 2549 5845 esse
2578 5784 2840 5854 sobrium,
2882 5801 3074 5857 nempe
3111 5786 3307 5842 habere
3346 5785 3568 5841 loricam
