4114 6396
514 293 614 352 491

517 410 641 465 ﬁdei
670 418 725 466 et
748 409 1009 464 caritatis.
1044 406 1162 462 Non
1194 406 1436 476 quamvis
1473 402 1605 458 dicit
1629 400 1814 464 ﬁdem,
1852 394 1947 451 sed
1989 392 2098 447 fer-

515 513 752 569 ventem,
779 502 1069 567 sinceram,
1099 514 1220 569 quae
1250 507 1393 553 tutos
1420 509 1637 551 servare
1667 491 1832 562 possit
1856 502 1918 543 ea
1946 494 2103 541 uten-

519 605 622 649 tes.
662 594 811 649 Sicut
854 592 1073 655 loricam
1121 590 1255 645 nihil
1300 587 1454 642 facile
1496 581 1831 647 dissecuerit,
1881 576 1976 633 sed
2020 583 2105 631 est.

519 694 763 743 occultus
797 700 983 741 murus
1012 683 1214 755 pectori
1248 702 1263 737 :
1297 681 1368 735 ita
1407 679 1568 734 etiam
1605 685 1660 730 tu
1689 673 1846 728 ﬁdem
1877 680 1931 725 et
1958 666 2101 755 carie

520 790 682 835 tatem
710 779 865 848 adige
891 752 1103 840 animm,
1134 784 1190 830 et
1216 773 1421 828 nullum
1448 785 1517 825 ex
1548 766 1727 839 ignitis
1758 764 1879 819 telis
1903 752 2102 816 diaboli

523 871 719 940 poterit
759 868 926 938 inﬁgi.
967 866 1065 923 Ubi
1101 868 1244 922 enim
1285 863 1447 918 armis
1488 859 1728 916 caritatis
1772 860 2007 926 protecta
2050 859 2105 905 et

522 963 725 1016 munita
773 971 858 1015 est
910 960 990 1013 vis
1041 958 1257 1023 animae,
1308 957 1487 1009 omnia
1545 960 1750 1006 temere
1794 961 1857 1000 ac
1905 943 2103 999 frustra

508 1055 736 1109 'struunt
759 1061 814 1106 et
842 1060 1036 1122 parant
1063 1048 1153 1117 qui
1187 1044 1548 1101 insidiantur:
1582 1055 1758 1110 neque
1778 1037 1919 1091 enim
1953 1032 2107 1087 mali-

524 1148 618 1210 tia,
652 1160 755 1199 nec
786 1141 1103 1207 inimicitiae,
1134 1155 1234 1194 nec
1267 1138 1487 1202 invidia,
1520 1149 1628 1188 non
1656 1129 1966 1190 assentatio,
1998 1138 2105 1178 non

527 1238 847 1310 hypocrisis,
877 1244 970 1289 aut
1004 1233 1131 1304 quid
1160 1230 1425 1302 ejusmodi
1459 1228 1689 1282 animam
1718 1221 1916 1292 poterit
1940 1218 2107 1272 attin-

526 1345 675 1401 gere.
707 1329 823 1384 Non
849 1328 1023 1383 solum
1052 1326 1186 1380 dixit
1212 1323 1513 1385 caritatem,
1543 1319 1636 1374 sed
1672 1326 1941 1385 tamquam
1976 1310 2105 1365 lori-

524 1437 645 1477 cam
676 1420 907 1475 validam
941 1418 1086 1473 indui
1116 1426 1368 1487 oportere
1392 1412 1546 1468 dixit.
1582 1407 1787 1464 Deinde
1814 1401 2107 1474 subiungit,

528 1514 595 1569 Et
634 1511 834 1585 galeam
871 1528 1013 1581 spem
1043 1509 1246 1563 salutis.
1277 1507 1426 1562 Sient
1464 1502 1608 1559 enim
1637 1500 1786 1572 galea
1828 1502 2112 1552 conservat

526 1606 581 1663 id
608 1605 749 1676 quod
789 1613 874 1659 est
913 1602 1237 1675 prmcipuum
1272 1600 1323 1653 in
1354 1597 1529 1663 nobis,
1574 1608 1767 1662 nempe
1788 1598 1970 1660 caput,
1997 1601 2112 1639 ams

532 1699 772 1769 plectens
800 1705 855 1752 et
880 1694 1115 1765 undique
1146 1703 1330 1762 tegens
1361 1706 1375 1743 :
1405 1688 1475 1743 ita
1506 1685 1665 1742 etiam
1696 1696 1822 1752 spes
1854 1695 1958 1733 non
1987 1676 2114 1731 sinit

529 1792 794 1846 rationem
823 1787 1134 1852 concidere,
1167 1783 1261 1839 sed
1295 1790 1496 1836 rectam
1539 1774 1816 1834 constituit
1844 1781 2112 1840 tamquam

527 1893 731 1954 caput,
782 1882 913 1936 nihil
978 1891 1259 1935 externum
1324 1875 1377 1929 in
1433 1874 1607 1943 ipsum
1660 1869 1843 1925 sinens
1898 1863 2113 1919 caderes

530 1976 797 2042 Quamdiu
835 1982 1015 2029 autent
1046 1970 1181 2026 nihil
1234 1969 1287 2022 in
1332 1981 1453 2022 eam
1482 1963 1646 2027 cadit,
1686 1974 1788 2015 nec
1824 1957 1938 2027 ipsa
1978 1954 2115 2009 labi-

529 2081 620 2129 tur
650 2091 665 2128 :
696 2069 742 2138 is
780 2066 925 2123 enim
971 2064 1063 2136 qui
1100 2070 1185 2118 est
1225 2060 1309 2115 his
1352 2057 1518 2114 armis
1556 2054 1815 2117 munitm,
1853 2049 1963 2103 ﬁeri
2007 2061 2116 2101 non

534 2175 711 2237 potest
736 2170 793 2218 ut
821 2160 996 2217 cadat.
1030 2158 1237 2212 Manent
1271 2155 1407 2208 cuius
1432 2150 1580 2221 μα,
1614 2165 1745 2217 spes,
1782 2146 1991 2208 caritas,
2020 2143 2117 2195 tria

533 2259 733 2328 fama.
764 2255 883 2311 Cor.
913 2255 1001 2309 t5.
1028 2252 1143 2321 l3).
1173 2245 1374 2303 Deinde
1393 2260 1515 2299 cum
1543 2242 1786 2304 dixisset,
1814 2237 2037 2299 Induite,
2066 2241 2119 2328 et

527 2324 921 2418 circumponite
944 2384 963 2409 ,
993 2347 1106 2413 ipse
1146 2346 1369 2410 apparat
1406 2349 1576 2398 arma,
1618 2341 1675 2387 ct
1700 2328 1933 2385 ostendit
1975 2324 2120 2381 unde

532 2438 965 2513 prodeauttides,
994 2448 1137 2506 spes.
1162 2441 1217 2488 et
1236 2431 1451 2495 caritas,
1475 2435 1531 2483 et
1552 2427 1677 2478 liant
1696 2437 1844 2477 arma
1869 2419 2118 2474 fortiora:

534 2512 595 2591 lt.
627 2532 881 2601 Quoniam
928 2545 1031 2583 non
1060 2526 1228 2597 posuit
1255 2539 1346 2577 nos
1375 2520 1510 2574 Deus
1552 2518 1606 2571 in
1630 2518 1782 2581 iram,
1813 2513 1902 2567 sed
1931 2512 1985 2564 in
2029 2525 2120 2562 ac-

535 2598 858 2697 quisitionem
880 2621 1059 2674 salutis
1095 2632 1184 2687 per
1214 2613 1490 2668 Dominum
1512 2618 1738 2663 nostrum
1762 2604 1941 2659 Jesum
1968 2598 2121 2657 Chri-

535 2729 692 2783 stum,
713 2716 801 2770 10.
833 2714 921 2784 qui
943 2720 1169 2764 mortuus
1192 2715 1265 2760 est
1294 2722 1384 2774 pro
1410 2701 1571 2757 nobis.

608 2812 664 2867 4.
704 2804 1069 2877 Quamobrem
1110 2815 1216 2855 non
1256 2798 1322 2853 ad
1355 2797 1458 2851 hoc
1500 2791 1711 2849 vocavit
1750 2798 1811 2844 ut
1852 2786 2119 2859 perderet,

539 2906 634 2960 sed
681 2913 739 2957 ut
784 2904 1044 2955 servaret.
1086 2891 1240 2960 Quod
1285 2900 1464 2945 autem
1510 2886 1614 2941 hoc
1657 2883 1806 2949 velit,
1855 2880 2122 2935 undenam

534 2996 789 3055 constat?
818 2993 1009 3049 Filium
1040 3002 1194 3044 suum
1225 2984 1373 3041 dedit
1403 2998 1499 3052 pro
1523 2978 1680 3036 nobis
1711 2993 1727 3032 :
1758 2976 1893 3032 adeo
1913 2972 2124 3029 deside-

540 3099 626 3144 rat
661 3096 720 3141 ut
762 3098 861 3139 nos
898 3076 1032 3136 salvi
1070 3079 1259 3143 simus,
1289 3083 1347 3128 ut
1379 3072 1573 3127 Filium
1614 3083 1769 3124 suum
1800 3065 2029 3129 dederit,
2069 3072 2126 3117 et

541 3196 649 3237 non
689 3175 861 3233 solum
890 3169 1118 3231 dederit,
1152 3166 1245 3221 sed
1291 3162 1501 3220 dederit
1539 3160 1610 3215 ad
1638 3166 1888 3213 mortem.
1933 3153 2013 3208 Ex
2042 3151 2125 3207 his

542 3265 957 3341 cogitationibus
981 3272 1038 3317 et
1063 3255 1585 3315 considerationibus
1616 3265 1738 3321 spes
1764 3247 2018 3304 nascitur.
2047 3244 2126 3300 Ne

540 3337 693 3419 devte
720 3359 863 3416 enim
890 3355 1166 3425 desperes,
1195 3366 1228 3406 o
1258 3350 1441 3415 homo,
1470 3346 1539 3401 ad
1568 3346 1733 3400 Deum
1762 3342 2005 3406 veniens,
2036 3337 2127 3408 qui

548 3463 766 3525 propter
790 3460 843 3505 te
877 3463 945 3503 ne
971 3446 1107 3502 Filio
1134 3442 1350 3514 quidem
1378 3454 1477 3495 suo
1505 3436 1741 3507 pepercit
1769 3452 1784 3489 :
1817 3448 1885 3488 ne
1912 3440 2128 3502 propter

548 3523 686 3602 mala
734 3538 1018 3613 prmsentia
1061 3535 1298 3590 animum
1340 3528 1701 3601 despondeas.
1744 3524 1846 3592 Qui
1874 3523 2130 3594 Unigeni-

546 3649 659 3694 tum
680 3635 827 3693 dedit
852 3642 911 3687 ut
938 3641 990 3687 te
1019 3634 1281 3693 servaret,
1312 3633 1367 3680 et
1390 3626 1625 3692 eriperet
1659 3635 1689 3674 a
1719 3618 1984 3686 gehenna,
2016 3613 2130 3669 cui-

549 3745 675 3787 nam
713 3726 782 3783 de
814 3733 1013 3782 caatero
1050 3728 1237 3791 parcet
1262 3731 1361 3788 pro
1399 3726 1487 3769 tua
1523 3711 1731 3767 salute?
1769 3707 2128 3778 Quamobrem

543 3828 757 3892 oportet
785 3816 962 3871 omnia
988 3814 1127 3868 bona
1155 3822 1396 3881 sperare.
1426 3806 1482 3861 Si
1510 3804 1652 3860 enim
1676 3802 1875 3856 iremus
1896 3798 1960 3853 ad
1988 3797 2131 3867 judi-

545 3931 665 3971 cent
688 3926 788 3968 nos
809 3909 1194 3980 iudicaturum,
1225 3910 1281 3958 et
1304 3901 1393 3972 qui
1420 3914 1519 3971 pro
1541 3897 1694 3953 nobis
1720 3903 1921 3949 tantam
1951 3900 2133 3947 osten-

546 4009 718 4063 disset
765 4001 1108 4059 dilectionem
1155 4005 1215 4051 ut
1269 3994 1435 4049 ﬁlium
1482 4004 1638 4046 suum
1693 3994 1974 4047 mactaret,
2022 3997 2129 4037 non

544 4099 1045 4155 extimesceremus.
1086 4090 1234 4145 Bona
1290 4101 1418 4157 ergo
1464 4095 1745 4154 speremus
1791 4089 1847 4134 et
1894 4091 2130 4146 magna:

546 4200 709 4263 caput
728 4190 870 4245 enim
898 4195 955 4242 et
978 4196 1241 4239 summam
1260 4177 1586 4248 accepimus,
1608 4175 1654 4230 si
1677 4172 1965 4229 credimus.
1989 4168 2134 4223 Vidi-

548 4261 671 4339 mus
721 4280 865 4335 enim
918 4274 1260 4345 exemplum;
1300 4270 1583 4340 diligamus
1629 4282 1643 4319 :
1693 4274 1948 4321 extremae
1989 4261 2131 4316 enim

547 4383 696 4432 esset
716 4371 988 4437 amentiat,
1021 4384 1146 4424 eum
1174 4381 1282 4420 non
1308 4364 1536 4434 diligere
1561 4361 1651 4432 qui
1684 4361 1754 4414 ita
1780 4367 1863 4414 est
1886 4358 2130 4412 affectus.

555 4466 623 4521 Ut
661 4466 764 4520 sive
804 4462 1086 4535 vigilemus,
1116 4460 1218 4514 sive
1246 4455 1578 4517 dormiamus,
1606 4453 1758 4507 simul
1791 4468 1906 4506 cum
1935 4449 2026 4503 illo
2055 4450 2133 4503 vi-

550 4574 747 4613 vamus.
778 4555 866 4609 il.
896 4551 1115 4621 Propter
1138 4548 1273 4621 quod
1300 4546 1627 4602 consolemini
1653 4543 1864 4599 invicem
1886 4552 1935 4597 et
1963 4541 2132 4611 (ediﬁ-

552 4662 664 4706 cate
692 4650 1015 4709 alterutrum,
1053 4644 1186 4698 sicut
1214 4651 1263 4697 et
1293 4640 1480 4711 facitis.
1513 4639 1580 4693 Et
1610 4651 1796 4692 rursus
1828 4633 1976 4701 alibi,
2015 4633 2137 4689 Sive

551 4745 838 4816 vigilemus,
860 4741 961 4795 sive
985 4736 1299 4792 dormiamus
1328 4734 1397 4804 (v.
1432 4734 1487 4805 6)
1519 4729 1614 4804 [a].
1644 4729 1749 4786 Sed
1771 4728 1999 4783 alterum
2023 4727 2135 4782 illic

551 4839 682 4893 dicit
702 4849 973 4900 somnum,
994 4840 1051 4887 et
1069 4830 1157 4885 hic
1176 4830 1401 4884 alterum
1432 4846 1445 4883 :
1477 4827 1564 4881 hic
1585 4826 1728 4881 enim
1755 4834 1982 4881 mortem
2006 4823 2137 4878 dicit

551 4925 911 4998 corporalem,
936 4923 1045 4978 illic
1063 4935 1193 4976 vero
1218 4920 1477 4975 incuriam
1503 4918 1644 4986 circa
1672 4920 1855 4972 vitam.
1886 4916 1998 4971 Hoc
2027 4927 2134 4982 est,

556 5018 797 5078 Pericula
838 5032 911 5073 ne
958 5014 1291 5079 formidetis;
1337 5010 1547 5068 etiamsi
1595 5011 1789 5065 mortui
1838 5011 2133 5078 fuerimus,

554 5115 795 5169 vivemus
837 5126 853 5164 :
892 5123 962 5162 ne
1002 5106 1288 5177 desperes,
1342 5103 1594 5175 quoniam
1645 5118 1705 5158 es
1757 5104 1809 5158 in
1860 5103 2132 5173 periculo;

556 5204 725 5261 babes
766 5202 958 5273 pignus
1003 5206 1213 5254 certum
1254 5205 1310 5252 et
1352 5194 1585 5251 validum
1642 5212 1656 5249 :
1713 5195 1760 5250 si
1809 5212 1916 5251 non
1966 5196 2135 5249 nostri

553 5310 741 5353 amore
788 5291 943 5347 valde
989 5289 1239 5355 arderet,
1289 5287 1482 5342 Filium
1531 5301 1686 5341 suum
1736 5303 1839 5343 non
1876 5288 2134 5344 dedisset.

553 5387 911 5458 Quamobrem
937 5383 1146 5441 etiamsi
1175 5391 1420 5436 mortuus
1443 5380 1630 5443 fueris,
1657 5382 1804 5437 vives
1831 5402 1845 5438 :
1869 5396 1991 5439 nam
2022 5385 2136 5454 ipse

553 5495 770 5554 quoque
792 5488 876 5533 est
902 5485 1164 5531 mortuus.
1189 5472 1314 5529 Sive
1342 5487 1471 5543 ergo
1495 5475 1690 5528 mortui
1715 5473 1997 5545 fuerimus,
2022 5477 2137 5533 sive

620 5634 704 5706 _(a)_
729 5632 907 5706 Melius
930 5631 1187 5706 legeretur
1206 5642 1337 5706 ,_uou
1361 5626 1795 5706 dormiamus,__sed
1821 5632 2069 5706 vigilemus
2091 5642 2139 5687 et

559 5670 705 5748 satiin
725 5670 1193 5753 assistat}
1206 5670 2139 5757 ⁷ίὶῗῖεἱῖίιίᾘὲξίὶιἜίιῖνῖιπῖιὶῗέἱῖὲτῖἑ

560 5759 615 5810 in
634 5766 802 5810 tuente
825 5758 996 5809 habuit
1018 5757 1400 5821 Chrysostomus.
1427 5755 1604 5806 menda
1624 5757 1949 5819 subrepserit.

1252 284 1310 341 S.
1350 281 1627 339 JOANNIS
1664 270 2134 333 CIIRYSOS'I‘OMI
2164 268 2478 326 ARCHIEP.
2510 232 3041 327 (ΣΟΝΒΤᾸΝΤΙΝΟΡ.

3687 276 3790 334 459.

2211 411 2474 476 vivamus,
2517 425 2639 465 cum
2687 411 2806 481 ipso
2845 410 3105 464 vivemus.
3151 407 3264 463 lloc
3307 416 3391 464 est
3435 406 3784 474 indiﬁ'ercns;

2208 502 2340 556 nihil
2371 517 2487 557 mea
2522 503 2687 557 refert
2715 502 2961 556 vivamue
2986 516 3053 555 an
3107 505 3341 564 moriar;
3372 513 3497 555 cum
3525 500 3617 553 illo
3645 501 3784 555 enim

2206 595 2471 648 vivemus.
2509 594 2698 648 Omnia
2732 608 2864 664 ergo
2900 607 3120 663 agamus
3163 606 3263 662 pro
3302 592 3389 647 illa
3434 592 3569 659 vita,
3611 595 3790 647 omnia

2205 700 2497 757 operemur
2524 686 2590 741 ad
2622 686 2765 740 illam
2797 686 3139 756 aspicientes.
3171 685 3434 739 Tenebrae
3461 692 3545 739 est
3579 685 3783 747 vitium,

2208 791 2243 830 ο
2278 775 2494 841 dilecte,
2536 791 2684 831 mors
2710 784 2814 838 est,
2844 791 2949 831 nox
2990 787 3095 839 est,
3145 775 3280 829 nihil
3326 774 3572 830 videmus
3606 791 3789 831 eorum

2207 884 2327 938 qua:
2353 879 2586 938 oportet,
2616 869 2749 923 nihil
2777 868 2982 939 agimus
3009 883 3194 924 eorum
3224 883 3345 938 qua;
3368 868 3644 923 convenit.
3678 867 3784 921 Sic-

2211 969 2270 1015 ut
2302 961 2499 1015 mortui
2528 970 2654 1015 sunt
2680 959 2952 1021 deformes
2976 970 3031 1015 et
3051 960 3241 1027 faetidi,
3275 961 3343 1014 ita
3383 961 3575 1014 anima:
3603 974 3785 1014 eorum

2210 1054 2302 1124 qui
2347 1063 2472 1108 sunt
2519 1055 2572 1108 in
2615 1054 2764 1121 vitio,
2810 1061 2937 1107 sunt
2978 1052 3151 1122 plena:
3191 1052 3357 1106 multa
3402 1051 3788 1105 immunditia:

2211 1145 2378 1199 clausi
2407 1153 2533 1198 sunt
2557 1160 2746 1200 eorum
2779 1145 2946 1211 oculi,
2974 1159 3037 1199 os
3067 1152 3151 1199 est
3179 1160 3568 1216 compressum,
3597 1145 3788 1198 immo-

2215 1236 2350 1291 biles
2378 1246 2597 1291 manent
2626 1237 2678 1291 in
2708 1236 2848 1292 lecto
2873 1237 2986 1291 vitii
3010 1254 3025 1302 ;
3055 1237 3165 1292 imo
3203 1251 3332 1291 vero
3361 1243 3486 1290 sunt
3514 1236 3790 1291 miserabi-

2212 1328 2377 1384 liores
2407 1330 2471 1383 iis
2500 1330 2694 1400 quibus
2720 1330 2835 1383 haec
2863 1329 3131 1384 accidunt.
3175 1328 3309 1390 Nam
3348 1328 3434 1383 isti
3478 1328 3693 1399 quidem
3724 1328 3790 1383 ad

2212 1432 2439 1490 utraque
2464 1429 2586 1475 sunt
2624 1420 2855 1486 mortui;
2891 1421 2964 1475 illi
2992 1430 3171 1476 autem
3204 1419 3270 1474 ad
3298 1420 3548 1473 virtutem
3579 1419 3789 1489 quidem

2215 1512 2365 1567 nullo
2394 1521 2521 1567 sunt
2557 1526 2718 1566 sensu
2749 1511 2973 1582 prmditi,
3006 1512 3252 1566 viventes
3284 1521 3462 1565 autem
3498 1510 3566 1565 ad
3587 1511 3789 1565 vitium.

2215 1602 2481 1657 Mortuum
2509 1603 2555 1657 si
2583 1603 2702 1672 quis
2734 1602 3077 1671 percusserit,
3106 1616 3211 1655 non
3241 1601 3406 1655 sentit
3442 1616 3543 1658 nec
3579 1602 3789 1656 ulcisci-

2218 1707 2322 1762 tur,
2350 1696 2444 1752 sed
2474 1697 2615 1752 sicut
2644 1697 2843 1766 lignum
2871 1695 3104 1759 aridum,
3128 1696 3200 1750 ita
3220 1696 3383 1750 etiam
3405 1695 3585 1749 anima
3609 1711 3794 1751 mera

2216 1800 2301 1844 est
2345 1788 2516 1853 arida,
2566 1796 2626 1841 ut
2668 1803 2796 1858 qua
2834 1788 3000 1844 vitam
3048 1786 3290 1841 amiserit
3332 1806 3346 1840 :
3389 1787 3793 1842 innumerabilia

2216 1881 2459 1950 quotidie
2496 1880 2690 1951 accipit
2732 1880 2977 1947 vulnera,
3019 1890 3075 1935 et
3117 1879 3251 1934 nihil
3292 1880 3475 1944 sentit,
3516 1879 3610 1935 sed
3650 1879 3797 1933 nullo

2217 1975 2409 2031 dolore
2434 1975 2662 2030 afﬁcitur
2682 1974 2750 2030 ad
2770 1974 2967 2029 omnia.
2997 1972 3111 2028 Non
3137 1972 3466 2028 aberraverit
3493 1973 3536 2027 si
3563 1971 3679 2041 quis
3703 1985 3797 2026 eos

2217 2078 2496 2138 comparet
2524 2067 2759 2134 furiosis,
2794 2067 2960 2122 ebriis
2988 2075 3043 2120 et
3067 2064 3435 2120 delirantibus.
3467 2062 3592 2118 Haec
3618 2074 3797 2117 autem

2217 2161 2400 2215 omnia
2448 2160 2610 2214 habet
2653 2158 2866 2222 vitium,
2909 2168 2965 2212 et
3008 2156 3256 2212 omnibus
3304 2154 3480 2210 adlmc
3532 2154 3797 2225 graviora.

2221 2252 2448 2308 Furioso
2479 2252 2700 2306 multum
2728 2250 3020 2320 ignoscitur
3042 2264 3072 2302 a
3101 2247 3436 2313 videntibus;
3462 2260 3567 2300 non
3594 2245 3802 2301 laborat

2222 2345 2365 2401 enim
2407 2345 2597 2400 morbo
2645 2344 2798 2400 liberi
2836 2341 3063 2408 arbitrii,
3107 2340 3202 2396 sed
3241 2339 3408 2395 solius
3452 2348 3656 2393 natura:
3697 2356 3713 2392 :
3750 2352 3806 2399 et

2221 2446 2401 2493 autem
2435 2438 2522 2506 qui
2552 2437 2698 2506 degit
2728 2437 2781 2490 in
2810 2436 2940 2490 vitio
2969 2433 3238 2504 quomodo
3273 2432 3620 2503 ignoscetur?
3651 2431 3805 2487 Unde

2224 2545 2354 2601 ergo
2399 2530 2629 2584 vitium?
2659 2529 2801 2584 unde
2831 2528 2888 2582 ﬁt
2931 2527 3072 2598 quod
3117 2528 3295 2595 plures
3338 2535 3462 2579 sunt
3509 2524 3668 2579 mali?
3696 2524 3807 2579 Un—

2224 2622 2773 2693 denam?interrogas
2803 2634 2893 2677 tu:
2932 2622 3019 2677 dic
3055 2620 3185 2675 mihi
3219 2620 3485 2675 undenam
3511 2632 3591 2674 est
3618 2621 3805 2674 vitium

2226 2715 2574 2771 morborum?
2602 2714 2742 2770 unde
2771 2714 2977 2770 morbi?
3000 2714 3141 2768 unde
3166 2724 3248 2770 est
3285 2713 3607 2784 phrenesis?
3632 2713 3807 2767 unde-

2224 2821 2350 2862 tiam
2388 2814 2473 2862 est
2496 2807 2675 2877 gravis
2701 2808 2962 2861 somnus?
2999 2820 3177 2861 annon
3208 2820 3273 2861 ex
3320 2806 3546 2876 segnitie
3576 2813 3633 2859 et
3662 2805 3811 2875 igna-

2226 2900 2359 2955 via?
2387 2899 2446 2955 Si
2486 2900 2657 2955 morbi
2692 2898 2962 2953 naturales
3004 2897 3202 2952 habent
3246 2897 3452 2951 initium
3484 2896 3552 2952 ab
3579 2896 3811 2965 eligente

2225 2994 2534 3058 voluntate,
2595 2993 2767 3047 multo
2820 2991 2988 3062 magis
3048 2992 3138 3061 qui
3195 3000 3319 3047 sunt
3376 2991 3529 3046 liberi
3578 2992 3805 3045 arbitrii.

2227 3086 2382 3144 Unde
2432 3086 2707 3143 ebrietas?
2763 3100 2943 3140 annon
3011 3100 3077 3141 ex
3128 3084 3294 3139 animi
3362 3084 3813 3153 intemperantia?

2228 3181 2549 3253 phrenesis,
2597 3194 2776 3235 annon
2821 3194 2890 3236 ex
2930 3178 3094 3234 nimia
3144 3177 3309 3234 febris
3353 3177 3449 3230 vi?
3509 3176 3671 3232 febris
3716 3193 3811 3230 au—

2229 3282 2359 3341 tem,
2396 3287 2573 3327 annon
2617 3288 2683 3326 ex
2715 3270 2998 3325 elementis
3038 3283 3160 3338 quae
3197 3267 3470 3322 abundant
3512 3268 3567 3323 in
3616 3267 3812 3323 nobis?

2229 3379 2414 3420 eorum
2454 3372 2632 3418 autem
2658 3377 2778 3433 qua:
2803 3370 2929 3417 sunt
2957 3360 3009 3414 in
3038 3359 3193 3414 nobis
3218 3359 3380 3412 nimia
3424 3358 3811 3412 elementorum

2229 3456 2574 3520 abundantia,
2605 3469 2784 3509 annon
2827 3468 2894 3508 ex
2943 3452 3169 3523 segnitie
3213 3460 3269 3506 et
3302 3466 3368 3506 ex
3412 3465 3479 3507 eo
3520 3450 3659 3519 quod
3706 3467 3813 3504 non

2229 3546 2577 3603 attendatur?
2622 3546 2848 3613 Quando
2891 3546 3033 3600 enim
3079 3543 3162 3599 vel
3206 3543 3414 3598 defectu
3461 3543 3543 3600 vel
3586 3559 3818 3612 exsupe-

2230 3640 2441 3696 ratione
2480 3639 2822 3693 eduxerimus
2867 3636 3151 3691 humormn
3200 3645 3502 3690 nostrorum
3550 3634 3814 3689 immode-

2232 3733 2518 3797 rationem,
2560 3730 2737 3801 ignem
2785 3730 2936 3783 illum
2978 3726 3341 3782 accendimus.
3386 3726 3611 3790 Rursus,
3643 3726 3685 3780 si
3718 3741 3817 3779 ac-

2232 3840 2449 3881 censam
2498 3822 2765 3878 flammam
2813 3836 3096 3891 pergamus
3147 3820 3466 3889 despicere,
3516 3834 3706 3890 rogum
3761 3820 3818 3875 in

2234 3916 2391 3972 nobis
2430 3914 2717 3980 efﬁcimus,
2749 3928 2906 3984 quem
2938 3928 3007 3968 ne
3037 3925 3320 3981 possumus
3356 3909 3569 3980 quidem
3610 3912 3820 3966 exstin-

2231 4023 2417 4077 guere.
2444 4007 2516 4061 Ita
2546 4007 2708 4061 etiam
2751 4006 2805 4059 fit
2838 4005 2890 4059 in
2916 4004 3065 4066 vitio,
3102 4002 3316 4073 quando
3351 4003 3525 4073 ipsum
3556 4003 3823 4073 incipiens

2234 4114 2341 4154 non
2380 4097 2724 4167 prohibemus
2766 4110 2867 4150 nec
2901 4094 3287 4160 exscindimus,
3327 4109 3501 4164 neque
3542 4094 3608 4148 ad
3653 4096 3823 4150 linem

2233 4190 2352 4260 ejus
2392 4189 2649 4259 deinceps
2691 4202 2975 4257 possumus
3017 4186 3323 4256 pervenire,
3365 4185 3459 4241 sed
3506 4185 3557 4239 id
3607 4196 3825 4241 nostras

2234 4282 2379 4336 vires
2416 4288 2653 4350 superat.
2689 4278 3047 4345 Quamobrem
3094 4292 3225 4348 rogo
3270 4277 3450 4330 omnia
3482 4277 3551 4330 ita
3598 4292 3827 4347 agamus

2234 4383 2293 4429 ut
2314 4386 2602 4441 numquam
2639 4369 3011 4425 dormitemus.
3038 4367 3154 4423 Non
3178 4366 3372 4422 videtis
3398 4369 3539 4437 quod
3567 4382 3689 4423 cum
3727 4385 3828 4423 cu-

2237 4466 2421 4520 stodes
2449 4478 2593 4532 sa-pe
2634 4476 2827 4518 somno
2870 4476 2931 4517 se
2964 4475 3149 4531 parum
3190 4459 3459 4526 dederint,
3502 4460 3583 4515 eis
3622 4476 3818 4531 magna

2235 4556 2476 4611 custodia
2502 4554 2629 4608 nihil
2655 4553 2890 4624 profuit?
2911 4569 3032 4608 nam
3064 4568 3161 4622 per
3187 4550 3316 4606 illud
3346 4567 3571 4623 paucum
3602 4555 3827 4608 univcr-

2235 4665 2354 4706 sum
2398 4647 2768 4719 perdiderunt,
2803 4662 2993 4717 magna
3034 4647 3157 4700 data
3190 4646 3402 4701 licentia
3440 4660 3505 4700 ac
3533 4647 3832 4700 securitate

2238 4742 2288 4797 ei
2311 4740 2400 4811 qui
2429 4739 2659 4794 voluerit
2685 4738 2952 4793 sulfurari.
2986 4736 3120 4791 Nam
3150 4737 3289 4791 sicut
3316 4752 3412 4791 nos
3440 4751 3547 4791 non
3580 4737 3650 4791 ita
3673 4737 3826 4791 vida

2237 4850 2359 4891 mus
2394 4832 2539 4889 fures
2584 4833 2723 4888 sicut
2765 4832 2842 4886 illi
2870 4846 2988 4896 nos,
3018 4833 3087 4885 ita
3113 4831 3272 4885 etiam
3298 4830 3547 4886 diabolus
3576 4834 3829 4887 omnium

2238 4927 2469 4984 maxime
2508 4928 2673 4981 instat
2698 4935 2754 4981 et
2788 4923 3066 4980 insidiatur
3097 4932 3153 4979 et
3192 4924 3383 4979 stridet
3424 4925 3698 4980 dentibus.
3747 4926 3831 4981 Ne

2238 5021 2401 5090 igitur
2424 5019 2909 5074 dormitemus:ne
2935 5017 3197 5081 dicamus,
3237 5016 3378 5071 Nihil
3428 5018 3554 5072 mali
3601 5033 3669 5073 ex
3721 5018 3834 5075 hoc

2238 5110 2451 5176 accidit,
2482 5109 2612 5163 nihil
2637 5124 2703 5164 ex
2732 5109 2848 5165 illo.
2876 5108 3030 5164 Unde
3060 5124 3165 5163 non
3196 5109 3647 5179 exspectavimus,
3678 5126 3832 5181 smpe

2239 5202 2437 5258 fuimus
2465 5202 2698 5273 spoliati.
2727 5202 2805 5257 ita
2832 5201 2991 5257 etiam
3024 5200 3079 5256 in
3122 5201 3272 5268 vitio,
3314 5200 3455 5257 unde
3483 5217 3589 5256 non
3630 5218 3835 5273 exspe-

2238 5294 2522 5359 ctavimus,
2572 5292 2847 5362 periimus.
2880 5291 3068 5347 Omnia
3120 5292 3407 5363 diligenter
3477 5302 3533 5348 et
3571 5305 3837 5351 accurata

2239 5386 2733 5455 circumSpiciamus
2758 5402 2773 5440 :
2797 5401 2865 5441 ne
2892 5386 3218 5441 inebricmur
3262 5395 3316 5440 et
3338 5401 3443 5440 non
3468 5386 3830 5452 dormiemus;

2241 5493 2311 5533 ne
2338 5494 2436 5533 nos
2462 5478 2780 5547 expleamus
2804 5476 3033 5543 deliciis,
3062 5486 3117 5532 et
3146 5492 3250 5532 non
3276 5477 3637 5541 dormiemus;
3665 5495 3736 5533 ne
3754 5480 3835 5534 ad

2240 5586 2303 5626 ea
2340 5586 2459 5641 qua:
2493 5580 2617 5625 sunt
2642 5578 2863 5625 externa
2891 5570 3242 5637 insaniamus,
3270 5578 3325 5625 et
3360 5570 3839 5641 perseverabimus

2241 5663 2296 5718 in
2340 5661 2667 5717 sobrietate:
2698 5676 2796 5717 nos
2835 5662 2977 5716 omni
3004 5676 3072 5716 ex
3113 5671 3265 5733 parte
3309 5676 3692 5732 componamus
3724 5671 3839 5719 :et

2244 5754 2383 5810 sicut
2420 5768 2512 5812 eos
2539 5753 2627 5824 qui
2675 5768 2837 5826 super
2874 5753 3055 5811 funem
3080 5757 3343 5812 intcnsum
3384 5757 3723 5828 gradiuntur,
3756 5774 3845 5815 ne
