4114 6396
342 351 447 409 451

336 466 457 520 πῶν
480 462 697 534 ἐπάγει·
714 463 824 517 Kal
842 463 1334 532 περικεφαλαίαν,
1356 460 1573 515 ἐλπίδα
1595 460 1913 527 σωτηρίας.

335 555 602 624 Καθάπερ
627 555 792 625 γάρή
824 553 1219 623 περικεφαλαία
1264 552 1326 604 τὸ
1370 550 1583 622 καίριον
1617 548 1780 613 σώζει
1807 548 1917 601 τῶν

334 644 394 695 ἐν
423 643 578 712 ἡμῖν,
636 640 734 694 τίην
778 641 1021 711 κεφαλὴν
1054 639 1459 711 περιϐάλλουσα
1516 638 1610 691 καὶ
1655 636 1921 690 πάντοθεν

336 732 673 798 στεγάζουσα
700 747 715 761 ·
776 729 920 783 οὕτω
980 730 1074 783 καὶ
1126 731 1161 799 ἡ
1189 728 1346 792 ἐλπὶς
1377 727 1467 781 τὸν
1515 726 1774 797 λογισμὸν
1825 725 1927 777 οὐκ

334 819 528 888 ἀφίησι
553 819 849 883 διαπεσεῖν,
882 818 996 871 ἀλλ’
1022 817 1179 888 ὀρθὸν
1203 818 1417 884 ἵστησιν
1446 816 1632 886 ῶσπερ
1663 813 1922 883 κεφαλὴν,

333 906 488 960 οὐδὲν
519 906 627 958 τῶν
657 905 855 970 ἔξωθεν
882 907 959 968 είς
988 904 1149 958 αὑτὸν
1181 908 1369 959 πεσεῖν
1411 904 1577 957 ἐῶσα.
1616 904 1760 963 Ἕως
1788 902 1833 954 δ’
1857 900 1924 954 ἂν

338 992 504 1063 μηδὲν
521 993 920 1064 καταφέρηται,
947 993 1068 1045 οὐδε
1098 992 1237 1063 αὕτη
1270 992 1632 1045 ἐπολισθαίνει
1655 1006 1671 1022 ·
1690 991 1782 1043 τὸν
1816 988 1923 1057 γάρ

333 1081 545 1145 τούτοις
577 1086 965 1154 πεφραγμένον
987 1086 1099 1146 τοῖς
1126 1083 1312 1146 ὅπλοις
1337 1083 1436 1135 ούκ
1456 1082 1533 1135 ἔνι
1564 1080 1692 1134 ποτέ
1714 1082 1919 1132 πεσεῖν.

333 1169 517 1224 Μένει
548 1172 680 1239 γὰρ,
714 1171 871 1240 φησὶ,
902 1172 1129 1235 πίστις,
1174 1171 1374 1234 ἐλπίς,
1416 1169 1638 1239 ἀγάπη,
1678 1170 1750 1222 τὰ
1792 1168 1925 1234 τρία

335 1256 544 1310 ταῦτα.
575 1254 711 1311 Εἶτα
736 1256 924 1319 εἰπὼν,
955 1258 1248 1311 ἐνδύσασθε
1277 1259 1373 1311 καὶ
1400 1256 1710 1327 περιθέσθε,
1762 1255 1923 1317 αὐτὸς

336 1346 739 1410 κατασκευάζει
771 1346 841 1399 τὰ
884 1347 1024 1399 ὅπλα
1053 1346 1257 1412 λοιπὸν,
1288 1348 1385 1400 καὶ⁹
1409 1346 1680 1399 δείκνυσιν
1713 1344 1837 1397 ὅθεν
1857 1343 1924 1397 ἂν

334 1432 555 1503 τεχθείη
581 1434 764 1495 πίστις
794 1433 890 1486 καὶ
927 1433 1085 1497 ἐλπὶς
1134 1434 1227 1486 καὶ
1274 1435 1488 1503 ἀγάπη,
1537 1435 1633 1486 καὶ
1678 1432 1745 1486 τά
1785 1432 1925 1485 ὅπλα

339 1522 666 1591 ίσχυρότερα
714 1521 947 1590 γένοιτο,
1007 1523 1229 1591 ἐπάγων
1276 1523 1371 1576 καὶ
1400 1522 1574 1590 λέγων
1601 1539 1616 1554 ·
1643 1521 1773 1574 ’Ὅτι
1811 1523 1923 1573 οὐκ

332 1608 503 1662 ἔθετο
524 1608 683 1677 ἡμᾶς
710 1613 741 1662 ό
760 1610 904 1677 Θεὸς
928 1612 1017 1677 είς
1035 1610 1244 1680 ὀργὴν,
1274 1611 1412 1664 ἀλλ’
1435 1613 1522 1676 είς
1543 1609 1926 1677 περιποίησιν

332 1696 635 1764 σωτηρίας
661 1695 761 1749 διὰ
808 1697 918 1751 τοῦ
949 1698 1171 1765 Κυρίου
1205 1697 1375 1767 ἡμῶν
1410 1697 1615 1767 Ἰησοῦ
1643 1696 1922 1766 Χριστοῦ,

335 1782 445 1837 τοῦ
476 1784 890 1851 ἀποθανόντος
929 1783 1084 1853 ὑπὲρ
1111 1783 1305 1854 ἡμῶν.

406 1946 471 2000 δ’.
492 1946 656 1999 Ὥστε
682 1944 744 2000 οὕ
783 1946 920 2019 πρὸς
945 1946 1104 2002 τοῦτο
1124 1947 1384 2002 ἐκάλεσεν
1430 1948 1512 2011 είς
1547 1947 1610 2002 τὸ
1638 1947 1921 2011 ἀπολέσαι,

336 2035 450 2089 ἀλλ’
501 2038 583 2097 εἰς
636 2036 699 2088 τὸ
744 2036 936 2091 σῶσαι.
992 2038 1101 2090 Καὶ
1152 2038 1235 2091 ὅτι
1285 2037 1443 2092 τοῦτο
1466 2037 1734 2107 βούλεται,
1760 2037 1923 2090 πόθεν

334 2122 495 2193 δῆλον
522 2139 537 2187 ;
568 2121 672 2176 Tbv
715 2123 840 2177 Υίὸν
870 2124 1035 2176 αὑτοῦ
1067 2124 1268 2177 ἔδωκεν
1307 2125 1446 2195 ὑπὲρ
1480 2125 1660 2197 ἡμῶν,
1719 2126 1885 2196 φησίν
1907 2142 1919 2153 ·

336 2209 510 2274 οὕτως
539 2212 684 2281 ἡμᾶς
715 2210 974 2280 ἐπιθυμεῖ
1008 2210 1269 2282 σωθῆναι,
1323 2212 1405 2265 ὅτι
1451 2213 1540 2265 τὸν
1590 2212 1716 2265 Υἰὸν
1758 2214 1924 2266 αὑτοῦ

338 2298 529 2362 ἑδωκε,
557 2298 654 2351 καὶ
671 2298 769 2368 οὐχ
791 2298 978 2362 ἁπλῶς
1007 2299 1227 2367 ἔδωκεν,
1253 2299 1366 2354 ἀλλ’
1399 2302 1477 2364 εἰς
1508 2302 1757 2356 θάνατον.
1791 2304 1929 2357 Ἀπὸ

336 2387 545 2439 τούτων
589 2385 700 2439 τῶν
764 2385 1044 2459 λογισμῶν
1106 2390 1140 2459 ή
1192 2387 1348 2452 ἐλπὶς
1392 2389 1655 2443 τίκτεται.
1693 2391 1785 2460 Μὴ
1819 2391 1928 2462 γάρ

335 2474 614 2545 ἀπογνῷς,
654 2474 933 2547 ἄνθρωπε,
961 2475 1097 2547 πρὸς
1135 2476 1226 2530 τὸν
1264 2477 1396 2531 Θεὸν
1430 2479 1804 2550 ἀπερχόμενος
1838 2480 1929 2534 τὸν

338 2563 478 2633 μηδὲ
506 2561 636 2615 Υἱοῦ
660 2564 987 2634 φεισάμενον
1021 2563 1109 2618 διὰ
1140 2566 1202 2617 σέ
1226 2581 1243 2598 ·
1280 2566 1355 2636 μὴ
1408 2566 1792 2642 ἀπαγορεύσῃς
1813 2571 1929 2631 τοῖς

338 2650 580 2722 παροῦσι
609 2655 820 2715 κακοῖς.
868 2654 925 2705 '0
956 2653 1047 2706 τὸν
1080 2654 1359 2726 Μονογενῆ
1389 2655 1533 2721 δοὺς,
1568 2656 1655 2709 ἵνα
1688 2673 1746 2709 σε
1778 2658 1929 2728 σώσῃ

338 2739 555 2809 καὶτῆς
577 2739 802 2809 γεέννης
818 2739 1090 2810 ἐξέληται,
1108 2741 1251 2805 τίνος
1292 2745 1543 2811 φείσεται
1581 2744 1766 2797 λοιπὸν
1789 2746 1929 2815 ὑπὲρ

336 2828 439 2898 τῆς
472 2827 573 2898 σῆς
605 2828 915 2899 σωτηρίας;
942 2828 1107 2881 Ὥστε
1154 2831 1400 2895 ἐλπίζειν
1442 2833 1546 2903 χρὴ
1574 2834 1753 2887 πάντα
1788 2850 1930 2905 χρη-

340 2917 463 2973 στά.
504 2919 639 2972 υύδέ
680 2918 810 2989 γὰρ,
838 2920 887 2971 εί
913 2920 1049 2990 πρὸς
1070 2920 1329 2992 δικαστὴν
1350 2921 1621 2993 ἀπῄειμεν
1668 2922 1929 2993 μέλλοντα

340 3006 549 3077 κρίνειν
564 3006 715 3078 [491]
735 3007 904 3077 ἡμᾶς,
936 3008 1033 3060 καὶ¹
1061 3008 1335 3079 τοσαύτην
1357 3010 1578 3081 ἀγάπην
1601 3010 1743 3083 ὑπὲρ
1772 3011 1931 3082 ἡμῶν

338 3094 799 3165 ἐπιδεδειγμένον,
822 3096 897 3159 ώς
913 3095 1005 3149 τὸν
1021 3095 1134 3149 υἱὸν
1150 3098 1518 3167 κατασφάξαι,
1539 3099 1825 3170 ἐδείσαμεν
1839 3101 1927 3154 ἄν.

355 3183 697 3255 Ἐλπίζωμεν
719 3180 812 3239 οὖν
837 3186 1050 3257 χρηστὰ
1084 3187 1179 3240 καὶ
1219 3187 1431 3257 μεγάλα
1455 3204 1471 3219 ·
1522 3188 1582 3242 τὸ
1608 3190 1718 3260 γὰρ
1754 3191 1927 3259 κεφά-

340 3271 494 3326 λαιον
522 3273 812 3342 ἐλάϐομεν,
853 3275 903 3326 εί
931 3273 1280 3344 πιστεύομεν.
1314 3274 1541 3345 Εἵδομεν
1567 3276 1677 3348 γάρ
1702 3276 1764 3329 τὸ
1794 3278 1929 3330 ὑπό-

341 3361 544 3430 δειγμα
566 3373 579 3387 ·
608 3360 987 3430 ἀγαπήσωμεν
1010 3376 1025 3390 ·
1053 3362 1291 3433 ἐσχάτης
1311 3363 1419 3433 γάρ
1443 3363 1627 3427 ἀνοίας
1654 3364 1715 3417 τὸ
1742 3364 1817 3436 μὴ
1839 3364 1931 3417 τὸν

343 3446 487 3501 οὕτω
501 3447 818 3501 διατεθέντα
834 3450 1136 3520 ἀγαπῆσαι.
1162 3450 1316 3516 Ἵνα,
1350 3452 1471 3504 εἴτε
1502 3453 1928 3522 γρηγοροῦμεν,

346 3536 531 3607 φησιν,
558 3536 679 3590 εἴτε
714 3537 1104 3605 καθεύδομεν,
1146 3537 1268 3607 ἅμα
1295 3539 1418 3594 σὺν
1438 3541 1599 3606 αὐτῷ
1638 3541 1927 3611 ζήσωμεν.

345 3625 447 3679 Διύ
473 3624 874 3693 παρακαλεῖτε
910 3626 1249 3694 ἀλλήλους,
1289 3628 1391 3682 καί
1435 3629 1799 3699 οἰκοδομεῖτε
1844 3626 1933 3696 εἷς

345 3713 455 3767 τὸν
484 3712 615 3777 ἕνα,
659 3711 855 3779 καθὼς
896 3714 996 3767 καί
1040 3715 1281 3770 ποιεῖτε.
1329 3717 1440 3769 Καὶ
1487 3717 1718 3789 ἀλλαχοῦ
1746 3717 1929 3781 πάλιν,

346 3800 488 3857 Εἴτε
511 3801 944 3871 ψηγοροῦμεν,
974 3802 1097 3855 sits
1146 3803 1517 3873 καθεύδομεν
1538 3817 1588 3858 ⁸.
1630 3804 1767 3858 Ἀλλ’
1808 3806 1931 3860 ἐτε-

352 3908 444 3962 ρον
460 3890 677 3944 ἐκεῖτὸν
691 3890 856 3945 ὕπνον
890 3893 1043 3961 φησὶ,
1071 3892 1165 3945 καὶ
1186 3893 1373 3965 ἕτερον
1411 3893 1644 3949 ἐνταῦθα
1663 3908 1681 3925 ·
1702 3895 1935 3950 ἐνταῦθα

349 3979 453 4050 μὲν
468 3978 577 4049 γάρ
599 3978 691 4031 τὸν
714 3978 942 4033 θάνατον
966 3979 1116 4051 δηλοῖ
1132 3981 1224 4035 τὸν
1253 3983 1585 4053 σωματικὸν,
1613 3984 1732 4037 ἐκεῖ
1749 3984 1807 4037 δὲ
1833 3986 1934 4055 τὴν

350 4067 482 4137 περὶ
501 4066 594 4119 τὸν
617 4066 732 4137 βίον
745 4068 1029 4139 ἀμέλειαν.
1054 4070 1120 4123 Ὀ
1141 4065 1235 4123 οὖν
1254 4069 1423 4140 δηλοῖ,
1442 4070 1600 4124 τοῦτό
1619 4074 1769 4126 ἐστι·
1796 4075 1934 4138 Τοὺς

350 4153 633 4219 κινδύνους
656 4154 733 4228 μὴ
755 4156 1031 4211 δεδοίκατε
1057 4174 1073 4189 ·
1106 4156 1210 4212 κᾶν
1225 4158 1605 4230 ἀποθάνωμεν,
1630 4162 1932 4233 ζησόμεθα.

350 4243 446 4314 Μή
463 4243 793 4316 ἀπελπίσῃς,
814 4244 896 4298 ὃτι
918 4244 1068 4299 κινδυ
1082 4245 1248 4310 θεύεις
1273 4262 1288 4277 ·
1320 4246 1464 4318 ἐχεις
1486 4248 1741 4320 ἐνέχυρον
1759 4251 1937 4320 ἀσφα-

351 4329 441 4397 λές
465 4347 480 4363 ·
498 4330 599 4384 οὐκ
623 4332 709 4397 ἂν,
734 4334 784 4387 εί
805 4333 881 4402 μὴ
909 4333 1112 4404 σφόδρα
1134 4335 1291 4406 ήμῶν
1314 4338 1681 4409 περιεκαίετο,
1703 4338 1793 4393 τὸν
1810 4340 1937 4393 Υίὸν

353 4420 522 4474 αὐτοῦ
535 4420 759 4475 ἔδωκεν.
782 4421 1060 4475 ’Ὥστεκάν
1073 4423 1372 4496 ἀποθάνῃς,
1398 4425 1539 4499 ζήσῃ
1556 4442 1567 4455 ·
1595 4427 1818 4498 καὶγὰρ
1842 4429 1938 4482 καὶ

351 4510 519 4573 αὐτὸς
539 4509 828 4564 ἀπέθανεν.
854 4511 956 4565 ’Λν
975 4529 1034 4565 τε
1050 4507 1145 4566 οὖν
1162 4513 1541 4586 ἀποθάνωμεν,
1567 4517 1633 4571 ἀν
1645 4534 1705 4570 τε
1728 4518 1933 4589 ζῶμεν,

356 4600 475 4670 μετ’
508 4598 674 4654 αὐτοῦ
705 4598 1008 4669 ζησόμεθα.
1066 4601 1384 4674 ’Λδιάφορον
1412 4604 1571 4658 τοῦτο
1595 4605 1706 4676 ἔχω
1731 4623 1745 4637 ·
1784 4608 1937 4662 οὐδέν

356 4706 450 4760 μοι
485 4688 661 4760 μέλει,
694 4688 760 4742 ἀν
787 4705 847 4741 τε
874 4688 983 4753 ζῶ,
1033 4691 1099 4745 ἀν
1133 4707 1191 4744 τε
1236 4692 1523 4746 ἀποθάνω·
1561 4696 1681 4765 μετ’
1722 4697 1934 4752 ἐκείνου

352 4778 463 4848 γάρ
488 4778 786 4849 ζησόμεθα.
823 4778 1010 4833 Πάντα
1055 4775 1149 4833 οὖν
1182 4780 1322 4852 ὺπέρ
1358 4782 1576 4852 ἐκείνης
1606 4784 1937 4856 πράττωμεν

351 4866 453 4935 τῆς
484 4865 651 4936 ζωῆς,
669 4868 851 4922 πάντα
872 4869 1009 4939 πρὸς
1038 4868 1254 4940 ἐκείνην
1282 4868 1520 4940 δρῶντες
1548 4872 1933 4944 ἐργασώμεθά.

355 4954 554 5018 Σκότος
587 4955 735 5008 ἐστὶν
761 4957 793 5027 ή
826 4956 993 5011 κακία
1017 4996 1033 5020 ,
1064 4958 1349 5027 ἀγαπητὲ,
1392 4958 1621 5023 θάνατός
1652 4962 1791 5024 ἐστιν
1838 4962 1936 5030 νύξ

353 5044 523 5108 ἐστιν,
554 5044 706 5097 οὐδὲν
733 5044 956 5116 ὁρῶμεν
980 5046 1090 5099 τῶν
1128 5047 1380 5113 δεόντων,
1432 5049 1587 5102 ούδέν
1620 5051 1936 5123 πράττομεν

351 5131 465 5185 τῶν
499 5135 907 5205 προσηκόντων.
940 5135 1209 5206 Καθάπερ
1234 5138 1283 5190 οί
1315 5137 1500 5207 νεκροὶ
1538 5137 1800 5202 δυσειδεῖς
1831 5142 1937 5194 είσι

354 5221 451 5275 καὶ
475 5222 753 5290 ὀδωδότες,
788 5224 931 5278 οὕτω
960 5226 1055 5279 καὶ
1084 5227 1140 5279 αἱ
1172 5226 1345 5297 ψυχαὶ
1372 5226 1483 5279 τῶν
1507 5228 1566 5281 ἐν
1606 5227 1774 5301 κακία
1804 5229 1939 5283 πολ-

355 5308 453 5379 λῆς
481 5311 618 5363 εἰσιν
642 5312 985 5383 ἀκαθαρσίας
1017 5314 1234 5385 μεσταί·
1258 5314 1506 5385 μέμυκεν
1534 5314 1714 5369 αὐτῶν
1738 5317 1807 5370 τά
1836 5317 1939 5389 ὅμ-

360 5414 529 5466 ματα,
556 5398 619 5451 τὸ
660 5400 835 5470 στόμα
868 5400 1245 5471 συνείληπται,
1283 5402 1530 5473 ἀκίνητοι
1580 5404 1834 5475 μένουσιν
1880 5407 1937 5458 ἐν

355 5486 423 5554 τῇ
457 5485 615 5557 κλίνῃ
640 5486 739 5557 τῆς
767 5488 989 5549 κακίας·
1031 5487 1233 5557 μᾶλλον
1283 5488 1340 5543 δὲ
1368 5491 1479 5543 τῶν
1532 5490 1705 5545 ταῦτα
1733 5492 1938 5546 παθόν-

357 5587 465 5623 των
488 5571 853 5644 ἐλεεινότεροι.
874 5567 1033 5628 Οὗτοι
1058 5575 1158 5646 μὲν
1180 5576 1288 5648 γάρ
1312 5578 1450 5647 πρὸς
1474 5578 1709 5650 ἐκάτερα
1729 5584 1938 5652 νεκροὶ,

359 5657 556 5711 ἐκεῖνοι
601 5658 661 5712 δὲ
691 5661 829 5733 πρὸς
874 5662 974 5732 μὲν
1032 5662 1232 5735 ἀρετὴν
1266 5662 1603 5736 ἀναίσθητοι,
1657 5666 1856 5732 ζῶντες
1882 5668 1940 5722 δὲ

423 5794 451 5823 ⁸
477 5793 745 5858 Scripserit
797 5799 967 5860 procul
1002 5799 1154 5847 dubio
1200 5796 1595 5858 Chrysoslomus,
1637 5801 1938 5849 versiculum

360 5861 558 5981 mm
593 5860 833 5923 allegatis,
850 5862 913 5925 μὴ
947 5861 1269 5925 καθεύδωμεν,
1288 5861 1410 5911 ἀλλά
1432 5863 1736 5926 γρηγορῶμεν
1753 5864 1834 5912 καὶ
1856 5865 1941 5922 νή-

1122 345 1191 401 IN
1228 343 1452 403 EPIST.
1480 344 1503 399 1
1530 344 1626 401 AD
1656 337 1999 402 THESSAL.
2027 339 2184 397 CAP.
2227 340 2291 396 ν.
2324 339 2559 397 ηοιιιι..
2604 340 2695 397 IX.

3494 338 3601 395 452

2034 457 2173 528 πρὸς
2195 458 2641 528 κακίαν.Νεκρὸν
2673 456 2775 511 κᾶν
2804 455 2981 527 πλήξῃ
3009 472 3112 518 τις,
3139 455 3239 508 οὐκ
3266 455 3599 518 αἰσθάνεται,

2021 549 2143 601 οὐδὲ
2182 551 2470 618 ἀμύνεται·
2507 550 2620 603 ἀλλ’
2655 550 2844 620 ὥσπερ
2879 549 3032 615 ξύλον
3054 546 3184 602 αὖον
3216 550 3243 589 δ
3271 548 3416 601 οὕτω
3441 551 3538 602 καὶ
3566 556 3603 621 ή

2028 636 2174 707 ψυχὴ
2201 632 2330 690 αὖον
2368 648 2389 674 ε
2414 636 2582 700 ὅντως
2612 637 2777 701 ἐστὶν,
2812 636 3159 691 ἀποϐαλοῦσα
3186 637 3285 707 τὴν
3303 637 3467 708 ζωήν·
3501 656 3606 708 μυ-

2029 724 2119 795 ρία
2150 724 2271 777 καθ’
2298 725 2538 795 ἑκάστην
2567 725 2780 797 ἡμέραν
2811 724 3076 796 λαμϐάνει
3137 725 3449 797 τραύματα,
3510 728 3607 780 κοιλ⁸

2023 812 2232 875 οὐδενὸς
2273 813 2607 879 αἰσθάνεται,
2642 814 2755 868 ἀλλ’
2778 814 3097 883 ἀναλγήτως
3130 814 3265 885 πρὸς
3290 815 3467 869 πάντα
3488 814 3605 868 διά-

2024 918 2222 955 κειται.
2250 901 2365 955 υύκ
2411 900 2478 955 ἀν
2504 920 2587 966 τις
2628 904 2862 973 ἁμάρτοι
2921 906 3035 966 τοῖς
3079 903 3379 977 μεμηνόσιδν
3407 904 3605 966 αὐτοὺς

2023 987 2531 1059 παραϐάλλων,τοῖς
2556 989 2833 1060 μεθύουσι,
2855 992 2969 1053 τοῖς
2995 989 3388 1059 παρα-παίουσι.
3418 992 3603 1043 Πάντα

2020 1075 2077 1127 δέ
2110 1075 2282 1129 ταῦτα
2309 1076 2422 1147 ἔχει
2448 1079 2482 1147 ή
2518 1078 2707 1141 κακία,
2760 1080 2855 1131 καὶ
2888 1078 3107 1131 πάντων
3175 1080 3291 1131 ἐστὶ
3352 1078 3603 1149 χαλεπω-

2022 1163 2174 1234 τέρα.
2212 1163 2271 1216 ⁰Ο
2297 1165 2618 1235 μαινόμενος
2678 1164 2791 1234 ἔχει
2825 1164 3027 1234 πολλὴν
3064 1163 3395 1235 συγγνώμην
3451 1168 3604 1236 παρά

2021 1252 2131 1304 τῶν
2163 1252 2433 1322 δρώντων·
2468 1255 2530 1307 οὐ
2550 1255 2657 1324 γάρ
2692 1254 2811 1306 ἐστι
2868 1252 3243 1324 προαιρέσεως
3275 1253 3337 1305 τὸ
3366 1254 3601 1324 νόσημα.

2023 1338 2159 1391 ἀλλά
2185 1339 2400 1408 φύσεως
2450 1340 2641 1410 μόνης·
2686 1339 2799 1392 όδὲ
2849 1342 2910 1391 ἐν
2944 1340 3111 1411 κακίᾳ
3163 1339 3386 1408 διάγων,
3440 1342 3605 1395 πόθεν

2026 1427 2529 1498 συγγνωσθήσεται;
2549 1428 2743 1490 Πόθεν,
2759 1424 2896 1498 οῦνή
2915 1428 3081 1483 κακία
3102 1446 3118 1495 ;
3142 1428 3307 1480 πόθεν
3322 1430 3370 1481 οἱ
3385 1429 3605 1493 πλείους

2023 1515 2216 1578 κακοί;
2248 1516 2438 1580 Πόθεν,
2472 1518 2723 1586 ἐρωτᾷς;
2762 1516 2883 1569 εἰπέ
2921 1533 3012 1585 μοι
3047 1516 3135 1574 σὺ.
3169 1516 3332 1569 πόθεν
3367 1519 3399 1587 ἡ
3435 1519 3603 1571 κακία

2023 1602 2131 1655 τῶν
2164 1603 2525 1673 νοσημάτων;
2569 1604 2734 1657 πόθεν
2775 1606 3048 1673 φρενῖτις;
3107 1602 3271 1654 πόθεν
3305 1600 3469 1665 ὕπνος
3501 1603 3600 1672 βα-

2024 1689 2157 1759 ρύς;
2213 1691 2334 1760 οὐχὶ
2384 1690 2443 1758 ἐξ
2473 1690 2833 1761 άπροσεξίας;
2867 1691 2926 1743 Εἰ
2958 1689 3027 1743 τά
3060 1689 3268 1758 φυσικά
3319 1692 3603 1759 νοσήματα

2022 1777 2133 1831 ἀπὸ
2162 1779 2531 1847 προαιρέσεως
2559 1779 2786 1848 ἔχειτὴν
2838 1779 3033 1849 ἀρχὴν,
3067 1777 3247 1848 πολλῷ
3282 1777 3483 1848 μᾶλλον
3534 1780 3605 1831 τά

2025 1866 2403 1937 προαιρετικά.
2447 1866 2512 1919 Ἠ
2550 1867 2690 1937 μέθη
2717 1866 2914 1932 πόθεν;
2971 1866 3091 1935 ούχὶ
3121 1864 3179 1929 ἐξ
3199 1866 3467 1937 ἀκρασίας
3501 1858 3607 1934 ψυο

2025 1956 2161 2025 χῆςς
2194 1955 2226 2024 ή
2263 1956 2505 2026 φρενῖτις
2536 1955 2657 2024 οὐχὶ
2686 1954 2796 2008 ἀπὸ
2830 1954 3139 2024 ὑπερϐολῆς
3173 1953 3446 2025 πυρετοῦ;
3487 1956 3515 2006 ὁ
3544 1954 3603 2007 δὲ

2024 2042 2261 2113 πυρετὸς
2290 2043 2411 2112 οὐχὶ
2444 2042 2551 2095 ἀπὸ
2572 2042 2977 2105 πλεοναζόντων
3005 2042 3066 2094 ἐν
3098 2044 3231 2113 ήμῖν
3284 2042 3602 2112 στοιχείων;

2026 2131 2061 2201 ή
2092 2128 2373 2195 πλεονεξία
2386 2129 2443 2182 δὲ
2464 2129 2572 2183 τῶν
2598 2132 2655 2182 ἐν
2680 2131 2810 2201 ἡμῖν
2844 2130 3121 2199 στοιχείων
3143 2130 3265 2199 οὐχ)⁵
3298 2130 3357 2194 ἐξ
3389 2133 3601 2201 ἀπροσ-

2027 2217 2215 2281 εξίαςς
2250 2218 2418 2271 Ὅταν
2470 2218 2580 2288 γάρ
2635 2218 2668 2289 ἢ
2720 2217 2914 2289 ἐνδείᾳ,
2944 2218 2977 2288 ἢ
3012 2216 3297 2287 πλεονεξία
3327 2220 3409 2281 είς
3462 2220 3601 2288 ἀμε-

2026 2305 2184 2375 τρίαν
2208 2322 2260 2357 τι
2286 2304 2394 2359 τῶν
2422 2306 2481 2358 ἐν
2505 2306 2636 2374 ἡμῖν
2665 2304 3044 2375 ὲξαγάγωμεν,
3077 2306 3392 2375 ἀνάπτομεν
3426 2307 3603 2358 ἐκεῖνο

2029 2391 2181 2464 [49Ξ]
2208 2392 2271 2446 τὸ
2301 2392 2432 2463 πῦρ.
2464 2393 2656 2458 Πάλιν,
2690 2395 2755 2447 ἂν
2785 2394 2882 2464 τῆς
2910 2392 3104 2461 φλογὸς
3135 2392 3420 2463 ἀφθείσης.
3476 2393 3603 2446 ἐπι-

2029 2480 2281 2552 μένωμεν
2314 2481 2815 2552 καταφρονοῦντες,
2868 2481 2988 2534 καθ’
3016 2481 3225 2535 ἑαυτῶν
3257 2481 3606 2551 ἐργαζόμεθα

2025 2570 2226 2640 πυρὰν,
2263 2571 2329 2640 ἦν
2354 2570 2475 2622 οὕδὲ
2503 2570 2694 2625 σϐέσαι
2736 2569 3031 2640 δυνάμεθα.
3066 2571 3223 2623 Οὕτω
3250 2571 3348 2623 καὶ
3375 2570 3468 2622 ἐπὶ
3498 2570 3602 2639 τῆς

2028 2657 2226 2720 κακίας
2258 2658 2487 2725 γίνεται·
2519 2658 2645 2711 ὅταν
2696 2656 3009 2727 ἀρξαμένην
3040 2656 3209 2727 αὐτὴν
3264 2656 3339 2726 μὴ
3377 2654 3603 2708 κωλύω-

2031 2764 2150 2818 μεν,
2190 2746 2325 2817 μηδέ
2355 2745 2730 2815 ἐκκόπτωμεν,
2750 2746 2868 2798 ούδέ
2891 2743 3172 2813 ἐφικέσθαι
3206 2744 3480 2815 δυνάμεθα
3508 2745 3604 2797 τοῦ

2025 2834 2217 2899 τέλους
2253 2833 2459 2899 λοιπὸν,
2518 2833 2655 2886 ἀλλά
2693 2834 2892 2903 μείζων
2936 2832 3145 2900 γίνεται
3198 2831 3295 2902 τῆς
3330 2831 3608 2902 ἡμετέρας

2031 2922 2233 2994 ἰσχύος.
2257 2921 2370 2985 Διὸ,
2397 2921 2720 2992 παρακαλῶ,
2750 2922 2924 2973 πάντα
2958 2920 3306 2991 πράττωμεν,
3342 2918 3484 2973 ὥστε
3510 2937 3611 2990 μη-

2027 3011 2221 3065 δέποτε
2250 3009 2640 3074 ἀπονυστάξαι.
2665 3010 2778 3080 Οὐχ
2827 3011 2989 3081 ὁρᾶτε
3014 3010 3143 3070 τοὺς
3198 3007 3467 3075 φύλακας,
3524 3009 3609 3061 ὅτι

2028 3098 2287 3164 πολλάκις
2316 3098 2512 3169 μικρὸν
2540 3098 2765 3161 ἑαυτοὺς
2788 3098 2967 3160 δόντες
2999 3097 3078 3166 τῷ
3099 3095 3273 3166 ὕπνῳ,
3321 3097 3475 3150 οὐδὲν
3506 3100 3614 3151 ἀπ-

2027 3184 2239 3240 ώναντο
2261 3186 2362 3257 τῆς
2390 3185 2593 3256 πολλῆς
2622 3185 2903 3255 φυλακῆς;
2932 3185 2998 3237 δι’
3024 3186 3233 3237 ἐκείνου
3262 3184 3372 3255 γὰρ
3396 3184 3491 3238 τοῦ
3519 3202 3607 3253 μι-

2028 3274 2163 3345 κροῦ
2194 3274 2256 3327 τδ
2294 3275 2402 3327 πᾶν
2424 3273 2759 3343 διέφθειραν,
2800 3272 2879 3342 τῷ
2912 3272 3221 3342 βουλομένῳ
3255 3272 3450 3341 κλέψαι
3480 3273 3612 3325 πολ-

2028 3362 2126 3432 λὴν
2149 3363 2330 3426 δόντες
2360 3362 2458 3433 τὴν
2487 3362 2690 3417 ἄδειαν.
2722 3362 2986 3432 Καθάπερ
3006 3361 3114 3433 γάρ
3135 3362 3231 3431 οὐχ
3250 3360 3422 3424 οὕτως
3445 3364 3615 3432 mni;

2027 3452 2155 3513 τοὺς
2185 3450 2423 3512 κλέπτας
2445 3449 2681 3521 δρῶμεν,
2713 3449 2788 3512 ὠς
2821 3450 3016 3501 ἐκεῖνοι
3037 3449 3184 3518 ἡμᾶς
3213 3447 3428 3517 δρῶσιν·
3468 3446 3614 3500 οὕτω

2029 3538 2445 3602 καὶόδιάϐολος
2498 3538 2733 3608 μάλιστα
2791 3539 3011 3590 πάντων
3060 3539 3329 3607 ἐφέστηκε
3368 3535 3464 3590 καὶ
3521 3538 3612 3590 ἐνο

2030 3625 2261 3698 εδρεύει,
2300 3626 2394 3679 καὶ
2440 3626 2615 3697 τρίζει
2645 3627 2772 3688 τοὺς
2830 3624 3071 3688 ὀδόντας.
3117 3624 3213 3695 Μὴ
3260 3623 3614 3694 νυστάξωμεν

2029 3714 2227 3767 τοίνυν·
2256 3714 2331 3784 μὴ
2356 3712 2621 3783 εἴπωμεν,
2656 3711 2810 3782 παρὰ
2842 3711 3001 3764 τοῦτο
3026 3711 3202 3776 οὐδὲν,
3268 3712 3398 3782 παρ’
3434 3715 3613 3765 ἐκεῖνο

2030 3802 2201 3857 οὐδέν.
2234 3800 2396 3854 Ὅθεν
2446 3801 2507 3853 ού
2561 3800 3063 3871 προσεδοκήσαμεν,
3100 3799 3361 3862 πολλάκις
3413 3800 3613 3868 ἐσυλή-

2034 3889 2227 3961 θημεν.
2281 3888 2437 3942 Οὕτω
2474 3887 2567 3940 καὶ
2620 3888 2713 3939 ἐπὶ
2751 3886 2956 3949 κακίας
2979 3902 2994 3917 ·
3026 3885 3148 3940 ὅθεν
3183 3887 3244 3939 ού
3279 3886 3614 3957 προσεδοκή-

2036 3995 2230 4049 σαμεν,
2255 3975 2604 4047 ἀπωλόμεθα.
2637 3976 2820 4029 Πάντα
2869 3974 3294 4046 περισκοπῶμεν
3343 3974 3610 4045 ἀκριϐῶς,

2039 4066 2114 4137 μὴ
2144 4063 2565 4135 μεθυσκώμεθα,
2595 4062 2690 4116 καὶ
2732 4064 2829 4134 οὐχ
2864 4061 3205 4133 ὕπνώσομεν·
3265 4063 3342 4134 μὴ
3397 4062 3618 4133 τρυφῶ-

2039 4172 2158 4226 μεν,
2190 4156 2285 4207 καὶ
2309 4154 2369 4207 ού
2395 4153 2825 4223 καθευδήσομεν·
2860 4151 2937 4222 μὴ
2973 4151 3295 4222 μαινώμεθα
3355 4153 3493 4223 πρὸς
3541 4152 3615 4205 τὰ

2035 4241 2161 4308 ἔξω,
2198 4241 2293 4294 καὶ
2320 4242 2380 4293 ἐν
2406 4240 2567 4310 νήψει
2596 4238 2997 4308 διατελέσομεν.
3050 4238 3429 4308 Ῥυθμίζωμεν
3488 4240 3617 4291 ἐαυ-

2036 4331 2163 4392 τοῦς
2190 4328 2475 4383 πάντοθεν.
2518 4330 2626 4382 Καὶ
2658 4328 2908 4397 καθάπερ
2942 4328 3035 4380 ἐπὶ
3065 4327 3279 4397 σχοίνου
3306 4327 3615 4397 τεταμένης

2039 4416 2355 4488 βαδίζοντας
2388 4417 2490 4470 οὐκ
2518 4416 2599 4469 ἐνι
2634 4415 2950 4488 ρᾳθυμῆσαι
3006 4415 3129 4468 οὐδὲ
3155 4414 3370 4485 μικρόν·
3400 4414 3463 4466 τὸ
3504 4415 3616 4484 γάρ

2040 4504 2240 4575 μικρὸν
2267 4503 2415 4574 μέγα
2443 4500 2734 4573 ἐργάζεται
2773 4502 2963 4555 κακόν·
2989 4502 3351 4572 περιτραπεὶς
3382 4500 3493 4572 γὰρ
3524 4501 3616 4553 εὖ-

2038 4590 2175 4653 θέως
2205 4587 2514 4658 κατηνέχθη
2547 4588 2641 4641 καὶ
2663 4586 2930 4641 ἀπώλετο·
2971 4586 3144 4648 οὕτως
3180 4587 3301 4640 οὐδὲ
3330 4588 3479 4657 ἡμᾶς
3524 4586 3616 4639 δυ-

2039 4679 2203 4731 νατὸν
2229 4675 2516 4747 ῥᾳθυμεῖν.
2550 4674 2751 4745 Στενὴν
2781 4674 3068 4745 βαδίζομεν
3085 4674 3205 4728 ὁδὸν
3229 4673 3334 4726 ὑπὸ
3354 4673 3618 4744 κρημνῶν

2034 4762 2375 4835 ἑκατέρωθεν
2404 4761 2841 4833 ἀπειλημμένην,
2891 4763 3027 4831 ὁμοῦ
3052 4760 3145 4815 δύο
3171 4761 3337 4824 πόδας
3360 4762 3419 4813 ού
3465 4761 3617 4830 δεχο-

2038 4852 2229 4923 μένην.
2262 4851 2429 4922 Ὀρᾷς
2455 4850 2628 4920 πόσης
2657 4851 2789 4921 ἡμῖν
2815 4850 3101 4922 ἀκριϐείας
3153 4850 3267 4917 δεῖ;
3320 4851 3433 4921 Ούχ
3481 4852 3616 4923 δρᾷς

2035 4942 2161 5003 τοὺς
2186 4938 2286 5002 τὰς
2317 4941 2744 5010 ἀμφικρήμνους
2770 4940 3181 5012 ὁδοιποροῦντας
3205 4941 3379 5006 ὁδοὺς,
3410 4942 3526 5005 πῶς
3551 4942 3613 4993 ού

2035 5029 2161 5091 τοὺς
2182 5028 2348 5092 πόδας
2377 5013 2764 5097 ἀσφαλίζονται
2797 5030 2976 5099 μόνον,
2991 5027 3127 5083 ἀλλά
3147 5031 3241 5083 καὶ
3263 5031 3389 5093 τοὺς
3419 5029 3620 5098 ὀφθαλ-

2040 5116 2200 5185 μούς;
2234 5117 2333 5169 Ἂν
2365 5116 2474 5185 γὰρ
2499 5116 2625 5190 δόξῃ
2659 5127 2681 5155 ο
2718 5117 2942 5185 ἐτέρωθι
2975 5118 3263 5188 προσέχειν
3300 5118 3482 5180 αὑτὸν,
3515 5117 3621 5169 κᾶν

2037 5207 2066 5257 δ
2103 5206 2236 5268 ποὺς
2268 5204 2499 5275 βεϐαίως
2556 5207 2786 5279 ἑστήκῃ,
2826 5205 3132 5275 ἰλιγγιάσας
3166 5207 3273 5259 ἀπὸ
3298 5205 3392 5259 τοῦ
3423 5205 3622 5276 βάθους

2037 5294 2067 5347 ὁ
2091 5292 2367 5363 ὀφθαλμὸς
2388 5293 2567 5346 τὸπᾰν
2590 5296 2948 5365 κατήνεγκεν.
2967 5294 3106 5347 Ἀλλ’
3135 5294 3316 5363 ἐαυτῷ
3342 5294 3423 5347 δεῖ
3446 5311 3619 5363 προσ-

2040 5387 2207 5451 έχειν,
2242 5381 2336 5433 καὶ
2361 5382 2428 5451 τῇ
2489 5380 2715 5449 βαδίσει·
2746 5381 2835 5434 διὰ
2881 5381 3039 5434 τοῦτό
3080 5399 3234 5451 φησι.
3265 5383 3417 5452 Μήτε
3444 5381 3619 5447 δεξιὰ,

2040 5472 2178 5539 μήτε
2212 5469 2495 5540 ἀριστερά.
2530 5469 2703 5533 Πολὺς
2724 5472 2752 5524 ό
2784 5470 2943 5540 βυθὸς
2970 5471 3065 5539 τῆς
3100 5470 3297 5534 κακίας
3344 5470 3482 5535 ἐστὶ,
3524 5488 3621 5540 με-

2038 5558 2191 5629 γάλοι
2215 5558 2263 5611 οί
2306 5560 2563 5630 κρημνοὶ,
2591 5558 2727 5611 πολῦ
2760 5561 2908 5614 κάτω
2941 5560 3152 5622 σκότος,
3210 5560 3368 5632 στενὴ
3395 5560 3430 5630 ή
3479 5560 3618 5623 ὁδός·

2039 5646 2398 5718 προσέχωμεν
2423 5648 2564 5717 μετὰ
2590 5647 2777 5716 φόϐου,
2812 5650 2949 5719 μετὰ
2977 5649 3180 5719 τρόμου
3205 5648 3620 5719 περιπατῶμεν.

2041 5735 2231 5799 υύδεὶς
2256 5733 2514 5805 τοιαύτην
2541 5735 2741 5789 ὁδεύων
2767 5736 2905 5802 ὁδὸν,
2930 5737 3227 5806 ἐκκέχυται
3254 5737 3473 5805 γέλωτι,
3495 5737 3619 5791 οὐδὲ

2108 5871 2135 5936 13
2158 5868 2478 5936 golperlinus
2497 5884 2643 5930 unus,
2666 5872 2829 5933 ὥσπερ
2864 5871 2996 5929 ξύλον
3018 5872 3155 5936 ξηρὸν
3180 5870 3310 5923 αὖον.

2109 5933 2131 5963 ε
2155 5932 2334 5983 Melius
2352 5934 2617 5995 quadraret
2648 5932 2823 5997 συμϐῇ.
