4114 6396
502 329 611 385 455

503 446 747 515 βαρεῖται
779 443 940 517 μέθῃ,
963 442 1078 497 ἀλλ’
1098 445 1163 519 ,ἐν
1185 443 1345 513 νήψει
1375 444 1471 497 καὶ
1497 446 1738 515 προσοχῇ
1766 443 1867 513 τὴν
1894 443 2077 497 τοιαύ-

500 551 599 600 την
632 530 805 585 ὁδεύει
829 531 969 585 ὀδόν·
995 531 1170 595 οὐδεὶς
1200 531 1456 601 τοιαύτην
1494 530 1693 585 ὁδεύων
1721 531 1861 597 ὁδὸν,
1888 531 2081 598 ἐπιφέ-

504 620 658 690 ρεταί
687 638 742 673 τι
772 619 882 673 τῶν
904 620 1197 690 περιττῶν·
1234 619 1517 689 ἀγαπητὸν
1542 619 1652 690 γὰρ
1686 617 1923 683 εὔζωνον
1947 619 2078 671 ὄντα

501 708 795 779 δυνηθῆναι
827 707 1165 777 διαδραμεῖν·
1195 706 1369 769 οὐδεὶς
1401 705 1722 775 συμποδίζει
1753 708 1880 770 τοὺς
1910 706 2079 770 πόδας

500 796 627 856 τοὺς
666 796 881 860 ἑαυτοῦ,
913 794 1027 848 ἀλλ’
1051 794 1307 857 εὐλύτους
1332 794 1578 863 ἀφίησιν.

568 890 632 939 ε’.
649 884 712 937 Ἠ
722 886 840 964 μεῖς
850 884 908 937 δὲ
924 883 1147 954 μυρίαις
1164 882 1440 950 φροντίσιν
1451 881 1675 944 ἑαυτοὺς
1690 880 2082 953 καταδεσμοῦν-

500 987 616 1033 τες,
648 973 744 1024 καὶ
780 971 951 1040 μυρία
980 970 1175 1040 φορτία
1208 968 1438 1039 βιωτικά
1472 968 1881 1039 ἐπιφερόμενοι,
1916 985 2081 1039 κεχη-

502 1059 651 1122 νότες
688 1060 782 1112 καὶ
811 1057 1321 1128 ἐκκεχυμένοι.πῶς
1346 1057 1447 1129 τὴν
1475 1058 1666 1129 στενὴν
1691 1058 2081 1129 προσδοκῶμεν

504 1147 740 1216 βαδίζειν
768 1148 919 1213 ὁδόν;
967 1150 1080 1218 Οὐχ
1110 1147 1300 1210 ἁπλῶς
1346 1143 1522 1212 εἷπεν,
1579 1149 1661 1201 ὃτι
1716 1148 1875 1216 στενή
1928 1149 2078 1201 ἐστιν

501 1232 639 1285 ἀλλά
676 1234 815 1303 μετὰ
844 1233 1191 1305 θαυμασμοῦ·
1231 1236 1291 1287 Τί
1318 1235 1507 1301 στενὴ
1534 1236 1573 1303 ἠ
1599 1234 1761 1300 ὁδός·
1808 1237 2078 1299 τουτέστι,

502 1321 710 1391 σφόδρα
742 1322 924 1392 στενή.
983 1321 1154 1375 Τοῦτο
1197 1323 1291 1374 καὶ
1329 1324 1490 1392 ἡμεῖς
1536 1323 1800 1393 ποιοῦμεν
1832 1323 1927 1375 ἐπὶ
1969 1323 2082 1376 τῶν

500 1410 644 1464 πάνυ
674 1409 1127 1481 θαυμαζομένων.
1158 1411 1267 1464 Καὶ
1290 1410 1473 1475 πάλιν,
1494 1412 1878 1482 Τεθλιμμένη,
1894 1412 2081 1482 φησὶν,

501 1498 653 1571 [495]
692 1500 730 1567 ἡ
761 1498 902 1565 ὁδὸς
928 1499 966 1566 ’ἡ
994 1498 1317 1568 ἀπάγουσα
1346 1501 1435 1565 εἰς
1460 1498 1575 1567 τὴν
1608 1499 1781 1564 ζωήν.
1818 1501 1931 1553 Καὶ
1978 1518 2081 1554 κα-

500 1586 605 1649 λῶς
648 1582 770 1640 εἰπε
828 1586 1037 1653 στενή.
1096 1587 1266 1640 Ὅταν
1318 1588 1427 1658 γὰρ
1490 1589 1586 1641 καὶ
1651 1590 1912 1659 ῥημάτων
1987 1591 2082 1644 καὶ

500 1676 718 1727 ἐννοιῶν
781 1674 877 1728 καὶ
928 1674 1181 1745 πράξεων
1226 1676 1320 1728 καὶ
1372 1676 1588 1729 πάντων
1642 1676 1931 1747 ὀφείλομεν
1993 1679 2083 1731 εὐ-

500 1761 664 1825 θύνας
690 1762 933 1831 ὑπέχειν,
968 1762 1131 1832 στενὴ
1162 1762 1329 1825 ὅντως
1374 1763 1511 1815 ἐστί.
1546 1763 1874 1835 Στενοτέραν
1898 1763 1956 1817 δέ
1985 1768 2082 1818 αὐ·-

498 1851 599 1921 τὴν
637 1848 898 1919 ποιοῦμεν
928 1850 1109 1918 ἡμεῖς,
1140 1848 1502 1913 πλατύνοντες
1545 1851 1773 1915 ἑαυτοὺς
1800 1852 1892 1905 καὶ
1917 1853 2081 1924 εὐρύ-

500 1954 683 1999 νοντες
701 1937 794 1989 καί⁸
818 1938 944 1999 τοὺς
971 1937 1135 1999 πόδας
1164 1935 1468 2006 ἐκχέοντες.
1510 1938 1577 1989 Ἢ
1598 1939 1706 2009 γὰρ
1735 1940 1894 2010 στενὴ
1918 1942 2082 1995 παντὶ

503 2028 603 2097 μὲν
623 2024 910 2096 δυσχερὴς,
962 2025 1195 2095 μάλιστα
1222 2026 1280 2078 δέ
1312 2024 1387 2095 τῷ
1430 2025 1817 2100 λιπαινομένῳ,
1851 2030 1927 2093 ῶς
1958 2031 1988 2083 ὅ
2017 2048 2081 2100 γε

500 2117 823 2187 κατατήκων
856 2115 1069 2179 ἑαυτὸν,
1101 2116 1221 2169 οὐδέ
1237 2115 1555 2186 αἰσθήσεται
1576 2119 1675 2188 τῆς
1699 2120 2077 2190 στενοχωρίας·

500 2206 643 2259 ὥστε
666 2208 694 2259 6
726 2204 1116 2277 μεμελετηκὼς
1149 2204 1449 2273 θλίϐεσθαι,
1496 2208 1617 2262 οὐδέ
1642 2208 2082 2281 ἀποδυσπετὴσει

502 2294 637 2366 πρὸς
660 2293 723 2346 τὸ
751 2293 1056 2358 πιέζεσθαι.

570 2383 662 2453 Μὴ
682 2382 863 2435 τοίνυν
904 2381 1040 2452 μετά
1058 2382 1297 2446 ἀνέσεως
1325 2383 1677 2454 προσδοκάτω
1698 2402 1781 2450 τις
1809 2386 1901 2441 τὸν
1920 2386 2083 2457 οὐρα-

502 2468 594 2523 νὸν
626 2470 872 2538 ὄψεσθαι·
904 2470 966 2522 οὐ
993 2470 1103 2539 γὰρ
1136 2470 1236 2523 ἐνι.
1271 2471 1478 2540 Μηδεὶς
1520 2472 1658 2540 μετά
1691 2473 1905 2543 τρυφῆς
1931 2474 2082 2527 ἐλπι-

503 2558 643 2620 ζέτω
665 2560 765 2628 τὴν
796 2558 989 2629 στενὴν
1019 2558 1226 2612 ὁδεύειν
1252 2560 1389 2611 όδόν·
1427 2562 1488 2613 οὐ
1522 2561 1632 2632 γὰρ
1684 2560 1927 2616 δυνατόν.
1961 2564 2084 2633 Μη-

500 2646 612 2709 δεὶς
637 2647 737 2717 τὴν
788 2647 1099 2717 εὐρύχωρον
1161 2648 1412 2718 βαδίζων,
1463 2648 1563 2719 τὴν
1608 2649 1753 2721 ζωὴν
1789 2650 2078 2714 ἐλπιζέτω.

510 2736 681 2788 Ὀταν
709 2729 801 2787 οὖν
834 2734 949 2805 ἴδῃς
973 2734 1235 2805 λουτροῖς,
1271 2736 1516 2808 τραπέζῃ
1548 2736 1849 2803 πολυτελεῖ,
1909 2738 1942 2808 ἢ
2000 2738 2083 2791 δο-

503 2822 792 2893 ρυφορίαις
814 2821 1167 2891 ἐντρυφῶντα
1196 2821 1286 2875 τὸν
1310 2823 1478 2886 δεῖνα,
1512 2824 1586 2893 μὴ
1628 2824 1921 2897 ταλανίσῃς
1948 2842 2082 2880 σαυ-

502 2910 615 2970 τὸν,
648 2909 723 2971 ώς
757 2911 817 2960 οὐ
845 2908 1140 2977 μετέχοντα
1171 2909 1396 2976 τούτων,
1420 2910 1555 2964 ἀλλά
1575 2911 1826 2977 στέναξον
1851 2915 2078 2977 ἐκεῖνον,

501 2996 585 3049 ὅτι
617 2995 713 3065 τῆν
770 2994 1151 3066 ἀπολλυμένην
1214 2997 1385 3049 ὁδεύει
1428 2997 1565 3051 ὁδόν.
1626 2998 1693 3051 Τί
1725 2999 1835 3071 γὰρ
1888 3001 2080 3070 ὄφελος

503 3081 706 3152 ταύτης
744 3083 842 3152 τῆς
869 3081 1012 3147 ὀδοῦ,
1057 3084 1186 3136 ὅταν
1216 3086 1295 3147 είς
1338 3085 1517 3155 θλῖψιν
1556 3086 1991 3160 τελευτᾷ;ποῖον
2023 3090 2083 3143 δέ

506 3170 703 3239 βλάὸος
733 3170 825 3222 ἀπ’
857 3170 1073 3241 ἐκείνης
1096 3171 1195 3241 τῆς
1246 3172 1625 3244 στενοχωρίας,
1639 3175 1768 3228 ὅταν
1788 3177 1869 3239 εἰς
1898 3176 2081 3231 ἄνεσιν

505 3258 764 3332 ῐρχηται;
799 3259 935 3313 Εἰπέ
967 3276 1081 3330 μοι,
1130 3260 1285 3325 εἴτις
1307 3264 1386 3325 εἰς
1416 3263 1484 3316 τὰ
1514 3263 1761 3333 βασίλεια
1809 3266 2083 3338 καλούμε-

504 3364 614 3410 νος,
653 3345 741 3399 διὰ
793 3346 1085 3400 στενωπῶν
1118 3346 1383 3417 θλιὸερῶν
1435 3350 1530 3403 καὶ
1583 3352 1953 3422 ἀποκρήμνων
1986 3352 2078 3423 βα·

504 3434 663 3499 δίζοι,
691 3434 877 3504 ἐτερος
904 3434 962 3487 δέ
998 3452 1085 3497 τις
1131 3434 1231 3505 τὴν
1284 3436 1375 3488 ἐπὶ
1413 3435 1643 3492 θάνατον
1684 3440 1950 3511 ἀγόμενος
1996 3440 2086 3496 διὰ

511 3522 684 3592 μέσης
710 3522 923 3575 ἕλκοιτο
977 3520 1077 3589 τῆς
1107 3523 1331 3594 ἀγορᾶς,
1375 3524 1495 3577 τίνα
1534 3526 1932 3598 μακαριοῦμεν,
1964 3528 2086 3582 τίνα

508 3609 874 3679 στενάξομεν;
909 3610 971 3662 οὐ
1008 3609 1100 3663 τὸν
1128 3610 1216 3663 διὰ
1257 3612 1357 3682 τῆς
1402 3611 1717 3685 εὐρυχώρου
1765 3615 2081 3685 βαδίζοντα;

508 3696 663 3749 Οὓτω
692 3696 787 3749 καὶ
838 3694 955 3762 νῦν,
1003 3696 1078 3768 μὴ
1110 3698 1236 3760 τοὺς
1286 3699 1609 3769 τρυφῶντας
1665 3703 2083 3773 μακαρίζωμεν,

507 3784 643 3838 ἀλλά
688 3785 815 3846 τοὺς
847 3782 922 3854 μὴ
962 3783 1304 3853 τρυφῶντας·
1347 3778 1495 3839 οὗτοι
1535 3787 1672 3857 πρὸς
1711 3788 1803 3841 τὸν
1858 3790 2087 3860 οὐρανὸν

509 3870 853 3933 σπεύδουσιν,
890 3873 1088 3924 ἐκεῖνοι
1124 3872 1261 3943 πρὸς
1290 3872 1387 3943 τὴν
1416 3874 1660 3942 γέενναν.
1695 3876 1804 3929 Καὶ
1827 3876 1956 3940 ἴσως
1988 3877 2086 3947 μὲν

510 3957 691 4012 αὐτῶν
708 3957 894 4010 πολλοί
911 3959 1005 4010 καὶ
1025 3958 1344 4025 γελάσονται
1368 3962 1437 4014 τὰ
1473 3963 1603 4032 παρ’
1620 3963 1776 4032 ἡμῶν
1793 3963 2081 4034 λεγόμενα·

510 4046 622 4114 ἐγὼ
645 4046 703 4099 δέ
741 4047 977 4116 μάλιστα
1012 4046 1099 4100 διὰ
1129 4046 1286 4100 τοῦτο
1344 4048 1606 4119 ὀδύρομαι
1646 4054 1739 4104 καὶ
1770 4054 1973 4123 θρηνῶ,
2003 4055 2085 4107 ὅτι

510 4133 634 4186 οὐδέ
664 4133 841 4186 ἴσασιν
860 4135 945 4201 ἐφ’
964 4128 1043 4195 οἷς
1066 4134 1170 4205 χρὴ
1192 4134 1378 4205 γελᾷν,
1418 4138 1557 4207 ὑπὲρ
1572 4131 1649 4191 ὧν
1667 4140 1833 4209 ἐχρῆν
1850 4140 2087 4210 μάλιστα

513 4219 754 4274 πενθεῖν·
783 4220 920 4273 ἀλλά
960 4222 1139 4275 πάντα
1172 4223 1460 4292 συγχέουσι
1494 4225 1589 4277 καὶ
1618 4227 1946 4296 ταράττουσι
1992 4232 2087 4283 καὶ

513 4306 826 4379 θορυϐοῦσι.
859 4307 959 4360 Διά
980 4307 1154 4361 ταῦτα
1182 4309 1379 4372 αὐτοὺς
1415 4310 1527 4379 ἐγὼ
1555 4312 1759 4382 θρηνῶ.
1785 4314 1850 4367 Τί
1885 4314 2085 4384 λέγεις,

511 4395 801 4466 ἀνθρωπες
836 4393 1044 4465 μέλλων
1087 4396 1509 4466 ἀναστήσεσθαι,
1557 4400 1653 4453 καὶ
1678 4400 1835 4469 λόγον
1870 4403 2089 4471 ὑφέξειν

512 4482 621 4534 τῶν
648 4497 730 4533 σοι
756 4481 1182 4551 πεπραγμένων,
1225 4485 1321 4537 καὶ
1358 4485 1458 4553 τήν
1495 4486 1731 4557 ἐσχάτην
1781 4489 2087 4561 ὑποστήσε-

516 4568 642 4621 σθαι
672 4568 853 4637 δίκην,
876 4569 1081 4621 τούτων
1117 4569 1217 4640 μὲν
1260 4571 1449 4624 οὐδένα
1497 4573 1654 4642 λόγον
1684 4580 1833 4648 ποιῇ,
1865 4578 2090 4648 γαστρί·-

515 4656 703 4721 ζεσθαι
735 4655 793 4709 δὲ
834 4656 1063 4727 μελετᾷς
1118 4658 1213 4712 καὶ
1281 4659 1523 4730 μεθύειν,
1564 4663 1825 4733 καὶπρὸς
1872 4666 2083 4731 τούτοις

515 4745 712 4817 γελᾷς;
756 4744 897 4798 ’Δλλ’
927 4745 1037 4815 ἐγώ
1072 4764 1131 4799 σε
1157 4746 1362 4820 θρηνῶ,
1408 4749 1478 4804 τὰ
1513 4751 1743 4822 μένοντά
1772 4771 1832 4807 σε
1860 4755 2083 4810 ἐπιστά-

1184 327 1243 383 s.
1277 324 1568 381 JOANNIS
1598 323 2091 383 cnavsosmm
2132 309 2451 379 Ancnllitp.
2494 324 3049 381 coxsmmmov.

3646 325 3757 380 εει

2183 458 2345 512 μενος
2377 441 2543 503 κακὰ,
2574 441 2675 512 τὴν
2696 441 3084 512 διαδεξομένην
3114 458 3172 495 σε
3219 442 3518 513 τιμωρίαν·
3547 441 3645 494 καὶ
3670 441 3758 494 διὰ

2177 534 2337 587 τοῦτο
2359 533 2543 605 θρηνῶ
2574 535 2830 603 μάλιστα,
2855 535 2936 588 ὅτι
2956 534 3142 606 γελᾷς.
3175 535 3455 604 Πένθησον
3486 536 3584 588 σὺν
3610 535 3756 604 ἐμοὶ,

2179 622 2452 692 θρήνησον
2491 623 2607 692 μετ’
2642 621 2776 692 ἐμοῦ
2808 622 2877 675 τὰ
2907 622 2977 675 σὰ
3002 624 3166 676 κακά.
3224 623 3359 676 Εἰπέ
3395 640 3509 693 μοι,
3533 623 3629 676 ἐάν
3674 623 3760 685 τίς

2179 726 2263 762 σοι
2296 708 2406 763 τῶν
2441 709 2657 762 οἰκείων
2685 708 2972 779 ἀπόληται,
3010 711 3131 781 οὐχὶ
3162 712 3289 773 τοὺς
3345 711 3445 781 μὲν
3483 710 3761 779 γελῶντας

2179 797 2273 850 ἐπὶ
2292 799 2359 867 τῇ
2399 796 2624 867 τελευτῇ
2681 797 2777 850 καὶ
2818 798 3161 868 ἀποστρέφῃ,
3199 800 3293 850 καὶ
3344 798 3572 868 ἐχθροὺς
3627 799 3759 868 ήγῇ.

2177 886 2306 947 τοὺς
2336 884 2394 937 δέ
2430 884 2765 954 δακρύοντας
2793 884 2889 937 καὶ
2916 884 3360 954 συμπενθοῦντας
3387 885 3594 954 φιλεῖς;
3630 881 3761 937 Εἶτα

2178 974 2279 1044 τῆς
2314 973 2414 1042 μὲν
2436 973 2691 1041 γυναικὸς
2722 973 3089 1043 προκειμένης
3126 978 3346 1045 νεκρᾶς,
3398 975 3491 1027 τὸν
3517 974 3762 1041 γελῶντα

2179 1060 2521 1131 ἀποστρέφῃ,
2554 1060 2653 1129 τῆς
2681 1060 2739 1111 δέ
2788 1059 2971 1129 ψυχῆς
3012 1077 3097 1113 σοι
3146 1061 3618 1130 τεθανατωμένης,
3669 1060 3761 1113 τὸν

2178 1148 2485 1218 δακρύοντα
2534 1146 2878 1219 ἀποστρέφῃ,
2902 1148 3069 1219 γελᾷς
3104 1148 3163 1202 δὲ
3209 1149 3405 1213 αὐτός;
3447 1149 3610 1219 ὐρᾷς
3645 1148 3763 1211 πῶς

2180 1236 2330 1307 ἡμᾶς
2354 1234 2604 1306 διέθηκεν
2635 1237 2663 1288 6
2691 1234 2958 1300 διάϐολος,
2982 1235 3212 1306 ἐχθροὺς
3243 1238 3455 1299 ἐαυτοῐς
3495 1232 3636 1291 εἶναι
3669 1236 3763 1289 καὶ

2179 1322 2501 1394 πολεμίουςς
2545 1323 2937 1393 ’Λνανήψωμέν
2959 1340 3111 1385 ποτε,
3132 1323 3532 1395 διαδλέψωμεν,
3557 1341 3761 1395 γρηγο-

2183 1405 2861 1481 ρήσωμεν,ἐπιλα6ώμεθα
2873 1409 2975 1479 τῆς
3001 1411 3218 1463 αίωνίου
3252 1409 3421 1481 ζωῆς,
3474 1413 3567 1464 τὸν
3594 1412 3762 1465 πολὺν

2183 1497 2351 1551 ὕπνον
2390 1496 2869 1568 ἀποτιναξώμεθα.
2920 1496 3120 1568 Κρίσις
3169 1499 3306 1565 ἐστὶ,
3337 1498 3559 1563 κόλασίς
3590 1501 3756 1563 ἐστιν,

2180 1588 2477 1651 ἀνάστασίς
2510 1589 2679 1650 ἐστιν,
2711 1587 2959 1651 ἐξέτασις
2982 1586 3089 1640 τῶν
3120 1590 3550 1661 πεπραγμένων·
3592 1592 3620 1642 6
3649 1590 3761 1643 Κύο

2185 1693 2299 1747 ριος
2320 1676 2538 1747 ἔρχεται
2573 1677 2629 1729 ἐν
2652 1675 2921 1744 νεφέλαις,
2948 1675 3075 1743 Πῦρ
3111 1674 3368 1729 ἐνώπιον
3400 1677 3588 1731 αὐτοῦ
3616 1695 3761 1732 καυσ-

2182 1761 2448 1827 θήσεται,
2477 1760 2628 1833 [494]
2654 1762 2753 1814 καὶ
2778 1762 2983 1827 κύκλῳ
3005 1762 3193 1816 αὐτοῦ
3211 1764 3478 1833 κατωγίς
3504 1764 3759 1833 σφοδρὰ,

2182 1849 2337 1918 φησί·
2366 1850 2611 1919 ποταμὸς
2636 1848 2806 1921 πυρὸς
2822 1848 3043 1919 σύρεται
3074 1848 3382 1921 ἔμπροσθεν
3410 1852 3597 1913 αὐτοῦ,
3624 1853 3762 1906 σκώ-

2181 1933 2281 2004 ληξ
2315 1933 2693 2006 ἀτελεύτητος,
2753 1934 2867 2006 πῦρ
2896 1936 3184 2000 ἄσϐεστον,
3233 1938 3424 2002 σκότος
3474 1939 3758 2011 ἐξώτερον,

2184 2021 2426 2093 βρυγμὸς
2458 2022 2567 2077 τῶν
2592 2023 2842 2077 ὀδόντων.
2869 2024 2987 2078 Κᾶν
3016 2026 3280 2095 μυριάκις
3301 2028 3394 2081 ἐπὶ
3423 2027 3633 2091 τούτοις
3667 2030 3761 2082 δυ·

2184 2111 2527 2181 σχεραίνητε,
2548 2110 2662 2178 ἐγὼ
2687 2110 2861 2180 λέγων
2901 2113 2961 2164 οὐ
2984 2113 3288 2183 παύσομαι.
3317 2116 3380 2167 Εἰ
3409 2114 3519 2186 γὰρ
3544 2116 3762 2181 λιθαζό-

2187 2215 2339 2269 μενοι
2370 2200 2418 2251 υί
2466 2200 2743 2270 προφῆται
2770 2200 2870 2253 οὐκ
2895 2200 3112 2269 ἐσίγων,
3146 2201 3329 2273 πολλῷ
3362 2203 3563 2271 μᾶλλον
3615 2208 3763 2277 ἡμᾶς

2181 2287 2478 2357 ἀπεχθείας
2497 2287 2580 2339 δεῖ
2626 2288 2836 2358 φέρειν,
2872 2289 2964 2342 καὶ
2999 2291 3074 2361 μὴ
3125 2293 3262 2363 πρὸς
3290 2292 3452 2363 χάριν
3480 2294 3608 2363 ὑμῖν
3636 2296 3760 2365 ὁμι-

2181 2374 2315 2438 λεῖν,
2348 2376 2436 2428 ἵνα
2469 2374 2544 2445 μὴ
2572 2376 2957 2448 ἀπατήσαντες
3004 2379 3169 2447 ὑμᾶς,
3204 2380 3355 2433 αὐτοὶ
3393 2380 3762 2452 διχοτομηθῶο

2185 2480 2304 2532 μεν.
2348 2463 2494 2516 Ἐκεῖ
2526 2463 2745 2528 κόλασίς
2772 2466 2925 2518 ἐστιν
2984 2466 3272 2532 ἀθάνατος,
3308 2470 3759 2541 ἀπαραμύθητος·

2180 2551 2209 2601 6
2235 2552 2672 2621 προστησόμενος
2702 2551 2897 2616 οὐδείς.
2936 2554 3030 2621 Τίς
3070 2555 3332 2622 ἐλεήσει,
3358 2559 3542 2627 φησὶν,
3564 2559 3764 2612 ἐπαοι-

2180 2637 2292 2690 δὸν
2315 2637 2717 2705 όφιόδηκτον;
2762 2640 2932 2693 Ὅταν
2966 2643 3126 2711 ἡμεῖς
3158 2645 3388 2708 ἑαυτοὺς
3423 2645 3497 2716 μὴ
3525 2645 3762 2717 ἐλεήσω-

2184 2740 2306 2794 μεν,
2365 2723 2448 2787 τίς
2502 2726 2737 2795 ἐλεήσει,
2804 2728 2926 2780 εἰπέ
2966 2746 3086 2798 μοι;
3128 2731 3255 2784 Ἐὰν
3302 2732 3418 2804 ἴδῃς
3456 2733 3577 2786 τινὰ
3612 2732 3763 2802 ξίφος

2181 2812 2472 2865 ἐλαύνοντα
2493 2812 2560 2864 δι’
2593 2813 2808 2874 ἐαυτοῦ.
2838 2815 3028 2869 τούτου
3055 2817 3262 2891 δυνήσῃ
3287 2821 3567 2888 φείδεσθαί
3597 2838 3759 2889 ποτε;

2182 2900 2448 2970 υύδαμῶς
2466 2915 2481 2931 ·
2520 2900 2699 2971 πολλῷ
2723 2901 2946 2972 μᾶλλον,
2978 2905 3107 2959 ὃταν
3140 2908 3314 2976 παρὸν
3341 2903 3760 2983 ᾖκατορθῶσαι,

2185 2987 2278 3039 καὶ
2307 2986 2381 3057 μὴ
2411 2988 2869 3060 κατορθώσωμεν,
2896 2992 2982 3055 τίς
3020 2993 3178 3063 ἡμῶν
3208 2996 3453 3063 φείσεται
3479 3014 3494 3063 ;
3554 2997 3761 3061 Οὐδείς.

2196 3072 2537 3146 Ἐλεήσωμεν
2571 3076 2819 3141 ἑαυτούς·
2842 3079 2971 3133 ὅταν
2998 3080 3287 3151 εὐχώμεθα
3314 3084 3393 3153 τῷ
3426 3084 3546 3155 Θεῷ
3576 3086 3762 3154 λέγον-

2183 3178 2295 3226 τες,
2339 3161 2591 3235 Ἐλέησόν
2629 3180 2719 3235 με,
2743 3164 2938 3235 Κύριε,
2964 3166 3214 3237 λέγωμεν
3239 3170 3375 3240 πρὸς
3401 3172 3645 3237 ἑαυτοὺς,
3666 3175 3763 3227 καὶ

2183 3248 2411 3311 ἑαυτοὺς
2436 3249 2769 3322 ἐλεήσωμεν.
2806 3253 2998 3323 Ἡμεῖς
3020 3257 3190 3325 ἐσμεν
3211 3256 3388 3326 κύριοι
3404 3257 3498 3310 τοῦ
3516 3258 3607 3310 τὸν
3628 3260 3761 3312 Θεὸν

2184 3335 2330 3404 ἡμᾶς
2361 3336 2603 3406 ἐλεῆσαι·
2650 3338 2813 3401 αὐτὸς
2863 3340 2995 3409 ἡμῖν
3057 3342 3213 3396 τοῦτο
3244 3345 3553 3414 ἐχαρίσατο.
3635 3348 3762 3401 Ἐὰν

2184 3424 2310 3489 ἄξια
2339 3423 2520 3488 ἐλέους
2555 3426 2904 3497 πράττωμεν,
2941 3429 3036 3482 ἐὰν
3057 3429 3183 3496 ἀξια
3224 3433 3633 3504 φιλανθρωπίας
3660 3437 3762 3505 τῆς

2185 3512 2315 3583 παρ’
2346 3514 2537 3576 αὐτοῦ,
2579 3515 2792 3587 ἐλεήσει
2821 3517 2969 3587 ἡμᾶς
2998 3519 3026 3571 6
3054 3518 3207 3583 Θεός·
3228 3522 3323 3574 ἐὰν
3347 3522 3403 3574 δέ
3426 3524 3651 3587 ἑαυτοὺς
3684 3526 3760 3596 μῆ

2184 3598 2445 3671 ἐλεῶμεν,
2471 3602 2555 3665 τίς
2595 3603 2752 3673 ἡμῶν
2783 3604 3066 3673 φείσεται;
3102 3607 3354 3678 Ἐλέησον
3382 3611 3474 3664 τὸν
3507 3611 3758 3682 πλησίον,

2186 3688 2282 3740 καὶ
2313 3688 2585 3763 ἐλεηθήσῃ
2616 3693 2741 3761 παρ’
2776 3690 2942 3745 αὐτοῦ
2967 3693 3059 3745 τοῦ
3087 3694 3242 3750 Θεοῦ.
3276 3699 3439 3751 Πόσοι
3474 3699 3597 3753 καθ’
3628 3700 3760 3753 ἐκά-

2188 3791 2323 3843 στην
2336 3775 2550 3846 ἡμέραν
2568 3777 2962 3849 προσέρχονται
2994 3779 3263 3849 λέγοντες,
3283 3784 3531 3855 Ἐλέησόν
3562 3804 3651 3857 με,
3667 3791 3761 3841 καὶ

2185 3862 2306 3915 οὐδὲ
2340 3863 2682 3936 ἐπιστρέφῃ;
2712 3868 2866 3920 πόσοι
2900 3870 3118 3939 γυμνοὶ,
3158 3871 3316 3925 πόσοι
3342 3874 3633 3943 ἀνάπηροι,
3666 3877 3762 3929 καὶ

2185 3950 2284 4002 οὐκ
2313 3950 2796 4023 ἐπικαμπτόμεθα,
2829 3955 2966 4009 ἀλλά
3001 3961 3486 4031 παραπεμπόμεθα
3519 3975 3544 4003 ι
3580 3964 3760 4016 αὐτῶν

2185 4036 2284 4099 τὰς
2316 4038 2631 4107 ίκετηρίας;
2668 4040 2791 4103 Πῶς
2815 4038 2909 4095 οῦν
2938 4044 3109 4109 ἀξιοῖς
3138 4046 3447 4118 ἐλεηθῆναι,
3480 4051 3640 4114 αὐτὸς
3671 4055 3757 4105 οὐ-

2184 4123 2272 4176 δὲν
2296 4122 2444 4188 ἀξιον
2473 4125 2625 4178 ἐλέου
2656 4128 2861 4196 ποιῶν;
2893 4131 3186 4200 Γενώμεθα
3207 4136 3570 4207 οἰκτίρμονες,
3591 4140 3759 4206 γενώ-

2191 4215 2332 4285 μεθα
2359 4216 2673 4287 ἐλεήμονες·
2707 4220 2772 4273 ἵν’
2806 4220 2980 4286 οὔτως
3034 4226 3490 4299 εὐαρεστήσωμεν
3515 4230 3593 4300 τῷ
3616 4232 3756 4301 Θεῷ,

2187 4301 2285 4355 καί⁵
2332 4303 2678 4374 ἐπιτύχωμεν
2724 4306 2833 4360 τῶν
2894 4310 3323 4382 ἐπηγγελμένων
3374 4315 3596 4383 ἀγαθῶν
3647 4323 3759 4383 τοῖς

2184 4388 2473 4457 ἀγαπῶσιν
2498 4393 2878 4466 αὐτὸν,χάριτι
2907 4401 3001 4449 καὶ
3022 4399 3399 4472 φιλανθρωπία
3424 4403 3518 4456 τοῦ
3552 4407 3757 4474 Κυρίου

2187 4475 2345 4545 ἡμῶν
2386 4476 2561 4548 Ἰησοῦ
2590 4480 2852 4550 Χριστοῦ,
2911 4484 3030 4552 μεθ’
3073 4480 3134 4539 οὗ
3167 4488 3246 4557 τῷ
3301 4489 3476 4561 Πατρὶ
3509 4492 3625 4561 ἅμα
3678 4492 3757 4562 τῷ

2185 4562 2325 4633 ἀγίῳ
2348 4563 2627 4635 Πνεύματι
2655 4567 2802 4633 δόξα,
2828 4574 3049 4638 κράτος,
3092 4575 3250 4644 τιμὴ,
3284 4575 3379 4630 νῦν
3412 4578 3503 4633 καί
3524 4580 3632 4648 ἀεὶ,
3661 4582 3758 4635 καὶ

2187 4649 2267 4711 εἰς
2299 4650 2425 4713 τοὺς
2452 4651 2654 4716 αἰῶνας
2692 4656 2801 4707 τῶν
2823 4656 3055 4711 αἰώνων.
3098 4660 3291 4732 Ἀμήν.

2255 4827 2277 4853 ε
2306 4824 2626 4901 γεῖτὺθηῷλᾲ
2666 4838 3090 4901 παραπεμπόμεθα,
3128 4852 3239 4901 ηοω
3274 4843 3323 4890 in
3350 4844 3466 4892 solis
3509 4845 3680 4897 Morel.
3705 4855 3757 4898 et

2191 4884 2379 4995 ﬁgam.
2409 4894 2550 4939 eum.
2581 4884 2806 4955 dccraiu,
2847 4884 2874 4945 ὁ
2902 4884 3090 4949 ςὰξιοτῖέ
3133 4884 3755 4960 όῖιιῖιὶῦῦενϋέένοῖίνῖιίίυζ
