4114 6396
418 334 519 390 ᾼΒΞ

416 461 601 515 parum
626 445 842 515 quidem
884 446 1004 500 licet
1030 462 1152 502 esse
1178 450 1453 513 socordes;
1483 464 1604 504 nam
1632 449 1775 519 quod
1807 465 1991 519 parum

414 547 516 601 est,
564 554 811 607 magnum
851 539 1004 593 aﬂ'ert
1041 540 1330 604 danmum;
1362 558 1584 597 eversus
1622 543 1784 608 enim,
1815 545 1992 598 statim

417 629 774 697 prmcipitatur
796 639 850 685 et
882 636 1016 698 perit
1045 650 1057 685 :
1088 634 1155 685 ila
1189 649 1287 688 nec
1317 634 1440 690 licet
1464 651 1563 690 nos
1592 652 1711 691 esse
1736 637 1992 692 socordes

415 729 470 774 et
507 720 739 776 desides.
785 726 1075 794 Angustam
1120 727 1444 797 ingredimur
1476 731 1639 793 viam,
1687 732 1993 800 przceipitiis

415 811 645 882 undique
670 813 1070 883 circumdatam,
1104 835 1221 888 quae
1261 820 1415 875 simul
1447 822 1579 875 duos
1606 838 1710 877 non
1735 825 1876 893 capit
1904 840 1994 893 pe-

417 903 531 961 des.
568 904 727 959 Vides
764 918 955 976 quanta
987 909 1057 963 sit
1097 911 1251 965 nobis
1288 927 1422 981 opus
1459 912 1770 983 diligentia?
1801 916 1990 969 Annon

413 995 562 1050 vides
584 1011 675 1050 eos
701 999 789 1067 qui
821 1000 956 1054 inter
973 1002 1077 1054 duo
1108 1003 1396 1072 przecipitia
1422 1015 1664 1076 pergunt,
1696 1022 1799 1060 non
1819 1009 1991 1061 solum

417 1087 577 1155 pedes
605 1091 831 1154 munire,
858 1091 950 1146 Sed
973 1093 1131 1147 etiam
1160 1094 1379 1149 oculos?
1402 1095 1531 1150 Nam
1560 1098 1601 1151 si
1633 1098 1756 1152 alibi
1783 1098 1992 1153 videtur

413 1178 708 1238 attendere.
742 1182 952 1237 etiamsi
983 1199 1073 1252 pes
1105 1184 1258 1238 ﬂrmo
1288 1185 1487 1241 hmreat
1516 1188 1759 1259 vestigio,
1794 1204 1821 1241 a
1864 1207 1991 1261 pro-

414 1267 579 1322 fundo
628 1270 863 1342 caligans
912 1274 1099 1329 oculus
1130 1279 1436 1332 universum
1483 1279 1682 1350 dejicit.
1738 1282 1841 1337 Sed
1891 1284 1990 1337 sibi

415 1373 625 1430 oportet
658 1372 713 1418 et
753 1379 850 1419 suo
888 1368 1090 1436 grcssni
1139 1371 1417 1426 attendere
1448 1390 1459 1424 :
1494 1382 1773 1444 propterea
1815 1375 1943 1430 dicit
1974 1395 1987 1430 :

416 1453 596 1524 Neque
638 1456 704 1510 ad
749 1458 1046 1520 dexteram,
1085 1476 1255 1531 neque
1298 1464 1365 1518 ad
1408 1465 1701 1520 sinistram.
1746 1466 1990 1537 Magnum

415 1554 499 1599 est
529 1546 637 1600 vitii
678 1549 1020 1618 profundum,
1055 1567 1244 1623 magna
1274 1556 1586 1624 praecipitia,
1621 1573 1822 1627 magnze
1854 1558 1988 1613 infe—

418 1639 528 1695 rius
561 1642 815 1707 tenebrae,
848 1654 1068 1716 angusta
1098 1649 1182 1703 via
1217 1670 1228 1704 :
1260 1652 1597 1707 attendamus
1628 1671 1748 1708 eum
1778 1656 1987 1721 timore,

415 1746 535 1784 cum
584 1741 817 1791 tremore
864 1739 1214 1795 ambulemus.
1249 1741 1435 1798 Nullus
1476 1745 1558 1797 via
1602 1745 1866 1814 ejusmodi
1908 1748 1989 1801 in-

413 1822 660 1889 grediens
691 1836 773 1880 est
805 1828 853 1881 in
890 1830 1053 1884 risum
1085 1830 1306 1898 eﬂ'usus,
1339 1850 1510 1904 neque
1538 1848 1788 1906 gravatur
1817 1839 1990 1893 ebrie-

417 1922 543 1971 tate.
574 1916 665 1969 sed
697 1918 747 1971 in
776 1921 1066 1976 sobrietate
1107 1933 1163 1977 et
1198 1924 1406 1993 jejunio
1432 1942 1493 1981 ea
1526 1929 1607 1980 via
1651 1929 1944 1998 ingreditur
1973 1948 1986 1982 :

415 2005 593 2058 nullus
639 2007 735 2062 hac
767 2012 850 2064 via
895 2011 1150 2069 incedens
1180 2016 1376 2085 aliquid
1422 2018 1576 2072 aﬂ'ert
1618 2020 1986 2089 superﬂuum;

415 2097 666 2163 prmelare
706 2101 845 2154 enim
895 2118 1012 2156 eum
1045 2119 1110 2158 co
1140 2107 1310 2174 agitur
1336 2108 1379 2162 si
1410 2109 1708 2164 succinctus
1746 2120 1800 2166 et
1823 2127 1987 2182 expe-

412 2185 554 2241 ditus
584 2193 749 2258 possit
776 2195 1001 2251 evadere
1034 2214 1046 2249 :
1079 2200 1255 2253 nullus
1280 2214 1405 2255 suos
1434 2201 1656 2272 impedit
1682 2204 1865 2272 pedes,
1894 2207 1988 2260 sed

414 2277 610 2333 liberos
638 2281 855 2339 dimittit
880 2296 933 2341 et
954 2289 1182 2345 solutos.

484 2372 537 2425 5.
570 2371 675 2426 Nos
705 2386 883 2431 autem
914 2394 1033 2433 cum
1065 2397 1161 2433 nos
1184 2383 1325 2450 ipsos
1353 2386 1497 2439 curis
1525 2385 1807 2458 alligemus
1835 2388 1989 2442 innu-

415 2464 774 2532 merabilibus,
822 2478 876 2523 et
921 2486 1082 2525 onera
1128 2475 1528 2531 innumerabilia
1573 2493 1691 2547 quze
1739 2480 1804 2533 ad
1851 2480 1990 2535 hanc

413 2556 573 2610 vitam
623 2559 888 2626 pertinent
934 2571 1227 2633 gestemns,
1278 2566 1487 2623 hiantes
1532 2580 1585 2624 et
1628 2570 1804 2638 eﬂ‘usi,
1852 2588 1987 2643 quo-

413 2646 572 2700 modo
611 2660 977 2716 ex5pectamus
1028 2665 1303 2725 angustam
1358 2661 1493 2715 hanc
1544 2662 1679 2716 viam
1736 2666 1990 2736 ingredi?

410 2736 525 2792 Non
556 2740 869 2809 simpliciter
896 2743 1047 2811 dixit,
1081 2746 1177 2800 Est
1216 2760 1453 2819 angusta,
1488 2756 1580 2807 sed
1613 2770 1731 2810 cum
1758 2758 1990 2813 admira-

413 2829 556 2885 tione
576 2872 589 2895 ,
626 2831 789 2897 Quam
816 2845 1030 2903 angusta
1055 2836 1142 2892 illa
1171 2840 1249 2892 via
1280 2841 1490 2911 (Matt/1.
1520 2845 1565 2900 7.
1607 2847 1725 2916 i4)!
1757 2847 1858 2904 hoc
1884 2859 1987 2918 est,

412 2921 564 2976 valde
610 2937 853 2993 angusta.
901 2926 1012 2982 Hoc
1054 2945 1150 2985 nos
1188 2947 1399 3003 quoque
1432 2934 1654 2992 iacimus
1693 2939 1744 2993 in
1777 2939 1842 2994 iis
1870 2956 1989 3011 quae

421 3014 683 3071 habentur
713 3019 764 3072 in
794 3034 981 3090 magna
1013 3023 1379 3081 admiratione.
1431 3029 1495 3082 Et
1531 3046 1715 3086 rursus
1734 3074 1750 3098 ,
1795 3033 1947 3088 Arcta
1970 3079 1987 3104 ,

410 3106 600 3177 inquit,
629 3111 708 3163 via
737 3127 851 3181 qua:
887 3115 1027 3168 ducit
1050 3120 1119 3169 ad
1146 3119 1298 3172 vitam
1333 3118 1540 3194 (Ibid.).
1568 3122 1636 3178 Et
1659 3137 1806 3183 recte
1834 3129 1987 3193 dixit,

411 3199 582 3253 Arata.
615 3202 837 3266 Quando
866 3206 1007 3259 enim
1037 3217 1092 3261 et
1123 3209 1407 3265 verborum
1448 3222 1501 3267 et
1529 3215 1908 3285 cogitationum
1937 3230 1992 3275 et

409 3288 675 3343 actionum
702 3300 755 3345 et
776 3294 1013 3348 omnium
1038 3296 1296 3353 debemus
1324 3302 1586 3359 rationem
1618 3307 1864 3371 reddere.
1899 3327 1987 3366 re-

408 3394 533 3434 vera
563 3391 646 3435 est
670 3394 914 3453 angusta.
947 3388 1320 3456 Angustiorcm
1348 3403 1523 3449 autem
1564 3412 1681 3452 eam
1723 3398 1945 3455 faciams
1970 3444 1985 3468 ,

407 3472 535 3527 dum
565 3490 663 3529 nos
692 3476 835 3546 ipsos
856 3479 1189 3537 extendimus
1217 3493 1272 3538 et
1297 3484 1602 3556 dilatamus,
1632 3500 1685 3545 et
1712 3493 1875 3561 pedes
1904 3496 1985 3549 eli

407 3564 700 3622 fundimus.
730 3568 861 3623 Nam
891 3586 1009 3640 qua:
1037 3582 1119 3627 est
1146 3586 1367 3646 angusta
1397 3580 1635 3649 quidem,
1662 3594 1743 3637 est
1772 3585 1990 3640 cuilibet

408 3657 661 3727 diﬂieilis,
702 3662 935 3717 maxime
959 3673 1138 3718 autem
1170 3668 1217 3721 ei
1249 3671 1337 3738 qui
1368 3679 1451 3724 est
1479 3672 1673 3727 obesus
1704 3691 1716 3726 :
1749 3690 1869 3729 nam
1897 3678 1988 3746 qui

407 3752 642 3821 seipsum
687 3753 900 3822 quidem
945 3768 1208 3823 macerat,
1241 3775 1309 3813 ne
1351 3764 1514 3817 sentit
1554 3765 1768 3834 quidem
1815 3783 1986 3839 angu-

407 3843 557 3898 stias.
598 3844 953 3912 Quamobrem
982 3849 1070 3917 qui
1111 3851 1398 3907 meditatus
1438 3852 1598 3910 fuerit
1624 3860 1907 3929 comprimi
1934 3872 1989 3917 et

407 3935 589 4005 afﬂigi,
626 3952 691 3992 ne
716 3953 856 4007 aegre
886 3940 1099 4009 quidem
1131 3941 1263 3997 feret
1292 3944 1335 3998 si
1359 3948 1762 4016 comprimatur.

484 4025 689 4081 Delicia
727 4029 857 4082 nihil
900 4044 1129 4100 prosunt.
1160 4062 1231 4072 —
1259 4034 1336 4091 Ne
1372 4051 1501 4106 ergo
1539 4052 1811 4110 exspectet
1835 4047 1981 4114 quis-

408 4118 550 4188 piam
601 4119 715 4175 l'ure
763 4132 820 4176 ut
864 4123 917 4177 in
962 4126 1073 4180 otio
1115 4138 1169 4181 et
1209 4128 1387 4197 quiete
1415 4132 1576 4188 ca‘los
1612 4136 1824 4202 videat;
1871 4138 1984 4194 ﬁeri

409 4209 552 4263 enim
578 4226 681 4264 non
714 4221 886 4281 potest
913 4231 927 4266 :
958 4230 1115 4270 nemo
1139 4229 1317 4287 speret
1342 4235 1463 4276 cum
1492 4222 1698 4279 deliciis
1725 4228 1863 4283 viam
1885 4245 1984 4283 au-

406 4312 613 4370 gustam
642 4302 877 4373 ingredi;
919 4323 1024 4362 non
1054 4319 1227 4379 potest
1254 4314 1397 4368 enim
1424 4315 1526 4370 hoc
1551 4332 1673 4374 esse
1700 4337 1714 4373 :
1743 4337 1900 4377 nemo
1932 4325 1983 4379 in

408 4395 511 4448 lata
558 4396 640 4450 via
687 4397 960 4465 incedens,
993 4405 1152 4458 vitam
1195 4416 1392 4475 speret.
1442 4406 1577 4465 Cum
1621 4430 1749 4483 ergo
1787 4416 1983 4471 videris

407 4486 655 4553 balneas,
694 4507 933 4547 mensam
961 4507 1326 4566 sumptuosam
1367 4501 1650 4562 habentem
1678 4512 1981 4581 quempiam

407 4589 462 4635 et
490 4594 683 4650 magno
720 4584 970 4652 stipatum
1016 4588 1300 4656 satellitio,
1335 4606 1454 4647 esse
1485 4595 1536 4648 in
1568 4596 1803 4665 deliciis,
1836 4618 1901 4657 ne
1935 4616 1983 4658 te

406 4674 657 4728 miserum
690 4680 1002 4745 pronunties
1032 4682 1172 4750 quod
1200 4699 1261 4737 ea
1291 4685 1382 4738 tibi
1417 4703 1521 4740 non
1551 4701 1857 4760 suppetant,
1886 4696 1981 4750 sed

404 4765 553 4820 illum
574 4766 732 4831 deﬂe,
756 4770 894 4838 quod
920 4772 1123 4839 perdita
1141 4774 1220 4827 via
1248 4775 1475 4831 incedat.
1501 4778 1633 4847 Quid
1658 4783 1798 4837 enim
1823 4788 1983 4855 prud-

403 4865 489 4910 est
515 4856 627 4911 bme
652 4859 755 4925 via,
782 4875 900 4913 cum
927 4862 1133 4918 desinat
1160 4869 1212 4917 in
1242 4867 1582 4925 al'ﬂictioaem
1604 4872 1626 4925 ?
1652 4873 1778 4942 quid
1802 4888 1978 4932 autem

404 4949 603 5004 laedunt
648 4952 750 5005 illae
797 4955 1073 5023 angustiae,
1119 4971 1239 5011 cum
1285 4962 1503 5016 veniant
1543 4964 1609 5018 ad
1653 4967 1885 5035 quietem
1929 4981 1982 5026 et

400 5042 562 5095 animi
597 5044 1015 5099 relaxationem‘!
1042 5047 1135 5102 Dic
1161 5066 1362 5119 quaeso,
1390 5055 1433 5107 si
1465 5056 1727 5125 quispiam
1759 5074 1981 5119 vocatus

400 5136 465 5189 ad
515 5138 712 5206 regiam
761 5154 855 5206 per
901 5152 1155 5209 angustos
1204 5144 1530 5214 ingrediatur
1566 5151 1876 5221 angiportus
1927 5166 1981 5210 et

403 5228 715 5295 pra-,cipitia,
745 5230 882 5281 altus
906 5241 1083 5286 autem
1113 5236 1371 5292 abductus
1395 5239 1460 5293 ad
1486 5252 1710 5296 mortem
1741 5245 1981 5302 trahatur

401 5335 495 5388 per
524 5321 754 5375 medium
801 5322 1006 5390 forum,
1056 5342 1213 5395 quem
1258 5329 1470 5386 beatum
1500 5334 1777 5392 dicemus?
1819 5356 1976 5409 quem

400 5414 755 5469 deﬂebimus?
780 5432 958 5472 annon
1000 5434 1120 5473 eum
1151 5423 1239 5490 qui
1278 5439 1372 5492 per
1402 5427 1541 5482 viam
1568 5442 1846 5499 angustam
1894 5436 1973 5487 in-

397 5505 675 5573 greditur?
717 5506 786 5561 lta
833 5523 971 5563 nunc
1010 5526 1221 5579 quoque
1262 5528 1366 5569 non
1397 5531 1491 5572 eos
1524 5519 1709 5576 beatos
1742 5538 1978 5591 pronun-

399 5597 593 5651 tiemus
622 5600 709 5667 qui
738 5599 922 5655 vivunt
949 5603 999 5657 in
1030 5605 1255 5667 deliciis.
1286 5607 1379 5661 sed
1411 5624 1505 5663 eos
1530 5612 1619 5680 qui
1650 5630 1753 5668 non
1784 5615 1974 5671 delici-

401 5698 598 5745 antur:
631 5692 683 5745 hi
717 5707 1002 5764 properant
1027 5699 1091 5751 ad
1124 5700 1331 5765 calum,
1362 5702 1435 5755 illi
1466 5703 1529 5757 ad
1559 5706 1876 5774 gehennam.
1910 5711 1975 5765 Et

397 5774 624 5839 {citasse
664 5787 809 5839 inulti
856 5804 917 5840 ex
968 5790 1093 5857 ipsis
1126 5794 1284 5845 etiam
1315 5795 1560 5847 ridebunt
1590 5815 1707 5868 qua:
1748 5817 1776 5853 a
1822 5802 1972 5857 nobis

715 5879 986 5943 PATRUL.
1035 5884 1153 5943 GR.
1202 5887 1389 5949 LXII.

1259 334 1324 389 ΙΝ
1366 336 1575 393 EPIST.
1620 334 1639 391 Ι
1701 328 1792 392 AD
1830 335 2158 392 TliESS.\L.
2200 339 2352 395 CAP.
2405 341 2459 394 ν,
2507 342 2733 396 nomL.
2774 342 2864 397 IX.

3584 342 3680 396 ὶῖἱί

2097 448 2345 505 dicuntur
2384 468 2529 523 :ego
2576 465 2753 509 autem
2803 456 2924 512 ideo
2969 457 3198 512 maxime
3242 457 3344 513 ﬂeo
3383 470 3439 514 et
3483 461 3674 530 lugeo,

2097 540 2239 608 quod
2281 542 2524 599 nesciant
2568 558 2785 615 pr0pter
2813 563 3055 617 quaenam
3097 549 3271 605 ridere
3314 560 3584 620 oporteat,
3621 569 3675 606 et

2099 645 2196 699 pro
2221 632 2415 701 quibus
2441 636 2672 691 maxime
2711 648 2955 707 oporteat
2982 639 3110 695 ﬂere
3146 650 3200 696 et
3238 641 3553 708 lamentari,
3581 645 3675 698 Sed

2096 725 2273 779 omnia
2296 726 2627 784 confundunt
2646 739 2699 785 et
2716 732 2946 787 turbant.
2981 733 3264 802 Propterea
3295 748 3395 806 ego
3423 735 3566 805 ipsos
3585 736 3678 792 de-

2098 810 2222 870 ﬂeo.
2251 817 2390 885 Quid
2412 819 2567 887 dicis,
2596 834 2630 877 o
2659 822 2859 878 homo?
2880 838 2938 879 es
2963 836 3380 894 resurrecturus,
3411 835 3675 883 eteorum

2098 921 2218 974 qua:
2244 910 2476 978 gesseris
2502 912 2763 968 rationem
2797 915 3124 981 redditurus,
3157 927 3211 972 et
3238 918 3485 974 ultimum
3514 920 3672 975 datu-

2099 1009 2189 1051 rus
2216 1000 2565 1068 supplicium;
2603 1003 2898 1074 horumque
2929 1009 3126 1061 nullam
3169 1009 3330 1063 habes
3372 1011 3632 1067 rationein
3660 1056 3674 1075 ,

2097 1086 2373 1144 meditaris
2401 1099 2579 1146 autem
2619 1096 2789 1149 ventri
2818 1095 3093 1168 indulgere
3117 1110 3169 1152 et
3201 1102 3454 1157 inebriari
3480 1146 3495 1169 ,
3525 1112 3579 1159 et
3608 1106 3673 1159 ad

2100 1177 2213 1232 bree
2266 1180 2447 1235 rides?
2495 1182 2600 1237 Sed
2644 1198 2747 1254 ego
2796 1195 2848 1241 te
2891 1188 3082 1255 deﬂeo,
3130 1202 3188 1245 nt
3229 1193 3318 1262 qui
3360 1194 3524 1249 sciam
3556 1211 3675 1266 qua:

2096 1268 2231 1323 mala
2261 1282 2310 1326 te
2336 1284 2604 1338 maneant,
2638 1287 2692 1330 et
2720 1280 3033 1348 supplicium
3066 1284 3206 1352 quod
3237 1295 3287 1339 te
3312 1296 3395 1341 est
3422 1299 3675 1356 exceptu-

2095 1372 2242 1425 rum;
2272 1372 2328 1417 et
2357 1363 2476 1418 ideo
2504 1368 2674 1439 magis
2701 1368 2803 1423 ﬂeo
2826 1371 2966 1441 quod
2998 1382 3051 1426 tu
3078 1374 3240 1429 rides.
3267 1375 3411 1448 Luge
3440 1392 3672 1443 meeum,

2095 1460 2149 1504 tu
2196 1453 2333 1505 mala
2384 1467 2592 1510 mecum
2637 1457 2878 1527 deplora.
2926 1460 3022 1517 Dic
3067 1464 3218 1531 mihi,
3252 1467 3296 1521 si
3326 1469 3446 1538 quis
3474 1487 3541 1524 ex
3572 1473 3677 1524 tui.

2095 1544 2412 1599 necessariis
2443 1546 2536 1601 tibi
2570 1550 2817 1618 perierit,
2848 1566 3026 1608 annon
3057 1570 3149 1610 eos
3175 1558 3264 1628 qui
3310 1573 3529 1630 promer
3557 1566 3673 1633 ejus

2093 1635 2374 1692 decessum
2415 1639 2591 1696 rident
2618 1646 2883 1699 aversaris
2910 1656 2964 1701 et
2995 1648 3238 1705 inimicos
3288 1665 3536 1722 reputas;
3581 1673 3676 1711 eos

2094 1738 2272 1784 autem
2301 1733 2391 1802 qui
2425 1730 2553 1788 ﬂent
2579 1744 2633 1790 et
2664 1746 2837 1791 tecum
2872 1738 3073 1810 lugent,
3106 1741 3319 1815 diligis?
3350 1746 3496 1803 Itane
3519 1754 3563 1803 Si
3586 1752 3674 1819 ja-

2092 1830 2212 1876 ceat
2242 1840 2376 1879 uxor
2416 1836 2623 1883 mortua
2647 1869 2661 1892 ,
2694 1830 2859 1885 risum
2904 1835 3138 1900 avertis;
3171 1838 3263 1895 tibi
3294 1850 3470 1896 autem
3501 1854 3674 1900 morte

2092 1912 2279 1968 aﬂ‘ecta
2326 1918 2526 1983 anima,
2577 1918 2960 1991 laerymantem
3004 1928 3289 1997 aversaris,
3338 1928 3454 2003 ipse
3493 1945 3671 1993 autem

2092 2003 2270 2058 rides?
2300 2005 2460 2062 Vides
2485 2011 2756 2078 quomodo
2789 2028 2885 2067 nos
2916 2016 3155 2072 aﬂ‘ecerit
3182 2016 3450 2091 diabolus,
3483 2035 3541 2080 ut
3568 2044 3671 2082 no-

2094 2092 2173 2146 bis
2202 2094 2331 2164 ipsis
2362 2098 2528 2153 simus
2554 2100 2754 2157 inimici
2778 2113 2831 2158 et
2872 2106 3090 2163 hostes?
3120 2108 3361 2169 Tandem
3390 2118 3672 2188 resipisca-

2092 2198 2231 2250 mus,
2281 2186 2793 2260 circumspiciamns,
2846 2199 3155 2269 vigilemus,
3204 2206 3365 2262 vitam
3411 2186 3668 2268 aeternam

2090 2277 2590 2350 apprehendamus,
2638 2286 2959 2355 profundum
3003 2306 3250 2351 somnum
3292 2305 3672 2361 excutiamus:

2091 2378 2175 2423 est
2221 2370 2501 2438 judicium,
2552 2385 2636 2431 est
2682 2380 3025 2450 supplicium,
3082 2396 3166 2442 est
3216 2395 3564 2462 resurrectio,
3615 2410 3673 2453 et

2090 2466 2416 2519 examinatio
2437 2482 2620 2523 eorum
2652 2488 2770 2541 quae
2794 2486 2941 2544 gesta
2970 2489 3093 2533 sunt
3122 2498 3136 2533 :
3171 2481 3424 2541 Dominus
3452 2492 3596 2543 venit
3620 2493 3669 2545 in

2093 2554 2342 2621 nubibus,
2370 2556 2513 2628 Ignis
2542 2561 2595 2613 iu
2631 2576 2898 2632 conspectu
2924 2569 3034 2637 ejus
3059 2573 3271 2636 ardebit,
3300 2587 3343 2629 et
3369 2578 3423 2631 in
3453 2581 3668 2635 circuitu

2093 2649 2313 2716 procella
2341 2650 2600 2708 vehemens
2630 2654 2799 2728 (Psal.
2832 2658 2922 2714 49.
2952 2662 3031 2729 5),
3076 2664 3279 2735 inquit;
3312 2667 3503 2725 ﬂuvius
3536 2675 3672 2743 ignis

2091 2746 2217 2794 ante
2263 2740 2433 2809 ipsum
2481 2746 2737 2815 trahitur,
2772 2752 2975 2807 vermis
3018 2754 3107 2823 qui
3139 2770 3243 2811 non
3271 2740 3669 2833 exstinguitur,

2093 2831 2330 2886 tenebrae
2359 2837 2679 2906 exteriores,
2709 2841 2908 2898 stridor
2933 2845 3195 2903 dentium.
3230 2831 3672 2916 Etianisi‘millies
3737 2929 3742 2935 π

2092 2917 2210 2978 haec
2254 2937 2397 2995 agre
2443 2926 2647 2996 feratis,
2694 2944 2794 3002 ego
2835 2949 2941 2989 nun
2967 2940 3189 2993 cessabo
3219 2944 3418 3000 dicere.
3446 2946 3578 3004 Nam
3622 2956 3669 3007 si

2092 3013 2360 3088 lapidibus
2390 3023 2609 3091 appetiti
2637 3026 2915 3095 proplieuc
2946 3045 3053 3085 non
3081 3033 3328 3103 silebant,
3358 3042 3525 3098 multo
3554 3065 3665 3100 nn.-

2089 3115 2171 3182 gis
2200 3110 2354 3168 nobis
2383 3113 2618 3171 ferenda:
2644 3127 2769 3173 sunt
2792 3120 3083 3179 inimicitia:
3106 3143 3119 3191 ;
3146 3138 3199 3182 et
3236 3144 3340 3185 non
3374 3146 3456 3188 est
3493 3138 3668 3192 vobis-

2090 3219 2212 3259 cum
2243 3207 2563 3277 loquendum
2584 3210 2650 3266 ad
2677 3213 2926 3283 gratiam,
2959 3231 3026 3273 ne
3068 3219 3113 3274 si
3144 3235 3237 3276 vos
3280 3221 3671 3297 deceperimns,

2093 3297 2193 3368 ipsi
2222 3299 2609 3358 discindamur.
2659 3305 2770 3362 lllic
2826 3319 2911 3365 est
2958 3314 3278 3383 supplicium
3325 3320 3670 3388 immortale.

2090 3391 2243 3457 cujus
2274 3392 2479 3447 nullum
2513 3394 2690 3450 aﬂ'erri
2720 3399 2918 3467 poterit
2953 3403 3198 3460 solatium
3226 3424 3241 3471 ;
3285 3413 3461 3467 nullus
3486 3426 3569 3470 est
3600 3417 3672 3472 ibi

2090 3482 2178 3546 qui
2222 3480 2491 3537 defendat.
2543 3486 2673 3553 Qui:
2720 3490 3052 3559 miserebitur,
3102 3496 3291 3567 inquit,
3340 3503 3671 3565 incantatoris

2091 3573 2245 3623 marsi
2273 3588 2306 3625 a
2331 3585 2560 3643 serpente
2579 3576 2600 3647 (
2620 3576 2778 3633 Eccli.
2817 3580 2902 3635 12.
2936 3583 3002 3638 13
3020 3586 3040 3654 )
3061 3585 3084 3637 ?
3105 3589 3234 3641 Cum
3267 3607 3363 3645 nos
3390 3598 3556 3651 nostri
3589 3600 3671 3668 ip-

2090 3676 2272 3717 sorum
2303 3679 2405 3719 non
2438 3668 2821 3738 misereamur,
2853 3676 3003 3743 quis,
3036 3676 3120 3732 die
3149 3695 3359 3750 qua-so,
3392 3687 3670 3744 miserebi-

2092 3756 2212 3810 tur?
2239 3756 2295 3814 Si
2329 3758 2526 3814 videris
2566 3764 2869 3833 quempiam
2912 3782 2972 3823 se
3014 3785 3145 3825 ense
3177 3777 3624 3851 transadigentctn
3651 3824 3668 3849 ,

2090 3847 2213 3903 eine
2253 3852 2453 3919 poteris
2484 3868 2731 3922 umquam
2765 3862 3030 3925 parcere?
3054 3862 3397 3935 Nequaquam
3418 3847 3456 3925 ἐ
3501 3878 3668 3935 inuito

2090 3940 2257 4009 magis
2283 3955 2404 3995 cum
2430 3942 2571 3997 adsit
2599 3955 2747 4001 recte
2772 3964 2978 4016 gerere,
3012 3962 3067 4007 et
3092 3971 3197 4009 non
3228 3971 3372 4015 recte
3396 3978 3666 4032 geramus,

2089 4030 2210 4099 quis
2241 4032 2396 4086 nobis
2425 4036 2651 4103 parcet?
2674 4036 2861 4094 Nemo.
2892 4041 3070 4099 Nostri
3103 4030 3455 4109 raise-reamur
3492 4074 3506 4110 :
3543 4030 3664 4114 cuni

2090 4119 2256 4176 Deum
2280 4137 2577 4192 precemur,
2600 4125 2859 4197 dicentes,
2891 4132 3142 4192 Miserere
3163 4142 3283 4209 mei,
3310 4144 3551 4214 Domine,
3568 4165 3663 4203 lto-

2089 4212 2302 4286 bisipsis
2329 4216 2589 4284 dicamus,
2621 4220 2686 4276 Et
2715 4224 2882 4277 nostri
2913 4226 3151 4295 ipsorum
3182 4212 3550 4294 miseremur.
3571 4242 3667 4298 Est

2087 4303 2143 4359 iu
2169 4315 2351 4360 nostra
2383 4317 2664 4376 potestate,
2695 4320 2752 4365 ut
2781 4313 2921 4370 Dens
2965 4321 3128 4373 nostri
3162 4308 3478 4381 misereatur
3508 4347 3523 4383 :
3555 4333 3666 4401 ipse

2086 4394 2189 4449 hoc
2211 4396 2364 4452 nobis
2390 4398 2626 4455 donavit.
2642 4399 2701 4456 Si
2729 4418 2947 4473 agamus
2972 4424 3090 4477 qua:
3115 4425 3240 4466 sunt
3266 4415 3422 4486 digna
3449 4394 3663 4478 miseri-

2085 4486 2289 4553 cordia,
2312 4503 2431 4558 qua:
2459 4489 2621 4561 digna
2646 4503 2770 4547 sunt
2789 4496 2905 4563 ejus
2934 4497 3260 4569 benignitate
3282 4518 3335 4561 et
3354 4510 3659 4582 clementia,

2086 4578 2233 4632 Deus
2262 4581 2428 4634 nostri
2460 4583 2804 4638 miserebitur
2838 4603 2853 4638 :
2891 4588 2935 4641 si
2960 4601 3137 4645 autem
3170 4599 3338 4652 nostri
3367 4615 3472 4656 non
3500 4578 3658 4661 misc;

2084 4682 2318 4734 reamur,
2369 4672 2488 4742 quis
2534 4674 2687 4728 nobis
2726 4680 2946 4744 parcet?
2992 4681 3246 4741 Miserere
3291 4694 3556 4762 proximi,
3611 4711 3665 4755 et

2084 4761 2365 4832 Deusipse
2390 4765 2464 4817 tui
2496 4765 2853 4821 miserebitur.
2883 4771 3050 4836 Quam
3074 4777 3226 4832 illiilli
3247 4784 3485 4850 quotidie
3508 4761 3665 4845 acce-

2083 4853 2218 4908 dunt
2244 4854 2483 4909 dicentes
2510 4873 2522 4909 :
2552 4855 2804 4913 Miserere
2842 4862 2969 4927 mei,
2999 4874 3055 4920 ct
3093 4883 3160 4923 ne
3184 4880 3515 4932 converteris
3542 4885 3660 4950 qui-

2083 4947 2247 5001 dem?
2281 4957 2409 5016 quot
2438 4948 2586 5014 nudi,
2619 4960 2747 5020 quot
2776 4955 2951 5009 manci
2992 4967 3047 5012 et
3088 4964 3332 5033 mutilati,
3365 4980 3420 5024 et
3445 4947 3660 5029 non-iu-

2084 5040 2365 5106 ﬂectimnr,
2416 5041 2511 5096 sed
2553 5044 2904 5102 amandamus
2955 5065 3146 5109 eorum
3198 5063 3663 5131 supplicationes?

2082 5131 2362 5197 Quomodo
2382 5147 2511 5203 ergo
2540 5136 2619 5188 vis
2644 5136 3063 5199 misericordiam
3091 5154 3368 5222 consequi,
3396 5172 3516 5214 cum
3546 5164 3660 5231 ipse

2084 5222 2213 5276 nihil
2256 5222 2417 5279 facias
2453 5225 2668 5295 dignum
2711 5230 3118 5291 misericordia?
3146 5240 3327 5298 Simus
3364 5222 3658 5310 clementes

2081 5324 2135 5368 et
2160 5315 2395 5385 benigni,
2420 5317 2584 5372 simus
2610 5320 3001 5392 misericordes,
3026 5338 3082 5382 ut
3105 5331 3182 5386 sic
3204 5334 3312 5389 Deo
3333 5338 3652 5409 placeainns,

2081 5415 2135 5458 et
2160 5422 2507 5477 assequamur
2529 5409 2662 5464 bona
2688 5416 2948 5482 promissa
2983 5419 3046 5473 iis
3070 5423 3159 5490 qui
3190 5424 3359 5493 ipsum
3393 5431 3613 5503 diligunt
3639 5480 3654 5501 ,

2080 5501 2246 5569 gratia
2299 5510 2352 5555 et
2400 5503 2720 5574 benignitate
2776 5509 2983 5566 Domini
3038 5518 3206 5571 nostri
3245 5519 3371 5576 Jesu
3425 5501 3655 5596 Christi,

2078 5606 2200 5645 cum
2242 5607 2348 5662 quo
2392 5593 2535 5649 Patri
2582 5606 2636 5650 et
2678 5596 2898 5667 Spiritui
2945 5614 3129 5660 sancto
3164 5610 3353 5679 gloria,
3399 5593 3650 5685 potestas,

2082 5681 2271 5751 honor,
2320 5700 2457 5741 uth
2504 5698 2557 5742 et
2599 5703 2830 5760 semper,
2883 5705 2935 5748 et
2978 5696 3028 5749 in
3073 5704 3267 5757 szrcula
3313 5716 3649 5771 surculorum.

2082 5778 2267 5829 Amen.
2316 5824 2319 5825 ν
3395 5804 3399 5809 ”

3261 5882 3341 5941 '29
