4114 6396
470 306 570 363 tns
1191 298 1246 350 s.
1287 297 1560 353 .KMNNIS
1593 295 2060 353 cunvsosroau
2099 297 2412 355 AllClllEP.
2455 303 2980 364 coxsrammor.

3631 319 3730 372 .5513

772 430 995 445 ψ
1889 501 2229 564 HOMlLlA
2280 508 2359 566 X.

466 662 593 715 Car.
626 659 678 713 5.
711 673 764 712 ν.
794 654 881 710 12.
916 654 1173 725 Rogamus
1198 662 1362 706 autent
1389 666 1496 714 vos,
1526 653 1729 720 fratres,
1760 657 1813 700 ut
1840 645 2039 699 noveri—

538 754 601 803 tis
629 765 712 803 eos
735 748 822 819 qui
846 745 1075 801 laborant
1103 746 1232 798 inter
1250 760 1354 809 vos,
1382 752 1427 795 et
1451 750 1674 812 praesunt
1706 740 1839 793 vobis
1859 739 1911 791 in
1936 736 2044 789 Do-

538 842 674 894 mino
697 879 715 906 ,
755 848 801 892 et
830 847 1032 891 monent
1058 851 1163 900 vos,
1189 835 1272 889 15.
1304 845 1351 886 ει
1380 831 1603 885 habeatis
1629 829 1743 883 illos
1770 827 2041 882 abundan-

536 934 634 985 tius
672 932 726 985 in
754 931 963 984 caritate
997 937 1202 999 propter
1240 941 1367 995 opus
1399 924 1637 991 illorum;
1667 937 1841 991 pacem
1867 919 2043 975 habete

534 1040 645 1079 cum
669 1023 759 1079 eis.

537 1120 593 1173 1.
623 1116 854 1173 Necesse
876 1122 966 1169 est
1010 1122 1067 1165 ut
1113 1111 1201 1183 qui
1242 1118 1439 1181 praeest
1479 1108 1674 1164 multas
1716 1106 1914 1162 habeat
1960 1105 2038 1161 si-

465 1210 742 1265 multatum
773 1206 1083 1263 occasiones
1112 1223 1125 1259 :
1156 1213 1211 1258 et
1257 1203 1394 1258 sicut
1441 1200 1630 1255 medici
1670 1213 1891 1255 necesse
1940 1198 2038 1252 ha-

463 1303 592 1357 bent
643 1301 699 1357 in
763 1298 944 1354 multis
999 1295 1210 1350 molesti
1250 1309 1369 1350 esse
1411 1294 1644 1363 :egrotis,
1697 1302 1751 1348 et
1796 1292 1946 1346 cibos
1985 1299 2041 1347 et

462 1393 849 1449 medicamenta
874 1400 1132 1460 parantes
1168 1403 1285 1456 qute
1325 1387 1652 1455 voluptatem
1682 1384 1898 1455 quidem
1928 1399 2037 1438 non

462 1486 682 1549 habent,
713 1484 808 1539 sed
839 1483 1058 1537 multam
1088 1482 1398 1546 utilitatem;
1431 1489 1486 1534 et
1525 1480 1665 1535 sicut
1704 1490 1887 1550 patres
1914 1493 2036 1534 cre-

464 1579 560 1632 bro
591 1577 714 1631 liliis
747 1585 872 1632 sunt
898 1574 1108 1629 molesti
1140 1591 1152 1626 :
1178 1572 1255 1626 ita
1286 1572 1447 1627 etiam
1482 1571 1761 1637 doctores,
1789 1580 1845 1626 et
1871 1570 2038 1625 multo

460 1670 648 1741 magis.
679 1668 809 1723 Nam
842 1667 1080 1722 medicus
1104 1665 1318 1737 quidem
1346 1664 1557 1720 etiamsi
1583 1664 1650 1717 ab
1677 1665 1890 1734 aegrotis
1938 1666 2037 1717 ha-

458 1762 649 1815 beatur
688 1758 832 1827 odio,
878 1773 910 1812 a
958 1757 1199 1828 cognatis
1240 1764 1417 1810 tamen
1460 1765 1516 1810 et
1561 1754 1873 1825 propinquis
1919 1755 2035 1824 ejus

457 1852 666 1924 placide
693 1851 997 1921 excipitur;
1028 1858 1082 1904 et
1110 1863 1251 1918 srepe
1276 1848 1343 1903 ab
1371 1863 1438 1903 eo
1463 1848 1554 1919 qui
1582 1857 1807 1919 argrotat
1831 1866 1843 1900 :
1870 1858 1922 1901 et
1945 1864 2035 1914 pa-

452 1955 537 1999 ter
566 1958 778 2016 quoque
805 1951 911 1997 tam
942 1953 1128 1997 natura
1170 1956 1329 2012 quam
1364 1939 1603 1997 externis
1632 1939 1796 1994 fretus
1833 1939 2035 2010 legibus

454 2052 647 2108 magna
674 2035 931 2091 facilitate
959 2036 1125 2089 utitur
1145 2048 1243 2088 suo
1268 2034 1320 2089 in
1353 2033 1491 2087 ﬁlios
1516 2033 1771 2103 imperio;
1796 2041 1849 2089 et
1875 2034 1918 2087 si
1949 2034 2033 2086 in-

454 2131 623 2185 vitum
649 2128 986 2200 castigaverit
1010 2135 1064 2181 et
1097 2127 1468 2196 iucrepaverit,
1499 2140 1656 2178 nemo
1683 2135 1765 2179 est
1792 2124 2031 2195 prohibi-

453 2233 627 2287 turus,
676 2221 772 2278 sed
822 2236 920 2277 nec
966 2220 1058 2275 ille
1102 2220 1216 2290 ipse
1261 2234 1383 2274 eum
1432 2217 1651 2273 audebit
1697 2233 1762 2273 ex
1807 2218 2032 2272 adverso

451 2318 694 2387 aspicere
723 2334 736 2371 :
769 2316 821 2371 in
852 2315 1131 2371 sacerdote
1159 2323 1337 2369 autem
1367 2329 1557 2382 magna
1602 2322 1685 2368 est
1726 2313 2028 2369 difﬁcultas.

451 2414 625 2480 Atque
663 2409 893 2479 primum
928 2407 1143 2478 quidem
1181 2408 1342 2461 debet
1385 2409 1649 2476 imperare
1692 2422 1754 2461 ac
1802 2422 2031 2476 praeesse

450 2508 774 2569 volentibus.
803 2506 894 2577 qui
943 2506 993 2561 ei
1034 2505 1259 2573 gratiam
1298 2502 1530 2557 habeant
1575 2504 1716 2572 quod
1763 2504 2026 2573 imperet:

450 2603 566 2657 ﬁeri
601 2611 777 2655 autem
808 2612 912 2651 non
944 2604 1117 2666 potest
1148 2604 1206 2649 ut
1236 2595 1337 2648 hoc
1374 2595 1485 2649 cito
1514 2594 1743 2648 accidat.
1772 2593 1902 2648 Nam
1931 2594 2022 2663 qui

448 2695 687 2765 arguitur
729 2699 783 2745 et
830 2687 1278 2760 reprehenditur,
1335 2685 1865 2755 cuiusmodicumque
1921 2685 2026 2753 sit,

447 2786 666 2841 omnino
692 2783 910 2838 mittens
952 2779 1149 2834 habere
1184 2778 1436 2848 gratiam,
1466 2785 1551 2831 est
1577 2775 1816 2831 infensus
1839 2796 1852 2831 :
1877 2776 2028 2831 simi-

448 2879 571 2933 liter
614 2876 774 2931 etiam
823 2871 978 2927 faciet
1022 2871 1068 2925 is
1114 2870 1196 2924 cui
1244 2868 1519 2933 suadetur,
1567 2868 1653 2934 qui
1686 2878 1933 2922 monetur
1973 2876 2028 2921 et

445 2979 684 3039 rogatur.
725 2964 785 3019 Si
827 2964 1005 3033 itaque
1033 2961 1220 3015 dixero
1240 3001 1255 3025 ,
1300 2959 1560 3015 Pecunias
1584 2970 1704 3013 tuas
1733 2958 1945 3013 eﬂ‘unde
1971 2957 2025 3013 in

444 3068 682 3131 egentes,
720 3054 836 3113 dixi
865 3054 992 3124 quid
1034 3068 1194 3123 grave
1237 3061 1292 3107 et
1334 3052 1617 3107 molestum
1665 3069 1679 3106 :
1727 3053 1772 3107 si
1814 3053 2021 3118 dixero,

441 3150 583 3207 Seda
608 3149 740 3204 iram
757 3187 774 3213 ,
800 3144 964 3201 animi
990 3144 1270 3212 exstingue
1297 3141 1534 3197 furorem
1552 3183 1567 3207 ,
1595 3142 1850 3198 nefariam
1877 3160 2023 3199 com-

443 3255 604 3312 pesce
631 3236 929 3304 libidinem,
959 3250 1024 3291 ex
1050 3234 1255 3291 deliciis
1280 3234 1513 3304 aliquam
1540 3245 1747 3305 partem
1779 3247 2018 3305 amputa,

442 3344 565 3391 sunt
606 3331 785 3388 omnia
814 3329 994 3402 gravia
1020 3338 1071 3384 et
1102 3327 1351 3383 molesta.
1384 3326 1451 3381 Et
1489 3327 1535 3382 si
1574 3328 1908 3398 castigavere
1932 3343 2021 3383 so-

440 3424 657 3481 cordem
685 3431 741 3478 et
764 3421 1034 3492 ignavum,
1060 3427 1153 3474 aut
1180 3417 1452 3473 abduxero
1476 3416 1545 3473 ab
1573 3418 1822 3485 ecclesia,
1850 3430 1936 3474 aut
1968 3420 2018 3475 ei

440 3516 815 3574 communibus
858 3513 1108 3585 precibus
1151 3512 1500 3576 interdixero,
1529 3510 1697 3576 dolet,
1729 3526 1835 3567 non
1875 3511 2019 3582 quod

439 3613 508 3668 ab
548 3612 614 3668 iis
654 3608 935 3673 exciderit,
969 3607 1064 3662 sed
1104 3615 1323 3677 prOptcr
1349 3620 1635 3659 commune
1664 3604 1915 3675 probrum
1956 3620 2021 3661 ac

439 3705 694 3763 dedecus.
722 3701 855 3757 Nam
882 3699 987 3755 hoc
1024 3713 1235 3770 quoque
1267 3706 1349 3752 est
1382 3697 1552 3752 morbi
1585 3697 1973 3753 incrementum
1998 3739 2014 3764 ,

438 3797 584 3870 quod
609 3792 865 3866 prohibiti
893 3807 923 3845 a
964 3788 1350 3862 spiritualibus,
1379 3803 1484 3843 non
1512 3789 1757 3844 dolemus
1799 3798 2019 3860 propter

438 3890 700 3945 bonorum
729 3891 995 3940 tantorum
1023 3882 1396 3953 privationem,
1440 3880 1535 3936 sed
1575 3890 1790 3951 propter
1829 3895 2013 3936 eorum

437 3982 528 4053 qui
570 3979 751 4034 vident
779 3975 1036 4047 pudorem
1061 3990 1075 4027 :
1105 3989 1217 4029 rem
1246 3974 1414 4045 ipsam
1447 3990 1551 4029 non
1581 3974 1885 4041 horremus,
1913 3989 2015 4030 nec

434 4070 855 4129 extimescimus.
889 4066 1177 4138 Propterea
1204 4065 1274 4122 de
1300 4066 1384 4120 his
1410 4066 1607 4122 Paulus
1631 4067 1796 4122 multa
1817 4082 2015 4138 susque

434 4167 609 4236 deque
649 4162 884 4219 disserit.
930 4160 999 4216 Et
1036 4159 1283 4216 Christus
1323 4160 1539 4231 quidem
1568 4177 1662 4216 eos
1704 4177 1825 4217 cum
1867 4170 2011 4218 tanta

433 4258 674 4316 subdidit
715 4256 1039 4312 necessitate
1087 4262 1145 4307 ut
1191 4251 1396 4307 diceret
1442 4270 1456 4307 :
1506 4253 1675 4324 Super
1712 4256 2011 4311 cathedram

432 4352 596 4407 Mosis
629 4348 866 4404 sederunt
900 4344 1080 4400 scribat
1110 4354 1160 4399 et
1195 4342 1474 4399 Pharisaei.
1510 4344 1847 4416 Quwcumque
1890 4365 2009 4419 ergo

432 4446 569 4500 vobis
596 4442 815 4497 dixerint
842 4449 898 4494 ut
922 4438 1145 4504 servetis,
1173 4448 1364 4492 servate
1388 4453 1408 4495 :
1434 4440 1711 4493 secundum
1736 4458 1889 4510 opera
1917 4459 2010 4496 au-

430 4547 530 4591 tem
572 4551 745 4590 eorum
788 4532 946 4587 nolite
988 4533 1155 4603 facere
1200 4528 1413 4600 (Matth.
1462 4529 1554 4586 25.
1583 4529 1661 4599 2).
1694 4531 1762 4586 Ει
1799 4547 2005 4599 rursus,

428 4626 642 4698 quando
666 4623 872 4680 curavit
898 4622 1201 4690 leprosum,
1234 4619 1449 4675 dicebat
1477 4638 1489 4672 :
1536 4620 1703 4687 Vade,
1735 4623 1937 4678 ostende
1961 4633 2009 4678 te

427 4718 698 4783 sacerdoti,
729 4726 775 4770 et
803 4714 932 4782 offer
958 4729 1140 4767 munus
1182 4722 1324 4767 tuum
1360 4714 1496 4784 quod
1526 4717 1764 4784 praecepit
1805 4716 2007 4788 Moyses

426 4813 500 4867 eis
546 4811 600 4863 in
643 4806 981 4861 testimonium
1008 4802 1167 4872 (Ibid.
1201 4805 1255 4859 8.
1285 4803 1364 4875 4).
1413 4808 1572 4875 Atqui
1602 4815 1657 4861 tu
1692 4806 1827 4864 dicis
1856 4827 1872 4863 :
1906 4811 2008 4864 Fa-

426 4905 546 4957 citis
594 4913 714 4954 eum
768 4897 933 4951 tilium
975 4895 1234 4966 gehennae
1275 4894 1437 4965 duplo
1484 4897 1651 4968 magis
1698 4914 1857 4967 quam
1886 4915 2001 4957 vos.

428 4994 715 5062 PrOpterea
756 4988 901 5053 disi,
949 4986 1120 5056 inquit
1156 5000 1169 5041 :
1215 4984 1339 5051 Qum
1385 4986 1576 5055 faciunt
1619 4989 1775 5043 nolite
1819 4992 2000 5060 facere.

422 5086 647 5142 Omnem
687 5096 816 5152 ergo
854 5080 1078 5135 exclusit
1119 5088 1435 5150 praetextum
1478 5088 1533 5135 et
1576 5082 1909 5138 occasionem
1953 5085 2003 5139 ei

423 5179 515 5247 qui
546 5183 629 5231 est
665 5174 934 5241 subjectus
974 5170 1218 5239 imperio.
1253 5170 1348 5225 llic
1376 5172 1537 5225 etiam
1568 5172 1635 5226 ad
1664 5172 2000 5230 'l‘immheum

422 5268 662 5324 scribens
695 5262 902 5322 dicebat
942 5279 955 5315 :
1000 5261 1098 5326 Qui
1135 5270 1266 5314 recte
1304 5273 1530 5330 prtesunt
1577 5264 1871 5333 presbyteri,
1902 5267 2002 5319 du-

422 5359 543 5428 plici
587 5356 773 5410 honore
805 5352 947 5423 digni
986 5352 1262 5405 habeantur
1291 5351 1365 5423 (1.
1398 5351 1534 5406 Tim.
1567 5354 1618 5408 5.
1650 5353 1759 5423 17).
1789 5358 1870 5411 Ad
1900 5358 2002 5414 lle-

424 5452 600 5505 brteos
636 5461 847 5517 quoque
875 5443 1115 5499 scribens
1144 5442 1356 5497 dicebat
1401 5460 1415 5496 :
1462 5442 1672 5499 Obedite
1715 5451 1999 5516 prwposills

420 5544 616 5608 vestris,
636 5550 682 5597 et
707 5540 777 5595 eis
800 5539 958 5594 cedite
984 5535 1165 5606 (Hebr.
1196 5535 1285 5590 15.
1317 5535 1404 5606 17)
1428 5551 1443 5601 ;
1469 5546 1524 5591 et
1553 5537 1638 5593 hic
1659 5554 1865 5607 rursus,
1890 5541 1999 5597 Ro-

419 5650 597 5704 gamus
618 5641 785 5686 autem
817 5645 904 5684 vos
924 5670 940 5695 ,
969 5631 1150 5699 fratres
1166 5668 1182 5694 ,
1209 5636 1261 5680 ut
1286 5627 1525 5684 noveritis
1548 5645 1632 5684 eos
1657 5632 1746 5701 qui
1765 5632 1999 5688 laborant

419 5728 550 5782 ium
587 5741 690 5788 vos,
730 5732 778 5778 et
816 5729 1038 5795 praesunt
1065 5720 1199 5775 vobis
1224 5719 1275 5774 in
1316 5718 1554 5775 Domino.
1585 5720 1718 5777 Nam
1744 5724 1995 5794 quoniam

2148 645 2301 707 dixit.
2335 648 2615 720 ZEdi/icate
2642 655 2976 724 alterutrum;
3008 676 3074 715 ne
3096 663 3463 719 existimarent
3490 668 3631 737 quod
3654 668 3721 722 ad

2146 736 2381 795 doctoris
2426 743 2737 813 dignitatem
2774 766 2868 804 eos
2914 755 3237 820 provexerit,
3274 757 3375 811 hoc
3405 760 3677 828 sulijnnxit
3711 776 3723 809 :

2145 845 2207 885 ac
2250 832 2294 886 si
2341 834 2584 891 diceret:
2618 838 2723 894 Sed
2768 842 2943 899 videte
2984 846 3125 914 quod
3180 849 3327 901 vobis
3385 852 3720 919 permiserim

2146 922 2282 977 alter
2308 925 2533 982 alterum
2558 929 2825 988 aedificare
2854 952 2867 987 :
2899 934 3013 990 ﬁeri
3045 940 3186 992 enim
3216 956 3321 995 non
3348 952 3520 1011 potest
3552 958 3607 997 ut
3628 947 3721 998 do-

2145 1022 2261 1069 ctor
2282 1015 2425 1071 dicat
2453 1022 2649 1075 omnia.
2682 1023 2788 1079 Eos
2817 1028 2905 1096 qui
2928 1028 3178 1096 laborant,
3224 1033 3414 1102 inquit,
3444 1036 3574 1089 inter
3599 1054 3684 1090 vos
3703 1080 3720 1105 ,

2145 1116 2191 1159 et
2234 1121 2458 1179 prterunt
2486 1113 2622 1169 vobis
2649 1117 2701 1170 in
2738 1117 2977 1187 Domino,
3005 1133 3052 1175 et
3078 1136 3277 1178 monent
3306 1143 3409 1182 vos.
3440 1129 3721 1192 Quomodo

2143 1214 2295 1269 ergo,
2325 1203 2514 1274 inquit,
2549 1223 2653 1263 non
2681 1220 2763 1265 est
2791 1212 3123 1269 absurdum?
3151 1218 3285 1285 Quid
3313 1218 3447 1274 dicis
3466 1222 3491 1274 ?
3519 1231 3574 1276 tu
3604 1224 3720 1291 qui-

2141 1288 2287 1357 dem,
2316 1293 2360 1348 si
2389 1293 2548 1350 homo
2580 1302 2933 1368 patrocinium
2979 1306 3235 1376 suscipiat
3278 1318 3332 1364 et
3378 1321 3430 1366 te
3470 1288 3720 1368 defendat

2141 1381 2281 1450 apud
2324 1378 2631 1453 hominem,
2684 1392 2861 1446 omnia
2910 1395 3057 1465 agis,
3099 1407 3153 1451 et
3192 1413 3406 1455 omnem
3455 1402 3504 1456 ei
3554 1401 3719 1458 habes

2141 1475 2365 1542 gratiam
2417 1495 2431 1530 :
2480 1477 2566 1535 hic
2605 1493 2783 1539 autem
2829 1487 2967 1556 apud
3016 1488 3184 1543 Deum
3239 1493 3315 1546 tui
3364 1497 3715 1564 patrocinium

2140 1566 2365 1636 suscipit
2401 1578 2456 1624 et
2499 1578 2551 1625 te
2579 1573 2838 1643 defendit,
2865 1587 2919 1631 et
2945 1579 2992 1633 ei
3024 1595 3129 1634 non
3159 1582 3322 1639 habes
3358 1588 3627 1656 gratiam?
3654 1590 3718 1644 Et

2138 1657 2430 1724 quomodo,
2459 1659 2648 1732 inquit,
2683 1680 2769 1719 me
2797 1666 3071 1724 defendit?
3099 1671 3359 1738 Quoniam
3386 1691 3485 1745 pro
3510 1688 3563 1733 te
3588 1693 3713 1749 pre-

2139 1756 2309 1813 catur,
2338 1760 2393 1804 et
2420 1750 2564 1806 dono
2589 1755 2734 1823 quod
2762 1770 2858 1826 per
2889 1758 3210 1828 baptismum
3241 1764 3398 1821 datttr
3419 1769 3510 1823 tibi
3543 1771 3715 1825 inser-

2138 1840 2234 1904 vit,
2267 1840 2468 1909 visitat,
2498 1843 2743 1902 hortatur
2768 1858 2822 1903 et
2848 1862 3050 1921 monet,
3086 1863 3141 1910 et
3167 1858 3337 1913 media
3364 1872 3520 1916 nocte
3544 1863 3590 1917 si
3624 1880 3715 1917 vo-

2138 1931 2346 1986 caveris
2374 1934 2556 2000 venit;
2586 1937 2631 1991 is
2658 1953 2785 1994 vero
2810 1942 2943 1997 nihil
2967 1944 3112 2000 aliud
3143 1963 3302 2018 quam
3329 1963 3590 2021 perpetuo
3620 1956 3713 2011 tibi

2137 2020 2313 2077 adstat
2347 2023 2413 2077 ad
2455 2040 2535 2090 os,
2565 2036 2620 2083 et
2644 2043 2762 2099 qua:
2801 2041 2855 2086 tu
2892 2032 2945 2087 in
2971 2049 3094 2090 eum
3138 2040 3386 2108 congeris
3424 2020 3526 2098 lert
3552 2046 3713 2101 male-

2137 2112 2294 2168 dicta.
2319 2115 2573 2184 Quaenam
2617 2136 2738 2177 eum
2767 2128 2961 2193 pressit
2999 2131 3335 2186 necessitas?
3375 2145 3588 2192 rectene
3628 2139 3709 2194 le-

2135 2206 2209 2261 cit
2262 2221 2329 2263 an
2377 2210 2664 2268 male?'l‘u
2719 2217 2932 2286 quidem
2962 2230 3018 2275 et
3066 2220 3227 2277 habes
3268 2240 3505 2291 uxorem,
3558 2240 3612 2285 et
3658 2241 3711 2287 te

2139 2298 2324 2367 exples
2373 2300 2603 2369 deliciis,
2634 2314 2688 2360 et
2737 2308 2898 2363 vitam
2947 2314 3171 2369 sectaris
3219 2315 3452 2373 deditam
3498 2336 3704 2378 merca-

2136 2396 2267 2442 tura:
2300 2408 2313 2443 :
2341 2393 2591 2448 sacerdos
2628 2403 2809 2452 autem
2854 2401 2905 2453 in
2960 2400 3061 2457 hoc
3104 2419 3256 2461 suum
3286 2411 3507 2466 contulit
3546 2430 3709 2484 nego-

2137 2480 2303 2550 tium;
2336 2483 2479 2540 nulla
2505 2494 2586 2540 est
2609 2489 2657 2542 ei
2687 2490 2787 2545 alia
2811 2493 2913 2546 vita
2938 2509 3093 2564 quam
3119 2509 3173 2552 ut
3195 2510 3438 2557 versetur
3458 2505 3510 2560 in
3535 2504 3711 2563 Eccle-

2133 2572 2231 2628 sia.
2262 2572 2329 2628 Ut
2368 2576 2623 2647 habeatis,
2648 2580 2838 2651 inquit,
2863 2587 2977 2640 illos
3016 2591 3358 2649 abundantius
3407 2596 3461 2651 in
3502 2600 3708 2655 caritate

2133 2680 2337 2737 propter
2362 2688 2490 2739 opus
2516 2676 2720 2729 illorum
2744 2694 2765 2732 .·
2792 2688 2837 2733 ει
2866 2698 3038 2751 pacem
3064 2684 3240 2743 habete
3283 2706 3399 2746 cum
3437 2693 3579 2765 ipsis.
3617 2696 3709 2750 Vi-

2131 2758 2228 2813 des
2253 2766 2521 2832 quomodo
2550 2774 2757 2824 noverit
2786 2786 2846 2826 ea
2879 2790 2996 2843 qum
3026 2778 3270 2834 oriuntur
3312 2783 3566 2842 dissidia?
3590 2787 3704 2843 Non

2129 2853 2323 2919 solum,
2365 2855 2589 2927 Diligite,
2637 2861 2829 2932 inquit,
2877 2866 2971 2920 sed
3014 2868 3401 2940 abundantius,
3447 2879 3583 2933 sicut
3614 2882 3706 2936 lilii

2131 2953 2328 3012 patres.
2366 2946 2470 3002 Per
2503 2966 2598 3005 eos
2627 2954 2768 3008 enim
2804 2960 3041 3025 generati
3080 2963 3211 3018 estis
3247 2976 3447 3023 aeterna
3485 2986 3707 3039 genera-

2129 3038 2300 3104 tione;
2338 3055 2434 3109 per
2469 3042 2612 3113 ipsos
2649 3049 2779 3103 estis
2812 3064 3033 3120 regnum
3075 3061 3366 3127 asseqnuti,
3400 3076 3495 3131 per
3518 3081 3707 3121 manus

2127 3130 2363 3199 ipsorum
2393 3133 2525 3190 ﬁunt
2553 3139 2752 3205 omnia,
2791 3158 2884 3211 per
2914 3146 3056 3215 ipsos
3085 3149 3235 3204 vobis
3263 3130 3431 3222 porta:
3458 3157 3705 3217 caelestes

2125 3223 2453 3292 aperiuntur.
2484 3226 2653 3285 Nemo
2675 3231 2990 3290 seditionem
3015 3240 3197 3308 agitet,
3218 3258 3376 3297 nemo
3396 3250 3701 3306 contendat.

2125 3314 2226 3382 Qui
2257 3315 2524 3374 Christum
2557 3322 2748 3394 diligit,
2773 3327 3302 3404 cujusmodicumque
3336 3338 3406 3393 sit
3426 3343 3701 3411 sacerdos.

2124 3419 2245 3461 eum
2280 3409 2482 3480 diliget,
2510 3415 2650 3484 quod
2682 3432 2777 3485 per
2807 3434 2928 3475 eum
2953 3423 3024 3478 sit
3049 3428 3350 3483 veneranda
3381 3409 3701 3505 assequutus

2122 3512 2476 3558 sacramenta.
2490 3504 2580 3560 Dic
2592 3506 2790 3571 mihi.si
2808 3511 2973 3568 velles
2987 3514 3169 3573 videre
3181 3521 3378 3588 regiam
3391 3504 3558 3580 multo
3570 3543 3702 3583 auro

2122 3592 2517 3666 Splendentem,
2541 3609 2595 3654 et
2616 3614 2950 3671 gemmarum
2981 3606 3186 3677 fulgore
3206 3626 3596 3682 coruscantem,
3618 3619 3702 3674 in-

2122 3686 2334 3741 veneris
2354 3698 2530 3745 autem
2551 3704 2672 3746 eum
2696 3693 2785 3764 qui
2807 3693 2969 3752 habet
2986 3697 3192 3767 claves;
3222 3702 3311 3758 ille
3334 3721 3463 3761 vero
3482 3720 3701 3781 rogatus

2121 3777 2301 3831 statim
2329 3781 2620 3852 aperuerit,
2646 3795 2701 3839 et
2735 3785 3089 3845 intromiserit
3113 3810 3128 3846 :
3156 3808 3331 3850 annon
3361 3777 3698 3869 ipsum‘om-

2120 3869 2278 3924 nibus
2318 3887 2679 3943 prteponeres,
2728 3893 2835 3932 non
2879 3896 3031 3950 teque
3068 3892 3227 3955 atque
3252 3889 3435 3944 oculos
3464 3906 3693 3961 amares,

2119 3975 2225 4015 non
2275 3964 2630 4020 osculareris?
2670 3967 2768 4022 Hic
2812 3972 3003 4027 caelum
3053 3975 3145 4030 tihi
3193 3979 3440 4047 aperuit,
3482 3993 3538 4039 et
3589 4003 3693 4042 non

2118 4055 2407 4120 oscularis,
2438 4073 2544 4113 non
2571 4060 3020 4130 amplecteris?Si
3062 4084 3279 4125 uxorem
3328 4074 3544 4142 habeas,
3585 4095 3693 4135 non

2117 4159 2240 4199 eum
2271 4146 2503 4202 maxime
2542 4147 2717 4221 diligis
2744 4153 2834 4220 qui
2875 4167 2994 4209 eam
3028 4158 3119 4212 tibi
3147 4162 3489 4220 conciliavit?
3528 4166 3601 4222 lta
3644 4170 3691 4224 si

2116 4237 2385 4293 Christum
2408 4238 2601 4311 diligis,
2630 4242 2672 4296 si
2700 4243 2877 4315 diligis
2900 4262 3119 4317 regnum
3151 4253 3401 4309 calorum
3421 4296 3438 4322 ,
3465 4273 3693 4328 agnosce

2117 4345 2213 4399 per
2233 4346 2367 4401 quos
2395 4332 2445 4387 id
2472 4333 2739 4389 habueris.
2774 4336 3083 4407 Propterea,
3110 4342 3302 4412 inquit,
3329 4343 3546 4416 Propter
3566 4368 3693 4419 opus

2115 4423 2321 4476 illorum
2344 4441 2363 4478 :
2388 4441 2562 4495 pacem
2588 4426 2764 4481 habete
2790 4445 2902 4482 cum
2942 4431 3031 4485 eis.
3086 4434 3169 4488 14.
3222 4434 3481 4508 Rogamus
3524 4452 3691 4497 autem

2114 4527 2221 4578 vos,
2250 4517 2453 4585 fratres,
2480 4517 2719 4585 corripite
2757 4519 3001 4589 inquietos
3020 4563 3033 4585 ,
3066 4526 3400 4582 consolamini
3425 4533 3691 4600 pusillani-

2115 4621 2237 4669 mes,
2268 4608 2507 4676 suscipite
2530 4609 2777 4677 inﬁrmos,
2811 4614 3053 4681 patientes
3078 4626 3235 4671 estote
3258 4618 3326 4671 ad
3349 4634 3544 4676 omnes.

2183 4698 2237 4753 2.
2267 4699 2363 4754 llic
2390 4699 2678 4771 alloquitur
2702 4718 2797 4757 eos
2823 4707 2911 4774 qui
2941 4717 3175 4775 praesunt
3219 4726 3233 4763 :
3275 4709 3573 4784 Corripite,
3603 4714 3690 4772 in-

2112 4793 2244 4862 quit,
2276 4793 2571 4863 inquietos;
2605 4795 2656 4849 id
2684 4808 2798 4860 est,
2832 4796 2910 4852 Ne
2939 4814 3000 4852 ex
3034 4809 3296 4869 potestate
3319 4845 3335 4870 ,
3368 4806 3576 4876 inquit,
3604 4808 3691 4864 in-

2111 4895 2345 4955 crepate,
2405 4903 2503 4942 nec
2552 4904 2620 4942 ex
2668 4890 3005 4960 arrogantia;
3060 4907 3179 4948 cum
3226 4897 3515 4967 arquitate.
3568 4916 3690 4957 cum

2112 4981 2537 5036 uiansuetudine.
2601 4981 2950 5037 Cousolamini
3000 4988 3389 5057 pusillanimes,
3455 4996 3691 5064 suscipite

2109 5072 2342 5141 inﬁrmos
2366 5114 2380 5139 ,
2408 5075 2656 5143 patientes
2692 5085 2845 5129 estote
2870 5079 2940 5130 ad
2964 5094 3155 5134 omnes.
3196 5080 3326 5137 Nam
3366 5084 3457 5155 qui
3496 5088 3692 5143 acriter

2112 5166 2468 5234 reprehensus
2492 5165 2559 5221 de
2586 5182 2646 5222 se
2674 5167 2942 5238 deSperat,
2977 5170 3033 5225 fit
3062 5172 3313 5227 audacior
3340 5175 3642 5246 deSpicieus
3673 5195 3687 5232 :

2108 5271 2386 5331 propterea
2413 5270 2626 5331 oportet
2663 5261 3025 5319 admonitione
3057 5265 3216 5320 dulce
3253 5267 3478 5323 reddere
3516 5271 3685 5324 medi-

2107 5366 2428 5412 camentum.
2456 5354 2683 5422 Quinam
2722 5365 2900 5411 autem
2940 5367 3063 5412 sunt
3089 5358 3408 5415 inordinati?
3444 5360 3482 5416 li
3531 5364 3689 5433 plane

2107 5448 2195 5517 qui
2227 5458 2386 5518 agunt
2414 5458 2608 5518 praeter
2636 5449 2778 5520 quod
2811 5450 2918 5506 Deo
2956 5451 3184 5507 videtur.
3229 5453 3322 5508 Est
3359 5456 3502 5509 enim
3549 5455 3688 5511 mili-

2109 5541 2206 5595 tari
2234 5539 2418 5594 ordine
2450 5541 2563 5611 ipse
2596 5540 2850 5596 Ecclesiae
2897 5542 3030 5596 ordo
3058 5544 3370 5601 concinnior
3405 5554 3461 5600 ct
3488 5561 3687 5601 conveo

2105 5633 2354 5688 nientior.
2398 5632 2753 5701 Quamobrem
2790 5644 2845 5689 et
2870 5633 3159 5691 maledicus
3201 5648 3284 5694 est
3329 5637 3681 5704 inordinatus,

2108 5734 2159 5779 et
2181 5725 2420 5781 ebriosus
2450 5724 2801 5794 inordinatus,
2832 5733 2887 5782 et
2915 5741 3131 5794 avarus,
3160 5734 3215 5782 ct
3235 5740 3419 5784 omnes
3442 5732 3531 5800 qui
3559 5742 3685 5799 pee-
