4112 6398
379 377 484 431 ιῖἰῗ

382 505 643 575 φάλαγγι,
669 501 808 555 ἀλλά
850 502 1147 573 παράφορα
1172 522 1185 535 ·
1218 503 1299 557 διὸ
1356 505 1449 558 καὶ
1509 499 1956 571 περιτρέπονται.

392 587 532 639 Ἀλλ’
563 588 678 637 ἔστι
710 587 804 638 καὶ
834 586 1019 656 ἕτερον
1046 583 1186 648 εἶδος
1215 588 1324 639 τῶν
1354 585 1563 647 κακῶν,
1615 584 1677 636 οὐ
1725 579 1967 633 τοιοῦτον

386 669 509 739 μὲν,
541 668 710 722 κακία
735 669 791 721 δέ
824 671 917 722 καὶ
945 670 1095 721 αὑτό.
1148 670 1305 723 Ποῖον
1337 669 1495 721 τοῦτο
1521 684 1536 733 ;
1581 667 1644 719 Ἦ
1696 661 1967 734 μικροψυ-

380 758 474 822 χία
495 773 508 785 ’
552 755 773 821 καὶγὰρ
790 757 884 807 καὶ
904 754 1045 823 αῦτη
1070 756 1269 817 ὁμοίως
1289 758 1356 823 τῇ
1382 749 1623 822 ῥαθυμίᾳ
1644 748 1958 803 ἀπόλλυσιν.

383 842 443 895 '0
479 842 553 913 μὴ
579 844 759 913 φέρων
790 844 965 914 ὓϐριν,
996 844 1318 913 ὁλιγόψυχος
1341 862 1355 874 ·
1388 842 1417 896 6
1452 844 1525 915 μὴ
1556 844 1737 914 φέρων
1771 856 1962 911 πειρα-

374 926 531 993 σμὸν,
584 925 906 996 όλιγόψυχος
937 941 951 955 ·
1001 921 1155 990 οὗτός
1210 929 1357 980 ἐστιν
1386 930 1414 981 6
1463 927 1555 979 ἐπὶ
1608 926 1708 995 τῆς
1756 924 1964 992 πέτρας

376 1009 625 1079 σπαρείς.
656 1009 808 1083 [497]
845 1010 1110 1063 Ἔστικαὶ
1126 1010 1254 1064 ἄλλο
1267 1006 1426 1073 εἶδος,
1452 1011 1511 1063 τὸ
1532 1009 1633 1075 τῆς
1658 1006 1960 1066 ἀσθενείας.

385 1094 747 1163 Ἀντέχεσθε,
794 1094 947 1163 φησὶ,
1004 1091 1123 1147 τῶν
1177 1092 1473 1155 ἀσθενῶν,
1521 1090 1762 1147 ἀσθενῶν
1792 1090 1966 1156 λέγων

373 1176 481 1228 τῶν
510 1178 639 1247 περὶ
673 1178 900 1229 πίστιν·
936 1176 1147 1245 γίνεται
1209 1177 1320 1247 γὰρ
1374 1176 1629 1230 ἀσθένεια
1687 1175 1782 1226 καὶ
1836 1171 1965 1241 περὶ

373 1258 567 1329 αὑτήν.
617 1258 757 1311 Ἀλλ’
789 1260 890 1331 ὅρα
923 1262 1040 1323 πῶς
1071 1260 1172 1313 οὐκ
1204 1263 1437 1330 ἀφίησιν
1486 1259 1685 1320 αὐτοὺς
1738 1254 1967 1310 διαπτύ-

372 1342 550 1396 εσθαι.
595 1344 706 1396 Καὶ
739 1342 976 1413 ἀλλαχοῦ
1010 1345 1067 1397 δὲ
1097 1345 1324 1416 γράφων
1360 1344 1514 1412 ἔλεγε
1542 1385 1557 1406 ,
1596 1342 1744 1406 Τοὺς
1780 1341 1965 1394 ἀσθε-

372 1425 633 1491 νοῦντας
672 1424 746 1495 τῇ
779 1428 981 1481 πίστει
1016 1429 1582 1500 προσλαμϐάνεσθε.
1623 1428 1735 1481 Καὶ
1765 1424 1875 1494 γὰρ
1910 1425 1967 1475 ἐν

374 1512 490 1573 τοῖς
518 1509 737 1580 σώμασι
769 1512 883 1574 τοῖς
910 1512 1202 1582 ἡμετέροις
1239 1513 1300 1565 τὸ
1332 1510 1596 1566 ἀσθενοῦν
1641 1510 1805 1581 μέρος
1867 1507 1967 1559 οὐκ

372 1593 551 1663 ἐῶμεν
595 1594 914 1647 ἀπολέσθαι.
946 1595 1412 1665 Μακροθυμεῑτε,
1447 1596 1598 1666 φησὶ,
1635 1595 1785 1662 πρὸς
1819 1591 1969 1645 πάν-

372 1694 495 1742 τας.
529 1676 594 1728 Τί
622 1673 718 1731 οὖν
748 1694 764 1742 ;
798 1681 890 1731 καὶ
925 1678 1061 1749 πρὸς
1088 1680 1215 1742 τοὺς
1250 1679 1519 1740 ἀτάκτους
1546 1671 1706 1743 {Kal
1739 1675 1965 1745 σφόδρα·

371 1761 523 1814 οὐδὲν
544 1761 651 1833 γὰρ
683 1761 876 1815 τούτου
910 1762 1206 1833 φαρμάκου
1243 1761 1356 1815 ἴσον
1377 1761 1680 1831 διδασκάλῳ
1709 1759 1966 1831 μάλιστα,

371 1846 522 1898 οὐδὲν
554 1845 696 1899 οὑτω
728 1849 843 1910 τοῖς
870 1847 1192 1917 ἀρχομένοις
1239 1848 1545 1919 ἐπιτήδειον
1570 1864 1583 1878 ·
1617 1846 1834 1906 πάντως
1881 1846 1969 1896 ἐν·

372 1930 571 2001 τρέψαι
602 1931 846 1996 δύναται,
884 1933 1102 1994 πάντως
1116 1931 1453 2003 δυσωπῆσαι,
1484 1932 1579 1985 καὶ
1601 1929 1694 1983 τὸν
1744 1930 1967 1983 πάντων

373 2013 711 2084 ἀγριώτερον
738 2015 833 2067 καὶ
863 2015 1364 2087 ἀναισχυντότερον.

455 2136 659 2205 Ὁρᾶτε
681 2136 767 2206 μή
798 2153 888 2202 τις
918 2136 1108 2190 κακὸν
1145 2137 1279 2191 ἀντὶ
1334 2137 1526 2192 κακοῦ
1575 2154 1683 2189 τινι
1738 2132 1963 2199 ἀποδῷ.

372 2220 437 2274 Εἰ
488 2221 655 2274 κακὸν
716 2220 837 2273 ἀντὶ
896 2220 1067 2273 κακοῦ
1128 2221 1189 2273 οὑ
1251 2220 1359 2292 χρὴ
1408 2220 1741 2283 ἀποδιδόναι,
1784 2218 1965 2289 πολλῷ

378 2306 578 2375 μᾶλλον
605 2306 774 2359 κακὸν
805 2306 927 2359 ἀντὶ
966 2304 1194 2374 ἀγαθοῦ,
1229 2304 1408 2376 πολλῷ
1456 2304 1657 2376 μᾶλλον
1693 2303 1768 2374 μὴ
1828 2320 1965 2372 προ-

374 2389 717 2459 ὓπὰρξαντος
746 2388 943 2452 κακοῦ,
971 2387 1262 2442 ἀποδοῦναι
1290 2387 1480 2442 κακόν.
1525 2386 1664 2440 Ἀλλ’
1721 2387 1749 2436 6
1792 2385 1966 2453 δεῖνα,

373 2473 529 2543 φησὶ,
562 2473 797 2543 πονηρός
830 2473 968 2536 ἐστι,
1002 2472 1095 2525 καὶ
1119 2470 1382 2542 ἐλύπησε,
1405 2471 1499 2524 καὶ
1521 2470 1693 2524 πολλά
1728 2486 1795 2540 με
1846 2469 1963 2539 ἡδί-

378 2573 538 2626 κησε.
590 2555 782 2607 Βούλει
846 2554 1009 2608 αὑτὸν
1067 2554 1421 2625 ἀμύνασθαι;
1477 2554 1552 2625 μὴ
1605 2551 1963 2621 ἀνταποδῷς·

373 2640 533 2692 ἔασον
559 2636 930 2709 ἀτιμώρητον.
964 2633 1115 2708 Ἀρα
1177 2638 1342 2707 μέχρι
1390 2636 1625 2701 τούτους
1678 2633 1963 2704 Οὐδαμῶς.

387 2724 576 2775 Ἀλλὰ
605 2721 866 2774 πάντοτε
891 2721 957 2773 τὸ
988 2719 1216 2789 ἀγαθὸν
1241 2719 1504 2783 διώκετε,
1535 2719 1634 2773 καὶ
1662 2721 1749 2785 εἰς
1782 2716 1967 2785 ἀλλή-

374 2806 547 2869 λους,
578 2803 675 2856 καὶ
707 2804 797 2867 εἰς
824 2803 1079 2868 πάντας.
1133 2799 1281 2873 Αὕτη
1322 2802 1525 2872 μείζων
1561 2804 1595 2872 ἡ
1652 2800 1965 2871 φιλοσοφία,

379 2887 456 2959 μὴ
489 2886 648 2957 μόνον
689 2888 878 2949 κακοῖς
918 2886 993 2957 μὴ
1023 2884 1328 2956 ἀμύνεσθαι
1356 2885 1425 2939 τά
1456 2886 1623 2951 κακὰ,
1669 2886 1808 2939 ἀλλά
1832 2886 1968 2951 ἀγα-

378 2971 491 3031 θοῖς
523 2985 537 3002 ο
577 2968 716 3039 αῦτη
754 2970 862 3040 γάρ
888 2972 1035 3022 ἐστιν
1064 2968 1234 3031 ὅντως
1280 2969 1466 3038 ἄμυνα
1491 2968 1728 3040 κάκείνῳ
1762 2968 1968 3040 βλάϐην

376 3052 596 3122 ἔχουσα,
632 3053 726 3103 καὶ
760 3051 1029 3120 ὠφέλειάν
1071 3069 1155 3104 σοι
1178 3069 1191 3082 ·
1238 3052 1440 3117 μᾶλλον
1476 3052 1532 3104 δέ
1560 3052 1799 3123 κάκείνῳ
1838 3052 1969 3105 πολ·

376 3136 474 3205 λὴν
510 3135 610 3205 τὴν
647 3134 936 3201 ὠφέλειαν,
993 3134 1086 3188 ἐὰν
1124 3134 1272 3206 θέλῃ.
1321 3136 1432 3189 Καὶ
1495 3137 1582 3191 ἵνα
1619 3135 1694 3207 μὴ
1742 3136 1969 3207 νομίσῃς

376 3222 458 3275 ὅτι
498 3219 629 3291 περὶ
654 3220 763 3272 τῶν
799 3219 1005 3273 πιστῶν
1040 3220 1218 3291 μόνων
1246 3218 1408 3272 τοῦτο
1429 3220 1667 3291 εἴρηται,
1693 3219 1781 3273 διὰ
1810 3219 1970 3273 τοῦτο

378 3302 520 3357 εἷπε
563 3304 675 3357 Καὶ
704 3305 791 3369 είς
820 3302 1159 3371 ἀλλήλους,
1190 3302 1290 3357 καὶ
1315 3306 1404 3367 είς
1433 3302 1683 3369 πάντας.
1705 3302 1971 3357 Πάντοτε

379 3390 634 3457 χαίρετε.
682 3386 854 3440 Τοῦτο
902 3388 1031 3457 περὶ
1078 3388 1189 3439 τῶν
1240 3386 1566 3458 πειρασμῶν
1629 3386 1738 3440 τῶν
1791 3385 1970 3457 θλῖψιν

380 3470 775 3542 ἐμποιούντων.
819 3469 1071 3523 ’Δκούετε
1094 3509 1107 3533 ,
1141 3469 1254 3522 ὅσοι
1286 3470 1448 3541 πενίᾳ
1485 3469 1967 3541 περιπεπτώκατε,

379 3556 493 3609 ὅσοι
530 3556 794 3625 λυπηροῖς
814 3554 1135 3624 πράγμασιν
1155 3567 1170 3585 ο
1208 3552 1317 3607 ἀπὸ
1348 3552 1554 3606 τούτων
1587 3553 1696 3624 γὰρ
1726 3554 1873 3625 χαρά
1892 3554 1972 3607 τί-

381 3656 584 3693 κτεται.
611 3638 776 3691 Ὅταν
808 3638 916 3708 γὰρ
940 3636 1197 3705 τοιαύτην
1226 3635 1438 3707 ἔχωμεν
1460 3636 1665 3708 ψυχὴν,
1694 3637 1835 3691 ὥστε
1869 3655 1971 3708 μη-

380 3723 504 3776 δένα
530 3721 859 3790 ἀμύνεσθαι,
890 3720 1024 3775 ἀλλά
1050 3721 1258 3784 πάντας
1286 3722 1614 3791 εὐεργετεῖν,
1640 3722 1827 3790 πόθεν,
1850 3723 1970 3776 εἰπέ

385 3823 497 3877 μοι,
521 3805 583 3859 τὸ
612 3806 713 3876 τῆς
745 3805 920 3874 λύπης
953 3805 1178 3875 κέντρον
1220 3806 1599 3875 παρεισελθεῖν
1638 3807 1927 3879 δυνήσεται
1954 3826 1968 3875 ;

392 3889 451 3944 '0
482 3890 589 3959 γὰρ
624 3887 766 3941 οὕτω
788 3888 996 3959 χαίρων
1034 3887 1113 3958 τῷ
1139 3886 1336 3940 παθεῖν
1361 3890 1572 3956 κακῶς,
1594 3890 1671 3954 ὡς
1691 3893 1786 3945 κα)⁵
1812 3892 1971 3962 εὐερ-

381 3974 594 4044 γεσίαις
616 3972 918 4044 ἀμύνεσθαι
972 3971 1064 4025 τὸν
1126 3974 1469 4041 πεποιηκότα
1524 3974 1735 4038 κακῶς,
1806 3976 1971 4028 πόθεν

381 4058 670 4129 δυνήσεται
697 4055 987 4125 ἀνιαθῆναι
1015 4054 1233 4121 λοιπόν;
1268 4056 1379 4108 Καὶ
1407 4056 1525 4119 πῶς
1560 4052 1672 4110 οἶόν
1704 4074 1764 4110 τε
1792 4058 1970 4122 τοῦτο,

384 4143 584 4210 φησίν;
620 4140 719 4191 Ἂν
744 4139 1038 4209 ἐθέλωμεν,
1092 4138 1336 4193 δυνατόν.
1374 4137 1508 4192 Εἶτα
1554 4140 1647 4193 καὶ
1701 4139 1800 4213 τὴν
1854 4141 1974 4194 ὁδὸν

384 4224 621 4289 ἔδειξεν·
690 4222 1114 4288 Ἀδιαλείπτως
1173 4222 1608 4291 προσεύχεσθε,
1670 4223 1741 4277 ἐν
1790 4225 1973 4278 παντὶ

383 4305 790 4376 εὐχαριστεῖτε
835 4323 849 4337 ·
882 4306 1061 4359 τοῦτο
1086 4304 1198 4373 γὰρ
1255 4307 1487 4375 θέλημα
1525 4306 1693 4361 Θεοῦ.
1752 4307 1827 4360 Τὸ
1887 4308 1975 4361 ἀεὶ

384 4391 748 4462 εὐχαριστεῖν,
769 4388 927 4443 τοῦτο
945 4388 1235 4458 φιλοσόφου
1259 4388 1460 4459 ψυχῆς.
1514 4389 1755 4453 Ἕπαθές
1786 4407 1840 4443 τι
1878 4408 1976 4444 κα-

384 4477 480 4528 κόν
506 4492 521 4541 ;
566 4475 707 4529 Ἀλλ’
731 4475 824 4529 ἐὰν
848 4474 1028 4545 θέλῃς,
1063 4474 1164 4528 οὐκ
1195 4474 1311 4529 ἐστι
1338 4474 1506 4528 κακόν
1528 4491 1543 4507 ο
1583 4476 1974 4548 εὐχαρίστησον

384 4558 463 4628 τῷ
490 4558 632 4628 Θεῷ,
659 4556 755 4611 καὶ
793 4557 1097 4629 μετεϐλήθη
1127 4556 1188 4610 τὸ
1217 4558 1388 4611 κακὸν
1438 4559 1520 4622 είς
1562 4558 1766 4627 ἀγαθόν
1791 4576 1804 4588 ·
1850 4558 1974 4613 εἰπὲ

385 4645 480 4695 καὶ
517 4644 580 4695 σὺ
614 4642 691 4705 ὡς
742 4641 883 4695 Ἰώϐο
915 4640 1024 4709 Εῑη
1059 4640 1129 4694 τὸ
1162 4641 1352 4709 ὄνομα
1388 4644 1613 4710 Κυρίου
1642 4645 1973 4714 εὐλογημέ-

386 4743 499 4779 νον
522 4728 609 4792 είς
633 4725 777 4791 τοὺς
806 4724 1046 4790 αἰῶνας.
1081 4723 1148 4776 Τί
1204 4724 1336 4796 γὰρ,
1396 4726 1521 4779 είπέ
1577 4743 1691 4797 μοι,
1731 4727 1971 4782 τοιοῦτον

387 4809 694 4872 πέπονθας;
719 4810 873 4873 νόσος
902 4808 1213 4873 ἐπέπεσεν;
1244 4810 1360 4863 ἀλλ’
1383 4811 1537 4864 οὐδὲν
1565 4809 1716 4875 ξένον
1735 4827 1749 4841 °
1780 4811 1973 4880 θνητὸν

385 4888 497 4959 γάρ
522 4890 653 4959 ἡμῖν
681 4886 741 4939 τὸ
774 4887 935 4957 σῶμα
964 4887 1058 4940 καλ⁵
1088 4886 1351 4958 παθητόν.
1415 4889 1576 4943 Ἀλλά
1632 4891 1794 4944 πενία
1846 4908 1971 4944 συν-

385 4975 587 5044 ήντησε
617 4971 914 5043 χρημάτων
941 4988 960 5034 ;
988 4970 1125 5026 ἀλλά
1171 4974 1268 5026 καὶ
1293 4972 1467 5027 ταῦτα
1496 4975 1669 5045 κτητά
1705 4975 1800 5028 καὶ
1832 4977 1972 5031 ἀπό-

385 5073 583 5127 κτητα,
616 5057 711 5108 καὶ
740 5054 974 5108 ἐνταῦθα
1010 5054 1241 5124 μένοντα
1277 5095 1290 5110 .
1337 5055 1477 5110 Ἀλλ’
1532 5058 1818 5111 ἐπιϐουλαὶ
1877 5061 1972 5113 καὶ

388 5140 742 5209 συκοφαντίαι
758 5138 887 5208 παρ’
931 5136 1141 5209 ἐχθρῶν
1172 5154 1190 5201 ;
1216 5139 1330 5193 ἀλλ’
1350 5140 1449 5209 οὐχ
1472 5141 1631 5211 ἡμεῖς
1663 5142 1971 5213 ἠδικήμεθα

385 5226 443 5277 ἐν
471 5223 702 5287 τούτοις,
732 5222 847 5277 ἀλλ’
877 5223 1076 5274 ἐκεῖνοι
1106 5221 1156 5274 οἱ
1182 5223 1542 5292 πεποιηκότες
1568 5241 1582 5255 ·
1622 5225 1799 5293 Ψυχὴ
1838 5228 1969 5298 γὰρ,

385 5307 571 5377 φησὶν,
619 5309 657 5375 ἡ
691 5303 1139 5374 ἁμαρτάνουσα,
1200 5304 1355 5372 αὐτὴ
1409 5307 1508 5359 καὶ
1565 5308 1966 5364 ἀποθανεῖται.

386 5391 644 5461 ’Ἡμαρτε
675 5390 732 5443 δὲ
761 5390 859 5459 οὐχ
907 5390 935 5442 6
988 5387 1176 5441 παθὼν
1234 5388 1436 5454 κακῶς,
1500 5390 1617 5445 ἀλλ’
1658 5393 1686 5444 6
1737 5395 1970 5464 ποιήσας

386 5472 595 5535 κακῶς.
627 5473 702 5524 (ιὺ
730 5471 907 5524 τοίνυν
939 5471 1031 5523 τὸν
1085 5469 1426 5526 ἀποθανόντα
1480 5472 1784 5544 ἀμύνεσθαι
1839 5479 1965 5547 χρὴ,

385 5558 497 5609 ἀλλ’
526 5556 779 5626 εὔχεσθαι
813 5554 954 5626 ὑπὲρ
980 5554 1165 5619 αὑτοῦ,
1188 5555 1327 5609 ὥστε
1354 5557 1515 5611 αὐτὸν
1544 5558 1819 5623 ἐξελέσθαι
1870 5562 1964 5615 τοῦ

386 5640 640 5692 θανάτου.
692 5641 803 5708 Οὐχ
835 5640 996 5707 ὁρᾶτε
1028 5636 1127 5707 τὴν
1176 5637 1459 5707 μέλισσαν,
1518 5640 1599 5695 ὅτι
1656 5644 1966 5714 πλήττουσα

386 5722 794 5790 ἐπαποθνήσκει
816 5720 894 5790 τῷ
927 5720 1134 5791 κέντρῳ
1159 5736 1172 5784 ;
1209 5722 1286 5772 Δι’
1316 5723 1528 5776 ἐκείνου
1553 5723 1647 5778 τοῦ
1671 5726 1812 5791 ζώου
1847 5745 1967 5780 παι-

385 5803 529 5857 δεύει
565 5806 710 5874 ήμᾶς
737 5807 765 5857 6
815 5803 945 5866 Θεὸς
975 5802 1051 5873 μὴ
1107 5801 1292 5857 λυπεῖν
1330 5806 1455 5870 τοὺς
1497 5807 1722 5879 πλησίον
1748 5827 1761 5841 ο
1815 5811 1966 5863 αὐτοὶ

1050 375 1111 432 s.
1154 354 1437 431 .IOANNIS
1466 369 1957 431 cuanosrom
1994 368 2312 431 ARCHIEP.
2353 374 2900 437 CONS'I‘ANTINOP.

3543 391 3646 447 £338

2066 503 2084 575 ι
2106 503 2208 559 498
2232 504 2251 576 ]
2279 504 2386 574 γὰρ
2403 507 2494 561 τὸν
2518 508 2747 563 θάνατον
2766 508 3032 579 δεχόμεθα
3055 512 3328 583 πρότεροι.
3367 515 3636 579 Ἐκείνους

2064 595 2170 660 μὲν
2200 598 2306 663 γὰρ
2336 595 2660 665 πλήττοντες
2693 597 2821 660 ἴσως
2844 600 2979 669 πρὸς
3009 601 3203 670 μικρὸν
3254 601 3600 674 ἐλυπήσαμεν
3624 620 3639 635 °

2055 673 2212 755 αὐτοὶ
2259 676 2315 728 δὲ
2339 676 2521 729 οὐκέτι
2549 677 2846 749 ζησόμεθα,
2880 682 3131 755 καθάπερ
3186 684 3306 737 οὐδὲ
3356 673 3533 739 ἐκεῖνο
3577 688 3639 741 τὸ

2056 754 2212 819 ζῶον.
2250 759 2441 813 Καίτοι
2495 778 2558 828 γε
2608 763 2825 815 ἐπαινεῖ
2865 764 2998 818 αὑτὸ
3058 754 3108 836 ήί
3140 765 3331 838 Γραφὴ
3380 767 3631 837 λέγουσαο

2068 839 2165 905 Ὡς
2225 841 2460 910 ῲγάτις
2515 844 2693 899 ἐστίν
2720 861 2733 873 ·
2788 841 2858 916 ἧς
2919 848 3018 918 τὴν
3080 850 3340 920 ἐργασίαν
3408 852 3646 921 βασιλεῖς

2057 922 2382 978 καὶίδιὼται
2414 927 2551 997 πρὸς
2586 928 2796 997 ὑγίειαν
2835 932 3274 1003 προσφέρονται·
3333 935 3448 989 ἀλλ’
3491 937 3643 989 οὐδὲν

2058 1007 2228 1077 αὐτῆς
2257 1011 2582 1079 προΐσταται
2644 1014 2726 1076 εἰς
2759 1012 2820 1067 τὸ
2871 1014 2952 1085 μὴ
2999 1016 3311 1082 ἀποθανεῖν,
3371 1018 3508 1073 ἀλλά
3563 1020 3645 1073 δεῖ

2058 1088 2276 1153 πάντως
2299 1092 2614 1149 ἀπολέσθαι.
2654 1096 2716 1148 Εἰ
2748 1095 2804 1149 δὲ
2856 1097 3074 1168 ἐκείνην
3122 1099 3225 1153 οὐκ
3271 1098 3569 1171 ἐξαιρεῖται
3612 1103 3644 1170 ἡ

2058 1173 2219 1246 λοιπὴ
2280 1178 2565 1245 πλεονεξία
2634 1182 2894 1238 ποιοῦσαν
2942 1185 3125 1251 κακῶς
3150 1224 3165 1251 ,
3219 1186 3396 1258 πολλῷ
3449 1188 3647 1259 μᾶλλον

2059 1259 2226 1328 ἡμᾶς.

2130 1438 2199 1498 γ’.
2220 1431 2436 1503 Θηρίων
2454 1435 2563 1504 γὰρ
2589 1436 2755 1501 ὅντως
2782 1437 3204 1507 χαλεπωτάτων,
3234 1440 3313 1494 τὸ.
3339 1439 3563 1510 μηδενός
3585 1458 3643 1494 σε

2058 1513 2392 1581 ἀδικοῦντος,
2424 1518 2614 1589 ἄρχειν
2658 1520 2872 1584 ἀδικίας
2894 1534 2908 1549 ·
2933 1522 3133 1592 μᾶλλον
3162 1522 3219 1576 δὲ
3263 1524 3385 1577 οὐδὲ
3420 1522 3644 1595 θηρίων.

2074 1598 2290 1652 Ἐκεῖνα
2321 1601 2428 1671 γὰρ
2457 1601 2523 1655 ἂν
2552 1603 2699 1674 ἀφῇς
2727 1604 2821 1655 ἐπὶ
2853 1604 2953 1674 τῆς
2995 1607 3203 1676 ἐρήμου
3234 1608 3517 1678 νέμεσθαι,
3553 1611 3645 1661 καὶ

2061 1679 2138 1751 μὴ
2170 1685 2579 1754 στενοχωρήσας
2607 1687 2687 1749 είς
2708 1686 2956 1758 ἀνάγκην
2976 1689 3330 1762 καταστήσῃς
3347 1731 3362 1756 ,
3391 1690 3645 1744 οὐδέποτε

2058 1763 2399 1835 λυμανεῖται,
2430 1768 2555 1822 οὐτε
2596 1770 3043 1840 προσελεύσεται,
3076 1771 3202 1827 οὐτε
3234 1774 3474 1844 δήξεται,
3528 1774 3642 1829 ἀλλ’

2059 1849 2422 1909 ἀπελεύσεται
2466 1853 2568 1925 τὴν
2615 1856 2823 1909 οἰκείαν
2863 1856 3015 1909 ὁδόν·
3064 1857 3127 1910 σὺ
3161 1857 3216 1910 δὲ
3260 1858 3541 1930 ἄνθρωπος
3569 1859 3651 1912 ὢν⁴

2058 1933 2297 2002 λογικὸς,
2351 1940 2716 2011 τετιμημένος
2761 1942 2904 2013 ἀρχῇ
2951 1943 3191 2015 τοσαύτῃ
3247 1945 3345 1998 καὶ
3387 1948 3520 2015 τιμῇ
3551 1946 3647 1999 καὶ

2056 2018 2206 2090 δόξῃ,
2235 2020 2356 2073 οὐδέ
2377 2022 2446 2075 τά
2471 2023 2637 2095 θηρία
2665 2028 2805 2096 μιμῇ
2842 2026 2973 2095 περὶ
2997 2028 3124 2093 τοὺς
3152 2026 3482 2097 ὁμοφύλους,
3506 2029 3644 2083 ἀλλά

2058 2099 2147 2153 τὸν
2177 2100 2405 2172 ἀδελφὸν
2431 2106 2636 2170 ἀδικεῖς
2669 2108 2764 2162 καὶ
2789 2109 3139 2177 κατεσθίεις;
3174 2111 3285 2163 Καὶ.
3319 2111 3483 2165 πόθεν
3507 2113 3642 2164 ἀπο-

2057 2182 2390 2255 λογήσασθαι
2431 2188 2639 2263 δυνήσῃ
2665 2208 2683 2263 ς,
2726 2192 2829 2246 οὐκ
2875 2191 3095 2255 ἀκούεις
3125 2192 3336 2247 Παύλου
3366 2194 3637 2261 λέγοντος·

2056 2268 2159 2321 Διὰ
2185 2269 2238 2321 τί
2254 2270 2393 2339 οὐχὶ
2411 2270 2657 2339 μᾶλλον
2677 2274 3018 2338 ἁδικεῐσθε;
3043 2276 3141 2329 διὰ
3168 2278 3227 2329 τι
3251 2276 3388 2346 οὐχὶ
3405 2275 3645 2346 μᾶλλον

2055 2351 2528 2420 ἁποστερεῖσθε;
2559 2356 2700 2411 ἀλλ’
2729 2358 2902 2412 αὐτοὶ
2946 2358 3206 2413 ἀδικεῖτε
3240 2361 3340 2414 καὶ
3389 2361 3647 2415 ἀποστε-

2050 2434 2230 2502 ρεῖτε,
2263 2437 2366 2490 καὶ
2412 2437 2603 2493 ταῦτα
2630 2439 2960 2510 ἀδελφούς.
2998 2442 3184 2513 Ὁρᾷς,
3229 2444 3311 2497 ὃτι
3358 2445 3419 2497 τὸ
3462 2444 3647 2507 κακῶς

2056 2518 2253 2573 παθεῖν
2281 2522 2339 2573 ἐν
2354 2520 2432 2592 τῷ
2461 2522 2650 2587 κακῶς
2677 2524 2903 2595 ποιῆσαί
2932 2527 3071 2589 ἐστι,
3100 2525 3163 2578 τὸ
3183 2526 3239 2580 δὲ
3268 2524 3325 2582 εὖ
3358 2529 3550 2582 παθεῖν
3588 2531 3647 2581 ἐν

2054 2602 2131 2674 τῷ
2157 2604 2343 2667 κακῶς
2376 2606 2613 2671 παθεῖν;
2647 2609 2784 2662 Εἰπέ
2831 2610 2940 2682 γάρ
2988 2625 3108 2682 μοι·
3135 2610 3190 2663 ει
3228 2627 3313 2675 τις
3360 2613 3647 2687 λοιδοροῖτο

2053 2689 2169 2751 τοῖς
2200 2689 2481 2759 ἄρχουσιν,
2517 2694 2572 2747 εῖ
2595 2711 2678 2757 τις
2708 2694 2923 2763 ὑϐρίζοι
2967 2698 3096 2762 τοὺς
3136 2698 3496 2771 κρατοῦντας,
3526 2698 3646 2750 τίνα

2055 2771 2272 2839 ἀδικεῖς
2315 2774 2584 2846 ἐαυτὸν,ἢ
2617 2779 2894 2845 ἐκείνους;
2931 2780 3101 2851 Δῆλον
3146 2784 3231 2837 ὅτι
3272 2783 3485 2843 ἐαυτόν.
3514 2778 3648 2836 Εἶτα

2057 2853 2296 2925 ἄρχοντα
2344 2858 2444 2927 μὲν
2481 2862 2510 2913 ό
2541 2861 2801 2932 ὑϐρίζων,
2850 2863 2952 2917 οὐκ
2994 2866 3203 2919 ἐκεῖνον
3260 2867 3492 2937 ὑϐρίζει,
3530 2867 3645 2923 ἀλλ’

2057 2940 2272 3004 ἑαυτὸν,
2313 2944 2341 2994 6
2366 2942 2422 2994 δὲ
2446 2943 2735 3016 ἄνθρωπον
2762 2947 3021 3018 ὑϐρίζων,
3066 2951 3135 3006 δι’
3162 2951 3373 3005 ἐκείνου
3396 2952 3487 3004 τὸν
3513 2952 3557 3003 Χ
3566 2970 3648 3021 ρι-

2060 3024 2183 3076 στὸν
2224 3025 2323 3094 οὐχ
2368 3026 2617 3097 ὑϐρίζειε
2658 3029 2947 3101 Οὐδαμῶς,
3001 3034 3155 3104 φησί.
3189 3035 3254 3087 Τί
3292 3034 3499 3103 λέγεις;
3535 3036 3564 3087 6
3590 3034 3647 3086 δὲ

2057 3108 2155 3170 τὰς
2190 3108 2455 3178 βασιλέως
2506 3112 2724 3176 εἰκόνας
2779 3114 3038 3182 λιθάζων,
3084 3117 3208 3173 τίνα
3255 3118 3500 3182 λιθάζει;
3550 3119 3647 3187 οὐχ

2058 3192 2286 3260 ἑαυτόν;
2322 3189 2454 3246 Εἶτα
2492 3196 2541 3248 εί
2572 3208 2598 3236 ι
2642 3199 2671 3250 6
2709 3198 2897 3254 είκόνα
2943 3201 3043 3271 μὲν
3095 3201 3360 3271 βασιλέως
3404 3204 3647 3271 ἐπιγείου

2059 3273 2315 3341 λιθάζων,
2351 3278 2545 3332 ἐαυτὸν
2573 3280 2865 3335 καταλεύει
2889 3322 2904 3347 ,
2934 3283 3030 3337 τοῦ
3069 3285 3126 3339 δὲ
3156 3286 3396 3357 Χριστοῦ
3441 3287 3539 3357 τὴν
3564 3290 3645 3340 εἱ-

2061 3364 2196 3418 κόνα
2238 3367 2267 3418 ὁ
2311 3366 2548 3438 ὑϐρίζων
2601 3368 2912 3440 (ἄνθρωπος
2946 3371 3054 3443 γὰρ
3106 3372 3270 3427 εἰκὼν
3324 3373 3505 3440 Θεοῦ),
3552 3375 3649 3445 οὐχ

2060 3450 2255 3503 ἐαυτὸν
2309 3451 2521 3520 ἀδικεῖ;
2559 3454 2738 3525 Μέχρι
2765 3456 2895 3509 πότε
2943 3457 3241 3527 χρημάτων
3284 3458 3538 3528 ἐρῶμεν;
3587 3461 3646 3511 οὑ

2061 3533 2345 3605 παύσομαι
2376 3537 2485 3608 γὰρ
2514 3538 2697 3591 αὐτῶν
2728 3538 3014 3599 καταϐοῶν
3036 3556 3050 3571 ·
3076 3539 3250 3594 ταῦτα
3294 3543 3401 3610 γάρ
3432 3543 3648 3594 πάντων

2062 3614 2212 3666 αῖτια
2238 3614 2347 3669 τῶν
2376 3616 2585 3671 κακῶν.
2620 3617 2802 3688 Μέχρι
2824 3618 2971 3682 τίνος
2997 3618 3060 3672 οὐ
3109 3621 3457 3690 λαμϐάνομεν
3491 3621 3648 3691 κόρον

2060 3698 2158 3769 τῆς
2193 3698 2476 3770 ἀπλήστου
2508 3700 2716 3771 ταύτης
2762 3702 3091 3774 ἐπιθυμίας;
3136 3705 3190 3757 τί
3242 3705 3354 3775 ἔχει
3386 3704 3548 3758 καλὸν
3587 3705 3649 3757 τὸ

2062 3782 2323 3853 χρυσίον;
2367 3782 2789 3856 Ἐκπέπληγμαι
2838 3786 2934 3838 ἐπὶ
2987 3786 3064 3858 τῷ
3115 3789 3437 3857 πράγματι·
3479 3787 3647 3849 ὅντως

2061 3867 2289 3937 γοητεία
2324 3866 2406 3931 τίς
2444 3868 2562 3921 ἐστι
2609 3868 2671 3921 τὸ
2720 3870 2977 3940 πρᾶγμα,
3025 3870 3226 3941 χρυσὸν
3269 3872 3363 3925 καὶ
3406 3870 3647 3943 ἄργυρον

2062 3952 2317 4005 τοσούτου
2366 3952 2630 4023 τιμᾶσθαι
2662 3955 2795 4024 παρ’
2840 3955 2996 4023 ἡμῖν.
3028 3954 3149 4007 Τῶν
3180 3956 3280 4025 μὲν
3326 3950 3419 4009 οὖν
3457 3955 3645 4026 ψυχῶν

2064 4034 2222 4105 ἡμῶν
2268 4035 2443 4100 οὐδεὶς
2477 4039 2612 4109 ἡμῖν
2655 4035 2832 4106 λόγος,
2866 4037 3091 4109 ἀψύχων
3132 4038 3188 4091 δὲ
3222 4039 3444 4093 εἰκόνων
3474 4040 3643 4108 πολλὴ

2065 4118 2416 4189 ὴθεραπεία.
2456 4121 2629 4175 Πόθεν
2672 4121 2963 4193 ἐπεισῆλθε
3003 4122 3064 4176 τὸ
3110 4122 3324 4194 νόσημα
3370 4123 3528 4177 τοῦτο
3564 4126 3642 4177 οί-

2064 4202 2340 4273 κουμένῃς
2374 4204 2459 4267 τίς
2510 4203 2891 4276 ἐξολοθρεῦσαι
2933 4205 3064 4260 αὐτὸ
3119 4208 3440 4279 δυνήσεται;
3494 4210 3644 4270 ποῖος

2064 4286 2297 4356 ἐκκόψαι
2325 4287 2480 4355 λόγος
2521 4288 2583 4341 τὸ
2626 4289 2865 4360 χαλεπὸν
2903 4289 3063 4343 τοῦτο
3101 4291 3309 4361 θηρίον,
3367 4292 3463 4345 καὶ
3512 4309 3645 4343 παν-

2062 4369 2299 4441 ωλεθρίᾳ
2313 4369 2652 4441 διαφθεῖραι;
2682 4371 3041 4441 Ἐνέσπαρται
3069 4377 3189 4438 ταῖς
3213 4377 3320 4429 τῶν
3341 4375 3646 4446 ἀνθρώπων

2064 4452 2327 4517 διανοίαις
2374 4455 2408 4525 ἡ
2446 4455 2734 4525 ἐπιθυμία,
2782 4455 2878 4509 καὶ
2921 4454 3031 4507 τῶν
3073 4456 3374 4512 δοκούντων
3422 4457 3557 4512 εἶναι
3589 4460 3646 4510 ἐν

2064 4537 2344 4610 εὐλαϐείᾳ.
2385 4540 2777 4611 Αἰσχυνώμεθα
2812 4540 2906 4593 ἐπὶ
2943 4543 3059 4605 τοῖς
3089 4543 3465 4611 εύαγγελικοῖς
3506 4560 3648 4613 παρ-

2064 4622 2409 4693 αγγέλμασιν
2446 4626 2666 4696 ῥήματα
2713 4631 2889 4683 κεῖται
2918 4630 2977 4683 ἐν
3005 4633 3071 4701 τῇ
3106 4631 3297 4699 Γραφῇ
3349 4627 3527 4699 μόνον,
3556 4629 3649 4680 ἐπὶ

2066 4705 2123 4759 δὲ
2150 4706 2258 4759 τῶν
2299 4706 2479 4777 ἔργων
2519 4708 2758 4779 οὐδαμοῦ
2801 4710 3130 4769 δείκνυνται.
3191 4712 3353 4767 Ἀλλὰ
3383 4714 3465 4776 τίς
3491 4713 3520 4765 6
3560 4713 3648 4765 εὑ⁶

2067 4789 2362 4860 πρόσωπος
2389 4789 2499 4843 τῶν
2530 4790 2741 4845 πολλῶν
2775 4792 2959 4863 λόγος;
2996 4796 3192 4851 Παιδία
3221 4796 3349 4868 ἔχω,
3378 4798 3532 4868 φησὶ,
3554 4796 3649 4850 καὶ

2067 4874 2245 4951 αὑτὸς,
2274 4875 2488 4927 δέδοικα
2524 4874 2734 4945 μήποτε
2781 4877 2863 4941 είς
2900 4880 3147 4951 ἀνάγκην
3193 4881 3444 4933 καταστῶ
3489 4878 3647 4951 λιμοῦ

2068 4950 2331 5029 [ίθθῇιαὶ
2356 4958 2586 5025 ἐνδείας,
2623 4961 2836 5029 μήποτε
2867 4962 3070 5033 ἐτέρων
3102 4963 3301 5033 δεηθῶ⁹
3327 4950 3649 5035 αἰσχύνομαι

2070 5044 2330 5096 ἐπαιτεῖν.
2370 5043 2467 5097 Διά
2490 5042 2649 5096 τοῦτο
2680 5039 2772 5098 οὖν
2802 5045 2996 5109 ἄλλους
3038 5051 3212 5111 ποιεῖς
3255 5051 3534 5115 ἐπαιτεῖν;
3573 5049 3648 5101 Οὐ

2067 5125 2321 5197 δύναμαι,
2347 5128 2501 5197 φησὶ,
2555 5132 2766 5200 πεινῇν.
2795 5130 2895 5182 Διά
2932 5130 3091 5183 τοῦτο
3123 5128 3215 5185 οὖν
3245 5132 3466 5203 ἐτέρους
3495 5149 3653 5203 περι-

2068 5208 2286 5274 ϐάλλεις
2322 5210 2502 5281 λιμῷ;
2540 5207 2689 5275 οἶδας
2738 5214 2862 5267 ὅσον
2900 5214 3076 5267 δεινὸν
3107 5217 3165 5269 τὸ
3200 5217 3477 5277 ἐπαιτεῖνς
3528 5216 3653 5268 ὅσον

2066 5292 2145 5362 τῷ
2179 5293 2206 5332 b
2240 5294 2384 5364 λιμῴ
2408 5294 2768 5366 φθείρεσθαι;
2810 5301 2994 5366 φεῖσαι
3023 5301 3117 5353 καὶ
3144 5299 3252 5353 τῶν
3278 5299 3517 5367 ἀδελφῶν
3545 5297 3653 5349 τῶν

2070 5377 2201 5432 σῶν.
2232 5380 2478 5450 Αίσχύνῃ
2510 5383 2702 5450 πεινῇν
2722 5421 2735 5443 ,
2767 5382 2889 5435 εἰπέ
2924 5400 3033 5453 μοι,
3066 5383 3333 5452 ἁρπάζειν
3358 5383 3413 5435 δέ
3442 5382 3541 5435 οὐκ
3569 5383 3656 5434 al-

2068 5460 2272 5532 σχύνῃ;
2302 5462 2549 5525 δέδοικας
2588 5462 2732 5534 λιμῷ
2780 5464 3120 5534 φθείρεσθαι,
3153 5467 3379 5538 ἐτέρους
3405 5467 3461 5519 δὲ
3503 5465 3657 5534 φθεί-

2067 5559 2183 5612 ρειν
2218 5544 2275 5596 οὐ
2300 5544 2583 5611 δέδοικαςς
2628 5547 2824 5599 Καίτοι
2853 5548 2914 5600 τὸ
2952 5549 3051 5617 μὲν
3086 5553 3278 5622 πεινῇν
3306 5549 3429 5604 οὐδὲ
3467 5548 3660 5619 αἱσχύυ

2065 5645 2164 5697 νην
2194 5627 2328 5698 ἔχει,
2362 5628 2484 5682 οὐδέ
2519 5629 2774 5699 ἔγκλημα
2798 5649 2811 5660 ·
2849 5631 2909 5683 τὸ
2935 5632 2992 5683 δὲ
3036 5634 3258 5705 ἐτέρους
3308 5634 3657 5704 περιϐάλλειν

2128 5771 2149 5799 ε
2173 5768 2464 5833 coniunctio
2484 5771 2878 5833 etrexpungenda
2906 5772 3115 5822 videtur.

2132 5834 2153 5862 ο
2196 5832 2346 5880 Forte
2375 5832 2749 5882 rescribendum
2769 5835 2841 5883 τό.
