4114 6396
394 426 498 480 $57

394 549 517 594 cant
542 556 555 594 :
588 552 693 592 non
715 536 855 591 cnim
886 534 1127 591 ordinate
1148 534 1398 590 incedunt
1428 535 1480 587 in
1507 531 1642 596 acie,
1670 527 1764 586 sed
1791 540 1973 598 prave;

396 629 514 685 ideo
541 636 870 684 evertuntur.
922 626 1187 681 Caeterum
1232 635 1309 680 est
1366 624 1507 678 aliud
1554 635 1765 693 quoque
1811 631 1979 689 genus

397 722 662 776 nialorum
683 760 698 785 ,
734 736 838 774 non
872 719 977 774 tale
1018 718 1234 787 quidem
1260 757 1274 781 ,
1322 716 1415 770 sed
1454 716 1625 784 ipsum
1657 725 1870 782 quoque
1898 711 1978 763 vi-

399 814 550 877 tium,
580 827 773 881 nempe
817 811 1127 867 dissensio:
1160 824 1281 863 nam
1327 809 1442 877 ipsa
1484 821 1695 877 quoque
1736 804 1982 858 similiter

399 905 573 973 perdit
596 911 755 972 atque
781 901 1023 957 socordia
1054 909 1107 956 et
1128 899 1401 970 segnities.
1441 898 1541 964 Qui
1586 912 1691 952 non
1722 896 1823 951 fert
1854 911 1979 949 con-

399 993 696 1057 tumeliam,
718 1003 798 1047 est
820 992 993 1061 pusilli
1019 991 1183 1045 animi
1208 990 1329 1059 :qui
1358 1005 1461 1042 non
1488 987 1591 1042 fert
1614 987 1979 1051 tentationem,

399 1096 482 1142 est
511 1086 689 1155 pusilli
720 1085 883 1139 animi
918 1102 931 1137 :
967 1083 1053 1138 hic
1082 1092 1167 1138 est
1194 1083 1284 1153 qui
1327 1096 1485 1151 supra
1533 1092 1735 1150 petram
1778 1088 1859 1133 est
1899 1092 1984 1131 se-

401 1180 656 1231 minatus.
713 1177 807 1231 Est
855 1187 911 1231 et
953 1177 1097 1231 aliud
1142 1191 1347 1245 genus,
1399 1189 1590 1244 nempe
1639 1172 1981 1228 inﬁrmiuitis.

405 1270 681 1337 Suscipite,
707 1268 899 1338 inquit,
926 1269 1174 1337 inﬁrmos.
1195 1267 1439 1322 lnﬁrmos
1464 1266 1593 1321 dicit
1618 1266 1757 1320 circa
1786 1264 1941 1318 ﬁdem
1969 1281 1980 1315 :

404 1364 543 1417 circa
595 1361 741 1415 illam
784 1362 925 1415 enim
978 1360 1257 1414 infirmitas
1303 1372 1422 1413 esse
1466 1368 1661 1428 potest.
1711 1356 1814 1411 Sed
1869 1355 1986 1408 vide

406 1452 677 1521 quomodo
704 1466 810 1505 non
832 1451 974 1505 sinat
1000 1465 1097 1505 eos
1125 1450 1307 1505 haberi
1342 1448 1659 1518 despicatui.
1692 1446 1828 1501 Alibi
1857 1462 1988 1514 quo-

406 1558 511 1613 que
536 1542 780 1597 scribens
808 1540 1020 1596 dicebat
1044 1558 1057 1594 :
1083 1539 1327 1608 lnﬁrmos
1348 1541 1398 1593 in
1428 1540 1529 1608 ﬁde
1552 1538 1787 1608 suscipite
1811 1535 1986 1605 (Rom.

410 1636 500 1689 M.
533 1632 607 1704 l).
636 1632 847 1687 Etenim
873 1631 927 1686 in
974 1632 1173 1687 nostris
1215 1631 1529 1700 corporibus
1574 1628 1840 1683 infirmam
1866 1643 1989 1697 par-

413 1738 519 1781 tem
548 1741 653 1781 non
683 1726 907 1781 sinimus
935 1724 1133 1795 perire.
1169 1722 1425 1778 Patientcs
1450 1766 1463 1789 ,
1496 1723 1704 1793 inquit,
1738 1731 1897 1774 estote
1924 1719 1991 1773 ad

414 1835 605 1874 onmes.
638 1817 773 1885 Quid
800 1816 968 1887 ergo?
993 1815 1153 1871 etiam
1179 1831 1304 1886 erga
1338 1813 1707 1870 inordinatos?
1735 1811 1801 1866 Et
1840 1811 1993 1866 valde

414 1909 627 1978 quidem
664 1926 678 1962 :
707 1907 912 1961 nullum
936 1907 1077 1961 enim
1108 1906 1556 1960 medicamentum
1586 1902 1792 1957 doctori
1826 1903 1994 1970 magis

415 2017 574 2071 quam
603 2000 704 2055 hoc
731 1999 983 2055 convenit
1011 2016 1024 2052 :
1062 2000 1263 2053 nullum
1291 2007 1374 2054 est
1414 1996 1583 2067 magis
1624 2005 1803 2065 aptum
1831 1996 1878 2049 ei
1905 1993 1994 2063 qui

418 2102 567 2161 paret
597 2108 611 2146 :
644 2091 799 2161 plane
836 2100 1011 2161 potest
1038 2089 1296 2160 pudorem
1328 2090 1569 2144 incutere
1596 2088 1645 2143 ei
1676 2088 1875 2153 etiam,
1907 2087 1996 2157 qui

418 2192 502 2239 cst
530 2185 767 2239 omnium
799 2184 1101 2240 ferissimus
1119 2192 1175 2238 et
1201 2182 1715 2253 impudentissimus.

506 2277 632 2332 Vera
658 2278 781 2332 ultio
813 2293 943 2346 quia.
972 2306 1045 2319 --
1073 2277 1160 2332 15.
1205 2275 1375 2330 Videte
1419 2290 1481 2329 ne
1522 2276 1635 2345 quis
1684 2275 1871 2328 malum
1908 2289 2001 2344 pro

422 2370 557 2425 malo
585 2369 738 2425 alicui
765 2370 966 2424 reddat.
1008 2369 1064 2425 Si
1097 2370 1291 2423 malum
1320 2384 1416 2439 pro
1454 2369 1595 2424 malo
1638 2384 1743 2423 non
1774 2376 1855 2423 est
1883 2367 2003 2423 red-

423 2462 674 2525 dendum,
701 2461 872 2516 multo
888 2461 1065 2515 minus
1084 2462 1280 2515 malum
1304 2476 1400 2531 pro
1420 2461 1592 2525 bono;
1618 2460 1787 2515 multo
1812 2458 1999 2529 magis,

426 2556 469 2609 si
496 2554 697 2607 nullum
737 2554 882 2623 prius
925 2553 1086 2609 fuerit
1115 2554 1313 2609 malum
1338 2596 1353 2621 ,
1386 2568 1491 2609 non
1523 2563 1607 2609 est
1645 2554 1840 2608 malum
1881 2552 2005 2607 red-

426 2643 680 2698 dendum.
712 2644 818 2700 Sed
848 2646 970 2710 iste,
993 2645 1185 2715 inquit,
1208 2655 1291 2699 est
1311 2645 1605 2713 improbus,
1631 2653 1685 2699 et
1708 2659 1796 2699 me
1829 2644 2007 2699 multis

428 2736 605 2790 atl‘ccit
635 2736 861 2805 injuriis.
894 2736 986 2792 Vis
1024 2736 1171 2791 illum
1204 2735 1433 2791 ulcisci?
1474 2751 1543 2792 ne
1572 2737 1622 2792 ei
1660 2751 1759 2807 par
1788 2737 1898 2806 pari
1926 2752 2010 2789 re-

432 2827 571 2880 feras
604 2844 616 2880 :
649 2828 765 2881 sine
790 2826 945 2881 abeat
988 2826 1226 2897 impune.
1274 2828 1486 2883 Satisne
1533 2837 1615 2883 est
1658 2827 1761 2883 huc
1799 2828 2011 2898 usque?

432 2918 793 2988 Nequaquam.
828 2918 934 2973 Sed
964 2935 1158 2989 semper
1184 2920 1319 2990 qvod
1348 2921 1532 2975 bonum
1559 2930 1631 2975 est
1658 2922 1937 2985 sectamini,
1967 2928 2012 2973 et

434 3010 665 3076 invicem,
692 3019 737 3063 et
765 3011 819 3064 in
843 3026 1033 3065 omnes.
1064 3011 1189 3066 Haec
1210 3013 1381 3081 major
1410 3021 1495 3068 est
1520 3011 1879 3083 philosophia,
1909 3028 2013 3067 non

436 3104 606 3158 solum
653 3104 791 3157 mala
837 3104 994 3159 malis
1037 3120 1142 3159 non
1188 3105 1483 3174 rependere
1508 3146 1523 3171 ,
1551 3105 1644 3161 sed
1684 3106 1824 3162 bona
1857 3125 1870 3160 :
1902 3106 2017 3161 hzec

439 3195 582 3250 enim
606 3211 791 3252 revera
818 3206 900 3251 est
922 3198 1073 3259 ultio,
1097 3205 1153 3252 et
1181 3197 1258 3251 illi
1283 3196 1537 3253 damnum
1558 3196 1808 3264 aﬂerens,
1840 3206 1895 3253 et
1924 3198 2019 3252 tibi

440 3290 757 3353 utilitatem;
785 3291 892 3343 imo
918 3289 994 3343 illi
1013 3304 1228 3360 quoque
1258 3306 1504 3361 magnam
1524 3332 1539 3356 ,
1562 3292 1607 3346 si
1634 3292 1795 3356 velit,
1818 3290 2018 3346 utilita-

445 3390 573 3432 tem.
604 3380 672 3433 Et
718 3395 785 3434 ne
829 3380 1103 3436 existimes
1135 3382 1236 3436 hoc
1259 3380 1460 3437 dictum
1507 3397 1629 3439 esse
1672 3383 1741 3439 de
1774 3382 2022 3439 fidelibus

446 3471 640 3535 solum,
670 3480 949 3540 prepterea
977 3472 1142 3539 dicit,
1183 3471 1250 3525 Et
1279 3474 1521 3536 invicem,
1551 3484 1598 3527 et
1624 3476 1678 3528 in
1713 3490 1903 3528 omnes.
1938 3474 2019 3529 16.

450 3561 663 3630 Semper
687 3564 919 3633 gaudete.
960 3561 1072 3616 Hoc
1117 3562 1185 3617 de
1232 3563 1610 3618 lentationibus
1650 3580 1769 3630 qua:
1816 3565 2029 3634 pariunt

447 3650 813 3707 aftlictionem.
844 3652 1039 3707 Audite
1068 3653 1393 3724 quicumque
1428 3653 1694 3710 incidistis
1718 3657 1768 3709 in
1797 3671 2028 3726 pauper-

454 3746 639 3807 tatem,
665 3751 720 3798 et
741 3742 831 3812 qui
873 3743 926 3797 in
972 3758 1058 3798 res
1098 3744 1382 3810 adversas;
1424 3760 1490 3799 ex
1518 3746 1598 3799 his
1624 3747 1766 3800 enim
1798 3749 2032 3803 nascitur

452 3833 721 3902 gaudium.
748 3834 970 3903 Quando
1000 3836 1141 3889 enim
1172 3836 1272 3890 hoc
1299 3849 1484 3891 sumus
1516 3836 1715 3901 animo,
1744 3846 1802 3891 ut
1828 3839 2031 3893 nullum

457 3925 798 3991 ulciscamur,
816 3925 909 3979 sed
927 3941 1110 3980 omnes
1126 3924 1419 3982 afﬁciamus
1440 3926 1719 3994 beneﬁcio,
1742 3929 2032 3999 quomodo,

458 4030 661 4085 quaeso,
682 4017 874 4086 poterit
897 4018 1075 4072 subire
1096 4017 1341 4073 stimulus
1361 4017 1597 4073 doloris?
1624 4018 1725 4085 Qui
1745 4020 1887 4075 enim
1910 4018 2035 4075 dum

460 4108 599 4162 male
628 4108 857 4162 afﬁcitur
883 4109 963 4164 sic
1002 4110 1208 4164 laetatur
1234 4150 1249 4175 ,
1280 4118 1338 4164 ut
1365 4108 1638 4165 beneﬁciis
1668 4116 1729 4167 se
1755 4111 2037 4167 laedentem

463 4199 784 4264 ulciscatur,
819 4200 1085 4269 quomodo
1114 4200 1181 4257 de
1216 4212 1415 4257 cancro
1458 4204 1655 4273 poterit
1697 4219 1927 4260 maerore
1964 4204 2042 4260 af-

467 4291 589 4345 ﬁci?
620 4291 687 4345 Et
714 4292 983 4361 quomodo
1005 4302 1217 4363 potest,
1261 4294 1469 4364 inquit,
1503 4295 1605 4350 hoc
1633 4295 1792 4351 ﬁeri?
1832 4296 1885 4352 Si
1913 4298 2042 4352 veli-

468 4397 608 4449 mus,
652 4381 767 4436 ﬁeri
796 4392 993 4452 potest.
1042 4385 1249 4440 Deinde
1281 4388 1442 4441 etiam
1480 4387 1618 4441 viam
1654 4388 1924 4443 ostendit:
1952 4390 2038 4443 17.

469 4473 596 4528 Sine
657 4472 1023 4529 intermissione
1075 4486 1252 4542 orate;
1304 4477 1392 4532 18.
1461 4479 1518 4531 in
1572 4479 1802 4533 omnibus
1854 4481 2047 4550 gratias

470 4571 605 4641 agite
640 4586 661 4625 :
703 4574 809 4624 haec
853 4581 927 4625 est
968 4571 1104 4625 enim
1141 4573 1373 4627 voluntas
1414 4570 1533 4626 Dei.
1579 4573 1803 4642 Semper
1848 4575 2047 4643 gratias

471 4676 650 4731 agere,
680 4662 783 4717 hoc
820 4670 903 4717 est
929 4663 1088 4717 animi
1120 4662 1492 4733 philosophici.
1530 4663 1723 4719 Passus
1762 4678 1821 4719 es
1850 4663 2048 4734 aliquid

472 4753 637 4808 mali?
665 4752 768 4808 Sed
797 4754 842 4808 si
878 4755 1030 4819 velis,
1064 4769 1168 4809 non
1189 4764 1271 4808 est
1295 4757 1491 4809 malum
1523 4772 1537 4807 :
1570 4768 1668 4825 age
1694 4755 1804 4810 Deo
1827 4756 2045 4825 gratias,

473 4855 527 4900 et
554 4855 789 4898 mutatur
823 4844 1019 4899 malum
1061 4846 1115 4900 in
1160 4847 1359 4900 bonum
1392 4862 1405 4899 κ
1437 4845 1524 4901 die
1563 4854 1618 4900 tu
1661 4861 1873 4917 quoque
1913 4848 2053 4902 sicut

473 4934 576 4989 Job
605 4951 620 4989 :
650 4934 733 4990 Sit
758 4951 940 4991 nomen
966 4935 1172 4991 Domini
1193 4938 1505 4991 benedictum
1530 4938 1584 4991 in
1609 4937 1798 4992 amula
1837 4937 1957 5011 (Job
1996 4939 2048 4994 1.

474 5028 591 5099 2|).
633 5028 769 5095 Quid
796 5029 939 5084 enim
964 5069 980 5095 ,
1011 5028 1098 5083 die
1141 5028 1272 5083 mihi
1297 5071 1312 5094 ,
1358 5030 1463 5084 tale
1493 5044 1681 5099 passus
1720 5030 1818 5085 es?
1861 5031 2055 5087 invasit

478 5123 740 5177 morbus?
771 5123 865 5177 sed
894 5137 1001 5177 non
1030 5133 1108 5176 est
1149 5137 1343 5176 novum
1375 5137 1473 5178 nec
1505 5123 1771 5189 alienum;
1799 5133 1881 5178 est
1909 5126 2053 5179 enim

479 5214 633 5269 nobis
660 5228 855 5284 corpus
885 5214 1113 5269 mortale
1133 5224 1186 5267 ct
1216 5214 1453 5283 patibile.
1484 5215 1551 5268 At
1576 5213 1668 5268 tibi
1694 5214 1905 5270 accedit
1932 5231 2057 5287 ege-

430 5294 437 5311 “
481 5312 591 5359 stas
614 5304 896 5375 pecuniae?
923 5304 1017 5359 sed
1045 5320 1107 5360 ea
1134 5314 1189 5359 ct
1224 5305 1428 5374 acquiri
1457 5316 1511 5360 et
1544 5306 1716 5360 amitti
1746 5315 1920 5376 potest
1945 5351 1957 5373 ,
2004 5314 2060 5363 et

485 5398 572 5453 hic
616 5408 815 5453 manet.
859 5399 927 5453 At
963 5398 1057 5453 tibi
1098 5398 1317 5452 insidias
1367 5406 1623 5467 pararunt
1668 5399 1891 5464 inimici,
1922 5408 1977 5455 et
2006 5411 2061 5456 te

484 5498 609 5542 sunt
635 5489 942 5543 calumniati
963 5489 986 5541 ?
1011 5489 1107 5545 sed
1139 5504 1236 5542 nos
1273 5490 1324 5541 in
1354 5488 1438 5544 his
1468 5490 1713 5559 injuriam
1764 5508 1869 5546 non
1908 5507 2060 5547 acce-

486 5594 681 5649 pimus,
711 5580 804 5635 sed
847 5580 922 5634 illi
964 5581 1052 5649 qui
1100 5579 1341 5633 fecerunt
1373 5597 1387 5638 :
1417 5581 1600 5634 Anima
1637 5582 1778 5636 enim
1800 5624 1816 5648 ,
1849 5582 2057 5652 inquit,

488 5686 601 5739 qua:
634 5681 827 5737 peccat,
854 5671 967 5737 ipsa
1009 5672 1252 5725 morietur
1291 5669 1503 5737 (Ezech.
1548 5672 1635 5727 18.
1667 5672 1782 5743 20).
1822 5675 2067 5730 Peccavit

488 5778 666 5817 autem
696 5779 802 5818 non
826 5764 915 5834 qui
942 5764 1080 5818 male
1121 5773 1205 5818 est
1240 5778 1427 5833 passus
1452 5805 1468 5830 ,
1498 5765 1593 5820 sed
1628 5765 1719 5836 qui
1750 5768 1888 5821 male
1918 5767 2062 5823 fecit.

492 5855 625 5910 Eum
653 5873 780 5928 ergo
809 5857 897 5928 qui
935 5866 1020 5913 est
1057 5867 1302 5913 mortuus
1333 5872 1438 5913 non
1467 5869 1674 5929 oportet
1715 5862 1897 5917 ulcisci
1925 5906 1940 5930 ,
1971 5862 2065 5919 sed

1239 417 1304 474 ΙΝ
1344 414 1559 474 EPIST.
1602 414 1619 467 ι
1683 411 1773 466 AD
1811 404 2139 464 THESSAL.
2184 405 2335 461 CAP.
2380 405 2444 462 ν.
2488 405 2717 463 llOMlL.
2758 404 2829 462 Χ.

3570 407 3671 460 458

2086 537 2182 591 pro
2210 537 2277 576 eo
2312 536 2488 589 orare,
2524 530 2581 576 ut
2624 524 2737 591 ipse
2765 537 2795 577 a
2826 530 3000 578 morte
3052 521 3327 577 liberetur.
3354 521 3470 578 Non
3518 521 3670 578 vide-

2086 614 2153 667 tis
2200 613 2340 683 quod
2370 614 2483 683 apis
2514 614 2564 667 in
2604 612 2821 667 stimulo
2864 612 3155 666 moriatur?
3186 612 3287 668 Per
3327 612 3430 667 hoc
3470 614 3671 668 animai

2087 718 2187 758 nos
2212 704 2385 759 erudit
2421 705 2583 771 Deus,
2608 721 2674 759 ne
2704 704 3030 775 propinquos
3063 704 3305 759 molestia
3333 703 3631 759 afﬁciamus
3656 722 3668 757 2

2088 796 2186 867 ipsi
2217 799 2360 852 enim
2393 797 2539 865 prius
2568 806 2794 851 mortem
2826 797 3141 867 accipimus.
3170 796 3294 852 lllos
3318 796 3532 866 quidem
3566 795 3674 852 for-

2089 898 2231 943 tasse
2255 904 2441 958 parum
2466 889 2710 945 molestia
2742 888 3055 957 affecimus;
3088 889 3187 959 ipsi
3216 900 3393 942 autem
3423 904 3527 943 non
3558 906 3674 944 am-

2090 980 2225 1049 plius
2245 982 2508 1048 vivemus,
2537 983 2674 1035 sicut
2699 997 2797 1036 nec
2819 981 2949 1035 illud
2972 981 3190 1034 animal.
3218 982 3376 1051 Atqu:
3398 982 3672 1051 Scriptura

2090 1070 2141 1125 ld
2170 1072 2345 1127 laudat
2378 1072 2582 1137 dicens,
2619 1074 2787 1141 Quam
2813 1075 3069 1142 (φασιν-ἔτ
3089 1084 3157 1128 est
3188 1074 3300 1143 apis
3326 1090 3342 1128 :
3364 1076 3516 1142 cujus
3542 1090 3675 1144 opus

2090 1181 2243 1235 reges
2268 1176 2323 1221 et
2345 1166 2533 1236 privati
2556 1164 2621 1221 ad
2645 1167 2929 1221 sanitatem
2958 1166 3216 1221 adhibent
3244 1185 3254 1218 :
3287 1167 3378 1221 sed
3404 1167 3532 1220 nihil
3555 1181 3675 1219 eam

2092 1259 2320 1328 protegit
2350 1269 2408 1313 ut
2436 1275 2542 1313 non
2586 1259 2844 1313 moriatur
2867 1300 2882 1325 ,
2915 1259 3008 1314 sed
3041 1261 3260 1314 omnino
3293 1268 3476 1328 pereat
3506 1274 3675 1328 opor-

2094 1360 2185 1404 tet.
2216 1351 2269 1406 Si
2301 1366 2418 1405 eam
2445 1360 2624 1406 autem
2666 1352 2805 1407 male
2832 1350 3112 1406 facientem
3152 1368 3259 1406 non
3292 1353 3519 1408 liberant
3549 1354 3679 1407 reli-

2092 1458 2217 1512 qua.
2250 1442 2441 1512 quibus
2474 1443 2749 1514 praecellit,
2779 1444 2950 1498 multo
2977 1449 3144 1515 magis
3174 1462 3289 1500 nos.

2165 1536 2218 1589 5.
2234 1534 2488 1589 Ferarum
2507 1538 2647 1590 enim
2668 1538 3082 1591 smvissimarnnt
3101 1546 3184 1591 est
3205 1537 3356 1603 illud,
3376 1538 3538 1608 quod,
3555 1552 3676 1593 cum

2097 1628 2272 1681 nullus
2297 1640 2348 1682 te
2377 1628 2568 1697 injuria
2597 1627 2813 1695 aflieiat,
2838 1638 2890 1683 tu
2916 1629 3060 1699 prior
3086 1629 3331 1699 injuriam
3357 1630 3548 1695 facias;
3570 1632 3679 1685 imo

2099 1736 2167 1776 ne
2212 1720 2443 1775 ferarum
2489 1721 2706 1791 quidem
2751 1722 2880 1776 illud
2925 1734 3028 1777 ρει.
3057 1720 3189 1775 Nam
3235 1723 3277 1776 si
3327 1722 3445 1777 illas
3490 1723 3682 1778 siveris

2101 1813 2241 1881 pasci
2268 1811 2321 1866 in
2350 1811 2656 1878 solitudine,
2688 1821 2742 1867 et
2764 1829 2869 1867 non
2900 1814 2952 1867 in
2983 1813 3539 1883 angustumadduetas
3555 1816 3683 1869 ade-

2098 1904 2241 1973 geris
2270 1903 2335 1957 ad
2365 1906 2740 1960 necessitatem
2764 1945 2777 1969 ,
2808 1920 3095 1975 numquam
3136 1915 3186 1961 te
3226 1907 3422 1961 Ιιυάθιιῑ
3443 1947 3461 1974 ,
3509 1923 3683 1978 neque

2101 1995 2391 2062 accedent,
2436 2013 2608 2067 neque
2655 1997 3012 2063 mordebunt,
3063 1998 3159 2053 sed
3207 2000 3345 2054 viam
3384 2015 3537 2055 suam
3586 2002 3685 2055 ab-

2104 2087 2254 2142 ibunt
2285 2106 2297 2142 :
2333 2097 2386 2142 tu
2420 2100 2595 2143 autem
2621 2130 2636 2156 ,
2664 2105 2783 2144 cum
2826 2091 2901 2144 sis
2947 2089 3109 2145 homo
3156 2092 3364 2147 ratione
3407 2092 3682 2162 prseditus,

2106 2188 2358 2248 tantoque
2389 2179 2639 2248 imperio,
2674 2178 2880 2235 honore
2907 2191 2961 2235 et
2988 2181 3156 2251 gloria
3186 2191 3426 2249 ornatus,
3461 2199 3527 2236 ne
3549 2182 3691 2237 feras

2106 2270 2323 2341 quidem
2351 2271 2574 2325 imitaris
2604 2272 2654 2325 in
2685 2287 2778 2326 eos
2809 2273 2897 2342 qui
2929 2283 3053 2327 sunt
3083 2272 3324 2342 ejusdem
3356 2276 3567 2343 generis
3592 2314 3608 2339 ,
3640 2286 3695 2329 et

2110 2364 2325 2417 fratrem
2355 2362 2548 2432 injuria
2578 2362 2749 2417 afﬁcis
2780 2374 2835 2418 et
2864 2364 3091 2418 credis?
3133 2365 3197 2418 Et
3227 2366 3497 2435 quomodo
3523 2376 3573 2420 te
3600 2381 3695 2435 po-

2113 2459 2241 2512 teris
2277 2455 2612 2513 defendere?
2659 2473 2764 2512 non
2804 2458 2957 2512 audis
2987 2458 3206 2512 Paulum
3246 2459 3512 2513 dicentem
3548 2477 3560 2513 :
3592 2459 3698 2514 Cur

2112 2566 2211 2603 non
2243 2551 2408 2620 potius
2450 2550 2690 2619 iniuriam
2730 2548 2997 2619 accipitis?
3035 2565 3191 2619 quare
3231 2565 3332 2603 non
3361 2552 3521 2619 magis
3551 2552 3697 2622 {rau-

2114 2646 2227 2697 dem
2255 2642 2488 2715 patimini
2513 2643 2537 2696 ?
2567 2640 2673 2697 Sed
2693 2658 2778 2695 vos
2803 2642 3047 2712 injuriam
3067 2642 3234 2709 facitis
3255 2650 3299 2695 et
3322 2644 3573 2711 fraudatis
3605 2657 3621 2695 :
3646 2652 3692 2696 et

2116 2739 2210 2791 hoc
2236 2735 2480 2807 fratribus
2513 2734 2589 2804 (1.
2631 2733 2752 2789 Cor.
2785 2734 2837 2788 6.
2869 2734 2921 2788 7.
2952 2734 3032 2803 8).
3084 2733 3245 2788 Vides
3273 2733 3415 2802 quod
3462 2733 3512 2787 in
3562 2735 3701 2789 male

2117 2827 2359 2883 faciendo
2385 2828 2454 2881 sit
2478 2825 2617 2880 male
2645 2826 2750 2896 pati
2780 2867 2796 2893 ,
2837 2834 2892 2880 et
2922 2825 2974 2879 in
3002 2824 3140 2879 male
3170 2824 3421 2893 patiendo
3446 2825 3704 2880 beneﬁcio

2117 2921 2301 2976 afﬁci?
2342 2919 2501 2986 Nam,
2532 2920 2621 2974 die
2646 2934 2859 2990 quisse,
2894 2920 2938 2973 si
2969 2919 3087 2988 quis
3114 2919 3399 2973 maledicto
3430 2928 3707 2990 appeteret

2120 3008 2483 3083 magistratus,
2516 3012 2559 3065 si
2591 3012 2712 3081 quis
2740 3011 3066 3065 contumelia
3100 3010 3337 3065 afﬁceret
3368 3027 3461 3065 eos
3488 3011 3577 3081 qui
3605 3011 3703 3065 do-

2124 3106 2381 3160 minatum
2410 3103 2671 3168 obtinent,
2706 3103 2917 3158 cuinam
2946 3101 3071 3157 facit
3096 3102 3384 3171 injuriam?
3417 3103 3610 3168 sibine,
3640 3118 3707 3158 an

2124 3194 2268 3251 illis?
2300 3196 2393 3250 Est
2419 3195 2756 3266 perspicuum
2785 3194 2927 3264 quod
2956 3194 3056 3247 sibi
3083 3194 3261 3248 faciat.
3295 3194 3444 3250 Itane
3472 3196 3564 3265 qui
3594 3211 3709 3249 ma-

2126 3291 2403 3360 gistratum
2430 3288 2645 3359 quidem
2676 3286 2840 3341 afﬁcit
2868 3286 3188 3345 contumelia
3208 3328 3223 3353 ,
3256 3303 3364 3343 non
3396 3289 3542 3343 illum
3566 3328 3584 3356 ,
3615 3289 3711 3345 sed

2130 3383 2361 3451 seipsum
2389 3380 2713 3437 contumelia
2741 3378 2937 3443 afﬁcit;
2965 3379 3055 3449 qui
3076 3389 3252 3435 autem
3281 3379 3554 3436 hominem
3578 3396 3715 3437 con-

2133 3472 2347 3526 tumelia
2375 3470 2581 3537 afﬁcit,
2611 3470 2665 3524 in
2702 3470 2819 3539 ipso
2846 3469 3117 3525 Christum
3161 3486 3272 3525 non
3313 3469 3481 3527 afﬁcit
3528 3485 3717 3527 contu—

2134 3562 2329 3616 melia?
2361 3560 2726 3631 Nequaquam,
2756 3560 2947 3629 inquit.
2977 3560 3114 3629 Quid
3138 3560 3313 3616 dicis?
3337 3563 3429 3633 qui
3458 3565 3717 3634 imagines

2137 3652 2477 3723 Imperatoris
2505 3653 2709 3722 appetit
2734 3651 2999 3722 lapidibus
3019 3693 3035 3717 ,
3064 3666 3325 3722 quosnam
3352 3658 3555 3725 appetit
3584 3658 3719 3727 lapi-

2137 3744 2333 3802 dibus?
2360 3758 2537 3799 annon
2566 3742 2838 3813 seipsum?
2862 3743 2919 3798 Si
2945 3743 2990 3797 is
3013 3743 3105 3813 qui
3125 3744 3265 3813 regis
3292 3748 3561 3803 terrestris
3589 3748 3722 3804 ima-

2140 3840 2316 3911 ginem
2348 3835 2612 3907 lapidibus
2640 3835 2880 3905 appetit,
2912 3836 3147 3905 seipsum
3178 3840 3381 3907 appetit
3410 3837 3676 3909 lapidibus
3705 3858 3720 3895 :

2141 3931 2231 4003 qui
2256 3928 2453 3985 Christi
2488 3938 2669 3983 autem
2717 3925 3001 3997 imaginem
3043 3929 3367 3983 contumelia
3411 3930 3728 4003 afﬁcit(est

2142 4023 2285 4077 enim
2318 4019 2479 4075 homo
2508 4020 2599 4074 Dei
2626 4016 2844 4093 imago),
2873 4034 2981 4073 non
3013 4021 3247 4089 seipsum
3289 4021 3455 4076 afﬁcit
3490 4022 3727 4091 injuria?

2145 4110 2408 4180 Quamdiu
2441 4110 2692 4180 pecunias
2719 4108 3056 4165 amabimus?
3085 4125 3191 4164 non
3219 4111 3359 4166 enim
3387 4114 3611 4168 cessabo
3635 4114 3732 4169 ad-

2146 4216 2335 4258 versus
2359 4217 2451 4258 eas
2478 4201 2712 4257 clamare
2739 4218 2752 4254 :
2782 4199 2866 4255 hae
2893 4201 3036 4256 enim
3066 4210 3187 4255 sunt
3208 4203 3467 4258 malorum
3488 4205 3729 4260 omnium

2148 4306 2342 4352 causae.
2376 4296 2664 4363 Quousque
2711 4290 2853 4347 nulla
2903 4305 3002 4345 nos
3048 4292 3193 4362 capit
3241 4293 3459 4348 satietas
3488 4294 3731 4363 inexple-

2151 4388 2274 4443 bilis
2314 4386 2472 4455 hujus
2500 4382 2846 4454 cupiditatis?
2875 4383 3130 4453 quidnam
3160 4382 3370 4453 pulchri
3409 4383 3605 4441 bonive
3633 4385 3732 4441 ha-

2152 4480 2242 4535 bet
2264 4479 2488 4533 aurum?
2514 4478 2680 4531 Totus
2717 4475 2875 4545 plane
2902 4485 3093 4545 stupeo
3124 4496 3138 4528 :
3169 4474 3271 4531 hoc
3309 4475 3465 4546 plane
3490 4478 3734 4548 quaedam

2154 4582 2279 4628 sunt
2306 4570 2606 4641 prmstigiac,
2645 4582 2835 4623 aurum
2863 4576 2918 4623 et
2956 4578 3235 4639 argentum
3264 4584 3294 4622 a
3328 4570 3553 4627 nobisin
3587 4578 3737 4627 tanto

2156 4666 2363 4721 honore
2389 4662 2594 4718 haberi.
2627 4663 2800 4731 Atque
2828 4660 3124 4716 animarum
3164 4661 3380 4733 quidem
3426 4673 3735 4720 nostrarum

2156 4764 2256 4814 nos
2284 4757 2480 4811 nullam
2510 4753 2769 4808 habemus
2793 4752 3076 4818 rationem,
3103 4753 3369 4811 inanimas
3393 4766 3571 4812 autem
3603 4757 3741 4812 ima~

2157 4853 2310 4922 gines
2336 4846 2488 4902 valde
2531 4844 2778 4901 colimus.
2812 4844 3090 4900 Undenam
3129 4847 3315 4901 orbem
3349 4856 3504 4902 terra:
3546 4849 3743 4904 invasit

2160 4942 2248 4998 hic
2274 4936 2531 4995 morbus?
2558 4937 2676 5008 quis
2704 4951 2827 4991 eum
2858 4937 3051 5005 poterit
3069 4938 3472 4994 exterminare?
3494 4956 3743 5011 quaenam

2162 5035 2302 5091 ratio
2330 5032 2614 5087 immanem
2643 5027 2781 5082 hanc
2816 5027 3047 5082 belluam
3086 5028 3401 5085 exscindere
3447 5040 3503 5085 et
3532 5033 3742 5099 penitus

2163 5124 2345 5179 delere
2376 5120 2610 5192 poterit?
2639 5119 2799 5173 Insita
2838 5128 2921 5173 est
2948 5118 3001 5172 in
3046 5118 3242 5173 animis
3284 5119 3560 5174 hominum
3589 5124 3742 5191 cupi-

2165 5217 2323 5283 ditas,
2351 5216 2509 5270 etiam
2537 5229 2720 5268 eorum
2749 5213 2839 5283 qui
2866 5210 3113 5266 videntur
3150 5226 3270 5267 esse
3296 5213 3367 5282 pii
3395 5228 3459 5268 ac
3485 5215 3745 5284 religiosi.

2167 5308 2609 5379 Evangelicorum
2641 5320 2737 5360 nos
2766 5304 2961 5375 pudeat
2988 5313 3377 5375 praceptorum
3409 5323 3423 5359 :
3452 5309 3615 5361 verba
3640 5310 3745 5363 sita

2168 5410 2293 5457 sunt
2316 5399 2485 5455 solum
2511 5398 2562 5452 in
2589 5394 2883 5465 Scriptura,
2912 5390 3065 5448 factis
3084 5405 3262 5449 autem
3295 5410 3555 5465 nusquam
3582 5413 3749 5468 appa.

2169 5502 2312 5549 rent.
2344 5490 2449 5546 Sed
2474 5488 2600 5559 quid
2621 5488 2863 5557 speciose
2884 5485 3079 5540 dicitur
3103 5502 3132 5539 a
3164 5486 3343 5541 multis
3364 5487 3387 5539 ?
3407 5486 3591 5543 Habeo
3615 5531 3629 5552 ,
3661 5490 3746 5543 in-

2171 5588 2306 5654 quit,
2341 5584 2496 5649 ﬁlios,
2528 5590 2583 5636 et
2612 5589 2792 5634 metuo
2818 5594 2883 5633 ne
2911 5580 3025 5647 ipse
3050 5579 3260 5632 veniam
3293 5579 3344 5633 in
3374 5582 3748 5636 necessitatem

2173 5678 2329 5732 famis
2352 5685 2407 5729 et
2435 5674 2707 5744 egestatis,
2738 5688 2805 5727 ne
2834 5672 2952 5725 aliis
2981 5683 3165 5740 egeam
3194 5688 3208 5724 :
3240 5672 3401 5741 pudet
3430 5690 3517 5729 tne
3547 5678 3753 5730 mendi-

2174 5785 2317 5826 cnre.
2361 5769 2648 5838 Propterea
2675 5782 2805 5836 ergo
2835 5765 2964 5819 facis
3009 5776 3065 5818 ut
3107 5765 3194 5819 alii
3243 5767 3593 5823 mendicent?
3638 5769 3753 5823 Non

2180 5878 2419 5931 possunt,
2467 5861 2663 5931 inquit,
2692 5859 2916 5915 esurire.
2966 5859 3252 5927 Propterea
3295 5863 3431 5918 alios
3476 5864 3525 5917 in
3562 5863 3752 5917 famem
