4114 6396
363 346 466 403 439

362 458 621 532 conjicis?
646 458 763 517 Scis
792 470 949 529 quam
975 468 1135 527 grave
1163 453 1233 509 sit
1253 450 1581 517 mendicare,
1607 463 1764 520 quam
1786 458 1948 519 grave

366 553 504 607 fame
526 550 701 622 perire
717 549 743 601 ?
768 562 927 619 parce
953 544 1205 601 fratribus
1236 543 1361 598 tuis.
1392 540 1471 597 Te
1518 538 1682 611 pudet
1706 538 1947 604 esurire,

364 644 451 697 duc
476 640 627 706 mihi,
650 654 748 694 nec
779 647 831 693 te
852 636 1015 707 pudet
1039 636 1270 704 rapere?
1298 633 1454 688 times
1476 647 1542 686 ne
1569 628 1711 685 fame
1737 643 1947 699 pereas,

367 734 502 788 alios
523 741 701 787 autem
733 745 838 784 non
859 727 1063 783 vereris
1094 723 1395 796 perimere?
1416 722 1578 792 Atqui
1602 720 1808 776 esurire
1835 720 1951 789 qui-

367 826 490 881 dem
535 837 634 879 nec
659 821 917 892 probrum
961 818 1121 872 habet
1164 830 1262 869 nec
1291 815 1537 876 crimen;
1583 813 1636 867 in
1673 826 1738 866 ea
1776 819 1950 864 autem

367 918 502 972 alios
532 914 818 985 conjicere,
847 927 951 966 non
981 909 1151 965 solum
1182 906 1336 962 affert
1364 904 1638 975 probrum,
1670 900 1766 957 sed
1794 900 1955 956 etiam

371 1008 617 1062 ultimum
666 1002 1006 1074 supplicium.
1055 1000 1182 1055 Haec
1231 997 1411 1051 omnia
1464 1004 1588 1050 sunt
1631 1001 1955 1065 przetextus,

371 1099 532 1154 verba
562 1106 614 1152 et
646 1110 818 1167 nugae.
860 1093 992 1150 Nam
1023 1090 1168 1162 quod
1210 1090 1438 1145 ﬁliorum
1482 1101 1643 1144 causa
1693 1086 1809 1141 haec
1851 1100 1957 1139 non

375 1191 603 1255 faciatis,
636 1195 902 1244 testantur
922 1185 1013 1256 qui
1046 1182 1187 1238 ﬁlios
1208 1181 1425 1252 quidem
1456 1195 1561 1234 non
1590 1178 1825 1242 habent,
1862 1190 1961 1231 nec

377 1282 667 1344 habebunt,
696 1294 801 1335 nou
826 1292 981 1334 secus
1009 1285 1185 1332 tamen
1206 1282 1468 1329 vexantur
1484 1280 1537 1327 et
1560 1272 1755 1326 misere
1777 1277 1960 1339 agunt,

374 1382 430 1429 et
460 1380 634 1428 tantas
660 1370 1090 1441 complectuntur
1117 1365 1332 1422 divitias
1356 1405 1372 1431 ,
1427 1371 1654 1434 quantas
1686 1361 1729 1415 si
1757 1375 1848 1415 eas
1879 1374 1966 1414 re-

378 1464 552 1521 licturi
581 1470 765 1519 essent
789 1460 936 1516 mille
966 1458 1112 1514 ﬁliis.
1139 1455 1255 1513 Non
1282 1466 1366 1513 est
1395 1452 1699 1509 sollicitudo
1724 1452 1791 1507 de
1821 1450 1964 1517 ﬁliis,

377 1571 496 1627 qua:
541 1554 717 1611 reddit
766 1552 1008 1623 pecuniae
1059 1548 1316 1614 avidum,
1371 1545 1467 1602 sed
1520 1546 1740 1611 morbus
1779 1543 1966 1598 animi.

381 1647 671 1719 Propterea
698 1654 754 1701 et
772 1644 925 1700 multi
947 1643 1038 1715 qui
1063 1657 1168 1698 non
1198 1639 1397 1696 habent
1428 1638 1586 1702 ﬁlios,
1617 1638 1864 1693 laborant
1884 1638 1968 1691 in-

382 1753 514 1794 sano
539 1753 724 1795 amore
750 1736 989 1807 pecuniae
1021 1752 1035 1789 :
1067 1734 1159 1790 alii
1187 1742 1365 1789 autem
1396 1745 1735 1787 numerosam
1764 1728 1970 1785 haben-

383 1846 466 1890 tes
485 1832 747 1896 sobolem,
769 1830 930 1886 etiam
950 1842 1083 1900 quas
1109 1826 1311 1882 habent
1331 1824 1612 1880 facultates
1633 1822 1932 1893 despiciunt
1955 1839 1971 1879 :

385 1926 461 1983 illi
485 1926 536 1980 in
568 1924 662 1979 illo
686 1922 774 1978 die
802 1931 856 1976 te
882 1919 1229 1975 accusabunt.
1256 1917 1391 1972 Nam
1431 1916 1476 1972 si
1519 1923 1889 1985 susceptorum
1912 1911 1976 1967 ﬁ-

386 2017 582 2071 liorum
602 2012 894 2069 necessitas
905 2010 1011 2065 vim
1028 2008 1243 2064 afferret
1264 2006 1331 2062 ad
1348 2004 1679 2077 colligendas
1698 2003 1972 2075 pecunias,

387 2115 662 2179 oporteret
692 2105 815 2160 illos
838 2102 979 2158 idem
1009 2101 1208 2155 habere
1236 2097 1585 2163 desiderium,
1611 2095 1855 2152 eamdem
1883 2108 1978 2149 cu-

388 2199 664 2270 piditatem
684 2215 698 2251 :
722 2195 768 2251 si
796 2204 975 2251 autem
998 2208 1104 2247 non
1127 2191 1407 2255 habemus,
1441 2189 1686 2252 furimus,
1712 2201 1820 2242 non
1852 2200 1977 2256 pro-

390 2303 510 2365 pter
536 2291 768 2346 ﬁliorum
801 2286 1222 2350 multitudinem,
1250 2283 1343 2339 sed
1374 2291 1593 2353 prepter
1620 2280 1897 2334 avaritiam
1924 2286 1980 2334 et

392 2384 633 2454 pecunite
652 2380 1021 2451 cupiditatem.
1041 2378 1107 2434 Et
1130 2376 1348 2448 quinam
1369 2382 1516 2442 sunt,
1536 2373 1727 2446 inquit,
1746 2373 1836 2444 qui
1856 2387 1978 2428 cum

394 2479 520 2533 ﬁliis
565 2476 817 2548 pecunias
850 2472 1190 2544 despiciunt?
1218 2470 1412 2538 Multi,
1456 2477 1512 2525 et
1552 2468 1764 2524 crebro.
1811 2467 1867 2523 Si
1903 2467 1983 2521 vis

393 2580 593 2633 autem,
620 2567 793 2622 dicam
821 2566 984 2621 etiam
1012 2563 1080 2618 de
1121 2562 1413 2618 veteribus.
1458 2562 1653 2616 Annon
1689 2559 1855 2615 Jacob
1883 2558 1981 2611 ha-

394 2662 509 2718 buit
534 2659 818 2716 duodecim
866 2657 1044 2712 ﬁlios?
1074 2669 1255 2710 annon
1282 2654 1443 2708 vitam
1487 2653 1598 2723 egit
1623 2649 1984 2707 mercenarii?

394 2768 572 2808 annon
606 2750 795 2821 injuria
831 2748 1213 2805 afltciebatura
1234 2745 1464 2802 socero?
1491 2760 1616 2799 num
1661 2758 1884 2814 magnus
1920 2742 1983 2797 li-

397 2847 651 2901 berorum
691 2857 950 2898 numerus
997 2839 1176 2909 coegit
1215 2853 1337 2894 eum
1381 2846 1439 2892 ut
1464 2834 1605 2907 quod
1645 2850 1752 2891 nou
1802 2834 1986 2890 debuit

395 2946 613 3008 caperet
640 2934 967 2991 consilium?
996 2931 1131 3001 Quid
1162 2946 1293 2986 vero
1322 2928 1631 2984 Abraham?
1655 2943 1831 2983 annon
1859 2941 1981 2981 cum

396 3031 546 3086 Isaac
575 3030 711 3083 alios
736 3042 951 3098 quoque
978 3025 1175 3080 multos
1216 3023 1402 3079 habuit
1444 3022 1622 3077 ﬁlios?
1650 3022 1779 3091 quid
1817 3022 1983 3091 ergo?

398 3138 574 3177 annon
605 3136 668 3177 ea
697 3135 815 3190 quae
845 3117 1072 3172 habebat
1101 3114 1398 3185 peregrinis
1443 3112 1793 3183 possidebat?
1828 3111 1985 3167 Vides

398 3214 540 3285 quod
562 3228 665 3267 non
689 3210 864 3265 solum
891 3208 1138 3277 injuriatn
1163 3221 1269 3261 non
1297 3206 1543 3269 faciebat,
1567 3204 1660 3260 sed
1685 3204 1797 3258 suis
1823 3204 1982 3258 etiam

400 3309 557 3362 bonis
584 3304 832 3370 cedebat,
881 3318 989 3356 non
1033 3301 1212 3356 solum
1238 3300 1379 3355 bene
1409 3299 1615 3357 faciens
1638 3340 1653 3365 ,
1686 3298 1783 3354 sed
1821 3300 1983 3354 etiam

400 3413 495 3453 sua
521 3405 713 3466 sponte
741 3393 933 3463 injuria
962 3391 1188 3447 aﬁ’ectus
1220 3406 1249 3444 a
1284 3391 1394 3445 ﬁlio
1423 3388 1602 3447 fratris
1628 3390 1650 3443 ?
1678 3390 1811 3446 Nam
1858 3406 1987 3461 pro-

400 3506 520 3564 pter
556 3492 722 3548 Deum
752 3490 891 3545 ferre
915 3530 930 3555 ,
977 3487 1103 3542 dum
1134 3496 1221 3541 tua
1256 3485 1347 3541 tibi
1388 3486 1689 3555 rapiuntur,
1713 3485 1881 3540 multo
1907 3492 1991 3541 est

403 3586 575 3656 majus
601 3598 760 3653 quam
807 3580 946 3635 bene
991 3578 1188 3634 facere.
1218 3576 1435 3644 Quare?
1462 3576 1595 3631 Nam
1626 3576 1729 3632 hoc
1771 3576 1987 3647 quidem

402 3685 486 3732 est
516 3675 718 3730 fructus
764 3671 928 3725 animi
959 3679 1015 3725 et
1061 3668 1215 3723 liberi
1248 3667 1496 3734 arbitrii;
1546 3667 1692 3721 unde
1740 3667 1901 3721 etiam
1930 3665 1991 3722 ﬁt

404 3769 556 3825 facile
591 3785 604 3822 :
632 3764 762 3821 illud
791 3778 922 3818 vero
945 3773 1027 3818 est
1058 3760 1293 3816 insultus
1319 3770 1375 3816 et
1402 3760 1677 3823 violentia,
1704 3770 1759 3814 et
1782 3758 1991 3814 facilius

404 3858 667 3930 quispiam
699 3871 794 3910 sua
822 3862 1015 3924 sponte
1055 3851 1238 3907 decies
1265 3851 1414 3907 mille
1436 3850 1744 3920 prodegerit
1766 3851 1987 3919 talenta,

404 3962 461 4007 et
482 3948 818 4007 existimabit
848 3961 909 4001 se
955 3944 1089 3999 nihil
1115 3958 1281 4014 grave
1318 3957 1441 3999 esse
1466 3958 1684 4013 passum
1709 3983 1724 4008 ,
1755 3957 1915 4012 quam
1943 3941 1990 3997 si

405 4045 457 4098 ei
476 4043 643 4097 invito
664 4038 805 4110 rapti
829 4037 1031 4093 fuerint
1057 4045 1169 4091 tres
1199 4035 1366 4100 oboli,
1389 4036 1597 4105 placide
1619 4035 1773 4090 feret.
1794 4034 1993 4104 Quam-

406 4135 593 4189 ubrcm
642 4131 745 4185 hoc
786 4138 869 4185 est
900 4126 1069 4198 magis
1098 4127 1293 4181 anima:
1334 4125 1702 4197 pliilOSOphia.
1737 4126 1852 4184 Hoc
1890 4140 1990 4180 au-

409 4240 516 4283 tem
557 4224 804 4280 videmus
853 4220 1160 4276 Abrahamo
1206 4218 1525 4274 usuvenisse
1575 4234 1590 4273 :
1652 4216 1786 4272 Vidit
1822 4219 1990 4284 enim,

410 4319 601 4390 inquit,
633 4315 731 4370 Lot
751 4313 1084 4369 circumcirca
1110 4311 1262 4365 sitam
1291 4310 1547 4380 regionem
1566 4350 1581 4375 ,
1613 4320 1659 4363 et
1685 4309 1995 4381 irrigabatur

409 4416 537 4467 sicut
565 4408 836 4481 paradisus
862 4405 959 4461 Dei
984 4447 998 4470 ,
1029 4413 1074 4459 et
1100 4419 1211 4457 eam
1237 4403 1384 4473 elegit
1414 4399 1582 4474 (Ceu.
1626 4403 1713 4457 15.
1748 4403 1835 4459 10.
1879 4404 1992 4467 11).

412 4504 506 4559 llic
532 4511 710 4556 autem
740 4514 845 4553 non
880 4495 1227 4553 contradixit.
1272 4493 1437 4549 Vides
1481 4493 1625 4564 quod
1666 4509 1772 4549 non
1818 4495 1994 4550 solum

413 4610 521 4650 non
544 4591 773 4647 faciebat
795 4587 1069 4659 injuriam,
1098 4585 1192 4641 sed
1219 4585 1382 4641 etiam
1416 4585 1607 4653 injuria
1638 4584 1995 4642 afliciebatur?

411 4685 550 4755 Quid
578 4693 697 4738 tuos
747 4681 888 4735 ﬁlios
930 4693 1154 4734 accusas
1179 4719 1194 4743 ,
1254 4693 1288 4732 ο
1336 4677 1535 4732 homo?
1563 4677 1679 4732 Non
1713 4688 1996 4747 propterea

412 4777 568 4832 nobis
593 4776 733 4830 Deus
760 4771 908 4828 dedit
933 4771 1094 4834 ﬁlios,
1123 4780 1182 4824 ut
1210 4769 1383 4824 aliena
1415 4784 1748 4839 raperemus.
1770 4770 1906 4826 Vide
1928 4786 1996 4828 ne

415 4869 518 4922 hoc
545 4864 728 4920 dicens
760 4863 927 4917 Deum
964 4862 1165 4915 irrites.
1210 4859 1344 4915 Nam
1386 4861 1430 4915 si
1471 4862 1608 4916 dicis
1635 4876 1729 4916 eos
1754 4878 1875 4917 esse
1899 4864 1997 4919 tibi

413 4969 664 5015 auctores
692 4967 746 5012 et
785 4969 976 5011 causas
1002 4954 1207 5025 rapinae
1235 4964 1290 5009 et
1324 4954 1561 5009 avaritiae
1579 4997 1594 5019 ,
1630 4955 1795 5009 timeo
1822 4970 1890 5011 ne
1916 4956 1996 5012 eis

414 5052 664 5124 priveris,
694 5058 751 5103 ut
771 5048 864 5120 qui
887 5047 1083 5105 laedant
1107 5057 1162 5101 et
1186 5046 1526 5102 insidientur.
1558 5047 1702 5103 Deus
1726 5046 1874 5104 dedit
1899 5048 1995 5104 tibi

413 5144 555 5199 ﬁlios
580 5150 639 5197 ut
664 5142 739 5197 tui
765 5154 947 5195 curam
973 5146 1164 5209 gerant
1197 5138 1249 5193 in
1274 5148 1569 5204 senectute,
1598 5147 1657 5192 ut
1685 5138 1939 5195 virtutem
1964 5155 1995 5195 a

412 5248 468 5294 te
494 5237 724 5292 discant.

484 5332 538 5388 4.
578 5330 710 5386 Nam
741 5336 1021 5399 propterea
1048 5337 1216 5396 genus
1243 5321 1519 5379 hominum
1556 5323 1626 5377 ita
1657 5322 1798 5380 Deus
1824 5324 1996 5381 voluit

375 5410 735 5487 'cnnsistere,
783 5419 888 5474 duo
932 5417 1163 5472 maxima
1208 5428 1473 5485 apparatis
1503 5431 1515 5466 :
1548 5429 1711 5469 unum
1754 5416 1991 5486 quidem,

410 5526 591 5587 patres
637 5511 923 5582 magistros
960 5519 1014 5564 et
1053 5508 1302 5563 doctores
1343 5506 1715 5573 constituens;
1767 5508 1993 5563 alterum

411 5618 613 5671 autem,
666 5618 914 5674 magnam
957 5603 1277 5674 ingenerans
1332 5598 1695 5655 dilectionem.
1749 5601 1805 5655 Si
1849 5602 1993 5657 enim

413 5712 617 5753 temere
645 5698 991 5768 gignerentur
1019 5695 1287 5761 homines,
1315 5692 1498 5748 nullus
1536 5692 1797 5749 adversus
1831 5695 1994 5751 alium

411 5791 659 5850 affectum
692 5790 933 5848 haberet.
974 5789 1108 5847 Nam
1144 5791 1190 5848 si
1230 5803 1373 5847 nunc
1413 5809 1537 5851 cum
1582 5790 1688 5846 sint
1716 5802 1894 5863 patres
1941 5803 1995 5849 et

1152 339 1211 399 S.
1251 336 1528 396 JOANNIS
1560 332 2035 393 οιιιιγεοδτοιιι
2081 331 2397 388 ARCIIIEP.
2438 330 2973 390 CONSTANTINOP.

3542 335 3647 395 «ιω

2058 443 2153 499 ﬁlii
2178 454 2230 500 et
2255 454 2503 514 nepotes,
2528 444 2679 499 multi
2704 446 2901 500 multos
2921 461 3026 501 non
3049 455 3259 511 curant,
3287 445 3458 502 multo
3477 448 3648 518 magis

2053 548 2196 594 tunc.
2221 537 2507 608 Propterea
2536 539 2672 593 filios
2695 539 2788 595 tibi
2821 538 2968 595 dedit
2994 540 3135 595 Deus
3161 556 3257 596 'ne
3277 555 3498 597 accuses
3518 556 3646 612 ergo

2054 632 2213 686 ﬁlios.
2232 631 2288 686 Si
2309 641 2487 687 autem
2506 632 2540 685 ii
2559 631 2751 702 quibus
2768 642 2891 687 sunt
2908 633 3019 698 ﬁlii,
3041 634 3237 688 nullam
3254 633 3450 689 habent
3464 633 3649 688 defen-

2054 725 2260 780 sionem
2291 733 2348 780 et
2373 726 2792 790 excusationem,
2820 725 2855 779 ii
2886 726 2974 797 qui
3001 727 3175 781 nullos
3197 726 3417 792 habent,
3444 737 3500 781 et
3527 741 3651 781 cru-

2055 817 2264 872 ciantur
2279 817 2331 871 in
2346 815 2658 887 colligendis
2679 816 2898 881 divitiis,
2921 816 3171 886 quidnam
3193 816 3391 872 habent
3407 816 3545 886 quod
3563 816 3650 870 di-

2058 908 2224 962 cant?
2263 906 2370 963 Sed
2396 908 2430 961 ii
2458 922 2674 978 quoque
2702 907 2890 964 dicunt
2927 908 3127 980 aliquid
3161 908 3304 979 quod
3329 917 3475 963 caret
3505 909 3652 963 omni

2060 999 2390 1055 defensione.
2407 999 2669 1067 Quidnam
2682 1010 2857 1056 autem
2876 999 3101 1057 hocest?
3115 1001 3183 1057 Ut
3195 1017 3290 1071 pro
3302 1001 3442 1066 ﬁliis,
3461 1001 3651 1072 inquit,

2062 1092 2447 1147 monimentum
2479 1092 2768 1148 habeamus
2792 1093 3023 1149 divitias.
3054 1093 3220 1150 Plane
3249 1109 3337 1149 res
3377 1104 3462 1150 est
3497 1095 3653 1150 valde

2065 1185 2306 1239 ridicula.
2330 1185 2436 1240 Pro
2462 1186 2606 1253 ﬁliis,
2632 1187 2824 1256 inquit,
2851 1187 3043 1242 domus
3065 1188 3168 1243 erit
3197 1187 3512 1243 immortalis
3537 1202 3652 1242 me-

2068 1279 2236 1331 moria
2284 1277 2470 1348 gloria:
2509 1293 2662 1332 mete.
2706 1277 2820 1333 Non
2860 1288 2964 1334 tute
2995 1278 3216 1349 gloria,
3256 1292 3291 1333 o
3321 1277 3514 1344 homo,
3558 1277 3655 1332 sed

2068 1377 2174 1422 tuze
2202 1368 2438 1423 avaritiae
2462 1369 2566 1423 erit
2593 1370 2872 1425 memoria.
2896 1368 3012 1427 Non
3037 1369 3189 1425 vides
3211 1369 3481 1440 quomodo
3512 1383 3654 1424 nunc

2070 1459 2224 1515 multi
2258 1460 2548 1529 pratclaras
2585 1460 2776 1516 domos
2814 1461 3077 1517 obeuntes
3123 1461 3240 1516 haec
3284 1461 3469 1516 dicunt
3515 1461 3658 1517 inter

2071 1567 2131 1608 se
2164 1570 2178 1607 :
2209 1552 2380 1619 Quam
2407 1554 2572 1608 multa
2605 1554 2706 1610 iste
2732 1554 2934 1610 nefarie
2974 1554 3447 1610 circumveniendo
3474 1555 3659 1624 acqui-

2072 1643 2218 1705 sivit,
2245 1659 2405 1714 quam
2438 1645 2599 1699 multa
2629 1649 2802 1715 rapuit
2829 1654 2886 1700 ut
2911 1645 3052 1701 hanc
3080 1646 3299 1702 domum
3325 1647 3657 1702 aediﬁcaret?

2075 1742 2132 1789 et
2155 1750 2298 1790 nunc
2324 1735 2411 1790 ille
2445 1735 2664 1805 quidem
2700 1735 2873 1792 factus
2914 1746 2999 1793 est
3028 1738 3202 1805 pulvis
3229 1748 3284 1793 et
3327 1739 3500 1805 cinis;
3544 1740 3657 1809 ipsa

2078 1840 2205 1883 vero
2233 1825 2556 1882 hereditaria
2585 1836 2733 1883 sorte
2758 1828 2847 1884 alii
2877 1828 3087 1901 obtigit.
3118 1829 3234 1885 Non
3263 1842 3367 1884 tute
3396 1846 3525 1901 ergo
3546 1833 3661 1903 glo-

2075 1916 2191 1983 riae,
2239 1916 2334 1973 sed
2378 1918 2618 1974 avaritia:
2670 1919 2932 1990 relinquis
2973 1922 3307 1977 memoriam.
3362 1922 3430 1977 Et
3464 1937 3659 1992 corpus

2076 2008 2290 2079 quidem
2337 2020 2484 2065 tuum
2527 2010 2674 2066 humi
2710 2021 2790 2067 est
2835 2011 3149 2079 conditum;
3198 2014 3435 2073 avaritia:
3480 2026 3660 2071 autem

2078 2103 2412 2168 memoriam,
2436 2118 2554 2173 qua:
2574 2102 2925 2181 diuturnitate
2953 2104 3208 2175 temporis
3236 2104 3405 2161 latere
3431 2116 3663 2176 poterat,

2081 2209 2186 2248 non
2233 2194 2388 2261 sinis,
2419 2194 2512 2249 sed
2542 2203 2600 2249 ut
2647 2204 2867 2250 eruatur
2909 2205 2965 2251 et
2992 2196 3277 2252 eﬂodiatur
3318 2213 3416 2268 per
3442 2199 3661 2256 domum

2081 2284 2272 2340 efﬁcis.
2305 2286 2571 2353 Quamdiu
2600 2288 2746 2342 enim
2772 2303 2834 2342 ea
2863 2291 3071 2345 steterit
3110 2304 3141 2344 a
3189 2298 3241 2346 te
3269 2290 3470 2347 habens
3498 2292 3665 2347 deno-

2083 2375 2448 2440 minatinuem,
2481 2388 2534 2431 et
2561 2387 2647 2432 ttta
2686 2393 2807 2433 esse
2846 2378 3073 2445 dicatur,
3115 2380 3274 2450 plane
3319 2397 3540 2439 necesse
3580 2393 3664 2438 est

2083 2477 2141 2521 ut
2168 2469 2405 2522 omnium
2435 2484 2527 2524 ora
2572 2469 2829 2526 adversus
2861 2480 2913 2527 te
2942 2471 3052 2527 sint
3088 2481 3294 2544 aperta.
3335 2475 3492 2531 Vides
3516 2475 3660 2546 quod

2083 2562 2273 2615 melius
2299 2562 2369 2616 sit
2412 2562 2542 2616 nihil
2568 2563 2785 2624 habere.
2815 2578 2975 2633 quam
3004 2564 3164 2620 talem
3195 2566 3463 2623 sustinere
3507 2584 3665 2624 accu-

2084 2653 2393 2707 sationem?
2446 2653 2514 2707 Et
2558 2654 2672 2708 lucc
2720 2655 2936 2725 quidem
2991 2654 3077 2711 hic
3107 2674 3121 2711 :
3153 2656 3265 2711 illic
3302 2668 3479 2714 autem
3504 2699 3520 2723 ,
3579 2660 3666 2715 die

2085 2761 2289 2815 quaeso,
2322 2747 2447 2816 quid
2473 2746 2750 2808 faciemus.
2786 2756 2894 2803 tam
2923 2749 3211 2804 multorum
3241 2749 3537 2806 dominium
3581 2753 3668 2810 hic

2085 2838 2376 2907 assequuti,
2408 2852 2475 2893 ex
2519 2839 2583 2891 iis
2625 2849 2800 2893 autem
2846 2854 2967 2909 qua:
2995 2838 3276 2906 habemus,
3308 2842 3391 2898 vel
3422 2842 3553 2898 nihil
3581 2845 3666 2899 vel

2086 2944 2252 3000 pauca
2290 2929 2576 2984 admodum
2606 2930 2906 2999 impertiti?
2936 2931 3207 3001 quomodo
3231 2948 3350 3003 quae
3390 2934 3587 3003 injuste
3612 2945 3668 2991 et

2088 3036 2183 3088 per
2209 3020 2487 3074 avaritiam
2516 3036 2544 3073 a
2575 3022 2729 3075 nobis
2757 3030 2883 3076 sunt
2913 3023 3171 3092 acquisita
3199 3025 3502 3079 exuemus?
3532 3025 3665 3081 Nam

2086 3111 2176 3181 qui
2204 3110 2314 3165 vult
2340 3126 2498 3165 avare
2523 3113 2681 3180 parta'
2700 3127 2917 3178 exuere,
2943 3128 3048 3168 non
3074 3128 3239 3183 pauca
3260 3114 3353 3170 dat
3373 3131 3437 3171 ex
3465 3118 3666 3183 multis,

2087 3204 2179 3258 sed
2209 3204 2389 3257 multis
2419 3204 2657 3274 partibus
2686 3205 2833 3273 plura
2879 3205 2945 3261 iis
2974 3222 3092 3276 quae
3124 3208 3319 3281 rapuit,
3366 3218 3421 3263 et
3459 3208 3669 3264 desistit

2087 3310 2295 3363 rapere.

2160 3384 2347 3438 Contra
2376 3401 2459 3439 eos
2494 3386 2579 3456 qui
2622 3386 2791 3441 aliena
2830 3387 3060 3455 rapiunt.
3084 3418 3156 3427 —
3179 3388 3318 3443 Audi
3358 3390 3485 3459 quia
3530 3389 3672 3444 dicat

2088 3476 2395 3540 Zacclueus,
2446 3475 2512 3529 Et
2554 3492 2729 3530 eorum
2781 3493 2896 3545 qua:
2938 3478 3087 3545 rapui
3128 3479 3286 3533 reddo
3327 3482 3672 3551 quadruplum

2091 3567 2242 3637 (Luc.
2272 3568 2359 3623 19.
2383 3567 2463 3637 8).
2502 3567 2584 3623 Tu
2614 3576 2794 3622 autem
2822 3568 3003 3623 decies
3031 3568 3179 3624 mille
3208 3570 3423 3639 rapiens
3449 3572 3668 3636 talenta,

2090 3660 2133 3713 si
2159 3674 2353 3730 paucas
2379 3660 2463 3714 vix
2489 3659 2702 3715 dederis
2731 3659 3035 3727 drachmas,
3080 3670 3131 3716 te
3173 3671 3341 3717 totum
3373 3664 3673 3721 reddidisse

2090 3754 2388 3819 existimas,
2418 3763 2475 3807 et
2501 3754 2573 3808 ita
2600 3767 2660 3809 es
2697 3751 2919 3808 affectus
2946 3763 3217 3825 tamquam
3249 3755 3397 3825 plura
3432 3756 3671 3813 dederis.

2091 3848 2251 3918 Atqui
2272 3856 2483 3917 oportet
2504 3855 2560 3901 et
2585 3846 2674 3900 illa
2698 3846 2810 3916 ipsa
2836 3846 3084 3915 reddere,
3117 3857 3171 3902 et
3199 3864 3266 3904 ex
3290 3849 3354 3904 iis
3382 3865 3501 3920 qua:
3524 3851 3670 3906 domi

2093 3950 2197 3994 tua:
2239 3948 2366 3995 sunt
2410 3939 2513 3993 alia
2544 3939 2765 3995 addere.
2797 3940 2947 3995 Sicut
2974 3942 3116 3996 enim
3148 3940 3235 3997 fur
3273 3959 3381 3998 non
3425 3944 3512 3998 illa
3557 3944 3671 3999 sola

2092 4032 2324 4089 reddens
2362 4047 2423 4089 se
2450 4032 2709 4099 defendit,
2743 4032 2840 4089 se‘d
2866 4049 3011 4104 saepe
3037 4036 3199 4091 etiam
3230 4036 3379 4092 addit
3414 4038 3671 4104 animam,

2092 4139 2345 4195 saepeque
2388 4126 2632 4196 transigit
2680 4125 2839 4197 longe
2880 4127 3122 4196 pluribus
3163 4128 3350 4183 datis:
3383 4130 3457 4183 ita
3507 4131 3670 4185 etiam

2092 4230 2305 4271 avarus.
2340 4218 2548 4271 Avarus
2571 4216 2715 4270 enim
2740 4226 2826 4271 est
2851 4217 2933 4271 fur
2956 4226 3012 4272 et
3038 4217 3195 4285 latro,
3228 4219 3322 4274 illo
3370 4220 3537 4275 multo
3565 4236 3673 4276 sa:-

2094 4310 2211 4364 vior
2236 4320 2291 4365 et
2326 4311 2632 4375 immanior,
2656 4325 2764 4379 quo
2792 4311 2953 4366 etiam
2983 4311 3153 4382 magis
3179 4311 3387 4367 accedit
3410 4312 3478 4368 ad
3517 4324 3673 4369 natu-

2095 4419 2209 4458 ram
2243 4403 2475 4474 tyranni.
2498 4402 2632 4458 Nam
2661 4403 2752 4458 ille
2777 4403 3015 4473 quidem,
3046 4404 3186 4474 quod
3216 4415 3270 4460 et
3295 4405 3593 4462 clanculum
3617 4420 3675 4463 et

2097 4505 2255 4551 noctu
2280 4496 2638 4566 aggrediatur,
2668 4510 2736 4551 ex
2766 4496 2988 4551 audacia
3028 4497 3248 4552 sceleris
3291 4498 3515 4555 multum
3554 4515 3673 4554 am-

2098 4596 2269 4657 putat,
2317 4588 2493 4656 utqui
2541 4597 2596 4642 et
2638 4587 2922 4642 erubescat
2963 4597 3018 4643 et
3065 4588 3247 4644 timeat
3274 4604 3499 4660 peccare
3528 4608 3543 4645 :
3572 4593 3674 4647 iste

2096 4691 2274 4736 autem
2295 4695 2508 4736 omnem
2539 4696 2742 4736 exuens
2771 4681 3051 4751 pudorem,
3094 4684 3238 4737 nudo
3275 4684 3448 4753 capite
3475 4684 3527 4738 in
3554 4700 3672 4739 me-

2098 4771 2187 4825 dio
2216 4769 2333 4825 foro
2360 4771 2498 4826 bona
2526 4772 2766 4825 omnium
2809 4771 2969 4841 rapit,
3000 4781 3057 4825 ut
3086 4774 3174 4842 qui
3218 4773 3377 4827 simul
3406 4774 3474 4828 sit
3500 4774 3584 4828 fur
3611 4784 3669 4830 et

2101 4874 2357 4934 tyrannus
2385 4881 2398 4918 :
2428 4880 2534 4918 non
2558 4877 2740 4919 muros
2755 4862 2909 4926 fodit,
2935 4879 3039 4917 non
3064 4864 3334 4919 lucernam
3360 4866 3669 4936 exstinguit,

2099 4972 2203 5013 nec
2226 4957 2462 5012 arculam
2492 4957 2680 5027 aperit,
2714 4972 2813 5014 nec
2834 4957 3103 5027 signacula
3124 4959 3351 5021 evertit;
3380 4958 3473 5013 sed
3503 4959 3628 5029 quid
3650 4960 3676 5013 ?

2100 5050 2177 5106 Ea
2226 5049 2354 5106 facit
2399 5065 2518 5121 qua:
2565 5059 2692 5104 sunt
2738 5048 2821 5105 his
2864 5051 3557 5120 juveniliora:videntibus
3609 5053 3677 5109 iis

2098 5144 2292 5214 quibus
2319 5143 2378 5198 ﬁt
2400 5144 2611 5214 injuria,
2646 5160 2741 5214 per
2771 5154 2978 5213 portam
3005 5143 3170 5213 ejicit,
3205 5155 3454 5213 proterve
3493 5148 3675 5201 omnia

2098 5240 2289 5307 aperit,
2318 5239 2460 5307 cogit
2481 5237 2580 5295 hos
2606 5238 2749 5308 ipsos
2769 5252 2864 5293 sua
2892 5251 3162 5307 exponere
3186 5255 3199 5291 :
3229 5237 3363 5293 adeo
3384 5237 3676 5294 vehemens

2098 5338 2154 5382 et
2176 5342 2503 5397 exsuperans
2544 5337 2629 5383 est
2655 5329 2773 5397 ejus
2810 5327 3081 5382 violentia.
3126 5325 3231 5381 Iste
3258 5336 3342 5382 est
3376 5328 3483 5383 illis
3514 5329 3675 5400 longe

2099 5420 2358 5489 impurior
2378 5433 2440 5474 ac
2460 5420 2790 5484 sceleratior,
2817 5434 2923 5489 quo
2945 5428 3028 5473 est
3045 5418 3404 5489 impudentior
3421 5428 3477 5475 et
3505 5422 3677 5492 magis

2098 5514 2432 5587 tyrannicus.
2463 5512 2591 5568 Nam
2619 5512 2707 5583 qui
2733 5511 2858 5567 dolo
2886 5511 3101 5582 quidem
3128 5510 3327 5581 aliquid
3353 5522 3437 5567 est
3461 5527 3675 5582 passus,

2099 5606 2245 5662 dolet
2270 5605 2507 5676 quidem,
2545 5605 2639 5660 sed
2668 5620 2775 5659 non
2801 5619 3022 5675 parvum
3046 5603 3209 5660 habet
3234 5604 3507 5667 solatium,
3531 5606 3676 5675 quod

2100 5700 2190 5755 ille
2218 5701 2331 5771 ipse
2348 5700 2441 5771 qui
2467 5700 2656 5769 injuria
2682 5698 2847 5755 afﬁcit
2870 5700 3226 5765 extimescat;
3256 5700 3356 5754 iste
3380 5708 3557 5754 autem
3585 5702 3676 5769 qui

2102 5793 2240 5848 male
2269 5806 2477 5862 passus,
2520 5792 2681 5848 etiam
2705 5790 2977 5862 despectui
3010 5790 3255 5861 habetur,
3286 5792 3393 5848 vim
3422 5806 3489 5849 ne
3531 5789 3678 5848 ferre
