4114 6396
444 370 551 427 459

438 490 669 559 τούτοις,
708 490 808 545 οὐκ
838 488 1101 564 αἰσχύνην
1134 492 1314 564 μόνον,
1345 492 1482 547 ἀλλὰ
1510 494 1605 547 καὶ
1646 493 1866 549 κόλασιν
1899 496 2025 549 ἐπι-

437 572 592 646 φέρει
610 573 709 646 τήν
729 576 985 648 ἐσχάτην.
1011 576 1219 647 Σκῆψις
1242 576 1422 631 πάντα
1443 576 1617 631 ταῦτα
1639 577 1733 632 καὶ
1764 578 1911 647 λόγοι
1933 580 2028 633 καὶ

437 656 723 731 φλυαρίαι.
764 660 889 713 Ὅτι
919 660 1027 729 γάρ
1065 660 1127 713 οὐ
1151 661 1359 715 παίδων
1384 661 1572 715 ἐνεκεν
1609 660 1784 716 ταῦτα
1822 667 2028 719 ποιεῖτε

438 742 808 816 μαρτυροῦσιν
829 745 944 799 ὅσοι
964 746 1165 809 παῖδας
1191 746 1291 816 μὲν
1312 746 1411 800 οὐκ
1426 746 1641 818 ἔχουσιν
1669 747 1792 801 οὐδὲ
1820 749 2023 816 ἕξουσι,

435 825 728 882 κόπτονται
775 828 833 882 δέ
865 826 1009 883 οὕτω
1037 829 1133 883 καὶ
1180 828 1624 902 ταλαιπωροῦσι,
1658 831 1753 885 καὶ
1795 832 2026 887 πλοῦτον

436 911 875 983 περιϐάλλονται,
907 912 1031 966 ὅσον
1068 911 1135 966 ἂν
1164 914 1214 966 εἰ
1256 911 1469 985 μυρίοις
1500 909 1646 985 εἶχον
1698 915 2025 987 καταλεῖψαι

434 995 643 1050 παισίν.
679 996 793 1051 Οὐκ
825 997 942 1050 ἐστι
974 995 1181 1050 παίδων
1211 996 1432 1068 φροντὶς
1459 997 1493 1067 ή
1534 996 1763 1052 ποιοῦσα
1804 1017 2025 1071 χρημα-

430 1078 695 1143 τιστικὸν,
720 1078 855 1133 ἀλλά
874 1079 1055 1151 ψυχῆς
1080 1079 1251 1144 νόσος.
1281 1080 1383 1133 Διά
1406 1080 1614 1151 ταύτην
1641 1081 1736 1135 καὶ
1755 1083 1855 1135 οὐκ
1871 1083 2021 1153 έχον-

429 1178 521 1225 τες
553 1162 748 1227 παῖδας
783 1162 972 1217 πολλοὶ
1003 1162 1287 1235 μαίνονται
1310 1163 1400 1218 διὰ
1424 1162 1496 1217 τά
1519 1166 1780 1236 χρήματα
1802 1181 1815 1195 ⁸
1844 1166 2023 1240 ἕτεροι

425 1245 485 1299 δὲ
517 1249 577 1299 ἐν
623 1248 956 1320 πολυπαιδίᾳ
1000 1246 1223 1314 ζῶντες,
1262 1248 1495 1302 καὶτῶν
1536 1249 1706 1304 όντων
1746 1268 2024 1323 καταφρο-

426 1329 609 1384 νοῦσιν
640 1347 655 1362 ·
707 1331 906 1386 ἐκεῖνοί
964 1348 1059 1384 σου
1108 1333 1575 1404 κατηγορήσουσιν
1625 1334 1684 1387 ἐν
1736 1335 1921 1406 ἐκείνῃ
1952 1339 2019 1407 τῇ

426 1414 631 1487 ήμέρᾳ.
674 1414 739 1470 Et
769 1414 879 1485 γάρ
919 1416 951 1485 ἠ
981 1414 1089 1469 τῶν
1127 1417 1333 1469 παίδων
1364 1416 1578 1487 ἀνάγκη
1619 1418 1757 1488 πρὸς
1784 1417 1884 1490 τὴν
1910 1418 2021 1473 τῶν

427 1492 1014 1570 χρημάτωνέϐιάζετο
1060 1500 1351 1574 συλλογὴν,
1391 1502 1560 1574 ἐχρῆν
1611 1504 1901 1569 κάκείνους
1926 1505 2019 1561 τὸν

422 1583 587 1637 αὐτὸν
622 1584 769 1654 ἔχειν
796 1585 981 1649 πόθον,
1010 1584 1112 1657 τὴν
1153 1586 1327 1657 αὐτὴν
1374 1586 1673 1657 ἐπιθυμίαν
1697 1602 1711 1619 ο
1740 1590 1790 1643 εί
1818 1588 1877 1643 δὲ
1918 1591 2019 1644 οὐκ

422 1666 660 1738 ἔχουσιν,
685 1667 786 1722 οὐκ
813 1667 923 1722 άπὸ
940 1668 1049 1739 τῆς
1088 1669 1448 1735 πολυπαιδίας
1467 1710 1483 1736 ,
1517 1670 1635 1725 ἀλλ’
1668 1673 1777 1727 ἀπὸ
1802 1676 1903 1743 τῆς
1928 1690 2017 1743 φιο

422 1749 803 1823 λοχρηματίας
833 1752 1159 1824 μαινόμεθα.
1197 1754 1309 1808 Καὶ
1357 1755 1503 1819 τίνες
1551 1756 1687 1823 εἰσὶ,
1722 1757 1912 1828 φησὶν,
1965 1760 2015 1812 οί

426 1835 566 1905 μετά
588 1834 796 1890 παίδων
818 1838 1291 1909 καταφρονοῦντες
1319 1839 1621 1910 χρημάτων
1643 1859 1657 1905 ;
1688 1842 1900 1907 Πολλοὶ,
1919 1846 2015 1897 καὶ

422 1918 693 1990 πολλαχοῦ
717 1936 731 1951 ⁸
766 1920 815 1972 εἰ
861 1919 920 1973 δὲ
955 1919 1157 1989 βούλει,
1189 1922 1285 1975 καὶ
1329 1923 1422 1975 ἐπὶ
1466 1924 1576 1976 τῶν
1601 1924 1849 1978 παλαιῶν
1879 1926 2011 1996 ἐρῶ.

420 2000 556 2072 Οὐχὶ
603 1999 814 2058 δώδεκα
858 2004 1056 2068 παῖδας
1084 2002 1230 2075 εἶχεν
1268 2006 1298 2058 6
1338 2006 1561 2069 Ἰακώϐ;
1604 2008 1726 2078 οὐχὶ
1768 2009 1862 2061 τὸν
1901 2010 2012 2064 τῶν

419 2084 757 2155 θητευόντων
787 2084 884 2155 ἔζη
931 2086 1047 2157 βίον
1072 2104 1089 2153 ;
1119 2087 1221 2142 οὐκ
1257 2088 1495 2159 ήδικεῖτο
1524 2092 1677 2162 παρὰ
1707 2091 1802 2145 τοῦ
1859 2093 2014 2164 κηδεο

418 2167 584 2233 στοῦ;
616 2167 740 2238 οὐχὶ⁵
772 2168 1037 2234 πολλάκις
1078 2170 1243 2225 αὐτὸν
1285 2171 1556 2244 ήθέτησε;
1598 2174 1674 2246 μὴ
1700 2176 2011 2246 ἠνάγκασεν

416 2252 638 2325 αὐτὸνή
669 2253 1000 2309 πολυπαιδία
1033 2254 1385 2324 βουλεύεσθαί
1413 2273 1467 2310 τι
1496 2257 1606 2311 τῶν
1640 2258 1714 2330 μή
1738 2258 2005 2326 δεόντων;

415 2336 482 2390 Τί
517 2336 573 2390 δὲ
601 2339 630 2391 6
674 2337 962 2410 Ἀϐραάμ;
991 2339 1110 2409 οὐχ).
1136 2338 1275 2410 μετά
1311 2339 1406 2394 τοῦ
1451 2341 1635 2396 Ἰσαάκ
1665 2343 1759 2396 καὶ
1786 2344 2009 2414 ἐτέρους

415 2419 645 2483 πολλοὺς
672 2416 786 2491 εἶχε
808 2421 1004 2485 παῖδας
1032 2437 1047 2487 ;
1072 2421 1125 2474 τί
1151 2416 1281 2489 οὖν;
1308 2423 1431 2494 οὐχὶ
1457 2428 1571 2487 τοῖς
1595 2424 1766 2490 ξένοις
1788 2426 1856 2480 τά
1874 2427 2009 2481 ὄντα

414 2501 708 2573 ἐκέκτητο;
754 2504 937 2577 Ὁρᾷς,
969 2506 1052 2558 ὅτι
1078 2505 1141 2559 οὐ
1183 2505 1344 2576 μόνον
1372 2507 1473 2561 οὐκ
1499 2508 1701 2578 ήδίκει,
1733 2508 1873 2563 ἀλλὰ
1908 2509 2007 2562 καὶ

412 2584 525 2638 τῶν
569 2585 740 2643 ὄντων
788 2587 1124 2661 παρεχώρει,
1170 2589 1275 2643 οὐκ
1299 2584 1360 2644 εὖ
1413 2590 1585 2644 ποιῶν
1638 2591 1822 2660 μόνον,
1869 2591 2006 2645 ἀλλὰ

418 2668 515 2723 καὶ
535 2670 859 2742 αἱρούμενος
898 2671 1207 2727 ἀδικεῖσθαι
1233 2673 1387 2743 παρὰ
1410 2673 1505 2727 τοῦ
1534 2673 1854 2744 ἀδελφιδοῦς
1895 2674 2003 2729 Τοῦ

416 2754 528 2822 γάρ
552 2750 611 2807 εὖ
648 2756 824 2809 ποιεῖν
865 2754 927 2809 τὸ
977 2756 1165 2826 φέρειν
1206 2756 1589 2828 ἁρπαζόμενον
1630 2757 1719 2811 διὰ
1756 2758 1848 2811 τὸν
1872 2757 2004 2811 Θεὸν

413 2835 594 2908 πολλῷ
622 2836 808 2907 μεῖζόν
848 2840 985 2892 ἐστι.
1032 2839 1133 2893 Διά
1162 2839 1253 2904 τί;
1285 2839 1411 2894 Ὅτι
1439 2839 1502 2894 τὸ
1544 2839 1645 2910 μὲν
1674 2840 1852 2911 ψυχῆς
1883 2842 2002 2895 ἐστι

414 2921 630 2991 καρπὸς
664 2922 756 2975 καὶ
794 2922 1190 2993 προαιρέσεως,
1217 2921 1339 2975 ὅθεν
1370 2923 1465 2977 καὶ
1496 2923 1735 2987 εὐκόλως
1767 2924 1999 2991 γίνεταυ

411 3004 574 3059 τοῦτο
602 3004 659 3059 δὲ
701 3007 933 3077 ἐπήρεια
972 3006 1067 3059 καὶ
1101 3006 1213 3077 βία.
1256 3007 1368 3061 Καὶ
1406 3007 1774 3081 εὐκολώτερον
1812 3009 1876 3063 ἀν
1914 3026 1999 3072 τις

414 3086 586 3157 μυρία
611 3088 832 3159 πρόοιτο
861 3089 1098 3143 τάλαντα
1125 3088 1288 3153 ἐκὼν,
1311 3090 1405 3143 καὶ
1428 3090 1579 3143 οὐδὲν
1604 3093 1873 3163 ἡγήσεται
1900 3109 1995 3144 πε-

409 3169 664 3225 πονθέναι
698 3170 893 3236 δεινὸν,
924 3172 957 3242 ἦ
993 3175 1144 3242 τρεῖς
1167 3172 1390 3236 ὀϐολοὺς
1426 3173 1699 3244 ἀρπαγεὶς
1726 3176 1822 3228 καὶ
1848 3174 1998 3243 παρᾶ

406 3252 653 3325 γνώμην,
684 3254 821 3309 οίσει
852 3256 1061 3325 πράως.
1098 3255 1262 3307 Ὥστε
1305 3255 1465 3308 τοῦτο
1516 3256 1809 3328 φιλοσοφία
1860 3259 1997 3328 μᾶλ-

407 3334 498 3389 λον
557 3338 757 3408 ψυχῆς.
820 3339 930 3391 Kal
990 3338 1147 3392 τοῦτο
1192 3338 1409 3409 ὁρῶμεν
1475 3339 1697 3407 γεγονὸς
1752 3342 1846 3394 ἐπὶ¹
1898 3342 1992 3394 τοῦ

420 3419 675 3491 ⁹Δϐραάμ
700 3435 715 3450 ⁸
752 3416 893 3474 Εἷδε
918 3421 1049 3492 γάρ,
1076 3421 1259 3491 φησὶν,
1276 3422 1392 3488 τὴν
1410 3422 1747 3491 περίχωρον
1774 3427 1807 3478 ό
1839 3424 1989 3489 Λὼτ,

404 3504 504 3558 καί
531 3499 614 3575 ἦν
634 3503 1006 3573 ποτιζομένῃ,
1034 3505 1115 3570 ὡς
1132 3506 1165 3559 δ
1189 3504 1556 3572 παράδεισος
1573 3506 1679 3559 τοῦ
1699 3507 1869 3570 Θεοῦ,
1892 3508 1992 3561 καί

402 3589 725 3654 ἐξελέξατο
745 3590 940 3660 αὐτήν.
962 3590 1074 3642 Καὶ
1089 3587 1245 3641 οὐδὲν
1269 3589 1478 3651 ἐκεῖνος
1500 3590 1779 3643 ἀντεῖπεν.
1804 3590 1987 3661 Ὁρᾷς,

400 3673 485 3728 ὅτι
525 3674 588 3727 οὐ
624 3673 785 3744 μόνον
806 3672 908 3727 οὐκ
937 3673 1135 3742 ἠδίκει,
1166 3670 1307 3726 ἀλλὰ
1333 3673 1429 3724 καὶ
1457 3672 1729 3740 ήδικεῖτο;
1758 3672 1824 3724 Τί
1858 3691 1989 3726 κατ-

400 3760 623 3829 ηγορεῖς
665 3757 777 3811 τῶν
824 3758 1034 3811 παίδων
1066 3757 1177 3811 τῶν
1203 3753 1430 3820 σαυτοῦ,
1463 3754 1749 3826 άνθρωπε;
1783 3755 1858 3810 Οὐ
1899 3756 1990 3811 διά

399 3840 558 3895 τοῦτο
583 3842 717 3911 ἡμῖν
744 3842 774 3895 6
810 3840 942 3905 Θεὸς
971 3840 1139 3894 ἐδωκε
1172 3840 1302 3903 τοὺς
1332 3838 1555 3902 παῖδας,
1605 3839 1693 3893 (va
1733 3838 1989 3909 ἁρπάζω-

403 3939 504 3994 μεν
538 3922 609 3976 τὰ
640 3924 865 3995 ἐτέρων.
896 3924 1041 3994 Ὅρα
1078 3923 1153 3994 μὴ
1195 3922 1288 3976 τὸν
1326 3920 1459 3975 Θεὸν
1496 3919 1806 3995 παροξύνῃς
1829 3922 1989 3977 τοῦτο

397 4008 592 4075 λέγων.
622 4008 685 4061 Εἰ
712 4005 999 4079 γάρτοῦτο
1028 4006 1225 4076 λέγεις,
1245 4006 1329 4060 ὅτι
1366 4005 1522 4060 αὐτοί
1561 4022 1644 4059 σοι
1666 4005 1769 4076 τῆς
1803 4006 1986 4077 ἁρπα-

396 4094 500 4164 γῆς
531 4093 769 4162 γίνονται
791 4092 954 4146 αίτιοι
986 4093 1078 4145 καὶ
1098 4092 1193 4145 τοῦ
1212 4090 1627 4163 χρηματισμοῦ,
1661 4090 1874 4145 δέδοικα
1905 4092 1981 4166 μή

396 4178 576 4230 αὐτῶν
611 4175 1014 4246 ἀποστερηθῇς,
1039 4174 1113 4239 ῶς
1133 4175 1478 4246 βλαπτόντων
1494 4175 1588 4227 καὶ
1614 4174 1985 4229 ἐπιϐουλευόν-

394 4275 526 4314 των.
760 4259 819 4311 '0
857 4258 991 4323 Θεός
1029 4276 1111 4312 σοι
1141 4258 1269 4321 τοὺς
1308 4258 1507 4321 παῖδας
1541 4256 1763 4322 ἔδωκεν,
1805 4258 1892 4312 ῖνα
1922 4276 1982 4312 σε

394 4342 820 4413 γηροκομῶσιν,
878 4342 967 4396 ἵνα
1021 4343 1124 4412 τὴν
1183 4341 1388 4414 ἀρετὴν
1458 4339 1771 4412 μανθάνωσι
1827 4342 1981 4413 παρὰ

396 4445 512 4482 σου.
940 4478 943 4481 ,

461 4512 524 4565 δ’.
542 4509 640 4564 Διά
658 4509 767 4581 γὰρ
779 4507 937 4563 τοῦτο
955 4507 1016 4561 τὸ
1036 4508 1146 4562 τῶν
1172 4507 1269 4562 ἀνθ
1276 4506 1476 4579 ρώπων
1490 4506 1647 4576 γένος
1658 4506 1832 4570 οὕτως
1848 4507 1980 4578 ἠθέ-

392 4596 525 4666 λησε
569 4594 911 4658 συνεστάναι,
944 4593 1037 4645 δύο
1060 4590 1131 4643 τά
1174 4591 1405 4661 μέγιστα
1435 4591 1876 4655 κατασκευάζων,
1917 4590 1979 4645 ἓν

394 4682 515 4749 μὲν.
554 4675 906 4737 διδασκάλους
947 4673 1185 4742 ἐφιστῶν
1214 4673 1341 4736 τοὺς
1386 4672 1650 4742 πατέρας,
1680 4671 1868 4743 ἕτερον
1895 4672 1972 4737 δὲ,

391 4761 593 4832 πολλὴν
622 4758 844 4828 ἀγάπην
883 4758 1162 4813 ἐντίκτων.
1200 4757 1263 4810 Εἰ
1292 4757 1401 4827 γάρ
1433 4754 1618 4818 ἁπλῶς
1671 4754 1894 4825 ἔμελλον
1924 4758 1975 4809 οἰ

390 4846 667 4919 ἄνθρωποι
708 4841 975 4914 γίνεσθαι,
1024 4841 1199 4904 οὐδεὶς
1245 4841 1311 4895 ἂν
1377 4839 1514 4911 πρὸς
1563 4838 1752 4892 οὐδένα
1790 4840 1973 4910 σχέσιν

390 4930 566 5000 ἔσχεν.
598 4929 661 4981 Εἰ
713 4926 823 4997 γάρ
856 4925 951 4977 νῦν
992 4924 1244 4996 πατέρων
1286 4923 1455 4976 ὄντων
1487 4923 1583 4975 καὶ
1624 4922 1831 4975 παίδων
1878 4927 1973 4978 καὶ

391 5015 651 5084 ἐκγόνων,
680 5010 866 5064 πολλοὶ
896 5008 1106 5062 πολλῶν
1134 5008 1195 5061 οὐ
1222 5006 1590 5077 φροντίζουσι,
1614 5006 1794 5076 πολλῷ
1832 5007 1969 5077 μᾶλ..

389 5098 480 5151 λον
525 5098 669 5151 τότε.
697 5094 797 5148 Διά
838 5091 999 5146 τοῦτό
1029 5108 1113 5145 σοι
1144 5091 1339 5153 παῖδας
1379 5090 1610 5143 δέδωκεν
1639 5090 1668 5141 6
1694 5089 1825 5152 Θεός
1844 5105 1858 5117 ⁸
1893 5091 1968 5162 μὴ

385 5181 566 5236 τοίνυν
591 5178 885 5249 κατηγόρει
914 5176 1022 5231 τῶν
1048 5174 1275 5229 παίδων.
1308 5175 1372 5228 Εἰ
1417 5174 1475 5227 δὲ
1500 5174 1547 5226 οί
1586 5172 1780 5235 παῖδας
1812 5172 1967 5243 έχον-

385 5282 478 5328 τες
519 5264 773 5332 οὐδεμίαν
811 5261 1026 5332 ἐχουσιν
1071 5257 1388 5326 ἀπολογίαν,
1422 5259 1471 5311 οί
1506 5257 1581 5327 μὴ
1609 5257 1843 5325 ἔχοντες,
1875 5258 1968 5310 καὶ

387 5349 713 5420 κοπτόμενοι
742 5346 873 5417 περὶ
894 5346 995 5416 τὴν
1030 5342 1126 5397 τοῦ
1158 5342 1391 5396 πλούτου
1414 5340 1697 5411 συλλογὴν,
1726 5343 1875 5395 ποῖον
1898 5340 1965 5395 ἂν

387 5435 589 5488 εἴποιεν
616 5433 809 5501 λόγον;
868 5429 1009 5483 Ἀλλ’
1048 5427 1164 5481 ἐστι
1191 5444 1278 5491 τις
1313 5427 1406 5481 xal
1433 5427 1618 5489 αὐτοῖς
1660 5424 1817 5493 λόγος
1856 5427 1963 5479 πά-

390 5534 490 5588 σης
537 5514 829 5585 ἀπολογίας
864 5513 1329 5584 ἀπεστερημένος.
1357 5509 1451 5573 Τίς
1478 5508 1541 5580 δὴ
1575 5502 1725 5574 οὗτός
1778 5510 1959 5573 ἐστιν;

389 5600 508 5653 Ἰνα
555 5600 679 5655 ἀντὶ
718 5600 829 5654 τῶν
856 5597 1084 5661 παίδων,
1120 5594 1309 5667 φησὶν,
1367 5592 1581 5665 ἔχωμεν
1610 5591 1701 5645 τὸν
1732 5592 1962 5645 πλοῦτον

388 5685 704 5757 ὑπόμνημα.
735 5686 944 5748 Ὄντως
975 5681 1149 5751 γέλως
1176 5677 1363 5742 πολύς.
1409 5676 1556 5731 Ἀντὶ
1586 5676 1696 5730 τῶν
1730 5676 1960 5739 παίδων,

387 5770 571 5841 φησὶν,
600 5770 635 5841 ἡ
664 5768 807 5824 οἰκία
833 5768 1023 5839 μνήμη
1040 5764 1304 5827 ἀθάνατος
1318 5763 1523 5832 γίνεται
1550 5762 1647 5833 τῆς
1676 5761 1830 5831 δόξης
1864 5762 1960 5831 τῆς

386 5852 544 5925 ἐμῆς.
578 5854 653 5910 υύ
677 5856 773 5927 τῆς
797 5851 953 5924 δόξης
994 5866 1111 5922 σου⁹
1146 5849 1424 5921 ἄνθρωπε,
1459 5846 1596 5903 ἀλλά
1633 5846 1732 5918 τῆς
1770 5846 1958 5900 πλεον-

1292 372 1361 431 IN
1403 371 1626 430 EPIST.
1667 372 1688 429 l
1726 373 1819 428 AD
1856 374 2189 435 TIIESSAL.
2227 382 2381 442 CAP.
2417 386 2481 446 V.
2520 389 2758 450 IIOMIL.
2792 393 2862 452 Χ.

3601 405 3708 463 460

2132 500 2296 593 εξίας-
2311 522 2405 560 σου
2439 509 2591 565 ἔσται
2632 516 2842 586 μνήμη.
2880 516 2954 571 Ἦ
2980 518 3078 589 οὐχ
3108 519 3241 593 ὁρᾷς
3263 520 3358 575 νῦν
3386 522 3499 588 πῶς
3530 525 3716 580 πολλοὶ

2132 587 2423 676 παριόντες
2471 594 2571 659 τὰς
2599 596 2862 669 λαμπράς
2900 587 3079 664 οἰκίας
3123 587 3347 657 τοιαῦτα
3376 587 3715 676 διαλέγονται

2132 670 2269 759 πρὸς
2310 672 2597 747 ἀλλήλους’
2656 682 2800 738 πόσα
2844 686 2871 739 6
2908 685 3056 740 δεῖνα
3100 670 3713 759 ἐπλεονέκτησεξπόσα

2129 753 2518 844 ᾕρπασενηῖνα
2543 767 2748 836 ταύτην
2776 768 3107 842 οἰκοδομήσῃ
3142 770 3241 844 τὴν
3262 753 3467 835 οἰκίαν;
3495 753 3590 827 καὶ
3617 774 3716 830 νῦν

2127 836 2338 928 ἐκεῖνος
2365 842 2467 910 μὲν
2502 847 2690 915 γέγονε
2717 850 2893 921 τέφρα
2931 836 3032 907 κάί
3050 836 3220 920 κόνις,
3245 854 3383 928 αὕτη
3405 857 3463 911 δὲ
3492 859 3572 922 είς
3591 859 3714 912 ἐτέο

2133 937 2240 1010 ρων
2288 924 2491 1010 κλῆρον
2541 932 2716 1005 διέϐη.
2755 937 2828 989 Οὐ
2864 937 2965 1007 τῆς
2998 938 3155 1010 δόξης
3185 956 3279 993 σου
3323 924 3499 995 τοίνυν
3544 959 3716 997 κατα-

2128 1004 2419 1098 λιμπάνεις
2455 1004 2697 1087 μνήμην,
2729 1020 2865 1075 ἀλλὰ
2882 1004 2980 1091 τῆς
3013 1004 3347 1090 πλεονεξίας.
3380 1025 3489 1079 Kal
3516 1027 3578 1079 1:6
3612 1026 3715 1098 μὲν

2131 1090 2287 1183 σῶμά
2315 1098 2737 1183 σουγκέκρυπται
2786 1109 2847 1177 τῇ
2886 1090 2980 1179 γῇ.
3010 1108 3111 1178 τῆς
3144 1107 3202 1161 δὲ
3233 1108 3547 1174 πλεονεξίας
3576 1090 3716 1183 μλθή·

2130 1190 2239 1265 μην
2269 1176 2451 1233 λαθεῖν
2482 1182 2798 1254 πλήθειτῶν
2824 1176 3033 1260 χρόνων
3060 1176 3367 1263 δυναμένην
3389 1193 3487 1247 οὐκ
3517 1176 3707 1265 ἀφίης.

2125 1262 2240 1317 ἀλλ’
2256 1267 2656 1334 ἀνακρούεσθαι
2692 1273 2787 1326 καὶ
2815 1273 3260 1329 ἀνασκάπτεσθαι
3288 1262 3463 1341 ποιεῖς
3494 1262 3581 1332 διά
3608 1262 3708 1351 τῆς

2123 1358 2321 1423 οἰκίας.
2360 1360 2507 1421 Ἕως
2536 1356 2647 1429 γὰρ
2675 1355 2744 1410 ἂν
2781 1356 2920 1429 αὓτη
2973 1358 3200 1430 ἑστήκῃ,
3242 1359 3343 1431 τὴν
3387 1361 3708 1432 ἐπωνυμίαν

2125 1442 2327 1511 ἔχουσα
2364 1443 2463 1513 τὴν
2499 1442 2618 1513 σὴν,
2661 1442 2756 1495 καὶ
2804 1439 2900 1493 τοῦ
2950 1440 3121 1506 δεῖνος
3162 1442 3455 1515 λεγομένη,
3491 1445 3709 1509 πάντως

2123 1527 2335 1597 ἀνάγκη
2360 1528 2454 1581 καὶ
2479 1526 2548 1580 τὰ
2563 1526 2781 1580 πάντων
2800 1525 3116 1597 ἀνοιχθῆναι
3145 1527 3391 1597 στόματα
3419 1531 3560 1583 κατά
3592 1529 3705 1585 σοῦ.

2130 1611 2296 1684 Ὁρᾷς
2327 1612 2409 1665 ὅτι
2461 1611 2667 1682 βέλτιον
2700 1609 2867 1681 μηδὲν
2909 1609 3075 1681 ἔχειν,
3103 1609 3135 1682 ἢ
3169 1610 3373 1682 ταύτην
3413 1612 3710 1684 ὑπομένειν

2119 1694 2218 1765 τὴν
2258 1694 2626 1765 κατηγορίαν;
2663 1694 2775 1747 Kal
2804 1692 2980 1747 ταῦτα
3007 1693 3105 1765 μὲν
3132 1692 3366 1747 ἐνταῦθα
3389 1710 3405 1727 ο
3436 1696 3553 1749 ἐκεῖ
3576 1697 3634 1751 δέ
3654 1697 3708 1751 τί

2121 1780 2443 1849 ποιήσομεν,
2473 1778 2595 1833 εἰπέ
2624 1795 2735 1848 μοι,
2752 1776 3022 1831 τοσούτων
3043 1777 3142 1848 μὲν
3169 1776 3404 1832 ἐνταῦθα
3430 1779 3707 1851 γινόμενοι

2119 1863 2321 1933 κύριοι,
2366 1863 2541 1918 οὐδενὶ
2580 1863 2637 1917 δὲ
2664 1861 2775 1915 τῶν
2832 1861 3003 1915 όντων
3045 1862 3382 1933 μεταδόντες,
3423 1863 3455 1934 ἢ
3502 1866 3706 1938 σφόδρα

2117 1947 2315 2017 όλίγων
2344 1960 2405 2014 ⁸;
2434 1947 2552 2011 πῶς
2587 1948 2686 2010 τάς
2720 1944 3037 2013 πλεονεξίας
3056 1947 3471 2017 ἀποδυσόμεθα;
3506 1951 3564 2003 ’0
3600 1952 3706 2023 γάρ

2119 2031 2442 2103 βουλόμενος
2472 2030 2573 2102 τὴν
2619 2028 2935 2094 πλεονεξίαν
2970 2028 3366 2096 ἀποδύσασθαι,
3416 2032 3516 2087 οὐκ
3547 2033 3704 2102 ὀλίγα

2116 2116 2225 2170 ἀπὸ
2260 2113 2476 2170 πολλῶν
2504 2115 2743 2178 δίδωσιν,
2766 2112 2905 2167 ἀλλὰ
2928 2112 3369 2168 πολλαπλασίονα
3396 2115 3506 2170 τῶν
3532 2118 3708 2189 ἁρπα-

2116 2200 2373 2265 σθέντων,
2405 2200 2500 2254 καὶ
2536 2200 2749 2254 ἵσταται
2779 2200 2875 2251 καὶ
2904 2197 3186 2268 ἁρπάζων.

2186 2341 2474 2402 Ἀκουσον,
2500 2340 2527 2392 6
2550 2337 2817 2407 Ζακχαῖος
2835 2334 2888 2388 τί
2911 2333 3063 2404 λέγει
3079 2350 3093 2365 ·
3112 2332 3222 2388 Καί
3238 2334 3403 2390 ὅσων
3430 2337 3699 2409 ἥρπασα,

2112 2422 2595 2490 τετραπλασίονα
2626 2418 2976 2489 ἀποδίδωμι.
3016 2418 3090 2471 Σὺ
3123 2416 3181 2470 δέ
3235 2417 3499 2488 ἁρπάζων
3531 2423 3701 2491 μυρία

2112 2505 2369 2571 τάλαντα,
2391 2504 2458 2558 ἂν
2476 2503 2664 2573 ὀλίγας
2681 2502 2787 2573 δῷς
2807 2501 3075 2573 δραχμὰς,
3089 2500 3183 2555 καὶ
3193 2500 3337 2555 οὕτω
3363 2500 3419 2556 δέ
3444 2503 3615 2573 μόλις,
3638 2506 3701 2558 τὸ

2110 2590 2221 2643 πᾶν
2260 2586 2657 2643 ἀποδεδωκέναι
2692 2585 2955 2657 νομίζεις,
2972 2585 3066 2639 καὶ
3090 2585 3167 2648 ῶς
3200 2584 3424 2640 πλείονα
3450 2586 3701 2653 δεδωκὼς

2108 2672 2380 2727 διάκεισαι
2402 2688 2417 2704 ⁶
2440 2671 2620 2726 καίτοι
2638 2670 2720 2724 δεῖ
2737 2671 2877 2724 αὐτά
2900 2687 2959 2722 τε
2987 2669 3281 2726 ἀποδοῦναι
3298 2670 3503 2737 ἐκεῖνα,
3522 2674 3617 2727 καὶ
3633 2674 3698 2727 ἐκ

2106 2757 2215 2811 τῶν
2233 2756 2444 2812 οῐκοθεν
2462 2755 2778 2828 προσθεῖναι
2791 2753 2971 2825 ἐτερα.
2995 2753 3263 2825 Καθάπερ
3279 2753 3387 2825 γάρ
3417 2757 3445 2808 6
3458 2756 3697 2829 κλέπτης

2107 2841 2208 2893 οὐκ
2235 2840 2421 2895 ἐκεῖνα
2455 2838 2689 2903 ἀποδοὺς
2726 2839 2863 2911 μόνα
2896 2839 3318 2910 ἀπολελόγηται,
3344 2838 3479 2895 ἀλλὰ
3498 2839 3695 2894 πολλά-

2106 2941 2196 2987 κις
2225 2924 2323 2995 μὲν
2345 2923 2437 2977 καὶ
2466 2923 2563 2995 τὴν
2591 2920 2768 2994 ψυχὴν
2805 2922 3136 2994 προσέθηκε,
3171 2922 3431 2986 πολλάκις
3469 2923 3525 2978 δέ
3565 2921 3695 2976 πολ-

2104 3006 2441 3060 λαπλασίονα
2482 3006 2605 3069 δοὺς
2637 3003 2942 3069 διελύσατο,
2983 3004 3127 3057 οὕτω
3162 3005 3256 3057 καὶ
3283 3006 3312 3059 6
3343 3005 3691 3075 πλεονέκτης.

2104 3090 2216 3144 Kal
2244 3091 2352 3162 γάρ
2380 3091 2477 3145 καὶ
2512 3092 2541 3144 6
2578 3090 2909 3159 πλεονέκτης
2935 3088 3177 3157 κλέπτης
3198 3088 3335 3154 ἐστὶ,
3371 3089 3465 3141 καὶ
3493 3088 3693 3162 λῃστής

2102 3172 2311 3227 ἐκείνου
2332 3172 2513 3243 πολλῷ
2530 3170 2930 3244 χαλεπώτερος.
2959 3172 3068 3241 ὅσῳ
3085 3172 3179 3224 καὶ
3198 3187 3261 3223 τυ
3268 3170 3567 3241 ραννικώτε
3575 3190 3688 3244 ρος.

2113 3260 2349 3322 Ἐκεῖνος
2378 3257 2601 3330 μὲνγὰρ
2624 3257 2719 3310 καὶ
2748 3254 2826 3326 τῷ
2851 3253 3211 3326 κρύπτεσθαι,
3242 3255 3336 3308 καὶ
3350 3252 3429 3325 τῷ
3448 3256 3507 3309 ἐν
3536 3257 3691 3310 νυκτὶ

2103 3345 2419 3413 ἐπιχειρεῖν,
2454 3342 2591 3395 πολὺ
2631 3339 2727 3393 τοῦ
2760 3339 3111 3409 τολμήματος
3161 3337 3547 3408 ὑποτέμνεται,
3586 3339 3692 3392 ώσ-

2099 3427 2219 3481 ανεὶ
2235 3424 2385 3498 [501]
2405 3424 2811 3495 αἰσχυνόμενος,
2832 3422 2927 3475 καὶ
2945 3419 3196 3483 δεδοικὼς
3226 3420 3287 3474 τὸ
3310 3421 3646 3492 ἁμαρτάνειν
3672 3441 3685 3455 ·
3794 3494 3795 3497 η

2096 3504 2251 3573 οὗτος
2278 3509 2336 3562 δὲ
2370 3506 2910 3576 ἀπαναισχυντήσας,
2946 3507 3125 3575 γυμνῇ
3172 3506 3238 3574 τῇ
3284 3504 3492 3575 κεφαλῇ
3544 3504 3687 3559 κατὰ

2100 3595 2275 3664 μέσην
2304 3590 2508 3662 ἀγοράν
2535 3588 2773 3658 ἀρπάζει
2802 3589 2871 3641 τά
2898 3587 3139 3649 πάντων,
3177 3586 3418 3655 κλέπτης
3443 3604 3503 3639 τε
3548 3587 3685 3657 ὁμοῦ

2096 3677 2190 3729 καὶ
2219 3675 2481 3744 τύραννος
2512 3671 2587 3725 ῶν
2612 3689 2625 3702 ·
2656 3674 2717 3725 οὐ
2747 3670 3015 3742 διορύττει
3036 3670 3270 3739 τοίχους,
3295 3670 3416 3722 οὐδὲ
3434 3670 3682 3723 σϐέννυσι

2094 3758 2374 3830 λαμπάδα,
2402 3756 2522 3809 οὐδὲ
2548 3753 2801 3808 κιϐώτιον
2829 3754 3057 3822 ἀνοίγει,
3089 3753 3210 3806 οὐδὲ
3242 3754 3527 3823 σήμαντρα
3551 3756 3683 3807 ἁνα-

2094 3841 2288 3912 τρέπει
2303 3855 2316 3869 ·
2337 3838 2475 3894 ἀλλὰ
2504 3838 2557 3891 τί
2580 3855 2594 3905 ;
2626 3837 2706 3889 Τὰ
2720 3835 2925 3890 τούτων
2947 3835 3316 3907 νεανικώτερα
3333 3839 3495 3900 ποιεῖ,
3514 3834 3681 3903 ὁρών-

2092 3941 2200 3977 των
2248 3922 2358 3975 τῶν
2389 3921 2782 3992 ἀδικουμένων,
2839 3918 2927 3972 διὰ
2971 3920 3069 3990 τῆς
3118 3919 3289 3992 θύρας
3340 3918 3591 3972 ἐκϐάλλει
3626 3919 3679 3987 ιι,

2097 4004 2234 4079 μετά
2257 4004 2569 4078 παρρησίας
2600 4004 2777 4056 πάντα
2794 4003 3021 4070 ἀνοίγει,
3036 4001 3235 4066 αὐτοὺς
3259 4004 3501 4066 ἐκείνους
3512 4003 3680 4073 ἀναγ-

2092 4091 2252 4157 κάζει
2273 4088 2343 4144 τὰ
2370 4087 2551 4143 αὐτῶν
2578 4086 2858 4141 ἐκθέσθαι.
2887 4086 3137 4157 Τοσαύτη
3166 4085 3268 4156 τῆς
3301 4087 3473 4158 βίαςή
3508 4088 3677 4160 ὕπερ-

2093 4174 2247 4248 ϐολή.
2310 4167 2480 4238 Οὗτος
2527 4171 2752 4226 ἐκείνων
2792 4168 2973 4240 πολλῷ
3035 4170 3396 4243 μιαρώτερος,
3447 4171 3557 4243 ὅσῳ
3582 4172 3678 4227 καὶ

2087 4258 2567 4332 ἀναισχυντότερος
2637 4256 2733 4308 καὶ
2792 4253 3272 4325 τυραννικώτερος.
3314 4254 3374 4306 Ὀ
3416 4256 3515 4326 μὲν
3567 4258 3675 4329 γὰρ

2088 4342 2226 4414 δόλῳ
2260 4361 2313 4395 τι
2342 4339 2553 4405 παθὼν,
2587 4339 2745 4407 ἀλγεῖ
2779 4336 2899 4409 μὲν,
2950 4336 3093 4408 πλὴν
3134 4337 3249 4390 ἀλλ’
3276 4336 3390 4409 ἔχει
3417 4357 3673 4411 παραμυ-

2087 4429 2209 4483 θίαν
2236 4428 2299 4480 οὐ
2334 4425 2557 4497 μικρὰν,
2590 4423 2651 4477 τὸ
2675 4422 2777 4476 κᾶν
2816 4420 3115 4491 φοϐηθῆναι
3144 4421 3306 4475 αὐτὸν
3348 4424 3553 4479 ἐκεῖνον
3580 4426 3672 4480 τὸν

2084 4509 2375 4566 ἀδικοῦντα
2401 4526 2416 4542 ⁸
2440 4510 2469 4562 6
2495 4508 2553 4561 δὲ
2601 4506 2739 4576 μετά
2774 4505 2869 4557 τοῦ
2899 4504 3083 4567 κακῶς
3113 4505 3308 4558 παθεῖν
3353 4508 3447 4559 καὶ
3498 4526 3669 4562 κατα-

2084 4592 2469 4665 φρονούμενος,
2499 4590 2620 4644 οὐδὲ
2649 4589 2892 4657 ἐνεγκεῖν
2924 4587 3024 4657 τὴν
3055 4587 3175 4657 βίαν
3196 4588 3512 4658 δυνήσεται·
3549 4593 3669 4661 μεί-

2085 4680 2194 4743 ζων
2215 4676 2324 4747 γὰρ
2351 4677 2380 4729 6
2400 4673 2594 4743 γέλως.
2637 4671 2772 4725 Εἰπέ
2796 4687 2909 4740 μοι,
2938 4670 2991 4722 εἴ
3017 4687 3102 4733 τις
3129 4675 3356 4738 γυναῖκα
3382 4675 3667 4745 ἐμοίχευσε

2080 4760 2280 4825 λαθὼν,
2305 4760 2494 4829 ἕτερος
2508 4757 2564 4809 δὲ
2584 4756 2818 4827 ὁρῶντος
2838 4753 2933 4808 τοῦ
2957 4755 3150 4826 ἀνδρὸς
3168 4755 3323 4808 τοῦτο
3352 4759 3663 4827 εἰργάσατο,

2080 4846 2163 4909 τίς
2199 4843 2397 4916 μᾶλλον
2430 4841 2701 4911 ἐλύπησεν
2735 4840 2821 4907 ἂν,
2859 4838 2953 4891 καὶ
2980 4839 3163 4892 δακεῖν
3199 4835 3267 4909 ἦν
3300 4841 3481 4905 ἱκανός
3507 4859 3522 4909 ;
3548 4845 3664 4915 -οὐχ

2079 4925 2265 4995 οὗτος
2308 4926 2369 4982 Ὀ
2398 4927 2497 4998 μὲν
2533 4925 2644 4995 γάρ
2682 4924 2818 4995 μετά
2866 4924 2961 4977 τοῦ
2989 4924 3173 4988 κακῶς
3208 4927 3428 4997 ποιῆσαι
3463 4928 3558 4981 καὶ
3585 4928 3665 4981 δι-

2077 5014 2308 5068 έπτυσεν
2334 5026 2350 5041 ⁸
2381 5013 2410 5064 6
2436 5010 2515 5075 δὲ,
2561 5011 2607 5061 εἰ
2643 5008 2811 5079 μηδὲν
2850 5006 3057 5078 ἕτερον,
3091 5006 3292 5073 ἔδειξεν
3322 5010 3402 5061 ὅτι
3454 5010 3660 5065 δέδοικε

2076 5097 2167 5149 τὸν
2190 5095 2537 5166 ἠδικημένον.
2566 5090 2725 5145 Οὕτω
2759 5092 2854 5144 καὶ
2886 5092 2977 5144 ἐπὶ
2997 5091 3106 5144 τῶν
3136 5092 3454 5162 χρημάτων,
3492 5096 3521 5146 6
3558 5096 3661 5165 μὲν

2075 5179 2252 5248 λάθρα
2302 5176 2504 5241 λαϐὼν,
2546 5174 2718 5246 ταύτῃ
2767 5174 3048 5246 τετίμηκε,
3094 5175 3171 5245 τῷ
3223 5175 3395 5246 λάθρα
3432 5176 3615 5232 λαϐεῖν
3641 5196 3654 5209 ·

2072 5264 2100 5316 6
2143 5262 2199 5316 δὲ
2239 5260 2489 5331 φανερῶς
2526 5259 2619 5313 καὶ
2660 5258 2931 5330 δημοσία,
2979 5256 3131 5328 μετά
3160 5258 3257 5327 τῆς
3306 5259 3508 5328 ζημίας
3563 5264 3657 5315 καὶ

2072 5345 2334 5416 αἰσχύνην
2362 5344 2631 5413 ἐπήγαγε.
2662 5340 3006 5410 Παυσώμεθα
3025 5338 3119 5395 οὖν
3147 5342 3218 5394 τὰ
3246 5342 3446 5415 ἐτέρων
3473 5345 3655 5415 ἁρπάο

2072 5432 2275 5495 ζοντες,
2301 5430 2395 5483 καὶ
2427 5428 2660 5496 πένητες
2697 5428 2791 5479 καὶ
2822 5426 3100 5481 πλούσιον
3124 5429 3185 5481 οὐ
3209 5427 3317 5497 γὰρ
3356 5428 3492 5499 πρὸς
3526 5431 3652 5493 τοὺς

2074 5514 2361 5576 πλουσίους
2416 5529 2505 5583 μοι
2543 5510 2702 5580 μόνον
2750 5506 2904 5575 οὗτος
2932 5513 2962 5563 6
2996 5511 3171 5579 λόγος,
3206 5510 3340 5564 ἀλλά
3378 5513 3471 5565 καὶ
3514 5512 3651 5583 πρὸς

2070 5600 2196 5663 τοὺς
2234 5600 2489 5669 πένητας.
2525 5599 2638 5653 Καὶ
2654 5599 2763 5669 γάρ
2790 5598 2884 5651 καὶ
2908 5597 3061 5649 αὐτοὶ
3084 5597 3392 5667 ἁρπάζουσι
3412 5598 3537 5661 τοὺς
3553 5599 3649 5653 αὺ-

2130 5800 2153 5827 ⁸
2182 5799 2463 5859 Legcndum,
2488 5802 2551 5848 ait
2579 5798 2810 5853 Dunazus,
2832 5799 2861 5854 ἦ
2885 5814 2965 5860 σφ.
2990 5797 3179 5858 ὀλίγοις,
3202 5796 3275 5845 vel
3304 5796 3453 5860 67.50;.

2132 5862 2157 5901 ι»
2182 5863 2393 5911 Omnino
2419 5862 2684 5925 legendum
2706 5858 2946 5923 ἐμϐάλλει,
2968 5872 3115 5910 sensu
3141 5859 3381 5910 irrucndi.
3409 5858 3547 5908 Εοιτ.
