4114 6396
356 399 443 454 alii
1165 397 1229 451 IN
1269 394 1483 452 El’lST.
1528 396 1547 449 l
1612 395 1703 451 AD
1742 394 2072 453 THESSAL.
2113 396 2268 452 CAP.
2314 397 2374 451 V.
2420 396 2630 453 llOillL
2698 396 2788 451 XI.

352 515 565 589 quidem
594 514 790 586 poterit
820 533 833 570 :
860 516 1031 586 magis
1077 514 1220 571 enim
1264 513 1591 570 irridebitur.
1641 513 1735 569 Dic
1765 514 1919 580 mihi,

349 611 393 664 si
435 607 556 678 quis
592 608 892 667 clanculum
940 624 1060 664 cum
1098 608 1322 664 muliere
1373 607 1678 663 admitteret
1715 606 1925 662 adulte-

348 699 508 762 rium,
540 698 678 754 alius
716 708 894 755 autem
923 698 1139 755 vidente
1168 699 1361 753 marito
1386 698 1489 753 hoc
1513 698 1727 753 fecisset
1758 716 1771 751 :
1804 698 1925 768 quis

351 790 535 858 majori
573 790 760 847 dolore
795 791 1083 859 affecisset,
1136 801 1191 846 et
1233 790 1301 847 ad
1344 791 1696 846 mordendum
1736 790 1927 846 fuisset

350 883 561 951 aptior?
594 898 771 939 nonne
816 883 944 939 hic?
985 884 1118 939 Nam
1163 884 1249 939 hic
1278 883 1494 955 quidem
1539 898 1662 938 cum
1691 899 1755 939 eo
1781 882 1926 953 quod

348 974 487 1029 male
514 974 636 1031 fecit
656 976 816 1030 etiam
845 977 990 1031 illum
1023 976 1207 1032 habuit
1234 976 1511 1046 despectui
1540 994 1552 1030 :
1586 975 1678 1031 ille
1716 985 1922 1039 autem,

348 1066 391 1120 si
437 1066 566 1120 nihil
596 1067 760 1133 aliud,
811 1069 1044 1123 051endit
1088 1083 1146 1123 se
1190 1068 1429 1123 timuisse
1470 1082 1593 1123 eum
1632 1067 1723 1138 qui
1751 1067 1925 1122 fuerat

345 1157 571 1212 affectus
595 1158 808 1228 injuria.
841 1157 915 1213 lta
947 1160 1108 1214 etiam
1140 1160 1193 1214 in
1227 1161 1488 1229 pecuniis,
1517 1160 1607 1230 qui
1639 1160 1775 1215 clam
1805 1159 1926 1229 qui-

346 1248 469 1302 dem
500 1251 727 1319 accepit,
756 1264 824 1304 eo
866 1250 981 1319 ipso
1011 1251 1310 1316 honoravit,
1340 1250 1484 1321 quod
1526 1250 1667 1305 clam
1712 1250 1925 1320 accipe-

348 1348 428 1394 ret
461 1357 474 1393 :
506 1341 596 1410 qui
625 1349 806 1395 autem
852 1353 1037 1412 aperte
1072 1350 1127 1397 et
1152 1342 1382 1412 publice,
1414 1356 1533 1397 cum
1568 1341 1765 1396 damno
1795 1354 1921 1409 pro-

345 1430 496 1483 brum
517 1432 675 1485 etiam
698 1432 875 1487 intulit
892 1441 949 1488 et
967 1432 1220 1488 dedecus.
1240 1432 1527 1488 Cessemus
1549 1448 1677 1503 ergo
1693 1431 1919 1486 aliorum

347 1520 484 1575 bona
512 1537 701 1592 rapere
726 1533 780 1578 et
807 1538 1066 1593 pauperes
1091 1534 1144 1579 et
1167 1524 1360 1580 divites
1385 1544 1397 1578 :
1423 1539 1528 1578 non
1558 1524 1732 1577 solum
1776 1522 1920 1577 enim

344 1614 460 1669 haec
488 1614 688 1686 loquor
734 1616 1010 1682 divitibus,
1055 1616 1150 1673 sed
1190 1617 1351 1673 etiam
1401 1617 1743 1687 pauperibus.
1789 1616 1921 1672 Nam

343 1705 442 1773 ipsi
470 1720 684 1776 quoque
710 1722 896 1764 eorum
922 1708 1063 1763 bona
1093 1709 1306 1778 rapiunt
1329 1710 1418 1780 qui
1464 1719 1589 1764 sunt
1630 1724 1690 1764 se
1722 1723 1922 1779 paupe-

341 1796 530 1861 riores,
563 1805 618 1851 et
640 1796 862 1854 ditiores
890 1807 945 1854 et
970 1799 1298 1868 potentiores
1319 1798 1540 1869 opifices
1570 1812 1665 1855 eos
1695 1812 1919 1853 venum-

340 1885 487 1953 dant,
521 1889 610 1959 qui
647 1898 772 1946 sunt
801 1890 1107 1963 egentiores
1149 1901 1203 1947 et
1240 1892 1609 1963 pauperiores,
1641 1905 1914 1961 caupones

3513 399 3622 452 δίη

2033 529 2323 585 caupones,
2353 522 2407 569 et
2434 526 2623 570 omnes
2652 515 2742 585 qui
2764 523 2888 571 sunt
2918 515 2971 571 in
3003 514 3137 571 foro.
3164 513 3347 587 itaque
3374 516 3617 572 omnium

2034 608 2158 662 volo
2198 608 2513 678 injustitiam
2556 609 2858 665 eliminare.
2904 609 3020 665 Non
3066 610 3209 665 enim
3259 609 3314 664 in
3360 623 3611 664 mensura

2033 715 2220 755 eorum
2242 715 2360 771 qua:
2396 701 2676 771 rapiuntur
2706 711 2762 756 et
2787 700 2930 755 furto
2956 700 3289 767 auferuntur,
3320 698 3416 755 sed
3444 700 3496 754 in
3523 698 3605 754 fu—

2033 792 2199 846 rantis
2226 791 2497 846 voluntate
2536 800 2590 845 et
2615 791 2839 847 arbitrio
2859 792 3104 847 consistit
3133 792 3379 863 injuriam
3409 790 3611 846 facien-

2034 884 2103 937 tis
2142 882 2483 937 maleficium.
2512 882 2665 951 Quod
2697 892 2876 939 autem
2910 884 2995 938 isti
3034 885 3142 938 sint
3167 884 3335 955 magis
3360 882 3527 949 fures,
3562 894 3618 937 et

2034 976 2183 1044 plura
2215 973 2447 1029 habendi
2476 975 2783 1045 cupiditatis
2813 977 2982 1047 magis
3011 976 3253 1031 laborent
3280 976 3411 1029 vitio
3437 974 3494 1039 ii,
3522 975 3615 1045 qui

2031 1082 2133 1122 nec
2157 1082 2320 1137 parva
2360 1066 2679 1137 despiciunt,
2729 1067 2843 1122 scio
2886 1076 2941 1122 et
2968 1067 3193 1121 memini
3234 1082 3319 1121 me
3348 1064 3490 1137 apud
3518 1080 3614 1121 vos

2031 1157 2233 1225 dicere,
2262 1157 2307 1213 si
2348 1173 2445 1212 vos
2483 1157 2823 1213 meministis.
2852 1157 2955 1213 Sed
2985 1156 3052 1212 de
3084 1158 3165 1211 his
3203 1156 3337 1212 nihil
3363 1165 3615 1213 accurate

2031 1252 2272 1307 dicamus
2304 1269 2318 1306 :
2347 1251 2455 1306 sint
2487 1251 2522 1304 ii
2550 1265 2763 1320 quoque
2795 1249 3015 1320 perinde
3043 1260 3203 1319 atque
3232 1251 3445 1306 divites.
3470 1249 3612 1305 Eruo

2030 1343 2241 1398 diamus
2264 1342 2500 1397 animum
2529 1351 2584 1396 ut
2614 1341 2869 1412 deinceps
2888 1357 2995 1396 non
3020 1343 3222 1411 majora
3245 1343 3612 1412 concupiscat,

2029 1434 2171 1505 quod
2200 1444 2283 1490 est
2311 1435 2471 1490 nimis
2502 1451 2605 1490 non
2637 1443 2872 1505 appetat.
2906 1435 2961 1489 ln
2989 1435 3293 1489 crelestibus
3323 1451 3612 1505 numquam

2032 1527 2224 1582 habeat
2243 1527 2529 1581 terminum
2562 1525 2691 1582 illud
2729 1527 2955 1596 amplius
2982 1524 3333 1591 desiderium,
3366 1526 3460 1581 sed
3494 1526 3613 1594 plus

2028 1632 2240 1687 semper
2264 1618 2626 1688 unusquisque
2653 1626 2866 1687 appetat
2900 1635 2912 1671 :
2947 1616 3000 1671 in
3030 1626 3170 1671 terra
3202 1631 3331 1672 vero
3360 1617 3427 1671 ad
3459 1632 3614 1671 usum

2028 1720 2082 1766 et
2107 1708 2476 1765 sufficientiam
2512 1710 2770 1765 consistat
2800 1709 3185 1780 unusquisque,
3218 1718 3272 1765 et
3307 1709 3441 1764 nihil
3466 1726 3615 1780 qure-

2028 1811 2111 1856 rat
2152 1800 2401 1871 amplius,
2454 1809 2513 1855 ut
2554 1801 2631 1856 sic
2678 1802 2941 1869 possimus
2988 1815 3106 1867 qua:
3144 1815 3271 1855 vere
3314 1800 3451 1855 bona
3489 1809 3616 1855 sunt

2028 1894 2263 1962 assequi,
2292 1893 2458 1964 gratia
2487 1901 2541 1948 et
2564 1892 2907 1963 benignitate.
2939 1901 3042 1948 etc.

1754 2077 2101 2139 HOMILIA
2149 2077 2263 2139 ΧΙ.

340 2218 465 2273 Car.
497 2218 550 2273 5.
583 2218 754 2275 v.19.
799 2218 1049 2291 Spiritum
1087 2220 1244 2275 nolite
1282 2218 1750 2291 exstinguere:20.
1797 2234 1922 2289 pro-

411 2310 607 2381 phetiae
646 2311 803 2366 nolite
840 2328 1092 2382 spernere.
1134 2311 1224 2367 21.
1255 2311 1441 2367 Omnia
1482 2321 1651 2366 autem
1679 2312 1921 2382 probate;

408 2404 545 2473 quod
569 2402 751 2457 bonum
776 2413 849 2458 est
873 2413 1048 2458 tenete.
1074 2403 1165 2459 22.
1187 2403 1265 2458 Ab
1286 2405 1423 2458 omni
1449 2405 1615 2475 specie
1638 2403 1776 2458 mala
1803 2403 1924 2458 abs-

411 2497 562 2550 tinete
588 2513 694 2552 vos.

413 2588 462 2642 Ι.
493 2586 689 2642 Crassa
714 2587 959 2657 quadam
986 2587 1159 2658 caligo
1189 2588 1530 2657 tenehrzeque
1556 2596 1611 2642 et
1640 2587 1810 2643 nubes
1838 2586 1923 2643 of-

348 2679 459 2734 fusa
501 2690 584 2736 est
626 2679 889 2743 universa:
930 2688 1111 2746 teme,
1156 2680 1315 2750 idque
1362 2680 1668 2751 significans
1714 2680 1927 2736 dicebat

352 2772 547 2827 l‘aulus
576 2790 589 2826 :
619 2772 833 2826 Fuimus
879 2774 1011 2826 enim
1053 2773 1329 2838 aliquando
1369 2774 1583 2828 tenebrat
1624 2772 1839 2845 (Ephes.
1868 2773 1923 2828 5.

352 2864 443 2929 8);
490 2874 545 2919 et
580 2878 786 2929 rursus,
822 2862 939 2930 Vos,
978 2868 1181 2935 fratres,
1225 2880 1326 2918 non
1356 2866 1473 2919 estis
1512 2865 1566 2918 in
1610 2864 1841 2930 tenebris,
1871 2873 1926 2917 ut

346 2957 453 3008 dies
490 2970 577 3009 vos
613 2964 867 3025 tamquam
909 2956 995 3024 fur
1035 2955 1426 3025 comprehendat
1452 2954 1531 3024 (Ι.
1567 2953 1741 3009 Thess.
1765 2954 1819 3009 5.
1842 2952 1922 3025 4).

346 3046 608 3111 Quoniam
638 3061 766 3117 ergo
795 3060 900 3101 nox
928 3056 1030 3113 est,
1060 3056 1116 3100 ut
1153 3047 1223 3100 ita
1250 3046 1445 3111 dicam,
1475 3046 1599 3100 luna
1625 3060 1837 3109 carens,
1873 3054 1928 3099 et

349 3138 401 3191 in
428 3136 527 3191 hac
555 3146 711 3192 nocte
754 3136 1126 3200 ambulamus;
1154 3136 1300 3191 dedit
1346 3136 1501 3194 nobis
1534 3138 1672 3191 Deus
1701 3136 1923 3206 praecla-

349 3243 467 3284 rum
494 3229 814 3300 lampadem,
845 3240 903 3284 ut
927 3230 1015 3299 qui
1042 3229 1270 3299 Spiritus
1295 3232 1463 3285 sancti
1492 3231 1716 3301 gratiam
1748 3231 1800 3285 in
1829 3246 1924 3285 no-

350 3326 476 3380 stris
516 3324 707 3379 anitnis
735 3324 1061 3379 accenderit.
1092 3324 1197 3378 Sed
1228 3323 1368 3379 hanc
1393 3324 1566 3379 lucem
1594 3324 1683 3379 alii
1712 3324 1925 3394 quidem

347 3427 620 3487 acceptam
650 3415 1070 3486 splendidiorem
1100 3415 1343 3471 fecerunt
1384 3416 1667 3486 lzetamque
1706 3426 1762 3471 et
1786 3416 1926 3470 hila-

350 3526 487 3577 rem,
518 3518 576 3564 ut
600 3509 812 3577 Petrus,
840 3517 897 3563 ut
920 3508 1137 3575 Paulus,
1176 3517 1236 3563 ut
1272 3523 1457 3564 omnes
1488 3508 1564 3563 illi
1595 3509 1765 3563 sancti
1794 3526 1807 3563 :
1836 3510 1927 3563 alii

351 3611 525 3658 autem
554 3602 714 3657 etiam
735 3603 1125 3667 exstinxcruut,
1152 3610 1211 3657 ut
1233 3603 1467 3672 quinque
1490 3603 1742 3673 virgines,
1767 3613 1823 3657 ut
1851 3604 1926 3659 illi

351 3696 436 3764 qui
468 3696 607 3749 circa
639 3695 797 3751 fidem
825 3695 1069 3750 fecerunt
1104 3696 1455 3765 naufragium,
1484 3705 1541 3750 ut
1567 3697 1655 3766 qui
1682 3696 1926 3751 Corinthi

352 3795 435 3840 est
459 3794 742 3851 scortatus,
776 3796 833 3841 ut
862 3786 1063 3842 Galatae
1086 3787 1281 3841 aversi.
1311 3787 1599 3857 PrOpterea
1640 3804 1780 3844 nunc
1800 3788 1931 3843 dicit

352 3876 545 3932 Paulus
568 3895 581 3930 :
600 3877 849 3948 Spiritum
867 3877 1022 3931 nolite
1043 3878 1356 3948 exstinguere
1376 3895 1395 3944 ,-
1419 3878 1519 3933 hoc
1537 3886 1639 3943 est,
1666 3880 1890 3949 gratiam
1912 3897 1926 3933 :

354 3970 425 4023 ita
469 3969 610 4024 enim
650 3984 767 4024 mos
795 3977 878 4024 est
920 3970 970 4025 ei
1000 3984 1190 4025 vocare
1231 3970 1456 4040 gratiam
1499 3968 1749 4040 Spiritus.
1798 3970 1928 4025 Eam

352 4069 531 4115 autem
555 4060 841 4131 exstinguit
869 4059 974 4115 vita
1001 4060 1296 4116 immunda.
1326 4060 1396 4117 Ut
1418 4062 1561 4116 enim
1589 4061 1632 4116 si
1663 4062 1927 4132 quispiam

354 4152 408 4205 in
436 4150 571 4207 hanc
596 4151 827 4206 lucernae
848 4151 1017 4206 lucem
1047 4160 1102 4206 et
1125 4166 1316 4221 aquam
1341 4159 1395 4207 et
1422 4161 1615 4207 terram
1644 4152 1917 4217 infuderit,

354 4244 625 4299 lucernam
648 4242 957 4312 exstinguit,
983 4251 1038 4297 et
1062 4242 1106 4297 si
1128 4242 1211 4298 vel
1234 4242 1367 4297 nihil
1388 4242 1578 4300 horum
1601 4243 1805 4309 fecerit,
1835 4244 1930 4300 sed

354 4335 533 4390 oleum
578 4342 783 4389 tantum
829 4332 1089 4389 exemerit
1118 4350 1132 4386 :
1158 4334 1231 4389 ita
1277 4335 1437 4389 etiam
1482 4334 1535 4389 in
1584 4334 1929 4404 charismate,

364 4441 456 4479 seu
486 4424 629 4481 dono
670 4424 877 4495 gratias,
922 4424 969 4479 si
1010 4433 1221 4479 terrena
1265 4434 1320 4479 et
1362 4423 1716 4481 diffluentium
1750 4442 1929 4482 rerum

362 4532 521 4573 curas
559 4517 898 4587 insperseris,
945 4516 1187 4586 spiritum
1232 4517 1570 4587 exstinguis;
1616 4528 1671 4573 et
1711 4518 1756 4572 si
1801 4518 1933 4572 nihit

360 4611 465 4665 tale
490 4610 702 4675 feceris,
732 4608 977 4664 alicunde
1001 4617 1178 4664 autem
1204 4610 1494 4665 adveniens
1518 4610 1735 4665 irruerit
1765 4621 1931 4667 tenta-

360 4713 434 4757 ιιο
470 4704 759 4758 vehemens
798 4711 1065 4771 tamquam
1110 4702 1329 4771 spiritus
1366 4702 1577 4772 aliquis,
1627 4712 1680 4757 et
1722 4701 1932 4756 ﬂamma

360 4812 465 4850 nou
497 4796 565 4850 sit
590 4795 898 4855 vehemens,
922 4801 1012 4846 aut
1033 4793 1254 4847 multum
1283 4792 1485 4848 habens
1513 4792 1638 4859 olei,
1670 4802 1761 4847 aut
1789 4792 1932 4847 fora-

363 4905 485 4943 tuen
542 4902 649 4942 non
699 4885 1067 4951 obstruxcris,
1119 4894 1210 4940 aut
1247 4886 1443 4940 ostium
1495 4901 1601 4941 non
1645 4886 1933 4953 clauseris,

363 4994 583 5057 pereunt
610 4984 809 5040 omnia.

434 5076 784 5131 Altercationis
827 5073 1049 5127 vitanda:
1102 5073 1304 5127 modus.
1343 5070 1575 5139 —Quid
1626 5079 1711 5127 est
1755 5083 1934 5127 autem

363 5170 643 5226 foramen?
669 5167 818 5223 Sicut
838 5167 889 5221 in
916 5166 1154 5228 lucerna,
1184 5164 1254 5218 ita
1281 5164 1439 5219 etiam
1463 5163 1514 5217 in
1546 5163 1722 5230 nobis,
1750 5164 1935 5220 oculus

363 5275 415 5319 et
444 5263 607 5319 auris.
640 5262 717 5317 Ne
744 5262 889 5315 sinas
916 5268 974 5313 ut
998 5259 1051 5312 in
1082 5271 1177 5311 eos
1204 5256 1374 5311 irruat
1401 5257 1691 5313 vehemens
1717 5255 1936 5326 spiritus

364 5356 633 5426 nequitiae,
664 5354 917 5425 quoniam
947 5352 1220 5405 lucernam
1263 5350 1570 5419 exstinguit,
1615 5350 1709 5405 sed
1740 5350 1931 5405 obtura

365 5448 559 5502 timore
589 5446 702 5501 Dei.
740 5442 812 5500 Os
841 5450 924 5498 est
952 5442 1147 5497 ostium
1178 5458 1191 5494 :
1220 5441 1409 5496 claude
1438 5450 1493 5496 et
1524 5443 1736 5508 obsera,
1783 5451 1840 5496 ut
1882 5451 1938 5498 et

365 5538 538 5592 lucem
581 5536 836 5604 praebeat,
880 5541 934 5588 et
980 5542 1256 5587 externam
1299 5532 1517 5601 repellat
1564 5532 1932 5603 irruptionem.

365 5626 604 5696 Exempli
629 5640 809 5690 causa,
834 5633 887 5680 te
912 5623 1236 5678 contumelia
1258 5622 1435 5678 affecit
1458 5623 1740 5692 quispiam,
1770 5623 1935 5679 male-

365 5716 508 5773 dicto
533 5716 787 5787 appetivit
806 5716 831 5768 ἲ
874 5730 935 5770 os
980 5713 1169 5770 claude
1200 5730 1215 5767 :
1248 5728 1371 5768 nam
1413 5714 1456 5767 si
1486 5716 1778 5782 aperueris,
1807 5730 1934 5769 vcn-

370 5818 481 5865 tum
504 5808 721 5864 excitas.
751 5806 867 5862 Non
896 5804 1041 5861 vides
1064 5806 1117 5861 in
1138 5802 1360 5873 aedibus,
1384 5803 1593 5876 quando
1614 5820 1679 5860 ex
1705 5804 1930 5861 adverso

2030 2230 2088 2278 et
2112 2221 2315 2279 directe
2356 2224 2604 2280 steterint
2638 2222 2759 2280 dua!
2779 2224 2980 2295 janute,
3026 2225 3199 2295 sitque
3225 2233 3416 2282 ventus
3445 2226 3611 2281 vehe-

2030 2328 2205 2382 mens,
2252 2314 2299 2369 si
2328 2315 2552 2371 alteram
2597 2316 2879 2382 clauseris,
2927 2325 2981 2371 et
3011 2315 3268 2372 adversus
3314 2332 3420 2371 non
3450 2316 3611 2373 fuerit

2028 2403 2207 2472 ﬂatus,
2240 2405 2371 2460 nihil
2400 2414 2577 2476 potest
2600 2417 2815 2472 ventus,
2864 2408 2959 2463 sed
3001 2423 3193 2480 magna
3222 2424 3345 2480 pars
3381 2409 3499 2479 ejus
3524 2409 3609 2463 vi-

2028 2498 2165 2552 rium
2193 2496 2537 2567 praeciditur?
2566 2498 2641 2554 fta
2670 2515 2814 2554 nunc
2840 2514 3074 2570 quoque,
3105 2499 3224 2555 duae
3262 2510 3385 2556 sunt
3408 2500 3607 2570 januae,

2029 2603 2092 2643 os
2122 2598 2291 2653 tuum,
2330 2597 2386 2644 et
2412 2589 2529 2659 ejus
2554 2590 2644 2661 qui
2676 2598 2729 2646 te
2772 2591 3112 2646 contumeliis
3139 2590 3303 2647 afficit
3340 2600 3396 2646 et
3422 2592 3610 2646 convi-

2028 2679 2129 2734 ciis
2159 2697 2174 2736 :
2209 2681 2254 2734 si
2304 2688 2450 2735 tuam
2494 2680 2790 2745 clauseris,
2834 2691 2889 2737 et
2936 2681 3117 2737 flatum
3169 2681 3451 2738 adversum
3500 2698 3607 2737 non

2028 2772 2264 2837 dederis,
2297 2774 2592 2845 exstinguis
2632 2782 2804 2828 totum
2846 2775 3089 2841 spiritum
3116 2791 3131 2839 ;
3164 2775 3247 2830 sin
3272 2786 3451 2830 autem
3480 2791 3612 2845 ape-

2028 2866 2222 2933 rueris,
2253 2882 2361 2921 non
2393 2874 2565 2936 potest
2591 2867 2851 2923 cohiberi.
2876 2867 2953 2922 Ne
2978 2867 3136 2937 igitur
3155 2867 3378 2937 gratiam
3402 2869 3606 2922 exstin-

2028 2972 2273 3027 guamus.
2306 2958 2462 3029 Sarpe
2488 2970 2664 3013 autem
2700 2959 2979 3029 contingit,
3018 2968 3074 3012 ut
3102 2960 3202 3013 esti
3234 2958 3367 3013 nihil
3409 2959 3607 3014 irrum-

2032 3058 2140 3119 pat,
2160 3050 2526 3120 exstinguatur
2555 3050 2766 3103 flamma
2799 3066 2813 3102 τ
2842 3065 2962 3105 cum
2991 3048 3252 3105 defecerit
3271 3049 3611 3113 oleum,cum

2033 3141 2432 3212 cleemosynam
2487 3157 2591 3195 non
2648 3140 2912 3205 facimus,
2960 3141 3317 3207 exstinguitur
3365 3139 3608 3208 spiritus.

2032 3231 2243 3287 Etenim
2273 3232 2339 3286 ad
2370 3241 2422 3286 te
2446 3233 2592 3286 venit
2630 3246 2659 3285 a
2691 3232 2783 3285 Dei
2814 3231 3153 3300 eleemosyna
3202 3239 3259 3286 et
3297 3229 3610 3286 misericor-

2031 3321 2117 3376 dia
2146 3338 2161 3375 :
2188 3321 2382 3376 deinde
2410 3321 2552 3375 videt
2578 3321 2718 3391 apud
2752 3332 2801 3374 te
2830 3336 2934 3374 non
2957 3335 3078 3375 esse
3111 3320 3251 3374 hunc
3274 3318 3525 3383 fructum,
3555 3328 3612 3375 et

2032 3414 2241 3479 avolat;
2288 3429 2392 3468 non
2435 3424 2615 3468 manet
2658 3414 2802 3467 enim
2844 3414 2897 3467 in
2947 3414 3120 3466 anima
3178 3412 3610 3467 immisericordi.

2034 3504 2313 3559 Exstincto
2336 3513 2513 3559 autem
2544 3504 2755 3573 Spiritu,
2789 3504 2992 3574 reliqua
3033 3503 3182 3558 scitis
3212 3512 3472 3573 quotquot
3496 3518 3609 3557 am-

2035 3593 2259 3648 bulastis
2304 3596 2355 3648 in
2402 3604 2559 3649 nocte
2590 3594 2761 3649 illuni.
2810 3594 2866 3651 Si
2907 3606 3084 3650 autem
3117 3596 3257 3649 viam
3288 3610 3407 3664 qua:
3435 3594 3540 3650 fert
3582 3611 3613 3649 a

2038 3697 2177 3741 terra
2208 3687 2258 3740 in
2289 3696 2488 3741 terram
2529 3695 2687 3741 noctu
2730 3687 2811 3742 ire
2839 3694 2923 3742 est
2951 3685 3188 3747 difllcile.
3215 3686 3484 3756 quomodo
3529 3696 3615 3742 est

2038 3786 2208 3831 tutum
2251 3777 2457 3848 ingredi
2485 3778 2564 3832 via
2592 3794 2711 3848 quae
2749 3793 2780 3832 a
2813 3789 2955 3832 terra
2983 3777 3130 3833 ducit
3156 3778 3210 3833 in
3250 3780 3480 3833 caelum?
3505 3778 3615 3834 Ne-

2036 3869 2184 3925 scitis
2204 3885 2363 3939 quam
2394 3870 2545 3924 multi
2576 3870 2682 3924 sint
2714 3867 2986 3925 daemones
3016 3869 3067 3924 in
3098 3869 3202 3925 hoc
3227 3871 3421 3939 spatio,
3450 3885 3613 3940 quam

2037 3963 2219 4018 multa:
2245 3963 2389 4028 ferm,
2422 3977 2579 4032 quam
2607 3962 2768 4016 multa
2790 3964 3085 4033 spiritualia
3112 3963 3399 4033 nequitia}?
3440 3965 3615 4033 Atque

2037 4056 2083 4111 si
2109 4056 2251 4110 illam
2280 4056 2495 4125 quidem
2532 4054 2825 4110 habeamus
2854 4056 3049 4121 lucem,
3083 4055 3213 4109 nihil
3239 4069 3337 4109 nos
3369 4063 3616 4124 poterunt

2040 4146 2235 4201 [ardere
2265 4165 2278 4200 :
2308 4147 2390 4201 sin
2444 4154 2621 4202 autem
2671 4146 2814 4201 illam
2867 4147 3303 4210 exstinxerimus,
3360 4161 3457 4201 nos
3504 4146 3623 4201 cito

2038 4246 2382 4301 consumunt,
2412 4236 2519 4292 cito
2562 4236 2741 4292 omnia
2790 4246 2970 4292 nostra
2997 4236 3249 4292 auferunt
3275 4236 3613 4307 quandoqui-

2038 4327 2160 4383 dem
2188 4338 2243 4383 et
2264 4329 2501 4383 latrones
2526 4329 2788 4383 exstincta
2814 4328 3030 4383 lucerna
3050 4328 3263 4382 demum
3286 4326 3613 4382 latrocinan»

2041 4428 2147 4474 tur.
2177 4418 2309 4473 Nam
2339 4419 2414 4473 illi
2442 4419 2655 4489 quidem
2686 4419 2870 4474 vident
2893 4418 2946 4473 in
2975 4418 3057 4473 his
3079 4418 3335 4484 tenebris,
3364 4419 3622 4488 quoniam

2040 4520 2205 4581 agunt
2229 4524 2347 4579 qUiB
2375 4519 2501 4565 sunt
2530 4510 2903 4576 tenebrarum;
2936 4524 3035 4564 nos
3077 4518 3255 4563 autem
3299 4524 3403 4563 non
3433 4524 3631 4563 ευιηυς

2041 4603 2239 4658 assueti
2269 4602 2345 4657 illi
2374 4602 2495 4657 luci.
2527 4602 2607 4658 Ne
2635 4617 2766 4673 ergo
2802 4604 2939 4658 hanc
2968 4602 3389 4674 exstinguamus.
3428 4602 3625 4657 Omnis

2042 4694 2183 4748 mala
2203 4694 2341 4749 actio
2366 4694 2659 4764 exstinguit
2685 4693 2823 4749 hanc
2850 4694 3047 4759 lucem,
3089 4703 3144 4749 et
3172 4694 3535 4757 maledictum.
3563 4704 3620 4750 et

2042 4788 2365 4843 contumelia
2403 4795 2458 4842 et
2484 4786 2740 4857 quidquid
2767 4787 2990 4841 dixeris.
3029 4785 3180 4842 Sicut
3214 4788 3355 4843 enim
3387 4789 3441 4842 in
3472 4789 3627 4858 igne,

2041 4881 2295 4953 quidquid
2326 4890 2409 4936 est
2431 4880 2499 4935 ab
2524 4896 2590 4936 eo
2615 4880 2867 4944 alienum,
2898 4880 3044 4934 illum
3072 4881 3324 4951 perimit;
3356 4879 3406 4935 id
3438 4890 3629 4936 autem.

2044 4990 2167 5031 eum
2197 4973 2605 5043 accenditquod
2637 4982 2719 5027 est
2748 4973 2823 5027 illi
2852 4983 3133 5042 cognatum
3169 4988 3183 5025 :
3213 4974 3291 5027 sic
3319 4981 3373 5027 et
3401 4972 3453 5026 in
3478 4972 3618 5041 luce,

2042 5068 2089 5122 si
2116 5066 2242 5137 quid
2270 5076 2353 5121 est
2376 5067 2600 5130 siccum,
2631 5065 2676 5120 si
2704 5064 2830 5134 quid
2860 5064 3113 5130 calidum,
3146 5064 3189 5119 si
3216 5063 3342 5134 quid
3372 5064 3632 5133 ignitum,.

2044 5158 2099 5217 id
2137 5156 2387 5213 accendit
2423 5156 2690 5211 flammam
2736 5156 2977 5225 spiritus.
3024 5154 3166 5209 Nihil
3211 5170 3340 5225 ergo
3368 5153 3621 5224 frigidum

2043 5249 2354 5317 inferamus,
2388 5262 2487 5303 nec
2515 5247 2789 5302 humidum
2824 5264 2838 5299 :
2868 5246 2983 5302 haec
3006 5248 3148 5301 enim
3175 5246 3302 5300 illud
3330 5246 3621 5316 perimunt.

2044 5345 2139 5400 Est
2179 5344 2338 5399 etiam
2365 5343 2467 5397 alia
2510 5341 2797 5411 expositio.
2830 5340 2978 5395 Multi
3004 5339 3141 5410 apud
3174 5340 3337 5408 ipsos,
3380 5338 3471 5392 alii
3498 5337 3621 5409 qui-

2043 5436 2167 5491 dem
2215 5448 2341 5490 vere
2380 5432 2760 5503 prtedicebant,
2804 5431 2893 5485 alii
2934 5445 3063 5485 vero
3111 5429 3301 5483 falsum
3348 5427 3619 5484 dicebant.

2044 5528 2156 5583 Hoc
2176 5531 2338 5581 etiam
2390 5526 2521 5580 dicit
2567 5525 2622 5579 in
2670 5523 2909 5594 Epistola
2962 5522 3029 5576 ad
3077 5520 3402 5583 Corinthios,
3452 5520 3628 5576 Deum

2044 5628 2328 5690 prepterea
2347 5617 2559 5673 dedisse
2574 5616 2950 5672 discretionem
2971 5614 3252 5683 spirituum
3284 5614 3332 5684 (ί
3346 5653 3359 5666 .
3384 5615 3503 5669 Cor.
3530 5614 3620 5670 f2.

2050 5713 2160 5784 l0).
2191 5712 2320 5767 Nam
2350 5727 2470 5767 cum
2495 5711 2784 5767 sceleratus
2810 5709 2879 5764 sit
2898 5708 3165 5775 diabolus,
3194 5708 3363 5762 voluit
3392 5723 3487 5778 per
3518 5707 3627 5763 hoe

2046 5804 2244 5860 donum
2288 5803 2580 5875 prophetiae
2618 5811 2799 5858 everte
2815 5816 2873 5857 re
2920 5801 3321 5858 universitatem
3351 5800 3635 5857 Ecclesiae.
