4114 6396
459 358 563 415 ωδ

462 477 590 530 Nam
631 474 751 543 quia
793 471 952 525 ambo
997 469 1171 524 futura
1214 465 1593 538 prmdicebant,
1643 470 1699 518 et
1728 458 1938 514 daemon
1981 465 2037 510 et

458 568 700 636 spiritus.
744 562 838 618 sed
884 563 974 617 ille
1002 560 1218 632 quidem
1262 558 1455 612 falsum
1485 555 1693 619 dicens,
1739 552 1825 605 hic
1858 556 2037 603 autem

458 672 678 719 verum;
704 669 961 725 nusquam
991 659 1197 723 poterat
1220 648 1525 704 alterutrius
1554 644 1723 714 accipi
1748 643 1957 712 signum
1980 647 2038 694 et

460 749 739 813 iudicium,
776 747 870 804 sed
908 747 1025 801 sine
1051 744 1361 800 discriminc
1387 748 1612 796 eventus
1648 738 1861 804 utrique
1889 734 2036 788 dice-

461 844 610 909 bant,
639 852 693 895 ιιι
721 841 983 898 Jeremias
1007 850 1061 894 et
1090 835 1336 894 Ezechiel
1366 852 1379 889 :
1405 848 1526 889 cum
1546 832 1781 887 venisset
1804 839 2034 897 tempus,

462 933 674 1004 probati
693 932 904 987 luerunt
916 939 971 987 et
991 927 1313 1001 deprehensi
1332 944 1347 991 ;
1365 925 1512 982 dedit
1529 924 1670 978 enim
1686 919 2037 975 discretiones

462 1026 764 1098 spirituum.
798 1024 1059 1091 Quoniam
1090 1038 1218 1091 ergo
1245 1029 1369 1074 tunc
1397 1031 1607 1088 quoque
1634 1013 1773 1083 apud
1802 1011 2035 1066 Thessa-

463 1118 767 1173 lonicenses
798 1115 946 1170 multi
989 1112 1399 1184 pmphetabant,
1432 1123 1565 1179 quos
1591 1106 1749 1161 etiam
1794 1102 1922 1157 alibi
1952 1102 2036 1154 in-

462 1212 578 1266 nuit
598 1209 803 1275 dicens,
832 1206 914 1261 Ne
939 1204 1246 1269 terreamini,
1268 1217 1426 1271 neque
1451 1217 1539 1271 per
1563 1213 1860 1257 sermonem,
1885 1209 2039 1262 neque

465 1318 555 1369 per
585 1300 873 1369 epistolam,
903 1308 1159 1367 tamquam
1183 1310 1273 1365 per
1300 1310 1410 1357 nos,
1442 1290 1587 1360 quasi
1613 1289 1761 1342 instet
1784 1286 1889 1339 dies
1932 1283 2039 1337 Do-

462 1392 588 1445 mini
632 1390 709 1463 (2.
743 1389 917 1444 Thess.
954 1388 1009 1442 2.
1040 1388 1137 1457 2);
1186 1401 1308 1440 cum
1357 1384 1443 1438 hic
1487 1381 1735 1446 dixisset,
1783 1377 2036 1446 Spiritum

460 1483 613 1536 nolite
641 1481 976 1553 exstinguere,
1004 1486 1306 1548 opportune
1334 1475 1530 1545 adjecit
1565 1470 1862 1542 sequentia,
1900 1467 2035 1521 Pro-

460 1574 656 1645 phctias
701 1572 854 1626 nolite
902 1585 1156 1640 spernere.
1200 1568 1312 1623 Hoc
1349 1576 1453 1633 est,
1506 1564 1585 1619 Ne
1628 1562 1876 1631 quoniam
1913 1567 2037 1613 sunt

458 1666 599 1736 apud
641 1681 736 1720 vos
764 1664 927 1734 aliqui
966 1659 1464 1733 pseudoprophetze,
1494 1657 1591 1711 hos
1620 1669 1832 1725 quoque
1857 1652 2035 1722 prohi-

455 1757 629 1813 beatis
672 1766 728 1811 et
769 1754 1095 1811 aversemini
1129 1769 1143 1807 :
1174 1751 1339 1806 nolite
1391 1764 1487 1806 eos
1534 1746 1906 1816 exstinguere;
1936 1742 2036 1798 hoc

457 1858 562 1913 est,
594 1846 900 1916 Prophetias
926 1845 1081 1899 nolite
1100 1848 1357 1913 spernere.

525 1939 582 1992 2.
612 1937 773 1991 Vides
801 1935 939 2006 quod
972 1935 1075 1989 hoc
1105 1933 1175 1988 sit
1202 1932 1343 2003 quod
1375 1931 1504 1986 dicit
1532 1948 1545 1984 :
1578 1928 1763 1984 Omnia
1785 1926 1990 1996 probate
2009 1924 2035 1978 1’

454 2028 716 2095 Quoniam
748 2034 925 2081 autem
952 2024 1104 2091 dixit,
1138 2022 1440 2094 PrOphetias
1476 2021 1632 2075 nolite
1666 2034 1935 2088 spernere,
1966 2031 2033 2070 ne

454 2121 825 2177 existimarent
852 2133 976 2174 eum
994 2116 1244 2173 omnibus
1260 2115 1535 2187 aperuisse
1558 2121 1887 2184 suggestum,
1906 2108 2032 2164 Om-

453 2211 565 2275 nia,
587 2212 786 2279 inquit,
812 2211 1061 2282 probate;
1086 2209 1224 2281 quod
1252 2209 1441 2262 bonum
1466 2216 1541 2260 est
1574 2216 1758 2270 tenete,
1795 2207 1900 2261 hoc
1923 2216 2026 2269 est,

455 2317 550 2358 eas
591 2319 714 2372 qua:
744 2319 871 2358 vere
890 2312 1021 2358 sunt
1046 2301 1373 2372 prophetiae.
1399 2299 1475 2354 Ab
1508 2300 1650 2352 οηιηὶ
1673 2300 1842 2367 specie
1883 2297 2027 2351 mula

451 2392 693 2447 abstinete
716 2406 738 2447 :
761 2405 867 2445 non
890 2390 958 2445 ab
983 2389 1084 2444 hac
1107 2396 1201 2444 aut
1226 2387 1334 2455 illa,
1362 2386 1478 2451 sed,
1506 2387 1581 2441 Ab
1606 2386 1743 2440 omni
1775 2401 1793 2439 :
1820 2393 1874 2438 et
1903 2397 2030 2438 vera

451 2497 508 2540 et
534 2484 686 2550 falsa,
714 2494 772 2538 ut
796 2498 917 2538 cum
948 2481 1342 2538 examinatione
1370 2478 1688 2534 discernatis
1711 2519 1725 2543 ,
1755 2484 1810 2532 et
1832 2476 1898 2530 ab
1926 2476 2031 2529 illis

453 2579 787 2645 abstineatis,
818 2577 903 2633 his
926 2592 1057 2633 vero
1099 2575 1439 2631 adhaereatis.
1470 2574 1542 2627 lta
1570 2572 1711 2627 enim
1736 2581 1789 2626 et
1817 2570 2027 2625 illorum

450 2650 741 2726 vehemens
785 2670 887 2723 erit
914 2668 1095 2724 odium
1114 2709 1127 2730 ,
1156 2675 1210 2721 et
1250 2665 1441 2721 horum
1469 2679 1620 2718 amor
1639 2706 1653 2730 ,
1686 2661 1899 2733 quando
1924 2676 2028 2715 non

450 2764 639 2819 leviter
664 2772 718 2819 et
745 2761 878 2817 citra
905 2775 1153 2819 examen,
1178 2757 1271 2813 sed
1293 2765 1479 2811 exacte
1497 2765 1552 2810 et
1570 2764 1818 2810 accurate
1842 2754 2025 2808 omnia

451 2854 756 2910 fecerimus.
770 2852 861 2908 25.
882 2850 1002 2920 Ipse
1021 2859 1187 2904 autem
1217 2848 1355 2902 Deus
1375 2847 1514 2917 pacis
1536 2847 1812 2915 sanctificet
1833 2860 1917 2899 vos
1940 2861 2029 2914 per

448 2947 640 3013 omnia,
672 2954 718 2999 et
737 2946 927 3013 integer
954 2944 1161 3011 spiritus
1189 2952 1352 2996 vester
1379 2940 1423 2995 et
1444 2941 1615 2994 anima
1645 2949 1691 2993 et
1714 2956 1898 3009 corpus
1917 2939 2027 2993 sine

447 3040 652 3108 querela
678 3038 729 3090 in
753 3037 966 3089 adventu
1000 3035 1203 3089 Domini
1233 3034 1390 3087 nostri
1414 3032 1444 3085 J
1452 3049 1539 3086 esu
1569 3032 1755 3086 Christi
1781 3040 2025 3086 servetur.

450 3128 586 3184 Vide
603 3128 837 3184 doctoris
859 3126 1312 3182 benevolentiam:
1335 3134 1455 3193 post
1469 3124 1882 3178 admonitionem
1904 3138 2028 3194 pre-

447 3236 540 3277 ces
563 3235 775 3292 quoque
802 3218 1091 3287 subjungit,
1118 3234 1224 3272 non
1252 3215 1423 3271 solum
1447 3230 1714 3280 sermone,
1740 3214 1834 3270 sed
1864 3214 2023 3269 etiam

446 3313 502 3368 in
519 3311 717 3367 literis:
734 3324 868 3381 opus
884 3318 966 3364 est
981 3309 1123 3364 enim
1139 3318 1193 3363 et
1205 3307 1492 3361 consilioet
1508 3305 1769 3374 precibus.
1788 3306 2029 3375 Propter-

448 3418 510 3457 ea
534 3417 630 3456 nos
640 3416 852 3472 quoque
874 3401 1019 3470 prius
1035 3398 1396 3464 consulentes,
1414 3408 1537 3452 tunc
1557 3413 1651 3465 pro
1665 3397 1817 3450 vobis
1841 3411 2025 3465 preces

446 3496 743 3551 fundimus:
766 3504 821 3549 et
845 3494 946 3549 hoc
965 3494 1140 3548 sciunt
1168 3493 1257 3563 qui
1288 3492 1595 3547 suntsnt-ris
1617 3491 1805 3545 initiati
1837 3500 2029 3561 myste-

446 3589 561 3643 riis.
585 3586 690 3643 Sed
713 3587 909 3642 Paulus
930 3586 1146 3656 quidem
1164 3585 1357 3641 merito
1385 3585 1486 3640 hoc
1513 3585 1753 3647 faciebat,
1777 3599 2023 3654 magnam

446 3679 584 3749 apud
614 3679 780 3733 Deum
814 3678 1016 3733 habens
1046 3676 1292 3732 liduciam
1320 3687 1374 3732 et
1399 3676 1647 3747 loquendi
1678 3676 1977 3732 libertatem
2008 3694 2023 3732 :

450 3788 549 3826 nos
573 3782 751 3826 autent
783 3780 835 3825 et
866 3771 1068 3840 pudore
1092 3769 1276 3824 sull'usi
1308 3784 1491 3823 sumus
1521 3811 1534 3833 ,
1566 3778 1620 3823 et
1646 3768 1889 3823 ﬁduciam
1918 3785 2022 3824 non

450 3863 737 3929 habemus;
771 3862 865 3918 sed
905 3863 1154 3931 quoniam
1182 3862 1249 3917 ad
1280 3863 1381 3916 hoc
1407 3862 1680 3917 constituti
1705 3872 1760 3917 et
1796 3862 2023 3917 ordinati

447 3969 654 4019 sumus,
698 3955 799 4009 hoc
848 3953 1075 4021 agimus,
1106 3968 1227 4007 cum
1274 3952 1473 4022 indigni
1521 3952 1737 4021 quidem
1767 3954 1934 4009 simus
1971 3964 2026 4011 et

447 4046 730 4111 adsistere,
761 4054 820 4100 et
866 4046 949 4100 vel
978 4045 1285 4099 ultimorum
1314 4046 1692 4113 discipulorum
1746 4046 1920 4100 locum
1949 4055 2028 4101 te-

450 4153 611 4202 nere;
655 4137 905 4207 quoniam
940 4146 1116 4191 autem
1144 4137 1305 4189 etiam
1358 4152 1451 4204 per
1493 4137 1741 4205 indignos
1771 4148 2025 4207 operatur

446 4230 635 4299 gratia,
683 4243 790 4283 non
827 4236 1044 4298 propter
1070 4227 1215 4297 ipsos
1239 4268 1255 4289 ,
1296 4227 1389 4282 sed
1435 4238 1653 4296 propter
1698 4244 1793 4283 eos
1834 4230 2025 4299 quibus

448 4331 574 4376 sunt
615 4320 913 4392 profutura,
942 4329 1121 4375 nostra
1154 4319 1446 4375 allerimus.
1478 4321 1774 4389 Sauctiﬁcet
1801 4337 1907 4385 vos,
1938 4321 2025 4377 in-

448 4415 562 4483 quit
580 4454 595 4475 ,
642 4428 730 4484 per
755 4415 945 4476 omnia,
971 4420 1017 4466 et
1044 4413 1235 4482 integer
1263 4412 1471 4480 spiritus
1508 4422 1666 4465 uester
1696 4423 1741 4466 et
1764 4415 1935 4467 anima
1978 4424 2026 4468 et

420 4499 632 4570 corpus
695 4507 803 4559 sine
852 4505 1054 4576 querela
1104 4505 1158 4557 in
1201 4504 1419 4558 adventu
1461 4503 1664 4557 Domini
1702 4506 1861 4559 nostri
1901 4505 2025 4560 Jesu

447 4596 636 4652 Christi
664 4608 905 4651 servetur.
946 4596 1202 4667 Spiritum
1247 4597 1373 4667 quid
1416 4596 1502 4652 hic
1547 4597 1719 4651 dicit?
1743 4596 2022 4658 Charisma

450 4707 545 4745 seu
575 4690 771 4745 donum
807 4690 1116 4759 gratuitum.
1147 4689 1277 4744 Nam
1303 4690 1347 4744 si
1383 4691 1764 4748 recesserimus
1789 4690 2024 4760 splendi-

448 4783 545 4837 das
564 4781 824 4837 habentes
855 4783 1146 4852 lampades,
1182 4783 1541 4851 ingredietnur
1569 4784 1619 4838 in
1642 4784 1822 4852 Sponsi
1851 4784 2025 4838 thala-

451 4888 595 4927 mum
626 4889 640 4926 :
686 4873 767 4928 sin
791 4884 970 4928 autem
997 4876 1306 4939 exsﬁnctas,
1351 4891 1707 4945 nequaquam.
1738 4876 2024 4946 Propterea

448 4966 597 5025 dicit.
630 4963 832 5034 Integer
861 4975 1016 5019 uester
1042 4967 1252 5035 spiritus
1281 4982 1299 5019 :
1321 4966 1413 5021 illo
1439 4968 1581 5021 enim
1614 4977 1861 5022 manente
1885 4968 2026 5023 inte-

448 5070 567 5125 gro,
597 5066 653 5110 et
681 5056 724 5109 is
754 5064 952 5109 manet.
983 5054 1048 5108 Et
1076 5056 1270 5120 anima,
1301 5056 1489 5125 inquit,
1519 5067 1565 5111 et
1609 5074 1812 5127 corpus.
1842 5057 2026 5128 Neque

450 5151 591 5203 enim
616 5150 726 5217 ipsa
753 5148 951 5218 aliquid
978 5148 1174 5201 malum
1197 5150 1409 5218 accipit,
1442 5164 1541 5203 nec
1559 5149 1708 5204 illud.
1739 5150 1830 5205 24.
1865 5150 2027 5205 Fide-

450 5240 512 5294 lis
529 5248 604 5293 est
631 5240 716 5309 qui
754 5240 943 5292 vocavit
972 5256 1075 5302 vos,
1099 5241 1183 5308 qui
1211 5241 1359 5293 etiam
1390 5242 1559 5312 faciet.
1591 5241 1722 5297 Vide
1755 5243 2025 5297 humilita-

447 5339 604 5387 tem:
642 5346 761 5384 nam
792 5341 1065 5401 postquam
1114 5342 1359 5402 precatus
1413 5343 1514 5397 est,
1568 5334 1645 5389 Ne
1688 5335 2024 5402 existimetis,

451 5423 642 5493 inquit,
666 5423 806 5492 quod
838 5423 937 5478 hoc
965 5425 1053 5478 liat
1081 5439 1146 5478 ex
1168 5426 1301 5479 meis
1324 5425 1590 5495 precibus,
1620 5426 1711 5480 sed
1742 5443 1806 5481 cx
1828 5443 2025 5499 propo-

452 5516 560 5568 sito
579 5530 686 5584 quo
713 5530 809 5569 vos
834 5518 1059 5570 vocavit.
1090 5514 1145 5571 Si
1177 5517 1317 5571 enim
1344 5517 1552 5571 vocavit
1573 5517 1638 5571 ad
1668 5519 1913 5585 salutem,
1943 5531 2027 5576 est

449 5618 629 5663 autem
680 5623 877 5672 verus,
923 5609 1141 5663 omnino
1199 5608 1424 5664 salutem
1479 5609 1627 5664 dabit
1696 5626 1816 5664 cum
1871 5613 2020 5667 velit.

448 5696 541 5753 25.
576 5698 803 5761 Fratres,
829 5711 969 5753 orate
988 5718 1081 5770 pro
1102 5700 1261 5755 nobis.
1294 5700 1469 5771 Papae,
1499 5711 1693 5770 quanta
1717 5704 1985 5758 humilitas
2009 5706 2022 5759 Σ

442 5786 552 5845 Sed
571 5788 655 5844 ille
675 5788 886 5860 quidem
911 5789 1015 5847 hoc
1041 5790 1249 5848 dicebat
1270 5801 1487 5863 prepter
1510 5792 1861 5850 humilitatem
1889 5811 1904 5862 ;
1929 5812 2027 5853 nos

1196 350 1253 409 S.
1292 345 1569 408 JOANNIS
1602 340 2072 402 CHRYSOSTOMI
2112 341 2424 400 ARCHIEP.
2464 344 2989 403 CONSTANTINOP.

3618 350 3721 406 ‘64

2147 467 2325 513 autem
2356 475 2460 515 non
2490 469 2708 530 propter
2736 461 3110 527 humilitatem,
3132 461 3229 517 sed
3257 472 3471 533 propter
3496 464 3717 519 multam
3750 458 3759 470 ’

2146 550 2452 617 utilitatem,
2487 562 2538 607 ct
2560 570 2586 605 a
2621 554 2771 608 vobis
2800 570 3045 622 magnum
3074 555 3285 625 aliquod
3316 555 3517 610 lucrum
3545 555 3718 610 volen-

2146 647 2228 693 tes
2287 643 2560 709 accipcre.
2612 642 2838 699 dicimus
2898 663 2912 699 :
2964 643 3127 700 Orate
3179 645 3339 700 etiam
3398 662 3494 716 pro
3540 646 3711 701 nobis.

2142 730 2272 785 Nam
2322 735 2419 787 etsi
2474 751 2577 787 non
2624 751 2865 806 magnam
2918 752 3016 791 nec
3056 736 3422 792 admirandam
3478 753 3509 792 a
3567 738 3718 793 nobis

2141 823 2377 891 accipitis
2422 824 2722 893 utilitatem,
2777 827 2869 881 sed
2915 837 3087 883 tamen
3142 837 3357 898 propter
3405 829 3576 898 ipsum
3622 830 3718 884 hn-

2142 928 2347 980 norcm,
2397 926 2611 985 propter
2648 917 2813 987 ipsam
2870 920 3296 989 appellationum.
3344 922 3533 975 Habuit
3569 924 3716 991 quis-

2144 1004 2282 1071 piam
2337 1008 2619 1075 aliquando
2681 1009 2855 1075 lilios,
2896 1020 2949 1065 et
3003 1020 3176 1064 tamen
3212 1013 3418 1066 etiamsi
3465 1012 3577 1082 ipse
3622 1029 3717 1069 eos

2142 1094 2270 1147 nihil
2311 1096 2523 1164 juverit,
2581 1100 2674 1154 sed
2720 1110 2893 1156 tamen
2946 1104 3191 1170 quoniam
3251 1104 3345 1157 l‘uit
3398 1114 3563 1173 pater,
3614 1104 3717 1161 hoc

2144 1185 2275 1239 forte
2325 1190 2403 1241 eis
2445 1189 2801 1260 -impr0perat,
2855 1192 3039 1247 dicens
3090 1211 3102 1245 :
3151 1194 3268 1249 Uno
3320 1195 3406 1250 dic
3444 1211 3549 1251 non
3598 1212 3714 1252 sum

2141 1293 2169 1329 a
2219 1280 2366 1333 vobis
2414 1292 2630 1336 vocatus
2672 1295 2840 1353 pater.
2873 1285 3157 1355 Propterea
3190 1304 3285 1339 nos
3329 1304 3541 1357 quoque
3578 1289 3709 1344 dici-

2141 1384 2257 1421 mtts
2288 1386 2301 1421 :
2333 1370 2491 1427 Orate
2517 1373 2675 1427 etiam
2703 1392 2795 1443 pro
2814 1376 2964 1430 nobis
2988 1394 3002 1440 ;
3038 1394 3141 1430 non
3163 1386 3361 1433 temere
3388 1378 3490 1434 hoc
3504 1380 3707 1446 dicens,

2141 1461 2234 1514 sed
2284 1473 2488 1518 vestras
2535 1482 2720 1534 preces
2762 1469 2917 1523 valde
2958 1469 3291 1526 desiderans.
3339 1472 3393 1527 Si
3424 1475 3566 1529 enim
3594 1490 3709 1530 sum

2140 1551 2401 1609 obnoxius
2453 1558 2694 1611 omnium
2737 1570 2971 1613 vestrum
3023 1576 3204 1615 curam
3253 1580 3460 1633 gerere,
3512 1575 3563 1620 et
3592 1581 3711 1622 sum

2141 1641 2442 1699 redditurus
2468 1647 2726 1702 rationem
2758 1666 2772 1702 :
2799 1650 2965 1705 multo
2993 1653 3157 1722 magis
3183 1653 3357 1711 debeo
3387 1666 3592 1713 vestras
3619 1674 3712 1712 as-

2138 1734 2288 1804 sequi
2331 1750 2535 1806 preces.
2571 1738 2796 1810 Propter
2820 1756 2915 1795 vos
2962 1757 3077 1797 sum
3105 1746 3273 1815 magis
3303 1746 3567 1803 obnoxius
3590 1749 3711 1805 red—

2138 1825 2327 1881 dendis
2369 1828 2699 1899 rationibus,
2746 1841 2801 1886 et
2837 1848 2934 1888 vos
2964 1850 3093 1905 ergo
3122 1836 3253 1892 mihi
3296 1837 3503 1895 debetis
3540 1842 3711 1911 majus

2136 1916 2262 1971 dare
2289 1918 2563 1975 auxilium.
2590 1921 2680 1977 26.
2725 1922 2958 1980 Salutate
3020 1930 3203 1997 fratres
3252 1945 3424 1985 omnes
3454 1932 3507 1986 in
3535 1933 3710 1988 osculo

2135 2019 2328 2065 sancto.
2378 2010 2553 2081 Papm,
2592 2024 2822 2083 quantus
2866 2017 3055 2072 ardor!
3082 2035 3255 2090 papas,
3285 2037 3407 2091 quae
3446 2038 3599 2079 mens
3640 2036 3699 2079 et

2135 2097 2255 2166 quis
2297 2102 2505 2155 animus
2530 2102 2544 2156 !
2593 2104 2854 2171 Quoniam
2874 2147 2889 2171 ,
2919 2122 3039 2161 cum
3084 2119 3228 2165 esset
3256 2111 3451 2167 absens
3474 2155 3491 2179 ,
3522 2115 3710 2169 osculu

2135 2203 2229 2244 eos
2270 2190 2504 2248 salutare
2540 2210 2646 2249 non
2683 2206 2895 2265 poterat
2921 2239 2936 2262 ,
2982 2215 3079 2269 per
3100 2202 3236 2258 alios
3260 2218 3358 2258 eos
3381 2205 3594 2260 salutat.
3621 2209 3711 2263 Sic

2135 2294 2233 2336 nos
2258 2283 2501 2352 facimus,
2532 2295 2589 2341 ut
2615 2288 2827 2357 quando
2842 2290 3072 2347 dicimus
3100 2309 3114 2346 :
3144 2294 3247 2350 Pro
3276 2311 3363 2351 me
3405 2313 3526 2353 eum
3548 2314 3707 2355 oscu-

2136 2374 2262 2429 lare.
2318 2374 2390 2429 lta
2436 2392 2531 2433 vos
2578 2394 2790 2451 quoque
2834 2392 3014 2439 tenete
3053 2385 3224 2454 ignem
3254 2391 3489 2444 caritatis
3542 2410 3556 2446 :
3601 2408 3703 2447 non

2134 2466 2275 2520 enim
2304 2468 2532 2524 sustinet
2562 2470 2801 2527 locorum
2826 2475 3125 2540 intervalla,
3157 2479 3250 2533 sed
3278 2482 3438 2535 etiam
3472 2498 3564 2551 per
3593 2499 3706 2539 me-

2132 2555 2248 2611 dias
2274 2558 2385 2612 vias
2416 2561 2646 2629 seipsam
2682 2565 2940 2631 extendit,
2969 2578 3020 2621 ct
3038 2568 3190 2623 adest
3217 2571 3431 2641 ubique.
3480 2575 3568 2628 27.
3600 2578 3705 2628 Ad-

2127 2646 2245 2718 juro
2275 2664 2359 2702 vos
2405 2667 2494 2719 per
2519 2650 2827 2719 Dominum,
2856 2665 2911 2709 ut
2940 2658 3135 2728 legatur
3171 2662 3384 2729 epistola
3410 2665 3515 2718 htec
3542 2668 3703 2721 enini-

2132 2738 2221 2794 bus
2244 2742 2428 2796 sanctis
2454 2743 2716 2809 fratribus.
2753 2747 2865 2802 lloc
2886 2765 3098 2819 quoque
3125 2754 3358 2809 maxime
3382 2765 3466 2809 est
3489 2757 3700 2812 deside-

2131 2832 2217 2898 rii,
2252 2850 2358 2888 non
2407 2835 2543 2891 adeo
2591 2837 2851 2894 doctrina:
2901 2857 2915 2893 ε
2966 2850 3022 2894 ut
3073 2842 3195 2897 illos
3229 2860 3462 2914 quoque,
3514 2848 3699 2916 inquit,

2130 2925 2390 2995 alloquar.
2422 2926 2512 2982 23.
2540 2926 2719 2983 Gratia
2747 2928 2952 2985 Domini
2982 2934 3142 2986 nostri
3166 2932 3295 2988 .Iesu
3324 2934 3512 2990 Christi
3542 2938 3703 2992 vobis-

2129 3035 2263 3071 cum.
2298 3020 2477 3074 Amen.
2508 3022 2621 3076 Non
2670 3022 2859 3078 leviter
2891 3026 3169 3094 praecepit,
3202 3028 3299 3082 sed
3327 3028 3579 3099 adjurans
3604 3072 3619 3097 ,
3651 3040 3705 3085 ct

2130 3111 2231 3165 hoc
2282 3128 2493 3182 quoque
2537 3130 2601 3168 ex
2652 3114 2879 3170 ferventi
2928 3116 3127 3179 animo,
3171 3128 3229 3173 ut
3271 3119 3479 3174 etiamsi
3531 3121 3700 3189 ipsum

2129 3202 2493 3273 despexerint,
2520 3214 2737 3275 propter
2756 3205 3143 3276 adjurationem
3172 3208 3366 3264 faciant
3382 3210 3524 3280 quod
3541 3210 3703 3266 fuerit

2135 3305 2482 3365 praeceptum.
2541 3295 2672 3366 Ejus
2726 3299 2802 3353 rei
2852 3314 3101 3369 magnum
3149 3298 3419 3355 habebant
3463 3311 3699 3365 metum;

2133 3402 2273 3442 nunc
2311 3396 2488 3442 autem
2534 3388 2635 3444 hoc
2677 3404 2887 3460 quoque
2915 3398 2999 3445 est
3045 3393 3432 3447 conculcatnm.
3474 3394 3537 3447 Et
3559 3409 3702 3465 smpe

2126 3480 2387 3549 contingit
2413 3488 2469 3535 ut
2503 3495 2635 3549 puer
2664 3482 2842 3549 ﬂagris
2872 3482 3106 3536 cmdatur
3133 3494 3187 3537 et
3217 3483 3381 3537 Deum
3411 3483 3618 3553 adjuret
3648 3495 3705 3539 et

2127 3570 2399 3625 Christum
2429 3570 2567 3640 ejus,
2600 3581 2655 3627 et
2684 3572 2826 3626 dicat
2851 3614 2867 3636 ,
2898 3571 2971 3626 Ita
2999 3572 3330 3628 Christianus
3357 3576 3619 3641 moriaris,
3648 3586 3705 3631 et

2127 3677 2286 3717 nemo
2302 3663 2560 3729 attendat,
2576 3663 2982 3719 nctnoadvertat
2996 3675 3051 3719 ct
3073 3673 3260 3720 curet:
3297 3666 3378 3719 sin
3403 3677 3577 3722 autem
3609 3684 3702 3737 per

2128 3756 2404 3825 proprium
2436 3756 2649 3826 adjuret
2677 3757 2864 3823 lilium,
2886 3758 3065 3811 statim
3097 3769 3150 3813 et
3180 3759 3375 3812 invitus
3403 3771 3456 3814 et
3472 3759 3703 3815 stridens

2127 3849 2376 3905 dentibus
2398 3891 2412 3913 ,
2452 3851 2584 3904 iram
2616 3850 2854 3905 remittit.
2884 3850 3032 3905 Alius
3079 3866 3262 3906 rursus
3290 3851 3413 3907 dum
3447 3852 3699 3916 trahitur;

2128 3950 2183 3994 ct
2207 3941 2258 3995 in
2289 3941 2463 3996 medio
2494 3940 2611 3997 loro
2637 3941 2919 3997 abducitur
2939 3984 2955 4009 ,
2981 3941 3313 3999 adstantibus
3340 3952 3396 3999 et
3421 3944 3621 4000 Gnecis
3649 3953 3703 3999 et

2126 4031 2347 4098 JlldlDlS,
2380 4033 2610 4088 maxime
2641 4032 2923 4087 horrendis
2947 4048 3069 4088 eum
3108 4034 3199 4103 qui
3235 4033 3452 4090 abducit
3493 4035 3700 4104 adjurat

2127 4123 2495 4187 sacramentis,
2517 4135 2571 4179 et
2593 4141 2749 4180 nemo
2765 4124 3007 4180 attendit.
3028 4124 3165 4192 Quid
3188 4142 3291 4181 non
3310 4126 3486 4182 dicent
3507 4128 3697 4192 Grzeci,

2126 4215 2341 4285 quando
2390 4215 2561 4272 fidelis
2611 4217 2821 4287 adjurat
2875 4216 3082 4272 lidelem
3129 4228 3185 4273 et
3225 4218 3606 4286 Christianum,
3646 4229 3701 4275 et

2128 4308 2271 4362 nulla
2294 4309 2411 4377 ejus
2436 4309 2660 4364 habetur
2682 4309 2819 4363 ratio
2842 4348 2859 4374 ,
2882 4308 2975 4363 sed
3008 4310 3165 4363 etiam
3196 4309 3557 4380 despicimus?

2198 4402 2250 4456 ὃ.
2281 4399 2509 4453 Historia
2536 4400 2804 4470 cujusdam
2843 4399 3062 4453 ancillat.
3092 4430 3164 4440 —
3188 4399 3363 4455 Vultis
3394 4417 3505 4456 rem
3549 4401 3697 4457 vobis

2130 4507 2362 4556 uarrctn,
2388 4507 2546 4561 quam
2577 4492 2692 4560 ipse
2719 4491 2893 4545 audivi
2917 4492 2940 4543 ?
2969 4507 3142 4560 neque
3181 4492 3323 4546 enim
3355 4508 3466 4547 rem
3494 4493 3696 4560 lingens

2127 4584 2266 4647 dico,
2297 4582 2391 4636 scd
2421 4581 2656 4649 auditam
2683 4597 2714 4634 a
2742 4582 2857 4635 viro
2886 4580 2991 4635 lide
3019 4581 3200 4651 digno.
3231 4581 3435 4635 Ancilla
3457 4582 3696 4651 qtttt'dum

2127 4674 2337 4730 cuidam
2363 4676 2478 4727 viro
2509 4672 2752 4742 improbo
2798 4682 2851 4726 ct
2895 4674 3102 4741 impure
3147 4671 3365 4741 fugitivo
3395 4673 3695 4741 conjuncta,

2130 4769 2264 4836 ipsa,
2313 4782 2433 4822 cum
2481 4766 2562 4820 vir
2606 4766 2722 4836 ejus
2764 4765 2987 4819 multum
3032 4774 3320 4833 peccasset,
3351 4775 3403 4818 et
3432 4781 3460 4818 a
3487 4764 3697 4819 domina

2128 4874 2272 4918 esset
2307 4861 2615 4917 vendendus
2643 4877 2656 4913 :
2686 4859 2886 4931 majora
2916 4860 3058 4915 enim
3109 4869 3262 4914 erant
3300 4871 3511 4930 peccata
3542 4878 3695 4931 quam

2131 4965 2188 5008 ut
2215 4956 2261 5008 ei
2285 4954 2395 5008 dari
2421 4962 2600 5023 pUSsel
2623 4954 2777 5007 venia
2801 4969 2817 5020 ;
2849 4961 2903 5008 et
2929 4952 3123 5010 mulier
3152 4963 3267 5006 erat
3294 4952 3468 5019 vidua,
3497 4964 3550 5007 et
3576 4970 3697 5007 eum

2129 5048 2412 5117 castigare,
2443 5062 2564 5101 cum
2590 5045 2706 5116 ejus
2748 5045 2963 5101 domum
2995 5045 3245 5116 perderet
3272 5086 3287 5109 ,
3322 5061 3427 5100 non
3457 5056 3696 5114 poterat;

2129 5140 2224 5194 sed
2261 5148 2519 5195 statuerat
2540 5139 2771 5195 vendere
2807 5138 3039 5193 :deinde
3065 5152 3186 5193 esse
3226 5136 3484 5192 nefarium
3514 5138 3701 5192 existi-

2132 5248 2281 5286 mans
2307 5232 2520 5287 domina
2546 5233 2717 5285 virum
2744 5233 2812 5286 ah
2840 5248 3005 5285 uxore
3033 5246 3308 5301 separare,
3339 5231 3525 5285 maluit
3556 5232 3697 5284 illam

2132 5327 2406 5380 mulierem
2435 5326 2675 5395 quannis
2704 5324 2910 5395 lrugiet
2939 5324 3119 5378 utilem
3147 5323 3304 5377 simul
3333 5338 3454 5376 cum
3487 5338 3551 5377 eo
3576 5340 3699 5377 νειμ

2130 5420 2258 5474 dere
2283 5459 2298 5484 ,
2330 5434 2490 5488 quam
2521 5419 2661 5472 illam
2691 5418 3107 5487 separationem.
3144 5416 3345 5471 Videns
3370 5431 3499 5485 ergo
3525 5415 3698 5485 puella

2131 5527 2189 5566 se
2233 5525 2352 5566 esse
2404 5512 2673 5564 redactam
2704 5513 2755 5564 in
2786 5525 3029 5579 magnam
3058 5508 3220 5561 animi
3270 5508 3701 5578 perplexitatem,

2131 5604 2350 5659 veniens
2376 5604 2440 5657 ad
2474 5603 2818 5659 reverendam
2850 5617 3130 5671 personam
3156 5602 3385 5656 domina:
3414 5617 3526 5655 sua:
3552 5600 3706 5656 lanti-

2132 5697 2336 5760 liarem,
2368 5712 2486 5765 qua:
2516 5706 2571 5750 et
2596 5695 2723 5750 mihi
2757 5694 3022 5759 narravit,
3053 5704 3107 5748 ct
3145 5708 3314 5762 genua
3345 5692 3703 5761 prehendens,

2133 5790 2461 5861 multumque
2503 5789 2801 5861 lacrymans
2840 5795 2897 5843 et
2937 5784 3163 5855 cjulaus,
3208 5784 3411 5856 rogavit
3456 5792 3513 5838 ut
3552 5797 3706 5839 suam
