4112 6398
374 364 485 424 463

377 482 569 552 δηλοῦν
591 480 861 555 βούλεται,
892 485 1050 542 τοῦτό
1080 489 1198 544 ἐστι
1220 506 1234 521 ⁸
1254 491 1346 547 Μία
1379 491 1565 565 ἐπειδὴ
1595 510 1739 557 τινες
1759 489 1953 562 ψευδο-

376 568 664 639 προφῆται
695 572 832 642 παρ’
864 570 996 643 ύμῖν
1021 574 1152 639 είσι,
1184 573 1255 629 δι’
1297 576 1543 640 ἐκείνους
1586 576 1682 631 καὶ
1728 565 1957 638 τούτους

375 653 656 725 κωλύσητε
680 655 774 708 καὶ
795 655 1188 729 ἀποστραφῖπε
1216 659 1444 725 αὐτούς·
1474 660 1551 732 μὴ
1577 660 1835 715 σϐέννυτε
1864 658 1957 714 αύ-

371 738 530 802 τούς⁸
570 739 842 808 τουτέστι,
876 744 1244 811 προφητείας
1263 742 1349 814 μὴ
1372 744 1765 809 ἐξουθενεῖτε.

445 824 511 895 β’.
527 825 695 898 Ὀρᾷς
708 827 791 882 ὅτι
808 826 967 882 τοῦτό
980 830 1128 884 ἐστιν
1140 832 1169 884 ὅ
1184 848 1343 902 φησι,
1366 830 1570 886 Πάντα
1591 830 1952 902 δοκιμάζετε.

386 912 602 985 Ἐπειδὴ
631 910 775 980 εἷπε,
806 918 1175 988 Προφητείας
1206 917 1293 988 μὴ
1319 918 1711 985 ἐξουθενεῖτε,
1752 920 1839 973 ἴνα
1879 918 1957 991 μὴ

373 1000 669 1069 νομίσωσιν
697 1001 975 1060 ὄτιπᾶσιν
1005 1003 1207 1075 ἀνέῳξε
1237 1009 1300 1058 τὸ
1336 1006 1510 1077 βῆμα,
1548 1005 1769 1069 Πάντα,
1798 1008 1954 1077 φησὶ,

371 1084 738 1157 δοκιμάζετε,
779 1090 847 1144 τὸ
897 1090 968 1144 δὲ
1000 1093 1194 1146 καλὸν
1223 1093 1525 1161 κατέχετε,
1558 1094 1825 1160 τουτέστι,
1853 1094 1957 1157 τὰς

371 1173 541 1238 ὅντως
576 1176 914 1247 προφητείας
933 1188 981 1232 ι.
1026 1178 1170 1233 Ἀπὸ
1198 1179 1427 1245 παντὸς
1454 1178 1656 1244 είδους
1684 1179 1955 1247 πονηροῦ

370 1255 669 1324 ἀπέχεσθε
687 1272 704 1291 ⁸
730 1259 806 1329 μὴ
834 1258 1023 1313 τούτου
1056 1261 1090 1333 ἢ
1126 1262 1358 1322 ἐκείνου,
1377 1261 1515 1326 ἀλλ’,
1540 1262 1681 1316 Ἀπὸ
1704 1262 1950 1328 παντός·

372 1350 466 1401 καὶ
496 1349 563 1402 τά
583 1347 753 1421 ψευδῆ
779 1350 872 1403 καὶ
908 1352 976 1404 τά
995 1350 1172 1422 ἀληθῆ
1205 1352 1292 1405 ἵνα
1321 1352 1458 1421 μετὰ
1482 1352 1811 1422 δοκιμασίας
1837 1353 1954 1408 δια-

372 1434 616 1505 κρίνητε,
648 1437 744 1490 καὶ
768 1436 994 1491 ἐκείνων
1018 1438 1324 1508 ἀπέχησθε,
1366 1440 1461 1495 καὶ
1494 1439 1700 1494 τούτων
1726 1439 1951 1512 έχησθε.

370 1518 529 1573 οὓτω
565 1519 677 1591 7&9
730 1521 996 1574 κάκείνων
1040 1522 1270 1598 σφοδρὸν
1318 1522 1382 1576 τὸ
1432 1525 1590 1594 μῖσος
1635 1523 1813 1592 ἔσται,
1856 1525 1954 1579 καὶ

370 1603 577 1658 τούτων
623 1607 658 1674 ἡ
718 1603 867 1677 [504]
917 1605 1104 1677 ἀγάπη
1156 1605 1388 1674 γίνεται,
1441 1608 1571 1661 ὅταν
1627 1610 1703 1679 μὴ
1764 1608 1953 1674 ἁπλῶς

373 1688 513 1757 μηδέ
557 1688 967 1755 ἀνεξετάστως,
1030 1686 1167 1742 ἀλλά
1221 1689 1361 1759 μετὰ
1401 1690 1686 1763 ἀκριϐείας
1738 1693 1954 1746 ἅπαντα

372 1776 720 1846 πράττωμεν.
757 1777 952 1840 Αὐτὸς
998 1776 1067 1830 δὲ
1114 1778 1149 1835 ὸ
1182 1778 1326 1844 Θεὸς
1358 1777 1471 1848 τῆς
1508 1778 1754 1850 εἰρήνης
1788 1779 1953 1850 ἁγιά-

371 1880 477 1917 σαι
528 1864 687 1933 ῠμᾶς
742 1864 1064 1932 ὁλοτελεῖς,
1112 1859 1217 1921 καὶ
1274 1868 1621 1935 ὀλόκληρον
1674 1867 1843 1938 ὑμῶν
1882 1870 1951 1924 τὸ

371 1947 609 2017 πνεῦμα
660 1948 761 2002 καὶ
801 1948 842 2017 ή
895 1948 1068 2019 ψυχὴ
1112 1950 1211 2006 καὶ
1249 1950 1317 2003 τὸ
1345 1949 1517 2020 σῶμα
1546 1952 1852 2021 ἀμέμπτως
1885 1952 1955 2007 ἐν

372 2034 446 2103 τῇ
479 2035 785 2104 παρουσίᾳ
830 2035 937 2090 τοῦ
987 2036 1213 2105 Κυρίου
1254 2036 1428 2106 ἡμῶν
1468 2038 1674 2105 Ἰησοῦ
1702 2041 1953 2109 Χριστοῦ

371 2124 678 2193 τηρηθείη.
699 2123 844 2195 Ὀρα
878 2123 1201 2179 διδασκάλω
1240 2126 1657 2198 φιλοστοργίαν·
1690 2127 1829 2199 μετὰ
1855 2128 1954 2200 τὴν

375 2212 698 2284 παραίνεσιν
739 2211 838 2265 καὶ
879 2210 1046 2285 εῠχὴν
1083 2211 1282 2282 ἐπάγει
1311 2229 1326 2245 ⁸
1365 2214 1460 2267 καὶ
1483 2214 1546 2268 ού
1573 2214 1729 2269 τοῦτο
1771 2216 1951 2285 μόνον,

374 2296 511 2350 ἀλλά
533 2296 628 2351 καὶ
660 2297 721 2351 ἐν
748 2298 860 2360 τοῖς
888 2296 1180 2368 γράμμασι
1205 2309 1223 2328 ⁸
1252 2296 1333 2350 δεῖ
1364 2297 1474 2369 γάρ
1513 2299 1609 2351 καὶ
1637 2299 1954 2372 συμϐουλῆς

376 2379 472 2433 καὶ
515 2380 699 2451 εὐχῆς.
741 2380 842 2435 Διά
880 2378 1041 2434 τοῦτο
1082 2379 1177 2434 καὶ
1210 2382 1375 2452 ἡμεῖς
1404 2381 1673 2453 πρότερον
1716 2384 1956 2455 συμϐου-

372 2461 644 2527 λεύοντες,
666 2463 787 2517 τότε
814 2463 914 2528 τάς
956 2462 1097 2535 ὑπὲρ
1126 2463 1281 2532 ὑμῶν
1304 2464 1468 2535 εὐχάς
1500 2464 1802 2537 ποιούμεθα
1826 2484 1840 2497 ⁸
1859 2471 1956 2523 καὶ

372 2545 531 2601 τοῦτο
559 2548 738 2601 ίσασιν
766 2547 816 2600 οί
845 2546 1210 2619 μεμυημένοι.
1229 2546 1370 2600 Ἀλλ’
1397 2548 1427 2600 ὁ
1460 2548 1561 2619 μὲν
1588 2549 1802 2615 Παῦλος
1818 2554 1957 2607 είκό-

374 2646 483 2694 τως
515 2629 675 2683 τοῦτο
699 2630 896 2696 ἐποίει,
933 2629 1135 2701 πολλὴν
1160 2630 1297 2703 πρὸς
1319 2629 1413 2685 τὸν
1445 2631 1579 2686 Θεὸν
1608 2634 1707 2704 τὴν
1733 2636 1955 2707 παρρη-

377 2714 499 2768 σίαν
536 2713 676 2785 έχων
702 2730 716 2744 ⁸
768 2716 933 2786 ἡμεῖς
979 2714 1037 2767 δὲ
1077 2714 1529 2787 κατῃσχυμμένοι
1563 2717 1659 2771 καὶ
1692 2718 1953 2791 ἀπαρρη-

375 2798 751 2862 σίαστοιῦντες
769 2814 784 2827 ⁸
802 2797 918 2852 ἀλλ’
940 2797 1127 2870 ἐπειδὴ
1158 2800 1238 2862 είς
1256 2796 1415 2852 τοῦτο
1439 2800 1765 2873 ἐτάχθημεν,
1792 2804 1958 2874 πράτ-

372 2899 540 2954 τομεν
561 2882 712 2946 αὐτὸ,
725 2881 932 2947 ἀνάξιοι
949 2882 1047 2955 μὲν
1065 2881 1214 2946 ὄντες
1237 2882 1329 2936 καὶ
1358 2885 1716 2955 παρεστάναι,
1737 2886 1957 2941 καὶτῶν

374 2973 620 3045 ἐσχάτων
651 2972 911 3043 μαθητῶν
938 2971 1030 3025 τὸν
1053 2971 1217 3026 τόπον
1253 2972 1472 3042 ἐπέχειν
1504 2990 1519 3003 ⁸
1550 2976 1741 3046 ἐπειδὴ
1772 2976 1829 3030 δὲ
1861 2978 1958 3032 καὶ

374 3057 442 3111 δι’
464 3056 695 3124 ἀναξίων
729 3058 762 3126 ἡ
790 3056 949 3127 χάρις
978 3057 1210 3126 ἐνεργεῖ,
1246 3057 1307 3111 οὐ
1333 3056 1401 3111 δι’
1442 3058 1662 3125 αὐτοὺς,
1695 3061 1835 3116 ἀλλὰ
1868 3063 1957 3117 διὰ

373 3142 501 3205 τοὺς
550 3139 842 3212 μέλλοντας
899 3136 1227 3207 ὠφελεῖσθαι
1270 3140 1341 3193 τά
1407 3143 1539 3213 παρ’
1592 3144 1801 3199 ἑαυτῶν
1849 3147 1960 3200 είσ-

374 3226 633 3296 φέρομεν.
670 3221 941 3293 Ἀγιάσαι
1001 3221 1178 3292 ὑμᾶς,
1231 3226 1415 3295 φησιν,
1467 3227 1790 3296 ὁλοτελεῖς,
1856 3232 1958 3286 καὶ

372 3312 711 3378 ὀλόκληρον
766 3308 935 3378 ὑμῶν
980 3307 1050 3363 τὸ
1102 3308 1336 3378 πνεῦμα
1378 3310 1475 3364 καὶ
1537 3310 1575 3378 ἡ
1628 3312 1799 3382 ψυχὴ
1859 3316 1961 3370 καί

372 3398 441 3451 τὸ
473 3395 653 3466 σῶμα
695 3395 1014 3466 ἀμέμπτως
1067 3397 1137 3450 ἐν
1196 3394 1275 3465 τῇ
1314 3398 1618 3465 παρουσίᾳ
1674 3400 1783 3453 τοῦ
1845 3407 1961 3457 Κυ-

367 3483 504 3551 ρίου
546 3480 716 3551 ἠμῶν
764 3479 961 3550 Ἰησοῦ
998 3479 1256 3550 Χριστοῦ
1302 3482 1603 3550 τηρηθείη.
1645 3483 1718 3537 Τὸ
1746 3486 1961 3557 πνεῦμα

370 3568 425 3619 τί
454 3585 617 3638 φησιν
649 3565 884 3621 ἐνταῦθα
908 3582 923 3633 ;
949 3566 1024 3620 Τὸ
1051 3566 1431 3638 χάρισμα.“Αν
1478 3566 1577 3637 μὲν
1635 3568 1746 3641 γὰρ
1804 3570 1958 3641 έχον-

372 3666 466 3713 τες
523 3650 780 3722 λαμπρὰς
830 3651 929 3714 τὰς
970 3648 1261 3721 λαμπάδας
1310 3648 1670 3719 ἀπέλθωμεν,
1727 3654 1959 3708 είσελευ-

376 3739 583 3810 σόμεθα
608 3742 688 3803 είς
719 3739 811 3793 τὸν
835 3736 1102 3809 νυμφῶνα
1122 3753 1136 3768 ⁸
1168 3738 1234 3792 ἂν
1270 3738 1327 3791 δέ
1352 3736 1711 3809 ἐσϐεσμένας,
1745 3742 1955 3800 οὐκέτι,

373 3822 474 3876 Διά
525 3821 681 3877 τοῦτο
729 3839 914 3894 φησιν,
960 3821 1328 3889 Ὀλόκληρον
1357 3823 1526 3893 ὑμῶν·
1567 3822 1635 3877 τὸ
1668 3825 1910 3896 πνεῦμα
1937 3845 1949 3858 ⁸

374 3906 585 3959 ἐκείνου
641 3906 749 3978 γὰρ
806 3907 1056 3976 μένοντος
1095 3906 1376 3977 ἀκεραίου,
1418 3909 1515 3963 καὶ
1564 3907 1722 3962 τοῦτο
1779 3912 1953 3982 μένει.

373 3989 489 4044 Καὶ
525 3990 565 4058 ἡ
604 3989 800 4059 ψυχὴ,
840 3990 998 4061 φησὶ,
1046 3989 1237 4044 καὶτὸ
1273 3992 1463 4061 σῶμα.
1508 3991 1646 4046 Οὔτε
1675 3993 1783 4066 γὰρ
1819 3996 1955 4067 αὐτή

374 4091 429 4127 τι
458 4072 697 4145 πονηρὸν
720 4072 955 4144 δέχεται,
974 4070 1292 4128 οὔτ’ὲκεῖνο.
1309 4074 1506 4139 Πιστὸς
1533 4077 1561 4129 ὁ
1586 4076 1768 4130 καλῶν
1792 4079 1956 4149 ὑμᾶς,

375 4155 436 4220 ὃς
464 4157 560 4211 καὶ
591 4156 829 4227 ποιήσει.
874 4157 1016 4226 Ὅρα
1053 4155 1151 4225 τὴν
1183 4157 1686 4231 ταπεινοφροσύνην
1706 4175 1720 4190 ⁸
1772 4162 1958 4232 ἐπειδὴ

377 4244 488 4316 γάρ
518 4243 745 4314 ηὔξατο,
778 4242 852 4314 μὴ
878 4242 1163 4313 νομίσητε,
1194 4243 1376 4312 φησὶν,
1407 4244 1489 4297 ὅτι
1517 4246 1626 4299 ἀπὸ
1660 4245 1771 4300 τῶν
1808 4248 1957 4318 ἐμῶν

377 4331 551 4403 εὐχῶν
580 4330 739 4386 τοῦτο
759 4332 990 4398 γίνεται,
1013 4329 1128 4383 ἀλλ’
1153 4332 1218 4382 ἐκ
1246 4332 1344 4400 τῆς
1371 4331 1702 4403 προθέσεως,
1716 4328 1784 4406 ἦς
1812 4334 1957 4405 ὑμᾶς

377 4418 659 4473 ἐκάλεσεν.
692 4418 754 4471 Εἰ
786 4417 894 4488 γὰρ
932 4418 1012 4479 είς
1052 4417 1325 4487 σωτηρίαν
1359 4419 1639 4487 ἐκάλεσεν,
1667 4421 1873 4493 ἀληθὴς
1899 4423 1957 4477 δέ

379 4509 517 4573 ἐστι,
552 4507 771 4568 πάντως
794 4505 956 4558 σώσει
981 4503 1327 4574 βουλόμενος.
1373 4506 1664 4577 Ἀδελφοί,
1703 4512 1958 4577 προσεύ-

377 4594 564 4659 χεσθε
593 4589 848 4656 καὶπερὶ
873 4587 1061 4657 ἡμῶν.
1083 4587 1277 4650 Βαϐαὶ,
1291 4587 1429 4658 πόση
1450 4593 1952 4663 ταπεινοφροσύνηί

393 4678 533 4731 Ἀλλ’
548 4679 755 4741 ἐκεῖνος
783 4678 880 4748 μὲν
900 4677 1399 4749 ταπεινοφροσύνης
1424 4678 1629 4747 ἕνεκεν,
1646 4681 1808 4734 τοῦτο
1840 4683 1957 4736 ἐλε-

377 4783 496 4834 γεν,
546 4768 711 4838 ἡμεῖς
732 4766 790 4819 δὲ
815 4765 876 4820 οὐ
906 4765 1406 4838 ταπεινοφροσύνης
1438 4765 1646 4834 ἐνεκεν,
1672 4768 1787 4822 ἀλλ’
1814 4769 1957 4839 ὠφε-

378 4854 533 4919 λείας
560 4854 784 4922 πολλῆς,
810 4853 905 4906 καὶ
937 4854 1078 4923 μέγα
1111 4871 1164 4907 τι
1194 4854 1323 4923 παρ’
1359 4853 1511 4925 ὑμῶν
1540 4855 1797 4927 κερδᾶναι
1827 4857 1954 4926 βου-

378 4942 627 5013 λόμενοι,
661 4941 925 5012 λέγομεν,
965 4940 1340 5012 Προσεύχεσθε
1387 4944 1482 4995 καὶ
1515 4944 1645 5014 περὶ
1681 4944 1857 5015 ἡμῶν,
1891 4946 1955 4999 ΕΖ

378 5028 489 5101 γὰρ
517 5030 615 5082 καὶ
655 5029 822 5100 μηδὲν
842 5027 1123 5097 ὡφελῆσθε
1152 5029 1281 5097 παρ’
1317 5028 1474 5100 ἡμῶν
1501 5030 1645 5099 μέγα
1673 5031 1806 5101 μηδὲ
1822 5031 1953 5085 θαυ-

383 5115 613 5186 μαστὸν,
655 5116 769 5171 ἀλλ’
816 5118 965 5187 ὅμως
997 5115 1066 5170 δι’
1098 5116 1274 5187 αὐτὴν
1314 5115 1413 5185 τὴν
1456 5116 1646 5189 τιμὴν,
1676 5115 1744 5170 δι’
1784 5117 1953 5189 αὐτὴν

377 5204 478 5273 τὴν
514 5204 908 5275 προσηγορίαν.
940 5205 1103 5274 Ἔσχε
1132 5220 1216 5267 τις
1256 5203 1450 5267 παῖδάς
1490 5221 1640 5268 ποτε,
1677 5204 1773 5259 καὶ
1803 5206 1952 5276 ὅμως

376 5288 428 5340 εί
478 5288 577 5341 καὶ
621 5288 789 5359 μηδὲν
833 5287 1146 5358 ὠφέληνται
1194 5289 1327 5357 παρ’
1375 5288 1563 5354 αὐτοῦ,
1615 5289 1729 5343 ἀλλ’
1766 5289 1951 5361 ἐπειδὴ

381 5371 566 5442 πατὴρ
598 5371 811 5440 γέγονε,
840 5369 1001 5424 τοῦτο
1030 5371 1159 5434 ἴσως
1186 5369 1548 5439 προϐάλλεται
1582 5370 1779 5441 λέγων,
1803 5374 1952 5428 Μίαν

378 5453 535 5522 ὑμῶν
578 5453 793 5524 ἡμέραν
828 5453 928 5507 οὐκ
965 5452 1199 5524 ἐκλήθην
1246 5453 1450 5524 πατήρ.
1504 5453 1601 5507 Διά
1650 5454 1804 5508 τοῦτο
1857 5457 1952 5509 καὶ

376 5538 543 5607 ἡμεῖς
573 5535 829 5608 λέγομεν,
870 5534 1245 5609 Προσεύχεσθε
1300 5538 1396 5589 καὶ
1441 5537 1569 5607 περὶ
1613 5537 1803 5608 ἡμῶν⁸
1853 5539 1951 5610 οὐχ

445 5697 476 5728 ⁸
506 5694 897 5761 Ηφαηρυτέστι,
914 5697 998 5761 τὰς
1022 5696 1169 5753 ὄντως
1205 5697 1506 5761 προφητείας,
1547 5710 1658 5761 quae
1685 5704 1796 5759 post
1821 5701 1949 5748 δοκι-

381 5757 551 5822 μάζετε
572 5758 883 5822 leggbgmuj.
918 5759 1015 5811 huc
1044 5757 1398 5820 remeavimus,
1425 5757 1708 5822 postulanté
1732 5774 1880 5813 sensu
1900 5770 1951 5814 et

379 5818 791 5882 probante'Colb.
814 5820 947 5872 Enn.
1178 5822 1182 5827 ”

1290 372 1357 429 IN
1396 372 1617 432 EPIST.
1656 373 1679 431 1
1723 374 1817 430 AD
1852 368 2190 429 THESSAL.
2230 371 2385 429 CAP.
2423 370 2486 430 V.
2527 370 2765 430 IIOMIL.
2805 372 2900 429 XI.

3536 381 3643 435 464

2058 485 2245 551 ἀπλῶς
2270 487 2429 541 τοῦτο
2455 488 2652 558 λέγων,
2693 488 2831 543 ἀλλὰ
2861 488 3003 543 πάνυ
3046 489 3333 561 ἐφιέμενος
3357 490 3464 546 τῶν
3504 494 3643 565 ὑμε-

2057 570 2237 639 τέρων
2262 571 2459 643 εὐχῶν.
2511 574 2573 626 Εἰ
2606 573 2718 644 γάρ
2746 572 3047 637 ὑπεύθυνος
3079 573 3348 644 ἐγενόμην
3380 574 3480 645 τῆς
3509 578 3647 631 πάν·-

2058 669 2168 707 των
2193 654 2347 724 ὑμῶν
2398 656 2760 726 προστασίας,
2791 657 2889 711 καὶ
2927 657 3119 725 λόγους
3160 656 3384 727 ὑπέχειν
3428 659 3639 728 μέλλω,

2057 738 2239 809 πολλῷ
2277 739 2478 811 μᾶλλον
2517 740 2719 810 ὀφείλω
2749 739 2849 810 τῆς
2882 742 3016 812 παρ’
3048 740 3204 812 ὑμῶν
3230 741 3526 795 ἀπολαύειν
3561 745 3648 796 εὑ-

2054 823 2175 894 χῆς.
2203 823 2271 876 Αἱ
2299 824 2522 877 εὐθῦναί
2550 842 2642 896 μοι
2686 824 2907 895 μείζους
2945 823 3195 892 ἐγένοντο
3219 825 3287 879 δι’
3316 825 3482 895 ὑμᾶς·
3515 826 3646 879 οὐκ..

2058 904 2153 958 οὖν
2182 906 2332 977 καὶὴ
2366 906 2591 977 βοήθεια
2638 907 2840 961 πλείων
2868 908 2997 980 παρ’
3024 907 3203 980 ὑμῶν.
3243 907 3639 963 Ἀσπάσασθε

2055 989 2199 1055 τοὺς
2227 990 2535 1059 ἀδελφοὺς
2567 990 2805 1059 πάντας
2841 992 2912 1045 ἐν
2939 992 3087 1061 ἁγίῳ
3115 992 3425 1061 φιλήματι.
3470 992 3647 1045 Βαόαὶ

2053 1073 2152 1144 τῆς
2183 1072 2548 1145 θερμότητοςί
2588 1074 2753 1146 βαϐαὶ
2781 1074 2883 1145 τῆς
2920 1075 3193 1139 διανοίαςί
3238 1074 3457 1147 Ἐπειδὴ
3487 1075 3647 1147 φιλὴ-

2058 1172 2192 1225 ματι
2241 1157 2441 1220 αὐτοὺς
2490 1158 2843 1212 ἀσπάσασθαι
2883 1159 2983 1211 οὐκ
3014 1158 3247 1229 ἡδύνατο
3270 1158 3422 1230 [505)
3464 1158 3643 1224 ἀπὼν,

2055 1237 2123 1291 δι’
2146 1239 2348 1307 ἐτέρων
2376 1241 2573 1304 αὐτοὺς
2597 1240 2903 1305 ἀσπάζεται
2927 1259 2943 1274 ⁸
2968 1241 3111 1295 οὓτω
3143 1242 3237 1295 καὶ
3271 1242 3431 1311 ἡμεῖς
3461 1241 3646 1295 ποιοῦ-

2058 1338 2179 1391 μεν,
2235 1322 2311 1385 ὡς
2348 1323 2477 1376 ὅταν
2535 1322 2807 1393 λέγωμεν,
2854 1322 3088 1394 Φίλησον
3133 1324 3297 1377 αὑτὸν
3337 1324 3451 1377 ἀντ’
3480 1322 3641 1395 ἐμοῦ.

2055 1403 2213 1457 Οῦτω
2243 1406 2337 1457 καὶ
2376 1405 2531 1459 αὐτοὶ
2570 1407 2831 1477 κατέχετε
2869 1406 2933 1461 τὺ
2982 1405 3095 1478 πῦρ
3137 1407 3239 1478 τῆς
3288 1408 3544 1479 ἀγάπης·
3577 1408 3642 1462 ού

2054 1489 2164 1560 γὰρ
2210 1490 2467 1560 ἀνέχεται
2528 1490 2953 1561 διαστημάτων,
2998 1490 3137 1546 ἀλλά
3190 1494 3284 1547 καὶ
3324 1493 3413 1546 διὰ
3460 1494 3645 1564 μέσων

2053 1574 2164 1628 τῶν
2188 1574 2325 1627 έδῶν
2360 1576 2563 1647 ἑαυτὴν
2601 1575 2855 1638 ἐκτείνει,
2894 1576 2990 1630 καὶ
3032 1575 3312 1647 πανταχοῦ
3351 1577 3642 1648 πάρεστιν.

2065 1657 2297 1726 Ὁρκίζω
2322 1656 2478 1727 ὑμᾶς
2501 1658 2609 1712 τὸν
2635 1660 2875 1727 Κύριον,
2902 1660 3364 1731 ἀναγνωσθῆναι
3383 1659 3500 1729 τὴν
3513 1661 3646 1716 ἐπιε-

2053 1739 2292 1807 στολὴν
2323 1739 2473 1796 πᾶσι
2500 1741 2625 1809 τοῖς
2651 1742 2843 1811 ἁγίοις
2871 1742 3179 1813 ἀδελφοῖς.
3212 1744 3324 1797 Καὶ
3354 1742 3512 1797 τοῦτο
3541 1745 3641 1798 πό-

2055 1824 2150 1877 θου
2186 1825 2449 1894 μάλιστα,
2494 1826 2555 1878 οὐ
2592 1826 2946 1891 διδασκαλίας
2986 1826 3243 1882 τοσοῦτον
3272 1844 3286 1859 ⁸
3329 1828 3416 1881 ἵνα
3455 1829 3643 1883 κάκεί-

2053 1923 2164 1971 νοις
2185 1901 2230 1961 ὧ
2254 1907 2802 1980 προσδιαλεγόμενος,
2826 1911 3017 1982 φησίν·
3066 1910 3137 1965 Ἦ
3178 1899 3353 1981 χάρις
3387 1911 3493 1965 τοῦ
3526 1913 3643 1966 Κυ-

2045 1996 2185 2065 ρίου
2225 1996 2397 2066 ήμῶν
2440 1998 2647 2066 Ἰησοῦ
2692 1998 2956 2069 Χριστοῦ
2998 2002 3128 2070 μεθ’
3176 1998 3366 2070 ὑμῶν.
3430 1999 3640 2070 Ἀμήν.

2054 2082 2168 2137 Καὶ
2196 2082 2295 2152 οὐχ
2324 2082 2511 2147 ἁπλῶς
2540 2083 2842 2152 ἐπιτάττει,
2871 2084 2985 2139 ἀλλ’
3016 2086 3273 2157 ὁρκίζων,
3305 2085 3412 2139 ἀπὸ
3432 2085 3642 2157 θερμῆς

2052 2164 2292 2229 διανοίας
2324 2167 2417 2219 καὶ
2446 2164 2607 2219 τοῦτο
2640 2167 2833 2232 ποιῶν,
2867 2168 2953 2221 ἵνα
2974 2167 3078 2222 κᾶν
3115 2167 3279 2221 αὑτοῦ
3302 2169 3641 2239 καταφρονὴ-

2054 2265 2211 2311 σωσι,
2245 2248 2335 2303 διά
2370 2249 2462 2304 τὸν
2499 2250 2763 2321 όρκισμὺν
2807 2251 3055 2323 πράξωσι
3086 2251 3148 2306 τὸ
3180 2252 3491 2323 ἐπιταχθέν.
3520 2253 3638 2307 Μέ-

2054 2350 2158 2403 γαν
2199 2331 2309 2404 γὰρ
2351 2328 2498 2403 εἶχον
2534 2334 2655 2387 τότε
2691 2334 2856 2403 φόϐον
2889 2334 2983 2388 τοῦ
3030 2335 3355 2407 πράγματος
3376 2352 3390 2367 ⁸
3429 2336 3548 2389 νυνὶ
3581 2335 3641 2390 δέ

2054 2416 2151 2471 καὶ
2178 2416 2339 2471 τοῦτο
2372 2417 2702 2488 πεπάτηται.
2723 2419 2833 2471 Καὶ
2859 2418 2975 2472 ἐστι
2996 2418 3258 2483 πολλάκις
3291 2421 3419 2482 παῖς
3448 2435 3642 2489 μαστι-

2052 2503 2300 2574 ζόμενος,
2327 2503 2423 2557 καὶ
2448 2502 2687 2575 ὁρκίζων
2711 2502 2802 2556 τὸν
2833 2502 2967 2556 Θεὸν
3004 2503 3100 2557 καὶ
3143 2503 3235 2556 τὸν
3274 2503 3512 2575 Χριστὸν
3541 2503 3640 2557 αὺ-

2054 2588 2171 2654 τοῦ,
2195 2590 2309 2655 καὶ,
2330 2588 2476 2643 οὕτω
2496 2586 2821 2658 Χριστιανὸς
2841 2586 3156 2651 ἀποθάνοις,
3181 2586 3276 2640 καὶ
3285 2586 3460 2651 οὐδεὶς
3478 2602 3644 2658 προσ-

2054 2672 2367 2742 έχει,οὐδεὶς
2384 2671 2757 2743 ἐπισρέφεται·
2777 2671 2845 2725 ἂν
2863 2670 2926 2742 δὲ
2953 2670 3047 2723 τὸν
3067 2670 3183 2722 υἱδν
3220 2670 3310 2722 τὸν
3336 2669 3465 2723 ἴδιον
3487 2669 3642 2741 ὁρκί-

2057 2771 2146 2826 σῃ,
2166 2754 2367 2818 εὐθέως
2388 2755 2484 2809 καὶ
2500 2755 2670 2821 ἄκων,
2692 2753 3003 2825 καὶτρίζων
3031 2755 3160 2817 τοὺς
3186 2753 3429 2818 ὀδόντας,
3448 2753 3642 2823 ὑφίησι

2055 2839 2151 2892 τοῦ
2192 2838 2389 2909 θυμοῦ.
2417 2838 2611 2911 ’ξΑλλος
2641 2838 2807 2892 πάλιν
2829 2837 3142 2908 ἑλκόμενος,
3164 2837 3512 2908 ἀπαγόμενος
3548 2836 3642 2891 ἐπὶ

2061 2924 2233 2995 μέσης
2254 2926 2352 2994 τῆς
2378 2923 2707 2993 ἁγορᾶς,καὶ
2736 2921 3005 2991 Ἐλλήνων
3026 2920 3120 2972 καὶ
3153 2920 3420 2976 Ἰουδαίων
3441 2921 3641 2992 παρόν-

2058 3025 2186 3070 των,
2209 3008 2362 3078 ὁρκοῖ
2387 3005 2479 3059 τὸν
2511 3005 2795 3073 ἀπάγοντα
2814 3005 3011 3072 ὅρκους
3038 3004 3532 3075 φρικωδεστάτους,
3549 3004 3645 3056 καὶ

2059 3090 2233 3155 οὐδεὶς
2267 3088 2556 3161 προσέχει.
2601 3087 2667 3141 Τί
2723 3088 2826 3140 οὐκ
2864 3087 3083 3158 ἐροῦσιν
3118 3089 3168 3140 οἱ
3209 3087 3491 3159 Ἕλληνες,
3514 3087 3645 3140 ὅταν

2062 3174 2255 3239 πιστὸς
2284 3173 2377 3226 τὸν
2408 3173 2598 3227 πιστὸν
2627 3172 2723 3225 καὶ
2742 3171 3080 3242 Χριστιανὸν
3110 3173 3285 3243 ὁρκοϊ,
3323 3173 3423 3225 καὶ
3453 3171 3643 3243 μηδεὶς

2061 3257 2280 3326 γίνηται
2307 3256 2489 3325 λόγος,
2516 3254 2653 3310 ἀλλά
2683 3253 2780 3308 καὶ¹
2813 3254 3288 3325 καταφρονῶμεν;

2131 3410 2199 3472 γ’.
2224 3401 2486 3456 Βούλεσθε
2521 3401 2650 3471 ὑμῖν
2679 3398 3025 3471 διηγήσωμαί
3045 3418 3098 3455 τι
3118 3402 3519 3473 πρᾶγμα,ὄπερ
3548 3403 3643 3455 καὶ

2058 3488 2220 3550 αὐτὸς
2232 3487 2447 3557 ἀκήκοα
2461 3502 2475 3551 ;
2488 3484 2608 3539 οὐδὲ
2624 3484 2732 3556 γὰρ
2743 3482 2991 3537 πλάττων
3004 3484 3166 3553 λέγω,
3179 3484 3315 3539 ἀλλά
3325 3502 3402 3539 πα
3409 3486 3475 3556 ρά
3486 3502 3645 3556 προσ-

2058 3571 2210 3625 ώπου
2232 3569 2546 3634 ἀξιοπίστου
2567 3568 2840 3639 ἀκηκοώς.
2874 3569 3141 3638 Παιδίσκη
3154 3586 3237 3632 τις
3250 3569 3405 3639 ἀνδρὶ
3420 3586 3555 3639 πονη
3564 3569 3644 3639 ρῴ

2060 3652 2488 3723 συνεζευγμένη,
2523 3650 2728 3723 μιαρῷ,
2752 3651 3016 3723 δραπέτη,
3041 3651 3202 3723 αῦτη,
3234 3651 3405 3705 πολλὰ
3431 3651 3525 3705 τοῦ
3550 3654 3644 3706 ἀν-

2058 3737 2086 3791 δ
2093 3748 2182 3808 ρος
2197 3738 2309 3807 ἡμα
2322 3735 2598 3806 ρτηκότος,
2616 3733 2711 3787 καὶ
2738 3732 3020 3804 μέλλοντος
3038 3734 3144 3788 ἀπε
3151 3733 3469 3806 μπολεῖσθαι
3490 3734 3643 3805 παρά

2057 3822 2158 3891 τῆς
2193 3818 2516 3889 δεσποίνης⁸
2565 3816 2661 3871 καὶ
2693 3817 2803 3889 7&9
2859 3817 3081 3889 μείζονα
3131 3818 3461 3890 συγγνώμης
3481 3814 3548 3890 ἦν
3573 3820 3644 3873 τὰ

2059 3903 2455 3975 ἁμαρτήματα,
2483 3900 2577 3956 καὶ
2598 3902 2743 3973 χήρα
2776 3896 2845 3972 ἦν
2882 3902 2916 3973 ἡ
2951 3901 3112 3972 γυνὴ,
3146 3904 3240 3956 καὶ
3272 3901 3519 3967 κολάζειν
3546 3903 3643 3956 αύ-

2056 3990 2147 4041 τδν
2174 3986 2568 4058 λυμαινόμενον
2606 3985 2778 4057 αὐτῆς
2803 3983 2904 4057 τὴν
2932 3984 3112 4039 οίκίαν
3161 3986 3261 4039 οὐκ
3290 3988 3497 4056 ἴσχυεν,
3525 3985 3642 4040 ἀλλ’

2058 4073 2198 4142 ἔγνω
2233 4069 2528 4126 ἀποδόσθαι
2551 4084 2567 4100 ⁸
2602 4064 2723 4123 εἶτα
2744 4070 2957 4123 ἀνόσιον
2996 4062 3135 4123 εἶναι
3163 4069 3458 4140 νομίζουσα
3484 4070 3518 4140 ἡ
3554 4068 3643 4124 δέ·

2059 4172 2253 4209 σποινα
2281 4154 2578 4207 διασπάσαι
2606 4152 2707 4221 τῆς
2740 4152 2998 4221 γυναικὸς
3060 4152 3153 4206 τὸν
3189 4151 3380 4223 ἄνδρα,
3423 4151 3644 4207 κατεδέ-

2059 4237 2186 4302 ξατο
2218 4238 2313 4291 καὶ
2335 4236 2616 4307 χρησίμην
2643 4230 2810 4288 οὖσαν
2837 4234 2935 4306 τὴν
2962 4234 3154 4306 κόρην,
3189 4234 3332 4305 ὑπὲρ
3352 4234 3450 4305 τῆς
3466 4233 3642 4291 ἀπαλ-

2057 4319 2230 4389 λαγῆς
2263 4318 2364 4390 τῆς
2393 4318 2604 4372 ἐκείνου
2636 4316 3124 4388 συναπεμπολῆσαι
3148 4317 3243 4370 καὶ
3261 4316 3361 4388 τὴν
3383 4319 3637 4385 γυναῖκα.

2069 4404 2280 4474 Ὀρῶσα
2303 4403 2484 4456 τοίνυν
2506 4402 2541 4472 ἡ
2569 4400 2704 4471 κόρη
2739 4398 2939 4470 ἑαυτὴν
2961 4401 3019 4454 ἐν
3050 4402 3161 4464 τοῖς
3191 4400 3421 4472 ἀπόροις
3444 4395 3635 4464 οὖσαν,

2056 4484 2284 4539 ἐλθοῦσα
2332 4484 2471 4555 πρὸς
2526 4482 2806 4554 αἰδέσιμον
2857 4482 3152 4553 πρόσωπον
3180 4483 3276 4537 καὶ
3311 4481 3541 4553 σύνηθες
3567 4487 3637 4556 τῇ

2054 4567 2309 4637 δεσποίνῃ
2332 4566 2525 4636 αὐτῆς,
2545 4565 2607 4619 τὸ
2621 4566 2791 4638 κάμοὶ
2804 4567 3227 4637 διηγησάμενον,
3242 4567 3336 4620 καὶ
3349 4566 3458 4621 τῶν
3480 4568 3641 4636 γονά-

2053 4669 2163 4704 των
2187 4647 2486 4719 άπτομένη,
2518 4649 2613 4706 καὶ
2643 4649 2814 4719 μυρία
2836 4649 3239 4721 ἀποδυρομένη,
3264 4650 3639 4721 παρεκάλεσεν

2054 4732 2195 4786 ὥστε
2226 4733 2325 4805 τὴν
2362 4731 2532 4800 αὐτῆς
2559 4731 2789 4797 ἀξιῶσαι
2817 4732 3103 4787 δέσποιναν
3137 4732 3275 4806 ὑπὲρ
3305 4734 3475 4807 αὐτῆς
3497 4751 3511 4766 ⁸
3544 4737 3639 4790 καὶ

2054 4815 2281 4878 πολλοὺς
2307 4813 2631 4869 ἀναλώσασα
2664 4814 2873 4883 λόγους,
2896 4813 3121 4888 ὕστερον
3164 4817 3258 4869 καὶ
3282 4815 3441 4871 τοῦτο
3469 4836 3637 4885 προσ-

2053 4898 2268 4969 έθηκεν,
2286 4898 2361 4961 ὼς
2378 4896 2551 4968 τούτῳ
2566 4898 2827 4951 πείσουσα
2844 4897 3099 4968 μάλιστα,
3118 4898 3281 4969 ὅρκον
3300 4900 3639 4970 τινάφρικω-

2050 4982 2308 5035 δέστατον
2354 4981 2635 5049 ἐπάγουσα
2656 4996 2669 5009 ⁸
2703 4981 2731 5034 ό
2757 4980 2815 5033 δὲ
2846 4982 3008 5052 ὅρκος
3037 4977 3105 5051 ἦν
3131 4975 3287 5046 οὗτος
3312 4998 3325 5010 ⁸
3355 4982 3511 5036 Οὕτω
3544 4983 3637 5036 τὸν

2051 5062 2286 5132 Χριστὸν
2304 5061 2434 5123 ῐδοις
2452 5062 2509 5114 ἐν
2533 5059 2717 5131 ἡμέρᾳ
2744 5060 3000 5130 κρίσεως,
3029 5061 3104 5133 μὴ
3136 5062 3370 5133 παρίδῃς
3406 5078 3508 5132 μου
3537 5062 3637 5131 τὴν

2050 5144 2303 5209 ἀξίωσινθ
2356 5144 2449 5196 καὶ
2486 5142 2662 5196 ταῦτα
2693 5143 2921 5197 εἰποῦσα
2948 5143 3212 5215 ἀπῆλθεν.
3256 5144 3316 5197 Ἡ
3349 5144 3406 5196 δὲ
3454 5161 3633 5215 παρα-

2052 5228 2331 5298 κληθεῖσα,
2365 5226 2642 5298 φροντίδος
2673 5227 2817 5290 τινὸς
2847 5227 3194 5298 ἐμπεσούσης
3239 5226 3518 5298 βιωτικῆς,
3545 5228 3635 5281 οἵα

2052 5309 2341 5381 συμϐαίνει
2395 5311 2453 5362 ἐν
2498 5310 2619 5372 ταῖς
2669 5310 2887 5375 οἰκίαις,
2943 5310 3257 5365 ἐπελάθετο.
3301 5306 3435 5363 Εἶτα
3479 5310 3633 5378 ἄφνω

2048 5394 2228 5464 δείλης
2260 5391 2605 5465 μεσημϐρίας
2626 5393 2705 5456 εἰς
2741 5393 2962 5464 μνήμην
2987 5388 3117 5463 ἦλθε
3142 5392 3236 5446 τοῦ
3262 5392 3631 5464 φρικωδεστά-

2049 5494 2143 5530 του
2174 5479 2359 5548 ὅρκου,
2418 5479 2512 5529 καὶ
2560 5475 2833 5544 κατενύγη
2873 5476 3143 5546 σφοδρῶς,
3198 5478 3292 5529 καὶ
3317 5476 3632 5531 ἀπελθοῦσα

2048 5560 2251 5630 ἠξίωσε
2288 5560 2425 5630 μετὰ
2446 5559 2647 5629 πολλῆς
2676 5559 2774 5627 τῆς
2810 5558 3147 5629 ἐπιμελείας,
3180 5560 3361 5612 καὶτὸ
3395 5560 3630 5631 πρᾶγμα

2050 5646 2235 5715 ἤνυσε.
2270 5644 2382 5697 Καὶ
2409 5644 2528 5695 κατ’
2561 5641 2778 5712 ἐκείνην
2812 5640 2910 5710 τὴν
2940 5640 3106 5694 νύκτα
3137 5642 3291 5711 ἄφνω
3317 5642 3440 5706 τοὺς
3465 5644 3629 5714 οὐρα-

2049 5729 2173 5790 νοὺς
2205 5723 2342 5780 εἶδεν
2392 5726 2716 5797 ἀνεῳγότας,
2760 5727 2851 5778 καὶ
2890 5724 3049 5778 αὑτὸν
3095 5725 3187 5779 τὸν
3212 5726 3476 5797 Χριστόν⁸
3519 5722 3633 5781 εἰδὲ

2052 5812 2204 5886 [506]
2223 5812 2300 5881 δὲ,
2333 5811 2407 5877 ῶς
2436 5810 2657 5867 δυνατὸν
2677 5808 2899 5880 γυναικὶ
2933 5808 3078 5865 ἰδεῖν.
3114 5810 3330 5884 Ἐπειδὴ
3356 5809 3464 5883 γὰρ
3487 5810 3625 5876 ὅλως
