4114 6396
492 312 597 367 465

1128 310 1189 366 S.
1226 309 1515 367 JOANNIS
1553 310 2056 372 CHRYSOSTOMI
2092 315 2427 381 ARCHIEP.
2468 328 3031 388 CONSTANTINOP.

3652 336 3757 391 466

490 430 771 518 ἐφρόντισε
790 426 1675 518 τοῦᾴρκισμξῦν-ὲπελιρὴἐφοδήρη.
1694 431 1793 518 τῆς
1812 430 2076 496 ὀπτασίας
2184 452 2276 490 σον
2311 440 2388 511 τῷ
2430 441 2568 516 Θεῷ.
2618 445 2779 518 Ὁρᾷς
2810 445 3051 509 ἐκείνους
3079 446 3137 499 ἐν
3175 442 3390 514 καμίνῳ
3424 445 3633 511 πενίας,
3663 450 3759 501 καὶ

490 513 801 585 κατηξιώθη
831 511 1056 583 ταύτης.
1090 511 1274 565 Ταῦτα
1296 512 1353 565 δέ
1384 508 1557 577 εἷπον,
1589 514 1676 568 ἵνα
1695 516 1769 586 μὴ
1796 532 2076 586 καταφρο-

2176 523 2331 595 παρὰ
2354 526 2570 583 πάντων
2598 528 2696 601 μὲν
2729 529 3038 593 αἰτοῦντας,
3073 526 3200 600 παρ’
3232 526 3427 596 ὀλίγων
3458 526 3513 581 δὲ
3551 528 3756 599 λαμϐά-

488 598 669 669 νῶμεν
700 597 809 687 ξῑῶν
868 594 1171 687 ῥρκξσμῶν.
1228 595 1462 687 μάλιστα
1488 597 1637 687 ’ὅταν
1674 598 1815 687 ὐπέρ
1844 597 2079 687 ἀγαθῶν
2176 594 2386 673 νοντας.
2419 594 2611 665 Ὅταν.
2634 610 2932 687 ἀποκάμῃς
2956 594 3269 683 εὐχόμενος,
3302 594 3397 663 καὶ
3433 606 3510 682 μὴ
3540 594 3754 682 λαμϐά-

489 682 831 753 πραγμάτων
868 682 1015 754 ἡμᾶς
1037 698 1183 745 τινες
1218 681 1633 752 παρακαλῶσιν,
1670 682 1809 754 ὑπὲρ
1840 683 2073 754 ἐλεημο-

491 769 678 838 σύνης,
720 768 859 838 ὑπὲρ
901 767 1328 837 φιλανθρωπίας.
1367 764 1480 820 Νῦν
1508 766 1565 820 δὲ
1600 767 1864 839 κάθηνται
1906 769 2073 838 πένη-

485 868 578 914 τες
616 849 1014 920 έκκεκομμένοι
1040 850 1165 912 τοῦς
1197 849 1385 913 πόδας,
1430 849 1663 920 ὁρῶντές
1701 869 1759 904 σε
1791 852 2073 922 παρατρέ-

486 951 686 1005 χουσαν
720 951 732 964 ο
765 930 862 986 εἴτ’
918 932 1104 1004 ἐπειδὴ
1136 935 1249 997 τοῖς
1302 934 1458 987 ποσὶν
1510 935 1944 1006 ἐπακολουθῆσαι
1996 935 2071 1007 μὴ

483 1019 757 1081 δύνανται,
801 1018 1053 1089 καθάπερ
1096 1019 1375 1089 ἀγκίστρῳ
1420 1018 1527 1073 τινὶ
1575 1020 1918 1090 προσδοκῶσι
1946 1038 2072 1075 κατ-

485 1102 631 1174 έχειν
646 1102 723 1175 τῷ
748 1103 899 1173 φόϐῳ
925 1102 1019 1155 τοῦ
1044 1103 1229 1172 ὅρκου,
1270 1104 1361 1156 καὶ
1396 1102 1495 1167 τὰς
1528 1106 1718 1173 χεῖρας
1738 1104 2070 1168 ἐκτείνοντες

484 1187 811 1257 όρκίξουσιν,
835 1186 975 1239 ὥστε
995 1185 1178 1239 δοῦναι
1208 1186 1393 1241 ὀϐολὸν
1418 1186 1534 1251 ἕνα,
1554 1188 1585 1258 ἦ
1608 1188 1701 1241 δύο
1720 1188 1879 1257 μόνον
1899 1205 1913 1218 '
1936 1189 1999 1241 σύ
2011 1188 2069 1241 δὲ

484 1270 877 1341 παρατρέχεις,
925 1270 1017 1323 τὸν
1047 1268 1323 1340 Δεσπότην
1348 1270 1679 1342 ὀρκιξομένη
1708 1270 1799 1325 τὸν
1826 1272 1938 1325 σόν.
1960 1272 2068 1325 Καὶ

484 1356 552 1409 ἂν
584 1355 850 1428 μένκατά
882 1353 992 1407 τῶν
1020 1353 1314 1425 ὀφθαλμῶν
1347 1354 1381 1424 ἢ
1411 1354 1502 1408 τοῦ
1525 1355 1717 1426 ἀνδρὸς
1748 1355 1841 1409 τοῦ
1871 1355 2068 1427 ἀποδη-

483 1438 711 1509 μοῦντος
727 1437 988 1511 όρκίσῃ,ἢ
1007 1438 1100 1490 τοῦ
1115 1436 1350 1504 παιδίου,
1369 1437 1401 1509 ἢ
1418 1442 1516 1511 τῆς
1542 1437 1832 1511 θυγατρὸς,
1863 1440 2065 1503 εὐθέως

481 1523 670 1586 εἴκεις,
699 1522 794 1576 καὶ
828 1522 1121 1592 ὲφάλλεταί
1149 1525 1295 1593 σουή
1325 1523 1533 1578 διάνοια
1549 1526 1643 1579 καὶ
1671 1525 2059 1600 διαθερμαίνη⁶

481 1609 547 1660 ἂν
571 1608 628 1662 δὲ
647 1607 737 1660 τὸν
764 1605 967 1678 Κύριον
983 1608 1200 1681 ὀρκίσῃ,
1219 1610 1605 1681 παρατρέχεις.
1649 1608 1855 1673 Πολλὰς
1875 1610 1931 1663 δὲ
1948 1608 2064 1665 οἴδα

478 1692 610 1760 ἐγὼ,
640 1692 719 1758 αἳ,
747 1692 835 1746 τὸν
860 1692 959 1763 μὲν
980 1692 1215 1763 Χριστὸν
1233 1692 1549 1760 ἀκούουσαι,
1570 1694 1922 1767 παρέδραμον
1942 1712 1955 1726 ’
1983 1697 2063 1761 εἰς

476 1778 534 1830 δὲ
568 1778 762 1842 κάλλος
790 1779 1158 1831 ἐπαινεθεῖσαι
1192 1777 1341 1849 παρά
1360 1778 1466 1832 τῶν
1501 1778 1854 1850 προσιόντων,
1881 1780 2062 1853 διεχύ-

478 1865 672 1933 θησαν,
706 1861 1117 1935 ἐμαλάχθησαν,
1165 1862 1257 1915 καὶ
1299 1864 1454 1933 χεῖρα
1490 1860 1720 1933 ῶρεξαν.
1762 1862 2061 1935 Τοιγαροῦν

476 1947 556 2009 εἰς
582 1945 738 2000 τοῦτο
758 1946 885 2011 τοὺς
921 1945 1159 2014 πένητας
1190 1945 1534 2014 κατέστησαν
1558 1946 1684 2009 τοὺς
1714 1945 1952 2013 ἀθλίους,
1981 1949 2060 2012 είς

474 2030 537 2085 τὸ
556 2030 955 2099 γελωτοποιεῖν.
998 2028 1212 2099 Ἐπειδὴ
1243 2030 1351 2102 γάρ
1380 2028 1447 2081 τά
1478 2028 1681 2099 σφοδρά
1716 2030 1937 2102 ῥήματα
1965 2028 2061 2083 καὶ

474 2114 651 2187 πικρά
678 2114 928 2183 λέγοντες
957 2113 1017 2166 οὐ
1045 2111 1416 2167 καθάπτονται
1436 2112 1538 2182 τῆς
1556 2112 1756 2183 ψυχῆς,
1790 2114 1886 2167 ἐπὶ
1928 2114 2062 2167 ταύ-

472 2214 573 2267 την
600 2198 851 2269 ἔρχονται
893 2197 993 2269 τὴν
1018 2196 1160 2260 ὀδὸν,
1183 2195 1251 2249 δι’
1270 2190 1341 2269 ἧς
1371 2195 1610 2266 μάλιστα
1626 2196 1892 2264 τέρπουσι
1917 2213 1931 2229 ·
1964 2198 2061 2252 καὶ

472 2281 564 2335 τὸν
595 2283 654 2336 ἐν
700 2282 955 2354 συμφορᾷ
994 2280 1119 2335 ὀντα
1149 2280 1245 2335 καὶ
1300 2279 1407 2334 ὐπὸ
1446 2279 1540 2335 τοῦ
1564 2278 1722 2351 λιμοῦ
1754 2281 2058 2354 ἀγχόμενον

470 2367 783 2435 ἠνάγκασεν
808 2366 843 2435 ἠ
875 2364 1042 2433 πολλὴ
1067 2363 1341 2434 φαυλότης
1362 2363 1521 2436 ἡμῶν
1548 2358 1781 2430 κάλλους
1803 2365 2057 2437 ἐγκώμια

472 2448 648 2518 λέγειν
665 2450 791 2512 τοὺς
820 2446 1198 2512 ἐπαιτοῦντας.

541 2573 650 2629 Καὶ
676 2572 787 2627 εἴθε
821 2571 977 2625 τοῦτο
1008 2573 1186 2644 μόνον,
1215 2571 1355 2628 ἀλλά
1384 2572 1481 2628 καὶ
1496 2573 1681 2645 ἐτερον
1702 2569 1841 2639 εἶδος
1864 2576 2055 2629 τούτου

471 2655 855 2729 χαλεπώτερον
872 2673 885 2687 ·
913 2655 1352 2726 θαυματοποιοὺς
1382 2658 1513 2721 τοὺς
1547 2658 1785 2729 πένητας
1811 2659 2056 2728 ὴνάγκα-

471 2761 565 2797 σεν
643 2738 786 2798 εἶναι
864 2740 960 2795 καὶ
1014 2740 1403 2813 αἰσχρολόγους
1467 2744 1560 2797 καὶ
1639 2744 2052 2811 γελωτοποιούς.

472 2828 642 2882 Ὅταν
677 2826 787 2897 γάρ
823 2826 1053 2889 κύλικας
1089 2826 1184 2879 καὶ
1244 2825 1504 2881 κισσύϐια
1530 2827 1624 2880 καὶ
1663 2829 1900 2898 ποτήρια
1942 2832 2056 2892 τοῖς

468 2909 755 2974 δακτύλοις
790 2910 1037 2981 ἐνείρων,
1082 2910 1177 2963 καὶ
1223 2909 1527 2980 περιτιθεὶς
1572 2911 1920 2985 κυμϐαλίζῃ,
1960 2915 2055 2967 καὶ

472 2995 707 3066 σύριγγα
768 2995 906 3065 έχων
953 2994 1055 3066 ᾄδῃ
1091 2994 1158 3049 δι’
1186 2993 1355 3063 αὐτῆς
1384 2994 1455 3048 τά
1479 2996 1702 3067 ᾄσματα
1735 2998 1805 3052 τά
1851 2999 2055 3070 αἰσχρά

469 3084 564 3135 καὶ
612 3080 812 3150 ἔρωτος
870 3078 1130 3148 γέμοντα,
1173 3078 1268 3130 καὶ
1308 3077 1398 3131 διὰ
1441 3080 1540 3147 τῆς
1573 3082 1755 3153 φωνῆς
1806 3084 2011 3155 ἀναϐοᾷ
2036 3102 2051 3117 .

469 3162 592 3220 εἷτα
665 3163 853 3217 πολλοὶ
916 3162 1344 3232 περιεστήκωσι,
1420 3162 1515 3216 καὶ
1574 3165 1622 3217 οί
1682 3166 1781 3236 μὲν
1847 3166 2054 3239 τρύφος

468 3252 656 3321 ἄρτου,
692 3249 740 3300 οἰ
765 3248 820 3299 δὲ
844 3245 1051 3308 ὀϐολὸν,
1080 3246 1130 3298 οί
1184 3244 1241 3298 δὲ
1267 3245 1455 3317 ἐτερόν
1494 3262 1548 3300 τι
1596 3249 1898 3320 παρέχωσι,
1960 3252 2052 3305 καὶ

468 3334 771 3403 κατέχωσιν
811 3331 904 3383 ἐπὶ
933 3330 1095 3394 πολὺ,
1134 3330 1230 3383 καὶ
1253 3330 1561 3399 τέρπωνται
1605 3332 1701 3386 καὶ
1732 3333 1922 3404 ἄνδρες
1958 3338 2052 3389 καὶ

466 3420 745 3487 γυναῖκες,
782 3415 835 3467 τί
878 3413 1070 3467 τούτου
1099 3414 1515 3486 χαλεπώτερον;
1545 3416 1665 3488 οὐχὶ
1704 3418 1901 3471 πολλοῦ
1931 3437 2048 3473 στε-

466 3500 678 3573 ναγμοῦ
725 3498 898 3553 ταῦτα
955 3498 1113 3566 iam;
1146 3498 1335 3570 Μικρά
1380 3500 1481 3569 μέν
1522 3498 1659 3565 ἐστι,
1708 3502 1802 3555 καὶ
1836 3503 2052 3573 νομίζε-

464 3609 555 3645 ται
577 3590 778 3661 μικρά·
815 3586 1028 3659 μεγάλα
1052 3586 1109 3641 δέ
1141 3586 1487 3642 ἐναποτίκτει
1539 3590 1652 3653 τοῖς
1684 3586 1870 3661 ῇθεσιν
1893 3590 2049 3662 ἡμῶν

463 3678 534 3730 τὰ
574 3674 971 3745 ἁμαρτήματα.
1014 3671 1185 3724 Ὅταν
1217 3670 1326 3741 γάρ
1384 3671 1610 3743 αἰσχρόν
1656 3688 1710 3725 τι
1753 3671 1914 3744 λεχθῇ
1954 3674 2048 3727 καὶ

466 3761 566 3830 ἡδὺ
597 3758 777 3828 μέλος,
803 3754 1042 3826 ἐμάλαξε
1064 3754 1166 3825 τὴν
1208 3753 1469 3819 διάνοιαν,
1500 3756 1595 3809 καὶ
1626 3755 1798 3827 αὐτὴν
1832 3757 2049 3826 ἐκείνην

464 3842 736 3913 διέφθειρε
760 3839 861 3908 τὴν
897 3837 1094 3908 ψυχήν.
1130 3835 1243 3890 Καὶ
1270 3838 1298 3890 6
1326 3838 1426 3908 μὲν
1450 3836 1543 3891 τὸν
1573 3838 1704 3892 Θεὸν
1738 3838 1920 3892 καλῶν
1947 3839 2047 3892 πέ-

465 3943 585 3997 νης,
630 3924 725 3977 καὶ
754 3924 1115 3992 ἐπευχόμενος
1143 3920 1272 3991 ύμῖν
1316 3920 1486 3991 μυρία
1513 3920 1713 3989 ἀγαθά,
1742 3922 1864 3976 οὐδέ
1888 3922 2046 3992 λόγου

465 4006 710 4074 ἀξιοῦται
744 4007 874 4077 παρ’
911 4005 1065 4075 ὑμῶν
1084 4020 1097 4036 °
1130 4006 1157 4057 6
1182 4004 1240 4057 δὲ
1269 4004 1391 4057 ἀντὶ
1416 4003 1621 4059 τούτων
1644 4006 1710 4060 τά
1748 4007 2047 4078 νεωτερικά

466 4091 795 4159 ἐπεισάγων,
827 4088 1189 4160 θαυμάζεται.
1234 4090 1299 4141 Ὃ
1333 4087 1391 4141 δέ
1416 4105 1485 4159 με
1512 4088 1608 4143 νῦν
1624 4089 1945 4160 ἐπεισῆλθεν
1966 4092 2047 4145 εἰ·

464 4178 589 4228 πεῖν
610 4172 746 4245 πρός
782 4173 949 4242 ὑμᾶς,
980 4172 1158 4224 ἐκεῖνο
1184 4169 1315 4243 ἐρῶ.
1363 4171 1523 4224 Ποῖον
1546 4170 1610 4242 δὴ
1644 4170 1842 4239 τοῦτο;
1871 4172 2045 4226 Ὅταν

466 4258 627 4331 πενία
650 4260 746 4312 καὶ
773 4256 912 4327 νόσῳ
930 4254 1284 4327 περιϐληθῇς,
1328 4255 1376 4308 εί
1411 4253 1505 4309 καὶ
1532 4254 1847 4327 μηδαμόθεν
1885 4257 2048 4312 ἀλλα-

465 4343 645 4415 χόθεν,
682 4342 789 4396 ἀπὸ
820 4339 950 4409 γοῦν
980 4338 1089 4392 τῶν
1129 4337 1497 4391 ἐπαιτούντων
1536 4335 1646 4393 τῶν
1675 4339 1764 4393 διὰ
1788 4339 1896 4395 τῶν
1924 4358 2047 4395 στε-

466 4426 665 4481 νωπῶν
716 4424 1037 4496 χωρούντων
1080 4422 1218 4494 μάθε
1270 4422 1610 4493 εὐχαριστεῖν
1646 4422 1725 4495 τῷ
1776 4426 2042 4499 Δεσπότη.

467 4505 629 4565 υῦτοι
659 4508 768 4580 γὰρ
807 4508 986 4562 πάντα
1011 4507 1101 4561 τὸν
1128 4505 1241 4577 βίον
1272 4508 1330 4559 ἐν
1360 4504 1437 4576 τῷ
1469 4508 1713 4561 ἐπαιτεῖν
1756 4510 2046 4564 καταναλί-

469 4610 711 4658 σκοντες,
744 4592 803 4645 οὐ
847 4588 1278 4662 βλασφημοῦσιν.
1329 4590 1430 4643 οὐκ
1478 4590 1881 4659 ἀγανακτοῦσιν
1924 4593 2047 4647 οὐδὲ

465 4676 931 4749 δυσχεραίνουσιν,
980 4673 1116 4727 ἀλλά
1166 4674 1348 4726 πᾶσαν
1396 4674 1495 4743 τὴν
1540 4675 1640 4745 τῆς
1704 4677 2046 4748 ἐπαιτήσεως

466 4762 714 4832 διήγησιν
770 4760 828 4811 ἐν
883 4757 1205 4829 εὐχαριστίᾳ
1238 4756 1539 4822 ποιοῦνται,
1575 4759 1748 4829 μέγαν
1777 4760 1870 4813 τὸν
1914 4761 2047 4814 Θεὸν

470 4844 620 4917 [307]
649 4841 923 4906 ποιοῦντες
957 4841 1051 4895 καὶ
1077 4840 1479 4912 φιλάνθρωπον.
1518 4842 1576 4896 Ὀ
1602 4844 1700 4913 μὲν
1732 4842 1876 4915 λιμῷ
1902 4845 2050 4914 φθει-

472 4929 718 4998 ρόμενος,
739 4924 1119 4995 φιλάνθρωπον
1141 4924 1296 4977 καλεί
1312 4940 1326 4956 ⁸
1361 4926 1424 4978 σύ
1442 4926 1499 4978 δέ
1519 4927 1548 4978 6
1570 4928 1627 4979 ἐν
1657 4927 1891 4999 ἀφθονίᾳ
1912 4929 2046 4993 ζῶν,

469 5014 535 5067 ἂν
565 5011 639 5082 μὴ
668 5009 738 5063 τά
762 5010 978 5063 πάντων
1004 5007 1199 5081 λάϐῃς,
1230 5008 1381 5079 ὠμὸν
1408 5009 1607 5078 λέγεις.
1639 5011 1796 5079 Πόσῳ
1824 5011 2047 5080 βελτίων

468 5097 703 5158 ἐκεῖνος
728 5092 843 5155 πῶς
863 5092 1009 5162 ἡμᾶς
1033 5091 1153 5144 τότε
1182 5094 1524 5164 κατακρινεῖ;
1549 5093 1776 5157 Κοινοὺς
1793 5093 2049 5148 διδασκά-

467 5180 594 5242 λους
625 5178 758 5248 ἡμῖν
783 5175 892 5229 τῶν
926 5176 1222 5247 συμφορῶν
1251 5177 1343 5229 καὶ
1370 5176 1723 5249 παραμυθίαν
1751 5178 1929 5249 ἀφῆκε
1959 5179 2050 5233 διά

468 5263 566 5331 τῆς
598 5259 967 5328 οἱκουμένηςό
986 5258 1116 5321 Θεὸς
1146 5259 1271 5321 τοὺς
1289 5258 1549 5330 πένητας.
1584 5258 1826 5324 Ἕπαθές
1854 5279 1906 5316 τι
1937 5262 2048 5316 τῶν

470 5343 818 5414 ἀϐουλήτων;
853 5341 966 5395 ἀλλ’
1003 5339 1155 5393 οὐδὲν
1199 5341 1461 5407 τοιοῦτον,
1505 5337 1615 5397 οἷον
1648 5345 1871 5408 ἐκεῖνος.
1926 5346 2047 5411 Ἐξ-

469 5429 674 5500 εκόπης
690 5427 781 5480 τὸν
797 5426 1074 5496 ὀφθαλμόν
1090 5442 1103 5491 ;
1122 5425 1238 5480 ἀλλ’
1255 5427 1462 5491 ἐκεῖνος
1483 5429 1608 5491 τοὺς
1623 5427 1735 5483 δύο.
1754 5430 2049 5500 Ἐνόσησας

468 5513 623 5568 νόσον
667 5511 917 5583 μακράν;
953 5510 1066 5564 ἀλλ’
1094 5513 1299 5574 ἐκεῖνος
1336 5511 1555 5565 ἀνίατον
1584 5512 1717 5583 ἔχει.
1751 5514 2047 5578 Ἀπέϐαλες

466 5595 594 5660 τοὺς
620 5594 844 5659 παῖδας;
874 5593 987 5647 ἀλλ’
1004 5595 1206 5658 ἐκεῖνος
1243 5594 1335 5648 καὶ
1350 5595 1449 5665 τὴν
1479 5596 1690 5665 ὑγιείαν
1720 5596 1814 5650 τοῦ
1845 5598 2046 5650 οἰκείου

472 5679 742 5749 σώματος.
783 5676 1128 5749 Ἐζημιώθης
1158 5678 1362 5749 ζημίαν
1388 5679 1661 5749 μεγάλην;
1698 5679 1812 5733 ἀλλ’
1836 5681 2049 5733 οὐδέπω

470 5764 603 5835 πρὸς
624 5762 683 5817 τὸ
714 5763 915 5834 ἑτέρων
937 5762 1142 5818 δεῖσθαι
1175 5764 1460 5836 κατέστης.
1490 5764 1694 5819 Οὐκοῦν
1720 5764 2041 5837 εὐχαρίστηο

2175 706 2294 763 νῃς,
2339 693 2590 765 ἐννόησον
2626 696 2858 760 ποσάκις
2884 696 3124 767 ἤκουσας
3159 694 3390 765 πένητός
3432 711 3491 747 σε
3528 695 3755 751 καλοῦν-

2173 790 2284 839 τος,
2305 776 2400 829 καὶ
2432 778 2531 831 οὐκ
2569 778 2903 850 ὲπήκουσας,
2930 779 3025 834 καὶ
3069 779 3171 832 οὐκ
3193 776 3576 850 ἠγανάκτησεν
3609 783 3754 834 ἐκεῖ·

2173 870 2283 921 νος,
2340 858 2461 912 οὐδέ
2506 858 2699 933 ὐϐρισέ
2753 879 2834 916 σε.
2882 863 3075 917 Καίτοι
3110 862 3174 914 σὺ
3210 863 3309 932 μὲν
3339 861 3445 915 ἀπὸ
3476 862 3754 934 ὠμότητος

2170 936 2329 993 τοῦτο
2360 946 2555 1007 ποιεῖς,
2604 946 2631 997 6
2678 944 2734 998 δὲ
2762 946 2893 1009 Θεὸς
2934 945 3042 1000 ἀπὸ
3086 946 3494 1018 φιλανθρωπίας
3549 948 3644 1001 καὶ
3692 950 3755 1002 τὸ

2175 1023 2249 1095 μὴ
2301 1025 2521 1080 ἀκούειν
2578 1029 2747 1083 ποιεῖ.
2797 1028 2859 1081 Εἰ
2895 1029 3075 1084 τοίνυν
3106 1029 3268 1091 αὐτὸς
3310 1028 3404 1082 τοῦ
3463 1027 3751 1100 ὀμοδούλου

2170 1106 2237 1160 δι’
2266 1107 2525 1179 ὠμότητα
2559 1110 2635 1180 μὴ
2674 1110 2890 1164 ἀκούων
2918 1112 3018 1164 οὐκ
3053 1111 3225 1178 ἀξιοῖς
3273 1113 3636 1180 ἐγκαλεῖσθαι,
3674 1114 3753 1184 τῷ

2168 1190 2405 1264 δεσπότῃ
2434 1192 2528 1248 τοῦ
2556 1194 2742 1247 δούλου
2783 1193 2874 1248 διά
2913 1194 3325 1266 φιλανθρωπίαν
3371 1196 3471 1247 οὐκ
3500 1196 3751 1250 ἀκούοντι

2168 1276 2448 1344 ἐγκαλεῖς;
2521 1277 2680 1350 Ὁρᾷς
2721 1280 2887 1333 πόσον
2935 1279 2999 1333 τὸ
3051 1279 3273 1344 ἀνισον;
3315 1281 3479 1331 πόσον
3530 1280 3590 1332 τὸ
3636 1280 3749 1334 ἀδι-

2166 1375 2263 1413 κον
2276 1376 2292 1425 ;

2235 1500 2299 1554 δ’.
2333 1498 2518 1554 Ταῦτα
2554 1500 2825 1572 ἐννοῶμεν
2853 1500 3167 1565 διαπαντὸς,
3216 1501 3343 1564 τούς
3380 1501 3753 1573 κατωτέρους,

2164 1592 2288 1655 τοὺς
2310 1593 2368 1644 ἐν
2396 1592 2604 1661 μείζοσι
2637 1596 2961 1663 συμφοραῖς,
2993 1593 3085 1646 καὶ
3111 1591 3251 1645 οὕτω
3289 1591 3631 1662 δυνησόμεθα
3657 1593 3749 1645 εὐ-

2164 1677 2441 1745 χαριστεῖν
2493 1674 2573 1745 τῷ
2608 1674 2747 1744 Θεῷ.
2779 1675 2995 1728 Πολλῶν
3048 1677 3077 1728 6
3125 1675 3237 1745 βίος
3282 1676 3445 1743 γέμει
3493 1674 3747 1728 τοιούτων

2164 1758 2596 1829 ὑποδειγμάτωνο
2624 1758 2735 1828 ἔχει
2755 1759 2809 1812 δὲ
2830 1759 3178 1813 διδασκαλίαν
3196 1760 3257 1811 οὐ
3285 1759 3486 1830 μικρὰν
3507 1762 3534 1813 6
3560 1760 3746 1829 νήφων

2162 1842 2256 1896 καὶ
2294 1841 2614 1912 βουλόμενος
2663 1842 2953 1912 προσέχειν
2984 1842 3080 1896 καί¹
3134 1841 3242 1894 ἀπὸ
3283 1841 3393 1894 τῶν
3438 1842 3745 1913 εὐκτηρίων

2159 1925 2343 1979 οίκων.
2369 1924 2470 1978 Διά
2506 1924 2666 1977 τοῦτο
2688 1924 2796 1996 γάρ
2833 1925 2927 1979 καὶ
2985 1927 3043 1978 ἐν
3092 1928 3211 1987 ταῖς
3254 1926 3593 1996 ἐκκλησίαις,
3648 1926 3745 1979 καὶ

2157 2009 2218 2061 ἐν
2252 2010 2364 2071 τοῖς
2396 2008 2713 2079 μαρτυρίοις
2759 2008 3135 2080 προκάθηνται
3174 2007 3283 2061 τῶν
3312 2008 3662 2080 προπυλαίων
3688 2011 3741 2060 οί

2158 2090 2410 2161 πένητες,
2441 2090 2581 2143 ὥστε
2610 2091 2757 2161 ἡμᾶς
2783 2092 2849 2144 ἐκ
2881 2092 2978 2161 τῆς
3006 2089 3212 2145 τούτων
3241 2090 3368 2155 θέας
3396 2090 3596 2162 πολλὴν
3655 2090 3743 2143 δέ-

2156 2174 2351 2246 χεσθαι
2378 2174 2475 2245 τὴν
2500 2173 2786 2244 ὠφέλειαν.
2829 2174 3113 2245 Ἐννόησον
3138 2174 3247 2246 γὰρ
3276 2177 3357 2229 ὅτι
3406 2177 3485 2239 εἰς
3513 2176 3610 2244 μὲν
3644 2173 3741 2244 βα-

2158 2260 2332 2314 σίλεια
2365 2260 2433 2313 τά
2458 2260 2550 2313 ἐπὶ
2577 2260 2680 2330 γῆς
2703 2259 3099 2331 είσερχομένων
3121 2260 3154 2330 ἡ
3163 2259 3303 2329 μῶν,
3322 2258 3475 2312 οὐδὲν
3497 2258 3742 2311 τοιοῦτον

2157 2343 2305 2397 ἐστιν
2339 2343 2464 2398 ἰδεῖν
2491 2358 2506 2373 ⁸
2546 2341 2683 2397 ἀλλά
2713 2342 2905 2413 ἄνδρες
2936 2342 3033 2396 καὶ
3060 2342 3269 2413 σεμνοὶ,
3322 2343 3417 2396 κα¹ι
3476 2341 3740 2414 λαμπροὶ,

2158 2427 2253 2482 καὶ
2283 2422 2663 2493 πλουτοῦντες,
2700 2426 2794 2480 καὶ
2842 2426 3072 2492 συνετοὶ,
3107 2424 3381 2497 πανταχοῦ
3425 2426 3742 2497 διατρέχου-

2157 2528 2262 2575 σιν,
2290 2512 2369 2574 εἰς
2389 2509 2536 2563 δὲτά
2567 2508 2738 2573 ὅντως
2781 2508 3050 2580 βασίλεια,
3107 2509 3207 2580 τὴν
3242 2509 3536 2581 ἐκκλησίαν
3573 2509 3739 2576 λέγω,

2156 2595 2249 2647 καὶ
2278 2592 2401 2657 τούς
2426 2593 2748 2665 εὐκτηρίους
2771 2593 2953 2656 οίκους
2969 2593 3078 2647 τῶν
3103 2593 3419 2665 μαρτύρων,
3442 2592 3740 2664 δαιμονῶν-

2153 2694 2265 2741 τες,
2302 2677 2593 2746 ἀνάπηροι,
2625 2675 2874 2747 πένητες,
2910 2676 3182 2747 γέροντες,
3213 2676 3423 2746 τυφλοὶ,
3452 2677 3741 2747 διεστραμο

2156 2762 2310 2831 μένοι
2335 2760 2403 2814 τά
2432 2758 2590 2830 μέλη.
2623 2758 2690 2813 Τί
2717 2759 2913 2831 δήποτε
2940 2776 2954 2825 ;
2989 2761 3106 2814 Ἰνα
3145 2762 3211 2815 σύ
3241 2761 3471 2834 παιδεύῃ
3525 2762 3612 2814 διὰ
3638 2761 3740 2829 τῆς

2152 2846 2359 2899 τούτων
2387 2842 2536 2909 θέας,
2577 2842 2797 2914 πρῶτον
2823 2845 2919 2915 μὲν
2948 2845 3057 2911 ἵνα,
3089 2848 3140 2899 εί
3170 2862 3294 2898 τινα
3322 2845 3489 2915 τῦφον
3525 2845 3725 2910 ἔξωθεν

2154 2930 2547 3002 ἐπισυρόμενος
2573 2928 2842 3002 εἰσέλθῃς,
2868 2930 2948 2993 είς
2976 2930 3217 2994 ἐκείνους
3249 2930 3477 3001 βλέψας,
3499 2930 3591 2983 καὶ
3610 2932 3743 2983 ἀπο-

2153 3012 2377 3083 θέμενος
2405 3012 2494 3065 τὸν
2525 3008 2708 3080 όγκον,
2733 3012 2830 3067 καὶ
2863 3010 3157 3082 συντρίψας
3174 3014 3273 3084 τὴν
3292 3014 3537 3085 καρδίαν,
3570 3012 3741 3076 οὕτως

2150 3095 2417 3167 εἰσέλθῃς,
2451 3096 2545 3148 καὶ
2575 3093 2684 3148 τῶν
2711 3094 3019 3165 λεγομένων
3047 3095 3288 3168 ἀκούσῃς
3317 3097 3336 3167 (
3363 3098 3421 3150 οὐ
3470 3096 3579 3166 γὰρ
3622 3094 3739 3149 ἔστι

2154 3179 2293 3250 μετὰ
2337 3176 2508 3248 τύφου
2562 3177 3002 3249 προσευχόμενον
3056 3178 3348 3233 ἀκούεσθαι
3380 3182 3438 3250 )·
3481 3180 3545 3233 ἶν’
3571 3220 3586 3243 ,
3614 3179 3741 3231 ὅταν

2150 3263 2379 3334 γέροντα
2418 3260 2553 3335 ἴδῃς,
2587 3260 2662 3332 μὴ
2691 3261 2782 3313 ἐπὶ
2807 3260 3019 3331 νεότητι
3045 3262 3189 3332 μέγα
3220 3265 3422 3333 φρονῇς
3452 3281 3464 3294 ·
3496 3262 3591 3316 καί
3619 3261 3730 3332 γάρ

2149 3340 2294 3399 οῦτοι
2314 3347 2362 3398 οί
2383 3345 2635 3415 γέροντες
2670 3344 2778 3398 νέοι
2801 3343 3047 3412 ἐγένοντο
3076 3363 3088 3374 ·
3122 3345 3208 3411 ἵν’,
3258 3345 3385 3399 ὅταν
3434 3346 3525 3398 ἐπὶ
3573 3363 3738 3416 στρα-

2147 3424 2269 3495 τεία
2299 3425 2393 3477 καί
2411 3422 2699 3493 δυναστείᾳ
2724 3421 2974 3493 βασιλικῇ
3011 3422 3155 3492 μέγα
3203 3422 3512 3495 κομπάζῃς,
3561 3424 3742 3495 ἐννοή·

2150 3524 2249 3580 σῇς
2277 3509 2359 3562 ὄτι
2391 3510 2456 3561 ἐκ
2492 3506 2702 3561 τούτων
2722 3506 2829 3559 εἰσὶ
2863 3506 2959 3560 καὶ
2990 3505 3037 3559 οί
3067 3506 3310 3578 λαμπροὶ
3370 3509 3649 3578 γενόμενοι
3680 3509 3739 3560 ἐν

2146 3594 2266 3655 ταῖς
2286 3590 2585 3662 βασιλικαῖς
2610 3591 2801 3656 αὐλαῖς
2820 3603 2836 3622 ο
2884 3592 2973 3658 ἶν’,
2997 3591 3124 3644 ὅταν
3171 3593 3264 3644 ἐπὶ
3304 3592 3463 3663 ὑγεία
3488 3590 3739 3661 σώματος

2149 3678 2379 3751 θαρρῇς,
2416 3675 2628 3739 τούτοις
2647 3675 2930 3747 προσέχων
2960 3676 3317 3747 καταστείλῃς
3348 3690 3442 3730 σου
3493 3675 3555 3728 τὸ
3606 3677 3738 3749 φρό-

2146 3778 2317 3833 νημα.
2351 3758 2522 3833 [508]
2553 3761 2664 3813 Καὶ
2686 3758 2793 3831 γὰρ
2811 3758 3045 3814 ἐνταῦθα
3074 3756 3315 3829 συνεχῶς
3342 3758 3548 3823 εἰσιὼν,
3578 3763 3606 3812 ὁ
3639 3760 3738 3825 μὲν

2148 3843 2403 3913 ὑγιαίνων
2428 3843 2489 3896 οὐ
2524 3843 2667 3914 μέγα
2697 3844 2954 3913 φρονήσει
2992 3842 3086 3895 ἐπὶ
3118 3844 3278 3912 ὑγεία
3307 3841 3557 3912 σώματος
3579 3858 3593 3871 ·
3632 3846 3660 3896 ὀ
3680 3842 3737 3896 δὲ

2146 3929 2401 3998 κάμνων,
2434 3925 2664 3997 λήψεται
2713 3924 3065 3997 παραμυθίαν
3095 3926 3155 3978 οὐ
3186 3924 3286 3996 τὴν
3318 3924 3605 3995 τυχοῦσαν.
3661 3925 3735 3979 Οὐ

2146 4012 2234 4066 διὰ
2263 4011 2422 4066 τοῦτο
2445 4007 2503 4064 δέ
2540 4010 2699 4081 μόνον
2727 4009 2961 4063 ἐνταῦθα
3001 4008 3445 4082 παρακάθηνται,
3500 4009 3613 4063 ἀλλ’
3645 4010 3731 4062 ἵνα

2149 4113 2209 4149 σε
2236 4095 2329 4149 καὶ
2364 4094 2633 4164 ἐλεήμονα
2661 4094 2950 4165 ποιήσωσι,
2999 4095 3093 4148 καὶ
3128 4093 3264 4164 πρὸς
3300 4094 3447 4148 ἔλεον
3500 4096 3735 4164 ἐπικαμ-

2148 4178 2309 4247 φθῇς,
2350 4176 2437 4231 ἴνα
2461 4176 2749 4248 θαυμάσῃς
2779 4177 2875 4230 τοῦ
2905 4175 3039 4229 Θεοῦ
3072 4176 3170 4248 τὴν
3212 4176 3639 4247 φιλανθρωπίαν.
3673 4175 3735 4229 El

2145 4262 2254 4332 γὰρ
2284 4262 2312 4310 ὀ
2337 4259 2467 4323 Θεὸς
2483 4260 2581 4313 οὐκ
2598 4259 2983 4329 ἐπαισχύνεται
3005 4259 3220 4323 αὐτοὺς,
3252 4260 3364 4312 ἀλλ’
3386 4262 3441 4313 ἐν
3469 4263 3578 4324 τοῖς
3615 4276 3737 4332 προ·

2148 4337 2391 4403 πυλαίοις
2414 4337 2578 4391 αὐτοῦ
2594 4337 2810 4409 ἔστησε,
2830 4338 3009 4410 πολλῷ
3029 4337 3227 4409 μᾶλλον
3250 4339 3313 4392 σύ
3333 4355 3347 4369 ⁸
3374 4339 3459 4391 ἵνα
3484 4340 3560 4409 μὴ
3596 4340 3736 4409 μέγα

2147 4427 2349 4494 φρονῇς
2379 4420 2475 4475 ἐπὶ
2497 4424 2608 4485 τοῖς
2626 4422 2914 4493 βασιλείοις
2936 4424 3050 4485 τοῖς
3068 4423 3159 4475 ἐπὶ
3183 4423 3282 4492 τῆς
3294 4423 3415 4493 γῆς.
3444 4422 3533 4492 Μὴ
3563 4421 3736 4474 τοίνυν

2146 4506 2476 4577 ἐπαισχύνου
2495 4507 2648 4578 παρὰ
2677 4508 2905 4576 πένητος
2922 4505 3253 4576 καλούμενος
3279 4508 3405 4561 ’κᾶν
3437 4506 3731 4576 προσέλθῃ,

2147 4588 2253 4641 κᾶν
2274 4588 2343 4641 τά
2359 4586 2561 4655 γόνατα
2579 4586 2805 4662 κατέχῃ,
2830 4585 2904 4657 μὴ
2927 4586 3201 4659 ἀποσείσῃ
3220 4602 3235 4617 ο
3282 4587 3444 4649 κύνες
3464 4587 3572 4657 γάρ
3599 4588 3734 4639 εἰσιν

2147 4665 2293 4725 οὗτοί
2334 4688 2481 4733 τινες
2529 4670 2830 4741 θαυμαστοὶ
2880 4670 2990 4723 τῶν
3036 4670 3214 4725 αὐλῶν
3270 4670 3379 4723 τῶν
3420 4668 3730 4739 βασιλικῶν.

2148 4755 2224 4807 Οὐ
2253 4754 2362 4825 γάρ
2388 4753 2671 4824 ἀτιμάζων
2704 4752 2902 4817 αὐτοὺς
2930 4751 3098 4816 κύνας
3118 4752 3373 4819 ἐκάλεσα,
3400 4753 3475 4824 μὴ
3505 4753 3731 4821 γένοιτο,

2146 4837 2283 4891 ἀλλά
2311 4838 2408 4890 καί⁵
2469 4837 2675 4908 σφόδρα
2718 4834 2957 4890 ἐπαινῶν
2990 4852 3003 4865 ·
3036 4836 3134 4907 τὴν
3192 4836 3360 4907 αὐλὴν
3413 4837 3735 4906 φυλάττουσι

2149 4922 2248 4992 τὴν
2285 4920 2571 4991 βασιλικήν
2594 4938 2609 4950 ⁸
2641 4920 2838 4991 θρέψον
2891 4920 3069 4974 τοίνυν
3116 4920 3314 4984 αὐτούς
3348 4938 3363 4952 ο
3392 4923 3425 4991 ἡ
3460 4922 3566 4993 γάρ
3598 4923 3732 4991 τιμὴ

2149 5007 2229 5068 εἰς
2258 5005 2349 5057 τὸν
2371 5003 2594 5074 βασιλέα
2618 5005 2919 5059 ἀναϐαίνει.
2953 5005 3101 5058 Ἐκεῖ
3125 5005 3304 5058 πάντα
3321 5003 3508 5073 τῦφος,
3539 5007 3596 5057 ἐν
3617 5006 3731 5067 τοῖς

2153 5088 2448 5160 βασιλείοις
2477 5088 2622 5157 λέγω
2649 5090 2764 5151 τοῖς
2806 5090 2899 5141 ἐπὶ
2932 5089 3032 5159 τῆς
3091 5088 3217 5158 γῆς,
3280 5088 3512 5142 ἐνταῦθα
3558 5090 3735 5141 πάντα

2150 5172 2641 5243 ταπεινοφροσύνη.
2669 5173 2793 5226 Ὅτι
2821 5172 2970 5226 οὐδὲν
3000 5172 3067 5225 τὰ
3091 5171 3407 5242 ἀνθρώπινα
3429 5173 3523 5225 ἀπ’
3549 5172 3736 5225 αὐτῶν

2154 5246 2389 5328 μάλιστα
2418 5256 2526 5309 τῶν
2545 5255 2901 5327 προπυλαίων
2936 5256 3247 5326 μανθάνεις’
3273 5256 3357 5309 ὅτι
3391 5257 3453 5309 οὐ
3473 5256 3736 5324 τέρπεται

2150 5341 2365 5412 πλούτῳ
2390 5340 2544 5407 Θεὸς,
2565 5340 2659 5394 ἀπ’
2685 5339 2865 5393 αὐτῶν
2886 5339 2994 5392 τῶν
3019 5339 3453 5410 προκαθημένων
3488 5340 3735 5413 διδάσκῃ.

2159 5430 2226 5482 Ἦ
2256 5426 2362 5498 γὰρ
2394 5426 2599 5480 τούτων
2624 5425 2861 5496 καθέδρα
2915 5427 3011 5479 καὶ
3068 5426 3102 5497 ὴ
3164 5425 3396 5497 συλλογὴ
3453 5415 3736 5496 μονονόυχὶ.

2151 5513 2470 5586 παραίνεσίς
2509 5516 2646 5578 ἐστι,
2673 5513 2811 5584 πρὸς
2838 5512 2938 5583 τὴν
2966 5512 3077 5566 τῶν
3131 5512 3386 5583 ἁπάντων
3433 5512 3739 5583 ἀνθρώπων

2151 5597 2314 5667 φύσιν
2349 5596 2529 5667 φωνὴν
2584 5599 2804 5665 ἀφιεῖσα
2862 5595 3140 5667 λαμπράν,
3204 5596 3302 5649 καὶ
3364 5595 3614 5663 λέγουσα,
3652 5597 3733 5649 ὅτι

2150 5681 2304 5736 οὐδὲν
2334 5682 2403 5733 τά
2435 5680 2749 5749 ἀνθρώπινα
2774 5679 3095 5750 πράγματα,
3119 5680 3202 5733 ὅτι
3232 5678 3360 5733 σκιὰ
3380 5680 3476 5733 καὶ
3503 5679 3730 5741 καπνός.

2155 5767 2217 5820 Et
2247 5763 2405 5818 καλὸν
2436 5760 2501 5836 ἧν
2526 5767 2554 5817 ὀ
2577 5762 2827 5827 πλοῦτος,
2853 5765 2952 5816 οὐκ
2980 5762 3044 5816 ἂν
3076 5764 3314 5836 πένητας
3369 5762 3735 5836 προεκάθισεν
