2057 3198
167 186 218 213 6(ἴό

164 245 298 273 dotuiuam
311 250 359 279 pro
372 243 430 278 ipsa
444 245 550 272 oraret;
573 243 601 267 et
619 239 711 267 multis
721 238 812 266 verbis
824 243 950 265 consum-

164 292 216 326 ptis
231 295 323 325 postea
343 290 393 316 hoc
404 295 510 322 quoque
522 285 634 318 addidit,
650 290 785 319 tamquam
797 283 822 310 ei
836 282 953 310 maxime

166 343 337 371 persuasura,
360 334 493 369 quoddam
520 331 637 360 maxime
655 329 819 357 horrendum
836 327 954 355 inferens

163 382 350 418 jusjurandum
377 391 383 408 :
404 385 461 407 erat
482 383 570 406 autem
596 377 647 405 hoc
666 374 855 411 jusjurandum
879 380 886 399 :
914 371 952 399 Ita

165 429 304 457 Christum
325 427 414 454 videas
436 426 462 453 in
476 426 520 453 die
538 424 639 460 judicii,
656 430 691 450 ne
715 429 787 451 meas
802 427 894 456 preces
907 419 954 446 de-

163 475 261 509 spicias
278 482 284 500 :
299 477 395 501 etcum
413 472 470 500 haec
483 471 596 499 dixisset
616 470 691 497 abiit.
706 469 772 502 Quae
787 474 852 497 vero
867 466 954 494 fuerat

164 526 267 557 rogata,
282 528 343 548 cum
354 519 475 555 quaedam
491 518 626 545 incidisset
636 514 787 544 sollicitudo
801 514 835 541 de
848 513 880 540 iis
892 519 953 547 quas

164 567 197 594 ad
210 567 292 593 vitam
306 566 453 600 pertinent,
466 568 496 591 ut
505 562 602 590 accidit
617 562 643 588 iu
656 560 791 592 domibus,
807 558 889 587 oblita
900 562 951 585 est.

165 612 267 640 Deinde
280 615 390 646 repente
404 610 433 638 in
444 608 603 644 crepusculo
616 606 801 643 pomeridiano
812 604 954 633 recordata

164 664 206 687 est
219 658 333 686 maxime
347 656 473 685 horrendi
487 656 558 684 illius
572 662 626 690 quo
636 654 729 682 adacta
744 652 831 680 fuerat
841 651 954 687 jurisju-

165 704 253 737 randi,
268 708 296 730 et
304 703 478 730 vehementer
490 701 720 735 fuitcompuncta,
730 703 757 726 et
770 698 862 725 abiens
875 697 955 725 enixe

165 754 192 777 et
205 749 347 784 diligenter
359 749 473 784 rogavit,
489 752 516 776 et
528 754 586 775 rem
598 746 725 775 confecit.
741 745 788 773 llla
801 750 890 772 autem
907 751 954 771 no-

165 801 209 824 cte
226 797 307 823 caelos
322 799 432 831 repente
444 794 510 822 vidit
523 799 640 829 apertos,
653 797 682 821 et
696 792 782 827 ipsum
795 791 930 818 Christum
946 799 952 818 :

166 842 233 869 vidit
245 846 334 869 autem
350 861 357 874 ,
372 845 400 868 ut
413 840 496 868 videri
514 843 619 875 poterat
637 847 652 866 a
675 839 798 866 muliere.
823 838 955 871 Quoniam

166 893 257 918 autem
269 887 303 915 de
320 887 496 922 jurejurando
519 886 568 913 fuit
579 885 712 918 sollicita,
727 889 754 911 et
774 883 835 918 quia
856 882 955 914 timuit,

169 933 220 961 hac
240 934 344 960 visione
366 933 445 967 digna
469 932 518 959 fuit
540 931 640 959 habita.
661 930 724 957 ilxec
738 934 830 956 autem
842 928 908 960 dixi,
921 934 956 955 ne

166 979 306 1015 despectui
321 978 467 1006 habeamus
487 977 668 1013 adjurationes
680 996 688 1008 ,
705 975 820 1002 maxime
841 981 902 1001 cum
922 973 956 1001 de

167 1025 246 1052 rebus
257 1024 334 1052 bouis
348 1028 376 1051 et
390 1023 508 1051 honestis
521 1029 572 1050 nos
584 1021 692 1058 quidam
706 1019 858 1056 rogaverint
868 1039 876 1051 ,
900 1025 951 1053 pro

165 1072 335 1106 eleemosyna
346 1091 354 1102 ,
372 1077 420 1105 pro
432 1069 595 1104 benignitate
606 1072 635 1096 ct
680 1067 832 1096 clementia.
873 1067 952 1095 Nunc

166 1122 254 1145 autem
272 1117 367 1145 sedent
390 1123 520 1151 pauperes
534 1115 647 1151 pedibus
668 1119 757 1142 manet
770 1121 802 1141 ac
816 1113 931 1140 mutilatl
945 1132 954 1145 ,

167 1163 287 1190 videntes
308 1167 334 1190 te
351 1165 599 1197 praetercurrentem
614 1170 622 1189 :
642 1160 740 1188 deinde
764 1159 889 1193 quoniam
905 1166 953 1193 pe-

165 1209 244 1235 dibus
259 1213 285 1236 te
299 1216 353 1235 non
365 1212 477 1243 possunt
491 1206 615 1242 assequi,
630 1210 739 1241 sperant
752 1213 781 1233 se
792 1204 875 1232 veluti
889 1211 955 1239 quo-

165 1256 226 1284 dam
241 1255 321 1283 hamo
331 1254 508 1290 adjurationis
519 1258 593 1281 metu
607 1258 633 1281 te
648 1257 808 1285 retenturos,
819 1256 847 1279 et
859 1257 955 1278 manus

164 1302 341 1330 extendentes
355 1301 497 1336 adjurant,
514 1304 543 1328 ut
557 1307 639 1327 unum
654 1304 701 1326 aut
724 1299 792 1326 duos
814 1297 887 1325 solos
907 1297 956 1324 des

163 1349 258 1376 obolos
279 1357 287 1377 :
310 1353 338 1375 tu
360 1352 449 1376 autem
465 1347 650 1383 praztercurris
674 1354 722 1382 per
745 1350 818 1373 tuum
833 1345 953 1379 adjurata

166 1395 306 1422 hominum
324 1403 331 1420 :
353 1400 381 1422 et
394 1394 418 1422 si
433 1399 459 1422 te
473 1394 636 1429 adjuraverit
658 1392 765 1428 quidem
788 1399 835 1428 per
857 1391 953 1419 oculos

163 1446 209 1469 aut
222 1441 308 1469 mariti
322 1448 433 1477 peregre
446 1440 569 1476 profecti,
585 1445 631 1468 aut
647 1440 702 1472 lilii,
716 1445 761 1466 aut
777 1439 847 1471 tiliae,
861 1439 952 1466 statim

164 1488 247 1521 cedis,
259 1493 287 1516 et
300 1488 362 1516 salit
375 1488 491 1520 animus,
504 1487 643 1515 incalescis
659 1494 666 1513 :
683 1486 723 1513 sin
737 1490 825 1513 autem
840 1492 887 1520 per
899 1485 953 1512 Do-

165 1535 265 1561 minum
279 1534 428 1569 adjur-arit,
446 1534 641 1567 praetercurris.
666 1532 723 1567 Ego
745 1536 834 1559 autem
856 1531 954 1558 multas

165 1581 228 1608 novi
244 1589 303 1616 qua:
327 1580 424 1608 audito.
437 1579 552 1607 Domino
569 1583 810 1615 prmtercurrerunt
824 1586 832 1610 ;
847 1577 882 1605 de
897 1577 955 1611 pul-

166 1626 317 1654 chritudine
343 1631 432 1653 autem
457 1625 572 1652 laudatas
585 1624 619 1651 ab
638 1623 837 1654 accedentibus.
861 1623 955 1649 laetitia

164 1676 226 1699 sunt
240 1671 341 1703 etfusze,
356 1675 384 1698 et
396 1670 533 1701 emollitze,
547 1674 575 1697 et
589 1676 697 1696 manum
713 1672 897 1703 porrexerunt.
915 1667 954 1694 Eo

164 1718 253 1751 itaque
266 1717 379 1743 miseros
392 1715 502 1750 adigunt
525 1721 654 1749 pauperes
669 1718 698 1741 ut
715 1714 796 1741 risum
818 1717 960 1741 moveant;

164 1764 229 1792 Nam
244 1764 369 1799 quoniam
386 1762 475 1790 verbis
495 1766 601 1789 utentes
614 1760 820 1789 vehementibus
838 1765 865 1787 et
882 1759 953 1786 acri-

165 1810 214 1837 bus
227 1816 279 1836 non
295 1812 407 1844 tangunt
420 1807 537 1835 animum
551 1826 559 1839 ,
575 1806 608 1834 ad
629 1806 698 1833 hanc
713 1805 782 1833 viam
807 1805 953 1832 deveniunt

165 1863 213 1891 per
225 1863 303 1890 quam
318 1855 433 1881 maxime
445 1853 579 1881 delectant
593 1860 601 1880 :
615 1857 643 1880 et
655 1859 716 1880 eum
730 1851 775 1887 qui
787 1855 828 1878 cst
843 1851 869 1877 in
883 1850 954 1877 cala-

164 1902 274 1935 mitate,
292 1906 319 1929 et
339 1901 411 1929 fame
423 1899 576 1932 cruciatur,
591 1899 663 1934 cogit
685 1902 776 1926 nostra
798 1897 954 1933 improbitas

163 1947 368 1983 pulchritudinis
382 1946 473 1974 dicere
486 1946 648 1974 encomium.

200 1995 399 2022 Mendicamium
414 2002 468 2022 mos
479 1994 627 2030 singularis.
641 2008 677 2014 —
689 1993 721 2021 Et
734 1993 835 2020 utinam
847 1991 898 2020 hoc
907 1999 955 2019 so—

165 2043 219 2070 lum
232 2050 239 2075 ;
254 2042 301 2070 sed
314 2042 427 2069 alterum
438 2048 544 2077 quoque
556 2047 641 2076 genus
652 2040 702 2068 hoc
710 2039 842 2072 acerbius,
858 2046 955 2073 nempe

166 2088 374 2123 praestigiatores
387 2087 459 2122 cogit
470 2093 530 2115 esse
544 2093 677 2121 pauperes
690 2106 697 2119 ,
713 2092 821 2113 scurras
834 2089 862 2112 et
870 2085 956 2112 risum

166 2139 313 2162 tnoventes.
323 2133 435 2167 Quando
445 2133 517 2161 enim
525 2133 622 2161 calices
630 2154 637 2166 ,
653 2132 814 2160 hederaceas
828 2135 934 2166 pateras
943 2151 951 2163 .

166 2187 193 2210 ct
205 2181 299 2216 pocula
310 2180 399 2216 digitis
408 2180 529 2208 inserens
542 2183 569 2207 et
581 2179 722 2214 imponens
735 2178 803 2205 ludit
812 2177 953 2214 cymbalis,

166 2233 194 2256 et
208 2228 322 2256 fistulam
336 2227 449 2260 habens,
466 2227 557 2261 turpia.
563 2225 666 2254 cantica
679 2230 706 2253 et
717 2231 809 2254 amore
822 2223 899 2258 plena
908 2231 956 2258 per

166 2282 236 2306 eam,
258 2278 338 2302 cantu
360 2278 387 2301 et
408 2280 474 2301 voce
493 2273 591 2300 clamat
607 2280 613 2298 :
628 2271 725 2300 deinde
744 2271 820 2298 multi
841 2271 953 2298 circum-

166 2325 238 2348 stant
251 2341 258 2352 ,
274 2324 302 2347 et
315 2319 359 2347 alii
373 2319 481 2354 quidem
504 2318 619 2346 frustum
635 2317 711 2353 panis
725 2338 732 2350 ,
748 2317 795 2344 alii
809 2323 877 2344 vero.
888 2316 952 2344 οὺοιη

166 2366 230 2399 lum,
245 2365 289 2392 alii
302 2373 367 2392 vero
382 2364 480 2399 aliquid
496 2364 565 2390 aliud
582 2363 711 2398 prmbent,
726 2367 753 2389 et
767 2363 811 2390 diu
827 2362 960 2400 retinent,_

167 2417 193 2440 ct
207 2412 374 2440 delectantur
388 2415 414 2438 et
428 2411 475 2437 viri
490 2415 517 2437 et
531 2410 656 2437 mulieres
671 2419 678 2436 :
695 2408 757 2444 quid
777 2413 819 2435 est
832 2408 882 2435 hoc
895 2415 956 2443 gra-

168 2459 225 2487 vius
236 2459 248 2485 τ
258 2466 345 2485 annon
362 2463 424 2485 sunt
436 2458 492 2484 hmc
507 2457 581 2483 valde
595 2455 756 2491 deploranda
769 2455 781 2482 ?
796 2455 880 2482 Parva
894 2455 956 2489 qui-

167 2506 227 2533 dem
241 2508 313 2536 sunt,
329 2509 355 2532 et
371 2511 450 2538 parva
466 2504 662 2533 existimantur,
678 2501 778 2529 nostris
791 2506 879 2528 autem
894 2507 954 2527 mo-

166 2552 241 2579 ribus
254 2557 348 2585 magna
361 2550 645 2585 ingenerantpeccata.
656 2547 769 2582 Quando
784 2547 854 2574 enim
869 2547 956 2574 dictus

167 2597 248 2625 fuerit
261 2597 367 2633 quidatn
381 2596 524 2624 obscatuus
538 2600 566 2623 et
577 2595 662 2623 dulcis
676 2594 781 2626 modus,
795 2594 882 2621 mollit
896 2594 956 2620 ani-

168 2653 250 2677 mum,
266 2649 294 2672 et
306 2644 378 2671 illam
395 2643 479 2678 ipsam
494 2642 643 2677 corrumpit
656 2642 791 2672 animam;
806 2645 834 2669 et
855 2648 954 2675 pauper

167 2691 273 2726 quidem
308 2690 391 2717 Deum
419 2689 566 2719 invocans.
595 2692 623 2715 et
649 2687 719 2714 bona
742 2686 817 2714 vobis
844 2693 957 2721 precaris

168 2736 386 2768 innumerabilia,
398 2743 413 2763 a
427 2735 503 2763 vobis
516 2734 591 2762 nihili
604 2734 751 2761 aestimatur
778 2742 784 2760 :
809 2734 852 2767 qui
866 2736 955 2760 autem

169 2793 217 2820 pro
237 2784 279 2811 his
298 2783 399 2811 inducit
411 2782 538 2817 juvenilia
551 2802 559 2815 ,
584 2781 697 2808 habetur
719 2781 746 2807 in
769 2778 953 2807 admiratione.

206 2831 331 2858 Patientia
354 2830 543 2857 commendatur
569 2827 700 2863 exemplis.
715 2841 750 2846 —
765 2825 842 2859 Quod
865 2828 955 2852 autem

169 2885 239 2905 nunc
252 2877 316 2904 mihi
332 2877 403 2904 venit
417 2877 443 2903 in
459 2880 577 2903 mentem
589 2873 657 2909 apud
673 2880 722 2900 vos
735 2872 835 2904 dicere,
853 2871 904 2898 hoc
918 2870 956 2897 dis

169 2931 237 2952 cam.
254 2922 384 2957 Quidnam
400 2922 451 2950 hoc
472 2926 514 2950 est
525 2922 537 2949 ?
550 2920 661 2955 Quando
677 2920 704 2948 in
726 2921 908 2955 paupertatem
930 2921 958 2945 et

572 181 606 208 IN
624 180 730 209 EPIST.
752 181 771 207 Ι,
795 178 839 205 ΔΙ)
859 176 1024 204 TIIESSAL.
1041 178 1117 206 CAP.
1140 179 1170 207 V.
1192 179 1306 208 HOMIL.
1329 180 1375 208 XI.

1747 182 1797 209 “)6

1007 237 1128 265 morbum
1140 238 1274 272 incideris,
1290 239 1312 266 si
1324 247 1376 266 non
1389 238 1508 273 aliunde,
1521 246 1535 265 a
1550 239 1679 267 mendicis
1689 240 1796 274 quidem

1005 288 1079 311 certe
1089 305 1098 317 ,
1111 285 1157 320 qui
1171 293 1218 319 per
1230 286 1347 320 compita
1360 290 1388 313 et
1399 286 1556 321 angiportm
1568 286 1707 319 incedunt,
1722 286 1796 313 disco

1006 330 1120 358 Domino
1134 339 1214 366 agere
1224 332 1333 367 gratias.
1348 331 1394 359 Isti
1407 332 1478 359 enim
1494 336 1575 358 totam
1584 332 1666 359 vitam
1677 332 1705 359 in
1719 340 1795 359 men—

1005 376 1119 404 dicando
1146 383 1337 405 consumentes
1350 398 1357 409 ,
1374 385 1427 404 non
1442 377 1627 413 blasphemaut
1638 397 1646 410 ,
1663 386 1717 405 non
1740 379 1794 406 ira-

1005 428 1126 457 scuntur,
1143 431 1193 451 nec
1204 431 1274 459 agre
1287 424 1376 452 ferunt
1388 433 1395 457 ;
1416 424 1463 451 sed
1476 431 1584 451 omnem
1598 431 1673 451 suam
1689 423 1795 452 mendi-

1005 469 1112 496 citatem
1140 474 1283 497 recensent
1304 477 1364 497 cum
1391 470 1535 504 gratiarum
1560 470 1682 502 actione,
1712 470 1795 498 Deum

1005 523 1130 551 magnum
1153 515 1283 543 facientes
1296 516 1509 550 clementemque
1528 520 1556 543 et
1576 515 1730 551 benignum.
1746 515 1795 549 Qui

1006 561 1074 589 fanze
1093 562 1199 597 quidem
1219 562 1309 597 perit,
1334 567 1411 589 vocat
1435 562 1576 597 benignum
1600 571 1607 588 :
1634 567 1662 589 tu
1683 566 1772 589 autem
1788 582 1797 594 ,

1005 609 1049 643 qui
1078 609 1144 635 vivis
1176 609 1204 635 in
1239 609 1354 636 maxima
1375 616 1465 636 rerum
1496 608 1616 636 omnium
1635 608 1722 643 copia,
1745 608 1797 634 nisi

1006 664 1049 683 res
1076 656 1195 683 out-nium
1223 655 1376 690 acceperis,
1411 662 1491 682 vocas
1514 654 1660 683 crudelem.
1692 655 1797 688 Quanto

1005 707 1045 729 est
1072 702 1116 729 ille
1138 701 1254 729 melior?
1281 700 1416 736 quomodo
1439 708 1489 728 nos
1507 705 1569 728 tunc
1593 699 1798 728 condemnabit?

1005 747 1087 775 Nobis
1116 753 1272 774 communes
1306 746 1485 774 calamitatum
1511 745 1654 776 doctores,
1677 749 1705 772 et
1731 752 1797 772 cou-

1003 794 1164 821 solationem
1186 801 1233 827 per
1260 793 1413 820 universum
1435 790 1528 819 orbem
1558 795 1636 819 terra:
1661 791 1731 818 Deus
1754 790 1797 817 di-

1007 838 1088 870 misit,
1113 846 1251 873 pauperes.
1274 837 1371 865 Passus
1394 843 1424 864 es
1447 836 1547 871 aliquid
1572 835 1643 871 quod
1669 834 1798 863 nolebas?

1005 885 1054 912 sed
1081 884 1147 911 nihil
1175 883 1365 911 conferendum
1391 890 1452 910 cum
1479 890 1511 910 eo
1536 882 1608 917 quod
1632 882 1676 909 ille
1704 888 1798 916 passus

1006 935 1057 958 est.
1078 930 1193 959 Orbatus
1216 938 1245 957 es
1270 929 1367 957 oculo?
1391 929 1438 956 sed
1466 929 1510 956 ille
1535 928 1675 955 ambobus.
1709 927 1797 954 Labo-

1007 976 1071 1004 ηειὶ
1084 977 1179 1004 morbo
1204 975 1349 1003 diuturno?
1371 975 1418 1002 sed
1439 975 1482 1001 ille
1506 973 1654 1001 incurabili.
1677 973 1798 1000 Amisis:i

1006 1022 1099 1050 ﬁlios?
1113 1022 1160 1050 sed
1175 1021 1220 1049 ille
1229 1023 1310 1049 etiam
1324 1021 1466 1048 sanitatem
1480 1020 1521 1047 sui
1531 1019 1663 1054 corporis.
1675 1019 1798 1053 Magnum

1007 1068 1134 1103 accepisti
1153 1066 1302 1095 damnum?
1322 1066 1370 1094 sed
1384 1065 1502 1092 nendum
1524 1072 1557 1092 eo
1569 1072 1598 1092 es
1622 1064 1747 1092 redactus
1769 1067 1800 1090 ut

1007 1114 1067 1141 aliis
1090 1120 1193 1149 egeres.
1218 1113 1276 1140 Deo
1298 1112 1379 1147 igitur
1399 1119 1448 1146 age
1469 1110 1580 1146 gratias.
1603 1110 1684 1138 Vides
1698 1109 1800 1137 illosiu

1007 1160 1117 1188 fornace
1139 1159 1317 1195 paupertatis,
1331 1158 1366 1186 ab
1385 1158 1513 1185 omnibus.
1525 1161 1661 1192 petentes,
1675 1164 1689 1182 a
1705 1155 1798 1190 paucis

1007 1207 1179 1242 accipientes.
1194 1205 1307 1240 Quando
1319 1204 1440 1232 defessus
1454 1211 1485 1231 es
1494 1202 1596 1230 orando
1609 1206 1638 1230 et
1648 1201 1715 1229 nihil
1725 1201 1797 1228 acci-

1008 1254 1059 1288 pis,
1074 1252 1160 1287 cogita
1182 1252 1289 1287 quoties
1307 1258 1454 1286 pauperem
1464 1248 1585 1276 audieris
1596 1252 1735 1275 vocantem
1746 1268 1754 1279 ,
1770 1251 1798 1274 et

1008 1308 1061 1328 non
1075 1299 1228 1327 exaudieris
1243 1307 1250 1324 :
1265 1298 1310 1325 ille
1330 1302 1419 1324 autem
1443 1303 1494 1323 nec
1516 1294 1686 1327 succensuit,
1702 1301 1751 1321 nec
1771 1298 1799 1320 to

1007 1345 1168 1375 contumelia
1178 1344 1276 1373 affecit.
1290 1343 1371 1379 Atqui
1386 1348 1414 1370 tu
1429 1342 1480 1369 hoc
1492 1341 1600 1377 quidem
1614 1340 1679 1368 facis
1690 1348 1721 1367 ex
1736 1347 1798 1367 cru-

1007 1393 1117 1421 delitate
1132 1401 1138 1420 :
1153 1392 1225 1420 Deus
1246 1398 1310 1419 vero
1322 1390 1403 1418 etiam
1418 1397 1452 1417 ex
1465 1388 1630 1423 benignitate
1645 1387 1709 1415 facit
1722 1387 1795 1422 quod

1007 1447 1061 1468 non
1074 1439 1174 1467 audiat.
1188 1438 1215 1466 Si
1229 1445 1294 1473 ergo
1306 1442 1333 1465 tu
1348 1443 1408 1464 cum
1422 1442 1581 1463 conservum
1593 1441 1646 1461 non
1659 1433 1752 1461 audias
1761 1433 1795 1460 ob

1007 1486 1189 1514 crudelitatem
1202 1505 1210 1517 ,
1226 1492 1279 1512 non
1292 1490 1397 1517 aequum
1417 1488 1512 1509 censes
1524 1485 1554 1508 ut
1568 1478 1773 1515 reprehendaris
1791 1486 1797 1504 :

1006 1533 1143 1561 dominum
1164 1531 1245 1562 servi,
1257 1532 1301 1566 qui
1318 1533 1427 1565 propter
1439 1527 1630 1562 benignitatem
1646 1532 1699 1552 non
1712 1532 1797 1552 exau-

1006 1579 1057 1612 dit,
1067 1576 1261 1613 reprehendis?
1272 1575 1353 1603 Vides
1360 1578 1459 1610 quanta
1466 1573 1501 1601 sit
1511 1572 1687 1607 inaequalitas,
1698 1576 1796 1606 quanta

1007 1624 1135 1659 iniquitas
1147 1627 1174 1651 et
1186 1621 1314 1657 injustitia
1325 1619 1338 1646 ?

1040 1670 1068 1697 4.
1085 1669 1147 1696 ilice
1170 1671 1298 1703 perpetuo
1317 1665 1475 1701 cogitemus,
1491 1667 1519 1691 et
1534 1662 1688 1695 inferiores,
1704 1667 1732 1690 et
1750 1669 1798 1690 eos

1006 1716 1051 1749 qui
1066 1715 1092 1743 in
1108 1713 1254 1749 majoribus
1264 1716 1328 1739 sunt
1340 1709 1545 1741 calamitatibus,
1561 1712 1589 1736 et
1601 1708 1635 1735 ita
1651 1708 1798 1742 poterimus

1007 1761 1064 1789 Deo
1082 1767 1162 1795 agere
1183 1758 1291 1794 gratias.
1312 1756 1402 1784 Multis
1420 1754 1551 1790 ejusmodi
1572 1754 1701 1788 exemplis
1720 1754 1798 1788 plena

1006 1811 1049 1835 est
1063 1807 1116 1833 vita
1128 1814 1135 1832 :
1152 1811 1204 1832 nou
1219 1811 1328 1839 parvam
1343 1806 1433 1830 autem
1447 1801 1526 1828 habet
1538 1799 1686 1827 doctrinam
1700 1799 1745 1833 qui
1757 1803 1800 1826 est

1006 1853 1130 1885 sobrius,
1144 1855 1172 1879 et
1185 1850 1241 1878 vult
1252 1848 1389 1876 attendere
1399 1868 1407 1882 ,
1423 1847 1466 1874 vel
1478 1854 1510 1874 ex
1524 1845 1647 1873 domibus
1660 1844 1796 1872 oratoriis.

1008 1900 1154 1934 Propterea
1167 1898 1237 1924 enim
1250 1901 1277 1922 et
1290 1897 1316 1922 in
1330 1894 1449 1922 ecclesiis
1463 1897 1490 1920 et
1502 1892 1529 1919 in
1540 1891 1674 1927 martyriis
1683 1890 1725 1926 (a)
1735 1896 1798 1918 ante

1007 1946 1138 1975 vestibula
1152 1944 1246 1973 sedent
1260 1948 1401 1978 pauperes,
1416 1944 1445 1967 ut
1458 1945 1507 1967 nos
1521 1945 1554 1965 ex
1568 1937 1672 1965 illorum
1688 1941 1799 1971 aspectu

1007 1999 1131 2029 tnagnam
1149 1990 1286 2025 capiamus
1306 1987 1455 2015 utilitatum
1480 1983 1573 2019 Cogita
1594 1982 1666 2010 enim
1681 1982 1751 2017 quod
1770 1981 1799 2009 in

1008 2027 1129 2068 terrenas
1142 2036 1229 2072 regias
1245 2034 1322 2062 nobis
1337 2031 1545 2068 ingredientibus
1558 2029 1622 2057 nihil
1636 2029 1699 2056 licet
1709 2027 1798 2055 videre

1007 2083 1153 2120 ejusmodi;
1169 2081 1217 2109 sed
1229 2080 1279 2108 viri
1292 2086 1396 2115 graves,
1412 2077 1515 2104 honesti
1530 2080 1557 2103 et
1569 2074 1712 2109 magniﬁci,
1728 2081 1798 2109 pra:-

1007 2131 1126 2165 clarique
1137 2127 1233 2155 divites
1245 2130 1274 2154 et
1288 2124 1464 2159 intelligentes
1478 2128 1583 2156 quoquo
1595 2127 1688 2147 versus
1701 2127 1799 2147 excur-

1007 2181 1089 2205 runt:
1106 2176 1131 2203 in
1145 2175 1217 2202 illam
1231 2176 1320 2200 autem
1334 2171 1445 2206 regiam,
1462 2168 1602 2196 ecclesiam
1613 2187 1620 2199 ,
1637 2166 1756 2200 inquam,
1771 2169 1797 2192 et

1008 2228 1154 2258 martyrum
1174 2220 1268 2255 domos
1282 2216 1412 2246 oratorias
1427 2212 1636 2249 ingredientibus
1652 2212 1799 2239 obversan-

1009 2276 1051 2298 tur
1065 2267 1237 2300 daemoniaci,
1256 2265 1343 2293 manci
1366 2269 1394 2292 et
1415 2262 1515 2294 mutili,
1535 2267 1680 2296 pauperes,
1703 2266 1799 2293 senes,

1008 2317 1071 2345 caeci
1080 2337 1088 2350 ,
1102 2319 1133 2343 et.
1144 2313 1194 2349 qui
1203 2316 1267 2341 sunt
1277 2310 1390 2339 obtortis
1404 2308 1540 2337 membris.
1556 2305 1752 2341 Quamobrem?
1764 2305 1801 2333 Ut

1009 2372 1042 2392 ex
1056 2363 1150 2390 horum
1164 2364 1273 2397 aspectu
1288 2356 1419 2385 erudiaris
1433 2364 1439 2382 :
1456 2356 1571 2391 primum
1586 2353 1693 2389 quidem
1704 2373 1712 2385 ,
1735 2357 1763 2380 ut
1777 2353 1802 2380 si

1009 2411 1143 2445 ingressus
1154 2406 1235 2434 fueris
1245 2404 1411 2432 extrinsecus
1418 2402 1533 2436 aliquem
1545 2399 1640 2429 fastum
1651 2398 1800 2431 attrahens,

1008 2444 1068 2483 cum
1084 2450 1144 2481 illos
1163 2450 1312 2486 aspexeris,
1329 2453 1356 2476 et
1369 2447 1450 2475 animi
1465 2446 1607 2474 elationem
1628 2444 1801 2479 deposueris,

1009 2507 1036 2530 et
1050 2508 1097 2528 cor
1111 2497 1284 2528 contriveris,
1305 2496 1341 2523 ita
1356 2492 1513 2529 ingrediaris
1526 2497 1554 2519 et
1575 2491 1667 2518 audias
1686 2498 1746 2525 quae
1760 2490 1801 2516 di-

1008 2552 1106 2576 cuntur
1116 2545 1185 2581 (fieri
1195 2543 1266 2571 enim
1279 2549 1330 2569 non
1340 2544 1429 2576 potest
1438 2543 1467 2566 ut
1477 2538 1608 2570 audiatur,
1620 2536 1664 2571 qui
1677 2539 1802 2571 precatur

1009 2601 1070 2621 cum
1085 2590 1171 2625 fastu)
1184 2599 1191 2617 :
1207 2593 1236 2616 ut
1256 2586 1362 2623 quando
1375 2592 1467 2614 senem
1481 2584 1579 2612 videris
1589 2603 1596 2616 ,
1613 2590 1666 2609 non
1681 2581 1801 2609 eﬂeraris

1010 2645 1037 2668 et
1050 2639 1096 2667 tibi
1110 2638 1215 2673 placeas
1227 2635 1262 2663 ob
1270 2634 1434 2670 juventutem
1448 2641 1454 2659 :
1470 2638 1531 2659 nam
1548 2630 1590 2657 isti
1602 2635 1707 2663 quoque
1722 2634 1801 2655 senes

1015 2688 1121 2716 fuerunt
1137 2685 1250 2720 juvenes
1264 2690 1271 2707 :
1286 2686 1315 2708 ut
1328 2679 1435 2715 quando
1451 2681 1560 2713 prOptcr
1574 2675 1693 2703 militiam
1712 2679 1739 2701 et
1753 2681 1802 2709 po-

1009 2719 1248 2765 rtestateinrregiam
1265 2733 1290 2755 te
1300 2726 1377 2754 valde
1386 2724 1512 2760 jactaris,
1526 2722 1627 2757 cogites
1639 2720 1709 2756 quod
1723 2728 1754 2748 ex
1769 2719 1802 2747 iis

1011 2784 1073 2807 sunt
1090 2785 1133 2813 qut
1148 2778 1173 2803 in
1189 2775 1256 2803 aulis
1271 2774 1350 2809 regiis
1364 2770 1484 2807 prmelari
1499 2774 1527 2798 et
1542 2769 1658 2796 illustres
1673 2767 1797 2798 fuerunt;

1012 2831 1039 2854 ut
1052 2812 1158 2861 quando
1172 2823 1199 2850 in
1213 2822 1326 2850 sanitate
1337 2818 1459 2854 corporis
1480 2815 1562 2844 fueris
1581 2813 1734 2846 conlidens,
1752 2812 1802 2840 hos

1042 2885 1078 2915 (a)
1095 2883 1219 2915 Non_raro
1233 2878 1297 2911 apud
1308 2871 1692 2915 EcclesiasticqsAserijztgrfsusic
1708 2876 1801 2896 memo-

1015 2904 1220 2943 raiiir‘i'c‘éiéiie
1228 2904 1368 2942 martyrum.
1385 2907 1431 2932 llic
1441 2905 1546 2931 oratoria
1556 2904 1677 2929 dicuntur.
