4114 6396
415 411 419 415 ν
489 332 589 386 tsi

488 440 764 497 attendens
805 448 948 495 tuam
991 452 1315 508 cumprtmas
1353 436 1679 506 superbiam.
1730 431 1941 487 Etenim
1980 429 2070 500 qui

484 536 588 590 huc
616 533 832 590 assidue
876 533 1191 604 ingreditur.
1222 533 1313 601 qui
1343 541 1426 586 est
1454 528 1668 599 quidem
1709 540 1871 581 sanus
1897 565 1912 585 ,
1963 538 2068 577 non

488 626 646 680 valde
671 625 773 680 sibi
798 624 1028 694 placebit
1050 623 1119 679 de
1139 622 1368 677 sanitate
1388 620 1659 690 corporis;
1688 618 1777 688 qui
1802 625 1978 670 autem
2001 616 2073 670 la-

484 717 657 783 borat,
682 734 785 773 non
810 718 980 773 levem
1003 716 1231 786 accipiet
1251 714 1673 770 consolationem
1713 710 1828 766 Non
1856 717 2072 779 propter

485 808 587 864 hoc
610 820 788 864 autem
818 809 989 863 solum
1026 808 1111 862 hic
1137 806 1396 869 assident,
1426 804 1522 860 sed
1550 812 1608 858 ut
1628 812 1680 857 te
1709 815 1921 872 quoque
1947 798 2073 853 red-

481 902 611 955 dant
654 902 1052 955 misericordem
1080 910 1135 954 et
1162 897 1397 953 nectaris
1434 895 1501 951 ad
1528 891 1945 949 misericordiam
1967 931 1983 955 ,
2014 898 2072 944 ut

486 996 578 1049 Dei
618 994 903 1049 admireris
929 992 1311 1063 benignitatem
1344 1009 1357 1045 :
1391 990 1435 1045 si
1474 988 1619 1045 enim
1659 987 1824 1043 Deum
1855 984 2068 1040 illorum

484 1104 589 1142 non
626 1087 808 1157 pudet,
837 1086 928 1141 sed
956 1101 1051 1141 eos
1079 1085 1263 1140 statuit
1284 1085 1335 1139 in
1360 1082 1636 1139 vestibulis
1664 1098 1677 1134 :
1710 1079 1879 1135 multo
1901 1076 2069 1147 magis

485 1196 584 1233 nec
614 1189 703 1243 tu;
738 1195 804 1232 ne
835 1190 1051 1246 propter
1080 1187 1321 1232 terrenas
1350 1176 1526 1245 regias
1552 1173 1845 1229 insolescas
1887 1181 1942 1227 et
1971 1186 2065 1226 su-

483 1272 713 1342 perbias.
741 1267 817 1321 Ne
850 1266 1004 1339 igitur
1035 1270 1321 1324 erubescas
1348 1268 1394 1322 si
1421 1267 1628 1322 voceris
1652 1280 1682 1319 a
1714 1278 1979 1334 paupere;
2014 1270 2071 1316 et

482 1365 527 1418 si
558 1363 868 1427 accesserit,
897 1363 940 1416 si
967 1376 1137 1431 genua
1167 1358 1529 1430 prehenderit,
1558 1372 1625 1412 ne
1650 1356 1878 1425 repellas
1902 1372 1915 1408 :
1945 1362 2071 1407 sunt

482 1454 623 1509 enim
656 1453 741 1508 isti
762 1468 922 1508 canes
949 1452 1163 1523 quidam
1185 1449 1485 1506 admirandi
1510 1448 1750 1503 aularum
1774 1446 2065 1516 regiarum.

482 1548 599 1603 Non
636 1550 777 1603 enim
813 1562 909 1602 eos
938 1546 1133 1616 probro
1161 1544 1403 1599 afﬁciens
1440 1543 1623 1597 vocavi
1655 1556 1848 1601 canes,
1889 1538 2060 1601 absit,

482 1638 578 1695 sed
608 1639 768 1693 etiam
793 1637 941 1693 valde
968 1637 1192 1691 laudans
1217 1653 1230 1689 :
1263 1634 1436 1689 aulam
1464 1641 1677 1687 servant
1706 1631 1943 1700 regiam;
1972 1644 2064 1683 eus

481 1745 611 1800 ergo
657 1729 844 1784 nutri:
898 1729 1069 1783 honor
1105 1726 1250 1783 enim
1297 1724 1537 1780 ascendit
1577 1724 1643 1777 ad
1692 1722 1909 1791 Regem.
1956 1719 2067 1774 Illic

481 1821 657 1875 omnia
680 1830 803 1874 sunt
832 1819 999 1874 fastus
1019 1828 1073 1873 ct
1096 1816 1370 1886 superbia,
1397 1817 1448 1869 in
1477 1815 1656 1880 regiis,
1681 1813 1918 1880 inquam,
1943 1827 2063 1879 qua:

481 1922 607 1968 sunt
650 1926 813 1981 super
841 1919 1038 1965 terram
1072 1927 1085 1963 :
1117 1908 1205 1964 hic
1230 1909 1407 1963 omnia
1434 1916 1561 1962 sunt
1587 1906 1877 1960 humilitas.
1910 1903 2061 1972 Quod

482 2004 611 2059 nihil
641 2004 749 2058 sint
775 2018 863 2057 res
893 2002 1170 2066 humanm,
1201 2015 1266 2055 ex
1298 1999 1428 2069 ipsis
1457 1999 1689 2053 maxime
1710 1998 1872 2053 discis
1899 1998 2065 2052 vesti-

479 2095 620 2150 bulis
650 2112 664 2149 :
695 2092 838 2163 quod
869 2092 1068 2147 divitiis
1097 2106 1201 2145 non
1232 2090 1530 2145 delectetur
1562 2090 1729 2155 Deus,
1760 2089 1970 2144 duceris
1996 2087 2064 2141 ab

480 2186 553 2243 iis
580 2187 670 2257 qni
704 2195 831 2241 ante
860 2185 969 2255 ipsa
1000 2183 1207 2239 sedent.
1238 2183 1437 2237 Eorum
1476 2182 1618 2237 enim
1655 2182 1826 2236 sessio
1854 2191 1909 2235 et
1931 2194 2061 2234 cnn—

478 2278 719 2349 gregatio
743 2285 829 2331 est
866 2275 1251 2346 propemodum
1279 2274 1573 2328 admonitio
1598 2272 1666 2327 ad
1694 2273 1931 2327 omnium
1964 2272 2061 2327 ho-

482 2369 688 2423 minum
724 2376 968 2422 naturam
991 2407 1006 2431 ,
1034 2367 1233 2421 claram
1265 2382 1450 2421 vocem
1477 2366 1727 2421 etnittcns
1753 2375 1807 2420 et
1832 2365 2016 2420 dicens
2046 2381 2059 2417 :

480 2460 622 2516 Nihil
643 2469 767 2514 sunt
788 2473 876 2514 res
892 2458 1139 2513 humana:
1160 2458 1258 2512 nisi
1285 2459 1469 2513 umbra
1492 2466 1546 2513 et
1565 2457 1762 2513 fumus.
1786 2457 1842 2512 Si
1866 2458 2062 2512 bonum

479 2560 662 2607 essent
685 2551 918 2614 divitiae,
964 2550 1100 2604 Deus
1131 2550 1393 2604 noluisset
1421 2564 1685 2619 pauperes
1722 2548 1914 2603 sedere
1939 2558 2063 2603 ante

478 2659 573 2699 sua
602 2644 885 2699 vestibula.
927 2643 982 2699 Si
1028 2651 1207 2698 autem
1244 2642 1478 2696 admittit
1523 2642 1681 2696 etiam
1732 2641 1955 2703 divites,
1996 2657 2064 2695 ne

478 2738 692 2792 mireris
721 2756 734 2791 :
768 2752 872 2791 non
900 2737 1042 2790 enim
1075 2737 1196 2791 ideo
1225 2735 1456 2789 admittit
1483 2744 1543 2788 ut
1568 2745 1817 2789 maneant
1846 2734 2059 2795 divites,

477 2829 572 2883 sed
603 2826 956 2883 utdiscedant
983 2842 1013 2880 a
1043 2825 1179 2880 fastu
1202 2835 1258 2881 et
1277 2827 1509 2881 elatione
1532 2825 1693 2878 animi
1722 2845 1732 2879 :
1768 2825 1887 2879 audi
1916 2826 2058 2879 enim

476 2921 604 2992 quid
645 2921 725 2975 eis
766 2920 905 2974 dicat
935 2918 1183 2973 Christus
1214 2937 1226 2971 :
1264 2917 1385 2971 Non
1426 2918 1631 2987 potestis
1662 2916 1772 2972 Deo
1808 2919 1992 2972 servire
2016 2929 2061 2971 et

476 3025 799 3063 mammonw.
830 3009 896 3063 Et
918 3022 1124 3075 rursus,
1150 3008 1300 3061 Dives
1320 3008 1531 3079 difﬁcile
1552 3008 1754 3061 intrabit
1775 3010 1827 3061 in
1851 3025 2061 3079 regnum

478 3105 756 3169 calorum;
786 3111 839 3159 et
866 3117 1085 3169 rursus,
1116 3101 1347 3155 Facilius
1374 3110 1447 3155 est
1481 3101 1725 3155 cautelam
1757 3102 1947 3154 intrare
1971 3119 2062 3170 per

480 3201 707 3268 foramen
733 3212 873 3260 acus,
892 3212 1042 3263 quam
1063 3196 1266 3247 divitem
1283 3194 1335 3247 in
1355 3210 1566 3264 regnum
1585 3194 1824 3247 cwlorum
1845 3193 2056 3265 (Matth.

476 3288 531 3342 6.
559 3287 650 3342 24.
679 3297 723 3341 et
753 3288 834 3342 l9.
866 3286 957 3340 ‘25.
996 3286 1113 3355 24).
1163 3285 1453 3354 Propterea
1499 3285 1698 3355 excipit
1738 3286 1957 3351 divites,
2004 3295 2062 3339 ut

480 3378 595 3433 haec
612 3378 775 3432 verba
803 3376 1041 3441 audiant,
1074 3384 1130 3429 ut
1149 3384 1377 3430 aeternas
1400 3374 1709 3430 desiderent
1734 3376 1971 3442 divitias,
2003 3386 2061 3430 ut

474 3468 853 3537 concupiscant
877 3482 939 3521 ea
968 3483 1087 3536 qtne
1117 3474 1241 3520 sunt
1268 3465 1319 3520 in
1358 3466 1525 3521 czelis.
1553 3466 1620 3521 Et
1645 3466 1771 3537 quid
1801 3468 2016 3522 miraris
2041 3506 2056 3527 ,

480 3560 524 3613 si
557 3574 663 3612 non
695 3557 1011 3627 dedignatur
1037 3567 1092 3611 ut
1124 3558 1256 3612 tales
1277 3557 1500 3612 sedeant
1524 3557 1579 3612 in
1605 3558 1881 3614 vestibulis
1906 3558 2060 3615 suis?

478 3668 586 3706 non
613 3651 927 3721 dedignatur
947 3651 1088 3704 enim
1120 3665 1313 3705 vocare
1342 3650 1407 3704 ad
1438 3665 1679 3705 mensam
1702 3650 2058 3719 Spiritualem,

477 3753 534 3797 et
565 3743 705 3796 illius
729 3742 956 3797 convivii
988 3741 1164 3797 facere
1192 3740 1497 3811 participes.
1525 3741 1631 3796 Sed
1672 3752 1729 3797 et
1753 3742 1977 3797 claudus
2004 3752 2060 3797 et

478 3834 717 3899 mutilus,
748 3848 912 3887 senex
938 3834 1130 3903 pmmis
1153 3833 1391 3898 obsitus,
1421 3831 1668 3887 sordidus
1694 3842 1747 3887 et
1776 3848 2057 3898 mucosus,

478 3926 638 3980 simul
664 3940 783 3979 cum
812 3923 1035 3994 pulchro
1053 3924 1253 3993 juvene
1272 3965 1288 3989 ,
1320 3934 1374 3980 et
1397 3925 1487 3994 qui
1515 3940 1575 3979 se
1604 3924 1776 3979 induit
1804 3942 2056 3996 purpura,

475 4026 531 4071 ct
554 4017 638 4070 cui
680 4015 987 4071 redimitum
1016 4025 1100 4070 est
1126 4024 1286 4086 caput
1323 4016 1655 4084 diademate,
1686 4019 1831 4073 venit
1860 4034 2059 4074 mensa:

476 4110 745 4179 particeps
776 4110 982 4164 iuturus
1003 4151 1019 4175 ,
1051 4119 1104 4163 et
1132 4110 1325 4179 dignus
1352 4120 1603 4166 censetur
1630 4112 1892 4181 spirituali
1922 4127 2057 4168 con-

474 4200 653 4266 vivio,
689 4208 746 4255 et
774 4200 963 4255 iisdem
998 4198 1248 4255 fruuntur
1274 4199 1503 4270 utrique,
1546 4209 1602 4256 et
1628 4201 1770 4256 nulla
1796 4211 1881 4258 est
1906 4202 2059 4258 diffe-

474 4302 669 4346 rentia.

1194 323 1253 381 S.
1283 321 1561 378 JOANNIS
1595 313 2073 405 CIIRYSOSTOMAI
2114 313 2428 371 AllClllEP.
2470 315 2998 376 CONSTANTINOP.

3652 319 3753 373 ιδει

2247 430 2303 484 5.
2353 429 2499 487 Itane
2537 432 2783 488 Christus
2807 434 3022 503 quidem
3063 448 3170 491 non
3213 434 3530 507 dedignatur
3554 452 3649 491 eos
3675 455 3753 491 Sl-

2176 523 2284 576 mul
2310 538 2430 577 cum
2457 525 2603 594 Rege
2626 540 2820 580 vocare
2848 525 2913 580 ad
2940 542 3215 593 mensam;
3242 528 3404 584 ambo
3424 528 3568 584 enim
3592 530 3751 583 simul

2175 624 2434 669 vocantur
2466 631 2480 669 :
2513 624 2568 670 tu
2598 628 2776 671 autem
2817 617 3048 673 fortasse
3076 618 3378 689 dedignaris
3419 620 3587 675 videri
3625 620 3755 677 dare

2178 706 2533 775 pauperibus,
2567 717 2659 762 aut
2696 708 2858 762 etiam
2910 724 3005 765 eos
3047 709 3291 782 alloqui?
3335 711 3521 781 Papae!
3558 722 3751 782 quanta

2175 808 2256 853 est
2284 801 2605 870 arrogantia,
2636 811 2866 871 quantus
2890 801 3089 858 fastus!
3123 802 3252 859 Vide
3280 820 3347 859 ne
3373 805 3560 861 eadem
3599 807 3754 862 nobis

2173 890 2417 946 accidant
2443 907 2563 962 qua:
2604 892 2778 949 diviti.
2809 893 3205 964 Dedignabatur
3250 896 3343 951 ille
3387 897 3471 952 vel
3514 898 3753 965 aspicere

2174 980 2455 1046 Lazarum,
2474 994 2528 1038 et
2557 999 2624 1040 ne
2649 984 2841 1040 domus
2865 985 3081 1055 quidem
3104 994 3246 1041 tecto
3270 1002 3393 1042 eum
3415 988 3747 1058 dignabatur,

2172 1074 2270 1130 sed
2313 1075 2442 1130 foris
2470 1084 2587 1131 erat
2629 1076 2869 1147 ahjectus
2899 1078 2954 1133 itt
2980 1078 3266 1144 vestibulo,
3296 1080 3389 1133 sed
3432 1095 3532 1133 nec
3574 1082 3751 1136 verbis

2172 1165 2389 1236 quidem
2420 1182 2545 1222 eum
2573 1176 2659 1223 est
2672 1168 2940 1237 dignatus.
2970 1170 3039 1224 At
3061 1169 3183 1225 vide
3209 1170 3477 1240 quomodo
3493 1185 3613 1226 cnm
3634 1171 3752 1241 ejus

2173 1274 2308 1328 cpns
2338 1258 2564 1315 haberet
2587 1260 2809 1328 auxilio,
2845 1261 2895 1315 id
2926 1277 3029 1316 non
3061 1262 3129 1316 sit
3155 1272 3490 1333 assequntus.
3522 1263 3576 1320 Si
3606 1266 3749 1321 enim

2174 1364 2274 1404 nos
2308 1364 2493 1405 eorum
2547 1351 2746 1422 pudet,
2796 1368 3019 1421 quorum
3062 1352 3333 1408 Christum
3375 1370 3481 1410 non
3523 1356 3747 1425 puduit,

2171 1439 2370 1495 Christi
2402 1456 2500 1496 nos
2528 1442 2712 1511 pudet,
2754 1442 2880 1497 dum
2923 1458 3021 1498 nos
3068 1443 3230 1513 pudet
3272 1444 3388 1515 ejus
3432 1448 3747 1502 amicorum.

2176 1532 2466 1603 lmpleatur
2495 1550 2678 1590 mensa
2708 1547 2795 1590 tua
2824 1537 3048 1599 claudis,
3082 1538 3287 1592 mancis
3314 1554 3376 1593 ac
3404 1542 3602 1595 mutilis
3623 1559 3635 1595 :
3656 1556 3751 1611 per

2172 1640 2269 1680 eos
2298 1624 2518 1681 advenit
2557 1626 2825 1694 Christus,
2854 1643 2960 1683 non
2995 1644 3087 1698 per
3123 1628 3334 1685 divites.
3366 1630 3628 1688 Fortassis
3671 1633 3752 1688 ri-

2172 1718 2267 1772 des
2297 1717 2536 1773 audiens.
2575 1718 2653 1774 Ne
2693 1734 2822 1789 ergo
2841 1720 3118 1775 existimes
3140 1736 3314 1775 meum
3343 1737 3465 1778 esse
3492 1725 3708 1779 verbum
3730 1767 3747 1791 ,

2170 1812 2293 1865 audi
2317 1812 2492 1881 ipsum
2516 1811 2787 1867 Christum
2810 1812 3097 1879 dicentem,
3130 1824 3189 1869 nt
3216 1829 3319 1869 non
3346 1816 3542 1883 rideas,
3569 1818 3661 1872 sed
3691 1826 3752 1873 ut

2172 1902 2472 1957 horrescas.
2499 1902 2739 1969 Quando,
2760 1904 2951 1973 inquit,
2982 1907 3109 1977 facis
3130 1908 3397 1977 prandium
3419 1919 3508 1962 aut
3534 1926 3745 1977 uenam,

2170 2014 2231 2052 ne
2258 2014 2399 2052 voces
2443 1998 2653 2062 amicos,
2698 2014 2858 2067 neque
2889 2002 3071 2063 fratres
3126 2010 3259 2066 tuos,
3308 2017 3469 2070 neque
3510 2014 3751 2072 cognatos

2169 2098 2299 2151 tuos,
2328 2104 2487 2158 neque
2510 2089 2699 2142 vicinos
2726 2089 2925 2152 divites.
2968 2106 3029 2143 ne
3056 2091 3155 2158 ipsi
3181 2100 3227 2144 te
3255 2092 3477 2145 vicissim
3505 2094 3745 2161 invitent,

2167 2192 2216 2234 et
2241 2181 2330 2249 ﬁat
2356 2180 2442 2233 tibi
2478 2181 2737 2235 retributio
2768 2197 2788 2235 :
2813 2185 2902 2235 sed
2922 2183 3124 2252 quando
3150 2184 3277 2252 facis
3302 2185 3601 2250 convivium,
3629 2203 3751 2241 voca

2171 2270 2447 2331 mendicos.
2471 2288 2698 2333 mancos,
2736 2270 2968 2337 claudos,
3010 2288 3188 2339 cteros,
3220 2284 3266 2328 et
3289 2274 3459 2328 beatus
3485 2276 3603 2341 eris,
3630 2279 3753 2348 quia

2172 2378 2273 2416 non
2308 2361 2491 2415 habent
2515 2363 2651 2417 unde
2678 2363 2768 2417 tibi
2802 2365 3079 2417 retribuam
3107 2382 3126 2418 :
3153 2366 3450 2420 retribuetur
3495 2369 3627 2422 enim
3662 2368 3753 2422 tibi

2168 2454 2223 2508 in
2265 2454 2633 2509 resurrectione
2670 2457 2922 2524 iustorum
2949 2456 3100 2526 (Luc.
3145 2458 3232 2511 Η.
3265 2458 3473 2531 12-14).
3523 2460 3618 2515 Est
3656 2476 3753 2516 ευ·-

2171 2554 2276 2600 tem
2306 2546 2392 2601 hic
2418 2561 2631 2616 quoque
2680 2547 2851 2616 major
2895 2548 3089 2618 gloria,
3120 2548 3383 2620 siquidem
3419 2566 3537 2605 eam
3578 2567 3748 2608 amas.

2170 2638 2301 2693 Nam
2351 2653 2420 2693 ex
2458 2638 2561 2692 illis
2606 2638 2820 2708 quidem
2866 2650 2948 2695 est
2994 2641 3223 2703 invidia,
3282 2644 3653 2698 accusationes
3695 2654 3753 2699 et

2172 2728 2459 2784 maledicta
2502 2738 2557 2784 et
2584 2740 2758 2784 metus
2802 2730 3063 2798 plurimus
3095 2748 3163 2786 ne
3202 2732 3328 2803 quid
3370 2744 3563 2803 prseter
3587 2735 3752 2789 deco-

2169 2838 2286 2876 rum
2329 2823 2446 2884 ﬁat,
2478 2831 2533 2877 et
2559 2822 2629 2876 ita
2659 2822 2877 2878 adsistis
2908 2832 3176 2893 tamquam
3204 2838 3395 2879 servus
3427 2824 3670 2891 Domino,
3698 2836 3755 2880 et

2167 2915 2213 2971 si
2244 2916 2354 2969 sint
2383 2915 2636 2984 'majores
2686 2916 2883 2982 vocati,
2936 2916 3132 2971 timens
3174 2931 3359 2971 eorum
3408 2918 3655 2987 querelas
3696 2930 3755 2974 et

2168 3022 2262 3061 ora
2290 3024 2303 3060 :
2338 3008 2388 3061 in
2422 3007 2505 3061 his
2533 3016 2710 3062 autem
2742 3008 2873 3062 nihil
2902 3014 2986 3062 est
3011 3006 3339 3076 hujusmodi,
3363 3008 3457 3063 sed
3484 3024 3753 3079 quaecum-

2167 3113 2271 3168 que
2301 3100 2379 3153 eis
2406 3100 2669 3154 obtuleris
2698 3099 2944 3154 lubenter
2969 3100 3274 3168 accipiunt;
3304 3110 3358 3155 et
3384 3115 3604 3169 magnus
3630 3103 3755 3159 inde

2170 3192 2410 3259 plausus,
2439 3190 2772 3260 splendidior
2793 3191 2982 3260 gloria,
3002 3192 3173 3262 major
3199 3193 3494 3248 admiratio.
3516 3194 3629 3249 Non
3648 3196 3755 3250 illis

2169 3283 2241 3336 ita
2266 3282 2619 3351 applaudunt,
2646 3282 2786 3337 sicut
2829 3281 2936 3347 his,
2974 3297 3164 3337 omnes
3186 3284 3274 3353 qui
3303 3284 3543 3338 audiunt.
3572 3285 3626 3339 Si
3656 3301 3751 3339 an-

2169 3384 2273 3429 tem
2318 3390 2423 3429 non
2451 3374 2649 3440 credis,
2682 3374 2765 3430 fac
2805 3375 3124 3445 periculum,
3157 3385 3212 3430 tu
3262 3375 3429 3441 dives,
3463 3378 3550 3440 qui
3593 3394 3753 3432 vocas

2166 3469 2332 3523 duces
2376 3476 2432 3523 ct
2482 3468 2785 3537 principes;
2828 3483 2960 3523 voca
3010 3484 3312 3539 pauperes,
3358 3481 3413 3525 et
3458 3470 3543 3525 his
3590 3473 3752 3541 imple

2166 3575 2431 3625 mensam,
2467 3569 2524 3613 ut
2548 3559 2732 3615 videas
2760 3574 2941 3614 annon
2970 3559 3040 3614 ab
3062 3559 3313 3615 ontnihus
3342 3560 3435 3615 tibi
3465 3563 3753 3631 applaudu-

2169 3659 2275 3716 tnr,
2321 3666 2499 3704 annon
2543 3649 2782 3720 diligaris
2827 3649 2896 3704 ab
2941 3650 3211 3716 omnibus,
3243 3666 3421 3705 annon
3469 3661 3519 3706 te
3563 3668 3753 3707 utnncs

2168 3750 2437 3812 tamquam
2467 3751 2674 3812 patrem
2705 3742 2814 3797 sint
2840 3741 3091 3797 habituri.
3116 3741 3248 3797 Nam
3282 3743 3490 3798 illarum
3535 3745 3749 3812 quidem

2166 3851 2443 3891 uenarum
2475 3836 2681 3890 nullum
2729 3844 2815 3891 est
2856 3836 3062 3891 lucrum
3098 3852 3112 3889 :
3143 3851 3240 3907 pro
3270 3838 3352 3892 his
3379 3847 3558 3893 autem
3586 3853 3751 3906 repn-

2165 3929 2327 3983 situm
2380 3936 2466 3982 est
2502 3928 2713 3990 cadum,
2745 3934 2802 3983 et
2840 3926 2980 3983 bona
3008 3944 3128 3996 qua:
3156 3938 3282 3983 sunt
3324 3927 3377 3983 in
3415 3930 3580 3984 ca-lis.
3619 3932 3751 3995 Quae

2167 4018 2347 4073 omnia
2372 4017 2529 4073 nobis
2556 4018 2806 4073 omnibus
2834 4018 2991 4073 detur
3012 4020 3291 4090 consequi,
3319 4022 3485 4091 gratia
3514 4031 3569 4076 et
3596 4021 3751 4075 heni—

2167 4111 2369 4180 gnitate
2399 4109 2610 4164 Domini
2641 4109 2809 4165 nostri
2838 4109 2965 4165 Jesu
2992 4110 3215 4177 Christi,
3245 4126 3366 4166 cum
3407 4129 3515 4180 quo
3562 4112 3697 4167 Patri
3730 4153 3747 4175 ,

2167 4202 2433 4272 simulque
2472 4201 2693 4271 Spiritui
2736 4211 2924 4257 sancto
2961 4202 3151 4273 gloria,
3183 4203 3489 4273 imperium,
3537 4205 3703 4258 honor
3728 4244 3747 4267 ,

2169 4308 2313 4349 nunc
2340 4304 2395 4350 et
2420 4309 2654 4365 semper,
2693 4302 2749 4350 et
2776 4294 2831 4349 in
2860 4293 3055 4350 seacula
3084 4294 3423 4350 saeculorum.
3450 4296 3639 4350 Amen.

479 4438 3743 4465 Μ

1489 4565 1873 4641 SANCTI
1928 4570 2321 4645 PATRIS
2362 4572 2749 4646 NOSTBI

877 4733 1252 4884 JOA
1278 4737 1539 4878 NN
1551 4736 1729 4882 IS
1839 4736 3378 4906 CHRYSOSTOMI,

1354 4981 1955 5046 ARCHIEPISCOPI
2016 4981 2952 5050 CONSTANTINOPOLITANI
2975 5032 2993 5064 ,

880 5136 944 5191 IN
984 5132 1365 5191 EPISTOLAM
1401 5128 1767 5189 SECUNDAM
1806 5128 1900 5183 AD
1937 5127 2619 5190 THESSALONICENSES
2654 5130 3193 5190 COMMENTARIUS
3218 5131 3322 5203 (a).

1754 5266 2466 5319 *ως-...-

1541 5376 2121 5440 ARGUMENTUM.
2190 5380 2535 5443 HOMILIA
2577 5382 2606 5443 Ι

554 5512 607 5568 1.
634 5510 771 5568 Cum
816 5508 871 5564 in
906 5504 1072 5577 priori
1097 5502 1326 5560 dixisset
1352 5501 1601 5573 epistola,
1626 5499 1884 5572 Optamus
1913 5512 2069 5556 necte

476 5614 533 5663 et
563 5605 650 5660 die
687 5616 786 5659 vos
822 5598 1009 5655 videre
1035 5614 1051 5665 ;
1080 5604 1157 5665 et,
1184 5594 1306 5651 Non
1330 5595 1679 5660 sustinemus,
1711 5591 1807 5650 sed
1838 5591 2067 5648 Athenis

546 5764 619 5825 (ιι)
644 5755 928 5825 Homiliaein
947 5750 1216 5825 Epistulam
1247 5748 1295 5822 ιι
1329 5746 1881 5825 adn'l‘bes‘samloniccnses
1917 5742 2069 5796 colla-

486 5811 686 5874 ue‘c'um
718 5811 1299 5871 Codicibus'Oulbertinis
1327 5811 1421 5862 διδ
1456 5818 1507 5861 et
1536 5811 1648 5861 eos.

2170 5511 2527 5566 remansimus
2550 5508 2689 5574 soli;
2717 5517 2792 5572 et,
2824 5506 2939 5564 Misi
2968 5504 3309 5562 Timotheum
3353 5503 3449 5573 (Ι.
3479 5502 3659 5557 Thess.
3691 5502 3750 5556 5.

2171 5602 2261 5659 10.
2295 5603 2345 5658 1.
2372 5603 2430 5675 2)
2456 5618 2472 5657 :
2496 5617 2590 5673 per
2616 5602 2732 5656 hare
2759 5602 2937 5655 omnia
2968 5597 3232 5668 signiﬁcat
3258 5594 3581 5650 desiderium
3608 5595 3753 5663 quod

2172 5698 2399 5753 habebat
2448 5707 2505 5751 ut
2532 5697 2598 5751 ad
2628 5711 2725 5750 eos
2753 5693 2981 5748 Veniret.
3020 5691 3151 5748 Cum
3179 5704 3310 5760 ergo
3336 5688 3568 5744 fortasse
3610 5702 3750 5741 noti-

2166 5793 2294 5849 dnnt
2318 5791 2579 5862 potuisset
2603 5785 2815 5856 assequi
2847 5794 2903 5839 ut
2945 5798 3041 5840 eos
3068 5781 3263 5851 adiret,
3291 5789 3346 5839 et
3394 5794 3514 5850 qua:
3560 5793 3748 5833 eorum
