4114 6396
518 253 626 310 469

512 367 644 435 φθὲν
681 361 791 417 ἀπὸ
825 363 926 435 τῆς
959 364 1261 435 παρουσίας
1287 366 1377 420 διὰ
1416 366 1528 419 τῶν
1577 365 1922 437 γραμμάτων
1952 369 2087 422 ἀνα-

514 447 758 517 πληρῶν.
786 448 1032 522 Ὀτιγάρ
1064 450 1165 502 οὐκ
1203 450 1462 521 ἀπῆλθεν,
1512 450 1722 504 ἐκεῖθεν
1750 450 1864 501 ἐστι
1893 450 2089 520 στοχά-

514 535 713 587 σασθαι
738 548 751 561 ·
780 532 1007 603 γράφων
1038 533 1145 605 γάρ
1186 549 1383 603 φησιν’
1432 534 1768 601 Ἐρωτῶμεν
1806 532 1876 585 δὲ
1927 533 2087 603 ὑμᾶς

509 616 664 685 υπὲρ
688 614 1178 685 τῆςσπαρουσιας
1230 617 1338 670 τοῦ
1385 619 1607 685 Κυρίου
1650 615 1819 685 ἡμῶν
1880 616 2085 685 Ἰησοῦ

509 700 790 768 Χριστοῦ.
826 700 937 752 Καὶ
958 699 1068 768 7&9
1104 700 1161 753 ἐν
1185 701 1253 770 τῇ
1281 700 1522 772 προτέρᾳ
1557 698 1812 771 ἐπιστολῇ
1866 700 2082 768 ἔλεγεν·

506 785 591 837 ὅτι
616 782 757 852 Περί
791 780 910 836 τῶν
948 784 1183 851 χρόνων
1218 785 1317 837 καί
1345 782 1463 836 τῶν
1502 784 1720 853 καιρῶν
1762 786 1835 839 οὐ
1875 784 2085 853 χρείαν

505 870 679 939 ἔχετε
705 869 1037 939 γράφεσθαι
1068 869 1232 939 ὑμῖν.
1262 870 1423 924 Ὥστε
1447 872 1495 924 εἰ
1528 872 1882 943 παρεγένετο,
1930 872 2087 927 οὐδὲν

509 954 576 1007 ἂν
598 952 791 1025 ἐδεήθη
831 953 1039 1024 γράψαι
1059 970 1075 987 ⁸
1108 955 1294 1025 ἐπειδὴ
1328 955 1385 1009 δέ
1413 955 1478 1009 τὸ
1500 953 1722 1028 ζήτημα
1763 956 2081 1027 ὑπερετίθη,

508 1036 698 1090 τούτου
759 1037 923 1107 χάριν
973 1037 1301 1108 προστίθησι
1354 1038 1561 1109 ταύτην
1615 1040 1715 1108 τὴν
1768 1039 2081 1111 ἐπιστολὴν,

508 1119 758 1190 καθάπερ
779 1120 869 1174 καὶ
887 1120 946 1173 ἐν
972 1123 1038 1192 τῇ
1071 1120 1205 1191 πρὸς
1233 1120 1497 1191 Τιμόθεόν
1537 1138 1724 1192 φησιν,
1781 1122 1863 1176 ὃτι
1908 1122 2082 1177 Ἀνα-

506 1206 790 1276 τρέπουσι
822 1207 936 1274 τήν
960 1225 1138 1261 τινων
1170 1208 1378 1262 πίστιν
1428 1209 1611 1276 τινὲς,
1657 1212 1940 1280 λέγοντες
1964 1209 2083 1278 τὴν

502 1296 846 1352 ἀνάστασιν
871 1296 987 1370 ἤδη
1021 1296 1351 1367 γεγονέναι.

573 1469 745 1523 Τοῦτο
796 1468 854 1523 δέ
910 1468 1148 1534 ἐποίουν,
1205 1467 1291 1521 ἵνα
1360 1467 1524 1538 μηδὲν
1583 1467 1725 1539 μέγα
1800 1465 1986 1523 λοιπὸν
2042 1468 2078 1540 ἢ

502 1552 753 1623 λαμπρὸν
796 1552 1203 1614 ἐλπίσαντες⁹οἰ
1238 1552 1441 1615 πιστοὶ,
1481 1552 1903 1621 ἀπαγορεύσωσι
1942 1549 2080 1621 πρὸς

500 1638 628 1699 τοὺς
663 1636 880 1698 πόνους.
920 1634 1137 1705 Ἐπειδὴ
1157 1635 1265 1705 7&9
1282 1634 1479 1699 αὐτοὺς
1505 1636 1539 1705 ἡ
1561 1634 1718 1698 ἐλπὶς
1736 1633 2077 1699 διεϐάσταζε,

502 1721 597 1774 καί⁵
623 1718 724 1773 οὐκ
758 1719 907 1789 ἠφίει
942 1717 1077 1788 πρὸς
1118 1717 1189 1770 τὰ
1231 1717 1473 1788 παρόντα
1521 1717 1786 1781 ἐνδοῦναι,
1825 1716 2078 1789 καθάπερ

500 1803 623 1857 τινά
641 1792 930 1872 ἀγκυραν’ὁ
955 1800 1199 1865 διάϐολος
1216 1800 1491 1869 ἀποκόψαι
1515 1800 1857 1871 βουλόμενος,
1889 1798 2077 1872 ἐπειδὴ

499 1887 600 1938 οὑκ
641 1885 827 1956 ἴσχυσε
863 1886 1048 1937 πεῖσαι
1075 1885 1157 1937 ὅτι
1185 1882 1439 1954 ψευδῆτά
1457 1884 1741 1954 μέλλοντα,
1775 1885 1966 1956 ἐτέραν
1981 1881 2076 1955 ἧλ-

498 1968 592 2021 θεν
619 1967 756 2031 ὁδὸν,
788 1968 883 2021 καὶ
911 1967 1205 2032 καταθεὶςα
1238 1968 1563 2039 ἀνθρώπους
1585 1968 1739 2033 τινάς
1768 1969 2072 2039 λυμεῶνας,

498 2050 774 2122 ἐπεχείρει
799 2052 926 2113 τοὺς
968 2051 1320 2121 πειθομένους
1355 2055 1591 2124 ἀπατᾷν,
1624 2056 1708 2108 ὅτι
1738 2053 1807 2105 τά
1864 2052 2075 2122 μεγάλα

495 2127 680 2188 ἐκεῖνα
707 2134 799 2188 καὶ
831 2135 1057 2206 λαμπρά
1084 2137 1237 2201 τέλος
1251 2136 1465 2208 εἰληφε.
1496 2138 1630 2191 Τότε
1658 2139 1755 2209 μὲν
1777 2131 1873 2191 οὖν
1890 2135 2075 2204 ἔλεγον

495 2219 695 2270 ἐκεῖνοι
720 2218 820 2289 τὴν
845 2219 1142 2273 ἀνάστασιν
1166 2220 1271 2291 ἤδη
1304 2221 1587 2290 γεγονέναι
1605 2236 1619 2251 θ
1647 2220 1745 2274 νῦν
1764 2218 1823 2275 δὲ
1863 2219 2073 2289 ελεγον,

494 2302 580 2357 ὅτι
616 2302 907 2372 ἐνέστηκεν
935 2305 969 2374 ἡ
999 2303 1201 2373 κρίσις,
1225 2305 1320 2358 καὶ
1346 2306 1380 2375 ἡ
1410 2304 1679 2378 παρουσία
1695 2305 1790 2358 τοῦ
1811 2302 2073 2372 Χριστοῦ,

499 2387 587 2441 ἵνα
610 2387 704 2440 καὶ
730 2387 821 2440 τὸν
839 2388 1076 2458 Χριστὸν
1116 2387 1279 2441 αὑτὸν
1311 2388 1496 2459 ψεύδει
1537 2388 1847 2442 ὑποϐάλωσί
1879 2386 1906 2426 δ
1927 2427 1942 2448 ,
1976 2385 2073 2439 καί

495 2470 782 2534 πείσαντες
814 2470 891 2534 ὡς
921 2471 1019 2524 οὑκ
1050 2470 1166 2525 ἐστι
1191 2470 1379 2525 λοιπὸν
1412 2471 1701 2537 ἀντίδοσις,
1739 2468 1861 2524 ούδέ
1914 2468 2071 2521 δικα-

496 2555 715 2625 στήριον
741 2554 836 2607 καὶ
862 2554 1085 2618 κόλασις
1102 2554 1199 2608 καὶ
1219 2555 1461 2627 τιμωρία
1486 2557 1599 2618 τοῖς
1624 2552 1812 2617 κακῶς
1836 2569 2068 2621 πεποιη-

493 2636 664 2702 κόσιν,
698 2637 937 2700 ἐκείνους
963 2654 1022 2690 τε
1054 2637 1426 2710 θρασυτέρους
1452 2638 1813 2710 ἐργάσωνται,
1838 2634 1930 2687 καὶ
1953 2633 2072 2687 τού-

490 2736 617 2783 τους
658 2718 807 2791 [511]
848 2721 1301 2791 ταπεινοτέρους·
1333 2721 1428 2774 καὶ
1466 2720 1526 2774 τὸ
1562 2719 1627 2789 δὴ
1662 2718 1879 2773 πάντων
1908 2718 2069 2787 χαλε-

491 2800 759 2872 πιὶιτερον,
787 2802 1105 2874 ἐπεχείρουν
1122 2805 1171 2856 οἰ
1192 2804 1291 2874 μὲν
1321 2802 1509 2866 ἁπλῶς
1542 2803 1765 2873 ῥήματα
1788 2798 2072 2868 ἀπαγγέλ-

489 2884 623 2949 λειν,
654 2884 731 2948 ὡς
756 2884 909 2954 παρὰ
940 2884 1033 2938 τοῦ
1056 2886 1267 2940 Παύλου
1290 2885 1465 2941 ταῦτα
1485 2885 1777 2955 λεγόμενα,
1812 2884 1861 2937 οἰ
1886 2883 1945 2938 δὲ
1974 2880 2071 2935 καὶ

490 2967 779 3030 ἐπιστολὰς
809 2966 1064 3023 πλάττειν
1095 2969 1172 3032 ὠς
1204 2970 1336 3041 παρ’
1364 2968 1576 3024 ἐκείνου
1609 2967 1936 3039 γραφείσας.
1969 2964 2069 3019 Διά

488 3050 647 3104 τοῦτο
693 3052 874 3104 πᾶσαν
920 3051 1103 3115 αὑτοῖς
1144 3054 1506 3124 ἀποτειχίςων
1536 3053 1742 3123 ἔφοδον,
1764 3053 1897 3122 φησί
1926 3069 1940 3082 ’
1966 3050 2066 3119 Μὴ

488 3132 777 3201 θροεῖσθε,
827 3133 982 3202 μήτε
1030 3134 1133 3188 διὰ
1174 3136 1533 3204 πνεύματος,
1557 3136 1711 3205 μήτε
1735 3134 1835 3188 διὰ
1857 3136 2065 3203 λόγου,

491 3216 638 3288 μήτε
665 3216 739 3269 δι’
765 3216 1115 3285 ἐπιστολῆς,
1147 3218 1228 3283 ὡς
1254 3216 1329 3271 δι’
1359 3217 1548 3287 ἡμῶν.
1573 3218 1737 3285 Μήτε
1762 3217 1861 3272 διὰ
1880 3218 2066 3272 πνεύ-

483 3316 694 3370 ματος,
712 3300 866 3370 φησί,
882 3302 1009 3365 τοὺς
1018 3300 1468 3374 ψευδοπροφήτας
1489 3302 1875 3373 αἰνιττόμενος.
1896 3302 2067 3357 Πόθεν

380 3424 383 3427 -
486 3378 580 3437 οὖν
623 3383 903 3452 εἰσόμεθα,
936 3384 1106 3454 φησί,
1141 3384 1240 3439 Διά
1270 3385 1377 3454 τῆς
1430 3384 1784 3456 προσθήκηςο
1839 3383 1927 3438 διά
1958 3386 2067 3456 7&9

486 3467 647 3520 τοῦτο
692 3466 1070 3538 προσέθηκεν
1139 3468 1196 3522 '0
1234 3467 1562 3537 ἀσπασμὸς
1621 3465 1695 3536 τῇ
1736 3464 1853 3535 ἐμῇ
1915 3467 2067 3536 χειρί

488 3547 753 3612 Παύλου,
784 3546 817 3601 ὅ
841 3546 972 3601 ἐστι
996 3546 1252 3616 σημεῖον
1264 3547 1335 3601 ἐν
1361 3546 1531 3615 πάσῃ
1557 3546 1852 3615 ἐπιστολῇ
1876 3563 1889 3576 ⁸
1914 3547 2067 3600 οὕτω

489 3629 710 3700 γράφω.
758 3630 826 3684 Ἢ
856 3629 1028 3699 χάρις
1062 3630 1169 3684 τοῦ
1206 3631 1428 3699 Κυρίου
1470 3629 1641 3699 ἡμῶν
1698 3630 1902 3698 Ἰησοῦ
1935 3632 2068 3698 Χρι-

488 3707 639 3763 στοῦ
658 3708 806 3777 μετὰ
831 3707 1071 3762 πάντων
1098 3706 1282 3777 ὑμῶν.
1306 3708 1380 3761 Οὑ
1406 3708 1567 3762 τοῦτό
1594 3724 1780 3778 φησιν,
1808 3710 1890 3761 ὅτι
1909 3708 2075 3762 τοῦτο

490 3792 747 3861 σημεῖονο
788 3790 946 3844 τοῦτο
983 3789 1092 3861 7&9
1137 3791 1282 3856 εἰκὸς
1324 3792 1420 3845 καὶ
1456 3790 1649 3855 ἀλλους
1700 3790 2062 3860 μὶμήσασθαι,

488 3872 603 3925 ἀλλ’
640 3872 723 3926 ὄτι
760 3872 849 3925 τὸν
873 3873 1162 3942 ἀσπασμὸν
1206 3876 1273 3945 τῇ
1308 3875 1415 3945 ἐμῇ
1450 3874 1596 3945 χειρί
1631 3873 1828 3944 γράφω
1851 3891 1864 3904 ·
1900 3873 2065 3926 καθά-

490 3971 597 4025 περ
627 3954 722 4009 καί
742 3953 837 4009 νῦν
869 3957 954 4024 ἐφ’
978 3956 1135 4026 ἡμῶν
1158 3956 1333 4009 ἐστιν’
1355 3955 1464 4011 ἀπὸ
1479 3955 1589 4027 γὰρ
1612 3956 1710 4025 τῆς
1737 3954 2065 4025 ὑπογραφῆς

486 4037 621 4107 δῆλα
654 4039 863 4106 γίνεται
908 4038 976 4091 τά
1004 4040 1308 4109 γράμματα
1345 4040 1451 4093 τῶν
1480 4040 1825 4109 πεμπόντων.
1882 4041 2065 4108 Παρα-

487 4120 642 4172 καλεῖ
669 4121 725 4174 δέ
764 4121 961 4183 αὑτοὺς
1009 4123 1215 4193 σφόδρα
1272 4122 1753 4193 τεταριχευμένους
1803 4121 1908 4174 ὑπὸ
1956 4122 2067 4175 τῶν

488 4202 694 4267 κακῶν,
720 4204 827 4259 ἀπό
855 4221 916 4257 τε
961 4204 1068 4258 τῶν
1116 4206 1398 4277 παρόντων
1436 4204 1818 4274 ἐγκωμιάζων,
1855 4205 1964 4259 ἀπό
2001 4222 2064 4259 τε

485 4285 594 4338 τῶν
619 4285 918 4355 μελλόντων
938 4302 951 4317 ⁸
986 4288 1080 4340 καί
1113 4287 1222 4340 ἀπὸ
1256 4288 1356 4357 τῆς
1388 4286 1661 4350 κολάσεώς
1717 4304 1778 4340 τε
1829 4288 1923 4340 καὶ
1960 4291 2063 4359 τῆς

485 4365 894 4428 ἀνταποδόσεως
914 4366 1023 4419 τῶν
1052 4366 1272 4435 ἀγαθῶν
1292 4366 1400 4420 τῶν
1432 4366 1847 4439 ἡτοιμασμένων
1874 4367 2057 4430 αὐτοῖς

487 4450 833 4519 προτρέπων,
869 4449 1200 4521 σαφέστερον
1234 4451 1588 4523 ἐπεξέρχεται
1638 4450 1714 4521 τῷ
1761 4451 1931 4521 τόπῳ,
1966 4451 2057 4503 τὸν

487 4533 586 4602 μὲν
615 4532 804 4604 καιρὸν
823 4533 922 4586 οὐκ
953 4534 1352 4587 ἀποκαλύπτων
1379 4534 1562 4599 αὑτὸν,
1590 4533 1649 4586 τὸ
1670 4534 1726 4586 δὲ
1746 4532 1836 4586 τοῦ
1868 4534 2059 4604 καιροῦ

486 4619 731 4685 σημεῖον,
758 4617 847 4669 τὸν
879 4617 1241 4687 ἀντίχριστον,
1282 4618 1474 4689 δηλῶν.
1512 4616 1763 4677 Μάλιστα
1794 4617 1901 4688 7&9
1936 4618 2059 4672 τότε

485 4698 592 4768 πλη
601 4703 909 4769 ροφορεῖται
931 4698 1077 4771 ψυχὴ
1100 4700 1351 4771 ἀσθενὴς,
1377 4701 1477 4754 οὑκ
1498 4701 1589 4754 ἐὰν
1612 4700 1800 4764 ἁπλῶς
1825 4699 2055 4772 ἀκούσῃ,

484 4781 597 4833 ἀλλ’
632 4782 725 4833 ἐὰν
782 4782 929 4854 μάθῃ
981 4801 1035 4835 τι
1076 4783 1256 4837 πλέον.
1292 4784 1411 4836 Καὶ.
1438 4784 1469 4836 6
1504 4782 1739 4855 Χριστὸς
1766 4782 1822 4835 δέ
1856 4782 2067 4853 πολλὴν

484 4863 623 4933 ὑπὲρ
674 4864 867 4917 τούτου
921 4868 1157 4919 ποιεῖται
1215 4867 1492 4935 φροντίδα,
1548 4866 1637 4918 ὅτε
1684 4864 1970 4927 καθεσθεὶς
2000 4866 2058 4916 ἐν

482 4946 560 5017 τῷ
589 4947 727 5017 δρει,
756 4949 933 5003 πάντα
963 4951 1099 5020 μετά
1138 4950 1420 5020 ἀκριϐείας
1449 4950 1717 5018 διελέγετο
1744 4952 1855 5013 τοῖς
1882 4950 2056 5021 μαθη-

482 5033 602 5093 ταῖς
631 5031 699 5083 τά
734 5032 986 5102 περὶτῆς
1020 5033 1349 5096 συντελείας.
1385 5034 1481 5086 Διά
1504 5033 1590 5097 τί;
1621 5035 1738 5088 Ἵνα
1781 5033 1855 5103 μὴ
1890 5034 2055 5103 ἔχωσι

482 5112 667 5184 χώραν
698 5114 749 5167 οἱ
799 5114 922 5187 τοὺς
965 5116 1336 5185 ἀντιχρίστους
1383 5116 1691 5184 εἰσάγοντες
1726 5118 1821 5170 καὶ
1869 5115 2056 5185 ψευδο-

483 5195 754 5265 χρίστους.
798 5198 905 5249 Καὶ
937 5197 1107 5250 πολλὰ
1151 5198 1336 5268 τίθησι
1403 5199 1497 5251 καὶ
1542 5200 1703 5262 αὑτὸς
1737 5201 1957 5270 σημεῖα,
1995 5196 2055 5248 ἓν

486 5277 586 5347 μὲν
628 5279 723 5331 καὶ
751 5278 1025 5350 μέγιστον,
1052 5280 1247 5348 λέγων,
1283 5281 1410 5334 ὅταν
1460 5283 1710 5354 κηρυχθῇ
1744 5286 1822 5346 εἰς
1877 5282 2055 5335 πάντα

480 5362 549 5413 τά
564 5360 689 5431 ἔθνη
709 5362 769 5414 τὸ
790 5362 1118 5430 Εὑαγγέλιον
1139 5380 1150 5393 α
1176 5363 1260 5414 ἐτε
1271 5379 1361 5432 ρον
1378 5362 1454 5426 δὲ,
1476 5363 1616 5417 ὥστε
1640 5366 1717 5436 μὴ
1747 5364 2053 5419 πλανᾶσθαι

481 5446 609 5517 περί
657 5445 755 5516 τῆς
784 5447 1084 5518 παρουσίας
1140 5445 1327 5499 αὐτοῦ’
1368 5446 1461 5512 Ὠς
1500 5447 1801 5520 ἀστραπὴ,
1863 5449 2049 5523 φησὶν,

543 5650 566 5675 α
598 5638 761 5691 Καθείς
780 5634 806 5684 τ

540 5698 567 5737 δ
595 5700 775 5747 Mavult
798 5698 1088 5761 περιϐαλωσι
1112 5695 1341 5745 Dunazus.

1224 250 1285 305 S.
1327 247 1609 305 JOANNIS
1642 249 2122 309 CIIRYSOSTOMI
2161 254 2477 312 ARCIIIEP.
2514 256 3061 313 CONSTANTINOP.

3659 264 3765 319 4'70

2200 371 2355 440 ἣξει,
2384 374 2483 426 οὑκ
2505 374 2563 425 ἐν
2596 372 2770 443 γωνίᾳ
2814 375 2924 425 τινὶ
2973 371 3347 444 κρυπτομένη,
3397 371 3533 426 ἀλλά
3567 390 3767 431 παντα-

2196 454 2293 525 χοῦ
2339 455 2628 525 λάμπουσα
2658 471 2672 491 ’
2697 455 2761 509 οὑ
2818 455 2989 509 δεῖται
3035 456 3130 508 τοῦ
3181 452 3534 525 μηνύσοντος,
3596 457 3767 523 οὕτως

2195 539 2355 592 ἐστὶι
2391 538 2638 611 λαμπρά,
2688 538 2876 608 ῶσπερ
2930 538 3050 592 οὐδὲ
3096 540 3129 608 ὴ
3191 537 3450 608 ἀστραπὴ
3477 536 3644 592 δεῖται
3671 542 3767 595 τοῦ

2198 621 2546 693 μηνύσοντος.
2586 618 2720 675 Εἶπε
2750 622 2808 675 δέ
2852 640 2954 674 που
2984 622 3079 675 καὶ
3116 620 3244 691 περί
3272 620 3366 673 τοῦ
3399 622 3765 693 ἀντιχρίστου,

2193 709 2357 779 ήνίκα
2413 708 2634 779 ἔλεγεν·
2687 708 2837 781 Ἐγὼ
2882 705 3091 779 ἦλθον-
3125 708 3195 762 ὲν
3247 705 3327 773 τῷ
3374 709 3617 777 ὀνόματι
3658 712 3766 767 τοῦ

2191 793 2422 861 Πατρός
2460 810 2601 863 μου,
2658 793 2758 847 καί
2810 794 2924 848 οὐκ
2971 788 3260 856 ἐδέξασθέ
3281 807 3358 860 με
3382 806 3397 823 ο
3426 790 3533 844 ἐὰν
3578 792 3766 859 ἄλλος

2182 873 2341 945 ’ἔλθῃ
2393 876 2465 930 ἐν
2510 873 2591 941 τῷ
2634 876 2877 948 ὀνόματι
2942 874 3024 940 τῷ
3078 874 3224 941 ἰδίῳ,
3292 873 3527 928 ἐκεῖνον
3574 876 3765 946 λήψε-

2194 962 2324 1014 σθε.

2257 1079 2368 1134 Καὶ
2411 1080 2510 1144 τὰς
2567 1079 2904 1151 ἐπαλλήλους
2942 1077 2999 1133 δέ
3048 1078 3142 1133 καί
3192 1076 3434 1148 ἀφάτους
3480 1077 3765 1148 συμφοράς

2188 1163 2485 1235 τεκμήριον
2501 1158 2640 1217 εἶναι
2654 1164 2845 1219 τούτου
2861 1162 3033 1231 ἔλεγε*
3055 1162 3149 1216 καί
3162 1162 3244 1215 ὅτι
3270 1160 3455 1234 Ἠλίαν
3468 1161 3547 1215 δεῖ
3564 1160 3761 1217 ἐλθεῖν.

2202 1245 2470 1316 Ἤπόρουν
2503 1247 2601 1318 μὲν
2625 1242 2718 1301 οὖν
2749 1246 2873 1300 τότε
2896 1247 2946 1299 οἰ
2972 1244 3387 1307 Θεσσαλονικεῖς
3416 1243 3610 1310 ταῦτα,
3627 1246 3762 1315 ἡμῖν

2187 1326 2245 1380 δέ
2274 1329 2516 1400 χρησίμη
2555 1329 2777 1399 γέγονεν
2806 1330 2838 1399 ή
2877 1328 3100 1382 ἐκείνων
3131 1327 3365 1397 ἀπορία’
3396 1326 3457 1379 οὐ
3490 1326 3599 1397 γάρ
3625 1327 3762 1395 πρὸς

2188 1412 2432 1477 ἐκείνους
2460 1414 2641 1483 μόνον,
2674 1412 2813 1467 ἀλλά
2839 1412 2936 1466 καὶ
2964 1410 3102 1482 πρὸς
3121 1412 3267 1481 ἡμᾶς
3298 1407 3472 1463 ταῦτα
3492 1411 3759 1480 χρήσιμα,

2189 1495 2275 1548 ἵνα
2295 1494 2404 1549 τῶν
2429 1495 2615 1567 μύθων
2634 1495 2742 1548 τῶν
2765 1493 3032 1549 παιδικῶν
3062 1492 3156 1547 καὶ
3177 1490 3285 1545 τῶν
3309 1492 3450 1561 ληρη
3460 1491 3761 1562 μάτωντῶν

2187 1578 2431 1651 γραῖκῶν
2462 1578 2885 1649 ἀπαλλαγῶμεν.
2918 1578 2989 1629 Ἢ
3011 1576 3111 1629 οὑκ
3129 1574 3397 1646 ἠκούσατε
3420 1572 3678 1635 πολλάκις
3700 1574 3763 1624 ὲν

2186 1662 2376 1715 παισὶν
2397 1662 2551 1727 ὄντες
2578 1663 2673 1715 καὶ⁵
2700 1662 2829 1732 περί
2856 1660 2951 1715 τοῦ
2979 1659 3241 1731 ὀνόματος
3281 1656 3376 1711 τοῦ
3412 1656 3758 1727 ἀντιχρίστου

2186 1744 2358 1799 πολλά
2401 1745 2667 1813 λεγόντων
2706 1744 2890 1808 τινῶν,
2934 1743 3030 1796 καὶ
3074 1741 3206 1811 περ)⁸
3232 1740 3327 1794 τοῦ
3368 1740 3644 1809 κάμπτειν
3688 1738 3759 1790 τά

2186 1828 2388 1896 γόνατα
2411 1846 2429 1896 ;
2464 1827 2584 1881 Ἔτι
2612 1828 2719 1901 7&9
2740 1827 2976 1890 ἁπαλαῖς
2992 1824 3180 1888 οὔσαις
3200 1826 3320 1887 ταῖς
3354 1822 3613 1885 διανοίαις
3636 1822 3759 1883 ταῖς

2185 1913 2482 1983 ἡμετέραις
2510 1913 2937 1982 ἐγκατασπείρει
2964 1908 3134 1963 ταῦτα
3159 1908 3187 1961 6
3210 1907 3474 1972 διάϐολος,
3503 1905 3593 1961 ἵνα
3624 1905 3757 1974 ἡμῖν

2184 1997 2245 2050 τὸ
2272 1996 2447 2067 δόγμα
2480 1996 2814 2067 συναυξηθῇ,
2843 1996 2931 2049 ἵνα
2966 1993 3246 2065 ἀπατῆσαι
3276 1992 3501 2062 δυνηθῇ.
3533 1990 3646 2043 Οὑκ
3688 1991 3758 2043 ἀν

2182 2076 2276 2134 οὖν
2316 2080 2491 2134 ταῦτα
2537 2079 2835 2151 παρῆκενό
2864 2076 3075 2140 Παῦλος
3113 2075 3241 2146 περὶ
3286 2074 3381 2127 τοῦ
3410 2073 3756 2144 ἀντιχρίστου

2181 2162 2582 2233 διαλεγόμενος,
2631 2161 2686 2216 εἰ
2732 2178 2797 2230 γε
2839 2161 3085 2232 χρήσιμα
3127 2153 3212 2229 ἦν.
3242 2156 3335 2227 Μὴ
3366 2156 3431 2226 δὴ
3459 2155 3631 2209 ταῦτα
3658 2154 3728 2225 ζη

2181 2247 2384 2318 τῶμεν.
2413 2248 2487 2301 Οὑ
2512 2247 2624 2316 γὰρ
2655 2244 2830 2307 οὕτως
2858 2244 2979 2315 ἥξει
3026 2241 3222 2295 κλίνων
3264 2239 3336 2292 τά
3361 2240 3584 2307 γόνατα,
3614 2237 3753 2301 ἀλλ’,

2193 2331 2684 2401 ’Υπεραιρόμενος
2725 2327 2824 2383 ἐπὶ
2864 2326 3061 2381 πάντα
3092 2323 3565 2392 θεὸν-λεγόμενον
3586 2321 3624 2389 ἢ
3651 2319 3756 2374 σέ-

2182 2417 2404 2485 ϐασμα,
2424 2414 2579 2469 ὥστε
2601 2411 2786 2468 αὐτὸν
2804 2412 2891 2477 εἰς
2913 2409 3019 2464 τὸν
3036 2406 3193 2462 ναὸν
3214 2405 3320 2461 τοῦ
3339 2404 3582 2471 Θεοῦὼς
3614 2403 3756 2458 θεὸν

2184 2498 2449 2560 καθίσαι,
2468 2495 2620 2568 [512]
2636 2493 3079 2550 ἀποδεικνύντα
3103 2488 3321 2544 ἑαυτὸν
3334 2488 3425 2541 ὅτι
3438 2486 3571 2540 ἔστί
3597 2485 3753 2551 θεός.

2183 2582 2452 2653 Καθάπερ
2482 2580 2592 2652 7&9
2624 2583 2653 2634 6
2676 2578 2922 2641 διάϐολος
2951 2575 3012 2643 ἐξ
3040 2572 3299 2636 ἀπονοίας
3353 2571 3578 2653 ἔπεσεν,
3609 2568 3756 2653 οὕτω

2180 2665 2274 2719 καὶ
2302 2667 2330 2719 6
2381 2650 2774 2737 ἐνεργούμενος
2809 2660 2901 2715 ὑπ’
2924 2657 3097 2716 αὑτοῦ
3120 2658 3200 2721 εἰς
3245 2655 3502 2710 ἀπόνοιαν
3533 2650 3755 2720 ἀλειφόο

2178 2764 2363 2819 μενος.

2250 2868 2320 2938 β’.
2342 2865 2456 2931 Διὸ,
2475 2863 2803 2935 παρακαλῶ,
2827 2863 3029 2924 πάντες
3051 2856 3443 2929 σπουδάζωμεν
3457 2856 3646 2928 πόρρω
3656 2871 3755 2923 γε·

2175 2950 2363 3005 νέσθαι
2387 2948 2485 3003 τοῦ
2530 2948 2736 3011 πάθους
2777 2947 2989 3011 τούτου,
3041 2944 3129 2999 ἴνα
3170 2943 3249 3015 μὴ
3281 2941 3359 3012 τῷ
3402 2940 3629 3011 κρίματι
3670 2939 3752 3009 τῷ

2176 3035 2387 3088 ἐκείνου
2405 3028 2817 3104 περιπέσωμεν,
2841 3032 2929 3086 ἵνα
2954 3031 3034 3103 μὴ
3050 3030 3150 3100 τῆς
3171 3028 3445 3090 κολάσεως
3458 3024 3750 3079 ὑπεύθυνοι

2176 3116 2464 3188 γενώμεθα
2489 3117 2587 3187 τῆς
2607 3116 2799 3186 αὑτῆς,
2830 3115 2917 3169 ἵνα
2941 3114 3018 3186 μὴ
3046 3116 3115 3185 τῇ
3142 3109 3384 3183 τιμωρίᾳ
3411 3109 3754 3178 κοινωνήσω-

2177 3217 2277 3271 μεν
2295 3203 2360 3271 τῇ
2372 3200 2559 3254 αὑτοῦ.
2582 3199 2679 3267 Μὴ
2693 3200 3013 3267 νεόφυτον,
3032 3197 3215 3268 φησὶν,
3236 3197 3336 3250 Ira
3348 3194 3429 3263 μὴ
3461 3192 3750 3261 τυφωθεὶς

2173 3288 2259 3352 εἰς
2274 3288 2451 3355 κρῖμα
2474 3284 2708 3353 ἐμπέσῃ
2728 3282 2833 3336 τοῦ
2848 3281 3228 3336 διαϐόλου.“Δ
3239 3296 3311 3351 ρα
3332 3280 3359 3331 6
3372 3276 3749 3346 τετυφωμένος

2174 3369 2273 3441 τὴν
2300 3369 2469 3440 αὐτὴν
2499 3368 2578 3438 τῷ
2595 3366 2827 3437 διαϐόλῳ
2853 3366 3034 3420 δίδωσι
3056 3365 3230 3435 δίκην.
3278 3361 3459 3433 Ἀρχὴ
3493 3360 3620 3430 γάρ,
3645 3376 3749 3429 qr.-

2177 3454 2282 3518 σὶν,
2300 3450 2716 3519 ὑπερηφανίας
2740 3448 2808 3502 τὸ
2835 3449 2922 3518 μὴ
2948 3446 3169 3503 εἰδέναι
3186 3447 3292 3500 τὸν
3322 3446 3542 3513 Κύριον
3561 3456 3577 3471 ο
3601 3443 3745 3511 ἁρχὴ

2173 3535 2447 3606 ἀμαρτίας
2474 3532 2845 3604 ὑπερηφανία,
2882 3527 3074 3600 πρώτη
3102 3529 3246 3601 ὁρμὴ
3279 3526 3374 3581 καὶ
3400 3526 3612 3593 κίνησις
3651 3526 3747 3577 ἐπὶ

2173 3617 2235 3671 τὸ
2267 3615 2470 3670 κακόνά
2489 3632 2502 3647 ·
2537 3616 2676 3685 τάχα
2701 3613 2801 3685 μὲν
2824 3609 2917 3667 οὖν
2948 3612 3043 3665 καί
3081 3609 3206 3683 ῥίζα
3224 3611 3320 3664 καὶ
3341 3608 3642 3680 ὑποϐάθρα.
3679 3607 3745 3659 Ἦ

2174 3700 2287 3772 7&9
2312 3699 2463 3771 ἀρχὴ
2482 3699 2521 3770 ἢ
2540 3696 2884 3770 τὴνπρώτην
2912 3695 3093 3766 ὁρμὴν
3126 3694 3277 3765 δηλοῖ
3311 3693 3412 3763 τὴν
3444 3691 3536 3744 ἐπὶ
3559 3690 3619 3743 τὸ
3643 3707 3747 3743 κα·-

2174 3786 2293 3849 κδν,
2328 3785 2363 3855 ἢ
2393 3784 2494 3853 τὴν
2524 3782 2813 3835 σύστασιν·
2845 3780 2920 3844 ὡς
2944 3779 3010 3835 ἂν
3036 3778 3179 3833 εἴποι
3204 3793 3311 3842 τις,
3350 3775 3495 3847 ἀρχὴ
3526 3790 3742 3844 σωφρο-

2173 3866 2341 3938 σύνης
2369 3865 2430 3920 τὸ
2460 3863 2757 3935 ἀπέχεσθαι
2805 3862 2932 3926 θέας
2984 3861 3206 3927 ἀτόπου,
3258 3859 3521 3925 τουτέστι,
3549 3856 3741 3928 πρώτη

2172 3950 2317 4022 ὁρμή
2341 3964 2355 3979 '
2405 3948 2472 4003 ἀν
2523 3948 2580 4002 δέ
2619 3948 2881 4017 εῐπωμεν,
2923 3945 3065 4015 ἀρχὴ
3100 3943 3447 4013 σωφροσύνης
3498 3939 3740 4011 νηστεία,

2172 4036 2436 4097 τουτέστι,
2465 4031 2711 4103 θεμέλιος
2742 4031 2836 4084 καὶ
2862 4029 3133 4100 σύστημα.
3174 4026 3329 4081 Οὖτω
3360 4027 3454 4080 καὶ
3468 4023 3743 4095 ἁμαρτίας

2170 4120 2313 4191 ἀρχή
2344 4120 2495 4171 ἐστιν
2538 4117 2573 4187 ἠ
2609 4114 2834 4169 ἀπόνοια
2857 4129 2873 4145 ·
2905 4111 2999 4165 καί
3027 4110 3134 4181 7&9
3162 4111 3257 4163 ἀπ’
3301 4108 3475 4191 αὐτῆς
3513 4108 3742 4176 ἄρχεται

2171 4190 2325 4257 πάσα
2340 4199 2601 4271 ἁμαρτία,
2620 4198 2715 4251 καί
2730 4195 2821 4248 ὑπ’
2846 4195 3015 4265 αὑτῆς
3041 4193 3437 4264 συγκροτεῖται,
3466 4190 3585 4243 Ὅτι
3606 4191 3739 4261 γάρ,

2170 4286 2271 4340 ὅσα
2297 4284 2363 4339 ἂν
2384 4284 2713 4354 πράττωμεν
2736 4276 2935 4346 ἀγαθὰ,
2956 4278 3055 4330 οὑκ
3088 4276 3309 4344 ἀφίησιν
3327 4273 3504 4339 αὑτάή
3528 4273 3693 4327 κακία
3716 4288 3739 4311 υ

2169 4368 2440 4438 διαμεῖναι
2497 4365 2591 4418 καὶ
2638 4362 2713 4433 μὴ
2765 4362 3066 4424 διαπεσεῖν,
3093 4357 3208 4412 ἀλλ’
3258 4357 3446 4428 ὥσπερ
3495 4357 3617 4427 ῥίζα
3654 4356 3741 4416 τίς

2169 4452 2338 4513 ἐστιν,
2370 4449 2469 4501 οὑκ
2518 4446 2665 4500 ἐῶσα
2713 4446 2788 4515 μὴ
2823 4443 3262 4513 διασαλευθῆναι,
3295 4441 3455 4511 δῆλον
3497 4439 3735 4493 ἐκεῖθενο

2167 4534 2270 4603 ὅρα
2295 4531 2436 4585 πόσα
2460 4532 2489 4584 6
2527 4530 2817 4601 Φαρισαῖος
2854 4527 3169 4597 εἰργάσατο,
3224 4524 3339 4579 ἀλλ’
3380 4522 3529 4576 οὐδὲν
3576 4523 3738 4575 αὑτὸν

2166 4615 2344 4685 ὢνησε
2364 4631 2377 4646 ·
2408 4612 2513 4683 τὴν·
2542 4612 2650 4685 7&9
2692 4612 2847 4682 ῥίζαν
2876 4610 2976 4664 οὑκ
3006 4607 3282 4676 ἐξέκοψεν,
3308 4607 3421 4659 ἀλλ’
3452 4605 3589 4674 αὑτὴ
3627 4607 3738 4668 τοῖς

2170 4701 2334 4753 πᾶσιν
2366 4699 2694 4768 ἐλυμήνατο,
2747 4695 2838 4759 Ἐξ
2884 4693 3142 4756 ἀπονοίας
3180 4689 3449 4762 ὑπεροψία
3492 4689 3737 4757 πενήτων

2166 4785 2394 4852 γίνεται,
2450 4779 2716 4849 ἐπιθυμία
2787 4777 3106 4849 χρημάτων,
3166 4774 3304 4843 ἔρως
3331 4772 3528 4842 ἀρχῆς,
3573 4770 3741 4832 πόθος

2164 4865 2322 4935 δόξης
2341 4881 2353 4893 ³
2393 4863 2530 4936 πρὸς
2558 4862 2715 4931 ὓϐριν
2737 4861 3031 4931 ἀμυντικὸς
3057 4861 3085 4913 6
3108 4856 3365 4919 τοιοῦτος.
3394 4853 3576 4924 Ὤγάρ
3602 4854 3740 4905 ἀπο-

2165 4947 2505 5018 νενοημένος,
2535 4945 2658 4998 οὑδέ
2690 4945 2842 5014 παρὰ
2871 4944 2980 4998 τῶν
3011 4942 3295 5013 μειζόνων,
3327 4940 3458 5009 μήτι
3487 4953 3550 5005 γε
3586 4936 3741 5007 παρά

2164 5032 2276 5086 τῶν
2330 5032 2628 5085 ἐλαττόνων
2670 5029 2919 5100 ἀνέχεται
2952 5026 3269 5099 ὑϐρίζεσθαι
3295 5040 3308 5054 ’
3353 5026 3381 5076 6
3410 5022 3469 5075 δέ
3512 5020 3586 5091 μὴ
3610 5020 3680 5073 ἀν
3711 5048 3737 5060 -

2165 5115 2423 5186 ἐχόμενος
2456 5112 2794 5184 ὑϐρίζεσθαι,
2844 5111 2966 5165 οὑδέ
3000 5109 3192 5163 παθεῖν
3241 5106 3426 5170 κακῶς
3457 5105 3738 5173 ἀνέχεται.

2166 5199 2309 5270 Ὅρα
2341 5197 2459 5260 πῶς
2485 5197 2627 5268 ἀρχῆ
2662 5195 2933 5267 ἁμαρτίας
2958 5191 3320 5263 ὑπερηφανία·
3352 5189 3472 5251 Πῶς
3505 5188 3561 5241 δὲ
3592 5187 3741 5258 ἀρχὴ

2164 5279 2541 5352 ὑπερηφανίας
2572 5279 2634 5332 τὸ
2687 5278 2763 5349 μὴ
2799 5277 2998 5332 εἰδέναι
3020 5276 3112 5329 τὸν
3135 5274 3335 5346 Κύριον
3358 5289 3377 5338 ;
3411 5271 3686 5333 Εἰκότως·
3708 5271 3742 5323 6

2164 5365 2272 5437 7&9
2299 5363 2456 5427 εἰδὼς
2512 5362 2605 5417 τὸν
2651 5362 2784 5415 Θεὸν
2831 5361 2907 5425 ὼς
2955 5359 3152 5413 εἰδέναι
3179 5358 3307 5429 χρὴ,
3344 5358 3375 5410 6
3406 5353 3562 5418 εἰδὼς
3592 5354 3681 5409 ὅτι
3708 5352 3745 5408 ὁ

2227 5580 2249 5607 ε
2278 5575 2463 5624 Damno
2485 5575 2749 5637 legendum
2772 5575 2965 5624 videtur
2983 5576 3132 5630 οὕτως
3152 5574 3302 5624 ἔσται.

2225 5638 2253 5678 d
2275 5637 2493 5699 Colberl.
2525 5651 2668 5698 unus,
2693 5639 2767 5686 ἐπὶ
2789 5640 2845 5685 τὸ
2870 5638 3017 5685 κακὸν
3036 5637 3343 5699 ὑπερηφανία.

2230 5716 2252 5739 υ
2274 5698 2460 5760 Supple
2492 5700 2627 5756 αὕτη.
