4114 6396
337 318 444 374 469

337 435 456 487 tidei
483 434 708 489 deerant
741 430 1034 501 suppleret,
1053 444 1114 485 ea
1143 443 1303 484 causa
1332 428 1469 482 hanc
1500 427 1784 482 secundam
1813 424 1913 478 ad-

333 526 411 579 dit
431 524 729 592 epistolam,
752 532 810 577 ut
831 523 1118 592 reliquum,
1136 521 1276 591 quod
1301 532 1535 590 prmsens
1567 531 1669 571 non
1686 526 1913 587 poterat,

335 633 430 686 per
451 616 633 671 literas
651 617 949 684 suppleret.
976 613 1106 668 Nam
1136 615 1276 682 quod
1296 626 1399 665 non
1426 611 1633 672 abierit,
1654 609 1778 662 hinc
1797 607 1917 662 licet

331 709 627 776 conjicere:
647 708 775 762 dicit
794 709 938 763 enim
963 706 1222 768 scribens,
1244 704 1501 774 Rogamus
1532 710 1696 755 autem
1715 716 1800 753 vos
1827 715 1915 768 per

329 801 599 855 adventum
613 799 822 854 Domini
833 801 989 854 nostri
999 798 1031 852 J
1039 816 1124 852 esu
1135 799 1318 853 Christi
1335 797 1410 866 (2.
1434 796 1607 850 Thess.
1621 795 1674 848 2.
1693 795 1766 864 1).
1781 793 1911 847 Nam

330 892 382 946 in
406 893 567 961 priori
590 891 812 960 epistola
830 891 1070 945 dicebat:
1097 889 1171 944 De
1207 889 1510 958 temporibus
1536 885 1699 939 autem
1731 895 1776 938 et
1799 902 1910 938 mo-
1935 943 1941 948 _

328 985 529 1050 mentis,
545 999 647 1037 non
666 983 901 1053 indigetis
919 990 972 1035 ut
995 983 1271 1036 scribamus
1291 982 1426 1034 vobis
1455 981 1532 1049 (1.
1547 977 1793 1033 Thess.5.
1827 979 1903 1047 1).

328 1076 502 1144 Quare
518 1075 561 1129 si
584 1074 861 1141 adfuisset,
887 1090 989 1127 non
1012 1089 1145 1142 opus
1174 1071 1361 1127 fuisset
1381 1070 1736 1130 utseriberet;
1771 1084 1906 1137 quo-

329 1171 470 1223 niam
488 1177 664 1222 autem
684 1169 842 1222 dilata
871 1167 969 1221 fttit
986 1166 1229 1237 quaestio,
1253 1166 1370 1220 ideo
1393 1165 1539 1219 addit
1555 1163 1905 1231 Itancepisto-

327 1262 462 1324 lam;
486 1262 623 1316 sicut
637 1261 765 1315 dicit
782 1261 831 1314 in
848 1260 1080 1330 Epistola
1102 1258 1168 1313 ad
1185 1257 1542 1321 Timotheum,
1561 1255 1908 1320 Quorumdam

327 1355 479 1425 ﬁdem
523 1357 813 1408 subvertant
841 1353 1066 1421 quidam,
1101 1353 1318 1405 dicentes
1355 1349 1766 1404 resurrectionem
1793 1348 1906 1416 jam

325 1463 431 1500 esse
458 1449 643 1516 factam
671 1445 746 1515 (2.
779 1444 909 1498 Tim.
932 1444 984 1498 2.
1014 1442 1126 1514 18).

403 1538 834 1592 Resurrectionem
857 1538 968 1608 jam
985 1541 1174 1608 factum
1204 1551 1309 1589 esse
1334 1533 1562 1588 dicebant
1581 1533 1806 1602 quidam.
1833 1562 1904 1572 —-

325 1627 460 1682 Illud
481 1645 608 1683 vero
630 1628 912 1694 faciebant,
929 1639 1118 1684 utcum
1139 1629 1390 1698 deinceps
1407 1626 1534 1682 nihil
1549 1641 1794 1696 magnum
1812 1634 1904 1679 aut

321 1721 638 1790 pra-clarum
677 1731 958 1790 sperarent
979 1720 1186 1787 ﬁdeles,
1207 1720 1273 1774 ad
1300 1718 1669 1790 suscipiendos
1691 1717 1900 1772 labores

321 1813 722 1883 desponderent
751 1815 1007 1869 animum.
1035 1813 1167 1868 Nam
1185 1815 1436 1885 quoniam
1464 1827 1586 1883 spes
1616 1826 1710 1866 eos
1729 1811 1901 1881 erige-

320 1904 433 1970 bat,
451 1921 548 1960 nec
569 1905 777 1960 sinebat
793 1906 1216 1976 utprzesentibus
1232 1905 1501 1968 cederent,
1522 1903 1685 1958 veluti
1713 1918 1899 1972 quam-

319 1997 441 2050 dam
484 2011 738 2053 ancoram
783 1999 967 2052 volens
993 1997 1306 2052 exscindere
1353 1995 1618 2059 diabolus,
1647 1995 1895 2064 quoniam

320 2106 425 2142 non
449 2090 620 2159 potuit
637 2091 965 2159 persuadere
986 2090 1119 2146 falsa
1139 2107 1258 2146 esse
1275 2106 1392 2160 qua:
1407 2100 1559 2144 erant
1580 2089 1775 2153 futura,
1793 2089 1894 2141 alia

320 2181 402 2233 via
433 2189 516 2235 est
546 2181 846 2250 ingressus,
897 2191 950 2236 et
977 2183 1188 2236 emissis
1235 2181 1552 2251 quibusdam
1601 2181 1819 2249 perditis
1845 2190 1898 2233 et

317 2271 559 2325 exitiosis
590 2271 917 2338 hominibus,
951 2273 1358 2342 aggrediebatur
1395 2272 1642 2341 decipere
1671 2271 1895 2326 creden-

319 2371 420 2420 tes.
453 2362 532 2415 eis
567 2376 858 2432 suggerens
905 2378 1093 2433 magna
1126 2363 1212 2416 illa
1242 2372 1294 2417 et
1333 2365 1587 2432 pr:rclara
1621 2364 1778 2418 finem
1809 2378 1896 2415 ac-

315 2457 544 2524 cepisse.
580 2457 754 2525 Atque
785 2467 910 2512 tunc
951 2457 1164 2526 quidem
1191 2455 1442 2511 dicebant
1467 2456 1539 2510 illi
1563 2457 1670 2525 jam
1702 2455 1892 2511 factam

314 2565 436 2604 esse
484 2553 930 2605 resurrecnonem
960 2568 974 2616 ;
1004 2567 1147 2606 nunc
1187 2560 1364 2606 autem
1407 2550 1656 2605 dicebant
1697 2552 1898 2604 instare

311 2641 571 2708 judicium
601 2653 654 2696 et
682 2642 881 2698 Christi
911 2643 1197 2697 adventum
1232 2661 1244 2696 :
1275 2652 1402 2698 utet
1429 2643 1599 2712 ipsum
1625 2643 1891 2697 Christum

315 2733 595 2787 mendacio
626 2734 913 2788 redderent
939 2734 1248 2797 obnoxium,
1279 2745 1334 2788 et
1372 2749 1491 2788 cum
1533 2735 1892 2789 ostendissent

310 2825 453 2894 quod
483 2841 584 2878 non
613 2830 681 2879 sit
707 2825 958 2897 deinceps
981 2827 1362 2891 remuneratio,
1387 2841 1485 2881 nec
1507 2826 1764 2896 judicium
1793 2843 1892 2880 nec

313 2932 469 2984 pmna
515 2933 613 2972 nec
644 2920 958 2988 supplicium
1002 2919 1068 2974 iis
1113 2920 1202 2989 qui
1235 2919 1363 2987 ipsis
1390 2920 1804 2984 malefecissent,
1837 2933 1891 2974 et

312 3011 430 3063 illos
462 3011 747 3066 redderent
775 3012 1110 3078 audaciores,
1140 3021 1196 3067 et
1233 3012 1332 3067 hos
1379 3015 1687 3068 humiliores
1715 3023 1767 3066 et
1791 3015 1886 3065 ab-

305 3099 559 3169 jectiures
591 3121 603 3156 :
640 3111 694 3158 et
717 3103 855 3173 quod
883 3115 999 3158 erat
1022 3106 1260 3158 omnium
1287 3106 1679 3176 gravissimum,
1703 3121 1889 3176 aggre-

313 3197 594 3250 diehantur
621 3197 711 3250 alii
743 3199 954 3265 quidem
983 3198 1142 3253 verba
1175 3198 1346 3253 solum
1375 3200 1588 3253 mittere
1619 3209 1885 3269 tamquam

309 3300 337 3338 a
389 3286 552 3340 Paulo
598 3287 772 3351 dicta;
817 3289 905 3342 alii
953 3301 1129 3343 autem
1176 3291 1335 3343 etiam
1388 3290 1588 3360 fingere
1631 3291 1885 3360 epistolas

311 3388 578 3447 tamquam
628 3378 694 3432 ab
741 3393 806 3432 eo
833 3380 1078 3448 scriptas.
1130 3380 1418 3450 Propterea
1460 3398 1619 3436 omne
1663 3383 1764 3436 iter
1807 3383 1885 3437 eis

306 3468 689 3535 intercludens,
717 3468 866 3534 dicit,
901 3469 984 3523 Ne
1010 3472 1312 3536 terreamini,
1341 3488 1500 3543 neque
1520 3490 1608 3541 per
1629 3474 1880 3538 spiritum,

306 3575 464 3626 neque
490 3575 577 3627 per
602 3575 901 3624 sermonem,
932 3576 1087 3628 neque
1107 3577 1197 3630 per
1223 3562 1488 3630 epistotam
1513 3574 1765 3630 tamquam
1795 3581 1885 3633 per

306 3665 400 3702 nos
426 3651 654 3703 missam.
698 3649 877 3721 Neque
903 3668 990 3719 per
1011 3654 1245 3719 spiritum
1281 3652 1354 3723 (2.
1389 3652 1568 3706 Thess.
1595 3654 1649 3706 2.
1683 3655 1763 3720 ‘2),
1799 3656 1881 3707 in-

303 3742 439 3810 qttit,
465 3743 693 3798 innttens
720 3743 1238 3813 pseudoprolthetas.
1276 3745 1425 3800 Unde
1453 3762 1580 3816 ergo
1607 3747 1880 3804 seiemus?

306 3835 498 3904 inquit.
575 3835 678 3891 Per
723 3837 772 3890 id
817 3838 959 3907 quod
1009 3838 1255 3891 additur:
1291 3837 1411 3892 ideo
1457 3854 1598 3891 etum
1643 3839 1878 3908 adjecit,

303 3925 560 3982 Salutatio
602 3946 712 3983 mea
738 3947 892 3984 manu
931 3929 1111 3992 Pauli,
1154 3930 1288 3998 quod
1313 3942 1384 3984 est
1426 3932 1625 4001 signum
1665 3932 1716 3983 iu
1746 3932 1880 3984 omni

302 4023 516 4090 epistola
547 4037 566 4076 :
594 4023 664 4076 ita
700 4024 881 4076 scribo.
924 4023 1100 4077 Gratia
1125 4021 1334 4076 Domini
1362 4024 1519 4077 nostri
1541 4023 1665 4077 Jesu
1694 4023 1882 4077 Christi

301 4129 416 4166 cum
459 4114 690 4168 omnibus
730 4115 868 4169 vobis
906 4114 1085 4188 (Ibid.
1119 4118 1171 4170 5.
1223 4117 1312 4170 17.
1349 4114 1457 4188 18).
1506 4117 1618 4169 Non
1657 4116 1759 4171 hoc
1797 4118 1878 4170 dis

301 4206 373 4258 cit
400 4206 538 4275 quod
572 4205 673 4261 hoc
699 4208 770 4262 sit
813 4208 1022 4278 signum
1053 4226 1066 4262 :
1098 4219 1179 4264 est
1221 4211 1362 4264 enim
1416 4211 1704 4264 verisimile
1747 4211 1880 4264 alios

306 4312 521 4365 quoque
567 4299 668 4352 hoe
711 4315 829 4353 esse
877 4300 1131 4367 imitatos,
1162 4301 1288 4367 scd,
1334 4301 1716 4357 Salutationem
1761 4318 1877 4356 mea

311 4402 469 4441 manu
496 4389 673 4442 scribo
718 4409 730 4443 :
758 4395 896 4446 sicut
924 4410 1064 4448 nunc
1089 4411 1300 4464 quoque
1329 4395 1387 4446 fit
1414 4393 1552 4462 apud
1581 4408 1679 4447 nos
1715 4412 1727 4446 :
1755 4409 1876 4448 nam

305 4499 372 4537 ex
403 4484 794 4554 subscriptione
838 4486 1136 4542 manifesta;
1180 4489 1312 4542 ﬁunt
1359 4490 1528 4543 litera:
1573 4503 1760 4543 eorum
1787 4491 1878 4558 qui

303 4575 539 4628 mittunt.
573 4577 837 4630 Admonet
870 4587 1047 4632 autem
1075 4593 1168 4634 eos
1197 4596 1226 4632 a
1257 4581 1410 4634 malis
1436 4581 1590 4634 valde
1631 4579 1877 4645 infectos,
1903 4608 1905 4610 -

302 4677 356 4720 ct
383 4683 411 4720 a
443 4670 796 4736 przesentibus
823 4671 1061 4734 laudans,
1091 4687 1153 4726 ea
1181 4688 1208 4724 a
1239 4672 1430 4727 futuris
1461 4679 1752 4729 adhortans
1778 4692 1791 4740 ;
1823 4685 1878 4731 et

298 4776 327 4814 a
357 4763 636 4832 supplicio,
669 4773 722 4818 et
762 4778 790 4815 a
827 4765 1258 4820 remuneratione
1283 4764 1541 4820 bonorum
1563 4768 1641 4821 eis
1661 4778 1876 4837 parato-

300 4868 419 4908 r-um
451 4869 546 4908 eos
591 4854 905 4921 admonens,
938 4856 1222 4912 dilucidius
1251 4858 1426 4912 locum
1459 4869 1668 4925 tractat,
1703 4861 1876 4930 ipsum

297 4948 514 5016 quidem
547 4960 753 5018 tempus
780 4964 884 5002 non
905 4950 1167 5013 revelans,
1191 4952 1444 5020 temporis
1468 4962 1643 5006 autem
1667 4955 1874 5022 signum

297 5040 626 5110 significans,
665 5040 1074 5095 Antichristttnt.
1108 5042 1259 5097 Tunc
1307 5044 1449 5096 enim
1502 5045 1732 5098 maxime
1774 5047 1873 5097 im-

299 5134 523 5188 becillus
551 5145 729 5188 certus
774 5135 832 5187 Iit
871 5135 1103 5198 animus,
1133 5150 1238 5188 non
1273 5135 1317 5188 si
1361 5136 1531 5188 solum
1575 5135 1875 5202 audiverit_

297 5226 392 5279 sed
417 5227 580 5281 etiam
612 5228 656 5280 si
698 5227 896 5296 aliquid
944 5227 1174 5295 amplius
1203 5227 1466 5282 didicerit.
1507 5229 1753 5282 Christus
1779 5244 1874 5280 au-

299 5327 404 5372 tem
436 5335 680 5390 magnam
699 5321 815 5387 ejus
844 5320 918 5374 rei
944 5335 1127 5373 curam
1154 5322 1309 5387 gerit,
1337 5331 1391 5375 et
1415 5321 1465 5374 in
1485 5332 1664 5376 monte
1681 5321 1875 5376 sedens

296 5414 470 5466 omnia
491 5423 737 5483 accurate
757 5413 872 5467 suis
901 5413 1116 5466 disserit
1142 5413 1418 5481 discipulis
1442 5413 1508 5467 de
1533 5428 1874 5467 consumma-

295 5505 458 5558 tione.
510 5505 726 5572 Quare?
768 5505 845 5559 Ne
889 5505 1064 5559 locum
1119 5507 1347 5560 habeant
1391 5506 1478 5574 qui
1527 5507 1871 5563 antichristos

298 5595 642 5649 introtIut-ttttt
681 5605 736 5649 ct
779 5596 1232 5665 pseudocltristos.
1269 5597 1332 5651 Et
1362 5598 1473 5667 ipse
1510 5598 1676 5653 multa
1719 5600 1872 5668 ponit

297 5686 482 5752 signa,
516 5703 677 5739 unum
733 5689 893 5740 etiam
941 5688 1125 5742 dicens
1175 5688 1256 5742 vel
1300 5688 1610 5755 maximum,
1642 5689 1868 5757 Quando

296 5777 454 5833 fuerit
476 5781 814 5847 pr'ndicatum
843 5781 894 5834 itt
925 5782 1174 5836 omnibus
1215 5781 1459 5846 gentibus
1489 5783 1819 5853 evangelium
1854 5801 1869 5838 :

612 5876 878 5934 I'nttOL.
929 5876 1044 5932 (in.
1096 5879 1284 5935 LXII.

1189 313 1254 369 IN
1296 313 1487 369 EPIST
1555 312 1595 367 Il
1661 313 1750 365 Λῐ)
1789 308 2121 364 TlllﬂSSAL.
2157 313 2306 369 CAP.
2353 317 2391 370 I.
2437 315 2663 371 IIOMIL.
2707 318 2746 372 ι.

3496 323 3596 374 4ῗῦ

2023 426 2250 481 alterum
2295 443 2541 499 quoque,
2574 447 2641 483 ne
2686 440 2866 484 errent
2893 431 2958 484 de
3001 433 3114 500 ejus
3156 432 3408 496 adventu,
3443 434 3600 488 Tam-

2019 531 2170 584 quam
2215 519 2407 590 fulgur,
2452 521 2644 590 inqttit,
2689 523 2848 576 ueniet
2888 537 2906 576 :
2947 539 3054 576 non
3100 525 3153 577 in
3187 525 3368 595 aliquo
3407 529 3600 597 angulo

2021 607 2214 674 latens,
2246 611 2338 664 sed
2366 613 2563 682 ubique
2594 614 2946 683 resplendens
2981 631 3132 669 :non
3159 627 3279 686 eget
3303 617 3482 688 aliquo
3510 622 3598 687 qui

2020 699 2091 751 sit
2135 699 2515 756 indicaturus:
2556 713 2702 759 tanto
2751 706 3035 774 splendore
3082 708 3281 774 micat;
3327 710 3464 763 sicut
3505 724 3598 765 nec

2021 788 2196 859 fulgur
2243 805 2366 862 eget
2424 795 2622 851 indice.
2676 797 2816 854 Dicit
2861 810 3038 852 autem
3093 799 3288 854 alicubi
3330 802 3488 856 etiam
3531 802 3600 857 de

2018 882 2348 939 Antichrislo
2381 904 2393 939 :
2431 885 2538 958 Ego
2569 889 2676 942 veni
2721 890 2775 942 in
2817 891 3018 944 nomine
3048 890 3221 946 Patris
3257 894 3375 954 mei.
3415 904 3462 948 et
3497 911 3598 948 non

2015 974 2274 1043 recepistis
2297 991 2377 1030 me
2407 993 2426 1030 :
2449 979 2495 1031 si
2517 979 2650 1034 alius
2688 982 2872 1034 venerit
2900 982 2954 1036 in
2977 991 3176 1037 nomine
3199 984 3428 1055 proprio,
3451 985 3598 1039 illum

2013 1066 2267 1133 accipietis
2289 1067 2466 1138 (Joan.
2495 1069 2547 1124 5.
2579 1070 2693 1142 45).

2082 1157 2379 1214 Antichristi
2401 1161 2644 1217 adventus
2669 1165 2834 1234 signa.
2854 1195 2926 1205 —
2952 1165 3282 1235 Frequentes
3310 1182 3523 1238 quoque
3542 1178 3597 1223 et

2010 1264 2130 1317 qua:
2152 1253 2406 1320 explicari
2438 1270 2542 1308 non
2573 1265 2796 1324 possunt
2815 1256 3146 1313 calamitates
3183 1257 3302 1328 ejus
3322 1274 3443 1314 esse
3463 1261 3597 1317 dicit

2009 1345 2257 1414 signum;
2288 1354 2344 1400 et
2384 1346 2527 1415 quod
2561 1347 2728 1402 Eliam
2777 1358 3023 1419 oporteat
3048 1349 3252 1405 venire.
3281 1355 3454 1421 Atque
3489 1352 3589 1406 du—

2009 1435 2250 1490 bitabant
2267 1437 2482 1507 quidem
2514 1447 2640 1494 tunc
2663 1441 3206 1508 Thessalonicenses;
3231 1444 3385 1498 nobis
3411 1455 3592 1500 autem

2010 1527 2155 1581 utilis
2181 1529 2278 1582 fuit
2305 1531 2520 1585 illorum
2567 1531 2830 1588 dubitatio
2860 1552 2873 1587 :
2906 1549 3014 1589 non
3045 1536 3186 1589 enim
3228 1536 3335 1590 illis
3371 1539 3546 1592 solum
3574 1581 3591 1602 ,

2006 1618 2101 1672 sed
2134 1620 2286 1675 nobis
2314 1637 2529 1691 quoque
2557 1634 2682 1678 sunt
2711 1624 2826 1679 bare
2852 1626 3021 1688 utilia,
3048 1634 3155 1679 uta
3193 1626 3384 1681 fabulis
3409 1632 3591 1698 pueri-

2006 1709 2145 1763 libus
2188 1719 2244 1765 et
2287 1711 2355 1766 ab
2379 1713 2610 1768 anilibus
2635 1714 2838 1769 deliriis
2887 1715 3195 1771 liberemur.
3224 1721 3416 1772 Annon
3447 1734 3591 1790 saepe

2005 1803 2283 1858 audivistis
2311 1820 2434 1859 cum
2461 1809 2608 1876 pueri
2637 1809 2851 1874 essetis,
2881 1809 3141 1879 quosdam
3163 1811 3326 1864 multa
3348 1811 3590 1867 dicentes

2004 1897 2072 1950 de
2113 1897 2446 1954 Antichristo
2473 1941 2487 1965 ,
2539 1910 2593 1955 et
2637 1901 2703 1954 de
2750 1901 3164 1971 genuflexione?
3217 1903 3402 1959 Adhuc
3441 1906 3585 1961 enim

2006 1991 2202 2043 teneris
2231 1992 2429 2045 nostris
2455 1993 2648 2047 animis
2677 1992 2792 2047 hate
2819 1994 3006 2048 inserit
3028 1994 3291 2062 diabolus,
3316 2008 3373 2051 ut
3393 1998 3584 2067 dogma

2004 2082 2158 2135 nobis
2187 2085 2554 2139 crescentibus
2583 2085 2839 2140 inba-reat
2881 2097 2937 2140 et
2977 2102 3076 2142 nos
3105 2090 3273 2158 possit
3314 2091 3582 2160 decipere.

2001 2173 2117 2227 Non
2147 2174 2260 2228 Inec
2302 2192 2432 2245 ergo
2464 2179 2892 2245 pr:ctermisissct
2922 2179 3119 2234 Paulus
3161 2181 3227 2235 de
3251 2182 3584 2239 Anticltristo

2001 2266 2294 2333 diSserens,
2321 2269 2366 2322 si
2405 2267 2632 2323 fuissent
2661 2270 2828 2322 utilia.
2859 2270 2937 2325 Ne
2963 2270 3078 2326 lucc
3105 2287 3234 2342 ergo
3257 2289 3578 2343 qtneramus.

2001 2358 2114 2411 Non
2147 2361 2287 2413 enim
2316 2361 2395 2416 sic
2424 2363 2600 2416 veniet
2623 2363 2886 2416 inclinans
2911 2379 3101 2432 genua,
3134 2366 3249 2430 sed,
3279 2368 3351 2421 Se
3371 2366 3584 2434 e/ferens

2001 2469 2154 2520 supra
2193 2470 2339 2507 onme
2385 2455 2521 2523 quod
2551 2455 2677 2508 deus
2718 2457 2905 2528 dicitur
2933 2466 3020 2509 aut
3050 2459 3255 2524 colitur,
3287 2461 3415 2512 adeo
3449 2471 3503 2513 ut
3527 2463 3582 2514 in

2001 2547 2186 2614 templo
2223 2547 2318 2600 Dei
2346 2557 2603 2617 tamquam
2642 2549 2790 2602 deum
2820 2565 2872 2603 se
2899 2552 3129 2615 collocet,
3161 2561 3492 2606 ostentantem
3527 2571 3582 2606 se

1999 2653 2105 2691 esse
2153 2639 2301 2692 deum
2348 2639 2440 2706 (2.
2473 2639 2653 2694 Thess.
2700 2640 2754 2693 ‘2.
2802 2639 2895 2709 4).
2929 2642 3384 2706 Quemadmodum
3434 2644 3578 2698 enim

1999 2730 2243 2786 diabolus
2285 2717 2568 2784 ceciditex
2599 2729 2924 2801 arrogantia,
2963 2733 3033 2786 ita
3060 2733 3218 2787 etiam
3247 2735 3334 2804 qui
3374 2734 3441 2790 ab
3463 2735 3580 2804 ipso

1972 2831 2242 2874 movetur
2271 2821 2560 2877 instructus
2578 2833 2656 2877 est
2678 2823 2744 2877 ad
2774 2823 3154 2892 arrogantiam.

2066 2914 2121 2966 2.
2141 2912 2518 2980 Quamobrem,
2537 2916 3005 2984 rogo,studeatnus
3033 2931 3222 2971 omnes
3247 2918 3436 2971 remoti
3458 2931 3579 2972 esse

1993 3003 2061 3058 ab
2081 3005 2182 3057 hoc
2205 3004 2353 3068 vitio,
2379 3020 2447 3058 ne
2479 3005 2528 3058 in
2555 3004 2966 3074 illiusjudicium
2985 3006 3300 3073 incidamus,
3318 3024 3384 3062 ne
3402 3007 3575 3063 eidem

1994 3113 2167 3166 paena:
2179 3098 2346 3151 simus
2361 3097 2600 3164 obnoxii,
2619 3115 2688 3153 ne
2712 3101 2878 3154 simus
2897 3100 3026 3154 socii
3046 3100 3286 3170 ejusdem
3308 3103 3574 3172 supplicii.

1995 3188 2114 3242 Non
2141 3191 2472 3259 neophytum,
2504 3190 2694 3261 inquit,
2726 3208 2789 3245 ne
2807 3193 3016 3262 inﬂatus
3044 3193 3233 3246 incidat
3254 3195 3307 3246 in
3319 3195 3576 3265 judicium

1991 3282 2177 3336 diaboli
2196 3282 2243 3352 (Ι
2259 3323 2270 3334 .
2285 3281 2419 3335 Tim.
2436 3285 2490 3338 5.
2512 3280 2592 3352 6).
2611 3283 2826 3337 Inﬂatus
2841 3299 2968 3354 ergo
2987 3285 3202 3340 easdem
3221 3299 3410 3355 poenas
3430 3287 3577 3341 dabit

1989 3388 2120 3444 quas
2149 3374 2412 3429 diabolus.
2429 3374 2641 3428 Initium
2659 3377 2790 3428 enim
2809 3377 3058 3444 superbite
3082 3386 3174 3442 est,
3196 3394 3298 3431 non
3315 3394 3461 3433 nosse
3479 3378 3580 3432 Do-

1989 3466 2178 3518 minuat
2209 3463 2398 3532 (Eccti.
2431 3465 2519 3519 10.
2556 3465 2644 3536 ili)
2679 3483 2692 3519 :
2723 3466 2928 3520 initium
2963 3468 3164 3534 peccati
3187 3477 3271 3522 est
3299 3469 3570 3537 superbia,

1991 3557 2193 3625 primus
2222 3557 2448 3626 impetus
2474 3568 2528 3611 et
2558 3568 2733 3610 motus
2758 3558 2822 3611 ad
2865 3558 3086 3622 malum,
3119 3566 3174 3612 et
3195 3557 3420 3614 fortasse
3449 3562 3573 3629 qni-

1987 3649 2109 3702 dem
2135 3658 2187 3702 et
2210 3648 2357 3702 radix
2385 3657 2437 3702 et
2457 3648 2620 3703 basis.
2647 3648 2854 3701 Initium
2879 3650 3021 3703 enim
3045 3657 3138 3702 aut
3167 3650 3394 3719 primum
3418 3651 3562 3720 signi

1988 3740 2111 3793 ficat
2153 3741 2406 3809 impetum
2439 3739 2503 3793 ad
2535 3741 2755 3804 malum,
2785 3751 2875 3793 aut
2904 3741 3028 3794 mali
3059 3742 3494 3796 constitutionem
3517 3753 3573 3798 et

1987 3832 2389 3885 eonsistentiam
2411 3848 2422 3883 :
2447 3839 2504 3884 ut
2533 3832 2576 3884 si
2605 3832 2769 3894 diois,
2792 3832 3000 3885 Initium
3033 3833 3377 3886 continentim
3398 3842 3452 3887 et
3477 3847 3571 3887 ca-

1987 3924 2181 3976 stitatis
2197 3923 2562 3977 estabstinere
2588 3940 2614 3974 a
2649 3925 2788 3977 malo
2816 3925 3142 3993 spectaculo,
3157 3925 3258 3980 hoc
3272 3934 3353 3978 est
3369 3926 3572 3995 primus

1988 4015 2218 4084 impetus
2236 4031 2248 4067 :
2267 4014 2347 4067 sin
2371 4025 2546 4067 autem
2565 4014 3043 4080 dicamus,lnitium
3060 4015 3322 4070 castitatis
3339 4015 3572 4086 estjeju-

1987 4107 2154 4171 nium,
2182 4105 2399 4168 ltocest,
2436 4107 2837 4161 tuttdameutum
2857 4117 2910 4162 et
2944 4109 3274 4162 constitutio.
3311 4107 3384 4162 Ita
3407 4110 3567 4163 etiam

1986 4199 2188 4265 peccati
2215 4199 2420 4252 initiutn
2441 4201 2838 4269 estarrogantia
2857 4200 2948 4254 :ab
2966 4215 3028 4255 ea
3045 4201 3187 4254 enim
3210 4201 3392 4268 incipit
3409 4215 3569 4256 omne

1988 4299 2285 4357 peccatum,
2316 4302 2368 4344 et
2394 4306 2457 4344 ex
2488 4306 2548 4343 ra
2575 4292 2855 4344 conflatur.
2885 4291 3015 4344 Nam
3043 4290 3186 4360 quod
3213 4307 3566 4361 quaecumque

1984 4383 2126 4437 bona
2152 4385 2417 4453 egerimus
2443 4427 2457 4450 ,
2491 4400 2595 4437 non
2637 4386 2777 4438 sinat
2822 4385 2870 4436 id
2905 4385 3091 4437 vitium
3133 4400 3192 4437 ea
3224 4399 3441 4438 manere
3463 4425 3478 4448 ,
3509 4393 3566 4438 et

1985 4491 2092 4530 non
2144 4476 2411 4539 excidere,
2458 4476 2551 4530 sed
2608 4477 2675 4528 sit
2725 4475 2883 4528 veluti
2929 4475 3171 4545 quaedam
3217 4473 3403 4538 radix,
3446 4491 3566 4543 qua:

1984 4582 2092 4621 non
2144 4567 2270 4621 sinit
2321 4567 2457 4621 bona
2490 4566 2820 4625 consistere.
2876 4566 3021 4620 illinc
3071 4575 3153 4619 est
3199 4567 3564 4635 perSpicuum.

1988 4659 2120 4712 Vide
2165 4675 2321 4728 quant
2358 4657 2520 4711 multa
2570 4657 2758 4712 fecerit
2805 4657 3145 4720 Phariswus,
3193 4657 3288 4710 sed
3337 4656 3470 4710 nihil
3517 4658 3568 4710 ei

1984 4752 2222 4823 profuit:
2255 4751 2486 4806 radicem
2516 4752 2655 4804 enim
2691 4765 2793 4803 non
2832 4749 3062 4815 excidit,
3092 4748 3186 4803 sed
3228 4750 3339 4817 ipsa
3385 4748 3565 4801 omnia

1986 4844 2218 4916 perdidit
2246 4854 2300 4899 et
2325 4844 2586 4912 corrupit.
2621 4843 2700 4896 Ex
2728 4841 3032 4910 arrogantia
3062 4841 3232 4893 oritur
3261 4839 3566 4908 despicien-

1985 4946 2055 4998 tia
2089 4958 2404 5013 pauperum,
2437 4940 2675 5010 pecunite
2709 4937 2994 5007 cupiditas,
3023 4953 3174 4990 amor
3198 4936 3526 5006 priuetpatns
3555 4976 3570 4998 ,

1983 5039 2166 5092 multa:
2220 5036 2403 5106 gloria:
2450 5034 2798 5088 desiderium.
2855 5032 2954 5094 Qui
3002 5041 3083 5084 est
3136 5027 3436 5097 ejusmodi,
3485 5034 3568 5079 est

1985 5144 2282 5200 propensus
2305 5128 2370 5182 ad
2399 5126 2758 5181 ulciscendam
2783 5123 3184 5178 Contumeliam.
3211 5120 3338 5174 Nam
3369 5120 3457 5188 qtti
3484 5127 3570 5170 est

1982 5240 2240 5294 arrogans
2267 5232 2321 5277 et
2360 5222 2514 5277 elata:
2565 5220 2796 5282 mentis,
2847 5235 2912 5270 ne
2954 5232 2981 5268 a
3014 5213 3306 5285 majoribus
3349 5212 3565 5281 quidem

1985 5317 2216 5371 sustinet
2241 5313 2562 5369 contumelia
2593 5310 2768 5373 affici,
2812 5308 3006 5363 nedum
3038 5323 3068 5360 a
3112 5303 3440 5361 minoribus;
3474 5301 3564 5368 qui

1982 5424 2112 5465 vero
2156 5406 2535 5464 contumeliam
2564 5420 2670 5458 non
2717 5407 2853 5470 fert,
2883 5416 3057 5471 neque
3106 5399 3394 5469 quidquam
3431 5394 3556 5447 mali

1981 5501 2091 5571 pati
2118 5500 2365 5554 sustinet.
2419 5496 2552 5551 Vide
2579 5494 2849 5563 quomodo
2879 5492 3086 5546 initium
3127 5489 3329 5558 peccati
3359 5485 3428 5538 sit
3464 5500 3555 5536 su-

1982 5593 2184 5664 perbia.
2232 5588 2511 5657 Quomodo
2558 5597 2734 5640 autem
2782 5585 2986 5640 initium
3033 5579 3295 5650 superbia:
3324 5585 3406 5630 est
3447 5590 3553 5628 nou

1981 5698 2146 5738 nosse
2175 5680 2497 5735 Dominum?
2541 5677 2729 5734 Merito
2759 5694 2773 5731 :
2804 5677 2894 5745 qui
2921 5678 3060 5730 enim
3092 5669 3240 5726 novit
3285 5669 3449 5722 Deum
3495 5676 3552 5722 ut

1983 5793 2142 5835 nosse
2170 5784 2421 5848 oportet,
2459 5774 2547 5845 qui
2590 5775 2734 5829 novit
2760 5771 2900 5843 quod
2931 5767 3096 5825 Filius
3123 5768 3214 5820 Dei
3254 5764 3319 5819 ad
3354 5773 3554 5819 tantam

3117 5854 3196 5914 30
