4114 6396
526 313 620 369 471

525 442 584 478 se
630 424 846 478 demisit
874 421 1228 476 humilitatem
1255 459 1272 476 .
1315 434 1420 472 non
1452 417 1730 471 extollitur
1759 434 1773 469 :
1805 415 1896 486 qui
1922 422 2100 468 autem

532 519 643 567 Ιιτιιρ
678 531 781 568 non
809 514 976 576 novit,
1006 511 1282 566 extollitur
1307 528 1320 564 :
1360 510 1424 563 ad
1453 509 1807 578 arrogantiam
1841 507 1982 561 enim
2012 505 2098 559 in-

531 610 688 661 struit
717 617 772 661 et
794 615 944 676 parat
971 602 1240 672 superbia.
1279 601 1526 661 Nam,dic
1559 599 1686 654 tnihi
1707 641 1723 664 ,
1747 600 1836 669 qui
1862 599 1918 651 lit
1955 596 2100 668 quod

529 701 614 752 isti
644 700 732 767 qui
763 699 1018 752 adversus
1042 695 1334 750 Ecclesiam
1364 694 1561 748 bellum
1590 701 1810 762 gerunt,
1839 691 2100 745 dicuntse

530 809 688 845 nosse
711 790 915 845 Deum?
943 805 1120 842 annon
1148 788 1215 841 ab
1244 785 1588 854 arrogantia?
1613 784 1772 848 Vide,
1803 798 1907 836 non
1941 796 2100 835 nosse

527 884 712 944 Donni,
736 896 830 936 eos
859 882 908 934 in
937 887 1191 951 quantum
1224 877 1458 946 impellat
1478 875 1850 946 prmcipitium.
1875 873 1931 928 Si
1955 872 2096 927 enim

523 975 766 1042 Spiritum
795 974 1080 1026 contritum
1106 972 1247 1025 Deus
1276 969 1449 1038 diligit
1473 1010 1488 1032 ,
1518 977 1700 1021 contra
1735 964 1979 1035 superbis
2007 979 2095 1018 re-

526 1066 686 1130 sistit,
711 1075 765 1120 et
791 1064 1080 1119 humilibus
1106 1062 1197 1116 dat
1222 1062 1470 1132 gratiam.
1499 1059 1708 1114 Nullum
1731 1067 1814 1112 est
1839 1073 1966 1126 ergo
1987 1071 2098 1110 ma-

524 1156 631 1208 lum
675 1155 820 1224 quod
860 1153 1090 1208 conferri
1138 1153 1304 1221 possit
1344 1166 1462 1204 cum
1514 1148 1759 1217 superbia
1790 1168 1802 1202 :
1829 1147 2096 1200 hominem

521 1246 686 1301 efﬁcit
714 1246 1013 1300 daemonem
1035 1243 1512 1304 contumeliosum,
1543 1239 1912 1309 blasphemum
1933 1279 1947 1300 ,
1979 1253 2097 1306 per-

519 1339 697 1409 jurum
727 1357 740 1393 :
768 1338 892 1392 facit
917 1347 976 1391 ut
1013 1344 1331 1406 appetantur
1357 1333 1553 1387 emdes.
1584 1331 1858 1400 Superbus
1886 1343 2098 1396 semper

521 1432 651 1485 vivit
696 1431 749 1484 in
790 1428 1068 1483 doloribus
1111 1435 1167 1482 et
1213 1425 1473 1480 molestiis
1503 1465 1517 1486 ,
1570 1436 1785 1491 semper
1827 1419 2094 1484 irascitur,

521 1536 735 1590 semper
760 1529 842 1575 est
873 1519 1075 1574 tristis:
1108 1517 1236 1572 nihil
1263 1526 1344 1571 est
1377 1514 1518 1585 quod
1561 1514 1662 1567 hoc
1701 1511 1865 1565 animi
1910 1509 2096 1562 vitium

520 1616 689 1684 possit
732 1615 961 1678 satiare;
991 1611 1199 1667 etiamsi
1241 1609 1434 1663 viderit
1472 1621 1651 1677 regem
1688 1619 1746 1658 se
1774 1602 2093 1657 submitten-

521 1717 659 1771 tem,
713 1707 1077 1760 incurvantem
1123 1712 1176 1757 et
1203 1701 1547 1764 adorantem,
1583 1713 1687 1752 non
1717 1703 1801 1751 est
1829 1696 2052 1748 satiatus
2076 1733 2092 1758 ,

519 1800 612 1854 sed
642 1799 812 1868 magis
855 1805 939 1852 est
977 1810 1254 1851 accensus.
1289 1794 1356 1849 Ut
1383 1793 1526 1848 enim
1576 1791 1720 1845 avari
1751 1831 1766 1856 ,
1808 1802 1915 1858 quo
1946 1787 2095 1855 plura

528 1893 835 1961 accipiunt,
864 1905 930 1944 eo
968 1889 1209 1959 pluribus
1250 1887 1487 1956 indigent
1517 1902 1528 1937 :
1555 1885 1626 1938 ita
1654 1883 1815 1938 etiam
1854 1881 1941 1950 qui
1973 1889 2095 1932 sunt

521 1985 673 2037 elata:
703 1982 929 2044 mentis,
965 1991 1394 2050 quantacumque
1426 1977 1667 2030 fruantur
1707 1971 1872 2042 gloria
1895 2013 1907 2034 ,
1950 1981 2096 2024 tanto

519 2074 779 2143 majorem
826 2079 1082 2142 expetunt
1111 2088 1124 2122 :
1155 2079 1380 2140 augetur
1429 2069 1570 2122 enim
1618 2066 1697 2120 eis
1726 2063 1938 2118 affectio
1967 2063 1984 2130 (
2011 2070 2095 2116 est

519 2169 658 2221 enim
703 2165 992 2234 affectio),
1023 2164 1235 2219 affectio
1263 2173 1439 2217 autem
1495 2175 1601 2214 non
1649 2160 1797 2212 novit
1839 2155 2088 2217 modum,

519 2260 616 2314 sed
650 2271 776 2313 tunc
803 2258 1018 2313 demum
1053 2258 1279 2321 sistitur,
1328 2253 1540 2325 quando
1569 2252 1824 2308 occiderit
1852 2267 1974 2304 eum
2005 2250 2092 2318 qui

515 2353 684 2422 ipsam
713 2350 894 2404 habet.
945 2349 1060 2404 Non
1098 2349 1246 2402 vides
1275 2347 1415 2416 quod
1445 2345 1579 2398 ebrii
1626 2359 1838 2412 semper
1865 2342 2046 2396 sitiant
2072 2340 2094 2391 ?

513 2444 724 2497 affectio
749 2442 890 2496 enim
919 2448 1035 2505 est,
1064 2455 1172 2495 non
1198 2449 1400 2492 natura:
1439 2435 1766 2490 desiderium
1788 2475 1803 2499 ,
1849 2431 1940 2486 sed
1971 2447 2090 2500 per-

515 2547 702 2586 versus
735 2531 972 2584 morbus.
1000 2529 1117 2583 Non
1146 2527 1294 2581 vides
1319 2525 1460 2597 quod
1489 2526 1524 2580 ii
1547 2540 1683 2594 quos
1712 2531 1904 2577 vocant
1934 2523 2094 2575 fame-

515 2627 668 2686 licos,
697 2639 910 2692 semper
937 2623 1204 2684 esuriant;
1237 2628 1320 2674 est
1362 2620 1505 2671 enim
1541 2617 1726 2671 vitium
1748 2657 1763 2678 ,
1811 2625 1867 2668 ut
1908 2613 2096 2668 dicunt

515 2715 730 2780 medici,
761 2724 964 2768 natura:
983 2713 1116 2767 fines
1141 2724 1490 2778 exsuperans.
1519 2709 1607 2764 Sic
1633 2709 1830 2762 curiosi
1858 2717 1912 2761 et
1932 2708 2090 2761 otiosi

516 2808 890 2876 indagatores.
923 2805 1201 2874 quantavis
1246 2801 1562 2864 didicerint,
1611 2816 1715 2854 non
1742 2800 2043 2854 consistunt
2075 2817 2089 2853 :

518 2908 602 2951 est
631 2899 773 2951 enim
814 2896 1024 2950 affectio
1044 2937 1058 2959 ,
1111 2909 1209 2948 nec
1239 2894 1397 2947 habet
1429 2893 1737 2946 terminum.
1772 2891 1973 2943 Rursus
2003 2890 2093 2959 qui

517 2990 852 3044 delectantur
879 2987 1292 3042 seortationihus
1316 3029 1330 3050 ,
1388 3000 1486 3040 nec
1529 2985 1626 3053 ipsi
1653 2983 1874 3054 gradum
1902 2984 2096 3038 sistunt

518 3081 844 3151 (Scortatori,
883 3081 1072 3149 inquit,
1110 3079 1273 3132 omnis
1312 3078 1458 3148 panis
1495 3087 1566 3130 est
1591 3077 1753 3130 dulcis
1793 3075 1976 3147 [Eccli.
2003 3076 2090 3130 25.

514 3174 606 3246 20]
634 3173 688 3244 );
718 3189 823 3228 non
855 3171 1086 3226 cessabit
1113 3169 1284 3225 donec
1315 3169 1470 3224 fuerit
1496 3168 1814 3233 devoratus;
1843 3177 1926 3222 est
1950 3167 2092 3222 enim

517 3265 752 3320 affectio.
781 3263 884 3320 Sed
910 3273 1037 3318 sunt
1063 3263 1176 3316 haac
1203 3261 1420 3332 quidem
1445 3259 1790 3328 aegritudines
1811 3300 1825 3323 ,
1869 3275 1976 3313 non
2018 3269 2096 3312 ta-

517 3374 640 3412 men
667 3353 1093 3410 immedicabiles
1112 3395 1126 3418 ,
1160 3353 1254 3406 sed
1281 3367 1399 3421 qua:
1427 3350 1715 3404 admittunt
1739 3350 2092 3413 curationem,

512 3459 568 3503 et
606 3449 776 3502 multo
817 3447 988 3516 magis
1028 3460 1188 3516 quam
1232 3442 1583 3513 corporales:
1617 3457 1738 3496 nam
1771 3442 1814 3496 si
1842 3442 2091 3508 velimus,

513 3555 606 3597 eas
633 3552 918 3610 possumus
942 3538 1303 3606 exstinguere.
1333 3533 1613 3602 Quomodo
1642 3549 1771 3604 ergo
1797 3542 1972 3604 potest
1997 3550 2094 3589 ex-

513 3630 709 3701 stingui
741 3631 1042 3700 arrogantia
1067 3628 1090 3681 ?
1116 3627 1174 3682 Si
1202 3628 1365 3682 Deum
1393 3627 1700 3697 agnoveris.
1733 3628 1792 3682 Si
1820 3628 1961 3682 enim
2005 3628 2095 3682 illa

514 3724 686 3778 oritur
713 3737 777 3777 ex
800 3737 866 3776 eo
886 3721 1031 3792 quod
1061 3720 1202 3774 Deus
1225 3735 1332 3773 non
1361 3729 1716 3789 cognoscatur
1741 3736 1755 3771 :
1780 3721 1825 3774 si
1856 3736 1977 3789 eum
2006 3736 2096 3776 co-

512 3815 890 3885 gnoverimus,
918 3811 1211 3880 expellitur
1233 3811 1407 3864 omnis
1429 3814 1758 3881 arrogantia.
1786 3811 1978 3867 Veniat
2001 3813 2094 3867 tibi

510 3909 566 3961 in
619 3916 853 3962 mentem
902 3904 1181 3974 gehenna,
1231 3903 1451 3958 veniant
1495 3903 1548 3956 in
1615 3914 1849 3958 mentem
1905 3905 1996 3974 qui
2044 3913 2096 3959 te

509 4007 633 4053 sunt
679 3999 835 4066 longe
879 3995 1149 4058 meliores,
1200 3995 1378 4048 veniat
1422 3994 1477 4047 in
1508 4003 1742 4048 mentem
1773 4009 1930 4063 quam
1960 3996 2097 4048 mul-

512 4103 689 4146 torum
734 4090 830 4144 tibi
859 4097 985 4143 sunt
1029 4088 1238 4142 luenda:
1285 4102 1456 4156 paena:
1482 4106 1494 4141 :
1522 4088 1564 4140 si
1594 4087 1713 4141 haec
1742 4088 2057 4156 cogitaveris
2076 4128 2092 4154 ,

511 4188 618 4238 cito
646 4184 881 4237 animum
907 4181 1259 4242 contraxeris,
1289 4182 1395 4234 cito
1425 4196 1546 4234 eum
1576 4180 1810 4234 ﬂexeris.

591 4254 850 4308 Humana:
900 4270 981 4306 res
1027 4253 1176 4321 quasi
1226 4253 1443 4305 sonmia.
1511 4281 1582 4290 —
1641 4252 1710 4305 At
1775 4265 1880 4306 non
1942 4260 2096 4321 potes

518 4347 633 4402 haec
683 4343 897 4400 facere?
946 4359 1005 4399 es
1057 4343 1415 4398 imbecillior?
1462 4342 1648 4414 Cogita
1711 4357 1799 4396 res
1862 4357 2096 4413 praesen-

517 4451 632 4505 tes,
676 4437 848 4508 cogita
903 4444 1145 4490 naturam
1192 4433 1515 4502 humanam,
1562 4444 1615 4490 et
1661 4434 1804 4505 quod
1849 4433 1983 4489 nihil
2029 4434 2100 4490 sit

516 4535 696 4588 homo.
744 4533 878 4587 Cum
923 4532 1121 4586 videris
1171 4530 1223 4584 in
1279 4532 1394 4584 foro
1441 4531 1567 4584 ferri
1624 4539 1927 4594 mortuum,
1962 4529 2098 4583 ﬁlios

1247 303 1306 360 S.
1341 302 1618 361 JOANNIS
1652 295 2124 356 CHRYSOSTOMI
2166 291 2481 351 ARCHIEP.
2513 298 3041 357 CONSTANTINOP.

3688 297 3797 355 ΗΞ

2207 413 2368 468 orbos
2410 425 2724 485 sequentes,
2756 417 2968 471 viduam
3013 432 3131 486 qua!
3186 417 3415 486 plangit,
3449 418 3674 472 famulos
3708 423 3788 472 l:--

2207 515 2541 571 mentantes,
2602 510 2802 561 amicos
2863 510 3039 562 tristes
3113 519 3166 563 et
3222 519 3548 577 maerentes,
3601 523 3788 578 reputa

2210 610 2371 664 quam
2403 597 2531 650 nihil
2562 598 2668 650 sint
2697 615 2782 652 res
2815 610 3102 667 praesentes
3123 641 3138 664 ,
3171 611 3226 653 et
3251 601 3392 670 quod
3421 601 3488 654 ab
3519 604 3703 655 umbra
3735 615 3791 655 et

2205 688 2433 741 somniis
2460 688 2591 742 nihil
2622 689 2890 743 differant.
2924 692 2992 744 At
3035 691 3135 744 hoc
3179 709 3283 746 non
3324 693 3404 745 vis
3429 693 3451 744 ?
3475 692 3702 747 Veniant
3736 694 3788 746 in

2208 788 2440 832 mentem
2469 780 2659 834 divites
2679 822 2695 845 ,
2723 791 2776 834 et
2803 783 2836 834 ii
2863 783 2950 850 qui
2978 783 3028 836 in
3059 783 3209 837 bellis
3237 794 3435 839 temere
3461 785 3735 854 perierunt
3767 803 3780 837 :

2206 871 2484 924 considera
2538 872 2772 925 virorum
2821 888 3133 944 magnorum
3167 884 3222 930 et
3267 875 3553 930 illustrium
3599 875 3783 940 mdes,

2207 976 2326 1028 quae
2359 977 2497 1015 nunc
2529 971 2654 1016 sunt
2680 962 2872 1017 diruta:
2897 973 2951 1018 et
2977 964 3095 1019 solo
3116 975 3339 1034 aequata:
3367 984 3379 1020 :
3412 969 3586 1037 cogita
3609 984 3784 1038 quan-

2207 1061 2316 1105 tum
2346 1065 2652 1122 petnerunt,
2675 1064 2732 1110 et
2755 1071 2896 1111 nunc
2920 1072 3106 1112 eorum
3135 1072 3202 1111 ne
3228 1068 3396 1113 restat
3423 1059 3638 1129 quidem
3662 1076 3782 1115 me-

2204 1145 2394 1196 moria.
2427 1143 2665 1214 Singulis
2685 1147 2827 1201 enint
2854 1147 3042 1202 diebus
3061 1188 3078 1212 ,
3111 1149 3155 1202 si
3183 1149 3284 1214 vis,
3319 1150 3560 1205 invenies
3588 1151 3781 1206 horum

2202 1236 2442 1303 exempla
2465 1278 2480 1300 ,
2526 1237 2794 1308 principes
2825 1239 2943 1294 aliis
2974 1241 3354 1308 succedentes,
3385 1243 3606 1297 divitum
3641 1244 3778 1298 bona

2204 1327 2488 1394 publicata.
2539 1327 2697 1383 Multi
2738 1333 2944 1401 tyranni
2992 1335 3228 1388 sederunt
3268 1336 3321 1389 in
3349 1337 3492 1401 solo,
3540 1339 3585 1391 is
3612 1349 3781 1391 autem

2199 1435 2344 1485 quem
2391 1435 2533 1473 nemo
2581 1422 2951 1491 suspicabatur,
2999 1425 3234 1480 diadema
3297 1429 3521 1498 gestabat
3567 1429 3773 1500 (Eccli.

2203 1511 2291 1563 11.
2319 1510 2398 1575 5).
2427 1513 2617 1564 Annon
2644 1513 2774 1566 fiunt
2795 1513 2909 1568 hazc
2933 1516 3212 1584 quotidie?
3239 1533 3417 1574 nonne
3443 1529 3569 1574 sunt
3599 1535 3777 1576 nostra

2201 1613 2332 1657 rotae
2381 1603 2613 1658 similia?
2655 1605 2795 1677 Lege
2839 1608 2882 1662 si
2908 1609 2986 1663 vis
3017 1618 3074 1664 et
3116 1623 3296 1666 neStra
3333 1609 3399 1668 et'
3415 1623 3598 1669 extera
3630 1620 3777 1682 (nam

2202 1697 2287 1749 illa
2314 1712 2523 1767 quoque
2553 1699 2706 1768 plena
2737 1711 2861 1755 sunt
2882 1701 2966 1756 his
2987 1705 3292 1775 exemplis),
3312 1707 3356 1761 si
3387 1717 3567 1762 nostra
3596 1709 3774 1778 despi-

2199 1789 2296 1851 cis,
2333 1788 2492 1858 idque
2516 1805 2582 1844 ex
2610 1793 2911 1862 arrogantia
2944 1812 2958 1848 :
2982 1795 3025 1849 si
3053 1795 3332 1852 admiraris
3353 1815 3472 1868 qua:
3499 1809 3626 1855 sunt
3662 1802 3778 1872 phi-

2199 1881 2543 1950 1050phorum
2561 1926 2575 1947 ,
2602 1886 2788 1940 saltem
2817 1886 2883 1941 ad
2919 1903 3012 1943 eos
3040 1891 3234 1945 accede
3261 1909 3274 1944 :
3305 1891 3381 1946 illi
3409 1902 3462 1949 te
3487 1893 3775 1961 docebunt,

2199 1981 2408 2028 veteres
2440 1987 2714 2032 narrantes
2743 1978 3095 2048 calamitates,
3116 1992 3170 2036 et
3195 1993 3388 2052 poetae,
3413 1993 3467 2039 et
3492 1995 3732 2042 oratores
3756 2029 3774 2053 ,

2198 2072 2254 2118 et
2278 2065 2529 2134 sophista:
2552 2109 2568 2134 ,
2597 2078 2649 2122 et
2673 2083 2861 2124 omnes
2887 2072 3197 2141 scriptores.
3228 2073 3494 2145 Undique,
3526 2077 3570 2131 si
3602 2077 3774 2142 voles,

2199 2156 2436 2212 invenies
2464 2162 2729 2230 exempla.
2762 2163 2818 2217 Si
2846 2174 3024 2219 autem
3065 2167 3256 2222 horum
3288 2168 3417 2223 nihil
3449 2171 3564 2237 vis,
3593 2173 3774 2226 consi-

2197 2251 2324 2307 dera
2351 2266 2588 2309 nostram
2618 2265 2886 2325 naturam,
2912 2269 2964 2314 et
2993 2259 3134 2315 unde
3154 2269 3399 2326 constet,
3430 2271 3484 2316 et
3508 2264 3778 2333 quomodo

2197 2345 2406 2400 desinat
2429 2366 2442 2401 :
2469 2348 2750 2404 considera
2772 2353 2954 2420 quanti
2987 2352 3079 2416 sis,
3107 2353 3320 2423 quando
3339 2355 3573 2410 dormis:
3599 2372 3777 2412 nonne

2197 2438 2281 2492 vel
2324 2453 2483 2507 parva
2514 2441 2682 2494 bestia
2726 2450 2778 2496 te
2809 2444 3004 2512 poterit
3048 2444 3350 2502 interficere
3375 2447 3399 2500 ?
3424 2447 3600 2503 Multis
3633 2451 3774 2504 enim

2198 2543 2341 2597 smpe
2359 2544 2390 2583 e
2411 2538 2552 2584 tecto
2578 2530 2850 2601 delapsum
2874 2549 3100 2602 parvum
3124 2537 3521 2602 animalculum,
3541 2541 3625 2596 vel
3649 2555 3778 2594 ocu-

2199 2619 2307 2672 lum
2362 2621 2591 2687 ademit,
2638 2632 2730 2678 aut
2755 2625 2979 2680 alterius
3008 2627 3228 2696 periculi
3269 2643 3431 2685 causa
3475 2629 3594 2685 fuit.
3640 2632 3776 2697 Quid

2195 2727 2324 2766 vero
2348 2713 2371 2765 ?
2396 2729 2573 2768 annon
2597 2729 2657 2769 es
2686 2713 2904 2771 inferior
2929 2718 3178 2774 omnibus
3206 2719 3391 2775 bestiis
3418 2722 3441 2774 ’ἒ
3495 2721 3599 2777 Sed
3639 2724 3767 2792 quid

2198 2803 2332 2859 dicis
2357 2805 2380 2858 ?
2409 2814 2460 2860 te
2502 2806 2581 2860 eis
2609 2816 2865 2876 praestare
2910 2809 3162 2865 ratione?
3193 2813 3263 2866 At
3301 2827 3429 2868 ecce
3467 2828 3573 2868 non
3600 2829 3659 2870 es
3685 2831 3774 2870 ra-

2200 2897 2342 2950 tione
2373 2896 2629 2965 prarditus
2664 2915 2679 2952 :
2709 2901 2961 2969 egestatis
2981 2901 3124 2956 enim
3155 2902 3378 2958 rationis
3405 2918 3776 2975 argumentum

2199 2997 2283 3041 est
2311 2989 2581 3057 superbia.
2612 2989 2719 3045 Sed
2740 2990 2808 3046 de
2824 3006 3078 3061 quonam,
3100 2997 3534 3064 quaiso,omnino
3547 2997 3775 3062 eﬁ'erris,

2198 3090 2252 3134 et
2285 3082 2377 3136 tibi
2401 3082 2616 3151 places?
2643 3093 2861 3154 propter
2884 3084 3078 3140 bonam
3105 3088 3349 3157 corporis
3376 3089 3738 3146 habitudinem
3755 3097 3783 3147 ’ρ

2199 3171 2295 3228 sed
2323 3173 2477 3228 bruta
2505 3173 2604 3229 hac
2635 3175 2687 3228 in
2732 3190 2792 3231 re
2835 3176 3066 3246 palmam
3095 3176 3310 3246 ferunt,
3343 3181 3616 3236 victoriam
3645 3197 3780 3236 con-

2199 3273 2443 3334 sequuta.
2472 3265 2586 3321 Hoc
2613 3266 2773 3320 etiam
2801 3267 3118 3322 observatur
3139 3269 3280 3339 apud
3311 3269 3546 3327 latrones
3569 3287 3632 3328 ac
3658 3289 3781 3341 par-

2201 3358 2395 3412 ricidas
2439 3368 2494 3414 et
2535 3359 2908 3429 sepulcrorum
2962 3360 3270 3418 effossores.
3312 3364 3382 3417 At
3428 3363 3498 3419 ob
3546 3365 3780 3433 pruden-

2201 3451 2328 3504 tiatn
2358 3452 2382 3504 ?
2409 3451 2516 3506 Sed
2568 3460 2784 3506 nonest
2830 3451 3133 3523 prudentia:
3158 3494 3175 3521 ,
3224 3455 3551 3512 insolescere
3594 3467 3646 3511 et
3675 3458 3780 3512 sibi

2201 3543 2433 3613 placere.
2466 3543 2578 3598 Hoc
2606 3543 2822 3612 quidem
2867 3553 3014 3600 certe
3065 3546 3238 3616 primo
3265 3557 3318 3601 te
3349 3547 3554 3616 privas.
3588 3557 3643 3602 ut
3671 3565 3780 3603 non

2201 3635 2274 3718 sis
2303 3634 2559 3704 prudens.
2591 3635 2948 3690 Cohibeamus
2971 3651 3102 3706 ergo
3129 3637 3419 3692 insolentes
3441 3648 3652 3694 nostros
3673 3643 3782 3709 Spi-

2199 3727 2334 3780 ritus
2358 3735 2412 3781 et
2437 3725 2741 3796 superbiam
2770 3743 2785 3782 :
2817 3727 2985 3783 simus
3015 3728 3242 3784 modesti
3280 3739 3334 3785 et
3375 3730 3610 3785 humiles
3631 3773 3647 3798 ,
3675 3734 3780 3785 mi-

2201 3827 2387 3888 tesque
2414 3827 2465 3874 et
2492 3819 2686 3889 placidi
2710 3835 2725 3885 ;
2748 3833 2842 3874 eos
2863 3821 3006 3874 enim
3037 3836 3146 3890 prae
3175 3823 3425 3878 omnibus
3445 3824 3630 3879 beatos
3655 3840 3784 3894 pro-

2201 3911 2461 3964 nuntiavit
2481 3909 2749 3975 Christus,
2780 3910 2986 3973 dicens,
3016 3910 3160 3966 Beati
3182 3929 3428 3984 pauperes
3453 3915 3672 3984 spiritu;
3727 3925 3785 3972 et

2201 4017 2386 4058 rursus
2415 4003 2680 4057 clamabat
2704 4003 2892 4059 dicens
2910 4045 2926 4068 ,
2957 4003 3151 4059 Discite
3181 4022 3214 4059 a
3234 4022 3314 4060 me
3333 4046 3350 4072 ,
3381 4009 3620 4076 quoniam
3645 4009 3783 4063 mitis

2199 4110 2312 4147 sum
2341 4104 2388 4148 et
2428 4094 2634 4148 humilis
2662 4095 2813 4148 corde
2845 4094 2865 4164 (
2895 4093 3082 4150 Matth.
3115 4097 3168 4152 5.
3198 4098 3249 4153 5.
3280 4107 3328 4152 et
3358 4099 3442 4154 Η.
3473 4099 3544 4154 29
3571 4101 3614 4170 ).
3647 4100 3781 4154 Pro-

2202 4195 2384 4255 pterea
2404 4187 2567 4256 pedes
2593 4187 2720 4242 lavit
2744 4186 3148 4258 discipulorum,
3172 4191 3326 4246 nobis
3342 4193 3589 4261 prazbens
3609 4209 3785 4247 exem-

2204 4277 2348 4348 plum
2374 4278 2709 4332 humilitatis.
2735 4278 2819 4333 Ab
2841 4294 2908 4335 eo
2933 4282 3110 4335 omnia
3139 4282 3551 4350 lucrifaciamus,
3583 4295 3639 4339 ut
3659 4301 3785 4354 pos-

2203 4369 2370 4423 simus
2397 4369 2611 4440 assequi
2644 4369 2780 4424 bona
2811 4372 3072 4442 promissa
3102 4375 3168 4429 iis
3193 4377 3284 4444 qui
3316 4376 3490 4444 ipsum
3515 4377 3742 4445 diligunt
3765 4419 3783 4444 ,

2203 4463 2370 4532 gratia
2397 4472 2453 4517 et
2480 4463 2805 4534 benignitate
2825 4505 2838 4528 ,
2869 4475 2973 4519 etc.

1970 4669 2317 4731 HOMILIA
2351 4669 2430 4732 Π.

513 4805 644 4859 CAP.
687 4801 738 4852 1.
771 4815 821 4852 v.
849 4799 900 4851 1.
955 4796 1150 4850 Paulus
1176 4804 1222 4848 et
1253 4793 1494 4850 Silvanus
1519 4805 1563 4848 et
1602 4793 1893 4848 Timotheus
1922 4791 2101 4848 Eccle-

588 4893 677 4945 sia
707 4888 1233 4943 Tltessalonicensium
1277 4888 1331 4940 in
1362 4885 1471 4939 Deo
1504 4884 1664 4939 Patre
1700 4895 1872 4939 nostra
1910 4895 1956 4938 et
1992 4883 2101 4938 Do-

591 4985 728 5036 mino
753 4982 879 5034 Jesu
927 4980 1124 5034 Christo
1151 4995 1168 5033 :
1195 4980 1250 5032 2.
1305 4979 1473 5049 gratia
1503 4977 1639 5030 vobis
1691 4987 1738 5032 et
1776 4993 1880 5047 pax
1922 4993 1955 5030 a
1991 4975 2100 5032 Deo

589 5074 748 5128 Patre
767 5081 937 5125 nostra
961 5081 1006 5124 et
1036 5071 1255 5124 Domino
1283 5069 1408 5124 Jesu
1439 5067 1660 5122 Christo.

592 5169 642 5221 1.
686 5163 908 5219 Plurimi
951 5163 1197 5218 homines
1224 5162 1355 5221 nihil
1384 5176 1487 5215 non
1513 5169 1677 5230 agunt
1700 5169 1754 5215 et
1779 5161 2095 5228 moliuntur,

520 5269 577 5312 ut
602 5269 655 5312 et
684 5256 822 5326 apud
864 5256 1205 5326 magistratus
1232 5263 1286 5308 et
1312 5269 1406 5308 eos
1432 5254 1521 5322 qui
1551 5262 1675 5306 sunt
1714 5252 1847 5322 ipsis
1873 5253 2104 5321 majores

519 5354 692 5421 aliqua
721 5351 934 5404 valeant
955 5348 1145 5418 gratia,
1173 5355 1227 5402 et
1264 5361 1512 5415 magnum
1544 5345 1646 5400 hoc
1673 5361 1791 5400 esse
1817 5345 2017 5398 ducunt
2043 5359 2106 5398 ac

515 5447 706 5500 beatos
729 5457 788 5496 se
813 5456 932 5495 esse
962 5441 1286 5502 existimant,
1338 5439 1382 5491 si
1431 5436 1482 5491 id
1521 5438 1836 5508 consequuti
1883 5437 2103 5502 fuerint,

519 5535 670 5604 cujus
693 5534 867 5588 studio
899 5541 1164 5587 tenentur.
1197 5530 1252 5586 Si
1281 5540 1457 5584 autem
1495 5530 1719 5600 gratiam
1749 5528 1890 5599 apud
1926 5528 2102 5582 homi-

520 5643 619 5681 nes
644 5627 896 5695 consequi
924 5634 1007 5679 est
1032 5624 1165 5678 adeo
1193 5638 1462 5693 magnum,
1495 5637 1525 5676 a
1557 5623 1666 5677 Deo
1695 5623 1923 5692 gratiam
1954 5622 2103 5677 inve-

522 5716 639 5770 nire
697 5725 950 5785 quantum
1013 5714 1208 5769 fuerit?
1263 5711 1548 5783 Propterea
1588 5713 1690 5768 hoc
1737 5729 1950 5785 semper
1992 5728 2104 5769 sua:

520 5807 784 5877 praeponit
809 5807 1067 5877 epistohn,
1098 5819 1150 5861 et
1179 5809 1281 5862 hoc
1313 5817 1579 5877 precatur,
1613 5815 1667 5860 ut
1690 5806 1781 5876 qui
1807 5807 1941 5861 sciat
1964 5806 2105 5877 quod

2205 4793 2249 4847 si
2273 4791 2375 4847 hoc
2401 4793 2490 4858 sit,
2522 4794 2589 4847 de
2615 4801 2812 4847 caetero
2835 4794 2964 4846 nihil
2994 4796 3094 4847 erit
3122 4799 3426 4862 molestum,
3458 4798 3554 4852 sed
3575 4796 3790 4850 Solven-

2205 4896 2291 4940 tur
2312 4887 2487 4940 omnia
2517 4901 2866 4956 quaecumque
2897 4887 3093 4942 fuerint
3127 4890 3304 4958 gravia
3344 4898 3398 4944 et
3425 4889 3686 4944 difficilia.
3722 4892 3787 4944 Et

2207 4985 2262 5031 ut
2289 4976 2391 5031 hoc
2414 4976 2636 5031 discatis
2665 4993 2680 5029 :
2708 4975 2906 5047 Joseph
2934 4988 3050 5031 erat
3075 4993 3281 5044 servus,
3305 4978 3537 5048 juvenis,
3565 4979 3787 5047 imperi-

2208 5080 2292 5125 tus
2320 5080 2374 5126 et
2406 5070 2674 5140 simplex:
2721 5079 2777 5124 et
2817 5080 3039 5142 repente
3069 5071 3119 5125 ei
3172 5071 3270 5124 fuit
3309 5071 3553 5125 mandata
3598 5072 3790 5125 domus

2205 5160 2623 5224 administratio,
2655 5170 2709 5216 et
2741 5161 2856 5217 viro
2882 5162 3132 5234 Egyptio
3173 5178 3360 5218 eorum
3405 5179 3522 5233 qua:
3567 5164 3793 5234 gerebat

2207 5252 2465 5308 reddebat
2491 5255 2776 5308 rationem.
2812 5253 2970 5309 Scitis
2999 5263 3175 5308 autem
3216 5269 3375 5322 quam
3414 5255 3480 5308 sit
3527 5269 3657 5324 gens
3701 5255 3791 5308 illa

2208 5361 2415 5401 summe
2442 5347 2507 5401 ad
2541 5349 2672 5401 iram
2704 5348 2973 5417 proclivis,
3006 5357 3060 5402 et
3097 5363 3218 5416 qua:
3261 5345 3479 5400 minime
3506 5347 3739 5416 ignoscat
3781 5367 3795 5400 :

2208 5450 2329 5490 cum
2361 5446 2537 5491 autem
2566 5439 2854 5492 accesserit
2883 5437 3042 5492 etiam
3084 5437 3409 5507 principatus
3434 5445 3490 5490 et
3529 5445 3790 5505 potestas,

2209 5528 2382 5596 major
2400 5537 2483 5583 est
2521 5530 2598 5583 ira
2624 5545 2744 5599 qua:
2779 5529 3036 5583 excitatur
3063 5544 3090 5581 a
3122 5537 3404 5598 potestate.
3447 5528 3793 5596 Perspicuum

2211 5629 2390 5676 autem
2433 5620 2534 5675 hoc
2561 5631 2643 5676 est
2669 5621 2752 5675 vel
2797 5621 2956 5676 exiis
2997 5635 3116 5690 qua:
3155 5620 3282 5675 fecit
3309 5629 3521 5690 postea.
3567 5619 3794 5673 Domina

2211 5713 2354 5767 enim
2381 5723 2666 5767 accusante
2707 5727 2894 5782 passus
2933 5720 3034 5767 est.
3066 5712 3224 5782 Atqui
3266 5726 3450 5767 eorum
3499 5725 3603 5764 non
3652 5721 3795 5773 erat,

2210 5809 2300 5881 qui
2359 5809 2611 5865 tenebant
2664 5807 3002 5873 vestimenta,
3043 5808 3148 5861 vim
3205 5803 3333 5876 pati,
3387 5803 3482 5858 sed
3539 5805 3660 5872 ejus
3708 5809 3805 5875 qui
