4112 6398
372 421 501 483 Υἰὸς
533 420 625 474 τοῦ
652 421 786 476 Θεοῦ
814 423 1068 479 τοσοῦτον
1088 425 1635 499 ἐταπεινοφρόνησεν,
1664 427 1766 481 οὑκ
1804 426 1957 482 ἐπαί-

372 521 528 575 ρεται
556 519 571 534 °
601 506 630 558 ό
664 506 721 558 δὲ
758 506 933 560 ταῦτα
970 508 1045 578 μὴ
1081 508 1258 574 εἰδὼς,
1292 509 1619 579 ἐπαίρεται·
1651 511 1789 582 πρὸς
1822 512 1958 567 ἀπό-

370 588 652 667 νοιανῌγάρ
678 588 888 661 ἀλείφει
922 592 955 662 ἡ
988 592 1359 663 ὑπερηφανία.
1398 594 1535 648 Εἰπέ
1564 595 1675 667 γάρ
1714 612 1827 667 μοι,
1862 596 1959 648 πό·

370 669 464 723 θεν
490 664 637 724 οὑτοι
665 673 716 724 οἰ
743 673 843 744 τὴν
872 673 1200 745 Ἐκκλησίαν
1230 676 1597 748 πολεμοῦντές
1620 664 1787 747 φασιν
1819 678 1957 732 εἰδέ-

368 770 459 806 ναι
475 755 566 807 τὸν
581 754 747 823 Θεόν;
784 757 905 827 οὑχὶ
929 758 1038 812 ἀπὸ
1069 759 1329 824 ἀπονοίας
1353 777 1368 825 ;
1412 761 1545 815 Ἰδοὺ
1567 762 1631 815 τὸ
1655 762 1730 834 μὴ
1758 763 1956 816 εἰδέναι

367 840 460 891 τὸν
496 837 721 909 Κύριον,
770 841 852 903 εἰς
884 835 995 893 οἷον
1047 842 1295 913 κρημνὸν
1350 844 1548 908 αὑτοὺς
1582 845 1857 899 ἐνέϐαλεν.
1895 847 1958 899 EE

368 920 478 991 γάρ
500 921 717 991 πνεῦμα
736 926 1201 995 συντετριμμένον
1224 925 1253 976 ὁ
1283 926 1417 991 Θεὸς
1448 928 1615 996 φιλεῖ,
1644 928 1708 983 ἐκ
1732 931 1956 983 τοὺνανο

368 1007 485 1059 τίου
519 1007 892 1078 ὑπερηφάνοις
908 1009 1310 1074 ἀντιτάσσεται,
1339 1011 1435 1063 καὶ
1475 1016 1755 1076 ταπεινοῖς
1774 1013 1958 1067 δίδωσι

370 1090 550 1159 χάριν.
588 1091 755 1144 Οὐδὲν
784 1087 877 1144 οὑν
916 1092 1298 1163 ὑπερηφανίας
1339 1094 1453 1147 ίσον
1479 1094 1681 1148 κακόν·
1727 1095 1958 1167 δαίμονα

368 1176 461 1225 τὸν
490 1173 775 1245 ἄνθρωπον
816 1174 1212 1246 ἀπεργάζεται,
1272 1176 1554 1247 ὑϐριστὴν,
1612 1178 1955 1252 βλάσφημον,

370 1262 647 1330 ἐπίορκον,
666 1259 913 1313 θανάτων
936 1262 1081 1313 ποιεῖ
1106 1260 1202 1314 καὶ
1224 1260 1400 1329 φόνων
1420 1261 1685 1331 ἐφίεσθαι.
1711 1263 1771 1318 '0
1789 1265 1959 1335 ὑπερ-

370 1345 576 1414 ήφανος
607 1342 695 1395 ἀεὶ
724 1342 924 1407 λύπαις
965 1342 1123 1414 συζῇ,
1152 1344 1240 1396 ἀεὶ
1291 1344 1614 1412 ἀγανακτεῖ,
1642 1345 1730 1399 ἀεὶ
1761 1345 1920 1400 ἀλύει
1940 1364 1955 1378 ·

369 1428 521 1480 οὐδέν
550 1427 718 1492 ἐστιν,
745 1426 774 1479 ὃ
819 1428 881 1480 τὸ
908 1426 1081 1490 πάθος
1110 1425 1277 1482 αὑτοῦ
1313 1427 1540 1499 κορέσαι
1566 1427 1790 1482 δύναται
1814 1446 1831 1459 ’
1855 1429 1959 1485 κᾶν

368 1513 459 1563 τὸν
487 1508 712 1578 βασιλέα
739 1509 826 1582 ἴδῃ
861 1510 1245 1565 ὑποκύπτοντα
1270 1511 1365 1564 καὶ
1400 1512 1829 1582 προσκυνοῦντα,
1859 1516 1961 1569 οὑκ

371 1593 520 1667 [515]
549 1595 836 1666 ἐκορέσθη,
871 1597 1010 1652 ἀλλά
1057 1595 1260 1666 μᾶλλον
1283 1595 1517 1669 ἐξήφθη.
1544 1599 1815 1671 Καθάπερ
1848 1600 1958 1671 γάρ

369 1688 419 1739 οἰ
477 1686 811 1756 φιλάργυροι
854 1681 979 1734 ὅσον
1026 1680 1093 1735 ἂν
1132 1683 1363 1751 λάϐωσι,
1396 1684 1652 1739 τοσοῦτον
1695 1684 1960 1738 πλειόνων

368 1770 579 1823 δέονται
602 1785 617 1798 ·
653 1765 795 1820 οὑτω
821 1765 915 1819 καὶ
939 1766 987 1818 οἰ
1011 1766 1457 1840 ἀπονενοημένοι,
1480 1769 1614 1840 ὅσης
1634 1766 1701 1822 ἂν
1720 1768 1960 1822 ἀπολαύ-

371 1871 506 1907 σωσι
540 1853 727 1921 τιμῆς,
757 1850 997 1921 τοσούτῳ
1034 1851 1282 1916 πλείονος
1311 1852 1675 1924 ἐπιθυμοῦσιν
1695 1869 1711 1885 ⁸
1737 1853 1960 1919 αὒξεται

368 1939 477 2008 γὰρ
502 1939 685 2001 αὐτοῖς
717 1937 777 1990 τὸ
800 1936 972 1999 πάθος
998 1936 1194 2006 (πάθος
1223 1938 1333 2009 γάρ
1361 1937 1526 2008 ἐστι),
1555 1939 1728 2003 πάθος
1746 1939 1803 1993 δὲ
1833 1940 1960 2011 ὅρον

368 2022 471 2075 οὐκ
516 2018 676 2087 οἶδεν,
710 2020 846 2074 ἀλλά
895 2020 1017 2074 τότε
1056 2021 1295 2086 ἵσταται,
1342 2022 1471 2078 ὅταν
1515 2023 1812 2095 ἀποκτείνῃ
1866 2022 1959 2077 τὸν

369 2106 581 2177 έχοντα.
615 2105 726 2175 Οὑχ
760 2106 895 2176 ὁρᾷς
926 2105 1054 2169 τοὺς
1112 2106 1434 2178 μεθύοντας,
1477 2108 1561 2162 ὅτι
1600 2109 1688 2161 ἀεὶ
1726 2108 1955 2178 διψῶσι;

371 2190 545 2253 πάθος
567 2191 676 2261 γάρ
701 2192 875 2247 ἐστιν.
897 2190 958 2243 οὑ
995 2189 1211 2260 φύσεως
1233 2190 1525 2263 ἐπιθυμία,
1549 2191 1851 2255 ἀλλάνόσος
1873 2209 1960 2257 τις

366 2270 798 2343 διεστραμμένη.
845 2274 958 2343 Οὑχ
980 2272 1117 2345 ὁρᾷς
1143 2273 1237 2339 οὓς
1270 2273 1499 2329 καλοῦσι
1530 2274 1956 2347 βουλιμιῶντας,

369 2355 454 2409 ὅτι
482 2355 572 2409 ἀεὶ
600 2356 867 2424 πεινῶσι;
906 2357 1076 2420 πάθος
1100 2360 1208 2429 γάρ
1228 2360 1399 2426 ἐστιν,
1426 2358 1504 2422 ὥς
1537 2376 1707 2429 φασιν
1756 2358 1958 2433 ἰατρῶν

370 2439 581 2506 παῖδες,
615 2439 832 2507 ἐξελθὸν
874 2439 978 2511 ἡδη
1007 2441 1107 2511 τῆς
1155 2440 1370 2510 φύσεως
1410 2444 1538 2505 τοὺς
1589 2443 1770 2513 ὅρους.
1802 2441 1958 2497 Οὕτω

369 2524 466 2577 καὶ
485 2524 534 2576 οἰ
564 2523 1019 2595 πολυπράγμονες
1032 2524 1129 2578 καὶ
1151 2524 1455 2597 περίεργοι,
1474 2526 1576 2579 ὅσα
1595 2526 1661 2580 ἂν
1690 2526 1954 2595 μάθωσιν,

370 2608 471 2677 οὑχ
495 2606 746 2662 ἵστανται
766 2624 780 2638 ·
817 2607 991 2672 πάθος
1016 2609 1122 2679 γάρ
1162 2609 1300 2675 ἐστι,
1323 2610 1418 2663 καὶ
1447 2612 1575 2682 ὅρον
1601 2611 1702 2664 οὑκ
1726 2610 1861 2680 ἔχει.
1893 2612 1958 2664 Oi

368 2692 649 2764 πορνείαις
682 2693 966 2765 χαίροντες
993 2692 1175 2758 πάλιν,
1211 2694 1333 2748 οὑδέ
1352 2696 1508 2749 αὑτοὶ
1528 2696 1775 2749 ἵστανται
1792 2696 1809 2766 (
1826 2696 1958 2751 Ἀν-

368 2774 578 2843 θρώπῳ
607 2778 740 2847 γὰρ,
776 2777 934 2848 φησὶ,
961 2780 1162 2848 πόρνῳ
1198 2776 1317 2845 πᾶς
1344 2778 1524 2847 ἄρτος
1556 2780 1710 2849 ἡδύς
1735 2793 1749 2808 ·
1784 2781 1845 2834 οὑ
1881 2781 1957 2854 μὴ

369 2860 668 2929 παύσηται,
732 2861 839 2919 ’ἕως
885 2862 953 2915 ἂν
1004 2862 1316 2934 καταποθῇ)
1347 2880 1361 2894 ο
1416 2864 1591 2928 πάθος
1637 2865 1747 2936 γάρ
1785 2866 1952 2920 ἐστιν.

381 2943 542 2998 Ἀλλά
568 2943 715 3017 πάθη
746 2946 847 3017 μέν
868 2947 984 2999 ἐστι
1028 2945 1222 3010 ταῦτα,
1259 2948 1320 3000 οὑ
1354 2947 1537 3017 μέντοι
1565 2949 1781 3012 ἀνίατα,
1819 2949 1957 3003 ἀλλὰ

368 3027 561 3098 ἔχοντα
585 3028 750 3094 ίασιν,
776 3030 871 3082 καὶ
892 3029 1073 3101 πολλῷ
1112 3030 1335 3101 μᾶλλον,
1366 3031 1400 3102 ἢ
1425 3033 1495 3086 τά
1525 3032 1845 3103 σωματικά·
1890 3032 1957 3086 ἂν

368 3121 482 3185 γάρ
515 3114 783 3187 θέλωμεν,
817 3117 1096 3188 δυνάμεθα
1130 3119 1270 3172 αὑτά
1295 3118 1509 3174 σϐέσαι.
1536 3120 1661 3183 Πῶς
1692 3116 1784 3174 οῦν
1810 3122 1958 3173 ἐστιν

369 3197 628 3251 ἀπόνοιαν
675 3197 905 3262 σϐέσαις
941 3199 1048 3251 Τὸν
1091 3198 1225 3252 Θεὸν
1254 3201 1567 3268 ἐπιγνόντα.
1611 3201 1672 3253 Εἰ
1711 3201 1822 3272 γάρ
1850 3201 1959 3254 ἀπὸ

367 3278 463 3331 τοῦ
497 3281 571 3351 μὴ
611 3281 813 3334 εἰδέναι
842 3280 933 3334 τὸν
958 3282 1093 3335 Θεὸν
1119 3282 1353 3351 γίνεται,
1388 3284 1484 3337 ἐὰν
1531 3284 1750 3355 γνῶμεν
1771 3284 1957 3350 αὑτὸν,

368 3363 732 3419 ἀπελαύνεται
761 3367 910 3419 πᾶσα
946 3366 1195 3421 ἀπόνοια.
1242 3368 1528 3439 Ἐννόησον
1566 3369 1664 3440 τὴν
1710 3368 1956 3437 γέενναν,

370 3446 621 3516 ἐννόησον
655 3448 779 3511 τοὺς
843 3448 1024 3520 πολλῷ
1058 3449 1301 3521 βελτίους
1343 3469 1462 3518 σου,
1511 3454 1764 3523 ἐννόησον
1821 3454 1958 3506 ὅσων

367 3529 603 3597 ὀφείλεις
630 3531 708 3603 τῷ
734 3531 853 3603 Θεῷ
882 3533 1039 3598 δίκας
1064 3551 1078 3564 '
1123 3535 1190 3589 ἂν
1220 3534 1394 3589 ταῦτα
1434 3537 1717 3609 ἐννοήσῃς,
1748 3537 1959 3607 ταχέως

371 3614 714 3680 συνέστειλας
760 3616 860 3688 τὴν
917 3617 1179 3680 διάνοιαν,
1255 3620 1470 3690 ταχέως
1534 3622 1705 3691 αὑτὴν
1780 3620 1957 3691 ἐκαμ·

367 3697 497 3765 ψας.

453 3783 594 3837 Ἀλλ’
621 3785 684 3837 οὑ
723 3783 1142 3840 δύνασαιταῦτα
1164 3785 1427 3855 ποιῆσαις
1460 3786 1850 3864 ἀσθενέστερος
1878 3786 1955 3858 εἷς

380 3865 664 3943 Ἐννόησον
682 3867 752 3920 τά
782 3869 1050 3939 παρόντα,
1083 3870 1252 3939 αὑτὴν
1282 3870 1382 3941 τὴν
1404 3871 1752 3949 ἀνθρωπίνην
1774 3873 1956 3943 φύσιν,

370 3950 490 4013 πῶς
519 3951 674 4005 οὑδὲν
711 3952 1017 4024 ἄνθρωπος.
1045 3954 1214 4009 Ὅταν
1254 3954 1372 4028 ἴδῃς
1399 3956 1593 4025 νεκρὸν
1640 3959 1726 4010 ἐπ’
1753 3958 1960 4029 ἀγορᾶς

372 4034 693 4106 φερόμενον,
753 4038 945 4099 παῖδας
975 4040 1244 4108 ὀρφανοὺς
1271 4041 1723 4107 ἀκολουθοῦντας,
1780 4045 1960 4115 χήραν

371 4122 604 4186 γυναῖκα
621 4138 929 4176 κατακοπτο
935 4124 1125 4196 μένην,
1142 4125 1359 4188 οἰκέτας
1371 4125 1752 4198 ὀδυρομένους,
1768 4130 1957 4197 φίλους

373 4204 777 4274 κατηφιῶντας,
825 4206 1039 4276 λόγισαι
1073 4209 1136 4262 τὸ
1177 4209 1468 4282 οὑδαμινὸν
1514 4211 1619 4264 τῶν
1669 4212 1960 4283 παρόντων

1261 309 1320 367 IN
1355 309 1575 368 EPIST.
1617 310 1663 367 ιι
1693 310 1786 366 Al)
1822 307 2159 369 TIIESSAL.
2200 309 2355 367 CAP.
2396 310 2441 369 ι.
2501 293 2737 369 ιιοιίιι..
2770 312 2835 369 ιι.

3551 304 3655 361 ιη

2062 428 2429 499 πραγμάτων,
2455 430 2553 483 καὶ
2583 429 2668 484 ὅτι
2696 431 2854 494 σκιᾶς
2897 428 2993 481 καὶ
3022 422 3322 497 ὀνειράτων
3372 420 3527 476 οὑδέν
3566 420 3651 474 δι-

2060 512 2336 583 ενήνοχεν.
2355 512 2496 566 Ἀλλ’
2526 515 2589 567 οὑ
2620 512 2802 583 βούλει
2830 510 3027 577 τοῦτο;
3061 508 3347 578 Ἐννόησον
3367 507 3494 569 τοὺς
3512 505 3657 559 πάνυ

2061 594 2449 660 πλουτοῦντας,
2473 597 2601 659 τοὺς
2622 597 2680 648 ἐν
2703 594 2964 665 πολέμοις
2986 590 3399 663 ἀπολλυμένους
3436 587 3657 647 ἀπλῶς⁶

2059 676 2157 740 τὰς
2181 678 2360 742 οἰκίας
2382 678 2711 750 περισκόπει
2736 678 2838 742 τὰς
2872 676 2983 731 τῶν
3018 677 3272 747 μεγάλων
3297 672 3394 728 καὶ
3422 688 3661 741 περιφα-

2059 761 2188 826 νῶν,
2239 764 2335 816 καὶ
2367 763 2464 816 νῦν
2519 763 2604 827 εἰς
2656 763 2854 833 ἔδαφος
2913 758 3367 831 κατενεχθείσας·
3403 757 3660 825 ἐννόησον

2059 845 2205 898 πόσα
2235 844 2479 917 ἴσχυσαν,
2508 845 2603 899 καί⁹
2648 844 2745 898 νῦν
2789 844 2915 899 οὑδέ
2949 845 3138 916 μνήμη
3169 841 3350 895 αὑτῶν
3378 838 3660 893 ὑπολέλει-

2060 945 2213 983 πται.
2237 929 2381 983 Καθ’
2402 929 2644 1001 ἐκάστην
2671 929 2781 1000 γὰρ
2798 929 3036 1000 ἡμέραν,
3066 930 3116 982 εἰ
3146 926 3348 997 βούλει,
3381 925 3659 995 εὑρίσκεις

2058 1013 2265 1067 τούτων
2296 1013 2681 1083 ὑποδείγματα
2705 1031 2720 1046 ο
2756 1013 3008 1084 διαδοχὰς
3031 1012 3334 1084 ἀρχόντων,
3363 1008 3659 1080 δημεύσεις

2060 1096 2458 1154 πλουτούντων,
2504 1097 2733 1153 Πολλοὶ
2758 1097 3044 1167 τύραννοι
3071 1094 3369 1150 ἐκάθισαν
3402 1093 3496 1147 ἐπ’
3524 1091 3661 1147 ἐδά-

2059 1200 2236 1251 φους,
2261 1184 2295 1236 ό
2322 1182 2393 1235 δὲ
2425 1184 2848 1250 ἁνυπογόητος
2872 1182 3133 1252 ἑφόρεσε
3159 1178 3441 1249 διάδημα.
3472 1175 3660 1232 Ταῦτα

2026 1261 2182 1336 ⁸οὑχὶ
2211 1265 2336 1319 καθ’
2361 1266 2603 1338 ἑκάστην
2640 1266 2859 1338 ἡμέραν
2892 1265 3134 1334 γίνεται;
3174 1263 3297 1334 οὐχὶ
3328 1261 3510 1333 τροχῷ
3547 1259 3659 1313 τινὶ

2057 1350 2126 1403 τὰ
2149 1348 2397 1421 ἡμέτερα
2415 1349 2625 1417 έοικεν;
2669 1349 2995 1418 Ἀνάγνωθι,
3020 1350 3070 1403 εἰ
3103 1346 3304 1420 βούλει,
3323 1345 3421 1399 καὶ
3434 1347 3505 1399 τά
3522 1342 3656 1416 παρ’

2059 1434 2210 1503 ἡμῖν,
2230 1433 2405 1487 καί.τά
2429 1432 2631 1500 ἔξωθεν
2657 1432 2902 1504 (καὶγὰρ
2930 1434 3025 1486 καὶ
3051 1433 3236 1486 ἐκεῖνα
3262 1430 3426 1501 γέμει
3448 1427 3657 1481 τούτων

2058 1514 2167 1569 τῶν
2196 1516 2706 1588 παραδειγμάτων),
2758 1518 2809 1570 εἰ
2840 1517 2951 1569 τῶν
2978 1515 3265 1588 ἡμετέρων
3291 1514 3657 1584 καταφρονεῖς

2058 1600 2121 1665 ἐξ
2152 1601 2383 1665 ἀπονίας
2407 1617 2422 1631 ·
2471 1603 2522 1655 εἰ
2574 1601 2646 1655 τά
2677 1601 2786 1656 τῶν
2836 1602 3143 1671 φιλοσόφων
3181 1597 3505 1671 θαυμάζεις,
3552 1596 3658 1650 κᾶν

2061 1684 2270 1750 τούτοις
2297 1685 2518 1756 πρόσιθι
2542 1702 2557 1715 ·
2596 1685 2797 1739 ἐκεῖνοί
2827 1702 2886 1739 σε
2908 1685 3201 1752 διδάξουσι,
3234 1682 3522 1755 συμφοράς
3546 1697 3657 1734 πα-

2059 1767 2219 1832 λαιάς
2263 1768 2633 1840 διηγούμενοι,
2683 1770 2778 1823 καὶ
2820 1769 3067 1840 ποιηταὶ,
3120 1770 3215 1823 καὶ
3260 1769 3511 1840 ῥήτορες,
3560 1765 3657 1819 καὶ

2061 1853 2336 1922 σοφισταὶ,
2350 1853 2444 1906 καὶ
2459 1852 2793 1924 λογογράφοι
2813 1853 3036 1916 πάντες.
3066 1852 3337 1906 Πάντοθεν
3351 1850 3652 1922 εὑρίσκεις,

2058 1937 2108 1989 εἰ
2136 1935 2340 2006 βούλει,
2361 1937 2427 1990 τὰ
2446 1937 2844 2008 ὑποδείγματα.
2877 1938 2940 1991 Εἰ
2957 1937 3015 1991 δὲ
3046 1936 3212 2008 μηδὲν
3228 1935 3436 1989 τούτων
3452 1934 3651 1999 θέλεις,

2059 2020 2232 2091 αὑτὴν
2249 2019 2571 2088 ἀναλὸγισαι
2588 2021 2690 2092 τὴν
2713 2020 2877 2089 φύσιν
2891 2019 2992 2090 τὴν
3016 2020 3311 2091 ἡμετέραν,
3334 2017 3499 2071 πόθεν
3525 2034 3653 2070 συν-

2061 2104 2280 2175 έστηκε,
2310 2104 2408 2156 καὶ
2440 2103 2544 2156 ποῦ
2580 2104 2808 2176 τελευτᾷ
2831 2119 2845 2133 ο
2884 2103 3159 2174 ἐννόησον,
3197 2104 3328 2158 ὅταν
3359 2099 3649 2172 καθεύδῃς,

2058 2188 2203 2253 τίνος
2232 2188 2380 2252 ἄξιος
2410 2182 2462 2241 εῐ
2480 2204 2495 2218 ·
2523 2188 2645 2258 οὐχὶ
2672 2188 2768 2243 καὶ
2794 2186 2855 2241 τὸ
2887 2187 3086 2259 μικρόν
3132 2204 3194 2240 σε
3223 2185 3413 2259 θηρίον
3440 2184 3653 2239 ἀνελεῖν

2056 2271 2385 2343 δυνήσεται;
2418 2270 2643 2334 Πολλοῖς
2685 2270 2797 2342 γάρ
2833 2270 3097 2335 πολλάκις
3150 2270 3261 2324 ἀπὸ
3309 2269 3407 2324 τοῦ
3451 2269 3651 2340 ὀρόφου

2058 2354 2383 2427 κατενεχθέν
2416 2352 2612 2425 μικρὸν
2652 2353 2894 2424 ζωθφιον
2921 2354 2955 2426 ἢ
2990 2355 3082 2407 τὸν
3110 2354 3390 2425 ὀφθαλμὸν
3423 2353 3651 2420 ἐξεῖλεν,

2060 2437 2212 2511 [514]
2238 2439 2272 2509 ἢ
2299 2437 2489 2508 ἐτέρου
2522 2437 2668 2501 τινὸς
2704 2437 2950 2491 κινδύνου
2988 2438 3164 2493 αἰτιον
3214 2437 3425 2507 γέγονε.
3459 2438 3528 2491 Τί
3558 2438 3649 2504 δές

2058 2522 2181 2593 οὑχί
2194 2522 2414 2575 πάντων
2442 2520 2684 2575 ἐλάττων
2704 2515 2758 2574 εἴ
2770 2521 2876 2574 τῶν
2898 2520 3104 2593 θηρίων
3123 2538 3138 2589 ;
3184 2520 3345 2575 Ἀλλά
3370 2519 3424 2573 τί
3440 2520 3649 2589 λέγειςς

2057 2606 2140 2660 ὅτι
2168 2604 2313 2674 λόγῳ
2337 2606 2589 2676 κρατεῖς;
2621 2604 2761 2658 Ἀλλ’
2780 2604 2889 2658 ἰδοὺ
2910 2604 3069 2674 λόγον
3086 2617 3111 2647 α
3131 2605 3234 2658 οὑκ
3248 2604 3411 2676 έχειςο
3428 2604 3653 2672 ἀλογίας

2057 2689 2168 2761 γὰρ
2199 2690 2234 2760 ἡ
2259 2688 2609 2759 ὑπερηφανία
2634 2688 2958 2760 τεκμήριον.
2994 2688 3117 2742 Ἐπὶ
3142 2688 3327 2742 τίνιδέ
3360 2688 3505 2759 μέγα
3522 2705 3655 2760 φρο-

2059 2777 2191 2839 νεῖς,
2220 2774 2342 2827 εἰπέ
2361 2790 2486 2844 μοι;
2511 2772 2648 2837 ὅλως
2667 2773 2761 2827 ἐπὶ
2785 2772 2968 2845 εὐεξίᾳ
2986 2772 3238 2846 σώματος
3257 2790 3273 2841 ;
3311 2772 3477 2827 Ἀλλά
3500 2776 3655 2845 παρά

2059 2862 2172 2924 τοῖς
2201 2858 2418 2928 ἀλόγοις
2450 2858 2518 2912 τὰ
2552 2858 2866 2929 νικητήρια.
2919 2856 3093 2912 Τοῦτο
3120 2858 3215 2913 καὶ
3251 2858 3404 2929 παρά
3428 2858 3655 2932 λῃσταῖς

2063 2946 2157 2998 καὶ
2185 2944 2533 3015 ἀνδροφόνοις
2556 2944 2652 2997 καὶ
2675 2962 2738 2997 τυ
2746 2943 3077 3015 μδωρύχοις.
3119 2943 3261 2999 Ἀλλ’
3280 2946 3375 2998 ἐπὶ
3398 2945 3613 2998 συνέσει
3633 2962 3650 3012 ;

2074 3028 2212 3082 Ἀλλ’
2244 3028 2346 3081 οὑκ
2374 3027 2491 3080 ἐστι
2522 3026 2792 3091 συνέσεως
2814 3029 2878 3081 τὸ
2907 3029 3053 3099 μέγα
3082 3031 3301 3100 φρονεῖν
3319 3045 3332 3059 ’
3355 3029 3529 3100 τούτῳ
3551 3028 3655 3100 μὲν

2059 3111 2152 3169 οὖν
2174 3110 2377 3184 πρώτῳ
2409 3111 2607 3165 σαυτὸν
2635 3112 2964 3185 ἀποστερεῖς
2994 3112 3090 3168 τοῦ
3121 3114 3375 3182 γενέσθαι
3407 3115 3649 3178 συνετός.

2061 3191 2524 3262 Καταστείλωμεν
2547 3191 2705 3263 ἡμῶν
2734 3193 2804 3248 τά
2840 3195 3187 3265 φρονήματα,
3214 3193 3505 3265 γενώμεθα
3554 3194 3653 3266 μέ-

2060 3294 2203 3347 τριοι
2229 3275 2326 3330 καὶ
2357 3276 2605 3329 ταπεινοὶ
2629 3274 2731 3329 καὶ
2763 3276 3063 3342 ἐπιεικεῖς·
3091 3278 3221 3340 τοὺς
3238 3276 3510 3341 τοιούτους
3541 3278 3655 3350 γὰρ

2061 3360 2169 3430 πρὸ
2207 3360 2428 3414 πάντων
2460 3359 2555 3413 καὶ
2580 3360 2610 3413 ό
2658 3360 2895 3431 Χριστὸς
2929 3361 3240 3431 ἐμακάρισε
3286 3360 3459 3430 λέγων
3478 3377 3493 3394 ·
3524 3366 3653 3417 Ma-

2061 3438 2255 3507 κάριοι
2279 3441 2334 3492 οἰ
2366 3437 2593 3507 πτωχοὶ
2625 3437 2706 3503 τῷ
2731 3440 3029 3509 πνεύματι
3046 3458 3061 3471 ο
3094 3441 3189 3494 καὶ
3218 3440 3379 3494 πάλιν
3404 3440 3533 3494 ἐϐόα
3561 3441 3653 3494 λέ-

2061 3521 2195 3588 γῶν,
2236 3519 2466 3575 Μάθετε
2494 3519 2595 3575 ἀπ’
2615 3520 2767 3591 ἐμοῦ
2790 3521 2880 3576 ὅτι
2900 3522 3091 3591 πρᾶός
3105 3525 3225 3593 εἰμι
3252 3524 3353 3578 καί
3370 3523 3654 3590 ταπεινὸς

2060 3603 2136 3673 τῇ
2165 3603 2408 3673 καρδίᾳ.
2453 3604 2554 3658 Διά
2583 3604 2878 3670 τοῦτοτοὺς
2894 3606 3061 3670 πόδας
3075 3606 3346 3677 ένιψετῶν
3370 3606 3650 3679 μαθητῶν,

2061 3688 2367 3758 ὑπόδειγμα
2381 3688 2639 3760 παρέχων
2659 3688 2763 3759 τῆς
2786 3690 3290 3761 ταπεινοφροσύνης
3317 3692 3471 3760 ἡμῖν.
3518 3689 3655 3743 Ἀπὸ

2060 3769 2269 3825 τούτων
2314 3771 2573 3826 ἁπάντων
2635 3771 2895 3843 κερδᾶναι
2950 3772 3368 3843 σπουδάσωμεν,
3414 3773 3502 3825 ἵνα
3562 3772 3653 3825 δυ-

2062 3853 2316 3924 νηθῶμεν
2388 3856 2665 3925 ἐπιτυχεῖν
2738 3855 2850 3909 τῶν
2924 3855 3355 3926 ἐπηγγελμένων
3429 3855 3653 3925 ἀγαθῶν

2060 3937 2175 3998 τοῖς

2062 4018 2184 4089 πίᾳ.

2262 3936 2553 4004 ἀγαπῶσιν
2641 3937 2828 4003 αὑτὸν,
2910 3939 3092 4009 χάριτι
3176 3940 3273 3993 καὶ
3346 3938 3651 4009 φιλανθρω-

2126 4229 2151 4257 ⁸
2182 4229 2265 4279 Sic
2288 4243 2403 4279 mss.
2428 4229 2560 4280 Εόίιί
2589 4242 2706 4279 vero
2724 4230 2886 4292 λόγου,
2911 4232 3062 4281 male.

1838 4609 2081 4663 ΟΜΙΑΙΛ
2130 4609 2206 4663 B'.

372 4740 622 4825 Παῦλος
638 4742 733 4793 καὶ
774 4741 1108 4825 ξιλουανὸς
1134 4743 1284 4825 .xalA
1294 4746 1567 4825 degsq'
1588 4748 1675 4825 gi
1705 4750 1950 4825 ἰςκκλητ

441 4812 547 4887 σίςι
580 4813 1077 4887 Θεᾳρ-αλιζνιξςέων
1104 4813 1191 4887 ’ἐν
1245 4812 1366 4887 Θεῷ
1425 4812 1812 4887 Πατρϊῆμῶν
1853 4812 1951 4874 κάι

442 4839 547 4877 υιιιι
582 4839 1075 4865 σευυιινλιυνικεων
1120 4839 1191 4867 εν
1245 4839 1366 4881 σεῳ
1425 4839 1611 4884 ιιατρι
1644 4839 1681 4887 η
1728 4839 1812 4871 ων
1853 4839 1950 4874 και

442 4882 881 4962 ιςυρίῳΑἾηφῦ
905 4882 1136 4962 Χριστῴ
1163 4899 1178 4914 °
1203 4884 1379 4962 χάρις
1402 4888 1569 4962 ’ὑμῖν
1597 4839 1950 4962 καίιείρήνη

441 4951 591 5076 dxaéa
630 4951 775 5030 Θεοῦ
826 4952 1057 5021 Πατρός
1104 4951 1293 5023 ἡμῶν
1320 4957 1419 5010 καὶ
1462 4951 1700 5026 ’Κιφίου
1748 4951 1952 5027 ’1ὴάοὗ

490 5038 545 5076 οι
593 5038 720 5074 του.

482 5035 720 5092 ριστου.

338 5132 347 5179 ³
443 5165 515 5214 α’.
543 5160 606 5213 Οἱ
635 5160 853 5225 πλείους
865 5159 972 5214 τῶν
995 5160 1296 5232 ἀνθρώπων
1307 5160 1524 5216 ἅπαντα
1542 5163 1837 5234 πράττουσι
1858 5167 1954 5220 καὶ

376 5243 747 5315 μηχανῶνται.
776 5244 916 5298 ὥστε
949 5245 1046 5298 καὶ
1068 5244 1481 5316 παράἇρχουσι
1533 5251 1626 5301 καὶ
1652 5248 1806 5319 παρὰ
1838 5254 1952 5316 τοῖς

372 5326 552 5380 αὑτῶν
582 5327 789 5399 μείζοσι
831 5328 993 5397 χάριν
1044 5327 1166 5380 τινά
1213 5331 1390 5399 σχεῖν)
1419 5330 1514 5383 καὶ
1543 5331 1684 5401 μέγα
1713 5332 1952 5387 τίθενται

372 5408 550 5475 τοῦτο,
592 5410 684 5462 καὶ¹
726 5410 1031 5481 μακαρίους
1078 5406 1822 5483 ἐαυτοὺςέἷναινομίζουσιν,
1855 5417 1951 5471 ἐὰν

373 5496 669 5565 ἐπιτύχωσι
700 5496 795 5550 τοῦ
814 5496 1273 5568 σπουδαζομὲνου.
1315 5497 1379 5552 Εἰ
1403 5499 1461 5552 δὲ
1487 5500 1548 5554 τὸ
1566 5501 1718 5571 παρά
1741 5503 1951 5575 ἀνθρώ-

375 5596 498 5641 ποις
536 5580 755 5649 χάριτος
787 5583 972 5652 τυχεῖν
1014 5579 1264 5634 τοσοῦτον
1314 5582 1477 5652 μέγα,
1518 5582 1580 5637 τὸ
1626 5586 1777 5657 παρά
1814 5588 1949 5642 Θεοῦ

372 5662 535 5732 χάριν
560 5662 739 5733 εὑρεῖν
770 5703 786 5729 ,
819 5665 984 5731 πόσον
1011 5664 1078 5718 ἂν
1106 5664 1347 5733 γένοιτο;
1382 5664 1483 5720 Διά
1503 5666 1662 5722 τοῦτο
1686 5669 1775 5723 ἀεὶ
1795 5671 1952 5729 τοῦτο

375 5744 663 5816 προτίθησι
702 5747 799 5819 τῆς
833 5746 993 5801 αὑτοῦ
1042 5747 1354 5815 ἐπιστολῆς,
1402 5750 1499 5803 καὶ
1530 5749 1687 5805 τοῦτο
1725 5753 1949 5827 ἐπεύχε-

2051 4770 2164 4817 ται,
2204 4752 2363 4815 εἰδὼς
2409 4752 2492 4804 ὅτι
2538 4750 2605 4803 ἂν
2644 4748 2803 4802 τοῦτο
2828 4745 2886 4822 ᾖ,
2927 4749 3083 4804 οὐδὲν
3111 4750 3267 4805 ἔσται
3300 4752 3487 4811 λοιπὸν
3532 4759 3645 4815 τῶν

2053 4834 2315 4904 ἀνιαρῶν,
2367 4833 2483 4886 ἀλλ’
2510 4834 2612 4885 ὅσα
2652 4832 2718 4885 ἂν
2815 4833 3073 4902 δυσχερῆ,
3110 4835 3289 4889 πάντα
3318 4836 3637 4911 λυθήσεται.

2054 4916 2165 4970 Καὶ
2193 4916 2275 4970 ἵνα
2309 4914 2539 4987 μάθητε,
2568 4917 2598 4969 ό
2639 4915 2836 4985 Ἰωσὴφ
2867 4915 3054 4981 δοῦλος
3088 4913 3177 4989 ἦν,
3218 4919 3360 4986 νέος,
3391 4922 3641 4997 ἄπειρος,

2053 4998 2349 5063 ἄπλαστος,
2372 4999 2465 5052 καὶ
2486 4998 2825 5069 ἐνεχειρίσθη
2860 4998 3057 5069 ἀθρόον
3076 5000 3256 5066 οἰκίας
3280 5010 3641 5075 προστασίαν,

2054 5086 2147 5138 καὶ
2179 5084 2332 5155 ἀνδρὶ
2358 5082 2641 5153 Αἰγυπτίῳ
2669 5083 2933 5153 παρεῖχεν
2967 5084 3217 5150 εὐθύνας.
3263 5088 3406 5141 Ἴστε
3436 5089 3495 5143 δέ
3526 5108 3644 5155 πως

2054 5172 2348 5244 ἀκρόχολον
2376 5172 2551 5224 ἐκεῖνο
2587 5169 2648 5222 τὸ
2672 5168 2824 5233 ἔθνος
2860 5170 2955 5224 καὶ
2991 5172 3347 5241 ἀσύγγωστον
3371 5192 3387 5207 ⁸
3414 5177 3545 5232 ὅταν
3584 5179 3642 5234 δέ

2055 5258 2150 5311 καὶ
2180 5256 2322 5328 ἀρχὴ
2352 5256 2525 5326 προσῇ
2546 5254 2639 5308 καὶ
2654 5251 2892 5319 ἐξουσία,
2928 5256 3132 5325 μείζων
3155 5258 3184 5310 ό
3209 5258 3380 5335 θυμὸς
3405 5262 3511 5315 ὑπὸ
3538 5263 3643 5335 τῆς

2054 5340 2302 5407 ἐξουσίας
2344 5339 2645 5409 αἰρόμενος.
2691 5337 2863 5408 Δῆλον
2889 5338 2947 5391 δέ
2977 5340 3138 5393 τοῦτο
3164 5342 3260 5394 καὶ
3295 5334 3356 5407 ἐξ
3383 5336 3458 5397 ὧν
3498 5348 3642 5416 μετά

2052 5424 2230 5480 ταῦτα
2262 5423 2508 5495 ἐποίησε.
2571 5423 2684 5494 Τῆς
2713 5422 2824 5494 γὰρ
2866 5422 3155 5495 δεσποίνης
3199 5430 3639 5504 κατηγορούσης.

2054 5509 2328 5580 ἡνείχετο’
2357 5507 2536 5561 καίτοι
2576 5523 2641 5576 γε
2694 5508 2755 5561 οὑ
2790 5506 2901 5560 τῶν
2935 5507 3005 5560 τὰ
3056 5508 3248 5577 ἰμάτια
3292 5515 3642 5584 κατεχόντων

2051 5589 2119 5664 ἦν
2148 5593 2209 5646 τὸ
2233 5591 2535 5674 βιάζεσθαι,
2569 5590 2707 5674 ἀλλά
2732 5590 2825 5644 τοῦ
2848 5591 3270 5661 ἀποδεδυμένου.
3310 5597 3505 5670 Ἐχρῆν
3530 5602 3641 5674 γὰρ

2052 5678 2249 5741 εἰπεῖν,
2279 5676 2362 5729 ὅτι
2389 5676 2438 5728 εἰ
2480 5669 2613 5746 ἧρες
2658 5673 2759 5744 τὴν
2796 5676 2979 5743 φωνήν
3032 5691 3147 5739 σου,
3189 5678 3392 5748 ἔφυγεν
3424 5669 3511 5747 ἂν,
3547 5669 3642 5743 καὶ

2053 5762 2100 5814 εἰ
2156 5759 2367 5831 συνῄδει
2420 5756 2633 5830 ἐαυτῷ,
2683 5759 2782 5811 οὑκ
2832 5757 2898 5812 ἂν
2938 5758 3254 5829 περιέμεινε
3300 5765 3392 5819 τοῦ
3444 5766 3640 5824 δεσπό-
