4114 6396
478 285 583 340 475

458 417 553 454 του
578 398 676 470 τὴν
716 397 1047 468 παρουσίαν.
1102 394 1241 446 Ἃλλ⁹
1295 394 1443 463 ὅμως
1488 390 1639 443 οὐδὲν
1682 387 1923 442 τοιοῦτον
1970 388 2055 439 ἐν-

461 483 683 551 ενόησεν
708 483 935 542 ἐκεῖνος,
964 479 1076 533 ἀλλ’
1113 478 1321 546 ἀλόγως
1360 476 1437 545 τῷ
1468 473 1627 544 θυμῷ
1669 472 1730 526 τὸ
1782 472 1891 525 πᾶν
1937 472 2055 522 ἐπι-

458 569 687 639 τρέψας,
724 565 871 639 [515]
899 568 978 628 εἰς
1005 564 1376 635 δεσμωτήριον
1400 560 1654 614 ἐνέϐαλεν
1672 576 1686 590 ο
1717 557 1893 619 οὓτως
1920 554 2015 608 ἀλό
2032 583 2053 593 -

461 653 647 720 γιστός
680 669 765 714 τις
805 646 895 721 ἦν.
950 650 1145 703 Καίτοι
1183 665 1247 717 γε
1288 647 1415 717 ἐνῆν
1450 646 1547 699 καὶ
1587 643 1696 697 ἀπὸ
1732 640 1841 695 τῶν
1864 640 2041 695 ἄλλων

463 736 830 808 στοχάσασθαι
867 734 957 787 τοῦ
1003 732 1194 804 ἀνδρὸς
1243 732 1343 801 τὴν
1390 729 1621 791 εὔνοιαν,
1675 727 1774 797 τὴν
1805 728 2048 778 σύνεσιν·

462 822 578 875 ἀλλ’
620 822 771 891 ὅμως
798 818 983 886 ἐπειδὴ
1024 816 1226 887 σφόδρα
1248 815 1442 883 ἄλογος
1472 809 1562 883 ἦν,
1605 812 1757 865 οὐδὲν
1800 809 2044 891 τοιοῦτον

454 890 768 973 ἐλογίσατο.
794 903 854 955 '0
882 900 1063 954 τοίνυν
1092 900 1188 953 καὶ
1221 898 1357 969 πρὸς
1395 896 1665 965 δεσπότην
1694 894 1834 964 ἔχων
1863 890 2044 945 τοιοῦ-

462 1008 555 1043 τον
571 1004 594 1031 α
619 988 897 1061 μοχθηρὸν
911 987 1005 1039 καὶ
1034 985 1312 1039 διακονίαν
1331 985 1672 1053 ἐμπεπιστευ
1680 978 1840 1049 μένος
1865 977 2044 1061 οἰκίας

462 1060 783 1145 ὁλοκλήρου,
818 1071 913 1125 καὶ
943 1068 1091 1134 ξένος
1113 1069 1208 1121 καὶ
1237 1067 1446 1139 ἔρημος
1470 1065 1564 1118 καὶ
1584 1064 1830 1133 ἄπειρος,
1858 1060 2046 1145 ἐπειδὴ

463 1161 493 1212 ὁ
519 1144 653 1221 Θεὸς
681 1156 846 1211 αὐτοῦ
876 1154 1245 1210 κατεσκέδασε
1277 1152 1437 1223 χάριν
1460 1146 1764 1220 πολλὴν,ὡς
1787 1145 1940 1199 οὐδὲν
1962 1144 2051 1196 δν-

464 1260 563 1305 τας
602 1243 730 1305 τοὺς
784 1240 1146 1313 πειρασμούς,
1198 1235 1341 1290 οὐτω
1394 1234 1573 1289 πάντα
1634 1229 1902 1301 παρῆλθε,
1953 1228 2049 1282 καὶ

465 1326 755 1395 δεσποίνης
808 1324 1192 1393 συκοφαντίαν,
1248 1320 1341 1374 καὶ
1376 1318 1620 1373 κίνδυνον
1651 1316 1908 1395 θανάτου,
1951 1316 2044 1367 καὶ

465 1394 861 1481 δεσμωτήριον,
896 1408 989 1461 καὶ
1018 1406 1326 1460 τελευταῖον
1355 1403 1449 1456 ἐπὶ
1477 1401 1567 1481 τρν
1590 1399 1778 1471 θρόνον
1799 1394 1934 1469 ἦλθε
1958 1396 2050 1450 τὸν

470 1477 767 1565 βασιλικόν.
807 1490 961 1545 Εἵδεν
995 1485 1085 1543 οὖν
1108 1491 1136 1542 ὁ
1164 1488 1431 1559 μακάριος
1458 1477 1635 1549 οὗτος,
1668 1484 1767 1554 ὅση
1788 1482 1883 1536 τοῦ
1913 1482 2049 1535 Θεοῦ

467 1581 502 1648 ἡ
537 1576 696 1647 χάρις
719 1593 731 1606 ·
767 1575 862 1628 καὶ
884 1572 974 1628 διὰ
987 1572 1146 1626 τοῦτο
1170 1571 1375 1640 ταύτην
1394 1570 1577 1633 αὐτοῖς
1601 1566 1913 1637 ἐπεύχεται.
1940 1565 2052 1619 Καὶ

469 1662 657 1730 ἓτερον
702 1659 759 1712 δέ
817 1675 871 1711 τι
904 1654 1344 1719 κατασκευάζει·
1383 1652 1705 1721 βουλόμενος
1735 1649 1844 1720 γὰρ
1888 1648 2051 1709 αὐτὸς

471 1745 607 1816 πρὸς
636 1743 705 1796 τὰ
733 1741 997 1812 μέλλοντα
1034 1739 1135 1808 τῆς
1169 1737 1462 1806 ἐπιστολῆς
1507 1731 1855 1803 εὐγνώμονας
1886 1746 2054 1816 καταξ

473 1812 698 1897 στῆσαν
745 1826 869 1889 ἵνα,
933 1822 1037 1878 κᾶν
1086 1822 1354 1891 ἐπιτιμᾷ,
1412 1817 1514 1873 κᾶν
1568 1816 1912 1888 ἐπιπλήττῃ,
1976 1812 2051 1884 μὴ

472 1908 795 1980 ἀποπηδῶσι
813 1925 826 1939 ⁸
849 1908 936 1961 διὰ
963 1906 1120 1960 τοῦτο
1137 1901 1757 1974 ὑπομιμνήσκειαύτούς
1788 1900 1894 1969 πρὸ
1920 1898 2053 1952 πάν-

470 2012 579 2047 των
617 1994 717 2063 τῆς
761 1993 978 2062 χάριτος
998 1989 1093 2043 τοῦ
1122 1988 1279 2053 Θεοῦ,
1320 1986 1543 2039 λεαίνων
1575 1984 1753 2037 αὐτῶν
1781 1984 1881 2063 τὴν
1912 1998 2054 2063 καρ-

472 2074 612 2137 δίαν,
643 2060 890 2135 ἵνα,ίκάν
932 2069 1109 2141 θλίψις
1131 2063 1187 2141 ᾖ,
1226 2065 1768 2137 ἀναμιμνησκόμενοι
1811 2061 1912 2131 τῆς
1951 2060 2054 2131 χά-

476 2174 641 2227 ριτος,
679 2155 771 2225 ἀφ’
806 2150 875 2226 ἦς
932 2152 1212 2222 ἐσώθησαν
1271 2152 1334 2203 ἐκ
1382 2149 1489 2202 τῶν
1525 2148 1807 2218 μειζόνων,
1860 2147 1916 2198 ἐν
1942 2147 2054 2208 τοῖς

474 2241 723 2293 ἐλάττοσι
761 2237 835 2309 μὴ
873 2236 1347 2304 ἀπογινώσκωσιν,
1381 2232 1496 2285 ἀλλ’
1526 2231 1737 2285 ἐκεῖθεν
1764 2230 1928 2299 ἔχωσι
1954 2228 2055 2300 τὴν

475 2322 831 2395 παραμυθίαν
852 2339 864 2352 ο
898 2320 1148 2390 καθάπερ
1183 2318 1277 2371 καὶ
1297 2315 1530 2387 ἀλλαχοῦ
1561 2316 1790 2385 γράφων
1831 2314 2019 2381 έλεγεν
2039 2329 2051 2341 '

475 2410 546 2461 El
569 2406 677 2476 γὰρ
716 2403 917 2475 ἐχθροί
969 2404 1141 2468 ὄντες
1182 2400 1644 2469 κατηλλάγημεν
1676 2398 1756 2463 τῷ
1806 2397 1928 2463 Θεῷ
1960 2396 2059 2450 διὰ

476 2484 583 2538 τοῦ
604 2486 863 2540 θανάτου
890 2482 997 2536 τοῦ
1023 2480 1159 2534 Υίοῡ
1190 2477 1622 2543 αὑτοῦ,πολλῷ
1645 2478 1885 2547 μᾶλλον
1917 2494 2057 2530 κατ-

477 2568 845 2638 αλλαγέντες
880 2565 1274 2633 σωθησόμεθα
1312 2564 1380 2615 ἐν
1414 2562 1488 2630 τῇ
1523 2560 1635 2630 ζωῇ
1661 2560 2059 2629 αὐτοῦ.Χάρις

477 2652 641 2721 ὑμῖν,
670 2652 823 2721 φησὶ,
867 2649 969 2704 καὶ
1002 2649 1209 2717 εἰρήνη
1244 2647 1363 2702 ἀπὸ
1415 2646 1562 2700 Θεοῦ
1604 2648 1837 2713 Πατρός
1890 2645 2059 2713 ἡμῶν

481 2734 580 2791 καὶ
613 2735 833 2802 Κυρίου
876 2733 1081 2801 Ἰησοῦ
1110 2730 1392 2801 Χριστοῦ.
1450 2728 1851 2798 Εὺχαριστεῖν
1904 2731 2057 2798 ὀφεί-

481 2819 667 2884 λομεν
698 2812 777 2879 τῷ
820 2813 941 2879 Θεῷ
969 2812 1226 2866 πάντοτε
1252 2812 1386 2879 περὶ
1425 2810 1609 2880 ὑμῶν,
1651 2809 1925 2880 ἀδελφοί,
1958 2828 2062 2865 και

482 2896 599 2961 υὼς
628 2893 803 2958 ἄξιόν
818 2893 1006 2946 ἐστιν.
1039 2891 1184 2963 Ὅρα
1213 2890 1715 2962 ταπεινοφροσύνης
1733 2890 2058 2961 ὑπερϐολήνο

483 2979 673 3041 εἰπὼν,
687 2974 1082 3044 Εὐχαριστεῒν
1098 2976 1436 3044 ὀφείλομεν,
1454 2973 1666 3027 δίδωσιν
1686 2974 1866 3037 αὐτοῖς
1886 2974 2066 3027 συλλο-

484 3060 730 3128 γίζεσθαι
765 3060 858 3112 καὶ
902 3061 1130 3123 ἐννοεῖν,
1167 3059 1247 3111 ὄτι
1276 3061 1322 3110 εί
1357 3058 1503 3112 ἄλλοι
1546 3058 1684 3127 ὑπὲρ
1721 3057 1831 3110 τῶν
1863 3058 2062 3127 ὑμετέ-

488 3161 597 3215 ρων
621 3142 1061 3215 κατορθωμάτων
1095 3143 1201 3214 οὐχ
1236 3142 1380 3212 ὑμᾶς
1417 3141 1631 3213 πρῶτον
1671 3140 2063 3211 θαυμάζουσιν,

489 3227 623 3280 ἀλλά
646 3228 735 3281 τὸν
761 3228 915 3291 Θεὸν,
954 3226 1133 3297 πολλῷ
1185 3226 1388 3297 μᾶλλον
1435 3226 1530 3281 καὶ
1570 3228 1737 3296 ἡμᾶς.
1780 3226 1987 3289 Ἄλλως
2010 3225 2067 3277 δέ

490 3314 582 3364 καὶ
623 3313 839 3383 ἐπαίρει
863 3312 1041 3366 αὐτῶν
1092 3311 1160 3365 τά
1194 3313 1548 3383 φρονήματα,
1582 3312 1663 3363 ὅτι
1708 3309 1931 3363 τοιαῦτα
1959 3310 2066 3363 πά-

492 3414 729 3465 σχουσιν,
766 3396 826 3449 οὐ
869 3396 1120 3468 δακρύων
1160 3396 1286 3462 ἀξια
1332 3396 1453 3449 οὐδέ
1485 3396 1721 3466 θρήνων,
1753 3396 1867 3448 ἀλλ’
1892 3396 2070 3465 εὐχα-

494 3481 705 3549 ριστίας
727 3479 826 3549 τῆς
854 3481 931 3542 εἰς
965 3480 1057 3532 τὸν
1096 3479 1252 3533 Θεόν.
1311 3480 1374 3533 Et
1406 3478 1463 3531 δὲ
1490 3478 1702 3542 Παῦλος
1756 3480 2073 3549 εὐχαριστεῖ

491 3565 582 3615 ἐπὶ
611 3566 722 3625 τοῖς
748 3564 1046 3634 ἀλλοτρίοις
1072 3564 1316 3631 ἀγαθοῖς,
1341 3564 1393 3617 τί
1424 3563 1701 3617 πείσονται
1730 3566 1777 3615 οί
1806 3563 1878 3633 μὴ
1912 3562 2070 3632 μόνον

494 3649 570 3718 μὴ
597 3647 1069 3719 εὐχαριστοῦντες,
1097 3648 1234 3701 ἀλλά
1253 3648 1348 3701 καὶ
1380 3648 1709 3718 τηκόμενοι;
1741 3647 1871 3700 Ὅτι
1900 3651 2073 3715 ὑπερ·

491 3731 739 3795 (ιυξάνει
789 3732 829 3799 ἡ
887 3731 1092 3796 πίστις
1153 3730 1343 3800 ἡμῶν,
1405 3732 1505 3785 καὶ
1530 3730 1841 3791 πλεονάζει
1871 3731 2071 3800 ἀγάπη

492 3816 630 3880 ἐνὸς
667 3814 927 3870 ἑκάστου
966 3814 1208 3867 πάντων
1243 3813 1411 3883 ὑμῶν
1450 3817 1538 3880 είς
1588 3814 1919 3881 ἀλλήλους.
1962 3815 2073 3869 Καὶ

494 3897 612 3961 πῶς
637 3898 715 3952 ἔνι
740 3898 921 3951 πίστιν
938 3896 1191 3967 αὐξῆσαι,
1223 3899 1381 3968 φησί;
1408 3897 1561 3962 Πῶς;
1584 3899 1713 3951 ὅταν
1736 3899 1873 3969 ὑπὲρ
1904 3898 2075 3968 αὐτῆς

495 3980 796 4051 πάσχωμέν
816 3999 867 4035 τι
894 3981 1263 4049 δεινόν.Μέγα
1288 3970 1388 4049 μὲν
1402 3977 1494 4034 οὖν
1519 3982 1614 4034 καὶ
1637 3981 1699 4034 τὸ
1731 3981 2072 4051 ἐστηρίχθαι,

496 4066 591 4118 καὶ
632 4064 736 4117 ὐπὸ
763 4063 869 4116 τῶν
917 4063 1191 4135 λογισμῶν
1227 4062 1301 4136 μὴ
1338 4064 1753 4135 παραφέρεσθαι
1786 4081 1800 4095 ·
1851 4066 1979 4117 ὅταν
2018 4065 2075 4118 δὲ

496 4149 593 4203 καὶ
650 4150 841 4219 ἄνεμοι
888 4150 1365 4220 προσαράσσωσιν,
1421 4150 1546 4202 ὅταν
1600 4150 1745 4202 ὑετοὶ
1799 4150 2076 4221 καταρρη-

496 4233 787 4302 γνύωνται,
825 4232 955 4285 ὅταν
984 4232 1207 4302 αίρηται
1246 4232 1509 4286 πάντοθεν
1533 4232 1763 4303 χαλεπὸς
1796 4234 1824 4285 ὀ
1847 4233 2073 4303 χειμὼν,

499 4319 626 4371 ὅταν
658 4315 934 4387 ἐπάλληλα
975 4316 1043 4368 τά
1068 4315 1289 4384 κύματα
1318 4314 1373 4389 ᾖ,
1406 4312 1525 4368 εἶτα
1565 4315 1641 4387 μὴ
1685 4316 2076 4386 παρασαλευώ-

503 4401 662 4471 μεθα,
720 4400 932 4463 οὐδενὸς
987 4400 1173 4470 ἑτέρου
1221 4400 1520 4471 τεκμήριόν
1558 4401 1725 4463 ἐστιν,
1774 4399 1951 4471 ἀλλ’ἢ
1985 4399 2077 4453 τοῦ

502 4486 818 4556 αὐξηθῆναι,
854 4486 947 4540 καὶ
994 4483 1435 4557 ὑπεραυξηθῆναι
1460 4524 1475 4549 ,
1507 4483 1600 4537 καὶ
1628 4484 1965 4555 ὑψηλοτέραν
1987 4501 2078 4551 γε-

502 4568 707 4625 νέσθαι.
762 4569 1029 4639 Καθάπερ
1078 4568 1188 4638 γὰρ
1240 4568 1332 4621 ἐπὶ
1366 4568 1460 4621 τοῦ
1486 4568 1871 4639 κατακλυσμοῦ
1901 4569 2080 4622 πάντα

505 4653 603 4722 μὲν
633 4653 701 4706 τὰ
729 4652 927 4723 λιθώδη
962 4664 984 4691 ε
1018 4653 1113 4705 καὶ
1135 4651 1367 4705 ταπεινά
1399 4650 1687 4724 ἀπεκρύϐη
1717 4653 1951 4722 ταχέως,
1980 4653 2080 4706 ὅσα

501 4736 557 4788 δὲ
589 4730 657 4805 ἦν
696 4736 973 4806 ὑπεράνω,
1033 4735 1133 4789 οὐκ
1173 4736 1447 4805 ἐφικνεῖτο
1492 4734 1672 4788 αὐτῶν
1696 4753 1710 4765 ο
1742 4735 1887 4789 οὓτω
1924 4736 2019 4789 καὶ
2043 4738 2077 4805 ἡ

504 4820 689 4882 πίστις
735 4820 913 4891 ὑψηλὴ
962 4820 1262 4890 γενομένη,
1305 4819 1491 4874 οὐκέτι
1547 4822 1913 4875 κατασπᾶται.
1984 4820 2083 4874 Διά

502 4902 661 4957 τοῦτο
693 4904 791 4957 οὐκ
808 4900 982 4967 εἶπεν,
1006 4902 1248 4967 αὐξάνει,
1284 4903 1419 4968 ἀλλ’,
1451 4903 1883 4972 ’Υπεραυξάνει
1910 4904 1947 4973 ἡ
1985 4906 2082 4959 πί-

503 5006 640 5053 στις
667 4990 855 5059 ὑμῶν,
886 4988 985 5043 καί
1013 4987 1321 5049 πλεονάζει
1352 4989 1392 5058 ἡ
1424 4988 1624 5057 ἀγάπη
1656 4990 1797 5057 ἐνὸς
1823 4990 2082 5045 ἑκάστου

504 5073 747 5126 πάντων
769 5070 937 5140 ὑμῶν
962 5074 1048 5139 είς
1084 5072 1415 5137 ἀλλήλους.
1454 5072 1618 5144 Ὀρᾷς
1660 5074 1741 5127 ὅτι
1789 5074 1883 5127 καὶ
1928 5074 2086 5129 τοῦτο

506 5158 643 5227 πρὸς
664 5157 763 5219 τὰς
781 5155 987 5227 θλίψεις
1017 5156 1405 5227 συμϐάλλεται,
1436 5155 1497 5209 τὸ
1530 5158 1954 5229 συμπεφράχθαι
1977 5198 1991 5222 ,
2022 5159 2084 5212 τὸ

506 5242 750 5313 ἀλλήλων
781 5241 929 5314 [516]
962 5241 1215 5312 ἔχεσθαι;
1243 5241 1375 5293 Ἀπὸ
1399 5240 1589 5295 τούτου
1618 5244 1713 5297 καὶ
1742 5244 2083 5313 παράκλησις

508 5327 718 5395 ἐγίνετο
745 5326 937 5398 πολλή.
984 5328 1096 5398 Τὴν
1133 5328 1231 5399 μὲν
1260 5323 1353 5380 οὖν
1373 5328 1574 5399 ἀσθενῆ
1617 5330 1713 5384 καὶ
1742 5331 1963 5402 ἀγάπην
1989 5331 2083 5383 καὶ

573 5545 600 5611 ξ
624 5544 1030 5611 [σεε-τοσοῦτον,
1061 5553 1117 5611 ft
1140 5546 1256 5594 dele
1277 5548 1392 5611 πρός
1419 5554 1535 5596 ante
1562 5550 1813 5609 δεσπότην.

579 5607 904 5673 ᾕιεεεθαιυιέ
926 5608 1182 5673 ἡμετέρων,
1209 5617 1261 5657 et
1278 5607 1385 5673 niox
1410 5611 1497 5673 οὐχ
1516 5613 1654 5671 ἡμᾶς.
1671 5607 1946 5673 perperam.
1972 5615 2080 5664 Mox

580 5627 605 5647 υ
629 5627 904 5667 Legeomur
926 5627 1182 5669 ημετερων,
1209 5627 1261 5657 οι
1278 5627 1385 5658 mox
1410 5627 1479 5656 ou‘
1516 5627 1654 5671 ημας.
1671 5627 1759 5673 per
1797 5627 1899 5662 erat

514 5670 596 5718 ubi
618 5671 781 5739 πολλῷ
802 5672 979 5729 μᾶλλον
1001 5672 1080 5739 καὶ
1102 5674 1243 5739 ἡμρἱς,
1268 5628 1588 5734 ειιίιὶιιὶθῄὶεθ
1621 5677 1727 5735 χρή.
1763 5627 1899 5724 ἳῖυη.

579 5744 601 5769 ε
623 5733 907 5793 (ὲοηέρριιιῐη
944 5742 1021 5781 est
1046 5734 1236 5788 λειώδη.

1154 279 1207 334 8.
1242 273 1523 333 JOANNIS
1558 268 2048 329 CHRYSOSTOMI
2083 268 2399 326 ARClliEP.
2436 268 2980 326 CONSTANTINOP.

3639 272 3743 324 1.74

2163 384 2344 436 πίστιν
2377 385 2583 454 θλίψεις
2608 385 3073 456 παρασαλεύουσι,
3125 384 3222 453 τὴν
3252 384 3308 437 δὲ
3343 386 3568 454 ίσχυράν
3605 386 3743 453 ἰσχυ-

2160 471 2385 539 ροτέραν
2436 470 2698 523 ποιοῦσιν.
2754 471 2817 521 'll
2850 470 2951 538 μὲν
2992 469 3101 539 γὰρ
3131 470 3188 520 ἐν
3230 469 3389 541 ὀδύνῃ
3414 470 3590 540 ψυχὴ,
3615 471 3741 523 ὅταν

2155 553 2385 624 ἀσθενὴς
2416 550 2472 627 ᾖ,
2500 555 2651 607 οὐδὲν
2680 554 2744 607 ἂν
2783 552 3087 623 πρόσθοιτο,
3121 552 3231 622 ἠδὲ
3264 553 3458 622 ίσχυρά
3498 556 3590 605 καί
3621 555 3741 606 τότε

2157 636 2410 704 μάλιστα.
2480 639 2591 691 Καὶ
2653 637 2755 706 ὅρα
2802 637 3063 705 ἀγάπηνο
3122 636 3182 688 οὐ
3219 636 3310 688 τὸν
3346 637 3445 706 μὲν
3489 639 3739 708 ἠγάπων,

2152 720 2242 772 τὸν
2272 721 2328 774 δὲ
2357 719 2438 785 οὒ,
2471 722 2582 773 ἀλλ’
2617 720 2704 791 ἴση
2729 717 2797 791 ἦν
2826 722 2977 790 παρὰ
3000 720 3217 774 πάντων
3248 736 3260 748 ·
3298 722 3454 774 τοῦτο
3482 723 3590 793 γάρ
3624 725 3741 794 ῂνί-

2157 803 2285 867 ξατο
2309 803 2387 875 τῷ
2414 806 2610 867 εἰπεῖν,
2662 804 2830 869 Ἑνὸς
2882 803 3148 858 ἑκάστου
3191 803 3438 857 πάντων
3461 805 3628 874 ὑμῶν
3655 810 3741 873 εἱς

2153 887 2505 955 ἀλλήλους’
2541 889 2623 941 ὅτι
2675 888 2965 959 ἰσόρροπός
3020 890 3103 951 τίς
3148 889 3318 950 ἐστιν,
3377 888 3567 962 ὥσπερ
3623 892 3743 954 ἐνὸς

2156 969 2424 1040 σώματος.
2482 970 2635 1023 Ἐπεὶ
2684 972 2778 1023 καὶ
2815 970 2909 1023 νῦν
2958 971 3283 1042 εὑρίσκομεν
3314 972 3536 1043 ἀγάπην
3577 970 3741 1027 οὖσαν

2154 1053 2309 1123 παρά
2338 1053 2573 1118 πολλοῖς,
2602 1054 2739 1108 ἀλλὰ
2761 1055 2964 1126 ταύτην
3011 1057 3109 1127 τὴν
3156 1056 3381 1127 ἀγάπην
3407 1055 3739 1122 διαστάσεως

2155 1138 2335 1193 αἰτίαν
2380 1140 2695 1210 γινομένην.
2743 1140 2913 1192 Ὅταν
2965 1139 3075 1210 γὰρ
3134 1140 3275 1194 κατά
3321 1140 3415 1194 δύο
3448 1144 3539 1195 καὶ
3591 1146 3740 1214 τρεῖς

2153 1215 2305 1293 ὦμεν
2354 1223 2715 1293 συνημμένοι,
2757 1222 2852 1276 καὶ
2906 1224 2955 1276 οί
3008 1222 3105 1290 μὲν
3153 1222 3245 1276 δύο
3298 1225 3431 1295 πρὸς
3479 1225 3741 1296 ἀλλήλους

2156 1305 2361 1375 σφόδρα
2409 1300 2511 1359 ὦσι
2556 1307 2947 1376 συνδεδεμένοι,
2990 1306 3021 1377 ἢ
3066 1310 3214 1377 τρεῖς
3250 1307 3283 1378 ἢ
3323 1310 3602 1379 τέσσαρες,
3631 1313 3740 1364 τῶν

2153 1388 2211 1442 δὲ
2265 1388 2465 1442 λοιπῶν
2522 1390 2747 1452 ἑαυτοὺς
2793 1389 3111 1457 ἁφέλκωσι,
3172 1390 3251 1461 τῷ
3300 1391 3435 1463 πρὸς
3499 1395 3737 1458 ἐκείνους

2154 1474 2299 1543 ἔχειν
2336 1476 2666 1541 καταφυγεῖν
2696 1474 2790 1526 καὶ
2820 1472 3050 1536 ἐκείνοις
3078 1473 3254 1526 πάντα
3289 1474 3532 1547 θαρρεῖν,
3582 1476 3740 1531 τοῦτο

2153 1556 2433 1618 διάστασις
2465 1557 2684 1627 ἀγάπης
2716 1556 2884 1617 ἐστὶν,
2920 1557 3021 1609 οὐκ
3053 1557 3263 1627 ἀγάπη.
3301 1558 3431 1611 Εἰπὲ
3465 1562 3572 1630 γάρ
3613 1576 3736 1630 μοι’

2153 1641 2203 1692 εί
2256 1641 2284 1692 ὁ
2334 1640 2608 1710 ὀφθαλμὸς
2646 1639 2744 1710 τὴν
2795 1639 3070 1711 πρόνοιαν,
3130 1640 3200 1712 ἢν
3252 1642 3389 1713 ὑπὲρ
3418 1644 3511 1696 τοῦ
3546 1645 3740 1706 παντὸς

2156 1724 2406 1795 σώματος
2454 1725 2588 1795 ἔχει,
2622 1726 2702 1788 εἰς
2735 1724 2833 1793 τὴν
2882 1726 3040 1795 χεῖρα
3089 1727 3459 1797 περιστήσειε,
3495 1729 3593 1781 καὶ
3631 1728 3741 1781 τῶν

2155 1808 2328 1862 ἄλλων
2359 1808 2547 1861 ἑαυτὸν
2575 1807 2925 1878 ἀποστρέψας
2946 1808 3143 1878 μελῶν,
3172 1810 3355 1881 ἐκείνῃ
3395 1811 3533 1883 μόνῃ
3573 1828 3740 1880 προσ-

2161 1890 2304 1962 έχοι,
2331 1892 2455 1962 οὐχὶ
2472 1893 2549 1962 τῷ
2582 1892 2745 1946 παντὶ
2788 1891 3144 1962 λυμαίνεται;
3173 1892 3431 1954 Εἰκότως.
3458 1892 3613 1945 Οὕτω
3646 1895 3739 1946 καὶ

2155 1975 2316 2045 ἡμεῖς
2358 1975 2423 2029 ἂν
2455 1974 2555 2045 τὴν
2593 1976 2815 2048 ἀγάπην
2865 1976 2964 2048 τὴν
3010 1978 3089 2039 εἰς
3133 1977 3315 2029 πᾶσαν
3358 1976 3457 2047 τὴν
3504 1976 3736 2048 Ἐκκλη⁴

2159 2058 2278 2110 σίαν
2328 2057 2423 2110 τοῦ
2476 2056 2613 2111 Θεοῦ
2659 2060 2977 2127 ὀφείλουσαν
3017 2059 3372 2124 ἐκτείνεσθαι,
3413 2061 3492 2123 είς
3524 2060 3619 2114 ἓνα
3646 2063 3739 2113 καὶ

2155 2139 2403 2212 δεύτερον
2429 2142 2886 2213 περιστείλωμεν,
2920 2143 3015 2196 καὶ
3061 2144 3194 2213 ἡμῖν
3232 2144 3417 2205 αὐτοῖς
3468 2144 3739 2207 κάκείνοις

2158 2224 2251 2277 καὶ
2274 2223 2353 2295 τῷ
2392 2226 2558 2279 παντὶ
2587 2225 2980 2296 λυμαινόμεθα.
3028 2225 3211 2279 Ταῦτα
3241 2225 3350 2297 γὰρ
3382 2226 3483 2278 οὐκ
3518 2226 3739 2295 ἀγάπης

2159 2307 2327 2372 ἐστὶν,
2353 2308 2489 2361 ἀλλὰ
2518 2309 2854 2372 διαστάσεως
2897 2309 3191 2379 σχίσματα,
3221 2309 3316 2363 καὶ
3358 2310 3615 2380 ῥήγματα
3662 2309 3741 2361 δι-

2158 2393 2495 2462 εσπασμένα.
2516 2392 2668 2446 Ἐπεὶ
2684 2394 2787 2445 κᾶν
2810 2392 2920 2446 ἀπὸ
2943 2392 3037 2445 τοῦ
3060 2392 3261 2455 παντὸς
3288 2392 3577 2462 ἀνθρώπου
3603 2392 3737 2443 ἀπο-

2162 2476 2377 2539 σπάσας
2407 2478 2554 2531 λάϐω
2585 2478 2749 2549 μέρος
2774 2521 2788 2543 ,
2821 2478 2953 2530 αὐτὸ
2985 2479 3081 2548 μὲν
3114 2472 3206 2531 οὖν
3241 2478 3301 2531 τὸ
3334 2479 3539 2547 σχίσμα
3566 2477 3739 2545 ἑαυτῷ

2159 2564 2387 2632 ἥνωται,
2423 2565 2516 2616 καὶ
2538 2563 2653 2616 ἔστι
2680 2562 2898 2632 συνεχὲς
2922 2563 3017 2615 καὶ
3036 2562 3539 2633 συγκεκολλημένον
3561 2580 3573 2594 ·
3602 2562 3739 2632 πλὴν

2162 2646 2256 2700 καὶ
2289 2645 2431 2699 οὕτω
2466 2645 2671 2717 σχίσμα
2696 2648 2863 2712 ἐστὶν,
2897 2647 3084 2716 ἐπειδὴ
3117 2647 3194 2717 τῷ
3215 2646 3387 2717 λοιπῴ
3421 2648 3520 2716 οὐχ
3535 2648 3739 2717 ἥνωται

2165 2747 2396 2799 σώματι.

2238 2870 2302 2940 β’.
2322 2871 2387 2922 Τί
2419 2870 2747 2940 γάρὸφελος,
2772 2869 2954 2922 ὃτιτδν
2968 2868 3113 2922 δεῖνα
3126 2869 3301 2937 φιλεῖς
3324 2868 3573 2938 σφοδρῶς
3590 2886 3604 2933 ;
3621 2868 3742 2922 ’Ᾱνο

2165 2954 2409 3024 θρωπίνη
2438 2954 2585 3007 ἐστὶν
2613 2954 2645 3024 ἡ
2675 2953 2863 3021 ἀγάπη
2889 2970 2903 2984 ·
2933 2954 2981 3004 εὶ
3023 2952 3079 3005 δὲ
3107 2953 3207 3005 οὐκ
3228 2952 3373 3004 ἔστιν
3405 2952 3740 3023 ἀνθρωπίνη,

2166 3039 2303 3094 ἀλλά
2344 3039 2432 3093 διὰ
2456 3039 2546 3092 τὸν
2574 3037 2705 3091 Θεὸν
2741 3036 2935 3106 φιλεῖς,
2971 3037 3177 3099 πάντας
3217 3037 3391 3105 φίλει·
3419 3039 3446 3089 ὁ
3476 3037 3584 3107 γάρ
3612 3036 3745 3099 Θεὸς

2165 3123 2339 3186 οὓτως
2367 3122 2594 3186 ἐπέταξε
2624 3121 2717 3174 καὶ
2752 3122 2876 3183 τοὺς
2916 3120 3143 3190 ἐχθροὺς
3195 3120 3390 3189 φιλεῖν.
3428 3122 3491 3173 EE
3532 3120 3589 3173 δέ
3620 3122 3748 3183 τοὺς

2168 3209 2397 3280 ἐχθροὺς
2434 3206 2664 3272 ἐπέταξε
2724 3206 2931 3275 φιλεῖν,
3001 3205 3154 3275 πόσῳ
3211 3206 3410 3275 μᾶλλον
3436 3205 3561 3268 τοὺς
3595 3204 3745 3258 οὐδὲν

2168 3290 2571 3360 λελυπηκότας;
2624 3288 2785 3342 Ἀλλὰ
2834 3288 3009 3356 φιλῶ,
3072 3290 3258 3357 φησίν.
3338 3288 3479 3341 Ἀλλ’
3522 3290 3620 3359 οὐχ
3657 3288 3740 3341 οὖ-

2170 3392 2277 3428 τω·
2318 3374 2519 3444 μᾶλλον
2559 3372 2615 3425 δὲ
2667 3373 2786 3425 οὐδὲ
2835 3371 3046 3440 φιλεῖς·
3088 3373 3215 3425 ὅταν
3264 3371 3371 3441 γάρ
3409 3374 3743 3442 κακηγορῇςν

2171 3460 2298 3512 ὅταν
2340 3456 2575 3527 φθονῇς,
2615 3456 2741 3509 ὅταν
2774 3455 3151 3526 ἐπιϐουλεύῃς,
3212 3455 3326 3518 πῶς
3354 3456 3562 3524 φιλεῖς;
3609 3455 3747 3509 Ἀλλ’

2172 3542 2324 3595 οὐδὲν
2354 3539 2557 3593 τούτων
2617 3538 2784 3603 ποιῶ,
2844 3538 3028 3609 φησίν.
3093 3538 3231 3591 Ἀλλ’
3285 3540 3413 3591 ὅταν
3462 3538 3751 3601 ἀκούοντος

2175 3624 2381 3686 κακῶς,
2429 3623 2503 3692 μὴ
2533 3623 2850 3694 ἐμφράττῃς
2900 3621 2961 3674 τὸ
3014 3623 3189 3693 στόμα
3235 3622 3329 3673 τοῦ
3362 3622 3641 3689 λέγοντος,
3676 3622 3751 3693 μὴ

2174 3712 2409 3778 ἀπιστῇς
2474 3710 2585 3769 τοῖς
2628 3706 2968 3776 λεγομένοις;
3038 3706 3111 3776 μὴ
3163 3706 3550 3780 καταστέλλῃς,
3591 3706 3751 3768 ποίας

2175 3792 2347 3845 ταῦτα
2378 3790 2558 3860 φιλίας
2601 3791 2938 3860 τεκμήριον;
2994 3790 3100 3842 Καὶ
3136 3788 3465 3851 πλεονάζει,
3492 3791 3674 3861 φησιν,
3706 3790 3747 3857 ἡ

2175 3874 2374 3944 ἀγάπη
2415 3873 2553 3939 ἐνὸς
2601 3871 2862 3927 ἑκάστου
2907 3872 3148 3926 πάντων
3198 3871 3366 3940 ὑμῶν
3417 3875 3503 3939 είς
3558 3872 3751 3939 ἀλλή-

2177 3963 2348 4025 λους,
2412 3958 2567 4011 ὥστε
2621 3955 2779 4027 ημᾶς
2821 3957 3042 4023 αὐτοὺς
3102 3958 3170 4011 ἐν
3221 3958 3361 4026 ὑμῖν
3415 3955 3755 4026 καυχᾶσθαι

2178 4044 2247 4096 ἐν
2283 4041 2412 4107 ταῖς
2444 4042 2826 4109 Ἑκκλησίαις
2866 4041 2971 4095 τοῦ
3008 4042 3176 4097 Θεοῦ.
3215 4044 3301 4095 Ἐν
3341 4041 3471 4109 γοῦν
3511 4044 3576 4112 τῇ
3618 4058 3753 4111 προ-

2178 4127 2313 4197 τέρα
2365 4125 2619 4195 ἐπιστολῇ
2656 4124 2755 4188 τὰς
2801 4125 3127 4194 Ἐκκλησίας
3181 4125 3345 4194 φησὶν
3395 4125 3611 4187 ἁπάσας
3656 4126 3753 4194 τῆς

2180 4210 2520 4273 Μακεδονίας
2547 4209 2759 4280 καὶτῆς
2800 4209 3021 4279 Ἀχαΐας
3049 4209 3359 4279 ὲξηχεῖσθαι
3391 4208 3666 4280 μαθούσας
3688 4209 3756 4261 τὰ

2180 4297 2320 4350 κατά
2373 4296 2472 4364 τὴν
2519 4294 2701 4347 πίστιν
2733 4294 2945 4346 αὐτῶνο
3001 4294 3196 4357 Ὥστε,
3247 4295 3399 4363 φησὶ,
3441 4294 3522 4364 μὴ
3549 4294 3757 4362 χρείαν

2179 4381 2344 4448 ἔχειν
2365 4378 2524 4447 ἡμᾶς
2542 4376 2754 4431 λαλεῖν
2772 4394 2827 4430 τι
2845 4394 2859 4409 ο
2892 4377 3061 4431 αὐτοὶ
3092 4378 3199 4446 γὰρ
3228 4376 3358 4444 περὶ
3379 4376 3546 4445 ὑμῶν
3574 4377 3755 4443 άπαγο

2180 4462 2510 4533 γέλλουσιν
2538 4461 2753 4514 ὁποίαν
2788 4460 3035 4514 εἴσοδον
3065 4462 3327 4529 ἔσχομεν
3369 4459 3522 4526 πρὸς
3566 4456 3750 4528 ὑμᾶς’

2181 4547 2415 4601 ἐνταῦθα
2468 4546 2523 4599 δέ
2577 4561 2768 4615 φησιν,
2817 4546 3000 4598 Ὥστε
3054 4544 3211 4613 ὑμᾶς
3266 4541 3623 4613 καυχᾶσθαι.
3689 4542 3755 4594 Τί

2182 4635 2369 4704 δήποτ’
2404 4626 2497 4684 οὖν
2527 4631 2643 4683 ἐστι
2684 4630 2746 4683 τὸ
2784 4630 3106 4699 είρημένον;
3170 4629 3317 4681 Ἑκεί
3361 4644 3548 4698 φησιν,
3584 4628 3667 4680 ὅτι
3694 4626 3756 4678 οὐ

2182 4718 2390 4771 δέονται
2411 4712 2755 4777 διδασκαλίας
2788 4714 2887 4783 τῆς
2918 4712 3048 4783 παρ’
3080 4712 3265 4781 ὑμῶν·
3298 4710 3534 4765 ἐνταῦθα
3564 4711 3620 4763 δὲ
3656 4710 3758 4762 οὐκ

2183 4796 2358 4864 εἶπεν,
2398 4800 2478 4853 ὅτι
2502 4798 2825 4865 διδάσκομεν
2848 4795 3062 4857 αὐτοὺς,
3087 4794 3244 4858 ἀλλά,
3280 4794 3633 4863 καυχώμεθα
3656 4793 3760 4847 καὶ

2184 4887 2621 4954 σεμνυνόμεθα.
2655 4882 2717 4933 Εἰ
2747 4880 2927 4934 τοίνυν
2953 4880 3115 4950 ἡμεῖς
3146 4879 3232 4949 ἐφ’
3261 4879 3389 4948 ὑμῖν
3415 4879 3511 4932 καὶ
3535 4878 3757 4947 εὐχαρι-

2186 4968 2419 5037 στοῦμεν
2463 4966 2540 5035 τῷ
2569 4964 2709 5033 Θεῷ,
2743 4965 2834 5018 καὶ
2857 4961 3190 5032 καυχώμεθα
3231 4964 3381 5032 παρὰ
3429 4960 3755 5031 ἀνθρώποις,

2186 5050 2370 5121 πολλῷ
2408 5050 2605 5121 μᾶλλον
2639 5048 2784 5117 ὑμᾶς
2812 5048 2907 5099 ἐπὶ
2935 5049 3045 5110 τοῖς
3081 5044 3372 5116 ἡμετέροις
3416 5043 3521 5115 χρὴ
3580 5043 3759 5106 καλοῖς

2185 5135 2343 5189 τοῦτο
2367 5132 2516 5205 [51η
2552 5133 2744 5185 ποιεῖν.
2774 5130 2839 5183 Εἰ
2865 5128 2974 5201 γὰρ
2998 5128 3206 5198 ἑτέροις
3229 5128 3404 5198 καυχή
3416 5126 3582 5197 ματός
3611 5128 3759 5178 ἐστιν

2186 5220 2312 5286 ἄξια
2337 5220 2404 5273 τὰ
2437 5215 2834 5286 κατορθώματα
2860 5212 3036 5283 ὑμῶν.
3063 5212 3180 5274 πῶς
3209 5214 3342 5282 ἡμῖν
3373 5212 3617 5282 θρήνωνς
3647 5210 3760 5261 Οὐκ

2186 5307 2331 5359 ἐστιν
2396 5304 2596 5355 εἰπεῖν’
2627 5300 2807 5354 Ὥστε
2834 5295 2992 5367 ἡμᾶς
3041 5295 3279 5360 αὐτοὺς,
3313 5295 3498 5366 φησὶν,
3526 5295 3595 5347 ἐν
3617 5292 3761 5363 ὑμῖν

2186 5386 2523 5458 καυχᾶσθαι
2556 5385 2625 5437 ἐν
2665 5382 2796 5447 ταῖς
2839 5381 3218 5447 Ἑκκλησίαις
3267 5378 3373 5433 τοῦ
3412 5377 3559 5432 Θεοῦ
3609 5376 3760 5445 ὑπὲρ

2186 5474 2297 5543 τῆς
2365 5468 2675 5539 ὑπομονῆς
2745 5467 2913 5537 ὑμῶν
2978 5467 3075 5519 καί
3137 5466 3418 5531 πίστεως.
3494 5462 3757 5517 Ἐνταῦθα

2185 5559 2424 5613 δείκνυσι
2484 5556 2577 5610 καὶ
2653 5554 2821 5607 πολὺν
2890 5550 3228 5621 παρελθόντα
3276 5550 3499 5620 χρόνον·
3546 5549 3579 5618 ἡ
3650 5545 3759 5614 γὰρ

2188 5644 2433 5713 ὑπομονὴ
2460 5640 2567 5696 ἀπὸ
2584 5642 2778 5711 χρόνου
2808 5636 3058 5705 φαίνεται
3080 5632 3299 5699 πολλοῦ,
3339 5634 3438 5687 οὐκ
3459 5634 3517 5685 ἐν
3543 5631 3639 5685 δύο
3662 5636 3755 5683 καὶ

2186 5728 2362 5797 τρισὶν
2413 5725 2665 5796 ἡμέραις.
2719 5723 2829 5791 Οὐχ
2907 5718 3089 5782 ἁπλῶς
3137 5718 3191 5770 δέ
3246 5733 3408 5787 φησιν
3458 5715 3755 5785 ὑπομονήν.
