4114 6396
408 403 510 459 473

406 524 582 576 fuerat
618 518 893 588 spoliatus.
926 513 1219 586 Oportebat
1257 514 1397 568 enim
1441 512 1652 576 dicere,
1694 510 1752 566 Si
1792 522 1979 565 vocem

406 626 546 669 tuam
576 610 900 674 sustulisses,
930 608 1182 680 fugisset;
1209 616 1263 660 et
1300 607 1344 660 si
1375 605 1479 660 sibi
1507 605 1691 658 fuisset
1715 602 1979 661 conscius,

403 721 511 760 non
538 712 902 773 exspectasset
929 702 1213 756 adventum
1240 697 1460 753 domini.
1494 696 1599 752 Sed
1631 705 1806 750 tamen
1853 692 1983 746 nihil

410 797 672 868 ejusmodi
704 795 781 851 illi
807 794 953 850 venit
993 795 1046 848 in
1075 804 1328 857 mentem,
1359 792 1453 846 sed
1495 806 1613 844 cum
1655 789 1856 857 absque
1894 803 1981 839 ra-

403 894 547 947 tione
577 892 668 945 irze
697 898 865 943 totum
899 886 1261 958 permisisset,
1290 884 1521 951 coniecit
1560 897 1681 937 eum
1710 880 1763 934 in
1802 892 1983 933 carce-

376 968 514 1039 ἰὐιιι
536 999 552 1048 ;
582 982 716 1037 adeo
733 991 849 1036 erat
866 978 1308 1033 inCOnSideratus.
1334 975 1487 1043 Atqui
1507 979 1713 1042 poterat
1734 969 1891 1025 etiam
1916 983 1979 1021 ex

382 1067 520 1131 'aliis
542 1074 611 1130 de
631 1074 731 1128 viri
750 1070 1124 1127 benevolentia
1140 1078 1193 1122 et
1211 1065 1487 1137 prudentia
1508 1064 1685 1117 facere
1708 1062 1980 1131 conjectu—

402 1183 554 1231 ram;
579 1164 674 1220 sed
702 1175 901 1229 tamen,
932 1160 1181 1231 quoniam
1218 1157 1373 1213 valde
1400 1169 1562 1225 egens
1591 1163 1707 1207 erat
1732 1150 1976 1215 rationis,

401 1260 537 1315 nihil
562 1257 826 1327 ejusmodi
854 1253 1231 1311 consideravit.
1266 1250 1364 1317 Qui
1392 1263 1523 1319 ergo
1545 1255 1599 1302 et
1621 1245 1757 1299 adeo
1779 1246 1993 1311 impro:

401 1356 527 1409 bum
555 1350 783 1406 habebat
829 1348 1125 1412 dominum,
1152 1356 1206 1399 et
1233 1348 1315 1397 cui
1369 1341 1542 1397 fuerat
1575 1338 1776 1394 credita
1822 1336 1981 1390 totius

400 1445 592 1499 domus
618 1440 1031 1502 administratio,
1075 1447 1130 1491 et
1170 1444 1286 1490 erat
1327 1435 1522 1502 hoSpcs
1548 1439 1601 1486 et
1639 1429 1881 1483 desertus
1928 1437 1982 1480 et

399 1537 700 1606 imperitus,
750 1543 1028 1603 postquam
1082 1530 1220 1584 Deus
1266 1526 1487 1581 multam
1533 1524 1585 1577 in
1627 1536 1747 1576 eum
1796 1518 1982 1575 effudit

398 1629 623 1701 gratiam
652 1668 665 1689 .
697 1624 849 1697 quasi
903 1622 1033 1677 nihil
1062 1631 1243 1676 essent
1268 1616 1589 1672 tentationes
1616 1654 1631 1680 ,
1686 1614 1758 1666 ita
1803 1611 1978 1665 omnia

402 1720 709 1793 pertransit,
736 1726 790 1773 et
819 1715 1049 1771 dominae
1077 1710 1420 1775 calumniam,
1462 1716 1516 1762 et
1544 1704 1732 1760 mortis
1762 1703 1978 1773 pericu-

400 1816 531 1878 lum,
564 1822 616 1870 et
641 1824 935 1873 carcerem,
969 1816 1025 1862 et
1051 1814 1321 1875 postremo
1350 1800 1497 1855 venit
1522 1797 1590 1852 ad
1616 1796 1869 1851 thronum
1896 1809 1981 1848 re-

398 1908 592 1978 galem.
614 1904 759 1959 Vidit
784 1918 910 1972 ergo
939 1900 1025 1955 hic
1048 1899 1237 1954 beatus
1261 1902 1457 1965 quanta
1489 1899 1634 1948 esset
1661 1888 1753 1944 Dei
1775 1887 1975 1959 gratia;

398 2009 453 2053 et
491 2006 771 2068 propterea
818 2009 934 2048 eam
994 1991 1125 2061 ipsis
1174 1994 1510 2057 apprecatur.
1556 1980 1716 2037 Aliud
1766 1994 1979 2049 quoque

397 2091 556 2145 struit
579 2107 592 2143 :
620 2088 804 2143 volens
830 2086 971 2140 enim
999 2098 1093 2138 eos
1120 2080 1343 2136 reddere
1369 2075 1657 2132 benevolos
1680 2072 1747 2127 ad
1772 2088 1833 2127 ea
1860 2087 1978 2141 qua:

397 2183 675 2238 scribenda
704 2180 938 2237 erantin
968 2176 1214 2247 epistola,
1249 2185 1305 2228 ut
1346 2173 1391 2227 si
1439 2185 1534 2226 eos
1579 2178 1633 2225 et
1681 2167 1975 2239 reprehen-

397 2279 489 2331 dat
509 2288 561 2329 et
584 2278 841 2342 increpet.
873 2286 975 2325 non
1014 2268 1288 2323 resiliant:
1322 2272 1603 2334 propterea
1646 2272 1769 2315 ante
1796 2261 1974 2313 omnia

396 2385 490 2424 eos
538 2368 787 2421 admonet
827 2365 1010 2435 gratiae
1042 2361 1172 2425 Dei,
1199 2375 1293 2413 cor
1339 2372 1525 2412 eorum
1577 2355 1815 2416 leniens,
1845 2363 1902 2407 ut
1930 2355 1973 2407 si

396 2462 466 2515 sit
504 2458 742 2523 afﬂiCtio,
774 2454 1118 2511 recordantes
1145 2451 1329 2521 gratia:
1354 2464 1458 2519 qua
1502 2447 1714 2503 fuerunt
1758 2461 1975 2502 conser-

395 2553 501 2606 vati
525 2568 554 2605 a
581 2548 894 2619 majoribus,
924 2548 975 2599 in
1004 2544 1297 2599 minoribus
1326 2541 1563 2595 animum
1596 2555 1699 2593 non
1741 2538 1972 2607 despon-

395 2648 576 2710 deant,
604 2643 697 2697 sed
728 2642 873 2695 illinc
895 2639 1126 2693 habeant
1152 2634 1577 2690 consolationem
1603 2650 1615 2686 :
1646 2632 1785 2686 sicut
1813 2630 1970 2685 etiam

392 2737 519 2790 alibi
559 2734 801 2788 scribens
829 2730 1079 2785 dicebat:
1112 2726 1172 2781 Si
1200 2727 1331 2781 enim
1354 2741 1469 2778 cum
1491 2723 1682 2776 inimici
1719 2737 1934 2775 essemus
1957 2761 1970 2783 ,

302 2824 305 2825 ν
391 2829 701 2884 reconciliati
730 2841 904 2879 sumus
932 2824 1040 2876 Deo
1080 2838 1169 2891 per
1204 2828 1412 2873 mortem
1454 2816 1578 2870 Filii
1626 2818 1769 2887 ejus,
1814 2815 1972 2867 multo

397 2922 560 2991 magis
586 2916 897 2972 reconciliati
926 2914 1053 2968 salvi
1075 2914 1259 2967 erimus
1288 2911 1343 2964 in
1381 2910 1483 2963 vita
1515 2909 1676 2979 ipsius
1701 2905 1873 2978 (Rom.
1917 2906 1970 2959 5.

393 3016 507 3083 10).
540 3012 720 3067 Gratia
750 3011 905 3073 vobis,
936 3008 1130 3075 inquit,
1163 3016 1206 3059 et
1235 3020 1339 3073 pax
1358 3001 1515 3056 aDeo
1545 2999 1705 3054 Patre
1734 3008 1903 3052 nostra
1924 3009 1971 3052 et

392 3105 613 3159 Domino
637 3104 667 3157 J
674 3120 759 3157 esu
786 3102 1004 3156 Christo.
1037 3101 1089 3153 5.
1124 3097 1326 3152 Gratias
1347 3111 1497 3165 agere
1525 3094 1760 3147 debemus
1779 3108 1974 3160 semper

394 3195 504 3252 Deo
528 3211 622 3266 pro
640 3194 798 3257 vobis,
827 3194 1029 3260 fratres,
1060 3190 1131 3242 ita
1158 3198 1213 3242 ut
1241 3188 1449 3257 dignum
1482 3193 1576 3240 est.
1603 3182 1735 3237 Vide
1761 3182 1975 3237 humili-

393 3288 519 3342 tatis
547 3283 966 3353 magnitudinem
999 3298 1012 3334 :
1045 3296 1165 3335 cum
1195 3279 1437 3341 dixisset,
1472 3275 1673 3330 Gratias
1706 3291 1856 3345 agere
1885 3274 1973 3326 de-

393 3379 598 3443 bemus,
646 3376 753 3429 illis
795 3370 1150 3442 reputandum
1198 3379 1252 3425 et
1300 3367 1639 3439 cogitandum
1682 3365 1970 3435 relinquit,

391 3468 535 3540 quod
561 3469 604 3521 si
633 3466 722 3520 alii
754 3480 850 3534 pro
881 3464 945 3518 iis
974 3479 1093 3532 qua:
1119 3478 1147 3515 a
1180 3463 1330 3515 vobis
1353 3468 1500 3515 recte
1520 3469 1667 3529 gesta
1695 3469 1838 3523 sunt,
1868 3472 1972 3511 non

391 3578 490 3617 vos
539 3561 767 3629 primum
799 3558 1149 3618 admirantur,
1199 3554 1293 3610 sed
1338 3554 1543 3617 Deum;
1592 3553 1761 3606 multo
1807 3553 1974 3621 magis

393 3669 492 3708 nos
513 3660 775 3722 oporteat.
812 3649 1063 3719 Alioquin
1092 3656 1267 3701 autem
1309 3661 1495 3701 eorum
1524 3661 1736 3715 quoque
1765 3645 1976 3700 extollit

389 3746 618 3809 animos,
646 3743 787 3813 quod
827 3756 889 3796 ea
919 3740 1184 3810 patiantur
1224 3754 1342 3806 quae
1370 3753 1477 3791 non
1529 3747 1653 3790 sunt
1681 3736 1838 3804 digna
1890 3736 1971 3788 la-

390 3837 587 3908 crymis
617 3850 718 3890 nec
739 3832 1227 3896 lamentationibus,
1245 3829 1339 3884 sed
1357 3829 1650 3899 gratiarum
1679 3830 1889 3883 actione
1918 3829 1972 3883 in

391 3931 580 3983 Deum.
612 3928 666 3984 Si
693 3936 870 3981 autem
898 3924 1097 3979 Paulus
1119 3923 1229 3992 agit
1252 3921 1453 3991 gratias
1482 3920 1552 3974 ob
1584 3920 1720 3974 bona
1751 3919 1925 3973 aliena
1958 3937 1968 3974 :

389 4021 515 4091 quid
546 4021 613 4075 iis
656 4020 748 4074 fiet
780 4019 869 4087 qui
901 4033 1007 4072 non
1046 4016 1219 4071 solum
1266 4030 1375 4070 non
1412 4015 1613 4085 gratias
1653 4023 1845 4082 agunt,
1878 4011 1973 4066 sed

389 4115 550 4170 etiam
582 4114 864 4169 tabcscunt
911 4109 1142 4165 invidia?
1191 4110 1443 4177 Quoniam
1476 4108 1807 4177 supercrescit
1846 4105 1973 4174 ﬁdes

388 4218 571 4272 vestra,
601 4216 647 4260 et
682 4204 905 4258 abundat
935 4205 1122 4257 caritas
1150 4202 1547 4272 uniuscujusque
1580 4209 1795 4253 vestrum
1837 4199 1969 4251 invi-

389 4316 513 4353 cem.
550 4298 619 4352 Et
646 4298 915 4369 quomodo
944 4305 1146 4365 potest,
1182 4296 1374 4365 inquit,
1404 4293 1588 4363 augeri
1625 4292 1791 4348 fides?
1822 4292 1968 4359 Quo-

391 4392 592 4447 modo?
620 4390 831 4462 quando
859 4404 955 4459 pro
984 4389 1071 4443 illa
1098 4402 1259 4457 grave
1284 4385 1484 4456 aliquid
1512 4385 1765 4456 patimur.
1796 4384 1970 4454 Atque

388 4498 637 4553 magnum
669 4481 884 4551 quidem
915 4489 1015 4544 est,
1046 4494 1169 4535 esse
1215 4478 1428 4533 firmum
1469 4487 1523 4531 et
1549 4477 1794 4531 stabilem
1841 4486 1896 4531 et
1938 4491 1969 4530 a

386 4574 797 4643 cogitationibus
825 4586 929 4627 non
961 4569 1200 4626 labefieri
1225 4583 1288 4624 ac
1313 4568 1573 4623 dimoveri
1604 4585 1618 4621 :
1644 4566 1855 4637 quando
1875 4583 1969 4621 au-

388 4676 498 4721 tem
524 4666 668 4720 venti
700 4666 936 4730 irruunt,
965 4664 1265 4731 irrumpunt
1291 4661 1515 4727 imbres,
1545 4660 1783 4731 undique
1810 4661 1970 4714 attol-

389 4758 515 4810 litur
536 4756 714 4827 gravis
737 4764 1048 4825 tempestas,
1066 4755 1348 4823 crebrique
1367 4763 1420 4807 et
1437 4753 1587 4807 densi
1606 4762 1731 4806 sunt
1751 4752 1965 4818 fluctus;

386 4848 580 4903 deinde
608 4864 715 4903 non
747 4847 989 4902 labamus
1016 4862 1115 4902 nec
1142 4846 1474 4911 vacillamus,
1518 4845 1718 4900 nullius
1744 4846 1968 4900 alterius

386 4941 461 4994 rei
492 4950 574 4995 est
599 4938 873 5004 indicium,
904 4954 1064 5009 quam
1092 4938 1233 5008 quod
1269 4937 1501 4992 creverit
1528 4948 1582 4991 et
1620 4952 1967 5007 superoreve-

385 5033 453 5086 rit
476 5040 531 5086 et
558 5032 717 5086 altior
743 5031 876 5085 facta
907 5032 976 5085 sit
997 5030 1148 5085 tides.
1174 5029 1323 5084 Sicut
1357 5032 1500 5083 enim
1532 5029 1582 5082 in
1613 5028 1814 5082 diluvio
1851 5042 1967 5081 om—

385 5124 469 5177 nia
497 5124 711 5193 quidem
752 5122 961 5193 lapidea
1006 5132 1060 5176 et
1096 5121 1316 5175 humilia
1354 5124 1462 5177 cito
1488 5129 1615 5175 sunt
1661 5121 1962 5183 occultata;

383 5232 502 5283 qua:
529 5224 682 5269 erant
727 5224 904 5268 autem
951 5230 1213 5282 superne,
1270 5215 1537 5269 inaccessa
1571 5228 1819 5269 mansere
1848 5230 1860 5266 :
1894 5214 1966 5268 ita

384 5309 545 5360 etiam
588 5307 721 5360 fides
743 5323 860 5376 quae
889 5308 995 5360 alta
1030 5306 1210 5369 fuerit,
1239 5322 1342 5358 non
1372 5306 1690 5374 deprimitur
1722 5321 1821 5361 nec
1869 5305 1966 5361 de-

385 5400 650 5451 turbatur.
670 5399 955 5467 Pr0pterea
983 5414 1089 5452 non
1117 5399 1271 5464 dixit,
1299 5398 1523 5463 Crescit,
1548 5398 1665 5465 sed,
1685 5398 1966 5469 Supercre-

382 5497 474 5547 scit
492 5495 614 5562 ﬁdes
629 5504 809 5557 vestra,
828 5503 874 5547 et
893 5493 1115 5547 abundat
1132 5494 1317 5545 caritas
1337 5493 1728 5562 uniuscujusque
1748 5502 1965 5547 vestrum

383 5586 439 5639 in
474 5589 705 5640 invicem.
736 5585 896 5639 Vides
946 5585 1087 5655 quod
1128 5585 1230 5638 hoc
1256 5584 1499 5639 conferat
1526 5583 1593 5637 ad
1618 5583 1956 5647 afﬂictiones,

383 5690 501 5730 esse
525 5674 792 5731 confertos
807 5685 1200 5745 etcompactos,
1215 5684 1269 5731 et
1288 5675 1428 5732 inter
1457 5692 1517 5731 se
1544 5676 1857 5732 cohaerere?
1880 5676 1957 5730 Ex

387 5767 487 5821 hoc
505 5781 632 5837 ergo
657 5768 826 5822 oritur
846 5769 1006 5823 etiam
1028 5782 1215 5839 magna
1238 5769 1559 5823 consolatio.
1588 5770 1761 5839 Atque
1792 5768 1957 5822 imbe-

384 5860 558 5916 cillam
584 5860 797 5931 quidem
829 5864 1103 5919 caritatem
1143 5873 1199 5919 et
1239 5863 1399 5919 fidem
1440 5862 1762 5921 labefactant
1820 5866 1956 5918 ami-

1216 399 1281 456 lN
1322 398 1535 456 EPIST.
1570 396 1615 452 ll
1677 398 1771 453 AD
1809 391 2143 451 THESSAL.
2184 392 2335 448 CAP.
2379 395 2417 449 l.
2458 394 2686 468 HOMIL.
2732 395 2796 452 ιι.

3569 405 3671 459 4'“

2093 506 2302 563 ctiones
2334 527 2347 563 :
2380 508 2575 565 fortem
2606 522 2786 568 autem
2820 513 3049 570 reddunt
3078 502 3371 573 fortiorem.
3405 519 3535 574 Nam
3581 521 3673 592 qui

2093 598 2145 652 in
2171 598 2357 655 dolore
2386 601 2600 672 quidem
2630 614 2715 659 est
2735 606 2965 674 animus,
2991 608 3035 663 si
3072 610 3143 662 sit
3169 610 3411 666 infirmus
3435 622 3487 667 et
3517 613 3669 668 debi-

2090 690 2177 755 lis,
2224 693 2354 748 nihil
2392 695 2441 749 ei
2470 699 2756 753 accesserit
2786 716 2800 754 :
2830 700 2919 769 qui
2945 708 3028 755 est
3063 710 3241 757 autem
3268 704 3454 761 firmus
3498 716 3551 762 et
3579 723 3669 761 va-

2090 782 2247 850 lidus,
2284 794 2410 840 tunc
2454 789 2689 845 maxime
2717 798 2914 859 potest.
2946 791 3080 847 Vide
3121 804 3298 850 autem
3344 797 3621 852 caritatem
3655 817 3671 855 :

2090 890 2196 930 non
2228 876 2369 932 hunc
2411 879 2629 948 quidem
2677 882 2990 953 diligebant,
3044 885 3194 940 illum
3233 902 3369 942 vero
3407 890 3667 956 minime;

2089 968 2182 1021 sed
2206 978 2323 1024 erat
2360 973 2579 1039 aequalis
2604 974 2655 1027 in
2684 975 2935 1030 onmibus
2962 993 2974 1030 :
3008 976 3109 1031 hoc
3139 978 3283 1034 enim
3311 983 3474 1035 tacite
3498 983 3673 1038 innuit

2087 1060 2333 1130 dicendo,
2367 1064 2775 1139 Uniuscuiusque
2813 1082 3029 1126 vestrum
3067 1074 3123 1128 in
3160 1075 3395 1141 invicem,
3433 1076 3577 1145 quod
3607 1092 3669 1131 ea

2086 1153 2224 1208 sitin
2247 1156 2544 1226 aequilibrio
2565 1161 2729 1216 veluti
2753 1164 2910 1219 unius
2930 1166 3191 1235 corporis.
3207 1166 3340 1221 Nam
3364 1184 3505 1223 nunc
3532 1185 3668 1237 quo—

2084 1264 2190 1318 que
2231 1250 2535 1309 invenimus
2570 1269 2689 1311 esse
2732 1258 2874 1326 apud
2913 1259 3110 1313 multos
3137 1261 3412 1316 caritatem
3441 1270 3495 1315 et
3532 1262 3666 1315 dile-

2085 1340 2440 1407 ctionem,sed
2454 1343 2589 1400 hanc
2601 1347 2879 1403 caritatem
2898 1350 3300 1405 etdilectionem
3314 1366 3434 1406 esse
3452 1367 3666 1406 causam

2085 1432 2452 1490 dissensionis.
2501 1436 2635 1492 Nam
2689 1441 2902 1509 quando
2942 1442 3053 1496 bini
3097 1452 3189 1497 aut
3235 1446 3368 1497 terni
3412 1444 3669 1499 fuerimus

2085 1526 2378 1595 conjuncti,
2406 1538 2461 1584 et
2489 1530 2595 1586 duo
2620 1533 2841 1604 quidem
2884 1545 2977 1589 aut
3004 1545 3113 1591 tres
3141 1549 3233 1590 aut
3259 1548 3484 1606 quatuor
3514 1538 3669 1591 valde

2088 1619 2232 1674 inter
2254 1636 2314 1677 se
2358 1622 2555 1678 fuerint
2600 1626 2858 1697 colligati,
2909 1643 2939 1681 a
2982 1630 3191 1684 caeteris
3234 1640 3409 1684 autem
3462 1632 3668 1700 seipsos

2083 1713 2475 1781 abstrahentcs,
2505 1731 2570 1770 eo
2600 1719 2741 1786 quod
2769 1720 2834 1774 ad
2864 1720 2985 1774 illos
3017 1723 3221 1790 possint
3250 1722 3565 1792 confugere,
3615 1732 3668 1777 et

2086 1804 2189 1858 illis
2216 1806 2265 1859 iu
2296 1807 2543 1862 omnibus
2570 1810 2871 1875 confidere;
2902 1812 3003 1867 hoc
3029 1823 3111 1868 est
3138 1812 3423 1875 dissensio,
3456 1830 3559 1869 non
3587 1814 3669 1868 di-

2084 1897 2261 1951 lectio.
2286 1898 2534 1969 Nam,dic
2563 1902 2713 1965 mihi,
2747 1903 2793 1957 si
2838 1904 3046 1970 oculus,
3081 1921 3238 1975 quam
3292 1905 3453 1959 habet
3506 1907 3666 1961 totius

2083 1993 2321 2060 corporis
2346 2007 2551 2059 curam,
2584 1994 2637 2048 in
2677 2011 2893 2050 manum
2940 1999 3201 2065 conferat,
3250 2009 3301 2052 et
3332 2016 3389 2053 se
3439 2000 3505 2052 ab
3544 2000 3666 2053 aliis

2083 2084 2338 2137 membris
2364 2096 2651 2152 avertens,
2700 2088 2775 2141 illi
2824 2090 2925 2142 soli
2974 2091 3244 2158 attendat,
3285 2108 3461 2147 annon
3494 2093 3668 2161 perdit

2083 2174 2425 2229 universum?
2452 2177 2585 2233 Vere
2610 2179 2810 2248 utique.
2844 2180 2914 2234 Ita
2941 2197 3039 2235 nos
3059 2198 3270 2251 quoque
3299 2188 3340 2238 si
3363 2185 3660 2250 caritatem,

2080 2280 2200 2334 qua:
2227 2268 2439 2321 extendi
2470 2268 2629 2323 debet
2674 2272 2725 2325 in
2756 2282 2919 2326 totam
2950 2274 3041 2328 Dei
3073 2274 3391 2343 Ecclesiam,
3423 2277 3474 2331 in
3503 2294 3664 2332 unum

2079 2366 2133 2409 et
2161 2358 2387 2413 alterum
2410 2364 2813 2428 contrahamus,
2842 2372 2895 2418 et
2923 2379 3020 2418 nos
3058 2365 3205 2434 ipsos
3234 2374 3289 2421 et
3317 2367 3439 2421 illos
3464 2379 3518 2422 et
3545 2370 3663 2422 uni-

2081 2465 2266 2505 versos
2294 2453 2566 2520 perdimus
2595 2473 2607 2509 :
2642 2454 2758 2509 lucc
2788 2457 2932 2510 enim
2960 2471 3066 2510 non
3107 2466 3233 2511 sunt
3260 2459 3520 2525 caritatis,
3568 2461 3665 2514 sed

2079 2544 2283 2599 dissidii
2308 2587 2320 2611 ,
2346 2549 2595 2602 scissura:
2622 2559 2678 2604 et
2703 2550 3078 2606 dissensionis.
3103 2551 3236 2606 Nam
3261 2553 3471 2608 etiamsi
3498 2569 3528 2607 a
3553 2562 3666 2609 toto

2081 2635 2296 2691 homine
2319 2639 2558 2693 avulsam
2584 2656 2843 2710 accepero
2867 2655 3096 2713 partem,
3144 2644 3259 2715 ipsa
3286 2646 3499 2715 quidem
3527 2646 3663 2700 scis—

2078 2744 2201 2783 sura
2226 2745 2406 2785 secum
2429 2743 2511 2786 est
2532 2734 2700 2799 unita,
2716 2742 2770 2789 et
2787 2734 3063 2792 cohwrens
3077 2748 3133 2792 et
3152 2738 3512 2808 conglutinata
3535 2758 3548 2801 ;
3569 2755 3666 2793 cae-

2080 2830 2249 2876 terum
2278 2825 2356 2878 sic
2384 2841 2596 2895 quoque
2622 2835 2706 2881 est
2734 2827 2989 2895 scissura,
3033 2831 3287 2899 quoniam
3318 2832 3523 2901 reliquo
3554 2848 3663 2886 non

2079 2922 2159 2966 est
2182 2914 2321 2967 unita
2350 2916 2583 2984 corpori.

2148 3005 2201 3058 2.
2233 3006 2369 3073 Quid
2402 3010 2544 3062 enint
2575 3011 2796 3080 prodest
2824 3012 2965 3081 quod
3013 3012 3156 3067 hunc
3186 3022 3279 3067 aut
3318 3013 3466 3068 illum
3512 3013 3666 3091 valde

2079 3096 2314 3167 diligas?
2348 3099 2590 3155 Humana
2644 3111 2728 3156 est
2752 3104 2949 3157 caritas
2997 3112 3053 3158 et
3095 3103 3313 3159 dilectio
3344 3122 3358 3159 :
3391 3106 3437 3159 si
3485 3116 3664 3158 autem

2079 3206 2184 3243 non
2213 3200 2295 3245 est
2324 3191 2585 3257 humana,
2615 3193 2707 3248 sed
2753 3206 2971 3264 propter
3020 3196 3188 3249 Deum
3235 3195 3431 3266 diligis,
3478 3211 3666 3251 omnes

2078 3281 2238 3352 dilige
2262 3300 2274 3336 :
2321 3284 2460 3339 Deus
2485 3285 2628 3339 enim
2664 3286 2743 3341 sic
2763 3287 2925 3356 jussit
2952 3288 3113 3342 etiam
3144 3289 3387 3344 inimicos
3415 3288 3657 3359 diligere.

2078 3374 2229 3440 Quod
2259 3375 2302 3427 si
2330 3376 2489 3442 jussit
2525 3376 2748 3446 diligere
2796 3378 3040 3433 inimicos
3064 3420 3079 3445 ,
3111 3389 3312 3447 quanto
3357 3381 3524 3450 magis
3570 3396 3667 3435 eos

2078 3468 2167 3536 qui
2199 3477 2250 3521 te
2300 3469 2442 3522 nulla
2495 3469 2792 3525 affecerunt
2821 3470 3014 3541 injuria
3045 3481 3207 3539 atque
3252 3470 3543 3525 molestia?
3596 3472 3666 3524 At

2079 3558 2265 3629 diligo,
2301 3559 2496 3628 inquis.
2520 3559 2627 3615 Sed
2656 3576 2763 3615 non
2786 3562 2855 3615 ita
2882 3580 2895 3615 :
2927 3564 3038 3615 imo
3063 3577 3194 3616 vero
3220 3578 3320 3616 nec
3341 3562 3518 3631 diligis
3547 3562 3665 3631 qui-

2077 3652 2199 3706 dem
2229 3669 2242 3704 :
2273 3668 2394 3706 nam
2418 3654 2630 3723 quando
2659 3670 2901 3720 accusas,
2928 3656 3143 3724 quando
3174 3654 3413 3719 invides,
3443 3655 3661 3725 quando

2079 3743 2361 3809 insidiaris,
2396 3744 2667 3813 quomodo
2693 3745 2916 3814 diligis?
2947 3747 3017 3801 At
3045 3745 3168 3811 hoc,
3204 3745 3402 3815 inquis,
3448 3762 3554 3800 non
3584 3746 3664 3800 fa-

2078 3836 2182 3889 cio.
2211 3834 2317 3890 Sed
2340 3835 2552 3905 quando
2575 3837 2713 3892 male
2740 3837 2990 3893 audiente
3017 3838 3179 3893 fratre
3210 3837 3578 3893 maledicentis
3603 3854 3665 3894 os

2078 3941 2184 3980 non
2211 3926 2446 3982 obstruis
2472 3942 2571 3982 nec
2603 3929 2668 3982 iis
2693 3944 2812 3999 quae
2836 3929 3086 3983 dicuntur
3111 3929 3271 3983 fidem
3298 3946 3459 3999 negas
3480 3946 3579 3985 nec
3601 3946 3664 3985 ea

2077 4017 2407 4084 comprimis,
2433 4016 2710 4086 cujusnam
2739 4020 2990 4072 amicitia:
3021 4029 3104 4073 est
3134 4019 3234 4075 hoc
3263 4020 3514 4075 indicium
3538 4021 3561 4073 ?
3599 4021 3664 4074 Et

2077 4108 2301 4161 abundat
2327 4149 2341 4169 ,
2373 4108 2578 4178 inquit,
2614 4110 2801 4165 caritas
2839 4110 3236 4180 uniuscujusque
3274 4121 3492 4166 vestrum
3531 4114 3663 4166 invi-

2076 4214 2220 4253 cem:
2248 4200 2304 4254 4.
2328 4200 2402 4252 ita
2429 4208 2485 4253 ut
2506 4208 2552 4252 et
2572 4216 2664 4254 nos
2682 4201 2781 4270 ipsi
2807 4202 2859 4253 in
2890 4202 3026 4255 vobis
3046 4202 3325 4272 glorientur
3346 4203 3400 4256 in
3421 4202 3665 4257 Ecclesiis

2076 4290 2191 4345 Dei.
2227 4291 2281 4346 ln
2312 4291 2477 4362 priori
2501 4292 2724 4361 epistola
2754 4291 2886 4347 dicit
2909 4307 3099 4347 omnes
3122 4293 3394 4348 Ecclesias
3420 4294 3667 4348 Macedn-

2076 4386 2178 4438 nia:
2208 4394 2260 4439 et
2285 4384 2504 4439 Achaia:
2533 4400 2820 4440 resonasse
2861 4385 3044 4438 audita
3074 4400 3263 4440 eorum
3303 4385 3405 4440 title
3435 4403 3448 4440 :
3494 4385 3580 4439 Ita
3610 4396 3665 4438 ut

2075 4492 2175 4530 non
2234 4476 2320 4540 sit,
2364 4474 2558 4543 inquit,
2592 4476 2737 4529 nobis
2778 4491 2977 4529 necesse
3015 4475 3292 4545 quidquam
3334 4477 3522 4544 loqui:
3560 4479 3660 4546 ipsi

2074 4569 2211 4623 enim
2238 4568 2301 4621 de
2325 4569 2468 4623 nobis
2484 4568 2791 4621 annuntiant
2820 4566 3020 4637 qualem
3052 4569 3313 4622 introitum
3336 4568 3662 4623 habuerimus

2074 4660 2143 4713 ad
2172 4677 2257 4714 vos
2284 4659 2361 4731 (l.
2399 4660 2576 4715 Thess.
2622 4661 2673 4714 t.
2707 4660 2760 4714 8.
2793 4660 2889 4730 9):
2932 4659 3021 4715 hic
3046 4669 3225 4716 autem
3273 4661 3422 4727 dicit,
3458 4661 3526 4717 Ut
3570 4681 3662 4716 nos

2074 4751 2369 4822 gloriemur.
2396 4752 2533 4818 Quid
2556 4761 2639 4807 est
2665 4767 2795 4821 ergo
2823 4752 2965 4822 quod
2992 4752 3195 4808 dictum
3217 4754 3339 4808 est?
3369 4754 3482 4809 lllic
3510 4754 3658 4818 dicit,

2073 4844 2264 4899 Nostra
2293 4860 2398 4900 non
2426 4854 2584 4915 egent
2605 4845 2845 4901 doctrina
2877 4862 2889 4895 :
2923 4844 3011 4899 hic
3031 4855 3211 4901 autem
3237 4861 3343 4901 non
3373 4847 3521 4915 dicit,
3550 4848 3658 4903 Nos

2073 4950 2168 4990 eos
2195 4935 2473 5002 docemus,
2505 4934 2624 5003 sed,
2660 4934 2975 4990 Gloriamur.
3010 4936 3068 4990 Si
3109 4951 3241 5006 ergo
3282 4953 3380 4992 nos
3408 4938 3477 4993 de
3505 4939 3658 4995 vobis

2073 5036 2129 5083 et
2159 5029 2268 5085 Deo
2297 5029 2499 5100 gratias
2526 5030 2755 5099 agimus,
2787 5040 2841 5085 et
2869 5030 3165 5099 gloriamur
3206 5032 3345 5100 apud
3369 5029 3615 5086 homines
3639 5047 3655 5098 ;

2073 5123 2242 5176 multo
2270 5123 2438 5193 magis
2467 5137 2564 5177 vos
2590 5122 2692 5177 hoc
2718 5122 2898 5177 facere
2939 5132 3155 5192 oportet
3199 5122 3269 5179 de
3307 5124 3509 5179 nostris
3557 5123 3657 5178 bo-

2074 5214 2177 5267 nis.
2211 5214 2264 5269 Si
2298 5216 2441 5268 enim
2470 5230 2589 5284 quae
2629 5229 2660 5269 a
2700 5215 2851 5270 vobis
2898 5220 3047 5271 recte
3091 5224 3239 5285 gesta
3284 5226 3451 5282 sunt,
3499 5215 3657 5285 digna

2073 5314 2199 5360 sunt
2224 5304 2418 5374 quibus
2447 5304 2539 5358 alii
2568 5305 2888 5374 glorientur,
2920 5305 3190 5375 quomodo
3214 5306 3367 5362 nobis
3398 5307 3659 5361 lamenta-

2075 5400 2252 5455 tione?
2284 5399 2396 5453 Dici
2428 5415 2536 5453 non
2571 5409 2765 5468 potest.
2797 5399 2882 5453 Ita
2912 5410 2965 5453 ut
2992 5411 3040 5453 et
3069 5418 3159 5454 nos
3198 5401 3316 5471 ipsi.
3348 5401 3554 5470 inquit,
3602 5401 3657 5454 in

2074 5492 2209 5547 vobis
2238 5493 2516 5563 gloriemur
2542 5493 2597 5546 in
2626 5492 2871 5547 Ecclesiis
2900 5493 2996 5548 Dei
3021 5511 3115 5563 pro
3150 5496 3395 5562 patientia
3420 5507 3586 5549 vestra
3611 5503 3661 5549 et

2073 5585 2194 5653 ﬁde.
2229 5585 2325 5639 Hic
2364 5585 2600 5639 ostendit
2644 5585 2872 5639 multum
2928 5586 3255 5655 praeteriisse
3284 5586 3585 5657 temporis:
3626 5605 3657 5642 a

2072 5678 2239 5732 multo
2264 5679 2407 5732 enim
2448 5686 2695 5747 tempore
2719 5686 2941 5748 apparet
2970 5676 3248 5747 patientia,
3293 5694 3398 5732 non
3432 5680 3483 5732 in
3526 5679 3660 5733 duo-

2073 5770 2171 5823 bus
2199 5779 2291 5825 aut
2318 5770 2490 5824 tribus
2516 5769 2730 5824 diebus.
2758 5769 2877 5823 Non
2912 5769 3157 5824 absolute
3200 5778 3378 5825 autem
3406 5770 3537 5825 dicit
3567 5787 3657 5840 pa-

2074 5865 2324 5920 tientiam.
2366 5863 2640 5920 Patientia:
2667 5861 2880 5933 quidem
2908 5872 3054 5918 certe
3085 5872 3166 5918 est
3196 5863 3352 5919 bonis
3380 5862 3660 5934 promissis
