4114 6396
521 413 624 467 475

515 544 622 584 non
675 528 809 593 frui;
859 542 1001 582 nunc
1038 535 1217 580 autem
1269 525 1534 594 majorem
1584 524 1715 579 dicit
1761 523 2090 594 patientiam.

516 619 857 688 Quamnam?
902 618 1035 674 Eam
1079 633 1198 688 qua:
1243 617 1457 673 exsistit
1497 632 1595 687 per
1634 617 2100 687 persequutiones.

517 710 670 778 Quod
697 719 873 764 autem
903 725 1020 764 eam
1053 711 1261 776 innuat,
1295 709 1636 778 perspicuum
1676 717 1759 763 est
1787 725 1853 762 ex
1888 709 1953 763 iis
1982 723 2102 777 quae

517 803 734 872 snbjicit
763 819 777 857 :
812 800 878 855 In
904 800 1131 856 omnibus
1159 799 1624 870 persequutionibus
1654 801 1828 854 vestris
1856 809 1902 853 et
1945 800 2103 854 tribu-

517 897 788 952 lationibus
817 911 944 964 quas
970 895 1246 948 sustinetis.
1280 892 1412 947 Nam
1463 902 1724 963 perpetuo
1767 893 1932 946 vitam
1975 907 2100 962 age-

519 989 655 1044 bant
689 1004 811 1043 cum
841 987 1086 1042 hostibus
1113 987 1202 1057 qui
1258 986 1490 1056 undique
1529 1001 1623 1040 eos
1653 985 1982 1041 conabantur
2011 984 2102 1038 la:-

515 1081 665 1148 dere,
695 1081 1015 1151 ﬁrmamque
1060 1087 1115 1135 et
1143 1079 1473 1134 immobilem
1515 1077 1870 1133 ostendebant
1895 1077 2102 1147 patien-

464 1182 468 1184 '
515 1173 672 1228 tiam.
697 1172 1034 1227 Erubescant
1059 1171 1156 1234 illi,
1194 1171 1286 1241 qui
1318 1179 1539 1240 propter
1569 1169 1843 1224 hominum
1874 1167 2103 1240 patroci-

516 1267 663 1319 nium
697 1273 974 1320 transeunt
1015 1265 1081 1318 ad
1110 1264 1381 1334 dogmata.
1424 1262 1557 1317 Nam
1589 1278 1710 1316 cum
1742 1261 1916 1317 adhuc
1960 1270 2104 1317 esset

516 1357 724 1410 initium
753 1355 1168 1427 praedicationis,
1198 1354 1443 1408 homines
1473 1367 1756 1423 pauperes,
1785 1363 1841 1407 et
1867 1367 1935 1408 ex
1962 1366 2099 1422 quo-

520 1447 724 1502 tidiano
751 1462 916 1514 opere
940 1447 1137 1501 victum
1169 1446 1270 1500 sibi
1320 1454 1569 1513 parantes
1595 1444 1854 1499 adversus
1892 1458 1987 1498 eos
2012 1442 2103 1513 qui

518 1539 774 1610 gerebant
802 1539 1183 1610 rempublicam
1206 1580 1219 1602 ,
1250 1547 1303 1593 et
1331 1537 1489 1608 primi
1520 1545 1674 1593 erant
1702 1537 1951 1602 civitatis,
1983 1550 2102 1590 sus-

517 1633 787 1702 cipiebant
825 1632 1168 1696 inimicitias;
1198 1645 1318 1684 cum
1349 1644 1447 1685 nec
1475 1645 1591 1695 rex,
1631 1643 1731 1684 nec
1761 1628 2103 1699 magistratus

517 1739 744 1792 usquam
769 1733 914 1779 esset
947 1723 1150 1787 fidelis,
1192 1733 1247 1778 et
1294 1721 1494 1777 bellum
1549 1721 1804 1777 subibant
1850 1720 2103 1791 implaca-

518 1813 646 1880 bile,
683 1824 737 1870 et
766 1831 833 1869 ne
862 1815 939 1869 sic
987 1813 1202 1884 quidem
1233 1813 1582 1869 ahsistebant.
1609 1814 1664 1869 5.
1709 1811 1778 1867 In
1816 1813 2102 1882 exemplum

509 1910 642 1979 justi
659 1909 851 1980 judicii
883 1907 1002 1963 Dei.
1035 1907 1172 1963 Vide
1199 1906 1473 1978 quomodo
1498 1905 1578 1962 eis
1603 1914 1754 1976 paret
1780 1906 2101 1961 consolatio-

519 2018 662 2057 nem.
697 2002 930 2064 Dixerat,
982 2001 1098 2056 Deo
1142 2000 1340 2072 gratias
1381 2000 1590 2070 agimus
1623 2016 1637 2052 :
1677 1999 1926 2065 dixerat,
1974 1997 2102 2054 Glo-

518 2095 717 2148 riamur
743 2095 883 2164 apud
909 2093 1152 2149 homines
1180 2111 1194 2148 :
1220 2093 1336 2147 haec
1359 2092 1576 2162 quidem
1605 2091 1745 2147 bona
1772 2102 1825 2147 ct
1846 2091 2096 2156 honesta;

517 2186 610 2240 sed
641 2185 782 2256 quod
822 2186 1052 2240 maxime
1081 2186 1272 2255 quairit
1299 2185 1345 2240 is
1373 2184 1466 2255 qui
1519 2183 1710 2240 dolore
1754 2182 2006 2248 afficitur,
2047 2181 2100 2237 id

516 2288 599 2332 est
628 2279 873 2333 liberatio
909 2293 939 2331 a
978 2277 1134 2332 malis
1157 2318 1174 2343 ,
1226 2285 1280 2332 et
1324 2277 1646 2346 supplicium
1691 2290 1876 2330 eorum
1924 2277 2098 2346 quiin

522 2371 669 2439 ipsos
698 2371 836 2426 male
863 2377 1103 2440 egerant.
1132 2367 1264 2423 Nam
1288 2368 1502 2440 quando
1544 2366 1840 2423 imbecillus
1861 2376 1945 2422 est
1981 2368 2098 2422 ani-

513 2476 657 2526 mus,
704 2460 822 2516 haec
861 2461 1095 2517 maxime
1122 2460 1382 2531 requirit:
1412 2461 1504 2531 qui
1548 2467 1632 2515 est
1669 2459 1812 2514 enim
1857 2458 2097 2529 philoso-

513 2551 670 2620 plms,
703 2567 771 2606 ne
801 2550 902 2607 hoc
921 2552 1157 2622 quidem.
1205 2552 1342 2620 Quid
1373 2566 1500 2622 ergo
1538 2551 1686 2615 dicit,
1717 2548 1786 2604 In
1814 2551 2098 2620 exemplum

503 2643 634 2711 justi
664 2643 849 2710 judicii
887 2642 1031 2698 Dei?
1061 2643 1355 2714 Utrumque
1384 2643 1543 2698 tacite
1575 2642 1777 2708 innuit,
1823 2650 1878 2698 et
1911 2657 2095 2697 eorum

515 2733 604 2800 qui
633 2729 774 2789 male
807 2743 972 2803 agunt
1016 2735 1345 2806 punitionem
1365 2775 1382 2802 ,
1413 2745 1466 2790 et
1489 2749 1678 2791 eorum
1715 2735 1803 2805 qui
1829 2735 1968 2790 bene
2006 2748 2095 2788 re-

516 2825 943 2880 munerationem
968 2843 982 2880 :
1029 2828 1182 2898 quasi
1211 2827 1447 2893 diceret,
1476 2835 1534 2882 ut
1557 2869 1572 2895 ,
1603 2829 1817 2899 quando
1841 2845 1939 2885 vos
1979 2831 2098 2902 qui-

516 2915 639 2970 dem
667 2924 910 2981 coronat,
938 2916 1059 2972 illos
1085 2928 1263 2973 autem
1290 2919 1460 2988 punit,
1488 2918 1800 2974 ostendatur
1827 2920 1920 2976 Dei
1941 2921 2096 2991 justi-

515 3006 606 3059 tia.
634 3005 800 3060 Simul
834 3008 992 3063 etiam
1038 3023 1132 3062 eos
1159 3009 1488 3072 consolatur,
1517 3009 1807 3065 05tendens
1857 3011 1997 3080 quod
2042 3021 2096 3068 et

515 3114 580 3153 ex
614 3089 842 3169 propriis
883 3101 1152 3156 laboribus
1179 3111 1234 3156 et
1275 3101 1584 3168 sudoribus,
1630 3113 1684 3157 et
1712 3104 2097 3160 convenienter

513 3193 704 3246 rationi
729 3194 949 3263 justitiae
964 3204 1310 3249 coronentur.
1329 3194 1437 3250 Sed
1459 3195 1604 3264 prius
1621 3195 1770 3265 ponit
1791 3197 1843 3250 id
1866 3196 2005 3268 quod
2027 3197 2093 3252 ad

516 3300 610 3338 eos
651 3288 898 3353 pertinet.
936 3285 1068 3340 Nam
1111 3287 1320 3342 etiamsi
1367 3288 1630 3357 quispiam
1683 3287 1840 3342 valde
1877 3297 2094 3357 appetat

510 3376 821 3443 vindictam,
847 3378 991 3445 prius
1018 3387 1193 3433 tamen
1225 3377 1496 3434 desiderat
1520 3379 1740 3448 praemia
1767 3397 1781 3434 :
1812 3389 2092 3450 propterea

509 3471 786 3539 Sohjnngit
819 3489 834 3526 :
866 3470 934 3526 (’t
960 3472 1101 3542 digni
1123 3471 1410 3525 habeamini
1435 3487 1592 3542 regno
1636 3471 1750 3538 Dei,
1801 3489 1891 3542 pro
1919 3489 2017 3542 quo
2046 3482 2093 3528 et

510 3563 766 3631 patimini.
798 3562 912 3618 Non
944 3562 1045 3617 hoc
1073 3578 1203 3635 ergo
1229 3563 1288 3617 fit
1313 3579 1376 3618 ex
1405 3579 1493 3626 eo,
1526 3563 1669 3633 quod
1699 3565 1805 3618 sint
1827 3565 2092 3632 potentio-

509 3669 598 3706 res
620 3655 705 3722 qui
733 3654 935 3708 faciunt
958 3655 1230 3725 injuriam,
1255 3655 1349 3711 sed
1377 3670 1443 3710 ex
1465 3671 1551 3724 eo,
1583 3655 1724 3725 quod
1750 3655 1829 3710 sic
1850 3664 2093 3724 oporteat

509 3761 734 3813 regnum
777 3746 1001 3816 ingredi.
1033 3744 1137 3800 Per
1163 3747 1348 3801 multas
1376 3748 1530 3815 enim,
1582 3746 1771 3816 inquit,
1802 3747 2092 3816 aﬂiictiones

508 3847 704 3904 oportet
732 3855 823 3891 nos
848 3839 1040 3893 intrare
1084 3839 1139 3892 in
1189 3855 1402 3910 regnum
1434 3837 1529 3891 Dei
1578 3838 1712 3907 (Act.
1756 3839 1845 3892 M.
1883 3837 2002 3903 22).
2035 3838 2088 3894 6.

511 3927 573 3980 Si
602 3939 766 3981 tamen
787 3930 984 3999 justum
1007 3939 1079 3983 est
1103 3931 1242 3999 apud
1271 3928 1438 3983 Deum
1469 3929 1678 3984 reddere
1720 3929 2094 3984 retributionem

515 4021 579 4072 iis
621 4021 707 4089 qui
735 4036 820 4074 vos
850 4021 1115 4087 tribulant,
1163 4023 1216 4074 7.
1259 4030 1306 4074 et
1352 4020 1489 4075 vobis
1514 4021 1601 4090 qui
1643 4020 1955 4074 tribulamini
2008 4038 2092 4075 re-

510 4113 677 4180 quiem
713 4114 993 4179 nobiscum,
1041 4114 1093 4166 in
1119 4114 1424 4168 reuelatione
1463 4112 1668 4166 Domini
1705 4111 1831 4167 Iesu
1875 4113 1938 4166 de
1968 4113 2095 4168 εαξιο

516 4221 633 4258 eum
650 4206 844 4276 angelis
872 4206 1071 4259 virtutis
1098 4207 1228 4275 ejus.
1253 4204 1406 4271 Illud,
1441 4205 1506 4260 Si
1533 4214 1720 4270 tamen,
1752 4205 1838 4259 hic
1863 4205 2092 4274 positum

512 4305 596 4350 est
627 4311 743 4364 pro,
771 4297 892 4367 quia
911 4311 932 4351 :
956 4297 1099 4366 quod
1127 4296 1341 4366 quidem
1366 4296 1616 4365 ponimus
1639 4295 1689 4349 in
1721 4295 1786 4349 iis
1812 4295 1880 4350 de
1903 4296 2094 4364 quibus

509 4387 670 4442 valde
691 4395 921 4451 constat,
948 4387 1085 4443 adeo
1107 4395 1166 4442 ut
1205 4386 1502 4442 contradici
1530 4401 1638 4441 non
1666 4385 1835 4455 possit
1865 4401 1877 4438 :
1907 4385 1959 4440 id
1989 4394 2092 4451 est,

517 4476 684 4531 Valde
707 4476 930 4546 justum.
961 4477 1016 4533 Si
1036 4477 1239 4546 justum
1265 4486 1368 4542 est,
1403 4476 1596 4545 inquit,
1627 4475 1769 4545 apud
1796 4475 1961 4529 Deum
2001 4490 2095 4530 eos

513 4567 721 4631 ulcisci,
750 4569 970 4623 omnino
997 4569 1305 4624 uleiscetur.
1333 4568 1497 4634 Quasi
1517 4567 1741 4631 diceret,
1776 4567 1833 4622 Si
1863 4583 1954 4622 res
1985 4568 2097 4622 Deo

515 4668 640 4713 sunt
682 4676 846 4724 curae,
876 4661 922 4716 si
955 4661 1093 4716 Deus
1118 4670 1289 4716 curat.
1338 4661 1428 4716 Sic
1474 4671 1529 4715 et
1579 4662 1692 4730 ipse
1723 4659 1874 4724 illud,
1905 4660 1967 4714 Si
2013 4670 2094 4712 ta-

516 4770 651 4816 men,
685 4754 853 4823 ponit,
882 4768 948 4808 ac
977 4755 1021 4808 si
1062 4768 1148 4809 res
1193 4756 1244 4808 in
1288 4753 1536 4809 coniesso
1565 4754 1670 4818 sit;
1703 4768 1766 4807 ac
1795 4753 1840 4808 si
1866 4751 2092 4817 diceret,

517 4845 572 4896 Si
627 4842 766 4899 Deus
811 4844 935 4898 odio
985 4843 1143 4900 habet
1193 4845 1362 4900 malos
1413 4862 1426 4898 :
1474 4853 1531 4898 ut
1559 4843 1679 4898 illos
1723 4852 1882 4914 cogat
1919 4843 2098 4899 dicere

519 4935 662 5002 q'uod
705 4936 832 4991 odio
872 4935 1068 4993 habeat
1111 4937 1279 5008 (sunt
1324 4937 1466 4993 enim
1519 4936 1783 5006 ejusmodi
1820 4937 2097 4992 sententia:

519 5032 742 5086 minime
773 5031 994 5100 dubize),
1044 5040 1227 5102 utpote
1275 5047 1396 5087 eum
1441 5041 1496 5086 et
1525 5031 1601 5084 illi
1629 5030 1731 5100 ipsi
1761 5030 1933 5084 sciant
1957 5029 2100 5099 quod

510 5125 715 5194 justum
762 5125 851 5180 sit.
896 5125 1028 5180 Nam
1072 5126 1118 5180 si
1146 5125 1249 5180 hoc
1291 5125 1493 5194 justum
1522 5133 1606 5178 est
1635 5122 1774 5193 apud
1818 5121 2096 5187 homines,

523 5218 694 5271 multo
742 5218 912 5289 magis
942 5217 1083 5286 apud
1129 5217 1324 5273 Deum.
1355 5215 1588 5271 Reddere
1611 5256 1626 5282 ,
1656 5215 1846 5286 inquit,
1876 5214 2098 5268 retribu-

520 5311 707 5363 tionem
732 5309 795 5363 iis
824 5310 911 5378 qui
939 5326 1025 5365 vos
1069 5309 1332 5374 m'bul'ant,
1361 5316 1408 5362 et
1442 5307 1579 5362 vobis
1628 5307 1716 5376 qui
1765 5305 2096 5368 tribulamini,

519 5401 763 5469 requiem.

597 5495 650 5548 5.
691 5492 827 5560 Quid
845 5493 1010 5562 ergo?
1035 5501 1186 5548 estne
1212 5505 1364 5561 aequa
1385 5490 1700 5546 retributio?
1722 5488 2098 5559 Nequaquam:

515 5584 612 5637 sed
641 5583 759 5637 vide
790 5599 884 5653 per
908 5600 969 5638 ea
993 5600 1110 5653 qua:
1139 5591 1434 5652 sequuntur
1446 5581 1713 5651 quomodo
1730 5578 1962 5633 ostendit
1981 5591 2102 5632 esse

515 5677 1006 5740 vehementiorem,
1037 5687 1090 5731 et
1130 5677 1369 5746 requiem
1420 5675 1588 5729 multo
1619 5676 1902 5742 majorem.
1961 5670 2102 5724 Ecce

533 5766 690 5820 etiam
719 5769 817 5823 alia
865 5769 1160 5824 consolatio
1193 5787 1206 5822 :
1239 5767 1456 5823 eosdem
1507 5766 1707 5820 habere
1750 5765 1925 5819 socios
1960 5761 2098 5815 allii-

524 5857 782 5930 ctionum,
822 5869 878 5916 et
925 5860 976 5916 in
1009 5860 1456 5928 remuneratione,
1501 5858 1673 5930 inquit
1700 5858 1826 5928 (hoc
1855 5857 1997 5914 enim
2027 5856 2100 5911 si-

1296 408 1353 463 S.
1392 407 1665 465 JOANNIS
1699 406 2163 463 CHRYSOSTOMI
2203 410 2516 466 ARCHIEP.
2556 412 3082 473 CUNSTANTINOP.

3685 419 3782 473 ωδ

2213 525 2427 595 gnificat
2474 527 2634 593 illud,
2691 529 3180 602 Nobiscum):eos
3228 535 3319 604 qui
3373 534 3782 593 innumerabilia

2210 614 2453 671 fecerunt
2479 619 2720 689 majora,
2753 621 3026 693 conjungit
3068 625 3242 680 socios
3285 626 3337 679 in
3391 627 3627 681 coronis.
3679 630 3784 684 De-

2211 709 2336 763 inde
2371 719 2426 763 et
2466 719 2675 780 tempus
2702 712 2868 779 addit,
2903 723 2956 768 et
3000 730 3093 782 per
3119 716 3531 786 descriptionem
3579 729 3785 776 mentes

2210 815 2396 856 eorum
2446 817 2655 858 sursum
2704 805 2941 870 extollit,
2988 806 3152 862 verbo
3181 809 3339 862 cados
3395 811 3782 880 propemodum

2210 893 2477 961 aperiens,
2511 903 2566 948 et
2592 910 2781 951 eorum
2809 898 2980 952 oculis
3007 899 3328 968 subjiciens,
3359 911 3414 955 et
3439 903 3578 956 circa
3608 903 3783 972 ipsum

2210 989 2396 1044 statuit
2433 993 2730 1062 angelicum
2776 997 3091 1063 exercitum,
3123 1007 3178 1052 et
3225 1014 3289 1053 ex
3341 1014 3404 1053 eo
3461 1001 3598 1066 loco,
3631 1010 3684 1055 et
3713 1017 3780 1056 ex

2210 1079 2276 1132 iis
2320 1097 2438 1149 qum
2490 1094 2613 1138 sunt
2655 1101 2722 1140 ex
2753 1086 2898 1156 ipso,
2950 1088 3188 1143 latiorem
3232 1088 3430 1144 faciens
3471 1091 3777 1160 imaginem,

2211 1184 2268 1228 ut
2304 1175 2401 1243 ipsi
2457 1192 2642 1245 parum
2695 1181 2978 1249 respirent.
3012 1181 3078 1234 Et
3133 1183 3287 1244 vobis,
3315 1184 3398 1250 qui
3447 1184 3777 1248 tribulamini,

2210 1268 2428 1334 requiem
2469 1268 2722 1323 nobiscum
2751 1272 2802 1325 in
2827 1272 3128 1326 reuelatione
3179 1273 3381 1326 Domini
3404 1273 3529 1328 Jesu
3559 1277 3621 1329 de
3657 1277 3783 1330 calo

2210 1373 2324 1410 cum
2379 1362 2571 1429 angelis
2615 1362 2810 1416 virtutis
2849 1365 2979 1433 ejus,
3027 1365 3080 1418 8.
3122 1365 3176 1418 in
3203 1367 3409 1434 ﬂamma
3463 1367 3596 1436 ignis
3649 1368 3780 1421 dan-

2208 1453 2272 1505 tis
2313 1452 2581 1507 vindictam
2607 1455 2667 1509 iis
2706 1457 2793 1524 qui
2840 1473 2940 1510 non
2989 1468 3234 1510 noverunt
3272 1457 3456 1522 Deam,
3488 1470 3536 1512 et
3563 1460 3648 1528 qui
3678 1477 3779 1514 non

2209 1541 2449 1596 obediunt
2477 1545 2733 1615 evangelio
2761 1544 2969 1600 Domini
3011 1549 3171 1602 nostri
3199 1548 3324 1601 Jesu
3349 1549 3556 1603 Christi.
3585 1549 3662 1614 Si,
3690 1551 3780 1620 qui

2209 1635 2486 1704 evangelio
2537 1652 2642 1691 non
2671 1638 2941 1704 obedinnt,
2982 1639 3110 1694 dant
3143 1655 3326 1709 ptenas
3354 1659 3367 1694 :
3399 1643 3508 1710 qui,
3557 1652 3778 1711 prater-

2207 1738 2367 1794 quam
2413 1728 2556 1796 quod
2585 1743 2688 1782 non
2719 1729 2995 1793 obedinnt,
3028 1746 3122 1784 vos
3148 1731 3307 1784 etiam
3337 1731 3603 1801 affligunt,
3654 1733 3778 1802 quid

2208 1832 2315 1872 non
2343 1819 2651 1888 patientur?
2677 1821 3048 1891 Contempiare
3069 1832 3245 1877 autem
3271 1825 3384 1893 ejus
3403 1825 3733 1894 prudentiam
3759 1844 3776 1879 :

2207 1923 2316 1963 non
2339 1909 2474 1964 dixit
2494 1911 2600 1977 hic,
2617 1912 2707 1982 qui
2732 1927 2830 1967 vos
2857 1912 3115 1983 afﬂigunt,
3137 1915 3251 1979 sed,
3280 1915 3377 1979 Qui
3398 1932 3498 1969 non
3523 1915 3778 1969 obediunt.

2206 2000 2323 2068 Quo
2352 2002 2411 2056 fit
2435 2010 2493 2056 ut
2531 2003 2740 2060 etiamsi
2761 2020 2866 2058 non
2897 2013 3111 2075 propter
3138 2021 3254 2069 vos,
3303 2016 3519 2074 propter
3547 2007 3778 2075 seipsum

2206 2107 2429 2148 necesse
2449 2093 2518 2148 sit
2547 2108 2641 2149 eos
2666 2095 2875 2164 punire.
2891 2098 3067 2164 Atque
3095 2095 3198 2151 hoc
3225 2097 3436 2164 quidem
3459 2096 3654 2150 dictum
3673 2105 3775 2161 est,

2206 2193 2265 2239 ut
2280 2200 2373 2241 eos
2395 2185 2582 2241 reddat
2605 2186 2883 2254 certiores,
2899 2187 3037 2258 quod
3063 2202 3156 2242 eos
3181 2188 3397 2241 omnino
3417 2187 3592 2257 puniri
3609 2203 3772 2256 opor-

2205 2285 2346 2344 teat;
2374 2278 2440 2333 iis
2484 2287 2683 2347 autem,
2715 2296 2836 2350 qua:
2876 2281 3021 2350 prius
3057 2279 3218 2346 dixit,
3261 2281 3399 2350 quod
3437 2295 3531 2336 eos
3564 2295 3774 2350 quoque

2205 2380 2452 2440 Oporteat
2497 2372 2770 2427 honorari.
2825 2373 2907 2428 Ad
2962 2372 3288 2428 credendum
3333 2388 3460 2442 ergo
3513 2373 3632 2426 illos
3690 2374 3774 2426 in-

2203 2459 2352 2517 ducit
2373 2463 2611 2518 nuntiata
2636 2465 2882 2535 supplicii
2903 2464 3166 2519 certitudo
3187 2481 3202 2531 ;
3221 2463 3287 2518 ad
3317 2463 3601 2518 laatandum
3625 2479 3772 2531 vero,

2202 2554 2344 2623 quod
2373 2565 2589 2624 propter
2610 2557 2747 2610 mala
2775 2556 2877 2611 sibi
2904 2557 3046 2611 illata
3075 2558 3189 2612 haec
3217 2557 3500 2626 patiantur.
3521 2556 3645 2611 Haec
3673 2557 3775 2612 illis

2200 2647 2416 2717 quidem
2464 2648 2608 2704 dicta
2655 2658 2799 2713 sunt,
2838 2649 2932 2704 sed
2964 2650 3118 2707 nobis
3171 2664 3382 2720 quoque
3424 2650 3770 2704 conveniunt.

2203 2737 2431 2804 Quando
2455 2754 2584 2810 ergo
2633 2739 2892 2797 fuerimus
2940 2742 2994 2795 in
3036 2741 3438 2810 afﬂictionibus,
3468 2740 3582 2796 haec
3611 2757 3774 2812 repu-

2202 2837 2395 2884 temus.

2270 2918 2350 2974 De
2374 2920 2696 2975 inimicorum
2721 2921 2971 2992 supplicio
2995 2939 3096 2977 non
3121 2922 3415 2976 laetandum.
3442 2952 3513 2963 —
3536 2921 3614 2978 Ne
3642 2922 3775 2976 alio-

2199 3027 2318 3066 rum
2347 3012 2589 3066 laatemur
2611 3013 2905 3082 supplicio,
2938 3024 3208 3085 tamquam
3247 3014 3316 3069 de
3346 3015 3536 3084 quibus
3560 3026 3773 3084 sumpta

2199 3103 2270 3157 sit
2290 3101 2538 3167 vindicta,
2567 3104 2664 3158 sed
2686 3112 2742 3158 ut
2773 3105 2865 3175 qui
2885 3105 3052 3160 simus
3078 3106 3287 3160 liberati
3316 3120 3346 3159 a
3388 3105 3477 3159 tali
3506 3105 3769 3174 supplicio

2198 3203 2254 3249 et
2281 3209 2460 3264 poena.
2507 3193 2643 3262 Quid
2671 3195 2816 3250 enim
2863 3210 2962 3251 nos
2984 3195 3136 3266 juvat
3182 3195 3395 3266 quando
3441 3195 3531 3250 alii
3574 3195 3768 3250 iuerint

2198 3287 2402 3356 puniti?
2426 3285 2506 3342 Ne
2531 3287 2658 3354 sint,
2687 3302 2889 3358 quaeso,
2938 3289 3070 3343 tales
3114 3288 3284 3343 nostri
3313 3287 3475 3342 animi
3503 3305 3516 3341 :
3545 3301 3575 3340 a
3602 3301 3770 3354 regno

2197 3380 2482 3434 incitemur
2503 3379 2570 3434 ad
2597 3380 2868 3434 virtutem.
2906 3379 3037 3434 Nam
3059 3379 3148 3450 qui
3173 3389 3255 3434 est
3280 3381 3451 3435 bonus
3476 3394 3540 3433 ac
3573 3379 3771 3432 virtute

2196 3471 2352 3526 valde
2381 3469 2656 3540 praeditus,
2685 3486 2858 3540 neque
2890 3486 2921 3525 a
2946 3471 3137 3526 timore
3165 3486 3339 3541 neque
3364 3485 3394 3523 a
3424 3485 3588 3539 regno
3616 3470 3770 3523 indu-

2197 3563 2336 3616 citur
2364 3561 2429 3615 ad
2457 3562 2729 3626 virtutem,
2756 3560 2850 3616 sed
2880 3572 3096 3631 propter
3125 3562 3294 3631 ipsum
3317 3560 3608 3626 Christum,
3635 3561 3771 3614 sicut

2197 3653 2424 3709 faciebat
2449 3654 2668 3709 Paulus.
2699 3653 2805 3708 Sed
2835 3669 2933 3708 nos
2953 3656 3244 3724 cogitemus
3265 3653 3400 3708 bona
3429 3669 3547 3723 qua:
3569 3664 3692 3707 sunt
3716 3654 3768 3708 in

2200 3761 2386 3815 regno,
2420 3753 2474 3798 et
2506 3744 2644 3798 mala
2673 3760 2792 3814 quae
2813 3753 2937 3799 sunt
2963 3747 3016 3799 in
3044 3745 3282 3814 gehenna
3313 3763 3326 3799 :
3360 3745 3436 3800 sic
3456 3745 3644 3800 saltem
3667 3759 3770 3798 nos

2197 3851 2584 3906 componamus
2609 3847 2662 3892 et
2682 3837 3014 3902 erudiamus;
3047 3839 3125 3893 sic
3146 3853 3244 3892 nos
3274 3838 3417 3907 ipsos
3455 3837 3774 3892 inducamus

2203 3929 2271 3984 ad
2300 3943 2362 3984 ea
2389 3944 2509 3999 qua:
2534 3938 2660 3982 sunt
2704 3930 2929 3998 agenda.
2959 3927 3182 3995 Quando
3211 3928 3409 3983 videris
3446 3927 3643 3997 aliquid
3671 3927 3771 3981 bo-

2200 4035 2327 4074 num
2354 4030 2409 4075 et
2435 4034 2683 4088 magnum
2707 4020 2758 4073 in
2791 4019 3040 4088 praasenti
3070 4019 3199 4085 vita,
3229 4019 3402 4087 cogita
3429 4033 3672 4088 regnum,
3717 4027 3774 4072 et

2200 4110 2254 4165 id
2285 4109 2414 4164 nihil
2452 4124 2573 4164 esse
2625 4110 2955 4164 existimabis
2989 4128 3002 4164 :
3033 4109 3244 4179 quando
3291 4111 3568 4176 terribile,
3597 4109 3769 4178 cogita

2198 4201 2520 4273 gehennam,
2542 4210 2598 4256 et
2619 4202 2863 4256 irridebis
2892 4219 2904 4255 :
2935 4202 3146 4272 quando
3169 4212 3219 4257 te
3237 4202 3490 4256 invaserit
3510 4199 3775 4270 cupiditas

2200 4293 2514 4363 corporalis,
2569 4303 2756 4362 reputa
2795 4293 2992 4363 ignem,
3024 4303 3208 4363 reputa
3253 4303 3307 4348 et
3347 4293 3514 4363 ipsius
3566 4292 3770 4362 peccati

2200 4385 2548 4454 voluptatem,
2571 4384 2714 4454 quod
2757 4385 2953 4439 nullius
2983 4384 3052 4438 sit
3098 4385 3272 4454 pretii,
3305 4383 3446 4454 quod
3479 4398 3546 4438 ne
3585 4382 3776 4436 habeat

2202 4476 2418 4546 quidem
2469 4475 2819 4544 voluptatem.
2852 4474 2907 4530 Si
2948 4476 3091 4530 enim
3149 4475 3343 4545 legum,
3379 4490 3498 4545 quae
3533 4473 3620 4528 hic
3646 4482 3776 4527 sunt

2203 4566 2348 4632 latas,
2373 4574 2545 4620 metus
2570 4574 2771 4620 tantam
2796 4567 2901 4620 vim
2928 4565 3104 4631 habet,
3135 4575 3194 4621 ut
3218 4581 3314 4620 nos
3340 4581 3366 4618 a
3399 4565 3573 4635 pravis
3602 4563 3776 4618 abdu-

2201 4667 2289 4714 cat
2307 4658 2625 4720 actionihus,
2651 4658 2819 4712 multo
2842 4659 3011 4728 magis
3031 4658 3328 4713 futurorum
3352 4659 3630 4719 memoria,
3650 4671 3780 4724 sup-

2206 4752 2425 4823 plicium
2447 4751 2771 4814 immortale,
2798 4766 2954 4820 pmna
2974 4751 3298 4820 sempiterna
3322 4768 3334 4804 :
3357 4751 3400 4803 si
3435 4760 3604 4803 metus
3631 4750 3780 4819 regis

2205 4845 2406 4902 terreni
2441 4859 2470 4897 a
2499 4853 2606 4898 tam
2636 4844 2816 4898 multis
2847 4859 2949 4899 nos
2987 4843 3201 4898 abducit
3231 4844 3405 4909 malis,
3438 4852 3636 4912 quanto
3664 4856 3789 4895 ma-

2203 4941 2284 5011 gis
2321 4948 2496 4995 metus
2539 4939 2726 4994 :nterni
2773 4939 2972 5009 Regis?
3003 4938 3282 5006 Quomodo
3325 4951 3452 5006 ergo
3478 4935 3793 5004 poterimus

2204 5030 2418 5085 assidue
2445 5037 2644 5083 metum
2667 5028 2902 5083 habere?
2922 5029 2978 5083 Si
3007 5028 3314 5098 frequenter
3339 5025 3615 5080 audiamus
3634 5022 3798 5078 Scri-

2207 5132 2410 5192 pturas.
2444 5120 2576 5174 Nam
2607 5120 2654 5176 si
2678 5119 2872 5174 mortui
2890 5120 3033 5175 solus
3057 5127 3374 5187 conspectus
3401 5117 3637 5170 animum
3679 5129 3798 5168 no-
3831 5129 3844 5185 ι

2207 5221 2374 5267 strum
2418 5213 2489 5266 ita
2515 5211 2762 5280 reprimit
2789 5229 2802 5264 :
2831 5219 3029 5281 quanto
3059 5210 3225 5280 magis
3254 5209 3498 5279 gehenna
3550 5217 3602 5261 et
3642 5205 3806 5275 ignis

2206 5305 2298 5374 qui
2338 5304 2522 5372 nequit
2556 5302 2856 5373 exstingui?
2887 5311 3090 5371 quanto
3119 5301 3288 5370 magis
3327 5298 3525 5353 vermis
3557 5296 3643 5366 qui
3675 5311 3807 5353 non

2207 5393 2472 5450 moritur?
2496 5392 2550 5448 Si
2581 5392 2882 5463 gehennam
2909 5407 3121 5462 semper
3144 5391 3456 5461 cogitemus,
3476 5402 3580 5442 non
3606 5387 3719 5440 cito
3743 5389 3813 5444 in

2209 5501 2328 5541 eam
2371 5486 2685 5540 incidemus.
2740 5485 3029 5554 Propterea
3077 5483 3400 5554 supplicium
3445 5482 3676 5535 minatus
3707 5495 3819 5538 est

2211 5577 2373 5633 Deus.
2401 5578 2456 5633 Si
2479 5578 2611 5633 illud
2637 5578 2872 5649 cogitare
2899 5592 3005 5632 non
3049 5591 3298 5646 magnum
3326 5573 3536 5644 aliquod
3569 5572 3821 5630 haberet

2214 5670 2446 5735 lucrum,
2478 5685 2584 5723 non
2625 5669 2732 5739 jam
2760 5669 2991 5722 minatus
3027 5677 3171 5722 esset
3211 5667 3353 5721 Deus
3379 5685 3391 5720 :
3415 5665 3508 5720 sed
3537 5665 3822 5733 quoniam

2214 5763 2342 5829 ejus
2372 5761 2671 5816 recordatio
2697 5761 2837 5816 valet
2867 5760 2935 5815 ad
2963 5775 3049 5816 res
3079 5775 3297 5829 magnas
3331 5767 3477 5813 recte
3496 5756 3821 5827 gerendas,

2217 5864 2524 5922 propterea,
2547 5863 2796 5923 tanquam
2824 5854 3056 5909 salutare
3078 5849 3290 5922 aliquod
3316 5848 3826 5922 medicamento,
