4114 6396
330 362 436 420 475

327 479 575 535 Μάλιστα
595 476 695 547 μὲν
713 470 807 530 οὗν
826 476 922 529 καὶ
950 474 1010 529 :6
1021 474 1130 529 τῶν
1146 476 1573 548 ἐπηγγελμένων
1591 475 1812 547 ἀγαθῶν
1832 474 1909 547 μὴ

325 562 429 635 ἢδη
452 560 766 624 ἀπολαύειν,
802 559 1079 631 ὑπομονῆς
1110 561 1267 613 ἐστι·
1303 559 1399 614 νῦν
1449 560 1505 614 δέ
1544 562 1639 615 καὶ
1684 560 1910 631 μείζονα

327 648 476 717 λέγει
508 645 808 716 ὑπομονήν.
850 644 1016 698 Ποίαν
1045 643 1111 715 δὴ
1132 643 1373 715 ταύτην;
1407 646 1519 716 Τὴν
1554 645 1644 698 διά
1672 646 1783 699 τῶν
1833 645 1910 698 δι-

325 730 554 801 ωγμῶν.
602 730 725 782 Ὅτι
762 727 820 782 δέ
841 727 1045 796 ταύτην
1074 726 1391 793 αἰνίττεται,
1431 728 1590 800 δῆλον
1631 728 1693 793 ἐξ
1718 721 1794 783 ὧν
1820 729 1911 781 ἐπ-

327 817 451 881 άγει
480 812 575 866 καὶ
603 811 752 881 λέγει
771 828 787 844 ·
831 812 929 866 Ἐν
966 810 1119 869 πᾶσι
1149 811 1274 878 τοῖς
1314 811 1591 882 διωγμοῖς
1612 810 1781 881 ὑμῶν
1809 810 1909 865 καὶ

327 897 457 963 ταῖς
473 897 760 964 θλίψεσιν
787 890 882 962 αἷς
904 895 1215 965 ἀνέχεσθε.
1245 895 1528 965 Πολεμίοις
1542 893 1651 966 7&9
1672 893 1912 957 συνέζων

326 980 592 1049 οιηνεκῶς
621 979 886 1033 πάντοθεν
913 979 1169 1049 βλάπτειν
1223 977 1583 1048 ἐπιχειροῦσι,
1626 977 1723 1031 καὶ
1755 978 1912 1049 στερ-

331 1064 432 1135 ρἀ
466 1064 562 1117 καὶ
600 1063 857 1135 ἀκίνητον
902 1062 1002 1135 τὴν
1032 1062 1313 1133 ὑπομονὴν
1363 1062 1761 1117 ἐπεδείκνυντο.
1816 1063 1913 1115 Δί-

333 1147 715 1217 σχυνέσθωσαν
736 1148 851 1200 ὅσοι
872 1145 960 1201 διὰ
987 1145 1321 1218 προστασίαν
1350 1144 1655 1216 ἀνθρώπων
1678 1146 1759 1209 είς
1790 1144 1912 1213 δόγ-

334 1248 482 1301 ματα
513 1231 885 1301 μεθίστανται.
930 1229 1053 1283 Ἔτι
1080 1229 1190 1301 7&9
1207 1229 1383 1301 ἀρχῆς
1410 1228 1579 1300 οὔσης
1591 1228 1685 1282 τοῦ
1704 1227 1913 1299 κηρύγ-

334 1331 524 1386 ματος,
560 1314 837 1385 ἀνθρωποι
865 1313 1097 1386 πένητες
1124 1315 1218 1368 καὶ
1246 1314 1357 1368 ἀπὸ
1386 1313 1489 1383 τῆς
1534 1312 1913 1385 καθημερινῆς

333 1396 535 1463 ζῶντες
572 1398 835 1467 ἐργασίας
888 1397 1025 1470 πρὸς
1082 1397 1281 1470 ἄνδρας
1325 1396 1769 1466 πολιτευομένους
1819 1395 1915 1450 καὶ

334 1480 589 1551 πρώτους
615 1482 717 1551 τῆς
754 1481 964 1545 πόλεως
1004 1480 1205 1554 ἔχθρας
1245 1480 1581 1552 ἀνεδέχοντο,
1605 1478 1735 1534 οὔτε
1760 1479 1914 1549 βασι-

332 1563 491 1629 λέως,
528 1563 652 1619 οὔτε
679 1566 939 1636 ἄρχοντος
967 1564 1119 1629 ὄντος
1149 1583 1251 1619 που
1276 1565 1492 1631 πιστοῦ,
1534 1565 1631 1619 κα)⁵
1673 1563 1915 1634 πόλεμον

332 1649 642 1721 ἀκήρυκτον
668 1649 978 1719 ὑφίσταντο,
998 1650 1094 1704 καὶ
1111 1650 1234 1702 οὐδὲ
1261 1648 1434 1712 οὕτως
1450 1648 1753 1715 ἐξίσταντο.
1776 1649 1914 1702 Ἕν-

332 1733 539 1804 δειγμα
565 1733 674 1804 τῆς
698 1734 934 1801 δικαίας
974 1736 1227 1803 κρίσεως
1251 1733 1360 1789 τοῦ
1400 1734 1569 1789 Θεοῦ.
1625 1734 1767 1801 Ὅρα
1798 1734 1915 1796 πῶς

334 1819 519 1881 αὐτοῖς
544 1818 765 1888 συνάγει
784 1820 884 1892 τὴν
923 1819 1297 1890 παραμυθίαν.
1336 1814 1523 1886 Εἶπεν,
1562 1818 1643 1872 ὅτι
1678 1819 1916 1889 Εὐχαρι-

336 1902 569 1973 στοῦμεν
593 1901 673 1974 τῷ
695 1902 838 1974 Θεῷ,
861 1898 1034 1968 εἷπεν,
1054 1904 1138 1956 ὅτι
1162 1900 1510 1973 Καυχώμεθα
1535 1902 1687 1973 παρά
1706 1901 1915 1971 ἀνθρώ-

335 2004 479 2051 ποις.
506 1987 661 2041 Καλά
694 1987 792 2059 μὲν
820 1984 915 2041 οῦν
940 1988 1035 2041 κα)⁸
1064 1986 1239 2041 ταῦτα
1262 2003 1276 2016 ’
1305 1985 1421 2039 ἀλλ’
1447 1985 1476 2039 ὃ
1503 1985 1739 2056 μάλιστα
1764 1985 1917 2054 ζητεῖ

334 2074 365 2124 6
413 2069 768 2141 ὀδυνώμενος,
809 2070 966 2126 τοῦτό
1005 2073 1175 2134 ἐστιν,
1210 2067 1530 2140 ἀπαλλαγὴν
1563 2068 1672 2122 τῶν
1705 2069 1914 2131 κακῶν,

337 2154 432 2207 καὶ
491 2154 762 2225 τιμωρίαν
811 2154 920 2209 τῶν
965 2153 1152 2216 κακῶς
1213 2152 1412 2215 αὐτοὺς
1475 2151 1823 2206 διατιθέντων
1863 2163 1912 2204 α.

339 2241 509 2296 Ὅταν
545 2243 654 2314 7&9
687 2242 921 2313 ἀσθενὴς
1025 2243 1059 2314 ἡ
1091 2240 1256 2313 ψυχὴ,
1306 2240 1479 2295 ταῦτα
1519 2240 1754 2312 μάλιστα
1795 2240 1917 2292 ἐπι-

338 2325 585 2397 ζητεῖ·ή
618 2328 727 2398 7&9
781 2326 1089 2396 φιλόσοφος,
1136 2326 1257 2379 οὐδὲ
1298 2324 1478 2379 τοῦτο.
1535 2325 1603 2377 Τί
1632 2320 1726 2379 οὖν
1770 2326 1919 2378 ἐστιν

337 2411 367 2464 ὃ
392 2427 575 2480 φησιν,
600 2409 914 2480 Ἕνδειγμα
937 2408 1048 2477 τῆς
1071 2409 1304 2476 δικαίας
1328 2409 1579 2478 κρίσεως
1604 2408 1711 2462 τοῦ
1736 2407 1918 2472 Θεοῦ;

342 2495 482 2567 ’Πδη
520 2496 619 2567 τὴν
671 2493 1022 2548 ἀνταπόδοσιν
1074 2492 1295 2564 ᾐνίξατο
1339 2492 1626 2564 ἑκατέραν,
1681 2493 1775 2547 καὶ
1817 2492 1918 2563 τὴν

337 2580 447 2633 τῶν
479 2578 775 2633 ποιούντων
821 2578 1032 2643 κακῶς,
1064 2578 1158 2631 καὶ
1186 2576 1285 2650 τὴν
1324 2577 1433 2632 τῶν
1461 2576 1778 2648 πασχόντων
1799 2593 1813 2607 ³
1842 2578 1918 2642 ὼς

340 2664 408 2717 ἂν
438 2664 487 2717 εί
515 2663 734 2732 ἔλεγεν⁹
772 2662 861 2727 ἶν’,
881 2663 1011 2717 ὅταν
1036 2662 1182 2733 ὑμᾶς
1223 2662 1322 2733 μὲν
1361 2664 1634 2732 στεφανοῖ,
1676 2661 1920 2725 ἐκείνους

337 2748 395 2801 δὲ
425 2746 661 2821 κολάζῃ,
702 2745 1013 2817 δεικνύηται
1063 2745 1125 2798 τὸ
1170 2745 1379 2800 δίκαιον
1425 2745 1521 2799 τοῦ
1564 2745 1721 2801 Θεοῦ.
1764 2747 1920 2817 ’Ἅμα

338 2832 534 2896 αὐτοὺς
546 2833 638 2885 καὶ
659 2831 1085 2901 παραμυθεῖται,
1113 2829 1325 2894 δεικνὺς
1341 2830 1422 2885 ὄτι
1447 2830 1554 2885 ἀπὸ
1573 2830 1683 2884 τῶν
1702 2833 1918 2885 οἰκείων

339 2916 517 2969 πόνων
536 2915 629 2969 καὶ
653 2915 760 2968 τῶν
779 2913 1020 2986 ἱδρώτων
1042 2914 1134 2967 καί
1159 2913 1301 2967 κατά
1326 2916 1417 2967 τὸν
1444 2914 1547 2985 τῆς
1570 2914 1919 2986 δικαιοσύνης

338 3000 496 3069 λόγον
562 2999 968 3070 στεφανοῦνται.
1034 2997 1197 3051 Ἀλλά
1279 2998 1545 3070 πρότερον
1600 3000 1792 3070 ,τίθησι
1855 3000 1919 3054 :6

337 3083 537 3138 αὐτῶν.
592 3083 658 3137 Et
701 3083 809 3152 7&9
851 3083 949 3136 καὶ
990 3082 1195 3154 σφόδρα
1226 3082 1485 3153 ἐπιθυμεῖ
1512 3100 1597 3147 τις
1636 3083 1735 3154 τὴν
1770 3083 1917 3137 ἐκδι-

339 3167 485 3232 κίαν,
523 3165 660 3221 ἀλλά
718 3165 984 3237 πρότερον
1025 3165 1135 3219 τῶν
1180 3164 1434 3219 ἐπάθλων
1488 3166 1766 3239 ὀρέγεται.
1819 3167 1919 3221 Διά

336 3249 493 3304 τοῦτο
536 3250 631 3303 καὶ
670 3250 867 3317 ἐπάγει
932 3248 1108 3316 λέγων
1139 3264 1154 3278 ·
1204 3252 1309 3313 Είς
1357 3248 1426 3301 τὸ
1476 3250 1919 3320 καταξιωθῆναι

336 3333 493 3404 ὑμᾶς
520 3334 630 3401 τῆς
656 3331 981 3396 βασιλείας
1029 3332 1139 3386 τοῦ
1174 3332 1343 3396 Θεοῦ,
1395 3332 1548 3401 ὑπὲρ
1583 3330 1658 3404 ἧς
1685 3335 1785 3389 καί
1808 3335 1918 3388 πά-

337 3435 538 3486 σχετε.
574 3417 688 3469 Οὐκ
738 3415 846 3485 ἄρα
902 3409 997 3467 οὖν
1042 3414 1150 3468 ἀπὸ
1189 3413 1284 3468 τοῦ
1336 3414 1735 3485 δυνατωτέρους
1776 3412 1917 3472 εἶναι

335 3503 462 3565 τοὺς
504 3499 819 3562 ἀδικοῦντας
874 3497 1033 3552 τοῦτο
1081 3496 1310 3567 γίνεται,
1362 3497 1478 3552 ἀλλ’
1525 3500 1633 3553 ἀπὸ
1671 3500 1767 3554 τοῦ
1806 3502 1917 3554 δεῖν

336 3583 510 3647 οὕτως
538 3586 618 3647 εἰς
646 3582 743 3654 τὴν
779 3579 1059 3653 βασιλείαν
1096 3580 1343 3635 εἰσιέναι.
1388 3580 1494 3636 Διὰ
1529 3582 1780 3636 πολλῶν
1806 3583 1917 3653 τὰρ

336 3669 623 3736 θλίψεων,
653 3667 808 3736 φησὶ,
830 3665 927 3720 δεῖ
952 3663 1111 3735 ἡμᾶς
1140 3664 1439 3719 εἰσελθεῖν
1474 3668 1563 3731 είς
1601 3669 1717 3735 τὴν
1744 3668 1919 3732 ,βασι-

335 3750 511 3805 λείαν
552 3748 659 3803 τοῦ
702 3748 874 3804 Θεοῦ.
918 3748 1103 3816 Ειπερ
1142 3746 1377 3802 δίκαιον
1412 3749 1574 3817 παρὰ
1618 3749 1740 3815 Θεῷ
1773 3752 1917 3805 ἀντ-

336 3834 670 3889 αποδοῦναι
697 3831 822 3899 τοῖς
844 3832 1162 3886 θλίϐουσιν
1184 3830 1344 3901 ὑμᾶς
1382 3832 1614 3902 θλῖψιν,
1646 3834 1747 3889 καὶ
1774 3834 1919 3905 ὑμῖν

335 3917 462 3984 τοῖς
514 3913 884 3985 θλιϐομένοις
910 3914 1126 3969 ἄνεσιν
1146 3916 1277 3985 μεθ’
1303 3915 1473 3984 ἡμῶν
1498 3957 1514 3983 ,
1558 3916 1630 3970 ἐν
1669 3916 1746 3985 τῇ
1771 3919 1919 3973 ἀπο.

338 4000 601 4068 καλύψει
632 3998 743 4053 τοῦ
786 3999 1009 4067 Κυρίου
1060 3998 1269 4067 Ἰησοῦ
1318 3999 1422 4053 ἀπ’
1471 4000 1736 4067 οὐρανοῦ
1785 4003 1916 4072 μετ’

337 4084 607 4154 ἀγγέλων
632 4081 937 4151 δυνάμεως
961 4081 1167 4137 αὐτοῦ.
1194 4082 1288 4146 T6,
1306 4083 1495 4152 εἴπερ,
1534 4082 1769 4138 ἐνταῦθα
1794 4086 1917 4141 ἀντὶ

338 4168 434 4222 τοῦ
453 4209 468 4234 ,
498 4167 651 4234 ἐπεὶ,
672 4169 846 4220 κεῖται
873 4183 887 4197 ·
919 4167 1056 4237 ὅπερ
1085 4166 1179 4219 ἐπὶ
1210 4165 1321 4219 τῶν
1372 4166 1580 4238 σφόδρα
1622 4168 1917 4238 ὁμολογου-

344 4250 521 4323 μένων
532 4250 627 4304 καὶ
654 4252 814 4321 ἡμεῖς
833 4248 1058 4320 τίθεμεν
1082 4251 1176 4303 καὶ
1195 4250 1627 4322 άναντιρῤήτων·
1652 4254 1774 4307 ἀντὶ
1796 4253 1913 4317 τοῦ,

343 4334 547 4405 σφόδρα
585 4334 813 4387 δίκαιον.
860 4333 924 4385 Et
956 4332 1163 4386 δίκαιόν
1202 4334 1339 4399 ἐστι,
1376 4335 1543 4405 φησὶ,
1587 4338 1738 4406 παρά
1796 4336 1917 4407 Θεῷ

341 4418 562 4479 τούτους
616 4413 946 4486 ἀμύνασθαι,
1002 4415 1221 4479 πάντως
1272 4417 1583 4487 ἀμυνεῖται’
1646 4419 1723 4483 ὡς
1763 4420 1830 4474 ἂν
1868 4422 1916 4473 εί

340 4500 527 4568 ἐλεγεν
556 4517 572 4531 ο
598 4500 647 4552 εί
673 4498 825 4569 μέλει
863 4498 941 4569 τῷ
987 4499 1109 4571 Θεῷ
1140 4498 1290 4571 [518]
1329 4500 1437 4554 τῶν
1465 4503 1828 4573 πραγμάτων,
1866 4506 1914 4557 εί

342 4581 616 4654 φροντίζει
646 4584 675 4636 6
711 4582 865 4646 Θεός.
906 4580 1067 4637 Οὕτω
1102 4583 1195 4636 καὶ
1233 4582 1395 4648 αὐτὸς
1428 4584 1611 4654 τίθησι
1651 4586 1713 4639 τὸ
1747 4587 1915 4655 ειπερ

338 4667 517 4732 τοῦτο,
552 4666 628 4730 ώς
671 4666 765 4720 ἐπὶ
816 4666 1281 4737 ὡμολογημένωνο
1314 4667 1389 4731 ὡς
1424 4669 1473 4721 εί
1513 4668 1667 4737 ἐλεγέ
1705 4686 1790 4733 τις
1814 4687 1827 4700 ο
1867 4671 1915 4723 εἰ

343 4752 493 4821 μισεί
520 4751 647 4815 τοὺς
678 4750 948 4820 πονηροὺς
982 4751 1011 4802 6
1032 4749 1165 4813 Θεός
1189 4766 1203 4780 ·
1234 4750 1325 4804 διὰ
1342 4751 1501 4805 τοῦτο
1517 4751 1692 4820 λέγων
1716 4752 1913 4821 οὕτως,

342 4836 432 4889 ἴνα
479 4834 721 4897 ἐκείνους
758 4834 1047 4907 ἀναγκάσῃ
1098 4836 1292 4899 εἰπεῖν,
1336 4836 1419 4888 ὅτι
1459 4839 1647 4907 μισεῖ·
1682 4837 1916 4908 μάλιστα

344 4920 454 4991 γὰρ
480 4918 539 4974 αί
568 4917 812 4973 τοιαῦται
859 4917 1030 4988 ψῆφοι
1058 4918 1445 4990 ἀναμφίλεκτοί
1489 4921 1631 4973 είσιν
1654 4937 1668 4951 ο
1705 4921 1782 4985 ώς
1821 4923 1917 4977 καὶ

342 5003 523 5058 αὐτῶν
572 5003 797 5057 ἐκείνων
844 5002 1083 5067 εἰδότων,
1126 5004 1212 5057 ὄτι
1267 5004 1479 5057 δίκαιόν
1509 5005 1676 5059 ἐστιν.
1718 5006 1783 5059 Εἰ
1807 5007 1916 5077 γὰρ

340 5088 494 5158 παρά
530 5085 839 5157 ἀνθρώποις
861 5084 1020 5140 τοῦτο
1048 5086 1278 5152 δίκαιον,
1320 5087 1502 5158 πολλῷ
1534 5088 1735 5159 μᾶλλον
1763 5090 1918 5160 παρὰ

338 5172 418 5242 τῷ
464 5171 603 5242 Θεῷ.
668 5170 1151 5236 Ἀνταποδοῦναι,
1212 5172 1382 5243 φησὶ,
1429 5173 1556 5240 τοῖς
1600 5174 1919 5229 θλίϐουσιν

340 5254 496 5324 ὑμᾶς
517 5253 746 5325 θλῖψιν,
764 5254 863 5310 καί
880 5253 1022 5326 ὑμῖν
1039 5253 1165 5321 τοῖς
1195 5254 1566 5326 θλιϐομένοις
1588 5257 1719 5328 μεθ’
1749 5254 1918 5327 ἡμῶν

341 5341 577 5396 ἄνεσιν.

412 5429 482 5493 γ’.
518 5422 583 5476 Τί
624 5416 745 5491 οῦν;
780 5423 868 5494 ἴση
890 5424 925 5495 ἡ
954 5423 1309 5489 ἀνταπόδοσις
1329 5442 1345 5492 ;
1368 5424 1651 5495 Οὐδαμῶς·
1681 5425 1917 5497 ἀλλ’ὄρα

342 5505 432 5559 διά
464 5504 574 5559 τῶν
605 5505 731 5577 ἑξῆς
773 5506 892 5570 πῶς
922 5507 1163 5561 δείκνυσι
1204 5508 1566 5579 σφοδροτέραν
1599 5504 1783 5575 οὖσαν,
1822 5511 1919 5563 καὶ

343 5587 444 5656 τὴν
464 5588 647 5641 ἀνεσιν
678 5588 855 5659 πολλῷ
877 5590 1121 5661 μείζονα.
1169 5589 1299 5644 Ἰδοὺ
1324 5592 1418 5646 καὶ
1442 5592 1603 5662 ἐτέρα
1629 5593 1914 5663 παράκλη-

408 5793 434 5824 ⁸
458 5791 541 5843 εκ
572 5794 709 5846 Colb.
736 5796 888 5861 Εᾱίιί,
914 5799 1233 5853 διατεθέντων.

1029 358 1096 414 IN
1135 354 1352 417 EPIST.
1394 358 1440 415 ll
1490 358 1583 415 AD
1615 358 1951 416 THESSAL.
1990 358 2146 418 CAP.
2187 362 2229 421 1.
2268 359 2505 418 HOMIL.
2543 360 2608 419 ll.

3500 366 3602 423 .ςῖῐῖ

2015 491 2129 541 σις·
2161 476 2291 540 τοὺς
2322 476 2614 541 κοινωνοὺς
2641 476 2749 549 7&9
2778 478 2886 533 τῶν
2906 476 3139 548 θλίψεων
3168 478 3263 533 καὶ
3289 480 3348 533 ἐν
3378 483 3441 552 τῇ
3470 484 3599 537 άντ-

2012 559 2267 612 αποδόσει
2291 560 2581 623 κοινωνοὺς
2617 558 2764 632 ἔχειν
2800 560 2939 632 φησί
2984 560 3164 633 (τοῦτο
3204 562 3314 635 γάρ
3361 564 3482 618 ἐστι
3517 568 3600 631 :6,

2012 645 2153 698 Μεθ’
2172 642 2382 713 ἠμῶν)’
2410 642 2699 699 συνάπτων
2726 645 2921 709 αὐτοὺς
2946 646 3004 698 ἐν
3032 648 3146 710 τοῖς
3167 649 3603 716 στεφάνοις,τοίς

2011 727 2080 781 τά
2122 728 2294 797 μυρία
2339 726 2733 799 κατωρθωκόσι
2766 729 2862 782 καὶ
2904 729 3144 799 μείζονα.
3200 726 3335 785 Εἶτα
3381 733 3476 786 καὶ
3511 733 3605 786 τὸν

2013 809 2204 880 καιρὸν
2228 809 2577 883 προστίθησι,
2610 812 2707 865 καὶ
2731 811 2820 866 διὰ
2839 812 2939 883 τῆς
2978 812 3306 884 ὑπογραφῆς
3333 815 3605 885 ἐπανάγει

2010 894 2110 957 τάς
2135 894 2373 959 διανοίας
2407 894 2621 963 αὐτῶν,
2671 897 2957 967 μονονουχὶ
2992 897 3226 965 ἀνοίγων
3274 899 3354 969 τῷ
3393 900 3604 971 ῥήματι

2011 982 2139 1043 τοὺς
2166 980 2426 1051 οὐρανοὺς
2450 980 2550 1052 ἤδη
2570 1020 2586 1047 ,
2631 980 2727 1034 καὶ
2756 983 2873 1045 τοῖς
2904 980 3202 1053 ὀφθαλμοῖς
3236 982 3421 1038 αὐτῶν
3454 1001 3603 1056 παρ-

2014 1064 2191 1127 ιστὰς,
2206 1065 2299 1117 καὶ
2323 1063 2672 1135 περιτίθησιν
2695 1063 2848 1135 αὐτῷ
2863 1066 2964 1135 τὴν
2982 1065 3241 1137 στρατιὰν
3255 1065 3356 1137 τὴν
3378 1067 3603 1135 ἀγγελι-

2013 1145 2138 1217 κὴν,
2188 1148 2283 1200 καὶ
2322 1145 2433 1201 ἀπὸ
2477 1147 2572 1201 τοῦ
2612 1147 2798 1212 τόπου,
2842 1150 2938 1202 καὶ
2975 1149 3084 1203 ἀπὸ
3122 1149 3234 1204 τῶν
3282 1151 3402 1221 μετ’
3435 1152 3603 1205 αὐτοῦ

2015 1229 2359 1301 πλατυτέραν
2380 1229 2480 1301 τὴν
2509 1229 2694 1284 είκόνα
2723 1230 2917 1296 ποιῶν,
2933 1231 3078 1285 ὥστε
3108 1232 3307 1296 αὐτοὺς
3328 1234 3602 1288 ἀναπνεῦ-

2018 1331 2110 1367 σαι
2140 1313 2355 1385 μικρόν.
2394 1312 2505 1367 Καὶ
2528 1313 2673 1383 ὑμῖν
2691 1313 2816 1381 τοῖς
2840 1313 3216 1385 θλιϐομένοις
3232 1316 3451 1371 ἄνεσιν
3470 1318 3601 1387 μεθ’

2014 1395 2204 1467 ἡμῶν,
2224 1395 2409 1467 φησὶν,
2431 1396 2502 1449 ἐν
2535 1395 2613 1465 τῇ
2643 1397 3031 1466 ἀποκαλύψει
3060 1398 3167 1452 τοῦ
3198 1399 3423 1467 Κυρίου
3485 1401 3603 1468 ἰη-

2014 1478 2133 1534 σοῦ
2160 1480 2262 1534 ἀπ’
2285 1478 2550 1548 οὐρανοῦ
2573 1481 2704 1549 μετ’
2734 1479 3007 1551 ἀγγέλων
3035 1480 3346 1551 δυνάμεως
3387 1483 3598 1547 αὐτοῦ,

2013 1563 2084 1616 ἐν
2104 1562 2248 1630 πυρὶ
2267 1562 2798 1633 φλογὸςβιδόντος
2823 1562 3141 1631 ἐκδίκησιν
3162 1564 3287 1631 τοῖς
3297 1563 3385 1635 μὴ
3406 1565 3599 1620 εἰδόσι
3649 1569 3662 1587 '

2018 1646 2185 1709 Θεὸν,
2227 1645 2327 1700 καὶ
2354 1644 2479 1712 τοῖς
2493 1645 2580 1714 μὴ
2611 1646 2993 1701 ὑπακούουσι
3020 1645 3099 1711 τῷ
3128 1650 3475 1717 Εὑαγηδελίῳ
3494 1648 3601 1704 τοῦ

2014 1730 2240 1797 Κυρίου
2266 1728 2440 1798 ἡμῶν
2477 1729 2673 1796 Ἰησοῦ
2704 1727 2987 1797 Χριστοῦ.
3013 1728 3076 1782 Εί
3106 1731 3157 1782 οί
3180 1729 3256 1801 τῷ
3280 1732 3602 1804 Εὑαγγελίῳ

2019 1813 2094 1885 μὴ
2132 1811 2503 1876 ὑπακούοντες
2534 1812 2738 1866 διδόασι
2767 1812 3060 1883 τιμωρίαν,
3112 1814 3159 1865 οἱ
3200 1814 3298 1867 καὶ
3338 1817 3476 1885 μετὰ
3503 1817 3599 1870 τοῦ

2018 1898 2093 1967 μὴ
2127 1895 2436 1951 ὑπακοῦσαι
2465 1894 2740 1958 θλίϐοντες
2773 1896 2937 1966 ὑμᾶς,
2968 1894 3022 1947 τί
3059 1895 3121 1948 οὐ
3154 1895 3432 1951 πείσονται
3452 1914 3466 1962 ;
3490 1897 3603 1953 Θέα

2014 1980 2072 2034 δέ
2100 1997 2191 2051 μοι
2229 1979 2445 2035 σύνεσιν
2478 1997 2492 2011 ·
2526 1980 2629 2033 οὐκ
2668 1974 2822 2033 εἶπεν
2857 1979 3091 2034 ἐνταῦθα
3114 2020 3128 2045 ,
3168 1984 3283 2044 τοῖς
3324 1982 3600 2037 θλίϐουσιν

2018 2066 2184 2136 ὑμᾶς,
2230 2063 2388 2129 ἀλλά,
2442 2063 2573 2130 Τοῖς
2611 2063 2699 2133 μὴ
2741 2064 3183 2119 ὑπακούουσιν.
3220 2065 3383 2119 Ὥστε
3419 2067 3468 2118 εί
3504 2067 3600 2118 καί⁵

2022 2148 2098 2219 μὴ
2134 2148 2203 2201 δι’
2226 2148 2392 2218 ὑμᾶς,
2410 2147 2478 2201 δι’
2510 2147 2703 2200 ἑαυτὸν
2737 2146 2975 2217 ἀνάγκη,
2995 2148 3148 2217 φησὶ,
3176 2147 3598 2219 τιμωρήσασθαι

2018 2230 2235 2295 αὐτούς.
2280 2229 2451 2285 Τοῦτο
2492 2232 2590 2302 μὲν
2632 2224 2724 2284 οὖν
2762 2230 2905 2301 ὑπὲρ
2948 2229 3326 2302 πληροφορίας
3356 2231 3599 2301 εἴρηται,

2018 2316 2100 2369 ὅτι
2139 2315 2359 2378 πάντως
2403 2314 2601 2378 αὐτοὺς
2650 2312 2981 2384 κολασθῆναι
3023 2313 3131 2366 δεῖο
3157 2314 3221 2366 :6
3251 2314 3308 2367 δὲ
3336 2314 3600 2384 πρότερον

2019 2401 2161 2473 ὑπὲρ
2189 2400 2283 2454 τοῦ
2308 2399 2404 2452 καὶ
2424 2394 2624 2461 αὐτοὺς
2653 2397 3108 2467 τετιμῆσθαι.ιΤδ
3135 2398 3234 2468 μὲν
3258 2392 3351 2451 οὖν
3377 2397 3602 2450 πιστεῦ-

2021 2502 2112 2540 σαι
2143 2487 2178 2556 ἡ
2217 2485 2357 2554 ὑπὲρ
2399 2482 2502 2554 τῆς
2542 2481 2817 2555 τιμωρίας
2857 2481 3205 2553 πληροφορία
3246 2482 3422 2534 ποιεῖ·
3453 2481 3514 2533 τὸ
3544 2482 3602 2536 δὲ

2016 2569 2284 2640 ἡσθῆναι,
2339 2568 2423 2621 ὅτι
2466 2566 2611 2637 ὑπὲρ
2661 2566 2773 2620 τῶν
2837 2567 2918 2629 είς
2964 2566 3162 2628 αὐτοὺς
3216 2565 3604 2635 γεγενημένων

2017 2652 2191 2706 ταῦτα
2219 2652 2509 2721 πάσχουσι.
2540 2649 2728 2704 Ταῦτα
2769 2650 2988 2721 εἴρηται
3026 2650 3125 2720 μὲν
3168 2648 3306 2718 πρός
3336 2649 3601 2710 ἐκείνους,

2019 2735 2246 2808 ἁρμόζει
2274 2734 2331 2787 δέ
2355 2735 2451 2788 καὶ
2482 2734 2638 2805 ἡμῖν.
2684 2732 2856 2787 Ὅταν
2888 2729 2983 2787 οὖν
3038 2734 3097 2785 ἐν
3145 2732 3392 2802 θλίψεσιν
3425 2725 3600 2802 ὦμεν,

2016 2818 2191 2874 ταῦτα
2218 2817 2594 2889 λογιζώμεθα.

2087 2960 2180 3032 Μὴ
2199 2962 2267 3032 τῇ
2298 2958 2503 3031 ἐτέρων
2530 2956 2777 3028 τιμωρίᾳ
2803 2955 3084 3027 χαίρωμεν
3107 2955 3183 3019 ὡς
3203 2955 3598 3027 ἐκδικούμενοι,

2017 3044 2131 3099 ἀλλ’
2174 3044 2251 3107 ὼς
2287 3042 2443 3096 αὐτοὶ
2504 3040 2763 3111 τοιαύτης
2806 3038 3278 3110 ἀπαλλαττόμενοι
3326 3040 3605 3103 κολάσεως

2018 3131 2115 3185 καὶ
2141 3127 2438 3199 τιμωρίας.
2477 3125 2544 3178 Τί
2575 3125 2686 3196 γάρ
2728 3126 2862 3195 ἡμῖν
2889 3124 3101 3194 ὄφελος,
3138 3125 3269 3177 ὃταν
3301 3124 3480 3195 ἕτεροι
3506 3141 3602 3177 κο-

2016 3211 2291 3276 λασθῶσι;
2328 3211 2419 3281 Μὴ
2459 3209 2695 3281 ἔχωμεν,
2737 3208 3065 3281 παρακαλῶ,
3100 3208 3358 3271 τοιαύτας
3397 3208 3609 3279 ψυχὰς,

2016 3299 2125 3353 ἀπὸ
2150 3297 2248 3366 τῆς
2281 3295 2557 3365 βασιλείας
2593 3293 3040 3366 προτρεπώμεθα
3071 3293 3208 3366 πρὸς
3258 3295 3483 3366 ἀρετήν.
3539 3294 3611 3345 ’0-

2020 3383 2119 3454 μέν
2144 3380 2253 3451 γὰρ
2274 3379 2479 3451 σφόδρα
2501 3378 2759 3446 ἐνάρετος
2793 3375 2919 3430 οὔτε
2948 3376 3057 3431 ἀπὸ
3100 3378 3294 3447 φόϐου,
3329 3377 3455 3431 οὔτε
3492 3376 3605 3430 ἀπὸ

2021 3463 2303 3536 βασιλείας
2345 3462 2634 3530 ἐνάγεται,
2683 3460 2821 3515 ἀλλά
2875 3461 2945 3514 δι’
2994 3460 3158 3514 αὑτὸν
3191 3462 3282 3515 τὸν
3328 3460 3601 3531 Χριστόν

2017 3548 2273 3617 καθάπερ
2302 3544 2513 3608 Παῦλος
2537 3544 2731 3599 ἐποίει.
2767 3544 2916 3615 Πλὴν
2944 3546 3109 3615 ἡμεῖς
3143 3544 3414 3614 ἐννοῶμεν
3443 3542 3514 3596 τὰ
3542 3545 3604 3594 ἐν

2015 3633 2083 3702 τῇ
2121 3628 2367 3700 βασιλείᾳ
2395 3627 2596 3697 ἀγαθά,
2618 3626 2687 3680 τά
2714 3628 2772 3680 ἐν
2804 3630 2871 3696 τῇ
2907 3627 3098 3697 γεέννῃ
3151 3626 3319 3692 κακὰ,
3362 3626 3457 3680 καὶ
3498 3625 3606 3679 κᾶν

2016 3712 2191 3777 οὕτως
2215 3713 2440 3775 ἑαυτοὺς
2464 3710 2816 3783 ρυθμίζωμεν
2841 3712 2931 3765 καὶ
2956 3710 3412 3781 παιδαγωγῶμεν,
3429 3708 3605 3769 οὕτως

2018 3797 2247 3859 ἑαυτοὺς
2286 3795 2569 3865 ἐνάγωμεν
2605 3794 2743 3866 πρὸς
2772 3793 2844 3847 τὰ
2884 3795 3156 3866 πρακτέα.
3189 3795 3359 3849 Ὅταν
3403 3794 3519 3865 ίδῃς
3549 3810 3605 3846 τι

2017 3880 2253 3952 χρηστὸν
2284 3880 2378 3933 καὶ
2411 3878 2551 3949 μέγα
2591 3878 2650 3930 ἐν
2689 3876 2769 3947 τῷ
2798 3878 3026 3948 παρόντι
3058 3876 3178 3949 βίῳ,
3214 3879 3464 3948 ἐννόησον
3502 3877 3606 3947 τὴν

2022 3964 2323 4035 βασιλείαν,
2370 3961 2465 4015 καὶ
2515 3960 2667 4014 οὐδὲν
2701 3960 2834 4015 αὐτὸ
2869 3961 3141 4031 νομίσεις·
3180 3962 3309 4015 ὅταν
3349 3960 3599 4031 φοϐερὸν,

2018 4047 2269 4117 ἐννόησον
2299 4046 2399 4117 τὴν
2420 4044 2664 4114 γέενναν,
2713 4044 2810 4098 καὶ
2848 4044 3244 4112 καταγελάσεις
3266 4060 3279 4072 ο
3324 4045 3455 4096 ὅταν
3498 4042 3605 4095 ὑπὸ

2017 4129 2319 4200 ἐπιθυμίας
2355 4129 2565 4200 κατέχῃ
2590 4128 2930 4198 σωματικῆς,
2956 4126 3171 4196 λογίζου
3194 4126 3255 4179 τὸ
3290 4125 3419 4195 πῦρ,
3451 4125 3600 4192 λογί-

2018 4214 2113 4279 ζου
2148 4211 2300 4286 [519]
2332 4212 2428 4265 καὶ
2467 4210 2639 4281 αὐτῆς
2666 4210 2766 4280 τῆς
2811 4210 3090 4281 ἀμαρτίας
3133 4210 3233 4280 τὴν
3272 4208 3483 4279 ἡδονὴν,
3520 4208 3613 4260 ὅτι·

2015 4297 2231 4361 οὐδενός
2250 4297 2401 4349 ἐστιν
2427 4294 2576 4359 ἀξία,
2614 4295 2696 4347 ὅτι
2725 4293 2848 4347 ούδέ
2893 4293 3008 4363 ἔχει
3044 4294 3259 4364 ἡδονήν.
3313 4293 3376 4345 Εἰ
3411 4292 3519 4362 7&9
3574 4294 3603 4343 6

2016 4382 2128 4435 τῶν
2155 4379 2391 4435 ἐνταῦθα
2410 4377 2679 4450 κειμένων
2708 4378 2887 4447 νόμων
2911 4378 3074 4447 φόϐος
3088 4376 3359 4446 τοσαύτην
3379 4375 3603 4446 ἐχειτὴν

2022 4466 2196 4536 ἰσχὺν,
2223 4465 2299 4527 ώς
2331 4464 2426 4518 καὶ
2451 4462 2689 4530 ἀπάγειν
2728 4462 2880 4532 ἡμᾶς
2907 4461 3018 4514 τῶν
3047 4459 3301 4530 πονηρῶν
3324 4460 3599 4530 πράξεων,

2017 4548 2198 4619 πολλῷ
2230 4548 2429 4619 μᾶλλον
2476 4547 2510 4616 ἡ
2556 4546 2743 4616 μνήμη
2766 4544 2875 4597 τῶν
2910 4544 3234 4615 μελλόντων,
3285 4546 3319 4615 ἡ
3352 4544 3600 4613 τιμωρία

2016 4634 2051 4704 ἡ
2080 4631 2369 4697 ἀθάνατος,
2398 4632 2432 4700 ἡ
2465 4628 2686 4690 κόλασις
2718 4629 2751 4698 ἡ
2794 4628 2963 4691 ἀΐδιος
2990 4644 3005 4659 ·
3034 4630 3085 4680 εἰ
3118 4629 3149 4680 ὀ
3196 4626 3290 4680 τοῦ
3338 4626 3603 4697 βασιλέως

2017 4716 2181 4788 φόϐος
2224 4714 2321 4769 τοῦ
2374 4715 2467 4767 ἐπὶ
2500 4712 2606 4782 γῆς
2647 4711 2919 4765 τοσούτων
2960 4713 3109 4782 ἡμᾶς
3152 4712 3344 4782 ἀπάγῃ
3390 4710 3615 4778 κακῶν,

2016 4802 2169 4872 πόσῳ
2217 4798 2414 4870 μᾶλλον
2460 4798 2489 4849 6
2536 4794 2633 4849 τοῦ
2689 4796 2910 4850 αἰωνίου
2949 4794 3247 4866 βασιλέως;
3288 4794 3461 4847 Πόθεν
3505 4789 3601 4847 οὖν

2014 4882 2290 4953 δυνάμεθα
2341 4881 2431 4934 τὸν
2480 4879 2643 4949 φόϐον
2689 4878 2833 4949 ἔχειν
2874 4878 3171 4949 διηνεκῶς;
3226 4879 3324 4930 Ἂν
3359 4876 3603 4946 συνεχῶς

2014 4969 2125 5022 τῶν
2157 4965 2390 5037 Γραφῶν
2427 4961 2810 5032 ἐπακούωμεν.
2848 4962 2911 5014 Et
2948 4961 3058 5032 7&9
3089 4961 3282 5031 νεκρὸς
3326 4961 3603 5032 ὁρώμενος

2019 5053 2181 5124 μόνον
2238 5050 2411 5113 οὕτως
2464 5047 2625 5119 ήμῶν
2675 5045 2953 5099 συστέλλει
2999 5047 3098 5115 τὴν
3140 5046 3402 5110 διάνοιαν,
3452 5045 3603 5114 πόσῳ

2020 5135 2220 5205 μᾶλλον
2251 5134 2285 5201 ὴ
2322 5132 2517 5200 γέεννα
2544 5130 2638 5182 καὶ
2658 5128 2718 5182 :6
2749 5128 2863 5199 πῦρ
2886 5129 2948 5181 :6
2972 5128 3265 5194 ἄσϐεστον;
3300 5129 3451 5199 πόσῳ
3466 5128 3601 5197 μᾶλ-

2015 5202 2105 5272 λον
2133 5220 2162 5271 6
2192 5215 2408 5286 σκώληξ
2441 5217 2470 5268 ὁ
2524 5213 2918 5285 ἀτελεύτητος;
2964 5213 3063 5265 “Av
3104 5214 3205 5284 τὴν
3246 5213 3471 5282 γέενναν
3512 5202 3635 5264 ἀεὶ’

2016 5298 2489 5370 άναλογιζώμεθα,
2526 5299 2588 5352 ού
2625 5299 2836 5369 ταχέως
2878 5300 2958 5361 είς
2991 5298 3159 5369 αὐτὴν
3186 5296 3598 5368 ἐμπεσούμεθα.

2015 5387 2115 5441 Διά
2146 5384 2303 5439 τοῦτο
2331 5383 2597 5454 ἠπείλησε
2631 5384 2854 5437 κόλασιν
2883 5386 2912 5437 ὁ
2959 5383 3119 5446 Θεός·
3159 5382 3235 5445 ὡς
3280 5384 3331 5434 εἰ
3378 5380 3452 5451 μὴ
3486 5377 3601 5451 εἶχέ

2014 5489 2069 5525 τι
2102 5470 2244 5541 μέγα
2268 5468 2459 5539 κέρδος
2491 5466 2552 5520 :6
2582 5466 2913 5536 λογίζεσθαι,
2949 5468 3048 5521 οὐκ
3078 5467 3145 5521 ἂν
3170 5466 3344 5537 αὐτὴν
3366 5465 3600 5536 ἠπείλη-

2020 5571 2111 5607 σεν
2143 5549 2475 5623 ήδηὸΘεός·
2522 5549 2640 5604 ἀλλ’
2679 5549 2870 5621 ἐπειδὴ
2910 5551 3084 5621 ίσχύει
3117 5553 3167 5621 ’ἡ
3199 5552 3387 5621 μνήμη
3427 5549 3598 5619 αὐτῆς

2018 5636 2229 5708 μεγάλα
2259 5632 2625 5704 κατορθῶσαι,
2655 5632 2744 5686 διά
2787 5632 2965 5697 τοῦτο,
3000 5633 3250 5704 καθάπερ
3281 5651 3334 5686 τι
3371 5633 3598 5703 φάρμα-

2018 5737 2113 5772 κον
2140 5720 2426 5788 σωτήριον,
2472 5717 2571 5786 τὴν
2603 5715 2834 5787 ἀπειλὴν
2866 5717 3038 5786 αὐτῆς
3076 5717 3405 5785 ἐγκατέθετο
3438 5716 3605 5786 ἡμῶν

2019 5804 2138 5867 ταῖς
2164 5802 2379 5874 ψυχαῖς.
2420 5802 2512 5872 Μὴ
2550 5800 2615 5873 δὴ
2650 5800 2983 5873 παρορῶμεν
3024 5800 3084 5855 :6
3113 5799 3367 5855 τοσοῦτον
3402 5800 3595 5872 κέρδος
