4114 6396
470 292 573 344 έῖῑ

462 408 526 461 τὸ
554 403 806 459 ἐντεῦθεν
832 406 1173 478 τικτόμενον,
1204 407 1339 461 ἀλλὰ
1375 406 1579 477 ταύτην
1611 406 1850 476 συνεχῶς
1894 404 2047 476 στρέ-

464 508 655 562 φωμεν
679 530 695 552 ,
747 491 805 543 ἐν
848 490 1113 561 ἀρίστοις,
1152 494 1210 545 ἐν
1246 492 1503 555 δείπνοις.
1551 491 1615 543 Ἠ
1661 490 1762 561 μὲν
1794 489 1905 560 γάρ
1944 489 2052 542 τῶν

462 576 636 646 ἡδέων
663 573 897 638 διάλεξις
936 574 1087 627 οὐδὲν
1124 574 1222 645 τὴν
1263 574 1444 646 ψυχὴν
1479 574 1704 643 ὠφελεῖ,
1764 573 1879 626 ἀλλ’
1928 574 2053 627 ἀτο-

469 659 714 730 νωτέραν
736 657 1064 728 ἐργάζεται·
1096 660 1129 728 ἡ
1159 658 1215 711 δὲ
1237 658 1347 711 τῶν
1377 658 1639 729 λυπηρῶν
1675 658 1770 711 καὶ
1801 658 2053 729 σκυθρω-

465 744 585 797 πῶν
618 744 727 796 πᾶν
757 742 928 811 αὐτῆς
958 744 1281 814 περικόπτει
1309 744 1369 796 τὸ
1390 742 1779 813 διακεχυμένον
1802 744 1894 795 καὶ
1913 743 2056 814 διαρ·

466 829 611 898 ρέον,
663 828 760 881 καὶ
813 829 1133 900 ἐπιστρέφει
1190 829 1285 883 καὶ
1335 827 1614 880 συστέλλει
1662 826 2054 899 διαλελυμένην

466 911 661 980 αὐτήν.

549 1068 611 1123 '0
642 1070 773 1139 περὶ
805 1068 1049 1140 θεάτρων
1098 1070 1192 1122 καὶ
1230 1071 1413 1140 μίμων
1461 1069 1863 1140 διαλεγόμενος,
1902 1070 2055 1124 οὐδὲν

469 1151 643 1223 αὐτὴν
677 1152 910 1224 ὤνησεν,
946 1152 1083 1207 ἀλλά
1109 1154 1203 1207 καὶ
1233 1154 1435 1225 μᾶλλον
1481 1156 1745 1222 ἐξέκαυσε
1790 1156 1883 1210 καὶ
1922 1172 2057 1226 προσ

472 1237 806 1307 πετεστέραν
854 1236 1148 1309 εἰργάσατο
1264 1240 1293 1292 6
1343 1238 1415 1292 τά
1473 1239 1731 1309 ἀλλότρια
1778 1239 2057 1310 μεριμνῶν

475 1320 569 1373 καὶ
593 1320 1089 1390 πολυπραγμονῶν,
1118 1321 1382 1386 πολλάκις
1408 1323 1544 1394 αὐτῇ
1576 1325 1671 1375 καὶ
1698 1321 1976 1384 κινδύνους
1994 1324 2058 1375 ἐκ

473 1408 575 1474 τῆς
614 1405 939 1477 περιεργίας
965 1405 1170 1475 ταύτης
1200 1406 1625 1479 προσετρίψατο.
1643 1408 1700 1461 '0
1719 1408 1902 1478 μέντοι
1931 1406 2060 1476 περὶ

474 1488 701 1558 γεέννης
744 1487 1130 1559 διαλεγόμενος
1165 1487 1288 1542 οὔτε
1332 1490 1575 1544 κίνδυνον
1610 1490 1723 1557 ἕξει
1763 1489 1916 1556 τινὰ,
1966 1488 2061 1542 καὶ

478 1572 930 1644 σωφρονεστέραν
963 1573 1283 1644 ἐργάζεται.
1331 1574 1493 1627 Ἀλλά
1514 1574 1755 1638 δέδοικας
1783 1573 1844 1625 τὸ
1877 1589 2062 1643 φορτι-

477 1654 572 1708 κὸν
607 1656 715 1707 τῶν
751 1656 1045 1726 ῥημάτωνς
1096 1656 1187 1729 Μὴ
1232 1657 1358 1729 γάρ,
1392 1656 1458 1711 ἂν
1490 1660 1741 1729 σιγήσῃς,
1778 1656 1875 1727 τὴν
1907 1657 2063 1725 γέεν-

477 1755 575 1791 ναν
607 1738 839 1802 έσϐεσας
867 1757 881 1801 ;
923 1740 996 1809 μὴ
1028 1738 1159 1811 γὰρ,
1191 1741 1257 1794 ἂν
1297 1741 1479 1811 εἴπῃς,
1511 1740 1758 1810 ἀνῆψας;
1788 1742 1885 1792 "Av
1906 1757 1966 1792 τε
1983 1738 2060 1791 εῖ-

480 1837 608 1889 πῃς,
640 1821 709 1874 ἄν
734 1837 793 1873 τε
822 1820 898 1892 μὴ
923 1822 1106 1893 εἴπῃς,
1141 1822 1513 1894 ἀναϐρὰσεται
1550 1823 1611 1875 τὸ
1642 1824 1769 1894 πῦρ.
1804 1822 2064 1890 Λεγέσθω

482 1904 724 1975 συνεχῶς
755 1906 883 1975 περὶ
914 1904 1108 1976 αὐτῆς,
1142 1907 1229 1959 ἵνα
1262 1908 1531 1977 μηδέποτε
1564 1908 1809 1983 ἐμπέσῃς
1847 1908 1925 1969 είς
1963 1906 2062 1958 αὐ-

480 1989 601 2059 τήν.
627 1989 741 2040 Ούκ
757 1988 874 2047 ἔστι
897 1989 1076 2061 ψυχὴν
1110 1991 1466 2061 μεριμνῶσαν
1484 1992 1611 2062 περὶ
1633 1991 1856 2060 γεέννης
1888 1991 2066 2060 ἀμαρ-

483 2073 598 2123 τεῖν
630 2072 871 2141 ταχέως·
903 2072 1069 2127 ἄκουε
1099 2073 1209 2146 γὰρ
1246 2075 1347 2144 τῆς
1381 2074 1613 2145 ἀρίστης
1648 2073 2060 2144 παραινέσεως·

480 2154 861 2223 Μιμνήσκου,
909 2158 1064 2227 φησὶ,
1092 2160 1166 2213 τὰ
1202 2158 1434 2226 ἐσχατά
1478 2175 1617 2220 σου,
1666 2157 1766 2211 καὶ
1818 2160 1907 2223 εἰς
1959 2158 2069 2210 τὸν

481 2236 667 2291 αἰῶνα
694 2241 766 2293 οὐ
798 2239 883 2309 μὴ
916 2240 1206 2310 ἁμάρτῃς.
1249 2243 1363 2296 Οὐκ
1398 2241 1514 2294 ἐστι
1557 2241 1734 2312 ψυχὴν
1766 2241 2067 2294 δεδοικυίαν

482 2321 625 2392 ὑπὲρ
654 2322 895 2376 εὐθυνῶν
927 2325 1004 2395 μὴ
1032 2325 1271 2396 όκνηράν
1302 2322 1440 2379 εἶναι
1472 2326 1604 2396 περὶ
1632 2326 1703 2379 τά
1736 2326 2066 2397 πλημμελή-

485 2420 660 2472 ματα·
691 2405 856 2474 φόϐος
893 2406 1004 2478 γάρ
1050 2407 1376 2478 ἐνακμάζων
1421 2408 1652 2479 διανοίᾳ,
1686 2410 1836 2462 οὐδὲν
1875 2410 2068 2479 ἀφίησι

482 2489 745 2557 κοσμικόν
772 2484 913 2543 εἶναι
941 2493 1000 2543 ἐν
1036 2493 1198 2563 αὐτῇ.
1222 2494 1286 2546 Εἰ
1316 2492 1425 2563 γὰρ
1453 2493 1610 2561 λόγος
1631 2494 1768 2565 ,περὶ
1799 2495 2070 2564 αὐτῆςκι-

482 2571 743 2641 νούμενος
768 2572 912 2628 οὕτω
947 2578 1197 2629 ταπεινοῖ
1216 2577 1309 2629 καὶ
1346 2576 1642 2643 συστέλλει,
1668 2578 1930 2649 λογισμὸς
1949 2577 2070 2630 δια-

483 2654 685 2716 παντὸς
705 2657 932 2710 ἐνοικῶν
955 2660 1076 2721 ταῖς
1103 2659 1305 2729 ψυχαῖς
1337 2658 1459 2728 οὐχὶ
1496 2660 1699 2724 παντὸς
1734 2660 1907 2731 πυρὸς
1941 2659 2071 2731 μᾶλ-

483 2737 575 2790 λον
602 2740 918 2812 ἐκκαθαίρει
962 2741 1179 2813 ψυχήν;
1236 2743 1522 2807 Βασιλείας
1560 2742 1634 2814 μὴ
1668 2742 1813 2796 οὕτω
1853 2761 2069 2814 μνημο-

482 2821 753 2886 νεύωμεν,
775 2824 851 2887 ὠς
882 2825 1140 2894 γεέννηςο
1178 2825 1378 2896 μᾶλλον
1402 2827 1505 2896 γὰρ
1536 2828 1566 2879 6
1586 2826 1751 2894 φόϐος
1780 2827 1950 2897 ἰσχύει
1973 2828 2071 2898 τῆς

485 2905 812 2972 ἐπαγγελίας
839 2923 853 2936 ο
891 2908 987 2960 καὶ
1036 2905 1154 2961 οἶδα
1199 2910 1281 2962 ὅτι
1323 2908 1507 2962 πολλοὶ
1544 2910 1962 2981 κατεφρόνησαν
2004 2910 2071 2964 ἂν

493 2988 703 3058 μυρίων
733 2990 976 3057 ἀγαθῶν,
1018 2993 1067 3045 εὶ
1110 2993 1211 3062 τῆς
1240 2992 1519 3055 κολάσεως
1542 2989 1680 3064 ἦσαν
1715 2994 2071 3066 ἀπηλλαγμέ-

486 3090 566 3125 νοι
598 3090 612 3102 ο
650 3072 786 3125 ὅπου
823 3091 886 3141 γε
917 3075 1009 3128 καὶ
1042 3074 1136 3128 νῦν
1158 3077 1281 3146 ἐμοὶ
1299 3077 1459 3147 ἀρκεῖ
1480 3076 1538 3129 τὸ
1562 3077 1637 3147 μὴ
1668 3078 2070 3149 τιμωρηθῆναι,

484 3158 545 3208 τὸ
576 3155 651 3227 μὴ
682 3157 1028 3228 κολασθῆναι.
1080 3159 1267 3223 Οὐδεὶς
1296 3159 1404 3213 τῶν
1440 3160 1666 3229 γέενναν
1690 3160 1925 3231 ἐχόντων
1965 3162 2073 3233 πρὸ

486 3240 803 3311 ὀφθαλμῶν,
836 3242 917 3305 είς
945 3244 1164 3308 γέενναν
1197 3246 1514 3314 ἐμπεσεῖται
1538 3262 1549 3273 ·
1586 3245 1762 3309 οὐδεὶς
1780 3246 1888 3299 τῶν
1911 3264 2077 3299 κατα-

487 3323 832 3394 φρονούντων
878 3327 1102 3396 γεέννης
1157 3326 1481 3396 ἐκφεύξεται
1516 3327 1759 3396 γέενναν.
1807 3329 2075 3401 Καθάπερ

487 3407 597 3478 γὰρ
627 3410 756 3478 παρ’
794 3410 926 3478 ἡμῖν
958 3410 1008 3462 οἱ
1042 3410 1139 3479 μὲν
1170 3410 1469 3475 δεδοικότες
1500 3410 1569 3463 τά
1603 3412 1947 3483 δικαστήρια,
1976 3413 2077 3483 οὐχ

487 3488 790 3545 ἁλώσονται
826 3491 978 3564 [520]
1014 3492 1408 3565 δικαστηρίοις,
1431 3496 1479 3549 οί
1506 3494 1564 3548 δὲ
1588 3494 2074 3565 καταφρονοῦντες,

486 3577 687 3628 ἐκεῖνοι
723 3575 961 3645 μάλιστά
993 3579 1132 3630 εἰσιν
1164 3580 1214 3631 οἰ
1243 3581 1667 3650 περιπίπτοντες
1686 3596 1698 3609 ·
1727 3580 1871 3633 οὕτω
1893 3581 2071 3638 κάκεῖ.

486 3658 553 3712 Εἰ
588 3660 663 3731 μὴ
697 3659 912 3714 ἔδεισαν
965 3661 1064 3733 τὴν
1102 3662 1490 3734 καταστροφὴν
1524 3665 1574 3717 οἱ
1599 3662 1899 3730 Νινευῖται,
1948 3682 2078 3718 κατ-

488 3745 844 3814 εστράφησαν
873 3745 960 3799 ἄν·
988 3747 1176 3817 ἐπειδὴ
1197 3747 1254 3800 δὲ
1276 3748 1583 3810 ἔδεισαν,ού
1597 3750 2073 3820 κατεστράφησαν.

491 3828 555 3881 Εἰ
597 3828 809 3882 ἔδεισαν
844 3832 935 3883 ἐπὶ
979 3830 1072 3882 τοῦ
1120 3831 1244 3883 Νῶε
1278 3832 1370 3886 τὸν
1404 3832 1814 3904 κατακλυσμὸν,
1864 3836 1964 3887 ούκ
2012 3836 2078 3887 ἂν

491 3913 938 3984 κατεκλύσθησαν
965 3931 979 3942 ·
1022 3916 1115 3968 καὶ
1140 3916 1187 3968 οἱ
1216 3916 1501 3987 Σοδομῖται
1530 3919 1580 3970 εί
1609 3916 1841 3983 ἔδεισαν,
1881 3921 1981 3973 οὐκ
2013 3919 2078 3973 ἂν

492 3997 935 4069 κατεκαύθησαν.
967 3998 1126 4067 Μέγα
1150 3999 1319 4052 κακὸν
1349 3999 1410 4052 τὸ
1439 4004 1798 4071 καταφρονεῖν
1826 4003 2076 4073 ἀπειλῆς·

491 4083 521 4131 6
547 4081 906 4150 καταφρονῶν
932 4082 1184 4149 ἀπειλῆς,
1207 4083 1417 4151 ταχέως
1448 4085 1549 4154 τῆς
1574 4083 1661 4137 διὰ
1683 4084 1791 4137 τῶν
1818 4086 2080 4155 πραγμάς

491 4181 601 4216 των
630 4164 953 4234 αἰσθήσεται
984 4165 1202 4235 πείρας.
1236 4163 1405 4219 Οὐδὲν
1429 4166 1573 4220 οὕτω
1600 4170 1892 4239 χρήσιμον,
1922 4171 1997 4233 ὠς
2020 4172 2082 4225 τὸ

494 4249 624 4317 περὶ
645 4248 871 4318 γεέννης
902 4247 1251 4316 διαλέγεσθαι
1274 4265 1289 4279 ⁸
1320 4248 1569 4321 ἀργύρου
1591 4250 1795 4313 παντὸς
1829 4253 2082 4324 καθαρω-

493 4332 660 4400 τέρας
714 4333 845 4402 ήμῖν
890 4332 1186 4401 ἐργάζεται
1225 4334 1326 4396 τὰς
1357 4334 1554 4415 ψυχάς.
1602 4337 1802 4389 Ἄκουε
1831 4338 1939 4407 γὰρ
1987 4339 2082 4392 τοῦ

494 4418 782 4486 Ιιροφήτου
810 4415 1080 4485 λέγοντος,
1112 4418 1194 4471 ὃτι
1250 4419 1327 4472 Τὰ
1363 4423 1617 4489 κρίματά
1665 4436 1783 4476 σου
1828 4423 2085 4477 ἐνώπιόν

492 4502 610 4568 μού
657 4502 790 4553 ἐστι
836 4501 1185 4568 διαπαντός.
1226 4503 1337 4556 Καὶ
1381 4506 1410 4556 6
1453 4504 1689 4575 Χριστὸς
1741 4505 1798 4557 δὲ
1845 4508 2085 4577 συνεχῶς

501 4589 630 4658 περὶ
654 4589 824 4657 αὐτῆς
851 4588 1179 4656 διαλέγεται.
1205 4591 1267 4644 Εἰ
1306 4590 1415 4662 γάρ
1449 4592 1545 4644 καὶ
1579 4591 1741 4646 λυπεῖ
1776 4593 1868 4647 τὸν
1890 4596 2085 4667 ἀκροα-

497 4674 618 4741 τὴν,
658 4672 775 4725 ἀλλ’
801 4672 1087 4741 ὠφελεῖτά
1119 4674 1369 4744 μέγιστα.

569 4825 630 4879 δ’.
651 4824 883 4879 Τοιαῦτα
905 4824 1013 4897 γὰρ
1028 4826 1099 4879 τά
1120 4825 1432 4895 ὠφελοῦντα
1448 4830 1645 4883 πάντα’
1668 4831 1763 4884 καὶ
1776 4831 1852 4902 μὴ
1869 4831 1969 4885 θαυ
1979 4833 2085 4902 μά-

500 4927 602 4980 σῃς
626 4924 641 4938 ο
670 4911 764 4962 καὶ
793 4909 904 4982 γάρ
934 4911 1205 4981 φάρμακα
1229 4914 1322 4965 καὶ
1344 4914 1490 4967 σιτία
1516 4916 1785 4987 πρότερον
1811 4918 2084 4971 λυποῦντα

498 4995 592 5046 τὸν
614 4993 965 5060 ἀσθενοῦντα,
992 4996 1114 5048 τότε
1140 4994 1240 5065 τὴν
1272 4995 1539 5064 ὠφέλειαν
1559 5001 1780 5068 ἐπάγει.
1812 5002 1876 5055 Ei
1901 5001 1958 5054 δέ
1989 5006 2084 5073 ρη-

504 5079 691 5146 μάτων
729 5079 830 5132 οὐκ
864 5079 1170 5151 ἀνεχόμεθα
1213 5079 1538 5152 βαρύτητος.
1580 5083 1825 5158 εὔδηλον,
1870 5087 1953 5140 ὅτι
1985 5087 2087 5157 τῆς

501 5161 591 5214 διὰ
610 5161 720 5213 τῶν
746 5163 1091 5233 πραγμάτων
1130 5164 1363 5233 θλίψεως
1385 5167 1486 5218 ούκ
1517 5169 1827 5239 ἀνεξόμεθα
1849 5186 1862 5199 '
1899 5173 1947 5224 εἰ
1975 5171 2085 5225 τῶν

502 5246 634 5316 περὶ
660 5247 885 5317 γεέννης
915 5247 1093 5310 οὐδεὶς
1115 5248 1371 5319 ἀνέχεται
1407 5249 1603 5318 λόγων,
1633 5252 1855 5324 εὔδηλον
1884 5256 1990 5321 ὅτι,
2036 5256 2086 5307 εἰ

501 5329 743 5401 διωγμὸς
769 5326 1060 5396 κατέλαϐε,
1096 5333 1233 5403 πρὸς
1258 5334 1390 5405 πῦρ,
1415 5336 1554 5405 πρὸς
1577 5337 1796 5409 σίδηρον
1816 5340 1995 5403 οὐδεὶς
2018 5340 2084 5393 ἂν

503 5414 633 5484 ἕστη
660 5415 810 5468 ποτέ.
837 5416 1217 5486 Γυμνάσωμεν
1248 5418 1348 5488 τὴν
1381 5419 1550 5488 ἀκοὴν
1569 5420 1727 5490 ἡμῶν
1758 5422 1835 5494 μὴ
1854 5423 2087 5493 μαλακί-

505 5496 717 5557 ζεσθαιν
736 5497 844 5551 ἀπὸ
862 5498 1052 5552 τούτου
1080 5499 1189 5570 γὰρ
1218 5502 1311 5554 καὶ
1337 5504 1430 5554 ἐπὶ
1450 5502 1520 5556 τὰ
1534 5504 1835 5574 πράγματα
1861 5507 2082 5576 ἥξομεν.

510 5580 605 5631 "Av
654 5581 958 5653 ἐθισθῶμεν
1012 5582 1231 5639 ἀκούειν
1282 5586 1512 5657 φοϐερά,
1550 5588 1950 5660 ἐθισθησόμεθα
1995 5593 2089 5642 καὶ

512 5665 805 5734 ὑπομένειν
834 5666 1043 5738 φοϐερά
1063 5687 1077 5700 ·
1110 5669 1175 5722 ἂν
1205 5670 1261 5721 δὲ
1296 5671 1467 5734 οὕτως
1512 5666 1662 5741 ὦμεν
1691 5673 2085 5745 διαλελυμένοι,

512 5746 585 5812 ῶς
614 5748 751 5820 μηδὲ
798 5752 1018 5822 ῥήματα
1069 5753 1275 5823 φέρειν,
1313 5756 1442 5809 πότε
1486 5759 1616 5828 πρὸς
1670 5760 1730 5811 τὰ
1792 5759 2086 5829 πράγματα

1157 294 1214 349 S.
1256 295 1545 352 JOANNIS
1582 291 2073 350 CHRYSOSTOMI
2109 292 2429 348 ARCHIEP.
2467 288 3013 349 CONSTANTINOP.

3617 275 3722 326 £23

2164 404 2473 475 στησόμεθα
2493 422 2507 468 ;
2525 404 2685 476 Ὁρᾷς
2714 403 2831 467 πῶς
2852 400 3184 473 καταφρονεῖ
3208 398 3317 453 τῶν
3345 395 3581 452 ἐνταῦθα
3597 394 3732 449 πάν-

2155 504 2285 553 των,
2319 489 2411 541 καὶ
2440 487 2546 543 τῶν
2569 486 2885 558 ἐπαλλήλων
2910 484 3173 538 κινδύνων
3211 483 3240 537 6
3273 482 3543 553 μακάριος
3585 479 3734 534 Παῦ-

2152 571 2242 635 λος
2266 589 2280 632 ;
2304 573 2400 625 Διά
2431 572 2516 635 τίς
2539 572 2662 624 Ὅτι
2697 566 3178 641 μεμελετήκεικαὶ
3207 567 3432 637 γεέννης
3456 582 3733 636 καταφρο-

2154 660 2265 711 νεῖν
2298 657 2438 728 ὑπέρ
2460 656 2568 709 τῶν
2600 656 2679 727 τῷ
2716 656 2834 726 Θεῷ
2855 655 3181 709 δοκούντων.
3230 653 3466 715 Ἐκεῖνος
3490 651 3610 704 ούδέ
3637 650 3736 720 τὴν
3816 700 3821 703 ,

2156 744 2351 812 πεῖραν
2381 742 2480 811 τῆς
2507 740 2734 811 γεέννης
2762 738 2946 810 ἡγεῖτό
2970 756 3023 792 τι
3053 734 3195 791 εῖναι
3235 735 3324 790 διά
3352 735 3444 789 τὸν
3474 734 3569 787 τοῦ
3599 735 3734 804 Χρι-
3804 772 3807 776 .

2157 826 2283 879 στοῦ
2316 825 2504 879 πόθονο
2540 827 2702 895 ἡμεῖς
2737 824 2877 895 ὑπὲρ
2906 823 3016 876 τῶν
3044 823 3175 892 ἡμῖν
3207 819 3595 891 συμφερόντων
3617 818 3738 872 οὐδὲ

2154 910 2263 963 τῶν
2295 910 2426 979 περὶ
2450 909 2617 979 αὐτῆς
2640 908 2815 977 λόγων
2832 904 3158 976 ἀνεχόμεθα.
3192 902 3305 957 Νῦν
3334 904 3430 974 μὲν
3459 898 3554 956 οὖν
3581 900 3738 969 ὀλίγα

2156 992 2487 1055 ἀκούσαντες
2507 991 2844 1062 ἀπέρχεσθε·
2881 989 3070 1060 δέομαι
3097 988 3154 1041 δὲ
3182 987 3359 1058 ὑμῶν,
3393 986 3446 1039 εί
3468 986 3551 1048 τίς
3588 985 3738 1037 ἐστιν

2156 1078 2213 1130 ἐν
2239 1078 2366 1146 ὑμῖν
2390 1076 2597 1145 ἀγάπη,
2626 1072 2918 1137 διαπαντὸς
2945 1074 3070 1136 τοὺς
3108 1072 3237 1144 περὶ
3258 1070 3464 1125 τούτων
3487 1070 3739 1141 στρέφειν

2157 1160 2369 1228 λόγους.
2430 1157 2597 1211 Οὐδὲν
2634 1157 2833 1228 βλάψαι
2883 1157 3222 1227 δυνήσονται,
3274 1155 3376 1209 κᾶν
3419 1154 3493 1225 μὴ
3529 1153 3740 1223 ὠφελή-

2160 1261 2295 1297 σωσι
2312 1260 2325 1275 ⁸
2352 1242 2568 1305 πάντως
2600 1242 2656 1295 δὲ
2690 1241 2784 1295 καὶ
2810 1240 3154 1312 ὠφελήσουσι
3179 1255 3192 1269 ·
3212 1240 3349 1310 πρὸς
3374 1239 3483 1308 γὰρ
3513 1238 3611 1302 τάς
3627 1241 3743 1292 δια-

2158 1325 2331 1390 λέξεις
2365 1327 2514 1396 καὶὴ
2542 1324 2687 1397 ψυχὴ
2721 1324 2993 1378 ποιοῦται.
3029 1324 3365 1391 Φθείρουσι,
3398 1324 3583 1391 φησὶν,
3624 1323 3739 1389 ἤθη

2159 1409 2395 1478 χρηστὰ
2430 1408 2659 1478 ὁμιλίαι
2712 1409 2911 1463 κακαί.
2955 1406 3163 1461 Οὐκοῦν
3201 1405 3502 1475 ὠφελοῦσιν
3536 1406 3743 1476 ὁμιλίαι

2161 1494 2365 1563 ἀγαθαί
2387 1510 2400 1524 ’
2432 1492 2627 1546 οὐκοῦν
2657 1493 2752 1546 καὶ
2784 1491 3212 1563 σωφρονίζουσιν
3240 1488 3448 1559 ὁμιλίαι
3490 1488 3740 1559 φοϐεραὶ.

2164 1580 2377 1649 Ὥσπερ
2408 1578 2517 1647 γὰρ
2546 1577 2715 1648 κηρός
2742 1576 2827 1639 τίς
2851 1575 3051 1644 ἐστινὴ
3077 1573 3224 1644 ψυχή
3252 1588 3265 1601 ·
3296 1574 3361 1626 ἂν
3392 1573 3488 1642 μὲν
3509 1572 3617 1642 γὰρ
3637 1572 3744 1640 ψυ-

2164 1663 2300 1736 χρὰς
2335 1662 2621 1733 ἐπαγάγῃς
2650 1660 2886 1730 ὁμιλίας,
2914 1657 3217 1729 ἐπώρωσας
3245 1656 3415 1725 αὐτὴν
3438 1655 3531 1708 καὶ
3554 1655 3748 1724 ἐσκλήο

2165 1764 2332 1818 ρυνας
2353 1762 2367 1775 ο
2403 1745 2469 1798 ἂν
2502 1745 2560 1798 δέ
2582 1741 3009 1814 πεπυρωμένας,
3038 1740 3317 1810 ἐμάλαξας
3338 1756 3353 1770 ·
3391 1737 3634 1818 μαλάξας
3665 1737 3744 1801 δὲ,

2165 1816 2355 1890 τυποῖς
2388 1825 2524 1897 πρὸς
2552 1825 2688 1895 ὅπερ
2713 1824 2778 1878 ἂν
2801 1823 2982 1893 θέλῃς,
3008 1823 3104 1874 καὶ
3132 1820 3229 1891 τὴν
3254 1818 3439 1873 εἰκόνα
3470 1819 3570 1887 τὴν
3595 1816 3747 1897 βασι-

2165 1906 2324 1977 λικὴν
2368 1896 2747 1974 ἐγχαράττεις.
2818 1900 3289 1971 ’Δποφράττωμεν
3365 1897 3547 1951 τοίνυν
3592 1896 3748 1977 ἡμῶν

2165 1986 2265 2050 τάς
2288 1986 2457 2049 ἀκοάς
2486 1985 2623 2055 πρὸς
2637 1983 2737 2047 τὰς
2757 1982 2975 2053 ὁμιλίας
3005 1980 3101 2044 τὰς
3123 1979 3248 2047 είκῆ
3265 1993 3278 2005 ·
3300 1978 3399 2031 οὐκ
3414 1977 3530 2029 ἔστι
3556 1976 3749 2045 μικρὸν

2166 2070 2228 2124 τὸ
2243 2070 2437 2123 κακόν·
2469 2069 2577 2122 ἀπὸ
2601 2067 2794 2120 τούτου
2823 2067 3034 2134 γίνεται
3063 2064 3241 2116 πάντα
3269 2061 3338 2113 τὰ
3367 2060 3532 2113 κακά.
3564 2060 3624 2111 Εἰ
3659 2075 3753 2128 με-

2171 2154 2463 2223 μελετήκει
2490 2150 2649 2223 ἡμῶν
2687 2152 2720 2221 ἡ
2768 2148 2977 2203 διάνοια
3014 2148 3306 2217 προσέχειν
3337 2142 3503 2205 θείοις
3552 2142 3749 2210 λόγοις,

2167 2238 2268 2289 οὐκ
2294 2235 2361 2289 ἂν
2398 2236 2699 2307 προσέσχεν
2724 2235 2936 2304 ἐτέροις
2957 2248 2969 2261 °
2988 2232 3049 2284 οὐ
3069 2230 3412 2301 προσέχουσα
3440 2227 3496 2280 δέ
3522 2226 3751 2294 ἑτέροις,

2168 2322 2267 2375 οὐκ
2290 2321 2355 2374 ἂν
2384 2319 2505 2373 οὐδὲ
2536 2319 2604 2373 τά
2636 2319 2940 2389 πράγματα
2964 2314 3198 2386 μετῆλθε
3229 2313 3300 2365 τά
3323 2311 3563 2381 πονηρά.
3606 2310 3753 2389 Ὁδὸς

2170 2403 2277 2473 γὰρ
2303 2404 2394 2455 ἐπὶ
2414 2402 2482 2455 τά
2511 2402 2649 2473 ἔργα
2678 2387 2836 2469 λόγος
2869 2399 2987 2452 ἐστί
3004 2415 3016 2427 ·
3049 2395 3269 2469 πρῶτον
3293 2392 3607 2462 ἐννοοῦμεν,
3631 2387 3754 2445 εἶτα

2170 2485 2543 2556 φθεγγόμεθα,
2590 2479 2711 2537 εἶτα
2757 2483 3096 2554 πράττομεν.
3130 2478 3323 2533 Πολλοὶ
3360 2477 3619 2538 πολλάκις
3659 2477 3754 2528 καὶ

2172 2566 2601 2638 σωφρονοῦντες,
2630 2567 2740 2620 ἀπὸ
2780 2567 3043 2638 ῥημάτων
3081 2560 3334 2634 ἀἰσχρῶν
3382 2561 3475 2613 ἐπὶ
3528 2558 3754 2629 πράξεις

2169 2649 2332 2725 ἦλθον
2366 2652 2619 2724 αἰσχράς.
2646 2652 2721 2705 Ού
2742 2652 2850 2721 γάρ
2869 2652 3016 2703 ἐστιν
3033 2651 3066 2720 ἡ
3076 2648 3191 2719 μῶν
3212 2649 3246 2719 ἡ
3268 2646 3414 2716 ψυχὴ
3434 2642 3557 2697 οὔτε
3579 2642 3757 2711 ἀγαθὴ

2171 2739 2330 2808 φύσει
2354 2736 2481 2790 οὕτε
2502 2736 2669 2806 κακὴ,
2698 2736 2835 2790 ἀλλὰ
2865 2733 3188 2807 προαιρέσει
3224 2732 3317 2785 καὶ
3345 2729 3506 2782 τοῦτο
3536 2729 3758 2781 κάκεῖνο

2171 2819 2534 2893 γίνεται.[5“21
2548 2819 2783 2892 ]Ὢσπερ
2798 2814 2891 2874 οῦν
2910 2820 2971 2871 τὸ
2994 2818 3184 2882 ἱστίον,
3205 2816 3450 2883 ὅπουπερ
3470 2811 3535 2864 ἂν
3550 2810 3757 2880 πνεύσῃ

2173 2907 2201 2957 ὁ
2231 2905 2456 2975 ἄνεμος,
2489 2904 2787 2975 μεταφέρει
2817 2904 2876 2956 τὸ
2908 2903 3124 2956 πλοῖον*
3177 2898 3377 2971 μᾶλλον
3417 2896 3473 2950 δὲ
3514 2894 3701 2978 ὥσπερ
3730 2898 3762 2947 6

2173 2988 2291 3055 οἴαξ
2333 2988 2639 3058 μεταφέρει
2665 2988 2727 3040 τὸ
2751 2987 2955 3051 πλοῖον,
2989 2987 3055 3039 ἂν
3084 2984 3142 3051 ἐξ
3172 2983 3372 3054 ούρίων
3395 2982 3423 3034 6
3458 2980 3656 3048 ἄνεμος
3679 2994 3712 3049 ῃ
3742 2995 3757 3008 ⁸

2174 3057 2452 3121 οὕτωκαὶ
2482 3069 2510 3118 6
2541 3057 2822 3137 λογισμὸς,
2846 3067 2912 3120 ἂν
2941 3065 3000 3130 ἐξ
3027 3065 3228 3134 οὐρίων
3256 3061 3327 3117 τὰ
3349 3062 3568 3132 ῥήματα
3592 3057 3765 3128 φέρη-

2175 3171 2263 3208 ται
2287 3153 2355 3205 τά
2384 3151 2548 3211 καλά,
2583 3148 2878 3205 πλεύσεται
2914 3148 3246 3210 ἀκινδύνως⁹
3300 3147 3366 3200 ἂν
3413 3144 3471 3197 δέ
3520 3141 3761 3202 ἐναντία,

2177 3234 2437 3295 πολλάκις
2478 3232 2574 3283 καὶ
2609 3231 2903 3284 καταδύσει
2956 3231 3048 3283 τὸν
3098 3225 3383 3299 λογισμόν.
3433 3226 3610 3293 Ὅπερ
3653 3225 3767 3291 γάρ

2177 3318 2293 3368 ἐστι
2315 3317 2428 3377 τοῖς
2459 3312 2672 3377 πλοίοις
2697 3313 2767 3366 τὰ
2801 3310 3112 3382 πνεύματα,
3136 3310 3298 3363 τοῦτο
3328 3310 3449 3371 ταῖς
3489 3307 3686 3376 ψυχαῖς
3713 3306 3767 3356 οί

2176 3393 2326 3461 λόγοι
2350 3407 2366 3424 ⁸
2395 3393 2639 3462 ὅπουπερ
2675 3390 2743 3449 ἂν
2771 3389 2955 3463 θέλῃς,
2986 3389 3243 3457 μετάγεις
3274 3387 3442 3455 αὐτὴν
3476 3385 3570 3463 καὶ
3599 3401 3769 3463 μετ-α-

2175 3459 2419 3541 τρέπεις.
2445 3470 2546 3522 Διὰ
2577 3459 2735 3524 τοῦτο
2772 3459 3057 3537 παραινῶν
3122 3466 3207 3528 τίς
3254 3480 3429 3535 φησι·
3466 3459 3639 3516 Πᾶσα
3680 3461 3772 3514 δι-

2177 3551 2403 3620 ήγησίς
2444 3567 2560 3603 σου
2603 3548 2760 3601 ἔστω
2803 3548 2873 3601 ἐν
2910 3547 3071 3615 ’νόμῳ
3108 3544 3427 3613 ’Υψίστοα
3459 3549 3550 3595 Διὸ
3590 3558 3772 3608 παρα-

2180 3637 2352 3700 καλῶ,
2398 3638 2507 3691 ἀπὸ
2556 3637 2658 3707 τῆς
2702 3636 2895 3705 τίτθης
2928 3635 2996 3688 τά
3036 3633 3225 3686 παιδία
3267 3632 3655 3703 λαμϐάνοντες,
3692 3631 3773 3699 μὴ

2183 3725 2377 3797 μύθοις
2403 3726 2655 3797 γραϊκοῖς
2682 3724 2824 3777 αύτά
2854 3723 3148 3792 ἐθίζωμεν,
3181 3720 3295 3773 ἀλλ’
3322 3721 3385 3772 ἐκ
3410 3718 3634 3788 πρώτης
3659 3717 3775 3785 ἡλι-

2182 3808 2307 3872 κίας
2341 3806 2679 3879 μανθανέτω,
2714 3807 2797 3859 ὅτι
2834 3806 3019 3876 κρίσις
3047 3804 3226 3857 ἐστὶν·
3261 3803 3345 3855 ὅτι
3390 3802 3629 3864 κόλασις,
3664 3802 3774 3869 ἐμ-

2183 3890 2484 3961 πηγνύσθω
2523 3889 2704 3943 αὐτῶν
2745 3892 2813 3960 τῇ
2861 3888 3102 3961 διανοίᾳο
3138 3881 3292 3951 οὗτος
3324 3888 3353 3940 6
3384 3885 3546 3954 φόϐος
3576 3886 3773 3956 ou":sz-

2184 3975 2398 4040 ζωθεὶς,
2438 3975 2651 4046 μεγάλα
2678 3975 2973 4046 ἐργάζεται
3002 3973 3204 4043 ἀγαθά.
3230 3972 3391 4043 Ψυχὴ
3417 3972 3526 4043 γὰρ
3562 3970 3773 4040 μαθοῦ-

2187 4078 2253 4113 σα
2279 4062 2344 4113 ἐκ
2368 4060 2593 4130 πρώτης
2627 4060 2844 4130 ἡλικίας
2859 4062 2925 4131 τῇ
2949 4058 3251 4131 προσδοκίᾳ
3276 4055 3447 4127 ταύτῃ
3486 4055 3774 4107 κατασείε-

2187 4145 2333 4207 σθαι,
2389 4143 2452 4197 ού
2512 4143 2722 4213 ταχέως
2750 4144 3106 4196 ἀποσείσεται
3148 4141 3306 4196 τοῦτο
3358 4141 3419 4193 τὸ
3470 4138 3613 4202 δέος·
3653 4138 3774 4189 ἀλλ’

2186 4229 2375 4298 ὥσπερ
2417 4245 2501 4291 τις
2535 4230 2700 4291 ἵππος
2731 4229 2965 4300 εὐήνιος,
3008 4227 3417 4296 ἐπικαθήμενον
3445 4224 3644 4293 ἔχουσα
3681 4223 3775 4274 τὸν

2184 4313 2284 4383 τῆς
2301 4311 2529 4382 γεέννης
2559 4310 2841 4381 λογισμὸν,
2868 4309 3109 4364 εὖτακτα
3137 4307 3448 4381 βαδίζουσα,
3482 4308 3577 4361 καὶ
3602 4306 3775 4375 φθέγ-

2187 4396 2336 4460 ξεται
2370 4395 2464 4449 καὶ
2493 4396 2609 4467 ἐρεῖ
2635 4396 2910 4465 χρήσιμα·
2949 4395 3044 4448 καὶ
3071 4392 3195 4447 οὕτε
3226 4394 3434 4463 νεότης,
3455 4389 3578 4444 οὔτε
3609 4389 3777 4441 πλοῦ-

2184 4498 2295 4545 τος,
2347 4479 2471 4533 οὔτε
2514 4479 2771 4551 ὀρφανία,
2822 4479 2947 4532 οὔτε
2996 4478 3125 4533 ἄλλο
3163 4477 3315 4530 οὐδὲν
3349 4476 3519 4547 αὐτὴν
3572 4473 3775 4545 βλάψαι

2186 4565 2493 4636 δυνήσεται,
2539 4564 2682 4618 οὕτω
2741 4564 2968 4635 στερρὸν
3001 4563 3199 4633 ἔχουσα
3248 4574 3274 4602 α
3337 4562 3429 4615 τὸν
3488 4560 3772 4629 λογισμὸν,

2186 4649 2282 4702 καὶ
2333 4649 2470 4719 πρὸς
2516 4650 2693 4703 πάντα
2731 4649 2977 4720 ἀντέχειν
3028 4648 3344 4717 δυνάμενον.
3385 4645 3605 4708 Τούτοις
3662 4646 3778 4707 τοῖς

2186 4732 2363 4800 λόγοις
2386 4734 2480 4786 καὶ
2504 4735 2653 4804 ἡμᾶς
2672 4734 2869 4797 αὐτοὺς
2889 4730 3261 4804 ῥυθμίζωμεν,
3284 4732 3378 4786 καὶ
3391 4732 3652 4800 γυναῖκας
3678 4727 3778 4780 καὶ

2186 4816 2406 4880 δούλους
2421 4817 2518 4871 καὶ
2532 4817 2697 4871 τέκνα.
2720 4818 2815 4869 καὶ
2841 4817 3050 4886 φίλους,
3066 4817 3116 4869 εί
3132 4814 3378 4881 δυνατὸν,
3414 4814 3506 4867 καὶ
3522 4812 3773 4883 ἐχθρούς.

2188 4900 2477 4970 Δυνάμεθα
2509 4900 2619 4972 γάρ
2651 4901 2789 4971 μετά
2809 4900 3013 4955 τούτων
3041 4899 3152 4953 τῶν
3183 4899 3359 4968 λόγων
3372 4898 3441 4951 τὰ
3471 4896 3640 4951 πολλά
3662 4896 3780 4948 τῶν

2190 4987 2611 5056 ἁμαρτημάτων
2638 4985 3031 5057 ύποτεμέσθαι,
3066 4985 3160 5039 καὶ
3201 4984 3409 5054 βέλτιον
3429 4984 3488 5037 ἐν
3508 4982 3781 5051 λυπηροῖς

2189 5068 2571 5139 ἐνδιατρίϐειν,
2620 5068 2653 5139 ἢ
2684 5072 2945 5141 χρηστοῖς
2970 5085 2983 5099 ³
3034 5070 3129 5122 καὶ
3168 5069 3327 5138 δῆλον
3375 5067 3603 5120 ἐκεῖθεν.
3636 5064 3781 5118 Εἰπὲ

2189 5154 2299 5225 γάρ
2331 5172 2441 5223 μοι,
2463 5154 2531 5207 ἂν
2558 5153 2720 5227 ἔλθῃς
2761 5156 2840 5219 εἰς
2870 5155 3069 5218 οἰκίαν,
3103 5153 3234 5207 ἔνθα
3266 5153 3436 5224 γάμοι
3461 5149 3781 5204 ἐπιτελοῦν-

2189 5256 2302 5300 ται,
2333 5239 2467 5309 πρὸς
2498 5239 2595 5309 μὲν
2621 5238 2772 5309 ὤραν
2804 5237 2979 5308 ἧσθης
3011 5241 3076 5309 τῇ
3115 5237 3235 5308 θέᾳ,
3269 5236 3495 5307 ὕστερον
3519 5235 3575 5287 δὲ
3604 5233 3783 5286 ἀπελ-

2191 5323 2300 5374 θὼν
2324 5325 2512 5393 τήκεις
2536 5324 2730 5377 σαυτὸν
2770 5327 2839 5395 τῇ
2871 5323 3038 5397 λύπῃ,
3084 5326 3166 5378 ὅτι
3198 5324 3300 5375 οὐκ
3332 5322 3477 5392 ἓχεις
3511 5318 3782 5375 τοσαῦτα.

2194 5408 2293 5457 Ἂν
2318 5405 2374 5458 δὲ
2415 5409 2495 5471 εἰς
2532 5408 2711 5462 οἰκίαν
2753 5407 3095 5462 πενθούντων
3128 5404 3398 5478 εἰσέλθῃς,
3428 5404 3531 5458 κᾶν
3570 5402 3788 5474 σφόδρα,

2191 5491 2549 5554 πλουτοῦντες
2585 5485 2742 5556 ῶσιν,
2792 5490 3044 5547 ἀπελθὼν
3098 5491 3390 5562 ἀναπαύσῃ
3428 5487 3666 5561 μᾶλλον·
3712 5485 3785 5538 οὐ

2264 5770 2284 5795 ⁸
2314 5769 2444 5832 Lege
2472 5772 2691 5833 ἔχουσαν.
