4114 6396
414 384 516 438 477

416 501 532 569 ejus
560 499 729 552 minas
778 497 977 553 nostris
1027 498 1219 552 inserit
1247 497 1459 551 animis.
1511 495 1587 550 Ne
1632 495 1987 563 deSpiciamus

419 602 625 645 tantum
666 591 873 644 lucrum
902 588 1043 659 quod
1084 589 1208 643 inde
1249 590 1507 653 nascitur,
1535 587 1628 642 sed
1658 587 1818 640 etiam
1848 586 1988 639 assi-

416 688 520 740 due
538 697 841 748 versemus,
875 682 926 735 in
959 681 1219 751 prandiis,
1251 682 1301 733 in
1332 681 1524 733 caenis.
1567 678 1699 733 Nam
1726 678 1793 731 de
1834 678 1993 731 rebus

417 775 630 844 quidem
679 773 927 843 jucundis
975 789 1153 827 sermo
1205 773 1338 826 nihil
1382 772 1532 842 juvat
1586 772 1851 833 animam,
1899 768 1993 822 sed

416 882 532 919 eam
583 866 756 919 reddit
812 864 1213 919 imbecilliorem
1245 882 1258 915 :
1287 877 1464 917 sermo
1502 873 1678 915 autem
1727 862 1792 913 de
1835 860 1994 913 rebus

420 959 661 1014 tristibus
709 966 765 1012 et
811 957 1050 1011 molestis
1102 964 1341 1025 amputat
1383 954 1640 1023 quidquid
1684 951 1995 1006 diﬁ‘unditur

416 1060 471 1104 et
526 1048 758 1115 difﬂuit,
814 1062 1038 1117 eamque
1088 1047 1400 1102 dissolutam
1455 1045 1718 1099 convertit
1762 1046 1817 1098 et
1860 1058 1995 1099 con-

422 1142 603 1197 trahit.

490 1233 660 1287 Metus
676 1233 915 1301 supplicii
934 1242 1174 1303 quantam
1204 1233 1303 1286 vim
1327 1231 1525 1284 habeat.
1543 1259 1613 1271 -—
1629 1230 1727 1297 Qui
1756 1228 1825 1282 de
1849 1229 2000 1283 thea-

419 1324 514 1378 tris
544 1334 598 1377 et
644 1324 819 1377 mimis
860 1323 1114 1393 disputat,
1148 1324 1280 1377 nihil
1310 1325 1359 1377 ei
1414 1324 1652 1393 prodest,
1704 1322 1796 1375 sed
1829 1324 1995 1390 magis

418 1416 674 1482 incendit,
709 1416 980 1486 magisque
1012 1417 1350 1471 temerariam
1382 1416 1558 1470 reddit
1598 1424 1652 1468 et
1681 1417 1996 1484 petulantio-

419 1522 567 1561 rem:
602 1507 690 1576 qui
741 1508 913 1561 aliena
961 1517 1112 1562 curat
1157 1518 1212 1562 et
1264 1519 1551 1573 Scrutatur,
1586 1524 1727 1577 saepe
1754 1508 1899 1561 illam
1930 1523 1995 1559 ex

420 1602 509 1653 tali
528 1602 835 1654 curiositate
863 1603 913 1654 in
946 1602 1178 1669 pericula
1206 1603 1442 1671 conjicit.
1472 1603 1647 1672 Atqui
1666 1602 1730 1656 de
1755 1601 1995 1671 gehenna

420 1690 674 1760 loquitur,
711 1693 838 1745 nulli
871 1694 1133 1749 obnoxius
1162 1696 1263 1749 erit
1294 1694 1563 1763 periculo,
1602 1706 1658 1748 et
1704 1695 1996 1762 sapientio-

420 1800 534 1837 rem
564 1785 748 1839 reddet
776 1787 1027 1840 animam.
1072 1790 1141 1841 At
1168 1787 1453 1842 verborum
1500 1788 1656 1842 times
1694 1787 1998 1856 importuni-

421 1880 616 1931 tatem?
646 1878 780 1931 Num
808 1883 852 1932 si
884 1881 1061 1945 sileas,
1095 1880 1392 1949 gehennam
1419 1880 1778 1935 exstinxeris?
1799 1895 1924 1933 num
1952 1879 1999 1933 si

420 1970 641 2035 dixeris,
688 1972 1032 2025 accendet-is?
1068 1970 1173 2026 Seu
1199 1971 1419 2038 dixeris,
1470 1986 1565 2025 seu
1598 1987 1703 2023 non
1758 1969 1993 2036 dixeris,

418 2061 734 2115 exardescet
760 2062 916 2131 ignis.
947 2062 1022 2116 De
1047 2079 1109 2116 ea
1138 2064 1343 2117 dicatur
1363 2062 1595 2127 assidue,
1626 2072 1681 2116 ut
1710 2077 1997 2131 numquam

421 2152 472 2205 in
501 2167 617 2207 eam
644 2153 872 2207 incidas.
896 2153 1039 2208 Fieri
1062 2170 1169 2207 non
1200 2163 1375 2224 potest
1402 2156 1649 2207 utanima
1670 2153 1736 2207 de
1756 2152 1997 2222 geheuna

418 2246 646 2301 sollicita
673 2247 781 2300 cito
809 2256 1028 2316 peccet:
1058 2249 1179 2299 audi
1205 2248 1349 2301 enim
1391 2246 1647 2316 optimam
1673 2247 2001 2301 admonitio-

420 2356 565 2405 nem,
584 2339 610 2392 1
619 2358 650 2393 n
664 2343 955 2395 memoriam
970 2358 1147 2394 revoca
1176 2342 1447 2394 novissima
1470 2352 1576 2408 tua,
1596 2350 1644 2394 et
1668 2342 1723 2394 in
1752 2350 1997 2395 aeternum

421 2447 524 2484 non
598 2433 824 2499 peccabis
878 2431 1081 2505 (Eccli.
1130 2431 1220 2486 28.
1266 2437 1343 2501 6).
1377 2433 1517 2486 Fieri
1562 2448 1667 2487 non
1720 2444 1895 2502 potest
1941 2443 2001 2487 ut

420 2526 595 2577 anitna
622 2542 739 2594 quae
768 2528 919 2580 timet
944 2526 1011 2580 de
1041 2526 1327 2579 reddendis
1348 2526 1663 2591 rationibus,
1695 2527 1762 2580 ad
1804 2526 1998 2581 delicta

420 2629 527 2667 non
556 2615 627 2667 sit
653 2616 800 2668 tarda
835 2633 849 2668 :
883 2628 1056 2669 metus
1085 2615 1227 2669 enim
1256 2617 1439 2679 vigens
1470 2617 1522 2669 in
1572 2617 1915 2685 cogitatione,
1944 2619 1998 2671 in

420 2721 481 2757 ea
514 2705 645 2758 nihil
673 2707 905 2759 admittit
930 2706 1279 2759 mundanum.
1302 2706 1434 2759 Nam
1458 2707 1633 2775 siquae
1657 2707 1725 2761 de
1747 2723 1810 2761 ea
1837 2711 2000 2761 verba

421 2800 575 2862 fiunt,
601 2813 717 2851 eaut
741 2800 811 2850 ita
834 2798 1106 2867 dejiciunt,
1140 2811 1195 2852 et
1224 2798 1586 2866 comprimunt
1606 2838 1621 2860 ,
1653 2799 1790 2851 ratio
1816 2808 1871 2852 ct
1908 2814 2000 2852 co-

421 2891 605 2958 gitatio
636 2907 754 2957 qua:
789 2899 1047 2958 perpetuo
1070 2889 1272 2941 habitat
1297 2890 1348 2941 in
1388 2889 1601 2954 animis,
1628 2904 1804 2941 annon
1834 2889 2001 2958 magis

424 2989 613 3049 purgat
641 2983 873 3033 animam
917 2995 1073 3049 quam
1121 2979 1293 3049 quivis
1345 2980 1515 3049 ignis?
1555 2980 1724 3049 liegui
1780 2996 1884 3033 noti
1928 2984 2000 3034 ita

422 3075 820 3128 meminerimus
848 3084 903 3127 ut
933 3074 1188 3143 gehenua:
1215 3091 1229 3126 :
1253 3082 1424 3127 metus
1446 3074 1587 3127 enim
1612 3074 1867 3143 majorem
1895 3076 2000 3127 vim

422 3164 582 3219 habet
604 3180 760 3235 quam
792 3165 1109 3235 promissio;
1144 3174 1195 3218 et
1228 3166 1338 3218 scio
1360 3165 1502 3234 quod
1532 3165 1683 3217 inulti
1726 3166 1863 3217 bona
1900 3168 2001 3219 dc-

424 3258 613 3326 Spicall
643 3269 825 3312 essent
851 3258 1277 3322 innumerabilia,
1312 3260 1355 3312 si
1386 3260 1595 3313 liberati
1621 3271 1804 3314 essent
1825 3274 1854 3312 a
1883 3274 2001 3330 sup-

425 3350 582 3418 plicio
607 3367 619 3401 :
642 3364 764 3403 cum
794 3364 933 3403 nunc
955 3364 1164 3419 quoque
1193 3349 1321 3403 mihi
1353 3349 1581 3403 sufﬁciat
1614 3367 1721 3404 non
1753 3366 1873 3404 esse
1903 3367 2002 3419 pu-

424 3446 615 3507 nitum,
648 3458 751 3495 non
783 3456 903 3496 esse
918 3443 1253 3511 castigatum.
1276 3441 1463 3497 Nullus
1488 3458 1551 3496 ex
1574 3442 1637 3496 iis
1671 3443 1760 3510 qui
1791 3442 2002 3511 gehen-

423 3554 547 3591 nam
574 3536 771 3589 habent
798 3546 922 3589 ante
950 3535 1369 3599 oculos,incidet
1389 3536 1441 3588 in
1470 3535 1766 3604 gehennam
1791 3553 1802 3588 :
1824 3534 2002 3590 nullus

424 3647 489 3683 ex
518 3630 579 3683 iis
605 3630 694 3701 qui
723 3628 1020 3698 gehennam
1057 3628 1388 3697 despiciunt,
1427 3627 1642 3698 effugiet
1682 3628 1999 3697 gehennam.

425 3726 575 3775 Sicut
601 3722 744 3776 enim
761 3720 901 3791 apud
933 3735 1032 3775 nos
1056 3721 1147 3789 qui
1182 3720 1370 3774 timent
1399 3720 1613 3789 quidem
1646 3720 1869 3789 judicia,
1894 3735 2002 3774 non

423 3813 955 3880 comprehenduntur
1001 3826 1032 3865 a
1065 3810 1316 3881 judiciis;
1364 3811 1455 3881 qui
1483 3821 1663 3864 autem
1708 3811 1796 3864 illa
1822 3810 2002 3879 despi.

425 3910 604 3971 ciunt,
651 3907 686 3960 ii
735 3914 861 3961 sunt
902 3904 992 3976 qui
1041 3906 1095 3959 in
1127 3920 1187 3959 ea
1218 3906 1449 3958 maxime
1480 3903 1766 3959 incidunt:
1800 3905 1870 3959 ita
1916 3905 2002 3959 hic

426 4013 657 4067 quoque.
686 3998 740 4052 Si
765 4014 871 4052 non
899 3998 1232 4052 eversionem
1258 3996 1559 4051 timuissent
1582 3996 1851 4063 Ninivitte,
1874 3996 2005 4052 fuis-

425 4100 547 4144 sent
591 4091 802 4145 eversi:
836 4091 1086 4160 quoniam
1133 4104 1260 4143 vero
1294 4091 1605 4155 timuerunt,
1643 4105 1750 4144 non
1792 4090 2005 4145 fuerunt

426 4181 618 4235 eversi.
649 4181 703 4237 Si
732 4180 1060 4251 temporibus
1083 4179 1196 4234 Noe
1225 4180 1528 4235 timuissent
1580 4180 1862 4248 diluvium,
1894 4196 2003 4235 non

427 4274 651 4329 fuissent
678 4275 853 4328 obruti
880 4274 1112 4337 diluvio;
1167 4280 1221 4326 et
1261 4271 1309 4325 si
1339 4272 1639 4326 timuissent
1666 4270 1957 4327 Sodomita:
1984 4312 1999 4338 ,

430 4384 535 4420 non
566 4367 791 4421 fuissent
836 4365 1029 4419 exusti.
1059 4364 1301 4434 Magnum
1344 4372 1428 4418 est
1465 4364 1667 4418 malum
1698 4365 1869 4418 minas
1904 4380 2002 4419 ne-

431 4462 631 4530 gligere
666 4478 679 4513 :
708 4460 795 4530 qui
818 4458 1047 4527 despicit
1076 4460 1267 4521 tninas,
1289 4472 1384 4526 per
1412 4472 1498 4511 res
1524 4458 1666 4527 ipsas
1685 4459 1790 4512 cito
1808 4460 2006 4513 sentiet

434 4552 839 4622 experientiam.
873 4549 1013 4604 Nihil
1040 4560 1123 4604 est
1145 4564 1295 4619 aeque
1322 4548 1450 4603 utile
1478 4558 1639 4618 atque
1665 4548 1732 4603 de
1760 4548 2004 4618 gehenna

430 4648 697 4698 disserere
722 4660 734 4695 :
766 4641 954 4711 quovis
978 4649 1197 4711 argento
1220 4639 1459 4709 puriores
1485 4639 1640 4692 nobis
1679 4638 1843 4692 efﬁcit
1884 4640 2004 4692 ani-

434 4751 547 4790 mas
573 4733 730 4788 :audi
752 4734 889 4788 enim
921 4733 1232 4803 prophetam
1254 4732 1540 4797 dicentem,
1572 4730 1781 4783 Judicia
1806 4742 1892 4784 tua
1920 4747 2008 4785 co-

434 4842 539 4880 ram
567 4842 643 4879 me
663 4834 775 4879 sunt
796 4841 990 4893 semper
1030 4822 1200 4895 (Psal.
1253 4824 1338 4877 l7.
1367 4821 1480 4892 9.5).
1514 4821 1758 4876 Christus
1797 4837 2009 4893 quoque

432 4921 498 4972 de
533 4933 596 4971 ca
621 4932 765 4985 saepe
787 4915 1024 4969 disserit.
1056 4915 1187 4969 Nam
1214 4915 1314 4969 etsi
1341 4914 1583 4968 molestia
1612 4913 1777 4968 allicit
1801 4913 2008 4970 audito-

435 5027 571 5075 rem,
600 5010 648 5062 ei
680 5018 857 5062 tamen
884 5006 1099 5076 prodest
1120 5008 1373 5061 maxime.

504 5117 557 5158 4.
602 5101 801 5156 Paulus
846 5102 1129 5171 gehennam
1182 5101 1516 5171 despiciebat,
1557 5115 1733 5170 quare.
1766 5129 1836 5139 --
1861 5097 2010 5152 Talia

434 5199 575 5250 enim
598 5204 722 5249 sunt
757 5194 935 5248 omnia
959 5208 1078 5261 qua:
1106 5205 1358 5262 prosunt;
1402 5207 1575 5261 neque
1603 5190 1816 5245 mireris
1843 5207 1856 5243 :
1886 5205 2010 5243 nam

434 5300 488 5344 et
521 5289 905 5343 medicamenta
927 5296 981 5341 et
1007 5286 1110 5341 cibi
1138 5298 1338 5356 aegroto
1364 5286 1512 5356 prius
1536 5295 1661 5340 sunt
1688 5284 1925 5347 molesti,
1958 5292 2012 5337 et

437 5394 564 5435 tunc
586 5378 814 5435 afferunt
838 5379 1139 5433 utilitatem.
1163 5379 1216 5433 Si
1237 5388 1412 5432 autem
1436 5393 1541 5431 non
1568 5377 1787 5432 ferimus
1814 5375 2012 5430 verbo-

437 5492 555 5528 rum
606 5473 942 5543 gravitatem,
976 5482 1057 5527 est
1106 5470 1446 5542 perspicuum
1488 5469 1623 5522 forte
1665 5480 1725 5522 ut
1768 5467 2003 5521 feramus

438 5585 532 5638 per
557 5566 803 5622 acerbam
826 5581 1002 5620 rerum
1027 5564 1410 5633 experientiam
1438 5578 1452 5616 :
1476 5561 1521 5615 si
1552 5574 1708 5614 nemo
1731 5558 1835 5614 fert
1848 5559 2008 5612 verba

434 5676 554 5730 quat:
579 5660 713 5714 ﬁunt
738 5657 806 5713 de
832 5658 1100 5728 gehenna,
1136 5655 1310 5725 palam
1344 5662 1446 5717 est,
1476 5652 1794 5706 adveniente
1826 5664 2011 5719 perse-

436 5754 691 5823 quutione
734 5752 1002 5804 neminem
1044 5747 1189 5803 ferro
1240 5754 1295 5801 et
1342 5746 1447 5814 igni
1493 5745 1811 5797 obstitttrum
1864 5755 2011 5795 esse.

443 5850 611 5901 Aures
638 5853 848 5899 nostras
868 5856 1234 5903 exerceamus.
1262 5855 1328 5895 ne
1354 5836 1632 5893 moliamur
1658 5854 1669 5889 :
1704 5834 1825 5888 inde
1870 5833 2012 5887 enim

1225 381 1293 438 ιΝ
1333 380 1545 438 EPIST.
1589 383 1631 435 ll
1696 380 1787 434 AD
1827 378 2157 435 THESSAL.
2199 378 2349 441 CAP.
2386 379 2424 433 ι.
2467 378 2696 435 IIOMIL.
2738 378 2801 435 ll.

3573 380 3682 434 #2:;

2099 494 2259 549 etiam
2288 493 2354 547 ad
2385 509 2471 549 res
2495 496 2635 563 ipsas
2662 498 2959 552 veniemus.
2992 498 3049 554 Si
3087 513 3462 557 assuescamns
3489 505 3676 560 audire

2099 584 2376 649 terribilia,
2408 586 2568 639 etiam
2597 588 2854 642 terribilia
2884 588 3025 644 ferre
3049 605 3455 649 assuescemus:
3482 596 3564 649 sin
3591 613 3678 652 au-

2099 688 2202 729 tem
2231 677 2398 730 simus
2419 678 2555 732 adeo
2584 680 2828 734 dissoluti
2855 691 2908 734 et
2933 683 3173 736 enervati
3203 693 3256 737 ut
3282 701 3347 739 ne
3369 686 3527 740 verba
3556 691 3679 758 qui-

2096 768 2214 821 dem
2239 769 2490 832 feramus,
2516 772 2783 839 quomodo
2807 772 2965 826 rebus
2990 774 3337 829 resistemus?
3360 776 3521 833 Vides
3546 795 3682 847 quo-

2098 858 2257 912 modo
2286 875 2406 928 qua:
2448 872 2572 914 sunt
2606 862 2693 915 hic
2722 864 2923 926 omnia,
2953 865 3249 935 crebraque
3295 869 3527 936 pericula
3582 871 3680 924 do-

2099 950 2502 1016 Spiciatbeatus
2549 953 2784 1007 Paulus?
2816 955 3028 1021 Quare?
3078 957 3340 1023 Quoniam
3394 962 3683 1017 meditatus

2095 1050 2215 1094 erat
2239 1043 2399 1094 etiam
2426 1046 2723 1111 gehennam
2755 1046 3032 1113 des‘picere
3068 1065 3163 1117 pro
3193 1051 3256 1104 iis
3284 1067 3403 1121 qua:
3433 1053 3542 1107 Deo
3568 1055 3684 1124 pla-

2099 1142 2237 1185 cent.
2273 1132 2366 1188 Ille
2408 1150 2475 1188 ne
2501 1136 2763 1205 gehenuaa
2793 1139 3007 1207 quidem
3056 1143 3446 1211 experientiam
3480 1148 3681 1217 aliquid

2099 1238 2218 1277 esse
2245 1226 2459 1293 putabat
2501 1238 2717 1297 propter
2742 1228 2942 1284 Christi
2966 1232 3292 1287 desiderium
3320 1253 3332 1288 :
3367 1253 3463 1291 nos
3493 1255 3589 1307 pro
3618 1240 3683 1294 iis

2098 1329 2217 1383 qua:
2245 1318 2397 1369 nobis
2428 1320 2730 1385 conferunt,
2750 1336 2817 1374 ne
2838 1323 2998 1377 verba
3020 1325 3235 1392 quidem
3258 1326 3324 1381 de
3341 1344 3400 1381 ea
3423 1331 3683 1397 patimur?

2099 1410 2274 1475 Atque
2322 1423 2464 1461 nunc
2514 1410 2730 1479 quidem
2758 1414 2942 1482 paucis
2988 1416 3185 1470 auditis
3215 1418 3521 1475 disceditis:
3554 1440 3683 1493 rogo

2100 1508 2276 1549 autem
2324 1513 2440 1561 vos,
2465 1502 2508 1553 si
2535 1516 2635 1569 qua
2659 1512 2742 1556 est
2774 1505 2824 1557 in
2857 1506 3005 1560 vobis
3030 1510 3248 1569 caritas,
3280 1523 3334 1564 ut
3365 1529 3483 1580 qua:
3511 1514 3679 1568 dehis

2101 1589 2260 1642 Verba
2302 1590 2435 1644 ﬁunt
2482 1603 2741 1662 perpetuo
2784 1598 3032 1651 versetis.
3086 1598 3227 1653 Nihil
3273 1611 3523 1670 poterunt
3588 1622 3683 1659 no-

2100 1692 2245 1746 cere,
2271 1683 2478 1736 etiamsi
2498 1698 2604 1738 non
2624 1689 2832 1754 prosint
2859 1706 2871 1740 :
2900 1700 3052 1743 certo
3078 1700 3255 1745 autem
3279 1694 3389 1748 scio
3404 1697 3545 1764 quod
3563 1713 3685 1766 pro-

2101 1769 2321 1825 derunt:
2342 1788 2463 1827 nam
2484 1790 2550 1829 ex
2564 1778 2901 1832 sermonibus
2917 1780 3224 1850 qualitatem
3242 1786 3466 1855 suscipit
3482 1790 3681 1845 anima.

2102 1860 2441 1933 Corrumpunt
2461 1867 2603 1920 enim
2633 1868 2789 1922 bonos
2817 1888 2979 1925 mores
3006 1875 3260 1943 colloquia
3281 1894 3438 1947 prava
3461 1880 3538 1951 (1.
3563 1880 3681 1938 Cor.

2104 1955 2190 2009 15.
2216 1957 2325 2027 55).
2343 1956 2541 2013 Juvant
2560 1975 2688 2029 ergo
2712 1963 2975 2034 colloquia
2997 1965 3153 2032 bona;
3180 1970 3451 2027 modestos
3481 1983 3535 2029 et
3561 1985 3686 2030 tem-

2104 2056 2352 2113 perantes
2372 2049 2599 2105 reddunt
2626 2053 2889 2123 colloquia
2914 2058 3192 2112 terribilia.
3229 2061 3322 2115 Est
3349 2064 3489 2118 enim
3508 2068 3684 2122 anima

2102 2139 2263 2192 veluti
2286 2141 2531 2209 quzedam
2555 2157 2708 2197 cera:
2730 2160 2851 2199 nam
2874 2147 2919 2201 si
2943 2147 3159 2218 frigidas
3180 2153 3393 2221 quidem
3414 2157 3685 2213 induxeris

2103 2232 2548 2302 colloquutiones,
2584 2237 2778 2292 callum
2809 2239 3099 2296 obduxeris
3122 2254 3176 2298 et
3203 2246 3538 2305 induraveris
3561 2269 3574 2317 ;
3601 2254 3684 2306 sin

2102 2338 2279 2381 autem
2314 2329 2524 2398 ignitas,
2554 2332 2848 2388 molliveris
2876 2351 2890 2388 :
2925 2336 3190 2393 mollitam
3218 2350 3396 2396 autem
3425 2344 3489 2397 ad
3518 2347 3689 2415 quod-

2103 2433 2334 2488 cumque
2363 2423 2443 2474 vis
2474 2422 2788 2479 formaveris
2816 2434 2869 2480 et
2896 2426 3202 2496 efﬁnxeris,
3253 2441 3303 2487 et
3327 2436 3525 2504 regiam
3558 2440 3687 2491 ima-

2104 2509 2278 2576 ginem
2308 2511 2676 2580 iusculpseris.
2708 2515 3061 2573 Obstruamus
3092 2536 3221 2592 ergo
3244 2538 3400 2579 aures
3429 2527 3495 2581 ad
3520 2541 3686 2583 teme-

2109 2601 2279 2656 rarios
2330 2619 2651 2660 sermones:
2684 2622 2790 2662 non
2830 2619 2911 2664 est
2957 2626 3180 2680 parvum
3229 2617 3431 2672 malum
3471 2638 3486 2674 :
3526 2637 3590 2676 ex
3622 2639 3688 2678 eo

2107 2705 2396 2750 nascuntur
2426 2699 2561 2752 mala
2577 2701 2773 2755 omnia.
2795 2702 2850 2757 Si
2874 2704 3127 2760 meditata
3155 2718 3299 2763 esset
3319 2726 3471 2765 mens
3500 2725 3681 2771 nostra

2104 2788 2382 2843 attendere
2409 2789 2602 2845 divinis
2632 2795 3003 2863 sermonibus,
3048 2815 3152 2853 non
3185 2804 3486 2860 attenderet
3524 2808 3641 2861 aliis
3674 2828 3687 2864 :

2106 2895 2211 2931 non
2241 2883 2525 2937 attendens
2551 2895 2729 2940 autem
2757 2889 2899 2954 aliis,
2925 2907 3096 2960 neque
3129 2910 3215 2949 res
3239 2898 3407 2952 malas
3435 2902 3689 2970 aggrede-

2105 2983 2271 3026 retur.
2302 2974 2380 3026 Ad
2415 2974 2548 3029 facta
2579 2977 2722 3031 enim
2752 2984 2832 3032 via
2857 2992 2938 3035 est
2968 2997 3148 3038 sermo
3181 3003 3195 3039 :
3230 2988 3457 3055 primum
3486 2996 3688 3061 cogita-

2107 3080 2258 3128 tnus,
2293 3065 2487 3120 deinde
2527 3067 2823 3138 loquimur,
2858 3073 3051 3128 deinde
3078 3076 3307 3145 agimus.
3359 3080 3503 3135 Multi
3548 3100 3692 3154 sat-pe

2106 3160 2263 3211 etiam
2303 3161 2435 3229 frugi
2462 3172 2515 3215 et
2546 3164 2807 3217 moderati
2836 3181 2865 3219 a
2911 3169 3153 3237 turpibus
3202 3172 3383 3228 verbis
3429 3190 3692 3234 venerunt

2105 3250 2170 3302 ad
2206 3260 2387 3319 turpes
2427 3252 2683 3308 actiones.
2728 3254 2843 3308 Non
2874 3257 3017 3311 enim
3055 3261 3231 3315 anima
3274 3274 3458 3320 nostra
3503 3278 3688 3323 natura

2106 3353 2186 3397 est
2217 3345 2352 3397 bona
2386 3360 2485 3399 nec
2514 3348 2677 3412 mala,
2706 3349 2802 3402 sed
2832 3366 2896 3403 ex
2945 3352 3117 3406 libero
3162 3355 3386 3411 arbitrio
3416 3369 3470 3413 et
3500 3361 3601 3417 hoc
3631 3364 3690 3416 lit

2106 3449 2160 3490 et
2207 3439 2352 3491 illud.
2403 3440 2551 3493 Sicut
2598 3457 2727 3510 ergo
2756 3443 2970 3510 velum,
3023 3460 3365 3518 quocumque
3408 3452 3693 3520 spiravertt

2108 3542 2321 3595 ventus,
2354 3532 2479 3586 illuc
2523 3532 2697 3587 defert
2728 3550 2915 3587 navem
2938 3576 2953 3601 ,
3005 3538 3087 3592 vel
3122 3540 3297 3608 potius
3326 3542 3465 3597 sicut
3506 3544 3692 3599 clavus

2109 3622 2357 3677 transfert
2388 3640 2601 3685 navem,
2633 3627 2675 3678 si
2720 3636 2914 3680 ventus
2967 3627 3036 3681 sit
3079 3631 3347 3686 secundus
3382 3651 3395 3686 :
3428 3634 3496 3687 ita
3527 3636 3687 3690 etiam

2108 3716 2382 3784 cogitatio,
2410 3718 2453 3769 si
2474 3716 2609 3769 bona
2628 3716 2787 3771 verba
2814 3720 3052 3772 secundo
3075 3733 3234 3775 vento
3264 3725 3516 3789 ferantur,
3537 3728 3692 3780 navi-

2107 3807 2251 3877 gabit
2265 3807 2466 3877 absque
2486 3808 2756 3877 periculo;
2782 3810 2827 3863 si
2854 3819 3032 3864 autem
3055 3813 3343 3879 contraria,
3363 3830 3506 3885 saepe
3526 3818 3687 3872 etiam

2107 3902 2452 3971 submergent
2487 3902 2893 3972 cogitationem.
2941 3904 3093 3971 Quod
3123 3907 3264 3960 enim
3314 3908 3539 3979 navigiis
3568 3922 3694 3967 sunt

2107 3996 2371 4064 spirantes
2402 3996 2569 4061 venti,
2596 3994 2699 4051 hoc
2724 3997 2916 4051 animis
2953 4008 3079 4053 sunt
3129 4000 3287 4055 verba
3316 4018 3690 4075 :quocumque

2107 4088 2187 4142 vis
2218 4087 2387 4156 ipsam
2416 4087 2648 4143 traducis
2674 4097 2729 4143 et
2764 4091 3055 4144 coovertis.
3084 4091 3373 4162 Propterea
3420 4094 3549 4149 dicit
3575 4100 3695 4166 qui-

2107 4179 2229 4233 dam
2259 4179 2572 4243 admonens,
2626 4179 2802 4234 Omnis
2831 4183 3056 4235 narratio
3085 4191 3173 4235 tua
3213 4186 3277 4236 sit
3311 4185 3366 4238 in
3404 4183 3513 4254 lege
3542 4188 3692 4241 Altis-

2107 4274 2223 4326 simi
2244 4272 2430 4343 (Eccli.
2456 4272 2507 4327 9.
2528 4273 2644 4344 ΞΟ).
2670 4274 2956 4343 Propterea
2985 4291 3136 4345 rogo,
3159 4291 3186 4328 a
3212 4279 3419 4334 nutrice
3443 4293 3692 4351 acceptos

2109 4364 2341 4419 infantes
2390 4382 2457 4419 ne
2503 4365 2731 4420 anilibus
2766 4366 2957 4421 fabulis
3005 4368 3448 4438 assuefaciamus,
3490 4374 3584 4427 sed
3626 4377 3697 4429 ab

2110 4456 2329 4511 ineunte
2375 4466 2532 4511 a:tate
2560 4456 2771 4510 discant
2814 4458 2959 4526 quod
3007 4459 3077 4512 sit
3123 4459 3418 4528 judicium;
3451 4465 3591 4533 quod
3623 4470 3694 4520 sit

2110 4550 2451 4619 supplicium,
2483 4547 2731 4617 inligatur
2755 4565 2943 4604 eorum
2974 4552 3203 4606 animis:
3230 4552 3317 4609 hic
3345 4566 3519 4611 metus
3548 4560 3592 4612 si
3617 4576 3694 4613 ra-

2111 4641 2259 4695 dices
2289 4641 2480 4710 egeril,
2512 4655 2702 4709 magna
2735 4641 2872 4695 bona
2903 4640 3052 4697 facit.
3083 4645 3276 4699 Anima
3303 4648 3445 4700 enim
3476 4666 3594 4717 quae
3623 4653 3694 4705 ah

2112 4732 2330 4788 ineunte
2354 4742 2512 4786 :etate
2535 4732 2783 4787 didicerit
2798 4748 2859 4788 ea
2876 4736 3277 4804 exspectatione
3291 4740 3524 4805 concuti,
3550 4740 3695 4798 hunc

2113 4835 2314 4878 metum
2346 4839 2452 4877 non
2483 4824 2590 4877 cito
2616 4824 2923 4879 amovebit:
2957 4828 3053 4880 sed
3098 4828 3237 4883 sicut
3278 4844 3447 4899 equus
3473 4833 3686 4900 quidam

2112 4917 2202 4987 qui
2233 4918 2381 4971 freno
2409 4916 2565 4971 facile
2590 4917 2812 4987 regitur,
2840 4917 3039 4973 habens
3069 4918 3389 4975 insidentem
3426 4924 3690 4992 gehenna:

2114 5010 2511 5079 cogitationem,
2541 5008 2783 5063 ordinate
2814 5009 3140 5079 ingrediens,
3170 5020 3224 5066 et
3254 5012 3501 5083 loquetur
3520 5026 3574 5070 et
3607 5016 3693 5070 di-

2116 5110 2197 5154 cet
2228 5100 2374 5153 utilia
2418 5118 2432 5155 :
2466 5109 2521 5153 et
2546 5115 2718 5169 neque
2747 5100 3019 5169 juventus,
3062 5118 3238 5172 neque
3263 5104 3480 5172 divitiae,
3520 5122 3696 5176 neque

2116 5193 2334 5254 orbitas,
2362 5206 2534 5261 neque
2562 5191 2845 5262 quidquam
2873 5192 3014 5247 aliud
3046 5192 3094 5246 ei
3120 5209 3313 5249 nocere
3341 5197 3554 5263 poterit,
3574 5212 3696 5252 cum

2118 5283 2251 5337 adeo
2279 5282 2508 5335 validam
2532 5282 2727 5337 habeat
2754 5284 3037 5348 rationem,
3054 5294 3109 5338 et
3131 5302 3249 5354 qua:
3272 5288 3698 5354 possitomnibus

2118 5378 2388 5429 resistere.
2421 5375 2513 5430 His
2541 5376 2722 5430 verbis
2769 5386 2824 5431 et
2872 5392 2972 5432 nos
3022 5377 3166 5446 ipsos
3195 5394 3611 5448 componamus.
3643 5392 3700 5439 et

2119 5482 2311 5522 uxores
2331 5476 2385 5521 et
2411 5482 2594 5522 servos
2620 5477 2675 5521 et
2699 5468 2835 5522 ﬁlios
2857 5478 2910 5522 et
2934 5470 3153 5534 amicos,
3179 5479 3251 5533 et,
3279 5472 3322 5524 si
3356 5471 3471 5525 ﬁeri
3499 5482 3694 5542 potest,

2120 5562 2279 5613 etiam
2308 5560 2571 5614 inimicos.
2595 5559 2726 5614 Cum
2746 5561 2828 5615 his
2854 5562 2996 5615 enim
3020 5562 3196 5616 verbis
3221 5578 3504 5633 possumus
3535 5568 3699 5622 multa

2123 5662 2339 5721 peccata
2371 5667 2635 5718 resecare,
2658 5662 2713 5707 et
2742 5653 2937 5708 melius
2957 5655 3156 5708 versari
3178 5655 3229 5708 in
3256 5656 3416 5711 rebus
3439 5658 3679 5713 molesns

2127 5760 2283 5813 quam
2352 5744 2404 5798 in
2443 5743 2712 5813 jucundis.
2761 5746 2853 5798 Est
2906 5754 3084 5800 autem
3138 5746 3285 5801 illinc
3331 5750 3693 5817 perspicumn.

2126 5836 2367 5903 Nam,dic
2392 5836 2539 5905 mihi,
2564 5837 2610 5892 si
2656 5837 2863 5892 veneris
2896 5837 2946 5893 in
2962 5837 3176 5893 domum
3214 5840 3264 5892 in
3295 5855 3395 5910 qua
3422 5839 3700 5896 celebran-
