4114 6396
435 271 538 327 ιτς
1226 270 1282 334 '5.
1322 269 1597 327 JOANNIS
1625 261 2085 322 CIIRYSOSTOMI
2119 261 2429 316 AllClllliP.
2469 260 2997 318 CONSTANTINOP.
3595 260 3692 315 480

439 400 527 440 tur
581 384 826 454 nuptiaz,
879 383 1260 455 aliquantisper
1325 382 1539 452 quidem
1590 378 1896 450 spectaculo
1949 392 2008 432 es

437 477 771 542 delectatus;
843 486 1026 545 postea
1064 484 1244 530 autem
1289 489 1410 529 cum
1459 472 1769 537 recesseris,
1824 469 2010 523 dolore

431 568 734 623 extabescis
753 608 768 633 ,
802 564 946 637 quod
977 577 1082 620 tam
1112 566 1276 620 multa
1306 580 1410 618 non
1437 563 1657 618 habeas.
1702 561 1796 616 Siti
1824 569 2003 613 autem

435 658 708 727 ingressus
731 657 896 711 fueris
923 656 1140 712 domum
1160 653 1699 725 lugentium,etiamsi
1726 653 1834 706 sint
1857 650 2010 703 valde

432 749 648 813 divites,
680 763 800 802 cum
851 747 1158 812 recesseris,
1205 747 1372 816 magis
1398 746 1643 815 quiesces
1676 760 1689 798 :
1721 759 1825 797 non
1866 743 2008 796 enim

433 838 558 894 inde
602 838 854 907 accepisti
897 838 1172 904 invidiam,
1230 837 1324 892 sed
1350 835 1770 892 consolationem
1823 833 1892 888 de
1923 844 2010 887 tua

431 943 761 1004 paupertate.

502 1025 704 1080 Divitiae
730 1042 828 1079 non
854 1025 998 1080 bona
1021 1042 1040 1090 ,°
1071 1033 1340 1096 paupertas
1371 1040 1470 1078 non
1499 1023 1657 1078 mala.
1705 1051 1760 1062 —
1787 1021 1892 1076 Per
1920 1034 2008 1074 res

429 1120 573 1189 ipsas
620 1118 796 1172 vidisti
837 1118 977 1187 quod
1025 1118 1230 1172 nullum
1261 1117 1456 1171 bonum
1484 1117 1592 1170 sint
1632 1114 1851 1178 divitim,
1885 1114 2006 1166 nul-

429 1209 538 1263 lum
571 1210 768 1263 malum
799 1218 1106 1279 paupertas,
1149 1208 1243 1262 sed
1275 1222 1361 1262 res
1387 1208 1494 1260 sint
1524 1205 1908 1260 indifl‘erentes.
1933 1204 2007 1256 lta

429 1314 568 1354 nunc
594 1314 805 1368 quoquc
831 1299 874 1352 si
904 1299 1139 1368 loquaris
1167 1297 1235 1352 de
1266 1297 1472 1351 deliciis
1490 1338 1504 1362 ,
1531 1296 1699 1366 magis
1723 1295 1852 1350 feris
1892 1294 2008 1347 anis

427 1407 591 1458 niam,
617 1401 674 1445 ut
693 1407 810 1461 quae
834 1391 965 1444 forte
995 1406 1098 1445 non
1126 1392 1316 1445 habeat
1339 1405 1444 1460 quo
1473 1389 1677 1444 deliciis
1706 1389 2006 1458 indulgeat:

425 1482 638 1551 quando
684 1492 860 1537 autem
895 1483 1154 1537 adversus
1196 1482 1413 1537 delicias
1459 1483 1619 1536 etiam
1663 1481 1729 1536 de
1763 1480 2004 1551 gehennu

426 1592 708 1633 sermones
751 1578 803 1631 in
849 1577 1081 1631 medium
1132 1576 1400 1644 injeceris,
1453 1591 1539 1630 res
1582 1584 1634 1629 te
1679 1575 1925 1638 delectat,
1952 1582 2007 1628 et

426 1684 671 1738 magnam
705 1669 874 1737 pariet
900 1668 1248 1737 voluptatem.
1269 1667 1494 1735 Quando
1521 1667 1662 1721 enim
1689 1666 2004 1736 cogitaveris

425 1759 568 1829 quod
616 1759 823 1814 delicia:
869 1761 1124 1813 adversus
1169 1759 1314 1812 illum
1362 1759 1536 1828 ignem
1581 1757 1714 1811 nihil
1757 1764 2005 1826 poterunt

426 1851 544 1919 Opis
573 1848 747 1916 ferre,
794 1864 884 1903 eas
913 1865 1018 1903 non
1051 1850 1293 1917 requires
1320 1867 1333 1903 :
1357 1850 1438 1902 sin
1470 1857 1648 1902 autem
1673 1847 2001 1916 reputaveris

425 1942 565 2010 quod
612 1942 783 2010 ipsum
832 1956 1044 2011 quoque
1097 1941 1264 2011 magis
1312 1939 1487 1995 solent
1532 1939 1848 2005 accendere,
1892 1954 1997 1992 non

425 2033 596 2087 solum
623 2049 726 2086 non
757 2034 1015 2102 requires,
1046 2032 1138 2087 sed
1167 2033 1326 2086 etiam
1349 2031 1722 2086 adversaberis
1751 2040 1805 2084 et
1831 2030 1999 2099 repel-

424 2125 522 2179 les.
552 2124 627 2179 Ne
649 2126 913 2195 fugiamus
937 2140 1213 2180 sermones
1239 2124 1307 2179 de
1333 2123 1595 2194 gehenna,
1619 2132 1675 2177 ut
1700 2123 1999 2193 gehennam

423 2215 684 2285 fugiamus
717 2233 730 2270 :
759 2232 825 2271 ne
863 2216 1126 2287 fugiamus
1179 2232 1348 2286 νωιιω
1389 2217 1736 2283 mentionem,
1785 2227 1842 2270 ut
1892 2232 1998 2272 non

423 2311 725 2380 puniamur.
752 2311 808 2368 Si
835 2311 985 2366 dives
1017 2312 1102 2366 ille
1131 2312 1302 2381 ignem
1334 2312 1490 2365 istum
1522 2312 1844 2381 cogitasset,
1888 2327 1992 2365 non

422 2415 734 2473 peccasset;
776 2405 1026 2476 quoniam
1058 2415 1236 2460 autem
1265 2404 1381 2473 ejus
1408 2419 1694 2473 numquam
1718 2404 1993 2470 meminit,

421 2495 543 2550 ideo
571 2497 621 2550 in
650 2513 768 2551 eum
796 2496 996 2552 incidit.
1042 2495 1133 2550 Dic
1163 2495 1327 2559 mihi,
1357 2509 1390 2549 o
1427 2493 1620 2561 homo,
1649 2510 1770 2549 cum
1798 2495 1994 2549 sisten-

418 2585 520 2642 dus
545 2588 618 2642 sis
647 2587 712 2642 ad
743 2588 970 2642 tribunal
991 2587 1208 2653 Christi,
1234 2587 1301 2643 de
1325 2587 1510 2656 quavis
1533 2587 1706 2657 potius
1733 2601 1890 2657 quam
1918 2585 1984 2640 de

2117 391 2178 430 ea
2225 392 2283 432 re
2325 376 2596 447 loqueris?
2630 373 2697 435 Et
2725 376 2768 432 si
2797 377 2888 432 tibi
2915 377 2986 431 sit
3009 376 3074 431 lis
3097 376 3239 446 apud
3260 376 3517 446 judicem,
3545 392 3687 445 saepe

2113 469 2289 524 verbis
2326 477 2503 534 tenus,
2533 483 2637 523 non
2682 477 2878 534 noctu,
2926 484 3032 523 non
3072 468 3300 523 interdiu
3324 510 3339 532 ,
3370 485 3476 523 non
3515 469 3689 538 aliquo

2115 563 2371 632 temporis
2398 572 2688 626 momento,
2718 577 2822 616 non
2853 561 2981 615 hora
3006 561 3180 632 aliqua
3209 561 3410 630 aliquid
3439 560 3583 615 aliud
3610 563 3684 615 lo-

2114 657 2328 727 queris,
2369 656 2462 712 sed
2491 665 2748 726 perpetuo
2787 654 2856 710 de
2889 671 2949 711 re
2989 656 3114 719 illa;
3155 653 3222 708 de
3248 663 3355 708 tota
3383 663 3560 708 autem
3584 656 3686 707 vita

2114 758 2202 802 tua
2246 750 2505 802 rationem
2552 747 2864 801 redditurus
2908 756 2961 800 et
3003 745 3260 812 judicium
3288 744 3592 809 subiturus,
3625 761 3688 800 ne

2112 855 2206 895 eos
2230 839 2444 910 quidem
2477 839 2694 902 toleras,
2727 840 2815 909 qui
2843 838 3218 906 bocjudicium
3251 838 3344 892 tibi
3375 838 3428 892 in
3455 847 3687 892 mentem

2112 931 2400 985 revocant?
2449 930 2738 999 Propterea
2779 944 2907 997 ergo
2947 931 3125 984 omnia
3152 930 3426 999 perierunt
3459 939 3515 984 et
3562 939 3684 984 sunt

2110 1021 2315 1092 perdita
2353 1037 2416 1077 ac
2442 1023 2741 1093 proﬂigata,
2770 1021 2911 1093 quod
2931 1024 2998 1076 ad
3033 1021 3322 1076 humanum
3352 1021 3583 1077 tribunal
3609 1023 3679 1076 si-

2112 1114 2307 1178 stendi,
2332 1130 2430 1185 pro
2452 1115 2612 1170 rebus
2639 1130 2757 1184 quas
2787 1114 2854 1169 ad
2881 1114 3017 1169 hanc
3039 1116 3198 1168 vitam
3225 1115 3515 1184 pertinent,
3568 1131 3684 1168 om-

2112 1205 2200 1259 nia
2243 1220 2572 1270 moveamus,
2605 1206 2897 1276 quemlibet
2924 1221 3208 1275 rogemus,
3255 1205 3469 1261 assidue
3513 1205 3580 1260 de
3624 1222 3686 1260 eo

2113 1296 2281 1350 simus
2307 1296 2551 1362 solliciti,
2603 1298 2781 1351 omnia
2814 1312 2910 1366 pro
2943 1297 3029 1350 illa
3059 1313 3116 1352 re
3138 1312 3358 1367 agamus
3387 1314 3401 1351 :
3433 1297 3499 1351 ad
3528 1297 3683 1351 Cill‘d-

2112 1387 2180 1442 sti
2204 1396 2379 1442 autem
2411 1388 2639 1443 tribunal
2666 1404 2771 1442 non
2802 1389 2976 1442 multo
3008 1397 3126 1458 post
3154 1389 3389 1453 venturi,
3424 1388 3553 1442 nihil
3587 1403 3683 1442 nec

2114 1494 2209 1548 per
2254 1494 2351 1534 nos
2397 1494 2495 1534 nec
2537 1495 2632 1549 per
2662 1481 2795 1534 alios
2831 1495 3069 1550 agamus,
3113 1480 3356 1536 Judicem
3402 1497 3506 1535 non
3535 1496 3685 1550 rogeo

2109 1588 2265 1638 mus,
2313 1571 2556 1642 quamvis
2585 1573 2743 1627 nobis
2773 1572 2989 1641 longum
3018 1573 3109 1627 det
3142 1574 3398 1644 temporis
3426 1577 3682 1644 spatium,

2106 1678 2162 1722 et
2199 1679 2298 1721 nos
2338 1678 2442 1717 non
2483 1665 2653 1733 rapiat
2686 1665 2738 1718 in
2767 1666 2957 1719 mediis
2987 1667 3258 1734 peccatis;
3287 1667 3380 1722 sed
3416 1669 3683 1736 permittat

2108 1769 2166 1813 ut
2206 1776 2267 1813 ea
2293 1770 2575 1821 eruamus,
2602 1765 2650 1810 et
2695 1755 2826 1809 nihil
2867 1771 3052 1810 eorum
3095 1772 3215 1827 quae
3255 1758 3320 1811 ad
3370 1759 3541 1828 ipsum
3564 1774 3683 1828 per-

2108 1851 2281 1904 tinent
2322 1847 2701 1921 praetermittat
2740 1847 2828 1901 illa
2858 1847 3068 1901 bonitas
3117 1859 3170 1902 et
3215 1848 3534 1919 benignitas.
3582 1852 3683 1905 Sed

2108 1941 2237 1996 nihil
2268 1943 2496 2013 amplius
2521 1938 2757 1999 efficitur
2789 1956 2802 1991 :
2836 1947 3122 2009 propterea
3160 1942 3331 2009 majus
3357 1952 3438 1995 est
3484 1943 3682 2012 suppli-

2105 2036 2266 2090 cium.
2298 2036 2402 2090 Sed
2428 2037 2566 2090 absit
2592 2046 2647 2090 ut
2692 2031 2912 2091 ita‘i‘iat.
2947 2032 3240 2101 Propterea
3271 2048 3420 2103 rogo,
3452 2043 3506 2087 ut
3548 2051 3686 2091 nunc

2104 2126 2289 2180 saltem
2319 2127 2724 2197 resipiscamusn
2773 2128 3080 2204 gehennam
3112 2133 3238 2177 ante
3267 2126 3452 2177 oculos
3491 2125 3688 2181 habea-

2106 2235 2242 2285 mus,
2266 2220 2557 2290 cogitemus
2581 2221 2724 2274 illam
2757 2207 3493 2280 ἱηενίιδὺίιίίὲΐιεθάάεηάυηι
3527 2220 3688 2272 Γᾶιὶοθ

2103 2325 2226 2364 nem
2274 2327 2286 2363 :
2331 2322 2388 2364 ut
2420 2310 2535 2365 hinc
2578 2321 2917 2381 reputantes,
2971 2323 3026 2368 et
3075 2309 3607 2396 vitiun‘kfugiallIUS.
3636 2320 3688 2366 et

2103 2404 2348 2456 virtutem
2394 2403 2652 2473 eligamus
2680 2443 2698 2470 ,
2742 2413 2798 2459 et
2835 2406 3103 2475 possimus
3145 2402 3528 2484 assequi-$0na
3562 2418 3684 2471 Pro-

2102 2491 2264 2546 missa
2293 2493 2357 2548 iis
2382 2494 2473 2564 qui
2499 2494 2671 2564 ipsum
2717 2494 2948 2566 diligunt
2972 2538 2988 2564 ,
3027 2500 3199 2568 gratia
3229 2510 3284 2556 et
3311 2493 3646 2573 benignitate
3669 2535 3684 2560 9

2101 2592 2205 2638 etc.
3469 2591 3508 2652 χ

3563 2731 3693 2763 ἱ..-

3563 2769 3600 2850 \

1769 2862 2117 2924 HOMILIA
2163 2861 2272 2922 IlI.

419 3011 549 3068 CAP.
594 3011 644 3064 l.
687 3025 739 3063 v.
778 3010 832 3065 9.
877 3009 978 3075 Qui
1023 3026 1196 3080 prunas
1225 3011 1418 3065 dabunt
1445 3011 1498 3064 in
1527 3011 1735 3065 interitu
1779 3021 1994 3065 (eterna:

491 3119 523 3155 a
568 3102 698 3173 {acie
746 3100 953 3154 Domini
987 3111 1035 3156 et
1080 3119 1112 3155 a
1145 3102 1310 3172 gloria
1347 3103 1540 3156 virtutis
1583 3104 1714 3173 ejus,
1741 3103 1829 3158 lO.
1879 3119 1994 3157 cum

490 3194 676 3247 venerit
702 3193 980 3262 gloriﬁcari
1003 3194 1057 3247 in
1083 3194 1270 3248 sanctis
1296 3195 1425 3261 suis,
1469 3205 1515 3249 et
1545 3194 1859 3250 admirabilis
1880 3197 1993 3264 ﬁeri

489 3286 540 3336 in
568 3285 798 3336 onmibus
824 3284 908 3353 qui
935 3284 1274 3338 crediderunt.

493 3377 546 3430 l.
585 3377 720 3429 Sunt
750 3375 903 3429 multi
930 3376 1173 3430 homines
1198 3375 1288 3446 qui
1318 3376 1512 3431 bonam
1556 3393 1708 3446 spem
1749 3377 1987 3444 habent,

420 3483 527 3520 non
559 3468 609 3520 in
634 3482 699 3520 eo
726 3466 865 3536 quod
885 3467 1190 3522 abstineant
1216 3483 1244 3520 a
1272 3469 1525 3537 peccatis,
1551 3469 1642 3523 sed
1670 3471 1722 3522 in
1753 3484 1819 3524 eo
1848 3469 1990 3538 quod

416 3559 725 3612 existiment
766 3557 1064 3628 gehennam
1134 3574 1239 3613 non
1286 3575 1410 3615 esse
1451 3560 1823 3616 vehementem
1852 3563 1991 3616 sicut

415 3649 628 3710 dicitur,
671 3649 763 3703 sed
805 3650 1075 3706 mitiorem
1105 3665 1266 3720 quam
1292 3666 1409 3706 eam
1438 3651 1591 3721 cujus
1616 3652 1773 3707 mina:
1806 3653 1988 3706 inten-

416 3749 616 3804 tantur,
664 3749 720 3794 et
756 3756 876 3797 esse
917 3753 1336 3813 temporaneam,
1384 3759 1492 3798 non
1523 3752 1800 3811 aeternam,
1841 3753 1894 3800 et
1922 3745 1990 3801 de

415 3833 503 3886 illa
535 3849 594 3888 re
624 3833 848 3886 multum
875 3833 1333 3904 philosophantur.
1389 3834 1502 3905 Ego
1529 3850 1658 3890 vero
1689 3851 1791 3889 non
1815 3836 1985 3890 solum

413 3923 557 3991 quod
583 3939 688 3977 non
735 3925 804 3976 sit
837 3923 1015 3977 mitior
1050 3939 1208 3994 quam
1238 3925 1389 3994 cujus
1419 3926 1576 3979 minae
1619 3925 1984 3993 intententur;

415 4016 509 4070 sed
532 4015 700 4068 multo
726 4014 1113 4081 vehementior,
1138 4031 1204 4070 ex
1225 4016 1408 4070 multis
1435 4033 1651 4085 possum
1679 4017 1986 4084 ostendere,

413 4117 470 4162 et
488 4108 738 4177 colligere
757 4123 824 4162 ex
848 4108 977 4178 ipsis
1007 4107 1181 4163 verbis
1209 4108 1277 4163 de
1296 4108 1559 4177 gelienna.
1585 4109 1848 4164 Caeterum
1879 4110 1993 4163 nul-

413 4199 522 4253 lum
564 4215 702 4253 nunc
733 4201 874 4270 agito
904 4213 1204 4255 sermonem
1229 4200 1296 4255 de
1323 4201 1405 4255 his
1434 4200 1726 4256 rationibus
1755 4219 1768 4256 :
1794 4202 1988 4257 sufﬁcit

413 4291 556 4343 enim
585 4301 756 4344 metus
782 4305 849 4344 ex
873 4289 1002 4346 solis
1029 4289 1205 4344 verbis
1229 4299 1538 4361 conceptus,
1563 4292 1772 4347 etiamsi
1799 4307 1984 4348 eorum

414 4381 734 4434 sententiam
764 4395 869 4435 non
901 4380 1361 4449 explicaverimus.
1386 4382 1540 4447 Quod
1569 4392 1746 4438 autem
1786 4399 1890 4438 non
1917 4385 1986 4439 sit

413 4480 756 4539 temporanea
780 4513 796 4536 ,
827 4470 951 4525 audi
979 4471 1200 4526 Paulum
1231 4489 1371 4526 nunc
1397 4473 1664 4530 dicentem
1689 4473 1758 4529 de
1787 4475 1851 4530 iis
1894 4477 1981 4546 qui

413 4562 578 4616 Deum
614 4576 718 4615 non
749 4571 978 4629 norunt,
1025 4578 1199 4632 neque
1223 4563 1452 4618 credunt
1478 4566 1790 4634 evangelio,
1840 4568 1982 4634 quod

409 4668 594 4723 pinnas
605 4653 822 4717 dabunt,
841 4654 1058 4709 exitium
1075 4665 1352 4710 aeternum.
1370 4657 1519 4722 Quod
1537 4666 1714 4714 autem
1738 4669 1818 4714 est
1836 4670 1986 4715 aster-

409 4761 537 4799 num
557 4785 572 4809 ,
619 4745 886 4814 quomodo
913 4746 1239 4815 temporale?
1268 4747 1310 4800 Α
1347 4749 1714 4819 facie,.inquit,
1749 4749 1972 4807 Domini.

405 4837 541 4904 Quid
560 4836 658 4890 hoc
674 4836 788 4890 est?
805 4836 1135 4892 Facilitatem
1152 4838 1431 4908 quamdam
1450 4841 1563 4894 vult
1580 4841 1751 4896 indica
1760 4845 1976 4911 re.Quia

403 4928 546 4982 enim
573 4936 699 4981 tunc
727 4928 796 4982 ob
820 4927 1031 4982 divitias
1057 4929 1222 4983 altum
1250 4930 1527 5000 sapiehant
1550 4974 1565 4997 ,
1617 4931 1807 5003 Magno
1829 4975 1843 5000 ,
1894 4935 1980 4989 in~

403 5020 552 5088 quit,
584 5034 690 5072 non
722 5035 856 5088 opus
881 5027 964 5072 est
988 5022 1202 5089 negotio
1221 5062 1237 5088 ,
1265 5021 1360 5075 sed
1387 5021 1584 5077 suflicit
1606 5031 1664 5077 ut
1688 5024 1826 5078 adsit
1859 5035 1976 5081 tan-

401 5120 515 5167 tum
549 5111 687 5166 Deus
717 5120 771 5165 et
797 5110 942 5165 visus
970 5110 1161 5178 fuerit,
1209 5122 1264 5167 et
1288 5123 1413 5168 sunt
1440 5129 1628 5171 omnes
1655 5117 1708 5170 in
1733 5134 1888 5188 poena
1919 5129 1973 5174 et

400 5203 684 5272 supplicio.
714 5205 839 5273 Ejus
865 5207 1148 5275 praesentia
1175 5206 1294 5262 aliis
1314 5207 1527 5277 quidem
1561 5211 1667 5264 erit
1696 5211 1805 5276 lux,
1857 5214 1977 5269 aliis

399 5307 529 5348 vero
557 5296 892 5364 supplicium.
919 5295 986 5349 Et
1010 5313 1042 5349 a
1065 5298 1249 5368 gloria,
1276 5300 1465 5370 inquit,
1497 5303 1695 5356 virtutis
1716 5305 1845 5372 ejus,
1863 5322 1976 5359 cum

398 5390 588 5441 venerit
612 5389 886 5458 gloriﬁcari
907 5390 959 5443 in
986 5392 1172 5446 sanctis
1199 5393 1323 5457 suis,
1347 5403 1392 5446 et
1413 5394 1728 5450 admirabilis
1762 5399 1873 5465 ﬁeri
1918 5401 1971 5452 in

395 5478 624 5532 cautibus
655 5480 740 5547 qui
769 5480 1108 5535 crediderunt.
1137 5481 1274 5549 Quid
1302 5484 1476 5538 dicis?
1525 5486 1736 5542 Deusne
1762 5489 1968 5558 gloriﬁ-

395 5572 581 5625 Catttr?
622 5573 802 5637 (Ierte,
836 5572 900 5628 In
945 5575 1195 5641 omnibus,
1225 5576 1415 5648 inquit,
1448 5580 1634 5634 sanctis
1664 5584 1788 5636 suis.
1819 5583 1959 5650 Quo-

394 5660 596 5716 modo?
635 5663 856 5733 Quando
900 5667 1062 5735 enim,
1102 5668 1293 5739 inquit,
1329 5669 1364 5726 ii
1395 5671 1484 5741 qui
1515 5672 1678 5728 altum
1707 5675 1956 5741 sapiunt,

2099 3111 2204 3170 tur,
2251 3105 2340 3174 qui
2368 3105 2678 3175 irridentur,
2722 3125 2842 3164 esse
2885 3125 3050 3180 prope
3079 3114 3272 3182 ipsum,
3305 3125 3430 3171 tunc
3455 3129 3680 3189 apparet

2096 3194 2211 3262 ejus
2239 3195 2434 3264 gloria;
2463 3198 2547 3252 vel
2587 3201 2767 3269 potius
2801 3210 2856 3255 et
2885 3218 3069 3256 eorum
3100 3216 3152 3259 et
3180 3205 3295 3276 ejus
3319 3209 3483 3277 gloria
3511 3227 3523 3264 :
3555 3212 3679 3279 ejus

2095 3283 2332 3353 quidem,
2373 3287 2515 3356 quod
2547 3304 2640 3343 eos
2661 3306 2769 3345 non
2800 3293 3093 3363 reliquerit,
3117 3296 3209 3350 sed
3238 3299 3519 3367 praeclaros
3547 3304 3676 3357 red-

2094 3376 2288 3432 diderit
2333 3389 2387 3432 et
2435 3380 2705 3447 illustres;
2756 3399 2942 3439 eorum
2991 3397 3192 3452 autem,
3241 3391 3384 3460 quod
3417 3401 3564 3447 tanto
3595 3395 3676 3448 di-

2094 3469 2240 3537 gnati
2287 3470 2396 3524 sint
2439 3471 2662 3527 honore.
2706 3473 2776 3528 Ut
2821 3476 2964 3530 enim
3008 3478 3080 3530 illi
3127 3479 3244 3548 ejus
3281 3491 3404 3536 sunt
3446 3483 3672 3550 diviti-.r,

2094 3559 2235 3629 quod
2262 3560 2369 3614 sint
2397 3560 2582 3617 ﬁdeles
2614 3581 2625 3615 :
2661 3565 2731 3616 ita
2764 3567 2928 3619 etiam
2955 3567 3071 3637 ejus
3097 3579 3181 3622 est
3208 3570 3400 3639 gloria,
3431 3576 3576 3644 quod
3599 3578 3671 3630 illi

2093 3649 2250 3705 bonis
2279 3651 2394 3721 ejus
2416 3654 2525 3708 sint
2551 3654 2787 3724 petituri.
2819 3657 2999 3713 Gloria
3039 3660 3163 3715 boni
3185 3673 3268 3717 est
3294 3664 3492 3720 habere
3532 3683 3673 3736 quos

2093 3743 2207 3796 suis
2233 3753 2389 3798 ornet
2425 3744 2720 3803 beneﬁciis.
2753 3746 2820 3803 Et
2846 3750 3164 3808 admirabilis
3185 3796 3200 3821 ,
3231 3755 3435 3825 inquit,
3464 3759 3579 3826 ﬁeri
3621 3763 3672 3814 in

2094 3837 2321 3891 omnibus
2347 3838 2432 3907 qui
2460 3838 2799 3896 crediderunt.
2845 3843 2956 3898 Hoc
2982 3855 3098 3912 est,
3132 3861 3228 3916 per
3255 3864 3350 3903 eos
3377 3851 3465 3918 qui
3493 3852 3673 3906 credi-

2093 3929 2305 3984 derunt.
2353 3931 2494 3987 Ecce
2533 3949 2721 3990 rursus
2743 3975 2758 4000 ,
2803 3937 2856 3990 in
2876 3977 2890 4002 ,
2922 3937 3062 3993 idem
3092 3949 3176 3995 est
3203 3942 3365 4011 quod,
3403 3961 3491 4011 per
3523 3962 3541 3998 :
3575 3963 3670 4014 per

2094 4023 2214 4078 illos
2263 4025 2405 4079 enim
2449 4025 2691 4082 redditur
2730 4027 3079 4084 admirabilis.
3128 4032 3351 4100 Quando
3392 4037 3534 4091 enim
3576 4055 3672 4094 eos

2092 4116 2180 4185 qui
2208 4116 2388 4170 miseri
2417 4126 2571 4172 erant
2607 4129 2661 4174 et
2688 4119 2914 4190 abjecti,
2946 4136 3007 4178 ac
3034 4125 3170 4178 mala
3199 4128 3336 4195 passi
3364 4128 3673 4184 innumera-

2091 4208 2216 4265 bilia
2256 4211 2618 4278 crediderant,
2669 4215 2737 4268 ad
2778 4224 2981 4270 tantum
3026 4218 3241 4274 deducit
3281 4222 3668 4290 splendorem;

2090 4300 2208 4368 ejus
2247 4301 2420 4356 virtus
2451 4311 2576 4357 tunc
2601 4305 2923 4373 ostenditur,
2974 4308 3151 4378 quod,
3195 4311 3406 4367 etiamsi
3457 4312 3543 4368 hic
3594 4316 3672 4368 vi-

2090 4391 2319 4448 deantur
2359 4394 2629 4460 derelicti,
2680 4396 2776 4452 sed
2823 4408 3000 4453 tamen
3037 4415 3226 4470 magna
3269 4403 3379 4457 illic
3420 4404 3672 4460 fruuntur

2088 4483 2256 4554 gloria
2288 4501 2301 4536 :
2331 4494 2457 4540 tunc
2497 4487 2730 4543 maxime
2759 4490 3061 4546 ostenditur
3086 4494 3263 4548 omnis
3297 4495 3386 4550 Dei
3417 4497 3584 4565 gloria
3615 4508 3670 4551 et

2089 4578 2276 4631 virtus.
2319 4578 2600 4645 Quomodo
2641 4590 2818 4636 autem
2840 4625 2855 4649 ,
2885 4583 3048 4649 audi;
3101 4586 3439 4657 subjungitur
3472 4590 3617 4644 enim
3652 4609 3667 4641 :

2092 4669 2228 4736 Quia
2254 4671 2501 4725 creditum
2522 4682 2596 4727 est
2619 4676 2957 4730 testimonium
2977 4688 3203 4732 nostrum
3224 4696 3375 4750 super
3403 4699 3489 4735 ros
3509 4683 3561 4735 in
3587 4685 3670 4738 die

2088 4762 2195 4815 illo.
2248 4762 2334 4817 ll.
2383 4761 2451 4816 In
2478 4780 2577 4834 quo
2605 4766 2755 4819 etiam
2783 4783 2987 4822 oramus
3012 4785 3209 4840 semper
3234 4788 3325 4840 pro
3355 4774 3511 4828 vobis.
3548 4774 3662 4828 [loc

2088 4861 2169 4907 est
2203 4870 2216 4906 :
2248 4853 2472 4921 Quando
2517 4855 2730 4911 adducti
2775 4857 2974 4914 fuerint
3025 4862 3077 4915 in
3123 4863 3361 4919 medium
3403 4868 3493 4937 qui
3523 4868 3662 4921 mala

2087 4944 2224 5011 passi
2252 4954 2377 4997 sunt
2401 4947 2678 5001 innumera
2707 4957 2764 5002 ut
2796 4964 2826 5004 a
2871 4950 2977 5006 fide
3006 4951 3403 5021 desciscerent,
3459 4967 3516 5013 et
3554 4975 3661 5014 non

2084 5047 2386 5104 cesserunt,
2417 5037 2512 5092 sed
2541 5039 2919 5108 crediderunt,
2967 5045 3297 5114 glorificatur
3321 5049 3458 5103 Deus
3489 5068 3502 5104 :
3535 5060 3662 5105 tunc

2085 5128 2382 5181 ostenditur
2407 5129 2566 5184 etiam
2598 5130 2784 5186 horum
2810 5135 3000 5204 gloria.
3046 5137 3179 5203 Quia
3213 5139 3374 5209 igitur
3417 5141 3569 5194 multi
3606 5142 3664 5194 li-

2085 5219 2204 5275 dem
2232 5221 2515 5288 simulant,
2565 5234 2689 5279 ante
2715 5235 2940 5281 mortem
2969 5231 3238 5285 neminem
3265 5232 3479 5286 beatum
3506 5233 3662 5287 dixe-

2084 5313 2158 5366 ris
2191 5329 2204 5365 :
2233 5328 2354 5366 nam
2387 5313 2438 5367 in
2468 5314 2559 5368 illo
2585 5315 2673 5370 die
2699 5318 3050 5375 ostenduntur
3077 5321 3166 5391 qui
3194 5323 3553 5378 crediderunt.
3591 5324 3658 5379 In

2082 5420 2182 5474 quo
2227 5405 2374 5458 etiam
2418 5422 2641 5470 oramus,
2689 5408 2893 5478 inquit,
2940 5428 3136 5479 semper
3162 5431 3252 5481 pro
3282 5415 3417 5468 vobis
3446 5432 3464 5467 :
3492 5424 3543 5466 ut
3566 5431 3655 5467 vos

2083 5494 2316 5563 dignetur
2342 5496 2602 5549 vocatione
2625 5513 2717 5550 sua
2748 5497 2884 5551 Deus
2914 5511 3100 5565 noster,
3127 5512 3171 5554 et
3216 5504 3425 5572 impleat
3451 5521 3653 5557 omnem

2083 5585 2387 5638 voluntatem
2416 5587 2650 5641 bonitatis
2697 5605 2804 5643 sua:
2848 5601 2896 5642 et
2942 5609 3070 5660 opus
3111 5594 3229 5660 ﬁdei
3272 5596 3322 5646 in
3349 5597 3545 5648 virtute.
3585 5593 3655 5647 Ut

2081 5676 2329 5746 dignetur,
2396 5677 2598 5748 inquit.
2652 5697 2736 5734 ros
2785 5683 3077 5752 vocatione;
3128 5686 3417 5743 ostendens
3454 5685 3655 5741 multos

2101 2890 2117 2923 ι
2163 2861 2272 2922 ΙΙΙ.

2101 3011 2333 3067 viderint
2351 3029 2445 3068 eos
2469 3016 2558 3084 qui
2588 3017 2656 3072 ab
2681 3017 2812 3087 ipsis
2840 3018 3206 3090 ﬂagellantur,
3248 3025 3338 3094 qui
3370 2856 3720 3152 despicim\

2101 3111 2204 3152 tur-
2251 3105 2338 3152 mli
2368 3105 2673 3152 irridentur,
2722 3125 2842 3152 ρςερ
2885 3125 3049 3152 ηηιιὶρ
3079 3114 3249 3152 incum
3305 3125 3428 3152 Innn
3455 3129 3678 3152 anna"...

3999 2116 4003 2288 ι

3974 5015 4003 5758 1
