  <div class='ocr_page' id='page_1' title='image "/cluster/home/n/w/nwhite01/storage/ocr_20150623/62/nnc1.0046979654/486.png"; bbox 0 0 4114 6396; ppageno 0'>
   <div class='ocr_carea' id='block_1_1' title="bbox 453 319 563 374">
    <p class='ocr_par' dir='ltr' id='par_1_1' title="bbox 453 319 563 374">
     <span class='ocr_line' id='line_1_1' title="bbox 453 319 563 374; baseline 0 -1"><span class='ocrx_word' id='word_1_1' title='bbox 453 319 563 374; x_wconf 67' lang='grc'>479</span> 
     </span>
    </p>
   </div>
   <div class='ocr_carea' id='block_1_2' title="bbox 451 429 2026 509">
    <p class='ocr_par' dir='ltr' id='par_1_2' title="bbox 451 429 2026 509">
     <span class='ocr_line' id='line_1_2' title="bbox 451 429 2026 509; baseline 0.003 -23"><span class='ocrx_word' id='word_1_2' title='bbox 451 433 562 503; x_wconf 86' lang='grc' dir='ltr'>γάρ</span> <span class='ocrx_word' id='word_1_3' title='bbox 599 430 662 502; x_wconf 78' lang='grc' dir='ltr'>δὴ</span> <span class='ocrx_word' id='word_1_4' title='bbox 699 429 891 500; x_wconf 91' lang='grc' dir='ltr'>φθόνον</span> <span class='ocrx_word' id='word_1_5' title='bbox 919 429 1084 497; x_wconf 86' lang='grc' dir='ltr'>ἐδέξω</span> <span class='ocrx_word' id='word_1_6' title='bbox 1113 430 1345 498; x_wconf 85' lang='grc' dir='ltr'>ἐκεῖθεν,</span> <span class='ocrx_word' id='word_1_7' title='bbox 1384 433 1522 488; x_wconf 84' lang='grc' dir='ltr'>ἀλλά</span> <span class='ocrx_word' id='word_1_8' title='bbox 1554 436 1901 509; x_wconf 87' lang='grc' dir='ltr'>παράκλησιν</span> <span class='ocrx_word' id='word_1_9' title='bbox 1929 437 2026 492; x_wconf 75' lang='grc' dir='ltr'>καὶ</span> 
     </span>
    </p>
   </div>
   <div class='ocr_carea' id='block_1_3' title="bbox 450 514 1326 587">
    <p class='ocr_par' dir='ltr' id='par_1_3' title="bbox 450 514 1326 587">
     <span class='ocr_line' id='line_1_3' title="bbox 450 514 1326 587; baseline -0.001 -17"><span class='ocrx_word' id='word_1_10' title='bbox 450 514 806 587; x_wconf 72' lang='grc' dir='ltr'>παραμυθίαν</span> <span class='ocrx_word' id='word_1_11' title='bbox 827 514 919 567; x_wconf 72' lang='grc' dir='ltr'>ἐπὶ</span> <span class='ocrx_word' id='word_1_12' title='bbox 947 516 1015 586; x_wconf 80' lang='grc' dir='ltr'>τῇ</span> <span class='ocrx_word' id='word_1_13' title='bbox 1056 518 1122 586; x_wconf 82' lang='grc' dir='ltr'>σῇ</span> <span class='ocrx_word' id='word_1_14' title='bbox 1147 515 1326 587; x_wconf 79' lang='grc' dir='ltr'>πενίᾳ.</span> 
     </span>
    </p>
   </div>
   <div class='ocr_carea' id='block_1_4' title="bbox 519 594 2027 669">
    <p class='ocr_par' dir='ltr' id='par_1_4' title="bbox 519 594 2027 669">
     <span class='ocr_line' id='line_1_4' title="bbox 519 594 2027 669; baseline 0.005 -18"><span class='ocrx_word' id='word_1_15' title='bbox 519 594 672 661; x_wconf 82' lang='grc' dir='ltr'>Εῐδες</span> <span class='ocrx_word' id='word_1_16' title='bbox 700 596 787 650; x_wconf 69' lang='grc' dir='ltr'>διὰ</span> <span class='ocrx_word' id='word_1_17' title='bbox 837 597 946 651; x_wconf 88' lang='grc' dir='ltr'>τῶν</span> <span class='ocrx_word' id='word_1_18' title='bbox 998 597 1362 669; x_wconf 77' lang='grc' dir='ltr'>πραγμάτων,</span> <span class='ocrx_word' id='word_1_19' title='bbox 1408 598 1485 664; x_wconf 84' lang='grc' dir='ltr'>ὡς</span> <span class='ocrx_word' id='word_1_20' title='bbox 1533 603 1687 657; x_wconf 83' lang='grc' dir='ltr'>οὐδὲν</span> <span class='ocrx_word' id='word_1_21' title='bbox 1716 604 1745 656; x_wconf 92' lang='lat'>6</span> <span class='ocrx_word' id='word_1_22' title='bbox 1794 603 2027 668; x_wconf 91' lang='grc' dir='ltr'>πλοῦτος</span> 
     </span>
    </p>
   </div>
   <div class='ocr_carea' id='block_1_5' title="bbox 447 678 2026 758">
    <p class='ocr_par' dir='ltr' id='par_1_5' title="bbox 447 678 2026 758">
     <span class='ocr_line' id='line_1_5' title="bbox 447 678 2026 758; baseline 0.004 -23"><span class='ocrx_word' id='word_1_23' title='bbox 447 680 669 749; x_wconf 88' lang='grc' dir='ltr'>ἀγαθὸν,</span> <span class='ocrx_word' id='word_1_24' title='bbox 709 678 919 751; x_wconf 82' lang='grc' dir='ltr'>οὐδὲνή</span> <span class='ocrx_word' id='word_1_25' title='bbox 961 680 1120 733; x_wconf 82' lang='grc' dir='ltr'>πενία</span> <span class='ocrx_word' id='word_1_26' title='bbox 1173 682 1360 748; x_wconf 89' lang='grc' dir='ltr'>κακὸν,</span> <span class='ocrx_word' id='word_1_27' title='bbox 1417 684 1534 738; x_wconf 89' lang='grc' dir='ltr'>ἀλλ’</span> <span class='ocrx_word' id='word_1_28' title='bbox 1587 685 1858 758; x_wconf 86' lang='grc' dir='ltr'>ἀδιάφορά</span> <span class='ocrx_word' id='word_1_29' title='bbox 1908 688 2026 740; x_wconf 84' lang='grc' dir='ltr'>ἐστι</span> 
     </span>
    </p>
   </div>
   <div class='ocr_carea' id='block_1_6' title="bbox 448 762 2024 843">
    <p class='ocr_par' dir='ltr' id='par_1_6' title="bbox 448 762 2024 843">
     <span class='ocr_line' id='line_1_6' title="bbox 448 762 2024 843; baseline 0.006 -28"><span class='ocrx_word' id='word_1_30' title='bbox 448 764 770 834; x_wconf 86' lang='grc' dir='ltr'>πράγματα.</span> <span class='ocrx_word' id='word_1_31' title='bbox 818 762 975 817; x_wconf 82' lang='grc' dir='ltr'>Οὐτω</span> <span class='ocrx_word' id='word_1_32' title='bbox 1022 764 1118 817; x_wconf 82' lang='grc' dir='ltr'>καὶ</span> <span class='ocrx_word' id='word_1_33' title='bbox 1154 764 1249 818; x_wconf 90' lang='grc' dir='ltr'>νῦν</span> <span class='ocrx_word' id='word_1_34' title='bbox 1278 765 1344 819; x_wconf 83' lang='grc' dir='ltr'>ἂν</span> <span class='ocrx_word' id='word_1_35' title='bbox 1372 767 1500 839; x_wconf 71' lang='grc' dir='ltr'>περὶ</span> <span class='ocrx_word' id='word_1_36' title='bbox 1533 769 1746 840; x_wconf 82' lang='grc' dir='ltr'>τρυφῆς</span> <span class='ocrx_word' id='word_1_37' title='bbox 1777 769 2024 843; x_wconf 80' lang='grc' dir='ltr'>διαλέγῃ,</span> 
     </span>
    </p>
   </div>
   <div class='ocr_carea' id='block_1_7' title="bbox 449 845 2022 922">
    <p class='ocr_par' dir='ltr' id='par_1_7' title="bbox 449 845 2022 922">
     <span class='ocr_line' id='line_1_7' title="bbox 449 845 2022 922; baseline 0.006 -24"><span class='ocrx_word' id='word_1_38' title='bbox 449 845 652 916; x_wconf 79' lang='grc' dir='ltr'>μᾶλλον</span> <span class='ocrx_word' id='word_1_39' title='bbox 678 845 898 909; x_wconf 75' lang='grc' dir='ltr'>κόπτεις</span> <span class='ocrx_word' id='word_1_40' title='bbox 915 847 1015 918; x_wconf 80' lang='grc' dir='ltr'>τὴν</span> <span class='ocrx_word' id='word_1_41' title='bbox 1039 846 1216 917; x_wconf 80' lang='grc' dir='ltr'>ψυχὴν</span> <span class='ocrx_word' id='word_1_42' title='bbox 1241 849 1340 901; x_wconf 89' lang='grc' dir='ltr'>οὐκ</span> <span class='ocrx_word' id='word_1_43' title='bbox 1363 847 1590 918; x_wconf 78' lang='grc' dir='ltr'>ἔχουσαν</span> <span class='ocrx_word' id='word_1_44' title='bbox 1621 853 1754 916; x_wconf 75' lang='grc' dir='ltr'>ἴσως</span> <span class='ocrx_word' id='word_1_45' title='bbox 1777 855 1987 922; x_wconf 86' lang='grc' dir='ltr'>τρυφᾷν</span> <span class='ocrx_word' id='word_1_46' title='bbox 2006 868 2022 883; x_wconf 76' lang='grc'>⁸</span> 
     </span>
    </p>
   </div>
   <div class='ocr_carea' id='block_1_8' title="bbox 445 929 2028 1007">
    <p class='ocr_par' dir='ltr' id='par_1_8' title="bbox 445 929 2028 1007">
     <span class='ocr_line' id='line_1_8' title="bbox 445 929 2028 1007; baseline 0.003 -23"><span class='ocrx_word' id='word_1_47' title='bbox 445 931 573 984; x_wconf 79' lang='grc' dir='ltr'>ὅταν</span> <span class='ocrx_word' id='word_1_48' title='bbox 593 929 649 984; x_wconf 87' lang='grc' dir='ltr'>δέ</span> <span class='ocrx_word' id='word_1_49' title='bbox 679 929 820 984; x_wconf 82' lang='grc' dir='ltr'>κατὰ</span> <span class='ocrx_word' id='word_1_50' title='bbox 847 931 1081 1001; x_wconf 83' lang='grc' dir='ltr'>τρυφῆς,</span> <span class='ocrx_word' id='word_1_51' title='bbox 1111 931 1206 984; x_wconf 83' lang='grc' dir='ltr'>καὶ</span> <span class='ocrx_word' id='word_1_52' title='bbox 1233 934 1360 996; x_wconf 84' lang='grc' dir='ltr'>τοὺς</span> <span class='ocrx_word' id='word_1_53' title='bbox 1385 936 1484 1003; x_wconf 82' lang='grc' dir='ltr'>τῆς</span> <span class='ocrx_word' id='word_1_54' title='bbox 1522 935 1745 1007; x_wconf 81' lang='grc' dir='ltr'>γεέννης</span> <span class='ocrx_word' id='word_1_55' title='bbox 1784 936 2028 1007; x_wconf 78' lang='grc' dir='ltr'>ἐμϐάλῃς</span> 
     </span>
    </p>
   </div>
   <div class='ocr_carea' id='block_1_9' title="bbox 447 1012 2025 1090">
    <p class='ocr_par' dir='ltr' id='par_1_9' title="bbox 447 1012 2025 1090">
     <span class='ocr_line' id='line_1_9' title="bbox 447 1012 2025 1090; baseline 0.005 -25"><span class='ocrx_word' id='word_1_56' title='bbox 447 1013 505 1067; x_wconf 83' lang='grc' dir='ltr'>ἐν</span> <span class='ocrx_word' id='word_1_57' title='bbox 536 1012 685 1083; x_wconf 87' lang='grc' dir='ltr'>μέσῳ</span> <span class='ocrx_word' id='word_1_58' title='bbox 699 1013 910 1082; x_wconf 84' lang='grc' dir='ltr'>λόγους,</span> <span class='ocrx_word' id='word_1_59' title='bbox 933 1013 1211 1084; x_wconf 83' lang='grc' dir='ltr'>εὐφραίνει</span> <span class='ocrx_word' id='word_1_60' title='bbox 1239 1031 1298 1066; x_wconf 91' lang='grc' dir='ltr'>σε</span> <span class='ocrx_word' id='word_1_61' title='bbox 1327 1015 1388 1068; x_wconf 89' lang='grc' dir='ltr'>τὸ</span> <span class='ocrx_word' id='word_1_62' title='bbox 1413 1018 1666 1088; x_wconf 79' lang='grc' dir='ltr'>πρᾶγμα,</span> <span class='ocrx_word' id='word_1_63' title='bbox 1691 1019 1788 1072; x_wconf 75' lang='grc' dir='ltr'>καὶ</span> <span class='ocrx_word' id='word_1_64' title='bbox 1819 1018 2025 1090; x_wconf 81' lang='grc' dir='ltr'>πολλὴν</span> 
     </span>
    </p>
   </div>
   <div class='ocr_carea' id='block_1_10' title="bbox 446 1095 2026 1173">
    <p class='ocr_par' dir='ltr' id='par_1_10' title="bbox 446 1095 2026 1173">
     <span class='ocr_line' id='line_1_10' title="bbox 446 1095 2026 1173; baseline 0.004 -25"><span class='ocrx_word' id='word_1_65' title='bbox 446 1095 658 1160; x_wconf 81' lang='grc' dir='ltr'>τέξεται</span> <span class='ocrx_word' id='word_1_66' title='bbox 685 1096 783 1168; x_wconf 80' lang='grc' dir='ltr'>τὴν</span> <span class='ocrx_word' id='word_1_67' title='bbox 812 1096 1026 1168; x_wconf 82' lang='grc' dir='ltr'>ἡδονήν.</span> <span class='ocrx_word' id='word_1_68' title='bbox 1059 1098 1224 1152; x_wconf 87' lang='grc' dir='ltr'>Ὅταν</span> <span class='ocrx_word' id='word_1_69' title='bbox 1239 1098 1346 1169; x_wconf 86' lang='grc' dir='ltr'>γὰρ</span> <span class='ocrx_word' id='word_1_70' title='bbox 1373 1100 1654 1171; x_wconf 87' lang='grc' dir='ltr'>ἐννοήσῃς,</span> <span class='ocrx_word' id='word_1_71' title='bbox 1678 1101 1760 1155; x_wconf 85' lang='grc' dir='ltr'>ὅτι</span> <span class='ocrx_word' id='word_1_72' title='bbox 1778 1105 1813 1172; x_wconf 76' lang='grc' dir='ltr'>ἠ</span> <span class='ocrx_word' id='word_1_73' title='bbox 1845 1101 2026 1173; x_wconf 79' lang='grc' dir='ltr'>τρυφὴ</span> 
     </span>
    </p>
   </div>
   <div class='ocr_carea' id='block_1_11' title="bbox 446 1180 2023 1258">
    <p class='ocr_par' dir='ltr' id='par_1_11' title="bbox 446 1180 2023 1258">
     <span class='ocr_line' id='line_1_11' title="bbox 446 1180 2023 1258; baseline 0.005 -26"><span class='ocrx_word' id='word_1_74' title='bbox 446 1180 600 1232; x_wconf 85' lang='grc' dir='ltr'>οὐδὲν</span> <span class='ocrx_word' id='word_1_75' title='bbox 626 1182 756 1250; x_wconf 87' lang='grc' dir='ltr'>ήμῖν</span> <span class='ocrx_word' id='word_1_76' title='bbox 792 1180 930 1251; x_wconf 91' lang='grc' dir='ltr'>πρὸς</span> <span class='ocrx_word' id='word_1_77' title='bbox 975 1181 1039 1234; x_wconf 94' lang='grc' dir='ltr'>τὸ</span> <span class='ocrx_word' id='word_1_78' title='bbox 1081 1181 1195 1253; x_wconf 89' lang='grc' dir='ltr'>πῦρ</span> <span class='ocrx_word' id='word_1_79' title='bbox 1229 1185 1403 1236; x_wconf 85' lang='grc' dir='ltr'>ἐκεῖνο</span> <span class='ocrx_word' id='word_1_80' title='bbox 1461 1185 1749 1256; x_wconf 89' lang='grc' dir='ltr'>δυνήσεται</span> <span class='ocrx_word' id='word_1_81' title='bbox 1799 1187 2023 1258; x_wconf 83' lang='grc' dir='ltr'>ἀμῦναι,</span> 
     </span>
    </p>
   </div>
   <div class='ocr_carea' id='block_1_12' title="bbox 447 1263 2026 1342">
    <p class='ocr_par' dir='ltr' id='par_1_12' title="bbox 447 1263 2026 1342">
     <span class='ocr_line' id='line_1_12' title="bbox 447 1263 2026 1342; baseline 0.006 -27"><span class='ocrx_word' id='word_1_82' title='bbox 447 1263 546 1316; x_wconf 88' lang='grc' dir='ltr'>οὐκ</span> <span class='ocrx_word' id='word_1_83' title='bbox 573 1265 921 1335; x_wconf 81' lang='grc' dir='ltr'>ἐπιζητήσεις</span> <span class='ocrx_word' id='word_1_84' title='bbox 943 1266 1114 1337; x_wconf 90' lang='grc' dir='ltr'>αὐτήν</span> <span class='ocrx_word' id='word_1_85' title='bbox 1141 1283 1155 1295; x_wconf 70' lang='grc'><strong><em>⁸</em></strong></span> <span class='ocrx_word' id='word_1_86' title='bbox 1189 1266 1254 1320; x_wconf 82' lang='grc' dir='ltr'>ἄν</span> <span class='ocrx_word' id='word_1_87' title='bbox 1277 1267 1333 1320; x_wconf 86' lang='grc' dir='ltr'>δὲ</span> <span class='ocrx_word' id='word_1_88' title='bbox 1361 1268 1571 1338; x_wconf 85' lang='grc' dir='ltr'>λογίσῃ,</span> <span class='ocrx_word' id='word_1_89' title='bbox 1600 1271 1681 1324; x_wconf 88' lang='grc' dir='ltr'>ὃτι</span> <span class='ocrx_word' id='word_1_90' title='bbox 1707 1272 1804 1324; x_wconf 75' lang='grc' dir='ltr'>καὶ</span> <span class='ocrx_word' id='word_1_91' title='bbox 1827 1272 2026 1342; x_wconf 84' lang='grc' dir='ltr'>μᾶλλον</span> 
     </span>
    </p>
   </div>
   <div class='ocr_carea' id='block_1_13' title="bbox 448 1345 2023 1425">
    <p class='ocr_par' dir='ltr' id='par_1_13' title="bbox 448 1345 2023 1425">
     <span class='ocr_line' id='line_1_13' title="bbox 448 1345 2023 1425; baseline 0.006 -28"><span class='ocrx_word' id='word_1_92' title='bbox 448 1345 578 1398; x_wconf 88' lang='grc' dir='ltr'>αὐτὸ</span> <span class='ocrx_word' id='word_1_93' title='bbox 622 1345 882 1400; x_wconf 79' lang='grc' dir='ltr'>ἀνάπτειν</span> <span class='ocrx_word' id='word_1_94' title='bbox 910 1347 1118 1414; x_wconf 84' lang='grc' dir='ltr'>εῐωθεν,</span> <span class='ocrx_word' id='word_1_95' title='bbox 1171 1350 1232 1402; x_wconf 89' lang='grc' dir='ltr'>οὐ</span> <span class='ocrx_word' id='word_1_96' title='bbox 1277 1350 1436 1419; x_wconf 91' lang='grc' dir='ltr'>μόνον</span> <span class='ocrx_word' id='word_1_97' title='bbox 1490 1352 1590 1405; x_wconf 87' lang='grc' dir='ltr'>οὐκ</span> <span class='ocrx_word' id='word_1_98' title='bbox 1649 1353 2023 1425; x_wconf 81' lang='grc' dir='ltr'>ἐπιζητήσεις,</span> 
     </span>
    </p>
   </div>
   <div class='ocr_carea' id='block_1_14' title="bbox 449 1428 2027 1507">
    <p class='ocr_par' dir='ltr' id='par_1_14' title="bbox 449 1428 2027 1507">
     <span class='ocr_line' id='line_1_14' title="bbox 449 1428 2027 1507; baseline 0.006 -27"><span class='ocrx_word' id='word_1_99' title='bbox 449 1428 584 1482; x_wconf 85' lang='grc' dir='ltr'>ἀλλά</span> <span class='ocrx_word' id='word_1_100' title='bbox 620 1430 714 1483; x_wconf 79' lang='grc' dir='ltr'>καὶ</span> <span class='ocrx_word' id='word_1_101' title='bbox 747 1431 1146 1503; x_wconf 87' lang='grc' dir='ltr'>ἀποστραφήσῃ</span> <span class='ocrx_word' id='word_1_102' title='bbox 1169 1434 1265 1486; x_wconf 74' lang='grc' dir='ltr'>καὶ</span> <span class='ocrx_word' id='word_1_103' title='bbox 1306 1433 1645 1507; x_wconf 89' lang='grc' dir='ltr'>ἁποκρούσῃ.</span> <span class='ocrx_word' id='word_1_104' title='bbox 1677 1437 1769 1506; x_wconf 84' lang='grc' dir='ltr'>Μὴ</span> <span class='ocrx_word' id='word_1_105' title='bbox 1801 1436 1864 1507; x_wconf 83' lang='grc' dir='ltr'>δὴ</span> <span class='ocrx_word' id='word_1_106' title='bbox 1898 1436 2027 1506; x_wconf 88' lang='grc' dir='ltr'>φεύ-</span> 
     </span>
    </p>
   </div>
   <div class='ocr_carea' id='block_1_15' title="bbox 448 1514 2026 1590">
    <p class='ocr_par' dir='ltr' id='par_1_15' title="bbox 448 1514 2026 1590">
     <span class='ocr_line' id='line_1_15' title="bbox 448 1514 2026 1590; baseline 0.004 -27"><span class='ocrx_word' id='word_1_107' title='bbox 448 1528 632 1581; x_wconf 89' lang='grc' dir='ltr'>γωμεν</span> <span class='ocrx_word' id='word_1_108' title='bbox 662 1514 790 1576; x_wconf 82' lang='grc' dir='ltr'>τοὺς</span> <span class='ocrx_word' id='word_1_109' title='bbox 827 1514 956 1584; x_wconf 74' lang='grc' dir='ltr'>περὶ</span> <span class='ocrx_word' id='word_1_110' title='bbox 984 1517 1210 1586; x_wconf 81' lang='grc' dir='ltr'>γεέννης</span> <span class='ocrx_word' id='word_1_111' title='bbox 1235 1515 1445 1585; x_wconf 90' lang='grc' dir='ltr'>λόγους,</span> <span class='ocrx_word' id='word_1_112' title='bbox 1499 1518 1584 1570; x_wconf 87' lang='grc' dir='ltr'>ἵνα</span> <span class='ocrx_word' id='word_1_113' title='bbox 1620 1518 1882 1589; x_wconf 84' lang='grc' dir='ltr'>φύγωμεν</span> <span class='ocrx_word' id='word_1_114' title='bbox 1927 1519 2026 1590; x_wconf 81' lang='grc' dir='ltr'>τὴν</span> 
     </span>
    </p>
   </div>
   <div class='ocr_carea' id='block_1_16' title="bbox 447 1593 2022 1672">
    <p class='ocr_par' dir='ltr' id='par_1_16' title="bbox 447 1593 2022 1672">
     <span class='ocr_line' id='line_1_16' title="bbox 447 1593 2022 1672; baseline 0.006 -26"><span class='ocrx_word' id='word_1_115' title='bbox 447 1593 673 1662; x_wconf 80' lang='grc' dir='ltr'>γέενναν</span> <span class='ocrx_word' id='word_1_116' title='bbox 699 1611 716 1628; x_wconf 76' lang='grc'><strong>⁸</strong></span> <span class='ocrx_word' id='word_1_117' title='bbox 754 1596 828 1667; x_wconf 83' lang='grc' dir='ltr'><strong>μὴ</strong></span> <span class='ocrx_word' id='word_1_118' title='bbox 864 1597 1155 1669; x_wconf 83' lang='grc' dir='ltr'>φεύγωμεν</span> <span class='ocrx_word' id='word_1_119' title='bbox 1197 1599 1297 1670; x_wconf 84' lang='grc' dir='ltr'>τὴν</span> <span class='ocrx_word' id='word_1_120' title='bbox 1328 1600 1428 1668; x_wconf 90' lang='grc' dir='ltr'>τῆς</span> <span class='ocrx_word' id='word_1_121' title='bbox 1471 1599 1745 1662; x_wconf 84' lang='grc' dir='ltr'>κολάσεως</span> <span class='ocrx_word' id='word_1_122' title='bbox 1781 1602 2022 1672; x_wconf 85' lang='grc' dir='ltr'>μνήμην,</span> 
     </span>
    </p>
   </div>
   <div class='ocr_carea' id='block_1_17' title="bbox 448 1677 2024 1756">
    <p class='ocr_par' dir='ltr' id='par_1_17' title="bbox 448 1677 2024 1756">
     <span class='ocr_line' id='line_1_17' title="bbox 448 1677 2024 1756; baseline 0.007 -28"><span class='ocrx_word' id='word_1_123' title='bbox 448 1677 531 1729; x_wconf 73' lang='grc' dir='ltr'>ἵνα</span> <span class='ocrx_word' id='word_1_124' title='bbox 565 1677 641 1747; x_wconf 78' lang='grc' dir='ltr'>μὴ</span> <span class='ocrx_word' id='word_1_125' title='bbox 668 1678 1038 1750; x_wconf 89' lang='grc' dir='ltr'>κολασθῶμεν.</span> <span class='ocrx_word' id='word_1_126' title='bbox 1083 1681 1145 1734; x_wconf 72' lang='lat' dir='ltr'>El</span> <span class='ocrx_word' id='word_1_127' title='bbox 1175 1683 1205 1734; x_wconf 96' lang='lat'>6</span> <span class='ocrx_word' id='word_1_128' title='bbox 1250 1681 1507 1746; x_wconf 86' lang='grc' dir='ltr'>πλούσιος</span> <span class='ocrx_word' id='word_1_129' title='bbox 1549 1683 1755 1748; x_wconf 84' lang='grc' dir='ltr'>ἐκεῖνος</span> <span class='ocrx_word' id='word_1_130' title='bbox 1801 1684 1864 1738; x_wconf 88' lang='grc' dir='ltr'><strong>τό</strong></span> <span class='ocrx_word' id='word_1_131' title='bbox 1911 1685 2024 1756; x_wconf 89' lang='grc' dir='ltr'>πῦρ</span> 
     </span>
    </p>
   </div>
   <div class='ocr_carea' id='block_1_18' title="bbox 447 1761 2026 1839">
    <p class='ocr_par' dir='ltr' id='par_1_18' title="bbox 447 1761 2026 1839">
     <span class='ocr_line' id='line_1_18' title="bbox 447 1761 2026 1839; baseline 0.008 -28"><span class='ocrx_word' id='word_1_132' title='bbox 447 1761 645 1814; x_wconf 76' lang='grc' dir='ltr'>ἐνενόει</span> <span class='ocrx_word' id='word_1_133' title='bbox 671 1763 868 1827; x_wconf 85' lang='grc' dir='ltr'>έκεῖνο,</span> <span class='ocrx_word' id='word_1_134' title='bbox 903 1764 1002 1817; x_wconf 90' lang='grc' dir='ltr'>οὐκ</span> <span class='ocrx_word' id='word_1_135' title='bbox 1045 1764 1113 1819; x_wconf 82' lang='grc' dir='ltr'>ἂν</span> <span class='ocrx_word' id='word_1_136' title='bbox 1134 1766 1378 1836; x_wconf 76' lang='grc' dir='ltr'>ἥμαρτεν</span> <span class='ocrx_word' id='word_1_137' title='bbox 1399 1781 1414 1795; x_wconf 84' lang='grc'>⁶</span> <span class='ocrx_word' id='word_1_138' title='bbox 1453 1767 1638 1839; x_wconf 82' lang='grc' dir='ltr'>ἐπειδὴ</span> <span class='ocrx_word' id='word_1_139' title='bbox 1687 1768 1746 1822; x_wconf 88' lang='grc' dir='ltr'>δέ</span> <span class='ocrx_word' id='word_1_140' title='bbox 1773 1768 2026 1823; x_wconf 85' lang='grc' dir='ltr'>οὐδέποτε</span> 
     </span>
    </p>
   </div>
   <div class='ocr_carea' id='block_1_19' title="bbox 448 1843 2024 1922">
    <p class='ocr_par' dir='ltr' id='par_1_19' title="bbox 448 1843 2024 1922">
     <span class='ocr_line' id='line_1_19' title="bbox 448 1843 2024 1922; baseline 0.008 -27"><span class='ocrx_word' id='word_1_141' title='bbox 448 1843 612 1896; x_wconf 87' lang='grc' dir='ltr'>αὐτοῦ</span> <span class='ocrx_word' id='word_1_142' title='bbox 647 1845 924 1917; x_wconf 86' lang='grc' dir='ltr'>ἐμνήσθη,</span> <span class='ocrx_word' id='word_1_143' title='bbox 975 1846 1064 1901; x_wconf 86' lang='grc' dir='ltr'>διὰ</span> <span class='ocrx_word' id='word_1_144' title='bbox 1093 1849 1252 1903; x_wconf 89' lang='grc' dir='ltr'>τοῦτο</span> <span class='ocrx_word' id='word_1_145' title='bbox 1292 1848 1442 1920; x_wconf 87' lang='grc' dir='ltr'>αὐτῷ</span> <span class='ocrx_word' id='word_1_146' title='bbox 1490 1851 1838 1922; x_wconf 86' lang='grc' dir='ltr'>περιέπεσεν.</span> <span class='ocrx_word' id='word_1_147' title='bbox 1887 1853 2024 1907; x_wconf 86' lang='grc' dir='ltr'>Είπέ</span> 
     </span>
    </p>
   </div>
   <div class='ocr_carea' id='block_1_20' title="bbox 448 1927 2020 2006">
    <p class='ocr_par' dir='ltr' id='par_1_20' title="bbox 448 1927 2020 2006">
     <span class='ocr_line' id='line_1_20' title="bbox 448 1927 2020 2006; baseline 0.008 -28"><span class='ocrx_word' id='word_1_148' title='bbox 448 1943 560 1994; x_wconf 88' lang='grc' dir='ltr'>μοι,</span> <span class='ocrx_word' id='word_1_149' title='bbox 587 1927 862 1999; x_wconf 82' lang='grc' dir='ltr'>ἄνθρωπε,</span> <span class='ocrx_word' id='word_1_150' title='bbox 921 1929 1131 2001; x_wconf 89' lang='grc' dir='ltr'>μέλλων</span> <span class='ocrx_word' id='word_1_151' title='bbox 1173 1932 1542 2002; x_wconf 81' lang='grc' dir='ltr'>παρίστασθαι</span> <span class='ocrx_word' id='word_1_152' title='bbox 1588 1934 1666 2005; x_wconf 83' lang='grc' dir='ltr'>τῷ</span> <span class='ocrx_word' id='word_1_153' title='bbox 1695 1935 1897 2006; x_wconf 85' lang='grc' dir='ltr'>βήματι</span> <span class='ocrx_word' id='word_1_154' title='bbox 1926 1937 2020 1991; x_wconf 91' lang='grc' dir='ltr'>τοῦ</span> 
     </span>
    </p>
   </div>
   <div class='ocr_carea' id='block_1_21' title="bbox 444 2009 2020 2088">
    <p class='ocr_par' dir='ltr' id='par_1_21' title="bbox 444 2009 2020 2088">
     <span class='ocr_line' id='line_1_21' title="bbox 444 2009 2020 2088; baseline 0.008 -26"><span class='ocrx_word' id='word_1_155' title='bbox 444 2009 680 2080; x_wconf 83' lang='grc' dir='ltr'>Χριστοῦ</span> <span class='ocrx_word' id='word_1_156' title='bbox 715 2014 893 2067; x_wconf 87' lang='grc' dir='ltr'>πάντα</span> <span class='ocrx_word' id='word_1_157' title='bbox 921 2013 1120 2084; x_wconf 80' lang='grc' dir='ltr'>μᾶλλον</span> <span class='ocrx_word' id='word_1_158' title='bbox 1150 2014 1386 2088; x_wconf 84' lang='grc' dir='ltr'>φθέγγῃ,</span> <span class='ocrx_word' id='word_1_159' title='bbox 1421 2016 1454 2086; x_wconf 83' lang='grc' dir='ltr'><strong>ἣ</strong></span> <span class='ocrx_word' id='word_1_160' title='bbox 1482 2019 1612 2087; x_wconf 61' lang='grc' dir='ltr'>περλ¹</span> <span class='ocrx_word' id='word_1_161' title='bbox 1648 2018 1875 2086; x_wconf 90' lang='grc' dir='ltr'>τούτου;</span> <span class='ocrx_word' id='word_1_162' title='bbox 1907 2023 2020 2075; x_wconf 75' lang='grc' dir='ltr'>Καὶ</span> 
     </span>
    </p>
   </div>
   <div class='ocr_carea' id='block_1_22' title="bbox 445 2094 2018 2174">
    <p class='ocr_par' dir='ltr' id='par_1_22' title="bbox 445 2094 2018 2174">
     <span class='ocr_line' id='line_1_22' title="bbox 445 2094 2018 2174; baseline 0.008 -30"><span class='ocrx_word' id='word_1_163' title='bbox 445 2094 678 2161; x_wconf 81' lang='grc' dir='ltr'>πρᾶγμα</span> <span class='ocrx_word' id='word_1_164' title='bbox 710 2095 810 2165; x_wconf 83' lang='grc' dir='ltr'>μὲν</span> <span class='ocrx_word' id='word_1_165' title='bbox 836 2096 974 2166; x_wconf 78' lang='grc' dir='ltr'>ἔχων</span> <span class='ocrx_word' id='word_1_166' title='bbox 1025 2097 1161 2169; x_wconf 89' lang='grc' dir='ltr'>πρὸς</span> <span class='ocrx_word' id='word_1_167' title='bbox 1208 2098 1488 2170; x_wconf 80' lang='grc' dir='ltr'>δικαστὴν,</span> <span class='ocrx_word' id='word_1_168' title='bbox 1544 2099 1708 2171; x_wconf 87' lang='grc' dir='ltr'>μέχρι</span> <span class='ocrx_word' id='word_1_169' title='bbox 1756 2103 2018 2174; x_wconf 80' lang='grc' dir='ltr'>ῥημάτων</span> 
     </span>
    </p>
   </div>
   <div class='ocr_carea' id='block_1_23' title="bbox 443 2178 2019 2261">
    <p class='ocr_par' dir='ltr' id='par_1_23' title="bbox 443 2178 2019 2261">
     <span class='ocr_line' id='line_1_23' title="bbox 443 2178 2019 2261; baseline 0.008 -31"><span class='ocrx_word' id='word_1_170' title='bbox 443 2178 725 2245; x_wconf 73' lang='grc' dir='ltr'>πολλάκις,</span> <span class='ocrx_word' id='word_1_171' title='bbox 743 2181 804 2235; x_wconf 73' lang='grc' dir='ltr'>οὐ</span> <span class='ocrx_word' id='word_1_172' title='bbox 839 2183 1029 2246; x_wconf 84' lang='grc' dir='ltr'>νύκτα,</span> <span class='ocrx_word' id='word_1_173' title='bbox 1052 2185 1150 2254; x_wconf 88' lang='grc' dir='ltr'>οὐχ</span> <span class='ocrx_word' id='word_1_174' title='bbox 1172 2185 1406 2255; x_wconf 82' lang='grc' dir='ltr'>ἡμέραν,</span> <span class='ocrx_word' id='word_1_175' title='bbox 1427 2185 1489 2238; x_wconf 93' lang='grc' dir='ltr'>οὐ</span> <span class='ocrx_word' id='word_1_176' title='bbox 1519 2188 1731 2259; x_wconf 90' lang='grc' dir='ltr'>καιρὸν,</span> <span class='ocrx_word' id='word_1_177' title='bbox 1751 2190 1849 2259; x_wconf 89' lang='grc' dir='ltr'>οὐχ</span> <span class='ocrx_word' id='word_1_178' title='bbox 1869 2189 2019 2261; x_wconf 84' lang='grc' dir='ltr'>ὥραν</span> 
     </span>
    </p>
   </div>
   <div class='ocr_carea' id='block_1_24' title="bbox 443 2262 2023 2343">
    <p class='ocr_par' dir='ltr' id='par_1_24' title="bbox 443 2262 2023 2343">
     <span class='ocr_line' id='line_1_24' title="bbox 443 2262 2023 2343; baseline 0.007 -27"><span class='ocrx_word' id='word_1_179' title='bbox 443 2262 574 2316; x_wconf 79' lang='grc' dir='ltr'>ἀλλο</span> <span class='ocrx_word' id='word_1_180' title='bbox 608 2280 662 2316; x_wconf 93' lang='grc' dir='ltr'>τι</span> <span class='ocrx_word' id='word_1_181' title='bbox 687 2264 921 2339; x_wconf 83' lang='grc' dir='ltr'>φθέγγῃ,</span> <span class='ocrx_word' id='word_1_182' title='bbox 955 2267 1093 2322; x_wconf 87' lang='grc' dir='ltr'>ἀλλά</span> <span class='ocrx_word' id='word_1_183' title='bbox 1126 2267 1273 2340; x_wconf 73' lang='grc'>[522</span> <span class='ocrx_word' id='word_1_184' title='bbox 1299 2267 1319 2340; x_wconf 97' lang='grc'>]</span> <span class='ocrx_word' id='word_1_185' title='bbox 1343 2271 1636 2334; x_wconf 84' lang='grc' dir='ltr'>διαπαντὸς</span> <span class='ocrx_word' id='word_1_186' title='bbox 1664 2273 1793 2343; x_wconf 77' lang='grc' dir='ltr'>περὶ</span> <span class='ocrx_word' id='word_1_187' title='bbox 1812 2273 2023 2328; x_wconf 80' lang='grc' dir='ltr'>ἐκείνου</span> 
     </span>
    </p>
   </div>
   <div class='ocr_carea' id='block_1_25' title="bbox 443 2344 2022 2429">
    <p class='ocr_par' dir='ltr' id='par_1_25' title="bbox 443 2344 2022 2429">
     <span class='ocr_line' id='line_1_25' title="bbox 443 2344 2022 2429; baseline 0.009 -31"><span class='ocrx_word' id='word_1_188' title='bbox 443 2344 539 2399; x_wconf 88' lang='grc' dir='ltr'>τοῦ</span> <span class='ocrx_word' id='word_1_189' title='bbox 568 2346 892 2418; x_wconf 86' lang='grc' dir='ltr'>πράγματος</span> <span class='ocrx_word' id='word_1_190' title='bbox 922 2367 936 2382; x_wconf 93' lang='grc'><strong>·</strong></span> <span class='ocrx_word' id='word_1_191' title='bbox 975 2350 1188 2420; x_wconf 85' lang='grc' dir='ltr'>μέλλων</span> <span class='ocrx_word' id='word_1_192' title='bbox 1219 2351 1280 2406; x_wconf 85' lang='grc' dir='ltr'>δὲ</span> <span class='ocrx_word' id='word_1_193' title='bbox 1340 2351 1482 2423; x_wconf 79' lang='grc' dir='ltr'>ὑπὲρ</span> <span class='ocrx_word' id='word_1_194' title='bbox 1521 2355 1705 2427; x_wconf 82' lang='grc' dir='ltr'>πάσης</span> <span class='ocrx_word' id='word_1_195' title='bbox 1743 2359 1843 2428; x_wconf 87' lang='grc' dir='ltr'>τῆς</span> <span class='ocrx_word' id='word_1_196' title='bbox 1875 2357 2022 2429; x_wconf 81' lang='grc' dir='ltr'>ζωῆς</span> 
     </span>
    </p>
   </div>
   <div class='ocr_carea' id='block_1_26' title="bbox 1191 317 2776 374">
    <p class='ocr_par' dir='ltr' id='par_1_26' title="bbox 1191 317 2776 374">
     <span class='ocr_line' id='line_1_26' title="bbox 1191 317 2776 374; baseline -0.001 -1"><span class='ocrx_word' id='word_1_197' title='bbox 1191 317 1259 373; x_wconf 87' lang='grc' dir='ltr'>ΙΝ</span> <span class='ocrx_word' id='word_1_198' title='bbox 1293 317 1509 374; x_wconf 83' lang='lat' dir='ltr'><strong>EPIST.</strong></span> <span class='ocrx_word' id='word_1_199' title='bbox 1550 319 1598 373; x_wconf 84' lang='grc'><strong>11</strong></span> <span class='ocrx_word' id='word_1_200' title='bbox 1627 317 1720 373; x_wconf 83' lang='lat' dir='ltr'>AD</span> <span class='ocrx_word' id='word_1_201' title='bbox 1760 317 2098 374; x_wconf 77' lang='lat' dir='ltr'>THESSAL.</span> <span class='ocrx_word' id='word_1_202' title='bbox 2136 317 2288 373; x_wconf 79' lang='lat' dir='ltr'>CAP.</span> <span class='ocrx_word' id='word_1_203' title='bbox 2332 318 2372 374; x_wconf 92' lang='lat' dir='ltr'>l.</span> <span class='ocrx_word' id='word_1_204' title='bbox 2413 317 2646 374; x_wconf 80' lang='lat' dir='ltr'>IIOMIL.</span> <span class='ocrx_word' id='word_1_205' title='bbox 2688 317 2776 372; x_wconf 85' lang='grc'><strong>111.</strong></span> 
     </span>
    </p>
   </div>
   <div class='ocr_carea' id='block_1_27' title="bbox 3605 314 3710 365">
    <p class='ocr_par' dir='ltr' id='par_1_27' title="bbox 3605 314 3710 365">
     <span class='ocr_line' id='line_1_27' title="bbox 3605 314 3710 365; baseline 0.019 -2"><span class='ocrx_word' id='word_1_206' title='bbox 3605 314 3710 365; x_wconf 71' lang='grc'>486</span> 
     </span>
    </p>
   </div>
   <div class='ocr_carea' id='block_1_28' title="bbox 2133 425 3709 501">
    <p class='ocr_par' dir='ltr' id='par_1_28' title="bbox 2133 425 3709 501">
     <span class='ocr_line' id='line_1_28' title="bbox 2133 425 3709 501; baseline -0.004 -15"><span class='ocrx_word' id='word_1_207' title='bbox 2133 451 2226 486; x_wconf 90' lang='grc' dir='ltr'>σου</span> <span class='ocrx_word' id='word_1_208' title='bbox 2265 433 2422 501; x_wconf 78' lang='grc' dir='ltr'>λόγον</span> <span class='ocrx_word' id='word_1_209' title='bbox 2447 433 2668 496; x_wconf 84' lang='grc' dir='ltr'>διδόναι,</span> <span class='ocrx_word' id='word_1_210' title='bbox 2703 431 2797 486; x_wconf 80' lang='grc' dir='ltr'>καὶ</span> <span class='ocrx_word' id='word_1_211' title='bbox 2828 430 3057 494; x_wconf 85' lang='grc' dir='ltr'>εὐθύνας</span> <span class='ocrx_word' id='word_1_212' title='bbox 3079 425 3362 500; x_wconf 76' lang='grc' dir='ltr'>ὑποσχεῖν,</span> <span class='ocrx_word' id='word_1_213' title='bbox 3384 428 3504 481; x_wconf 86' lang='grc' dir='ltr'>οὐδέ</span> <span class='ocrx_word' id='word_1_214' title='bbox 3533 426 3709 481; x_wconf 78' lang='grc' dir='ltr'>ἄλλων</span> 
     </span>
    </p>
   </div>
   <div class='ocr_carea' id='block_1_29' title="bbox 2129 510 3707 587">
    <p class='ocr_par' dir='ltr' id='par_1_29' title="bbox 2129 510 3707 587">
     <span class='ocr_line' id='line_1_29' title="bbox 2129 510 3707 587; baseline -0.003 -18"><span class='ocrx_word' id='word_1_215' title='bbox 2129 533 2189 569; x_wconf 91' lang='grc' dir='ltr'>σε</span> <span class='ocrx_word' id='word_1_216' title='bbox 2227 516 2750 587; x_wconf 78' lang='grc' dir='ltr'>ἀναμιμνησκόντων</span> <span class='ocrx_word' id='word_1_217' title='bbox 2790 515 2929 584; x_wconf 86' lang='grc' dir='ltr'>ὑπὲρ</span> <span class='ocrx_word' id='word_1_218' title='bbox 2979 515 3077 584; x_wconf 83' lang='grc' dir='ltr'>τῆς</span> <span class='ocrx_word' id='word_1_219' title='bbox 3110 515 3266 584; x_wconf 90' lang='grc' dir='ltr'>δίκης</span> <span class='ocrx_word' id='word_1_220' title='bbox 3332 513 3501 584; x_wconf 82' lang='grc' dir='ltr'>ἀνέχῃ</span> <span class='ocrx_word' id='word_1_221' title='bbox 3533 528 3548 576; x_wconf 91' lang='lat'><strong>;</strong></span> <span class='ocrx_word' id='word_1_222' title='bbox 3585 510 3707 564; x_wconf 80' lang='grc' dir='ltr'>Τοι-</span> 
     </span>
    </p>
   </div>
   <div class='ocr_carea' id='block_1_30' title="bbox 2126 595 3715 669">
    <p class='ocr_par' dir='ltr' id='par_1_30' title="bbox 2126 595 3715 669">
     <span class='ocr_line' id='line_1_30' title="bbox 2126 595 3715 669; baseline -0.003 -17"><span class='ocrx_word' id='word_1_223' title='bbox 2126 598 2332 669; x_wconf 89' lang='grc' dir='ltr'>γαροῦν</span> <span class='ocrx_word' id='word_1_224' title='bbox 2367 598 2454 651; x_wconf 76' lang='grc' dir='ltr'>διὰ</span> <span class='ocrx_word' id='word_1_225' title='bbox 2493 598 2650 652; x_wconf 89' lang='grc' dir='ltr'>τοῦτο</span> <span class='ocrx_word' id='word_1_226' title='bbox 2700 599 2880 652; x_wconf 91' lang='grc' dir='ltr'>πάντα</span> <span class='ocrx_word' id='word_1_227' title='bbox 2929 597 3175 651; x_wconf 86' lang='grc' dir='ltr'>ἀπόλωλε</span> <span class='ocrx_word' id='word_1_228' title='bbox 3220 597 3314 650; x_wconf 57' lang='grc' dir='ltr'>καὶ⁵</span> <span class='ocrx_word' id='word_1_229' title='bbox 3365 595 3715 668; x_wconf 82' lang='grc' dir='ltr'>διέφθαρται,</span> 
     </span>
    </p>
   </div>
   <div class='ocr_carea' id='block_1_31' title="bbox 2126 679 3710 754">
    <p class='ocr_par' dir='ltr' id='par_1_31' title="bbox 2126 679 3710 754">
     <span class='ocr_line' id='line_1_31' title="bbox 2126 679 3710 754; baseline -0.004 -18"><span class='ocrx_word' id='word_1_230' title='bbox 2126 683 2210 736; x_wconf 83' lang='grc' dir='ltr'>ὅτι</span> <span class='ocrx_word' id='word_1_231' title='bbox 2239 682 2443 753; x_wconf 84' lang='grc' dir='ltr'>βήματι</span> <span class='ocrx_word' id='word_1_232' title='bbox 2476 683 2574 752; x_wconf 87' lang='grc' dir='ltr'>μὲν</span> <span class='ocrx_word' id='word_1_233' title='bbox 2598 682 2920 754; x_wconf 82' lang='grc' dir='ltr'>ἀνθρωπίνῳ</span> <span class='ocrx_word' id='word_1_234' title='bbox 2940 679 3394 751; x_wconf 85' lang='grc' dir='ltr'>παραστήσεσθαι</span> <span class='ocrx_word' id='word_1_235' title='bbox 3420 679 3710 750; x_wconf 82' lang='grc' dir='ltr'>μέλλοντες</span> 
     </span>
    </p>
   </div>
   <div class='ocr_carea' id='block_1_32' title="bbox 2128 763 3706 841">
    <p class='ocr_par' dir='ltr' id='par_1_32' title="bbox 2128 763 3706 841">
     <span class='ocr_line' id='line_1_32' title="bbox 2128 763 3706 841; baseline -0.003 -23"><span class='ocrx_word' id='word_1_236' title='bbox 2128 767 2256 837; x_wconf 68' lang='grc' dir='ltr'>περὶ</span> <span class='ocrx_word' id='word_1_237' title='bbox 2293 767 2634 838; x_wconf 88' lang='grc' dir='ltr'>πραγμάτων</span> <span class='ocrx_word' id='word_1_238' title='bbox 2658 766 2949 836; x_wconf 83' lang='grc' dir='ltr'>βιωτικῶν,</span> <span class='ocrx_word' id='word_1_239' title='bbox 2978 767 3155 819; x_wconf 88' lang='grc' dir='ltr'>πάντα</span> <span class='ocrx_word' id='word_1_240' title='bbox 3187 764 3474 841; x_wconf 49' lang='grc' dir='ltr'>κινοῦμεν..</span> <span class='ocrx_word' id='word_1_241' title='bbox 3497 763 3706 824; x_wconf 79' lang='grc' dir='ltr'>πάντας</span> 
     </span>
    </p>
   </div>
   <div class='ocr_carea' id='block_1_33' title="bbox 2126 847 3709 920">
    <p class='ocr_par' dir='ltr' id='par_1_33' title="bbox 2126 847 3709 920">
     <span class='ocr_line' id='line_1_33' title="bbox 2126 847 3709 920; baseline -0.003 -17"><span class='ocrx_word' id='word_1_242' title='bbox 2126 848 2408 919; x_wconf 79' lang='grc' dir='ltr'>ἀξιοῦμεν,</span> <span class='ocrx_word' id='word_1_243' title='bbox 2443 849 2708 920; x_wconf 83' lang='grc' dir='ltr'>διηνεκῶς</span> <span class='ocrx_word' id='word_1_244' title='bbox 2747 851 2877 920; x_wconf 71' lang='grc' dir='ltr'>περὶ</span> <span class='ocrx_word' id='word_1_245' title='bbox 2909 851 3097 902; x_wconf 84' lang='grc' dir='ltr'>τούτου</span> <span class='ocrx_word' id='word_1_246' title='bbox 3127 847 3498 919; x_wconf 90' lang='grc' dir='ltr'>μεριμνῶμεν,</span> <span class='ocrx_word' id='word_1_247' title='bbox 3528 847 3709 900; x_wconf 88' lang='grc' dir='ltr'>πάντα</span> 
     </span>
    </p>
   </div>
   <div class='ocr_carea' id='block_1_34' title="bbox 2128 927 3709 1003">
    <p class='ocr_par' dir='ltr' id='par_1_34' title="bbox 2128 927 3709 1003">
     <span class='ocr_line' id='line_1_34' title="bbox 2128 927 3709 1003; baseline -0.003 -19"><span class='ocrx_word' id='word_1_248' title='bbox 2128 932 2267 1000; x_wconf 84' lang='grc' dir='ltr'>ὑπὲρ</span> <span class='ocrx_word' id='word_1_249' title='bbox 2294 933 2481 985; x_wconf 89' lang='grc' dir='ltr'>τούτου</span> <span class='ocrx_word' id='word_1_250' title='bbox 2514 932 2826 1003; x_wconf 86' lang='grc' dir='ltr'>πράττομεν</span> <span class='ocrx_word' id='word_1_251' title='bbox 2849 972 2865 989; x_wconf 90' lang='grc'>.</span> <span class='ocrx_word' id='word_1_252' title='bbox 2892 934 2972 995; x_wconf 84' lang='grc' dir='ltr'>είς</span> <span class='ocrx_word' id='word_1_253' title='bbox 3000 932 3056 984; x_wconf 86' lang='grc' dir='ltr'>δὲ</span> <span class='ocrx_word' id='word_1_254' title='bbox 3085 933 3144 984; x_wconf 92' lang='grc' dir='ltr'>τὸ</span> <span class='ocrx_word' id='word_1_255' title='bbox 3172 931 3322 1000; x_wconf 89' lang='grc' dir='ltr'>βῆμα</span> <span class='ocrx_word' id='word_1_256' title='bbox 3350 928 3444 982; x_wconf 87' lang='grc' dir='ltr'>τοῦ</span> <span class='ocrx_word' id='word_1_257' title='bbox 3471 927 3709 999; x_wconf 89' lang='grc' dir='ltr'>Χριστοῦ</span> 
     </span>
    </p>
   </div>
   <div class='ocr_carea' id='block_1_35' title="bbox 2129 1012 3709 1087">
    <p class='ocr_par' dir='ltr' id='par_1_35' title="bbox 2129 1012 3709 1087">
     <span class='ocr_line' id='line_1_35' title="bbox 2129 1012 3709 1087; baseline -0.001 -21"><span class='ocrx_word' id='word_1_258' title='bbox 2129 1014 2410 1084; x_wconf 86' lang='grc' dir='ltr'>μέλλοντες</span> <span class='ocrx_word' id='word_1_259' title='bbox 2441 1015 2598 1085; x_wconf 80' lang='grc' dir='ltr'>ἥκειν</span> <span class='ocrx_word' id='word_1_260' title='bbox 2632 1018 2748 1087; x_wconf 90' lang='grc' dir='ltr'>μετ’</span> <span class='ocrx_word' id='word_1_261' title='bbox 2778 1017 2836 1068; x_wconf 89' lang='grc' dir='ltr'>οὐ</span> <span class='ocrx_word' id='word_1_262' title='bbox 2865 1015 3025 1078; x_wconf 74' lang='grc' dir='ltr'>πολὺ,</span> <span class='ocrx_word' id='word_1_263' title='bbox 3062 1014 3218 1066; x_wconf 86' lang='grc' dir='ltr'>οὐδὲν</span> <span class='ocrx_word' id='word_1_264' title='bbox 3239 1013 3362 1066; x_wconf 85' lang='grc' dir='ltr'>οὐτε</span> <span class='ocrx_word' id='word_1_265' title='bbox 3389 1012 3457 1064; x_wconf 85' lang='grc' dir='ltr'>δι’</span> <span class='ocrx_word' id='word_1_266' title='bbox 3480 1012 3709 1076; x_wconf 79' lang='grc' dir='ltr'>ἑαυτῶν,</span> 
     </span>
    </p>
   </div>
   <div class='ocr_carea' id='block_1_36' title="bbox 2125 1094 3710 1170">
    <p class='ocr_par' dir='ltr' id='par_1_36' title="bbox 2125 1094 3710 1170">
     <span class='ocr_line' id='line_1_36' title="bbox 2125 1094 3710 1170; baseline -0.002 -21"><span class='ocrx_word' id='word_1_267' title='bbox 2125 1095 2250 1149; x_wconf 83' lang='grc' dir='ltr'>οὐτε</span> <span class='ocrx_word' id='word_1_268' title='bbox 2276 1097 2346 1149; x_wconf 84' lang='grc' dir='ltr'>δι’</span> <span class='ocrx_word' id='word_1_269' title='bbox 2367 1097 2540 1152; x_wconf 84' lang='grc' dir='ltr'>ἀλλων</span> <span class='ocrx_word' id='word_1_270' title='bbox 2557 1099 2892 1170; x_wconf 85' lang='grc' dir='ltr'>πράττομεν,</span> <span class='ocrx_word' id='word_1_271' title='bbox 2915 1099 3015 1151; x_wconf 86' lang='grc' dir='ltr'>οὐκ</span> <span class='ocrx_word' id='word_1_272' title='bbox 3040 1097 3298 1166; x_wconf 81' lang='grc' dir='ltr'>ἀξιοῦμεν</span> <span class='ocrx_word' id='word_1_273' title='bbox 3315 1095 3406 1149; x_wconf 90' lang='grc' dir='ltr'>τὸν</span> <span class='ocrx_word' id='word_1_274' title='bbox 3427 1094 3710 1164; x_wconf 89' lang='grc' dir='ltr'>δικαστήν.</span> 
     </span>
    </p>
   </div>
   <div class='ocr_carea' id='block_1_37' title="bbox 2127 1172 3709 1254">
    <p class='ocr_par' dir='ltr' id='par_1_37' title="bbox 2127 1172 3709 1254">
     <span class='ocr_line' id='line_1_37' title="bbox 2127 1172 3709 1254; baseline -0.003 -20"><span class='ocrx_word' id='word_1_275' title='bbox 2127 1181 2321 1234; x_wconf 80' lang='grc' dir='ltr'>Καίτοι</span> <span class='ocrx_word' id='word_1_276' title='bbox 2355 1198 2418 1250; x_wconf 90' lang='grc' dir='ltr'>γε</span> <span class='ocrx_word' id='word_1_277' title='bbox 2469 1182 2668 1252; x_wconf 79' lang='grc' dir='ltr'>πολλὴν</span> <span class='ocrx_word' id='word_1_278' title='bbox 2703 1185 2833 1254; x_wconf 81' lang='grc' dir='ltr'>ἡμῖν</span> <span class='ocrx_word' id='word_1_279' title='bbox 2881 1184 3088 1246; x_wconf 83' lang='grc' dir='ltr'>ἐκεῖνος</span> <span class='ocrx_word' id='word_1_280' title='bbox 3134 1180 3315 1235; x_wconf 79' lang='grc' dir='ltr'>δίδωσι</span> <span class='ocrx_word' id='word_1_281' title='bbox 3350 1172 3709 1249; x_wconf 71' lang='grc' dir='ltr'>προθεσμίαν,</span> 
     </span>
    </p>
   </div>
   <div class='ocr_carea' id='block_1_38' title="bbox 2126 1263 3707 1337">
    <p class='ocr_par' dir='ltr' id='par_1_38' title="bbox 2126 1263 3707 1337">
     <span class='ocr_line' id='line_1_38' title="bbox 2126 1263 3707 1337; baseline -0.002 -20"><span class='ocrx_word' id='word_1_282' title='bbox 2126 1265 2222 1317; x_wconf 78' lang='grc' dir='ltr'>καὶ</span> <span class='ocrx_word' id='word_1_283' title='bbox 2253 1265 2352 1317; x_wconf 89' lang='grc' dir='ltr'>οὐκ</span> <span class='ocrx_word' id='word_1_284' title='bbox 2371 1265 2676 1335; x_wconf 74' lang='grc' dir='ltr'>ἀναρπάζει</span> <span class='ocrx_word' id='word_1_285' title='bbox 2693 1267 2840 1336; x_wconf 80' lang='grc' dir='ltr'>ἡμᾶς</span> <span class='ocrx_word' id='word_1_286' title='bbox 2856 1267 2914 1320; x_wconf 86' lang='grc' dir='ltr'>ἐν</span> <span class='ocrx_word' id='word_1_287' title='bbox 2943 1269 3055 1331; x_wconf 90' lang='grc' dir='ltr'>τοῖς</span> <span class='ocrx_word' id='word_1_288' title='bbox 3083 1267 3269 1337; x_wconf 87' lang='grc' dir='ltr'>μέσοις</span> <span class='ocrx_word' id='word_1_289' title='bbox 3295 1263 3707 1335; x_wconf 75' lang='grc' dir='ltr'>ἁμαρτήμασιν,</span> 
     </span>
    </p>
   </div>
   <div class='ocr_carea' id='block_1_39' title="bbox 2125 1344 3712 1417">
    <p class='ocr_par' dir='ltr' id='par_1_39' title="bbox 2125 1344 3712 1417">
     <span class='ocr_line' id='line_1_39' title="bbox 2125 1344 3712 1417; baseline -0.001 -19"><span class='ocrx_word' id='word_1_290' title='bbox 2125 1345 2241 1399; x_wconf 84' lang='grc' dir='ltr'>ἀλλ’</span> <span class='ocrx_word' id='word_1_291' title='bbox 2271 1347 2497 1417; x_wconf 85' lang='grc' dir='ltr'>ἀφίησιν</span> <span class='ocrx_word' id='word_1_292' title='bbox 2517 1349 2910 1413; x_wconf 88' lang='grc' dir='ltr'>ἀποδύσασθαι,</span> <span class='ocrx_word' id='word_1_293' title='bbox 2964 1350 3060 1403; x_wconf 76' lang='grc' dir='ltr'>καὶ</span> <span class='ocrx_word' id='word_1_294' title='bbox 3090 1349 3246 1402; x_wconf 83' lang='grc' dir='ltr'>οὐδὲν</span> <span class='ocrx_word' id='word_1_295' title='bbox 3283 1347 3392 1400; x_wconf 90' lang='grc' dir='ltr'>τῶν</span> <span class='ocrx_word' id='word_1_296' title='bbox 3423 1348 3502 1407; x_wconf 88' lang='grc' dir='ltr'>είς</span> <span class='ocrx_word' id='word_1_297' title='bbox 3551 1344 3712 1398; x_wconf 83' lang='grc' dir='ltr'>αὐτὸν</span> 
     </span>
    </p>
   </div>
   <div class='ocr_carea' id='block_1_40' title="bbox 2125 1427 3714 1503">
    <p class='ocr_par' dir='ltr' id='par_1_40' title="bbox 2125 1427 3714 1503">
     <span class='ocr_line' id='line_1_40' title="bbox 2125 1427 3714 1503; baseline 0.001 -23"><span class='ocrx_word' id='word_1_298' title='bbox 2125 1429 2367 1498; x_wconf 82' lang='grc' dir='ltr'>ἡκόντων</span> <span class='ocrx_word' id='word_1_299' title='bbox 2433 1430 2844 1501; x_wconf 85' lang='grc' dir='ltr'>παραλιμπάνει</span> <span class='ocrx_word' id='word_1_300' title='bbox 2893 1433 2927 1503; x_wconf 89' lang='grc' dir='ltr'>ή</span> <span class='ocrx_word' id='word_1_301' title='bbox 2992 1432 3269 1501; x_wconf 88' lang='grc' dir='ltr'>ἀγαθότης</span> <span class='ocrx_word' id='word_1_302' title='bbox 3324 1428 3506 1498; x_wconf 81' lang='grc' dir='ltr'>ἐκείνη</span> <span class='ocrx_word' id='word_1_303' title='bbox 3547 1427 3641 1479; x_wconf 73' lang='grc' dir='ltr'>καὶ</span> <span class='ocrx_word' id='word_1_304' title='bbox 3678 1428 3714 1495; x_wconf 82' lang='grc' dir='ltr'>ὴ</span> 
     </span>
    </p>
   </div>
   <div class='ocr_carea' id='block_1_41' title="bbox 2127 1507 3714 1584">
    <p class='ocr_par' dir='ltr' id='par_1_41' title="bbox 2127 1507 3714 1584">
     <span class='ocr_line' id='line_1_41' title="bbox 2127 1507 3714 1584; baseline -0.003 -21"><span class='ocrx_word' id='word_1_305' title='bbox 2127 1511 2526 1582; x_wconf 85' lang='grc' dir='ltr'>φιλανθρωπία.</span> <span class='ocrx_word' id='word_1_306' title='bbox 2573 1513 2710 1566; x_wconf 81' lang='grc' dir='ltr'>Ἀλλ’</span> <span class='ocrx_word' id='word_1_307' title='bbox 2736 1515 2886 1568; x_wconf 80' lang='grc' dir='ltr'>οὐδὲν</span> <span class='ocrx_word' id='word_1_308' title='bbox 2912 1515 3125 1584; x_wconf 87' lang='grc' dir='ltr'>γίνεται</span> <span class='ocrx_word' id='word_1_309' title='bbox 3156 1513 3319 1566; x_wconf 59' lang='grc' dir='ltr'>πλέον</span> <span class='ocrx_word' id='word_1_310' title='bbox 3348 1529 3363 1543; x_wconf 90' lang='grc'><strong>·</strong></span> <span class='ocrx_word' id='word_1_311' title='bbox 3406 1510 3493 1562; x_wconf 84' lang='grc' dir='ltr'>διά</span> <span class='ocrx_word' id='word_1_312' title='bbox 3549 1507 3714 1560; x_wconf 90' lang='grc' dir='ltr'>τοῦτο</span> 
     </span>
    </p>
   </div>
   <div class='ocr_carea' id='block_1_42' title="bbox 2130 1592 3713 1669">
    <p class='ocr_par' dir='ltr' id='par_1_42' title="bbox 2130 1592 3713 1669">
     <span class='ocr_line' id='line_1_42' title="bbox 2130 1592 3713 1669; baseline -0.009 -11"><span class='ocrx_word' id='word_1_313' title='bbox 2130 1593 2330 1663; x_wconf 81' lang='grc' dir='ltr'>μείζων</span> <span class='ocrx_word' id='word_1_314' title='bbox 2377 1595 2694 1667; x_wconf 80' lang='grc' dir='ltr'>ἠτιμωρία.</span> <span class='ocrx_word' id='word_1_315' title='bbox 2739 1597 2896 1651; x_wconf 87' lang='grc' dir='ltr'>Ἀλλά</span> <span class='ocrx_word' id='word_1_316' title='bbox 2919 1598 2994 1669; x_wconf 81' lang='grc' dir='ltr'>μὴ</span> <span class='ocrx_word' id='word_1_317' title='bbox 3027 1598 3236 1666; x_wconf 90' lang='grc' dir='ltr'>γένοιτο</span> <span class='ocrx_word' id='word_1_318' title='bbox 3277 1594 3549 1664; x_wconf 81' lang='grc' dir='ltr'>γενέσθαι.</span> <span class='ocrx_word' id='word_1_319' title='bbox 3600 1592 3713 1656; x_wconf 89' lang='grc' dir='ltr'>Διὸ,</span> 
     </span>
    </p>
   </div>
   <div class='ocr_carea' id='block_1_43' title="bbox 2132 1677 3716 1751">
    <p class='ocr_par' dir='ltr' id='par_1_43' title="bbox 2132 1677 3716 1751">
     <span class='ocr_line' id='line_1_43' title="bbox 2132 1677 3716 1751; baseline 0.004 -23"><span class='ocrx_word' id='word_1_320' title='bbox 2132 1677 2456 1746; x_wconf 86' lang='grc' dir='ltr'>παρακαλῶ,</span> <span class='ocrx_word' id='word_1_321' title='bbox 2482 1680 2586 1732; x_wconf 75' lang='grc' dir='ltr'>κᾶν</span> <span class='ocrx_word' id='word_1_322' title='bbox 2614 1680 2710 1733; x_wconf 90' lang='grc' dir='ltr'>νῦν</span> <span class='ocrx_word' id='word_1_323' title='bbox 2739 1681 3114 1751; x_wconf 80' lang='grc' dir='ltr'>ἀνανήψωμεν</span> <span class='ocrx_word' id='word_1_324' title='bbox 3145 1693 3194 1745; x_wconf 69' lang='grc' dir='ltr'>δ,</span> <span class='ocrx_word' id='word_1_325' title='bbox 3229 1680 3444 1750; x_wconf 83' lang='grc' dir='ltr'>ἔχωμεν</span> <span class='ocrx_word' id='word_1_326' title='bbox 3475 1677 3572 1748; x_wconf 82' lang='grc' dir='ltr'>τὴν</span> <span class='ocrx_word' id='word_1_327' title='bbox 3615 1678 3716 1745; x_wconf 84' lang='grc' dir='ltr'>γέ-</span> 
     </span>
    </p>
   </div>
   <div class='ocr_carea' id='block_1_44' title="bbox 2128 1761 3716 1836">
    <p class='ocr_par' dir='ltr' id='par_1_44' title="bbox 2128 1761 3716 1836">
     <span class='ocr_line' id='line_1_44' title="bbox 2128 1761 3716 1836; baseline 0.001 -24"><span class='ocrx_word' id='word_1_328' title='bbox 2128 1776 2289 1813; x_wconf 87' lang='grc' dir='ltr'>ενναν</span> <span class='ocrx_word' id='word_1_329' title='bbox 2312 1761 2420 1832; x_wconf 87' lang='grc' dir='ltr'>πρὸ</span> <span class='ocrx_word' id='word_1_330' title='bbox 2452 1762 2768 1835; x_wconf 86' lang='grc' dir='ltr'>ὀφθαλμῶν,</span> <span class='ocrx_word' id='word_1_331' title='bbox 2798 1766 3069 1836; x_wconf 81' lang='grc' dir='ltr'>ἐννοῶμεν</span> <span class='ocrx_word' id='word_1_332' title='bbox 3094 1765 3194 1828; x_wconf 85' lang='grc' dir='ltr'>τὰς</span> <span class='ocrx_word' id='word_1_333' title='bbox 3229 1763 3458 1826; x_wconf 81' lang='grc' dir='ltr'>εὐθύνας</span> <span class='ocrx_word' id='word_1_334' title='bbox 3497 1762 3716 1823; x_wconf 87' lang='grc' dir='ltr'>ἐκείνας</span> 
     </span>
    </p>
   </div>
   <div class='ocr_carea' id='block_1_45' title="bbox 2126 1841 3717 1918">
    <p class='ocr_par' dir='ltr' id='par_1_45' title="bbox 2126 1841 3717 1918">
     <span class='ocr_line' id='line_1_45' title="bbox 2126 1841 3717 1918; baseline 0.002 -25"><span class='ocrx_word' id='word_1_335' title='bbox 2126 1841 2224 1904; x_wconf 79' lang='grc' dir='ltr'>τὰς</span> <span class='ocrx_word' id='word_1_336' title='bbox 2251 1843 2680 1916; x_wconf 60' lang='grc' dir='ltr'>ἀπαραιτήτους</span> <span class='ocrx_word' id='word_1_337' title='bbox 2720 1848 2805 1900; x_wconf 79' lang='grc' dir='ltr'>ἵνα</span> <span class='ocrx_word' id='word_1_338' title='bbox 2837 1848 3007 1902; x_wconf 88' lang='grc' dir='ltr'>ταῦτα</span> <span class='ocrx_word' id='word_1_339' title='bbox 3041 1847 3402 1918; x_wconf 76' lang='grc' dir='ltr'>λογιζόμενοι,</span> <span class='ocrx_word' id='word_1_340' title='bbox 3470 1847 3564 1899; x_wconf 77' lang='grc' dir='ltr'>καὶ</span> <span class='ocrx_word' id='word_1_341' title='bbox 3616 1845 3717 1914; x_wconf 82' lang='grc' dir='ltr'>τὴν</span> 
     </span>
    </p>
   </div>
   <div class='ocr_carea' id='block_1_46' title="bbox 2123 1926 3714 2003">
    <p class='ocr_par' dir='ltr' id='par_1_46' title="bbox 2123 1926 3714 2003">
     <span class='ocr_line' id='line_1_46' title="bbox 2123 1926 3714 2003; baseline 0.003 -26"><span class='ocrx_word' id='word_1_342' title='bbox 2123 1926 2324 1979; x_wconf 81' lang='grc' dir='ltr'>κακίαν</span> <span class='ocrx_word' id='word_1_343' title='bbox 2379 1927 2658 1999; x_wconf 88' lang='grc' dir='ltr'>φύγωμεν,</span> <span class='ocrx_word' id='word_1_344' title='bbox 2719 1933 2814 1985; x_wconf 63' lang='grc' dir='ltr'>καὶ¹</span> <span class='ocrx_word' id='word_1_345' title='bbox 2866 1930 2964 2002; x_wconf 80' lang='grc' dir='ltr'>τὴν</span> <span class='ocrx_word' id='word_1_346' title='bbox 3013 1931 3213 2003; x_wconf 85' lang='grc' dir='ltr'>ἀρετὴν</span> <span class='ocrx_word' id='word_1_347' title='bbox 3247 1929 3554 2001; x_wconf 78' lang='grc' dir='ltr'>αἱρώμεθα.</span> <span class='ocrx_word' id='word_1_348' title='bbox 3619 1929 3714 1982; x_wconf 77' lang='grc' dir='ltr'>καὶ</span> 
     </span>
    </p>
   </div>
   <div class='ocr_carea' id='block_1_47' title="bbox 2121 2006 3716 2085">
    <p class='ocr_par' dir='ltr' id='par_1_47' title="bbox 2121 2006 3716 2085">
     <span class='ocr_line' id='line_1_47' title="bbox 2121 2006 3716 2085; baseline 0.003 -26"><span class='ocrx_word' id='word_1_349' title='bbox 2121 2006 2436 2079; x_wconf 84' lang='grc' dir='ltr'>δυνηθῶμεν</span> <span class='ocrx_word' id='word_1_350' title='bbox 2462 2011 2736 2083; x_wconf 79' lang='grc' dir='ltr'>ἐπιτυχεῖν</span> <span class='ocrx_word' id='word_1_351' title='bbox 2761 2013 2870 2068; x_wconf 90' lang='grc' dir='ltr'>τῶν</span> <span class='ocrx_word' id='word_1_352' title='bbox 2904 2015 3330 2085; x_wconf 86' lang='grc' dir='ltr'>ἐπηγγελμένων</span> <span class='ocrx_word' id='word_1_353' title='bbox 3359 2013 3578 2082; x_wconf 85' lang='grc' dir='ltr'>ἀγαθῶν</span> <span class='ocrx_word' id='word_1_354' title='bbox 3605 2014 3716 2074; x_wconf 91' lang='grc' dir='ltr'>τοῖς</span> 
     </span>
    </p>
   </div>
   <div class='ocr_carea' id='block_1_48' title="bbox 2123 2091 3442 2170">
    <p class='ocr_par' dir='ltr' id='par_1_48' title="bbox 2123 2091 3442 2170">
     <span class='ocr_line' id='line_1_48' title="bbox 2123 2091 3442 2170; baseline 0.008 -28"><span class='ocrx_word' id='word_1_355' title='bbox 2123 2091 2412 2160; x_wconf 86' lang='grc' dir='ltr'>ἀγαπῶσιν</span> <span class='ocrx_word' id='word_1_356' title='bbox 2465 2094 2649 2164; x_wconf 90' lang='grc' dir='ltr'>αὐτὸν,</span> <span class='ocrx_word' id='word_1_357' title='bbox 2689 2095 2872 2167; x_wconf 87' lang='grc' dir='ltr'>χάριτι</span> <span class='ocrx_word' id='word_1_358' title='bbox 2923 2101 3014 2153; x_wconf 74' lang='grc' dir='ltr'>καὶ</span> <span class='ocrx_word' id='word_1_359' title='bbox 3048 2097 3442 2170; x_wconf 81' lang='grc' dir='ltr'>φιλανθρωπία.</span> 
     </span>
    </p>
   </div>
   <div class='ocr_carea' id='block_1_49' title="bbox 2202 2305 3714 2373">
    <p class='ocr_par' dir='ltr' id='par_1_49' title="bbox 2202 2305 3714 2373">
     <span class='ocr_line' id='line_1_49' title="bbox 2202 2305 3714 2373; baseline 0.003 -19"><span class='ocrx_word' id='word_1_360' title='bbox 2202 2308 2228 2335; x_wconf 72' lang='grc' dir='ltr'>δι</span> <span class='ocrx_word' id='word_1_361' title='bbox 2254 2305 2338 2355; x_wconf 86' lang='lat' dir='ltr'>Sic</span> <span class='ocrx_word' id='word_1_362' title='bbox 2360 2319 2476 2356; x_wconf 82' lang='lat' dir='ltr'>mss.</span> <span class='ocrx_word' id='word_1_363' title='bbox 2501 2320 2694 2359; x_wconf 86' lang='lat' dir='ltr'>omnes.</span> <span class='ocrx_word' id='word_1_364' title='bbox 2719 2309 2852 2361; x_wconf 78' lang='lat' dir='ltr'>Editi</span> <span class='ocrx_word' id='word_1_365' title='bbox 2875 2323 3016 2370; x_wconf 77' lang='lat' dir='ltr'><strong>vero,</strong></span> <span class='ocrx_word' id='word_1_366' title='bbox 3059 2311 3146 2359; x_wconf 83' lang='grc' dir='ltr'>κᾶν</span> <span class='ocrx_word' id='word_1_367' title='bbox 3168 2311 3222 2360; x_wconf 83' lang='grc' dir='ltr'>ἐκ</span> <span class='ocrx_word' id='word_1_368' title='bbox 3241 2309 3327 2360; x_wconf 83' lang='grc' dir='ltr'>τοῦ</span> <span class='ocrx_word' id='word_1_369' title='bbox 3351 2309 3433 2359; x_wconf 87' lang='grc' dir='ltr'>νῦν</span> <span class='ocrx_word' id='word_1_370' title='bbox 3459 2310 3714 2373; x_wconf 66' lang='grc' dir='ltr'>ἀνανήφων</span> 
     </span>
    </p>
   </div>
   <div class='ocr_carea' id='block_1_50' title="bbox 2134 2383 2234 2428">
    <p class='ocr_par' dir='ltr' id='par_1_50' title="bbox 2134 2383 2234 2428">
     <span class='ocr_line' id='line_1_50' title="bbox 2134 2383 2234 2428; baseline 0.03 -15"><span class='ocrx_word' id='word_1_371' title='bbox 2134 2383 2234 2428; x_wconf 89' lang='grc' dir='ltr'>μεν.</span> 
     </span>
    </p>
   </div>
   <div class='ocr_carea' id='block_1_51' title="bbox 451 2566 3651 2614">
    <p class='ocr_par' dir='ltr' id='par_1_51' title="bbox 451 2566 3651 2614">
     <span class='ocr_line' id='line_1_51' title="bbox 451 2566 3651 2614; baseline 0.005 -27"><span class='ocrx_word' id='word_1_372' title='bbox 451 2566 3651 2614; x_wconf 83' lang='lat'>—__.______________________________</span> 
     </span>
    </p>
   </div>
   <div class='ocr_carea' id='block_1_52' title="bbox 1893 2665 2255 2720">
    <p class='ocr_par' dir='ltr' id='par_1_52' title="bbox 1893 2665 2255 2720">
     <span class='ocr_line' id='line_1_52' title="bbox 1893 2665 2255 2720; baseline 0.003 -2"><span class='ocrx_word' id='word_1_373' title='bbox 1893 2665 2137 2719; x_wconf 84' lang='lat' dir='ltr'>OMIAIA</span> <span class='ocrx_word' id='word_1_374' title='bbox 2179 2667 2255 2720; x_wconf 73' lang='grc' dir='ltr'>Γ.</span> 
     </span>
    </p>
   </div>
   <div class='ocr_carea' id='block_1_53' title="bbox 445 2789 2022 2867">
    <p class='ocr_par' dir='ltr' id='par_1_53' title="bbox 445 2789 2022 2867">
     <span class='ocr_line' id='line_1_53' title="bbox 445 2789 2022 2867; baseline 0.008 -23"><span class='ocrx_word' id='word_1_375' title='bbox 445 2789 675 2856; x_wconf 79' lang='grc' dir='ltr'>οἵτινες</span> <span class='ocrx_word' id='word_1_376' title='bbox 710 2791 886 2855; x_wconf 80' lang='grc' dir='ltr'>δίκην</span> <span class='ocrx_word' id='word_1_377' title='bbox 923 2794 1230 2860; x_wconf 81' lang='grc' dir='ltr'>τίσουσιν,</span> <span class='ocrx_word' id='word_1_378' title='bbox 1264 2796 1515 2864; x_wconf 84' lang='grc' dir='ltr'>ὄλεθρον</span> <span class='ocrx_word' id='word_1_379' title='bbox 1581 2799 1846 2867; x_wconf 71' lang='grc' dir='ltr'>αἰώνιον,</span> <span class='ocrx_word' id='word_1_380' title='bbox 1901 2803 2022 2858; x_wconf 81' lang='grc' dir='ltr'>ἀπὸ</span> 
     </span>
    </p>
   </div>
   <div class='ocr_carea' id='block_1_54' title="bbox 512 2873 2025 2954">
    <p class='ocr_par' dir='ltr' id='par_1_54' title="bbox 512 2873 2025 2954">
     <span class='ocr_line' id='line_1_54' title="bbox 512 2873 2025 2954; baseline 0.009 -27"><span class='ocrx_word' id='word_1_381' title='bbox 512 2873 837 2942; x_wconf 81' lang='grc' dir='ltr'>προσώπου</span> <span class='ocrx_word' id='word_1_382' title='bbox 886 2878 1130 2945; x_wconf 81' lang='grc' dir='ltr'>Κυρίου,</span> <span class='ocrx_word' id='word_1_383' title='bbox 1178 2879 1277 2932; x_wconf 80' lang='grc' dir='ltr'>καὶ</span> <span class='ocrx_word' id='word_1_384' title='bbox 1331 2881 1452 2934; x_wconf 79' lang='grc' dir='ltr'>ἀπὸ</span> <span class='ocrx_word' id='word_1_385' title='bbox 1497 2881 1606 2950; x_wconf 83' lang='grc' dir='ltr'>τῆς</span> <span class='ocrx_word' id='word_1_386' title='bbox 1673 2883 1854 2952; x_wconf 83' lang='grc' dir='ltr'>δόξης</span> <span class='ocrx_word' id='word_1_387' title='bbox 1913 2886 2025 2954; x_wconf 83' lang='grc' dir='ltr'>τῆς</span> 
     </span>
    </p>
   </div>
   <div class='ocr_carea' id='block_1_55' title="bbox 513 2958 2024 3036">
    <p class='ocr_par' dir='ltr' id='par_1_55' title="bbox 513 2958 2024 3036">
     <span class='ocr_line' id='line_1_55' title="bbox 513 2958 2024 3036; baseline 0.007 -26"><span class='ocrx_word' id='word_1_388' title='bbox 513 2958 728 3026; x_wconf 72' lang='grc' dir='ltr'>ἰσχύος</span> <span class='ocrx_word' id='word_1_389' title='bbox 750 2959 957 3023; x_wconf 85' lang='grc' dir='ltr'>αὐτοῦ,</span> <span class='ocrx_word' id='word_1_390' title='bbox 983 2960 1128 3014; x_wconf 82' lang='grc' dir='ltr'>ὅταν</span> <span class='ocrx_word' id='word_1_391' title='bbox 1157 2962 1306 3032; x_wconf 74' lang='grc' dir='ltr'>ἔλθῃ</span> <span class='ocrx_word' id='word_1_392' title='bbox 1341 2963 1786 3036; x_wconf 76' lang='grc' dir='ltr'>ἐνδοξασθῆναι</span> <span class='ocrx_word' id='word_1_393' title='bbox 1807 2968 1878 3021; x_wconf 86' lang='grc' dir='ltr'>ἐν</span> <span class='ocrx_word' id='word_1_394' title='bbox 1895 2968 2024 3034; x_wconf 84' lang='grc' dir='ltr'>τοῖς</span> 
     </span>
    </p>
   </div>
   <div class='ocr_carea' id='block_1_56' title="bbox 511 3040 2004 3119">
    <p class='ocr_par' dir='ltr' id='par_1_56' title="bbox 511 3040 2004 3119">
     <span class='ocr_line' id='line_1_56' title="bbox 511 3040 2004 3119; baseline 0.007 -25"><span class='ocrx_word' id='word_1_395' title='bbox 511 3040 705 3109; x_wconf 79' lang='grc' dir='ltr'>ἁγίοις</span> <span class='ocrx_word' id='word_1_396' title='bbox 741 3043 951 3106; x_wconf 81' lang='grc' dir='ltr'>αὑτοῦ,</span> <span class='ocrx_word' id='word_1_397' title='bbox 1005 3043 1104 3097; x_wconf 74' lang='grc' dir='ltr'>καὶ</span> <span class='ocrx_word' id='word_1_398' title='bbox 1131 3046 1550 3117; x_wconf 81' lang='grc' dir='ltr'>θαυμασθῆναι</span> <span class='ocrx_word' id='word_1_399' title='bbox 1576 3048 1648 3103; x_wconf 83' lang='grc' dir='ltr'>ἐν</span> <span class='ocrx_word' id='word_1_400' title='bbox 1693 3048 1847 3107; x_wconf 84' lang='grc' dir='ltr'>πᾶσι</span> <span class='ocrx_word' id='word_1_401' title='bbox 1880 3051 2004 3119; x_wconf 83' lang='grc' dir='ltr'>τοῖς</span> 
     </span>
    </p>
   </div>
   <div class='ocr_carea' id='block_1_57' title="bbox 512 3124 940 3178">
    <p class='ocr_par' dir='ltr' id='par_1_57' title="bbox 512 3124 940 3178">
     <span class='ocr_line' id='line_1_57' title="bbox 512 3124 940 3178; baseline 0.002 -2"><span class='ocrx_word' id='word_1_402' title='bbox 512 3124 940 3178; x_wconf 82' lang='grc' dir='ltr'>πιστεύσασιν.</span> 
     </span>
    </p>
   </div>
   <div class='ocr_carea' id='block_1_58' title="bbox 513 3229 2023 3305">
    <p class='ocr_par' dir='ltr' id='par_1_58' title="bbox 513 3229 2023 3305">
     <span class='ocr_line' id='line_1_58' title="bbox 513 3229 2023 3305; baseline 0.008 -23"><span class='ocrx_word' id='word_1_403' title='bbox 513 3234 585 3282; x_wconf 85' lang='grc' dir='ltr'>α’.</span> <span class='ocrx_word' id='word_1_404' title='bbox 627 3229 746 3282; x_wconf 75' lang='grc' dir='ltr'>Εἰσὶ</span> <span class='ocrx_word' id='word_1_405' title='bbox 778 3230 962 3283; x_wconf 62' lang='grc' dir='ltr'>πολλοὶ⁸</span> <span class='ocrx_word' id='word_1_406' title='bbox 992 3231 1100 3283; x_wconf 89' lang='grc' dir='ltr'>τῶν</span> <span class='ocrx_word' id='word_1_407' title='bbox 1126 3231 1448 3303; x_wconf 89' lang='grc' dir='ltr'>ἀνθρώπων,</span> <span class='ocrx_word' id='word_1_408' title='bbox 1471 3235 1520 3288; x_wconf 78' lang='grc' dir='ltr'>οἳ</span> <span class='ocrx_word' id='word_1_409' title='bbox 1541 3236 1640 3302; x_wconf 85' lang='grc' dir='ltr'>τὰς</span> <span class='ocrx_word' id='word_1_410' title='bbox 1674 3237 1896 3304; x_wconf 87' lang='grc' dir='ltr'>ἐλπίδας</span> <span class='ocrx_word' id='word_1_411' title='bbox 1921 3239 2023 3305; x_wconf 78' lang='grc' dir='ltr'>τὰς</span> 
     </span>
    </p>
   </div>
   <div class='ocr_carea' id='block_1_59' title="bbox 443 3311 2021 3392">
    <p class='ocr_par' dir='ltr' id='par_1_59' title="bbox 443 3311 2021 3392">
     <span class='ocr_line' id='line_1_59' title="bbox 443 3311 2021 3392; baseline 0.001 -17"><span class='ocrx_word' id='word_1_412' title='bbox 443 3311 688 3382; x_wconf 82' lang='grc' dir='ltr'>χρηστὰς</span> <span class='ocrx_word' id='word_1_413' title='bbox 714 3313 814 3365; x_wconf 73' lang='grc' dir='ltr'>οὐκ</span> <span class='ocrx_word' id='word_1_414' title='bbox 849 3313 908 3365; x_wconf 84' lang='grc' dir='ltr'>ὲν</span> <span class='ocrx_word' id='word_1_415' title='bbox 963 3313 1042 3383; x_wconf 84' lang='grc' dir='ltr'>τῷ</span> <span class='ocrx_word' id='word_1_416' title='bbox 1099 3314 1207 3367; x_wconf 90' lang='grc' dir='ltr'>τῶν</span> <span class='ocrx_word' id='word_1_417' title='bbox 1259 3315 1671 3388; x_wconf 83' lang='grc' dir='ltr'>ἁμαρτημάτων</span> <span class='ocrx_word' id='word_1_418' title='bbox 1721 3322 2021 3392; x_wconf 82' lang='grc' dir='ltr'>ἀπέχεσθαι</span> 
     </span>
    </p>
   </div>
   <div class='ocr_carea' id='block_1_60' title="bbox 444 3395 2021 3477">
    <p class='ocr_par' dir='ltr' id='par_1_60' title="bbox 444 3395 2021 3477">
     <span class='ocr_line' id='line_1_60' title="bbox 444 3395 2021 3477; baseline 0.01 -30"><span class='ocrx_word' id='word_1_419' title='bbox 444 3395 677 3477; x_wconf 72' lang='grc' dir='ltr'>ἔχουσιν,</span> <span class='ocrx_word' id='word_1_420' title='bbox 707 3395 823 3449; x_wconf 88' lang='grc' dir='ltr'>ἀλλ’</span> <span class='ocrx_word' id='word_1_421' title='bbox 847 3397 905 3448; x_wconf 91' lang='grc' dir='ltr'>ἐν</span> <span class='ocrx_word' id='word_1_422' title='bbox 934 3395 1014 3466; x_wconf 84' lang='grc' dir='ltr'>τῷ</span> <span class='ocrx_word' id='word_1_423' title='bbox 1033 3397 1272 3466; x_wconf 76' lang='grc' dir='ltr'>νομίζειν</span> <span class='ocrx_word' id='word_1_424' title='bbox 1301 3400 1400 3469; x_wconf 83' lang='grc' dir='ltr'>τὴν</span> <span class='ocrx_word' id='word_1_425' title='bbox 1429 3401 1653 3468; x_wconf 90' lang='grc' dir='ltr'>γέενναν</span> <span class='ocrx_word' id='word_1_426' title='bbox 1677 3405 1752 3475; x_wconf 85' lang='grc' dir='ltr'>μὴ</span> <span class='ocrx_word' id='word_1_427' title='bbox 1785 3405 2021 3477; x_wconf 82' lang='grc' dir='ltr'>σφοδράν</span> 
     </span>
    </p>
   </div>
   <div class='ocr_carea' id='block_1_61' title="bbox 443 3476 2020 3560">
    <p class='ocr_par' dir='ltr' id='par_1_61' title="bbox 443 3476 2020 3560">
     <span class='ocr_line' id='line_1_61' title="bbox 443 3476 2020 3560; baseline 0 -30"><span class='ocrx_word' id='word_1_428' title='bbox 443 3476 606 3542; x_wconf 75' lang='grc' dir='ltr'>εἶναι,</span> <span class='ocrx_word' id='word_1_429' title='bbox 634 3478 816 3542; x_wconf 87' lang='grc' dir='ltr'>καθὼς</span> <span class='ocrx_word' id='word_1_430' title='bbox 846 3477 1085 3546; x_wconf 88' lang='grc' dir='ltr'>λέγεται,</span> <span class='ocrx_word' id='word_1_431' title='bbox 1115 3480 1231 3534; x_wconf 80' lang='grc' dir='ltr'>ἀλλ’</span> <span class='ocrx_word' id='word_1_432' title='bbox 1258 3484 1622 3554; x_wconf 78' lang='grc' dir='ltr'>ήμερωτέραν</span> <span class='ocrx_word' id='word_1_433' title='bbox 1653 3488 1754 3557; x_wconf 81' lang='grc' dir='ltr'>τῆς</span> <span class='ocrx_word' id='word_1_434' title='bbox 1789 3476 2020 3560; x_wconf 70' lang='grc' dir='ltr'>ἠπειλη-</span> 
     </span>
    </p>
   </div>
   <div class='ocr_carea' id='block_1_62' title="bbox 447 3561 2022 3644">
    <p class='ocr_par' dir='ltr' id='par_1_62' title="bbox 447 3561 2022 3644">
     <span class='ocr_line' id='line_1_62' title="bbox 447 3561 2022 3644; baseline 0.009 -30"><span class='ocrx_word' id='word_1_435' title='bbox 447 3561 634 3633; x_wconf 83' lang='grc' dir='ltr'>μένης,</span> <span class='ocrx_word' id='word_1_436' title='bbox 662 3563 756 3616; x_wconf 80' lang='grc' dir='ltr'>καὶ</span> <span class='ocrx_word' id='word_1_437' title='bbox 785 3563 1140 3634; x_wconf 84' lang='grc' dir='ltr'>πρόσκαιρον,</span> <span class='ocrx_word' id='word_1_438' title='bbox 1167 3564 1268 3618; x_wconf 90' lang='grc' dir='ltr'>οὐκ</span> <span class='ocrx_word' id='word_1_439' title='bbox 1300 3566 1538 3635; x_wconf 83' lang='grc' dir='ltr'>αἰώνιον,</span> <span class='ocrx_word' id='word_1_440' title='bbox 1570 3571 1664 3624; x_wconf 76' lang='grc' dir='ltr'>καὶ</span> <span class='ocrx_word' id='word_1_441' title='bbox 1687 3570 1859 3626; x_wconf 86' lang='grc' dir='ltr'>πολλά</span> <span class='ocrx_word' id='word_1_442' title='bbox 1893 3574 2022 3644; x_wconf 79' lang='grc' dir='ltr'>περὶ</span> 
     </span>
    </p>
   </div>
   <div class='ocr_carea' id='block_1_63' title="bbox 442 3645 2022 3727">
    <p class='ocr_par' dir='ltr' id='par_1_63' title="bbox 442 3645 2022 3727">
     <span class='ocr_line' id='line_1_63' title="bbox 442 3645 2022 3727; baseline 0.007 -29"><span class='ocrx_word' id='word_1_443' title='bbox 442 3645 632 3699; x_wconf 90' lang='grc' dir='ltr'>τούτου</span> <span class='ocrx_word' id='word_1_444' title='bbox 658 3645 1058 3716; x_wconf 83' lang='grc' dir='ltr'>φιλοσοφοῦσιν.</span> <span class='ocrx_word' id='word_1_445' title='bbox 1095 3648 1236 3717; x_wconf 86' lang='grc' dir='ltr'>Ἐγὼ</span> <span class='ocrx_word' id='word_1_446' title='bbox 1267 3650 1368 3720; x_wconf 89' lang='grc' dir='ltr'>μὲν</span> <span class='ocrx_word' id='word_1_447' title='bbox 1393 3649 1489 3706; x_wconf 84' lang='grc' dir='ltr'>οὖν</span> <span class='ocrx_word' id='word_1_448' title='bbox 1530 3652 1591 3705; x_wconf 91' lang='grc' dir='ltr'>οὐ</span> <span class='ocrx_word' id='word_1_449' title='bbox 1632 3654 1793 3723; x_wconf 91' lang='grc' dir='ltr'>μόνον</span> <span class='ocrx_word' id='word_1_450' title='bbox 1815 3655 1898 3708; x_wconf 85' lang='grc' dir='ltr'>ὅτι</span> <span class='ocrx_word' id='word_1_451' title='bbox 1922 3657 2022 3727; x_wconf 89' lang='grc' dir='ltr'>τῆς</span> 
     </span>
    </p>
   </div>
   <div class='ocr_carea' id='block_1_64' title="bbox 444 3728 2019 3808">
    <p class='ocr_par' dir='ltr' id='par_1_64' title="bbox 444 3728 2019 3808">
     <span class='ocr_line' id='line_1_64' title="bbox 444 3728 2019 3808; baseline 0.006 -26"><span class='ocrx_word' id='word_1_452' title='bbox 444 3728 817 3802; x_wconf 79' lang='grc' dir='ltr'>ἡπειλημένης</span> <span class='ocrx_word' id='word_1_453' title='bbox 843 3730 944 3783; x_wconf 86' lang='grc' dir='ltr'>οὐκ</span> <span class='ocrx_word' id='word_1_454' title='bbox 970 3729 1117 3784; x_wconf 87' lang='grc' dir='ltr'>ἐστιν</span> <span class='ocrx_word' id='word_1_455' title='bbox 1152 3733 1501 3804; x_wconf 79' lang='grc' dir='ltr'>ἡμερωτέρα,</span> <span class='ocrx_word' id='word_1_456' title='bbox 1525 3736 1639 3790; x_wconf 86' lang='grc' dir='ltr'>ἀλλ’</span> <span class='ocrx_word' id='word_1_457' title='bbox 1666 3737 1748 3791; x_wconf 84' lang='grc' dir='ltr'>ὅτι</span> <span class='ocrx_word' id='word_1_458' title='bbox 1766 3739 1860 3791; x_wconf 82' lang='grc' dir='ltr'>καὶ</span> <span class='ocrx_word' id='word_1_459' title='bbox 1888 3756 2019 3808; x_wconf 82' lang='grc' dir='ltr'>σφο·</span> 
     </span>
    </p>
   </div>
   <div class='ocr_carea' id='block_1_65' title="bbox 442 3813 2024 3890">
    <p class='ocr_par' dir='ltr' id='par_1_65' title="bbox 442 3813 2024 3890">
     <span class='ocr_line' id='line_1_65' title="bbox 442 3813 2024 3890; baseline 0.006 -25"><span class='ocrx_word' id='word_1_460' title='bbox 442 3813 669 3883; x_wconf 84' lang='grc' dir='ltr'>δροτέρα</span> <span class='ocrx_word' id='word_1_461' title='bbox 708 3813 907 3884; x_wconf 84' lang='grc' dir='ltr'>πολλῷ,</span> <span class='ocrx_word' id='word_1_462' title='bbox 944 3814 1270 3885; x_wconf 86' lang='grc' dir='ltr'>πολλαχόθεν</span> <span class='ocrx_word' id='word_1_463' title='bbox 1303 3815 1411 3888; x_wconf 81' lang='grc' dir='ltr'>ἐχω</span> <span class='ocrx_word' id='word_1_464' title='bbox 1438 3819 1807 3890; x_wconf 87' lang='grc' dir='ltr'>παραστῆσαι,</span> <span class='ocrx_word' id='word_1_465' title='bbox 1842 3821 1937 3874; x_wconf 78' lang='grc' dir='ltr'>καὶ</span> <span class='ocrx_word' id='word_1_466' title='bbox 1962 3822 2024 3888; x_wconf 83' lang='grc' dir='ltr'>ἐξ</span> 
     </span>
    </p>
   </div>
   <div class='ocr_carea' id='block_1_66' title="bbox 444 3896 2019 3975">
    <p class='ocr_par' dir='ltr' id='par_1_66' title="bbox 444 3896 2019 3975">
     <span class='ocr_line' id='line_1_66' title="bbox 444 3896 2019 3975; baseline 0.007 -26"><span class='ocrx_word' id='word_1_467' title='bbox 444 3896 625 3949; x_wconf 87' lang='grc' dir='ltr'>αὐτῶν</span> <span class='ocrx_word' id='word_1_468' title='bbox 674 3897 1098 3968; x_wconf 86' lang='grc' dir='ltr'>συλλογίσασθαι</span> <span class='ocrx_word' id='word_1_469' title='bbox 1150 3900 1259 3955; x_wconf 91' lang='grc' dir='ltr'>τῶν</span> <span class='ocrx_word' id='word_1_470' title='bbox 1321 3901 1447 3971; x_wconf 78' lang='grc' dir='ltr'>περὶ</span> <span class='ocrx_word' id='word_1_471' title='bbox 1479 3902 1704 3973; x_wconf 90' lang='grc' dir='ltr'>γεέννης</span> <span class='ocrx_word' id='word_1_472' title='bbox 1739 3905 2019 3975; x_wconf 83' lang='grc' dir='ltr'>ῥημάτων.</span> 
     </span>
    </p>
   </div>
   <div class='ocr_carea' id='block_1_67' title="bbox 443 3980 2023 4059">
    <p class='ocr_par' dir='ltr' id='par_1_67' title="bbox 443 3980 2023 4059">
     <span class='ocr_line' id='line_1_67' title="bbox 443 3980 2023 4059; baseline 0.004 -26"><span class='ocrx_word' id='word_1_473' title='bbox 443 3981 592 4052; x_wconf 85' lang='grc' dir='ltr'>Πλὴν</span> <span class='ocrx_word' id='word_1_474' title='bbox 615 3980 730 4034; x_wconf 87' lang='grc' dir='ltr'>ἀλλ’</span> <span class='ocrx_word' id='word_1_475' title='bbox 760 3982 949 4036; x_wconf 84' lang='grc' dir='ltr'>οὐδένα</span> <span class='ocrx_word' id='word_1_476' title='bbox 981 3983 1336 4056; x_wconf 77' lang='grc' dir='ltr'>περὶτούτων</span> <span class='ocrx_word' id='word_1_477' title='bbox 1360 3985 1492 4039; x_wconf 89' lang='grc' dir='ltr'>κινῶ</span> <span class='ocrx_word' id='word_1_478' title='bbox 1515 3985 1672 4054; x_wconf 90' lang='grc' dir='ltr'>λόγον</span> <span class='ocrx_word' id='word_1_479' title='bbox 1699 3987 1793 4040; x_wconf 89' lang='grc' dir='ltr'>νῦν</span> <span class='ocrx_word' id='word_1_480' title='bbox 1822 4004 1837 4019; x_wconf 80' lang='grc' dir='ltr'><strong>ο</strong></span> <span class='ocrx_word' id='word_1_481' title='bbox 1861 3989 2023 4059; x_wconf 89' lang='grc' dir='ltr'>ἀρκεῖ</span> 
     </span>
    </p>
   </div>
   <div class='ocr_carea' id='block_1_68' title="bbox 448 4066 2021 4143">
    <p class='ocr_par' dir='ltr' id='par_1_68' title="bbox 448 4066 2021 4143">
     <span class='ocr_line' id='line_1_68' title="bbox 448 4066 2021 4143; baseline 0.004 -25"><span class='ocrx_word' id='word_1_482' title='bbox 448 4067 553 4136; x_wconf 78' lang='grc' dir='ltr'>γάρ</span> <span class='ocrx_word' id='word_1_483' title='bbox 575 4068 603 4120; x_wconf 89' lang='lat'>6</span> <span class='ocrx_word' id='word_1_484' title='bbox 641 4066 733 4120; x_wconf 78' lang='grc' dir='ltr'>καὶ</span> <span class='ocrx_word' id='word_1_485' title='bbox 754 4067 861 4121; x_wconf 87' lang='grc' dir='ltr'>ἀπὸ</span> <span class='ocrx_word' id='word_1_486' title='bbox 894 4066 1064 4136; x_wconf 77' lang='grc' dir='ltr'>ψιλῶν</span> <span class='ocrx_word' id='word_1_487' title='bbox 1105 4069 1368 4140; x_wconf 78' lang='grc' dir='ltr'>ῥημάτων</span> <span class='ocrx_word' id='word_1_488' title='bbox 1400 4070 1584 4140; x_wconf 82' lang='grc' dir='ltr'>φόόος,</span> <span class='ocrx_word' id='word_1_489' title='bbox 1640 4071 1744 4125; x_wconf 83' lang='grc' dir='ltr'>κᾶν</span> <span class='ocrx_word' id='word_1_490' title='bbox 1795 4070 1871 4143; x_wconf 84' lang='grc' dir='ltr'>μὴ</span> <span class='ocrx_word' id='word_1_491' title='bbox 1929 4071 2021 4125; x_wconf 84' lang='grc' dir='ltr'>τὸν</span> 
     </span>
    </p>
   </div>
   <div class='ocr_carea' id='block_1_69' title="bbox 442 4149 2023 4225">
    <p class='ocr_par' dir='ltr' id='par_1_69' title="bbox 442 4149 2023 4225">
     <span class='ocr_line' id='line_1_69' title="bbox 442 4149 2023 4225; baseline 0.003 -22"><span class='ocrx_word' id='word_1_492' title='bbox 442 4152 567 4203; x_wconf 85' lang='grc' dir='ltr'>νοῦν</span> <span class='ocrx_word' id='word_1_493' title='bbox 600 4149 776 4204; x_wconf 92' lang='grc' dir='ltr'>αὐτῶν</span> <span class='ocrx_word' id='word_1_494' title='bbox 805 4151 1221 4221; x_wconf 83' lang='grc' dir='ltr'>ἀναπτύξωμεν.</span> <span class='ocrx_word' id='word_1_495' title='bbox 1246 4152 1368 4206; x_wconf 85' lang='grc' dir='ltr'>Ὅτι</span> <span class='ocrx_word' id='word_1_496' title='bbox 1395 4153 1450 4207; x_wconf 87' lang='grc' dir='ltr'>δὲ</span> <span class='ocrx_word' id='word_1_497' title='bbox 1480 4154 1581 4207; x_wconf 89' lang='grc' dir='ltr'>οὐκ</span> <span class='ocrx_word' id='word_1_498' title='bbox 1607 4154 1724 4208; x_wconf 76' lang='grc' dir='ltr'>ἐστι</span> <span class='ocrx_word' id='word_1_499' title='bbox 1756 4155 2023 4225; x_wconf 87' lang='grc' dir='ltr'>πρόσκαι-</span> 
     </span>
    </p>
   </div>
   <div class='ocr_carea' id='block_1_70' title="bbox 447 4232 2021 4310">
    <p class='ocr_par' dir='ltr' id='par_1_70' title="bbox 447 4232 2021 4310">
     <span class='ocr_line' id='line_1_70' title="bbox 447 4232 2021 4310; baseline 0.004 -25"><span class='ocrx_word' id='word_1_500' title='bbox 447 4249 560 4303; x_wconf 88' lang='grc' dir='ltr'>ρος,</span> <span class='ocrx_word' id='word_1_501' title='bbox 596 4233 825 4286; x_wconf 83' lang='grc' dir='ltr'>ἄκουσον</span> <span class='ocrx_word' id='word_1_502' title='bbox 853 4232 947 4286; x_wconf 91' lang='grc' dir='ltr'>τοῦ</span> <span class='ocrx_word' id='word_1_503' title='bbox 983 4234 1194 4289; x_wconf 89' lang='grc' dir='ltr'>Παύλου</span> <span class='ocrx_word' id='word_1_504' title='bbox 1227 4235 1475 4304; x_wconf 87' lang='grc' dir='ltr'>λέγοντος</span> <span class='ocrx_word' id='word_1_505' title='bbox 1504 4238 1601 4294; x_wconf 89' lang='grc' dir='ltr'>νῦν</span> <span class='ocrx_word' id='word_1_506' title='bbox 1639 4239 1768 4310; x_wconf 69' lang='grc' dir='ltr'>περὶ</span> <span class='ocrx_word' id='word_1_507' title='bbox 1792 4239 1901 4292; x_wconf 92' lang='grc' dir='ltr'>τῶν</span> <span class='ocrx_word' id='word_1_508' title='bbox 1944 4241 2021 4310; x_wconf 80' lang='grc' dir='ltr'>μὴ</span> 
     </span>
    </p>
   </div>
   <div class='ocr_carea' id='block_1_71' title="bbox 441 4315 2022 4393">
    <p class='ocr_par' dir='ltr' id='par_1_71' title="bbox 441 4315 2022 4393">
     <span class='ocr_line' id='line_1_71' title="bbox 441 4315 2022 4393; baseline 0.004 -25"><span class='ocrx_word' id='word_1_509' title='bbox 441 4315 658 4371; x_wconf 68' lang='grc' dir='ltr'>εἰδότων</span> <span class='ocrx_word' id='word_1_510' title='bbox 677 4315 767 4370; x_wconf 91' lang='grc' dir='ltr'>τὸν</span> <span class='ocrx_word' id='word_1_511' title='bbox 798 4316 949 4380; x_wconf 87' lang='grc' dir='ltr'>Θεὸν,</span> <span class='ocrx_word' id='word_1_512' title='bbox 976 4317 1109 4387; x_wconf 83' lang='grc' dir='ltr'>μηδὲ</span> <span class='ocrx_word' id='word_1_513' title='bbox 1135 4321 1494 4375; x_wconf 88' lang='grc' dir='ltr'>πιστευόντων</span> <span class='ocrx_word' id='word_1_514' title='bbox 1515 4323 1571 4376; x_wconf 82' lang='grc' dir='ltr'>ἐν</span> <span class='ocrx_word' id='word_1_515' title='bbox 1590 4321 1668 4393; x_wconf 84' lang='grc' dir='ltr'>τῷ</span> <span class='ocrx_word' id='word_1_516' title='bbox 1686 4322 2022 4393; x_wconf 87' lang='grc' dir='ltr'>Εὐαγγελίῳ,</span> 
     </span>
    </p>
   </div>
   <div class='ocr_carea' id='block_1_72' title="bbox 441 4399 2022 4473">
    <p class='ocr_par' dir='ltr' id='par_1_72' title="bbox 441 4399 2022 4473">
     <span class='ocr_line' id='line_1_72' title="bbox 441 4399 2022 4473; baseline 0.004 -19"><span class='ocrx_word' id='word_1_517' title='bbox 441 4400 524 4454; x_wconf 81' lang='grc' dir='ltr'>ὅτι</span> <span class='ocrx_word' id='word_1_518' title='bbox 558 4399 714 4467; x_wconf 88' lang='grc' dir='ltr'>δίκην</span> <span class='ocrx_word' id='word_1_519' title='bbox 746 4400 1008 4468; x_wconf 85' lang='grc' dir='ltr'>τίσουσιν,</span> <span class='ocrx_word' id='word_1_520' title='bbox 1031 4401 1249 4473; x_wconf 75' lang='grc' dir='ltr'>ὄλεθρον</span> <span class='ocrx_word' id='word_1_521' title='bbox 1288 4404 1526 4460; x_wconf 85' lang='grc' dir='ltr'>αἰώνιον.</span> <span class='ocrx_word' id='word_1_522' title='bbox 1574 4407 1647 4460; x_wconf 90' lang='grc' dir='ltr'>Τὸ</span> <span class='ocrx_word' id='word_1_523' title='bbox 1675 4406 1892 4460; x_wconf 82' lang='grc' dir='ltr'>αἰώνιον</span> <span class='ocrx_word' id='word_1_524' title='bbox 1928 4402 2022 4460; x_wconf 81' lang='grc' dir='ltr'>οὖν</span> 
     </span>
    </p>
   </div>
   <div class='ocr_carea' id='block_1_73' title="bbox 442 4483 2020 4559">
    <p class='ocr_par' dir='ltr' id='par_1_73' title="bbox 442 4483 2020 4559">
     <span class='ocr_line' id='line_1_73' title="bbox 442 4483 2020 4559; baseline 0.004 -22"><span class='ocrx_word' id='word_1_525' title='bbox 442 4483 559 4546; x_wconf 86' lang='grc' dir='ltr'>πῶς</span> <span class='ocrx_word' id='word_1_526' title='bbox 576 4483 912 4554; x_wconf 87' lang='grc' dir='ltr'>πρόσκαιρον</span> <span class='ocrx_word' id='word_1_527' title='bbox 933 4500 947 4549; x_wconf 88' lang='grc'><strong>;</strong></span> <span class='ocrx_word' id='word_1_528' title='bbox 965 4484 1100 4538; x_wconf 83' lang='grc' dir='ltr'>Ἀπὸ</span> <span class='ocrx_word' id='word_1_529' title='bbox 1120 4487 1467 4554; x_wconf 83' lang='grc' dir='ltr'>προσώπου,</span> <span class='ocrx_word' id='word_1_530' title='bbox 1489 4489 1643 4559; x_wconf 75' lang='grc' dir='ltr'>φησὶ.</span> <span class='ocrx_word' id='word_1_531' title='bbox 1659 4489 1767 4544; x_wconf 88' lang='grc' dir='ltr'>τοῦ</span> <span class='ocrx_word' id='word_1_532' title='bbox 1776 4491 2020 4559; x_wconf 86' lang='grc' dir='ltr'>Κυρίου.</span> 
     </span>
    </p>
   </div>
   <div class='ocr_carea' id='block_1_74' title="bbox 441 4565 2020 4642">
    <p class='ocr_par' dir='ltr' id='par_1_74' title="bbox 441 4565 2020 4642">
     <span class='ocr_line' id='line_1_74' title="bbox 441 4565 2020 4642; baseline 0.004 -23"><span class='ocrx_word' id='word_1_533' title='bbox 441 4566 508 4619; x_wconf 90' lang='grc' dir='ltr'>Τί</span> <span class='ocrx_word' id='word_1_534' title='bbox 534 4567 652 4619; x_wconf 82' lang='grc' dir='ltr'>ἐστι</span> <span class='ocrx_word' id='word_1_535' title='bbox 689 4565 884 4634; x_wconf 89' lang='grc' dir='ltr'>τοῦτο;</span> <span class='ocrx_word' id='word_1_536' title='bbox 917 4568 982 4621; x_wconf 87' lang='grc' dir='ltr'>Τί</span> <span class='ocrx_word' id='word_1_537' title='bbox 1019 4566 1239 4623; x_wconf 76' lang='grc' dir='ltr'>εὔκολον</span> <span class='ocrx_word' id='word_1_538' title='bbox 1267 4570 1499 4624; x_wconf 84' lang='grc' dir='ltr'>ἐνταῦθα</span> <span class='ocrx_word' id='word_1_539' title='bbox 1533 4571 1780 4642; x_wconf 90' lang='grc' dir='ltr'>βούλεται</span> <span class='ocrx_word' id='word_1_540' title='bbox 1812 4574 2020 4638; x_wconf 86' lang='grc' dir='ltr'>είπεῖν;</span> 
     </span>
    </p>
   </div>
   <div class='ocr_carea' id='block_1_75' title="bbox 454 4651 2023 4723">
    <p class='ocr_par' dir='ltr' id='par_1_75' title="bbox 454 4651 2023 4723">
     <span class='ocr_line' id='line_1_75' title="bbox 454 4651 2023 4723; baseline 0.004 -19"><span class='ocrx_word' id='word_1_541' title='bbox 454 4651 672 4723; x_wconf 83' lang='grc' dir='ltr'>Ἐπειδὴ</span> <span class='ocrx_word' id='word_1_542' title='bbox 700 4651 809 4723; x_wconf 82' lang='grc' dir='ltr'>γὰρ</span> <span class='ocrx_word' id='word_1_543' title='bbox 836 4653 979 4723; x_wconf 87' lang='grc' dir='ltr'>μέγα</span> <span class='ocrx_word' id='word_1_544' title='bbox 1003 4651 1216 4722; x_wconf 90' lang='grc' dir='ltr'>ἐφύσων</span> <span class='ocrx_word' id='word_1_545' title='bbox 1252 4654 1375 4708; x_wconf 87' lang='grc' dir='ltr'>τότε</span> <span class='ocrx_word' id='word_1_546' title='bbox 1419 4655 1792 4722; x_wconf 91' lang='grc' dir='ltr'>πλουτοῦντες,</span> <span class='ocrx_word' id='word_1_547' title='bbox 1822 4658 1880 4710; x_wconf 92' lang='grc' dir='ltr'>οὐ</span> <span class='ocrx_word' id='word_1_548' title='bbox 1919 4656 2023 4721; x_wconf 85' lang='grc' dir='ltr'>δεῖ,</span> 
     </span>
    </p>
   </div>
   <div class='ocr_carea' id='block_1_76' title="bbox 442 4735 2024 4813">
    <p class='ocr_par' dir='ltr' id='par_1_76' title="bbox 442 4735 2024 4813">
     <span class='ocr_line' id='line_1_76' title="bbox 442 4735 2024 4813; baseline 0.004 -26"><span class='ocrx_word' id='word_1_549' title='bbox 442 4735 629 4805; x_wconf 79' lang='grc' dir='ltr'>φησὶν,</span> <span class='ocrx_word' id='word_1_550' title='bbox 678 4736 878 4806; x_wconf 85' lang='grc' dir='ltr'>πολλῆς</span> <span class='ocrx_word' id='word_1_551' title='bbox 921 4738 1208 4808; x_wconf 84' lang='grc' dir='ltr'>ἐργωδίας,</span> <span class='ocrx_word' id='word_1_552' title='bbox 1265 4738 1381 4792; x_wconf 88' lang='grc' dir='ltr'>ἀλλ’</span> <span class='ocrx_word' id='word_1_553' title='bbox 1412 4740 1574 4811; x_wconf 85' lang='grc' dir='ltr'>ἀρκεῖ</span> <span class='ocrx_word' id='word_1_554' title='bbox 1618 4741 2024 4813; x_wconf 86' lang='grc' dir='ltr'>παραγενέσθαι</span> 
     </span>
    </p>
   </div>
   <div class='ocr_carea' id='block_1_77' title="bbox 445 4818 2024 4890">
    <p class='ocr_par' dir='ltr' id='par_1_77' title="bbox 445 4818 2024 4890">
     <span class='ocr_line' id='line_1_77' title="bbox 445 4818 2024 4890; baseline 0.004 -19"><span class='ocrx_word' id='word_1_555' title='bbox 445 4819 605 4888; x_wconf 89' lang='grc' dir='ltr'>μόνον</span> <span class='ocrx_word' id='word_1_556' title='bbox 637 4819 731 4872; x_wconf 77' lang='grc' dir='ltr'>καὶ</span> <span class='ocrx_word' id='word_1_557' title='bbox 755 4818 987 4890; x_wconf 88' lang='grc' dir='ltr'>ὀφθῆναι</span> <span class='ocrx_word' id='word_1_558' title='bbox 1013 4820 1103 4874; x_wconf 90' lang='grc' dir='ltr'>τὸν</span> <span class='ocrx_word' id='word_1_559' title='bbox 1131 4820 1282 4889; x_wconf 88' lang='grc' dir='ltr'>Θεὸν,</span> <span class='ocrx_word' id='word_1_560' title='bbox 1315 4822 1409 4876; x_wconf 78' lang='grc' dir='ltr'>καὶ</span> <span class='ocrx_word' id='word_1_561' title='bbox 1453 4823 1656 4887; x_wconf 85' lang='grc' dir='ltr'>πάντες</span> <span class='ocrx_word' id='word_1_562' title='bbox 1695 4826 1754 4878; x_wconf 86' lang='grc' dir='ltr'>ἐν</span> <span class='ocrx_word' id='word_1_563' title='bbox 1802 4824 2024 4879; x_wconf 90' lang='grc' dir='ltr'>κολάσει</span> 
     </span>
    </p>
   </div>
   <div class='ocr_carea' id='block_1_78' title="bbox 441 4903 2024 4979">
    <p class='ocr_par' dir='ltr' id='par_1_78' title="bbox 441 4903 2024 4979">
     <span class='ocr_line' id='line_1_78' title="bbox 441 4903 2024 4979; baseline 0.004 -23"><span class='ocrx_word' id='word_1_564' title='bbox 441 4904 536 4956; x_wconf 75' lang='grc' dir='ltr'>καὶ</span> <span class='ocrx_word' id='word_1_565' title='bbox 563 4903 804 4975; x_wconf 82' lang='grc' dir='ltr'>τιμωρίᾳ</span> <span class='ocrx_word' id='word_1_566' title='bbox 847 4905 1105 4972; x_wconf 88' lang='grc' dir='ltr'>γίνονται.</span> <span class='ocrx_word' id='word_1_567' title='bbox 1149 4905 1215 4958; x_wconf 84' lang='grc' dir='ltr'><strong>Ἦ</strong></span> <span class='ocrx_word' id='word_1_568' title='bbox 1248 4906 1522 4977; x_wconf 89' lang='grc' dir='ltr'>παρουσία</span> <span class='ocrx_word' id='word_1_569' title='bbox 1565 4907 1730 4961; x_wconf 89' lang='grc' dir='ltr'>αὐτοῦ</span> <span class='ocrx_word' id='word_1_570' title='bbox 1779 4910 1892 4971; x_wconf 88' lang='grc' dir='ltr'>τοῖς</span> <span class='ocrx_word' id='word_1_571' title='bbox 1925 4910 2024 4979; x_wconf 87' lang='grc' dir='ltr'>μὲν</span> 
     </span>
    </p>
   </div>
   <div class='ocr_carea' id='block_1_79' title="bbox 441 4987 2022 5063">
    <p class='ocr_par' dir='ltr' id='par_1_79' title="bbox 441 4987 2022 5063">
     <span class='ocr_line' id='line_1_79' title="bbox 441 4987 2022 5063; baseline 0.004 -23"><span class='ocrx_word' id='word_1_572' title='bbox 441 4987 558 5056; x_wconf 79' lang='grc' dir='ltr'>φῶς</span> <span class='ocrx_word' id='word_1_573' title='bbox 575 4987 747 5051; x_wconf 78' lang='grc' dir='ltr'>ἔσται,</span> <span class='ocrx_word' id='word_1_574' title='bbox 770 4990 882 5051; x_wconf 89' lang='grc' dir='ltr'>τοῖς</span> <span class='ocrx_word' id='word_1_575' title='bbox 902 4988 958 5041; x_wconf 86' lang='grc' dir='ltr'>δὲ</span> <span class='ocrx_word' id='word_1_576' title='bbox 975 4989 1236 5060; x_wconf 90' lang='grc' dir='ltr'>τιμωρία.</span> <span class='ocrx_word' id='word_1_577' title='bbox 1259 4991 1368 5044; x_wconf 77' lang='grc' dir='ltr'>Καὶ</span> <span class='ocrx_word' id='word_1_578' title='bbox 1387 4990 1503 5044; x_wconf 82' lang='grc' dir='ltr'>ἀπὸ</span> <span class='ocrx_word' id='word_1_579' title='bbox 1527 4989 1637 5060; x_wconf 83' lang='grc' dir='ltr'>τῆς</span> <span class='ocrx_word' id='word_1_580' title='bbox 1653 4990 1854 5060; x_wconf 84' lang='grc' dir='ltr'>δόξης,</span> <span class='ocrx_word' id='word_1_581' title='bbox 1869 4990 2022 5063; x_wconf 69' lang='grc'>[523]</span> 
     </span>
    </p>
   </div>
   <div class='ocr_carea' id='block_1_80' title="bbox 443 5070 2025 5143">
    <p class='ocr_par' dir='ltr' id='par_1_80' title="bbox 443 5070 2025 5143">
     <span class='ocr_line' id='line_1_80' title="bbox 443 5070 2025 5143; baseline 0.003 -19"><span class='ocrx_word' id='word_1_582' title='bbox 443 5073 601 5141; x_wconf 67' lang='grc' dir='ltr'>φησὶ,</span> <span class='ocrx_word' id='word_1_583' title='bbox 631 5070 742 5140; x_wconf 84' lang='grc' dir='ltr'>τῆς</span> <span class='ocrx_word' id='word_1_584' title='bbox 770 5072 983 5141; x_wconf 75' lang='grc' dir='ltr'>ἰσχύος</span> <span class='ocrx_word' id='word_1_585' title='bbox 1008 5072 1218 5138; x_wconf 86' lang='grc' dir='ltr'>αὑτοῦ,</span> <span class='ocrx_word' id='word_1_586' title='bbox 1239 5072 1385 5127; x_wconf 84' lang='grc' dir='ltr'>ὅταν</span> <span class='ocrx_word' id='word_1_587' title='bbox 1413 5075 1560 5143; x_wconf 76' lang='grc' dir='ltr'>ἔλθῃ</span> <span class='ocrx_word' id='word_1_588' title='bbox 1583 5073 2025 5142; x_wconf 79' lang='grc' dir='ltr'>ἐνδοξασθῆναι</span> 
     </span>
    </p>
   </div>
   <div class='ocr_carea' id='block_1_81' title="bbox 439 5156 2024 5228">
    <p class='ocr_par' dir='ltr' id='par_1_81' title="bbox 439 5156 2024 5228">
     <span class='ocr_line' id='line_1_81' title="bbox 439 5156 2024 5228; baseline 0.001 -18"><span class='ocrx_word' id='word_1_589' title='bbox 439 5157 511 5210; x_wconf 79' lang='grc' dir='ltr'>ἐν</span> <span class='ocrx_word' id='word_1_590' title='bbox 539 5156 663 5223; x_wconf 84' lang='grc' dir='ltr'>τοῖς</span> <span class='ocrx_word' id='word_1_591' title='bbox 697 5157 887 5225; x_wconf 85' lang='grc' dir='ltr'>ἁγίοις</span> <span class='ocrx_word' id='word_1_592' title='bbox 911 5156 1120 5223; x_wconf 82' lang='grc' dir='ltr'>αὐτοῦ,</span> <span class='ocrx_word' id='word_1_593' title='bbox 1165 5156 1264 5210; x_wconf 78' lang='grc' dir='ltr'>καὶ</span> <span class='ocrx_word' id='word_1_594' title='bbox 1307 5157 1728 5228; x_wconf 81' lang='grc' dir='ltr'>θαυμασθῆναι</span> <span class='ocrx_word' id='word_1_595' title='bbox 1765 5157 1836 5213; x_wconf 83' lang='grc' dir='ltr'>ἐν</span> <span class='ocrx_word' id='word_1_596' title='bbox 1871 5158 2024 5212; x_wconf 84' lang='grc' dir='ltr'>πᾶσι</span> 
     </span>
    </p>
   </div>
   <div class='ocr_carea' id='block_1_82' title="bbox 443 5239 2019 5310">
    <p class='ocr_par' dir='ltr' id='par_1_82' title="bbox 443 5239 2019 5310">
     <span class='ocr_line' id='line_1_82' title="bbox 443 5239 2019 5310; baseline 0.001 -16"><span class='ocrx_word' id='word_1_597' title='bbox 443 5240 567 5305; x_wconf 84' lang='grc' dir='ltr'>τοῖς</span> <span class='ocrx_word' id='word_1_598' title='bbox 589 5240 980 5294; x_wconf 82' lang='grc' dir='ltr'>πιστεύσασι.</span> <span class='ocrx_word' id='word_1_599' title='bbox 1008 5239 1072 5291; x_wconf 92' lang='grc' dir='ltr'>Τί</span> <span class='ocrx_word' id='word_1_600' title='bbox 1094 5239 1274 5308; x_wconf 89' lang='grc' dir='ltr'>λέγεις</span> <span class='ocrx_word' id='word_1_601' title='bbox 1296 5257 1311 5306; x_wconf 89' lang='grc'>;</span> <span class='ocrx_word' id='word_1_602' title='bbox 1334 5240 1467 5305; x_wconf 84' lang='grc' dir='ltr'>Θεὸς</span> <span class='ocrx_word' id='word_1_603' title='bbox 1489 5241 1828 5306; x_wconf 83' lang='grc' dir='ltr'>ἐνδοξάζεται</span> <span class='ocrx_word' id='word_1_604' title='bbox 1849 5261 1865 5310; x_wconf 88' lang='grc'>;</span> <span class='ocrx_word' id='word_1_605' title='bbox 1893 5243 2019 5307; x_wconf 81' lang='grc' dir='ltr'>Ναὶ,</span> 
     </span>
    </p>
   </div>
   <div class='ocr_carea' id='block_1_83' title="bbox 452 5321 2020 5394">
    <p class='ocr_par' dir='ltr' id='par_1_83' title="bbox 452 5321 2020 5394">
     <span class='ocr_line' id='line_1_83' title="bbox 452 5321 2020 5394; baseline 0.002 -17"><span class='ocrx_word' id='word_1_606' title='bbox 452 5323 558 5378; x_wconf 84' lang='grc' dir='ltr'>Ἐν</span> <span class='ocrx_word' id='word_1_607' title='bbox 580 5321 753 5390; x_wconf 79' lang='grc' dir='ltr'>πᾶσι,</span> <span class='ocrx_word' id='word_1_608' title='bbox 788 5324 956 5394; x_wconf 84' lang='grc' dir='ltr'>φησὶ,</span> <span class='ocrx_word' id='word_1_609' title='bbox 1006 5321 1131 5389; x_wconf 79' lang='grc' dir='ltr'>τοῖς</span> <span class='ocrx_word' id='word_1_610' title='bbox 1189 5325 1379 5393; x_wconf 78' lang='grc' dir='ltr'>ἁγίοις</span> <span class='ocrx_word' id='word_1_611' title='bbox 1429 5327 1636 5382; x_wconf 87' lang='grc' dir='ltr'>αὐτοῦ.</span> <span class='ocrx_word' id='word_1_612' title='bbox 1660 5325 1815 5394; x_wconf 86' lang='grc' dir='ltr'>Πῶς;</span> <span class='ocrx_word' id='word_1_613' title='bbox 1851 5326 2020 5380; x_wconf 78' lang='grc' dir='ltr'>Ὅταν</span> 
     </span>
    </p>
   </div>
   <div class='ocr_carea' id='block_1_84' title="bbox 441 5407 2024 5480">
    <p class='ocr_par' dir='ltr' id='par_1_84' title="bbox 441 5407 2024 5480">
     <span class='ocr_line' id='line_1_84' title="bbox 441 5407 2024 5480; baseline 0.003 -20"><span class='ocrx_word' id='word_1_614' title='bbox 441 5407 552 5478; x_wconf 83' lang='grc' dir='ltr'>γὰρ</span> <span class='ocrx_word' id='word_1_615' title='bbox 592 5407 775 5461; x_wconf 87' lang='grc' dir='ltr'>ίδωσιν</span> <span class='ocrx_word' id='word_1_616' title='bbox 805 5408 854 5461; x_wconf 86' lang='grc' dir='ltr'>οί</span> <span class='ocrx_word' id='word_1_617' title='bbox 898 5407 1043 5478; x_wconf 88' lang='grc' dir='ltr'>μέγα</span> <span class='ocrx_word' id='word_1_618' title='bbox 1087 5407 1367 5476; x_wconf 90' lang='grc' dir='ltr'>φυσῶντες</span> <span class='ocrx_word' id='word_1_619' title='bbox 1417 5409 1542 5474; x_wconf 84' lang='grc' dir='ltr'>τοὺς</span> <span class='ocrx_word' id='word_1_620' title='bbox 1596 5410 2024 5480; x_wconf 82' lang='grc' dir='ltr'>μαστιζομένους</span> 
     </span>
    </p>
   </div>
   <div class='ocr_carea' id='block_1_85' title="bbox 442 5490 2024 5563">
    <p class='ocr_par' dir='ltr' id='par_1_85' title="bbox 442 5490 2024 5563">
     <span class='ocr_line' id='line_1_85' title="bbox 442 5490 2024 5563; baseline 0.003 -19"><span class='ocrx_word' id='word_1_621' title='bbox 442 5490 534 5544; x_wconf 83' lang='grc' dir='ltr'>ὑπ’</span> <span class='ocrx_word' id='word_1_622' title='bbox 556 5491 754 5556; x_wconf 90' lang='grc' dir='ltr'>αὐτῶν,</span> <span class='ocrx_word' id='word_1_623' title='bbox 780 5493 906 5554; x_wconf 78' lang='grc' dir='ltr'>τοὺς</span> <span class='ocrx_word' id='word_1_624' title='bbox 927 5491 1491 5563; x_wconf 84' lang='grc' dir='ltr'>καταφρονουμένους,</span> <span class='ocrx_word' id='word_1_625' title='bbox 1534 5495 1659 5555; x_wconf 83' lang='grc' dir='ltr'>τοὺς</span> <span class='ocrx_word' id='word_1_626' title='bbox 1712 5495 2024 5563; x_wconf 88' lang='grc' dir='ltr'>καταγελω-</span> 
     </span>
    </p>
   </div>
   <div class='ocr_carea' id='block_1_86' title="bbox 445 5574 2024 5646">
    <p class='ocr_par' dir='ltr' id='par_1_86' title="bbox 445 5574 2024 5646">
     <span class='ocr_line' id='line_1_86' title="bbox 445 5574 2024 5646; baseline 0.003 -18"><span class='ocrx_word' id='word_1_627' title='bbox 445 5575 660 5644; x_wconf 81' lang='grc' dir='ltr'>μένους,</span> <span class='ocrx_word' id='word_1_628' title='bbox 694 5574 917 5638; x_wconf 88' lang='grc' dir='ltr'>τούτους</span> <span class='ocrx_word' id='word_1_629' title='bbox 938 5577 1105 5644; x_wconf 81' lang='grc' dir='ltr'>ἐγγὺς</span> <span class='ocrx_word' id='word_1_630' title='bbox 1153 5574 1312 5638; x_wconf 75' lang='grc' dir='ltr'>ὄντας</span> <span class='ocrx_word' id='word_1_631' title='bbox 1351 5575 1537 5643; x_wconf 87' lang='grc' dir='ltr'>αὐτοῦ,</span> <span class='ocrx_word' id='word_1_632' title='bbox 1585 5577 1712 5641; x_wconf 79' lang='grc' dir='ltr'>δόξα</span> <span class='ocrx_word' id='word_1_633' title='bbox 1742 5578 1907 5631; x_wconf 89' lang='grc' dir='ltr'>αὐτοῦ</span> <span class='ocrx_word' id='word_1_634' title='bbox 1938 5580 2024 5646; x_wconf 78' lang='grc' dir='ltr'>γίο</span> 
     </span>
    </p>
   </div>
   <div class='ocr_carea' id='block_1_87' title="bbox 441 5657 2029 5729">
    <p class='ocr_par' dir='ltr' id='par_1_87' title="bbox 441 5657 2029 5729">
     <span class='ocr_line' id='line_1_87' title="bbox 441 5657 2029 5729; baseline 0.006 -21"><span class='ocrx_word' id='word_1_635' title='bbox 441 5674 591 5712; x_wconf 87' lang='grc' dir='ltr'>νεται</span> <span class='ocrx_word' id='word_1_636' title='bbox 616 5673 631 5688; x_wconf 89' lang='grc'><strong>·</strong></span> <span class='ocrx_word' id='word_1_637' title='bbox 667 5658 870 5729; x_wconf 79' lang='grc' dir='ltr'>μᾶλλον</span> <span class='ocrx_word' id='word_1_638' title='bbox 899 5658 958 5712; x_wconf 89' lang='grc' dir='ltr'>δὲ</span> <span class='ocrx_word' id='word_1_639' title='bbox 997 5657 1156 5712; x_wconf 88' lang='grc' dir='ltr'>τοῦτο</span> <span class='ocrx_word' id='word_1_640' title='bbox 1200 5657 1328 5722; x_wconf 81' lang='grc' dir='ltr'>δόξα</span> <span class='ocrx_word' id='word_1_641' title='bbox 1378 5660 1494 5712; x_wconf 80' lang='grc' dir='ltr'>ἐστὶ</span> <span class='ocrx_word' id='word_1_642' title='bbox 1549 5661 1644 5714; x_wconf 78' lang='grc' dir='ltr'>καὶ</span> <span class='ocrx_word' id='word_1_643' title='bbox 1697 5661 1877 5716; x_wconf 88' lang='grc' dir='ltr'>αὐτῶν</span> <span class='ocrx_word' id='word_1_644' title='bbox 1928 5663 2029 5717; x_wconf 73' lang='grc' dir='ltr'>καὶ</span> 
     </span>
    </p>
   </div>
   <div class='ocr_carea' id='block_1_88' title="bbox 442 5742 2020 5815">
    <p class='ocr_par' dir='ltr' id='par_1_88' title="bbox 442 5742 2020 5815">
     <span class='ocr_line' id='line_1_88' title="bbox 442 5742 2020 5815; baseline 0.004 -19"><span class='ocrx_word' id='word_1_645' title='bbox 442 5742 607 5796; x_wconf 86' lang='grc' dir='ltr'>αὐτοῦ</span> <span class='ocrx_word' id='word_1_646' title='bbox 640 5756 654 5774; x_wconf 85' lang='lat'><strong><em>°</em></strong></span> <span class='ocrx_word' id='word_1_647' title='bbox 682 5742 845 5798; x_wconf 87' lang='grc' dir='ltr'>αὐτοῦ</span> <span class='ocrx_word' id='word_1_648' title='bbox 871 5743 992 5815; x_wconf 73' lang='grc' dir='ltr'>μὲν,</span> <span class='ocrx_word' id='word_1_649' title='bbox 1015 5744 1097 5798; x_wconf 83' lang='grc' dir='ltr'>ὅτι</span> <span class='ocrx_word' id='word_1_650' title='bbox 1123 5743 1318 5807; x_wconf 75' lang='grc' dir='ltr'>αὐτοὺς</span> <span class='ocrx_word' id='word_1_651' title='bbox 1341 5745 1441 5798; x_wconf 90' lang='grc' dir='ltr'>οὐκ</span> <span class='ocrx_word' id='word_1_652' title='bbox 1466 5745 1842 5815; x_wconf 82' lang='grc' dir='ltr'>ἐγκατέλιπεν,</span> <span class='ocrx_word' id='word_1_653' title='bbox 1883 5748 2020 5803; x_wconf 88' lang='grc' dir='ltr'>ἀλλά</span> 
     </span>
    </p>
   </div>
   <div class='ocr_carea' id='block_1_89' title="bbox 2125 2803 3713 2877">
    <p class='ocr_par' dir='ltr' id='par_1_89' title="bbox 2125 2803 3713 2877">
     <span class='ocr_line' id='line_1_89' title="bbox 2125 2803 3713 2877; baseline 0.004 -21"><span class='ocrx_word' id='word_1_654' title='bbox 2125 2803 2413 2875; x_wconf 81' lang='grc' dir='ltr'>λαμπροὺς</span> <span class='ocrx_word' id='word_1_655' title='bbox 2446 2803 2729 2870; x_wconf 82' lang='grc' dir='ltr'>ἀπέδειξεν</span> <span class='ocrx_word' id='word_1_656' title='bbox 2757 2821 2772 2836; x_wconf 78' lang='grc' dir='ltr'><strong><em>ο</em></strong></span> <span class='ocrx_word' id='word_1_657' title='bbox 2807 2804 2990 2860; x_wconf 89' lang='grc' dir='ltr'>αὐτῶν</span> <span class='ocrx_word' id='word_1_658' title='bbox 3014 2807 3092 2871; x_wconf 85' lang='grc' dir='ltr'>δὲ,</span> <span class='ocrx_word' id='word_1_659' title='bbox 3123 2807 3206 2860; x_wconf 87' lang='grc' dir='ltr'>ὄτι</span> <span class='ocrx_word' id='word_1_660' title='bbox 3240 2807 3509 2877; x_wconf 88' lang='grc' dir='ltr'>τοσαύτης</span> <span class='ocrx_word' id='word_1_661' title='bbox 3574 2825 3713 2863; x_wconf 83' lang='grc' dir='ltr'>κατ·-</span> 
     </span>
    </p>
   </div>
   <div class='ocr_carea' id='block_1_90' title="bbox 2124 2887 3715 2963">
    <p class='ocr_par' dir='ltr' id='par_1_90' title="bbox 2124 2887 3715 2963">
     <span class='ocr_line' id='line_1_90' title="bbox 2124 2887 3715 2963; baseline 0.005 -22"><span class='ocrx_word' id='word_1_662' title='bbox 2124 2887 2435 2960; x_wconf 82' lang='grc' dir='ltr'>ηξιώθησαν</span> <span class='ocrx_word' id='word_1_663' title='bbox 2467 2889 2654 2960; x_wconf 92' lang='grc' dir='ltr'>τιμῆς.</span> <span class='ocrx_word' id='word_1_664' title='bbox 2687 2889 2896 2962; x_wconf 86' lang='grc' dir='ltr'>Ὠσπερ</span> <span class='ocrx_word' id='word_1_665' title='bbox 2934 2890 3044 2963; x_wconf 87' lang='grc' dir='ltr'>γὰρ</span> <span class='ocrx_word' id='word_1_666' title='bbox 3068 2892 3294 2956; x_wconf 88' lang='grc' dir='ltr'>πλοῦτος</span> <span class='ocrx_word' id='word_1_667' title='bbox 3314 2892 3478 2947; x_wconf 88' lang='grc' dir='ltr'>αὐτοῦ</span> <span class='ocrx_word' id='word_1_668' title='bbox 3509 2895 3625 2948; x_wconf 86' lang='grc' dir='ltr'>ἐστι</span> <span class='ocrx_word' id='word_1_669' title='bbox 3652 2898 3715 2949; x_wconf 91' lang='grc' dir='ltr'>τὸ</span> 
     </span>
    </p>
   </div>
   <div class='ocr_carea' id='block_1_91' title="bbox 2123 2967 3712 3040">
    <p class='ocr_par' dir='ltr' id='par_1_91' title="bbox 2123 2967 3712 3040">
     <span class='ocr_line' id='line_1_91' title="bbox 2123 2967 3712 3040; baseline 0.006 -18"><span class='ocrx_word' id='word_1_670' title='bbox 2123 2967 2262 3024; x_wconf 76' lang='grc' dir='ltr'>εἶναι</span> <span class='ocrx_word' id='word_1_671' title='bbox 2296 2972 2540 3035; x_wconf 84' lang='grc' dir='ltr'>πιστοὺς,</span> <span class='ocrx_word' id='word_1_672' title='bbox 2587 2971 2730 3026; x_wconf 79' lang='grc' dir='ltr'>οὕτω</span> <span class='ocrx_word' id='word_1_673' title='bbox 2767 2973 2860 3026; x_wconf 77' lang='grc' dir='ltr'>καὶ</span> <span class='ocrx_word' id='word_1_674' title='bbox 2908 2973 3034 3040; x_wconf 83' lang='grc' dir='ltr'>δόξα</span> <span class='ocrx_word' id='word_1_675' title='bbox 3074 2975 3240 3029; x_wconf 88' lang='grc' dir='ltr'>αὐτοῦ</span> <span class='ocrx_word' id='word_1_676' title='bbox 3295 2978 3411 3029; x_wconf 83' lang='grc' dir='ltr'>ἐστι</span> <span class='ocrx_word' id='word_1_677' title='bbox 3457 2976 3518 3029; x_wconf 93' lang='grc' dir='ltr'>τὸ</span> <span class='ocrx_word' id='word_1_678' title='bbox 3573 2975 3712 3033; x_wconf 84' lang='grc' dir='ltr'>εἶναι</span> 
     </span>
    </p>
   </div>
   <div class='ocr_carea' id='block_1_92' title="bbox 2124 3056 3714 3130">
    <p class='ocr_par' dir='ltr' id='par_1_92' title="bbox 2124 3056 3714 3130">
     <span class='ocr_line' id='line_1_92' title="bbox 2124 3056 3714 3130; baseline 0.004 -20"><span class='ocrx_word' id='word_1_679' title='bbox 2124 3057 2249 3119; x_wconf 82' lang='grc' dir='ltr'>τοὺς</span> <span class='ocrx_word' id='word_1_680' title='bbox 2282 3056 2574 3127; x_wconf 87' lang='grc' dir='ltr'>μέλλοντας</span> <span class='ocrx_word' id='word_1_681' title='bbox 2621 3058 2916 3112; x_wconf 89' lang='grc' dir='ltr'>ἀπολαύειν</span> <span class='ocrx_word' id='word_1_682' title='bbox 2966 3059 3132 3114; x_wconf 88' lang='grc' dir='ltr'>αὐτοῦ</span> <span class='ocrx_word' id='word_1_683' title='bbox 3179 3059 3290 3114; x_wconf 90' lang='grc' dir='ltr'>τῶν</span> <span class='ocrx_word' id='word_1_684' title='bbox 3311 3061 3552 3130; x_wconf 87' lang='grc' dir='ltr'>ἀγαθῶν.</span> <span class='ocrx_word' id='word_1_685' title='bbox 3576 3063 3714 3126; x_wconf 80' lang='grc' dir='ltr'>Δόξα</span> 
     </span>
    </p>
   </div>
   <div class='ocr_carea' id='block_1_93' title="bbox 2123 3136 3712 3216">
    <p class='ocr_par' dir='ltr' id='par_1_93' title="bbox 2123 3136 3712 3216">
     <span class='ocr_line' id='line_1_93' title="bbox 2123 3136 3712 3216; baseline 0.007 -25"><span class='ocrx_word' id='word_1_686' title='bbox 2123 3139 2242 3192; x_wconf 81' lang='grc' dir='ltr'>ἐστὶ</span> <span class='ocrx_word' id='word_1_687' title='bbox 2273 3137 2366 3192; x_wconf 90' lang='grc' dir='ltr'>τοῦ</span> <span class='ocrx_word' id='word_1_688' title='bbox 2396 3139 2602 3208; x_wconf 81' lang='grc' dir='ltr'>ἀγαθοῦ</span> <span class='ocrx_word' id='word_1_689' title='bbox 2628 3141 2689 3194; x_wconf 91' lang='grc' dir='ltr'>τὸ</span> <span class='ocrx_word' id='word_1_690' title='bbox 2718 3141 2862 3213; x_wconf 85' lang='grc' dir='ltr'>ἐχειν</span> <span class='ocrx_word' id='word_1_691' title='bbox 2891 3136 2974 3206; x_wconf 75' lang='grc' dir='ltr'>οἷς</span> <span class='ocrx_word' id='word_1_692' title='bbox 3000 3145 3100 3214; x_wconf 86' lang='grc' dir='ltr'>τῆς</span> <span class='ocrx_word' id='word_1_693' title='bbox 3123 3143 3442 3214; x_wconf 88' lang='grc' dir='ltr'>εὐεργεσίας</span> <span class='ocrx_word' id='word_1_694' title='bbox 3474 3146 3712 3216; x_wconf 84' lang='grc' dir='ltr'>μεταδῷ.</span> 
     </span>
    </p>
   </div>
   <div class='ocr_carea' id='block_1_94' title="bbox 2123 3221 3719 3296">
    <p class='ocr_par' dir='ltr' id='par_1_94' title="bbox 2123 3221 3719 3296">
     <span class='ocr_line' id='line_1_94' title="bbox 2123 3221 3719 3296; baseline 0.005 -20"><span class='ocrx_word' id='word_1_695' title='bbox 2123 3221 2233 3276; x_wconf 77' lang='grc' dir='ltr'>Καὶ</span> <span class='ocrx_word' id='word_1_696' title='bbox 2251 3223 2691 3293; x_wconf 81' lang='grc' dir='ltr'>θαυμασθῆναι,</span> <span class='ocrx_word' id='word_1_697' title='bbox 2713 3227 2897 3296; x_wconf 72' lang='grc' dir='ltr'>φησὶν,</span> <span class='ocrx_word' id='word_1_698' title='bbox 2914 3226 2987 3280; x_wconf 85' lang='grc' dir='ltr'>ἐν</span> <span class='ocrx_word' id='word_1_699' title='bbox 3007 3225 3154 3282; x_wconf 83' lang='grc' dir='ltr'>πᾶσι</span> <span class='ocrx_word' id='word_1_700' title='bbox 3173 3227 3299 3294; x_wconf 84' lang='grc' dir='ltr'>τοῖς</span> <span class='ocrx_word' id='word_1_701' title='bbox 3320 3231 3719 3284; x_wconf 78' lang='grc' dir='ltr'>πιστεύσασι.</span> 
     </span>
    </p>
   </div>
   <div class='ocr_carea' id='block_1_95' title="bbox 2122 3305 3713 3380">
    <p class='ocr_par' dir='ltr' id='par_1_95' title="bbox 2122 3305 3713 3380">
     <span class='ocr_line' id='line_1_95' title="bbox 2122 3305 3713 3380; baseline 0.006 -22"><span class='ocrx_word' id='word_1_702' title='bbox 2122 3305 2404 3374; x_wconf 89' lang='grc' dir='ltr'>Τουτέστι,</span> <span class='ocrx_word' id='word_1_703' title='bbox 2431 3308 2519 3362; x_wconf 85' lang='grc' dir='ltr'>διὰ</span> <span class='ocrx_word' id='word_1_704' title='bbox 2548 3309 2656 3361; x_wconf 90' lang='grc' dir='ltr'>τῶν</span> <span class='ocrx_word' id='word_1_705' title='bbox 2693 3311 3120 3365; x_wconf 88' lang='grc' dir='ltr'>πιστευσάντων.</span> <span class='ocrx_word' id='word_1_706' title='bbox 3157 3310 3292 3364; x_wconf 84' lang='grc' dir='ltr'>Ἰδοὺ</span> <span class='ocrx_word' id='word_1_707' title='bbox 3321 3311 3486 3365; x_wconf 87' lang='grc' dir='ltr'>πάλιν</span> <span class='ocrx_word' id='word_1_708' title='bbox 3517 3313 3598 3380; x_wconf 91' lang='grc' dir='ltr'>τὸ,</span> <span class='ocrx_word' id='word_1_709' title='bbox 3628 3316 3713 3378; x_wconf 75' lang='grc' dir='ltr'>ἐν,</span> 
     </span>
    </p>
   </div>
   <div class='ocr_carea' id='block_1_96' title="bbox 2121 3390 3709 3465">
    <p class='ocr_par' dir='ltr' id='par_1_96' title="bbox 2121 3390 3709 3465">
     <span class='ocr_line' id='line_1_96' title="bbox 2121 3390 3709 3465; baseline 0.006 -21"><span class='ocrx_word' id='word_1_710' title='bbox 2121 3390 2220 3444; x_wconf 82' lang='grc' dir='ltr'>διὰ</span> <span class='ocrx_word' id='word_1_711' title='bbox 2240 3391 2376 3448; x_wconf 88' lang='grc' dir='ltr'>ἐστί.</span> <span class='ocrx_word' id='word_1_712' title='bbox 2409 3393 2488 3444; x_wconf 84' lang='grc' dir='ltr'>Δι’</span> <span class='ocrx_word' id='word_1_713' title='bbox 2517 3394 2744 3447; x_wconf 88' lang='grc' dir='ltr'>ἐκείνων</span> <span class='ocrx_word' id='word_1_714' title='bbox 2761 3395 2871 3465; x_wconf 86' lang='grc' dir='ltr'>γὰρ</span> <span class='ocrx_word' id='word_1_715' title='bbox 2895 3393 3214 3465; x_wconf 88' lang='grc' dir='ltr'>θαυμαστὸς</span> <span class='ocrx_word' id='word_1_716' title='bbox 3249 3396 3634 3452; x_wconf 87' lang='grc' dir='ltr'>ἀποδείκνυται</span> <span class='ocrx_word' id='word_1_717' title='bbox 3660 3411 3709 3453; x_wconf 71' lang='lat' dir='ltr'>II.</span> 
     </span>
    </p>
   </div>
   <div class='ocr_carea' id='block_1_97' title="bbox 2125 3474 3712 3552">
    <p class='ocr_par' dir='ltr' id='par_1_97' title="bbox 2125 3474 3712 3552">
     <span class='ocr_line' id='line_1_97' title="bbox 2125 3474 3712 3552; baseline 0.004 -25"><span class='ocrx_word' id='word_1_718' title='bbox 2125 3474 2294 3528; x_wconf 88' lang='grc' dir='ltr'>Ὅταν</span> <span class='ocrx_word' id='word_1_719' title='bbox 2318 3475 2426 3544; x_wconf 88' lang='grc' dir='ltr'>γάρ</span> <span class='ocrx_word' id='word_1_720' title='bbox 2445 3476 2572 3540; x_wconf 83' lang='grc' dir='ltr'>τοὺς</span> <span class='ocrx_word' id='word_1_721' title='bbox 2600 3479 2853 3548; x_wconf 85' lang='grc' dir='ltr'>οἰκτροὺς</span> <span class='ocrx_word' id='word_1_722' title='bbox 2881 3477 2972 3531; x_wconf 78' lang='grc' dir='ltr'>καὶ</span> <span class='ocrx_word' id='word_1_723' title='bbox 3001 3478 3384 3550; x_wconf 86' lang='grc' dir='ltr'>ταλαιπώρους</span> <span class='ocrx_word' id='word_1_724' title='bbox 3412 3482 3504 3533; x_wconf 77' lang='grc' dir='ltr'>καὶ</span> <span class='ocrx_word' id='word_1_725' title='bbox 3537 3483 3712 3552; x_wconf 88' lang='grc' dir='ltr'>μυρία</span> 
     </span>
    </p>
   </div>
   <div class='ocr_carea' id='block_1_98' title="bbox 2121 3557 3712 3636">
    <p class='ocr_par' dir='ltr' id='par_1_98' title="bbox 2121 3557 3712 3636">
     <span class='ocr_line' id='line_1_98' title="bbox 2121 3557 3712 3636; baseline 0.005 -26"><span class='ocrx_word' id='word_1_726' title='bbox 2121 3557 2394 3621; x_wconf 87' lang='grc' dir='ltr'>παθόντας</span> <span class='ocrx_word' id='word_1_727' title='bbox 2416 3558 2585 3624; x_wconf 78' lang='grc' dir='ltr'>δεινά,</span> <span class='ocrx_word' id='word_1_728' title='bbox 2611 3560 2706 3613; x_wconf 78' lang='grc' dir='ltr'>καὶ</span> <span class='ocrx_word' id='word_1_729' title='bbox 2735 3559 3154 3627; x_wconf 89' lang='grc' dir='ltr'>πιστεύσαντας,</span> <span class='ocrx_word' id='word_1_730' title='bbox 3189 3563 3271 3624; x_wconf 88' lang='grc' dir='ltr'>είς</span> <span class='ocrx_word' id='word_1_731' title='bbox 3303 3563 3571 3634; x_wconf 88' lang='grc' dir='ltr'>τοσαύτην</span> <span class='ocrx_word' id='word_1_732' title='bbox 3602 3565 3712 3636; x_wconf 81' lang='grc' dir='ltr'>ἄγῃ</span> 
     </span>
    </p>
   </div>
   <div class='ocr_carea' id='block_1_99' title="bbox 2122 3641 3713 3715">
    <p class='ocr_par' dir='ltr' id='par_1_99' title="bbox 2122 3641 3713 3715">
     <span class='ocr_line' id='line_1_99' title="bbox 2122 3641 3713 3715; baseline 0.004 -22"><span class='ocrx_word' id='word_1_733' title='bbox 2122 3641 2499 3713; x_wconf 87' lang='grc' dir='ltr'>λαμπρότητα,</span> <span class='ocrx_word' id='word_1_734' title='bbox 2529 3642 2800 3697; x_wconf 86' lang='grc' dir='ltr'>δείκνυται</span> <span class='ocrx_word' id='word_1_735' title='bbox 2826 3644 2990 3697; x_wconf 90' lang='grc' dir='ltr'>αὐτοῦ</span> <span class='ocrx_word' id='word_1_736' title='bbox 3025 3647 3058 3715; x_wconf 84' lang='grc' dir='ltr'><strong>ἡ</strong></span> <span class='ocrx_word' id='word_1_737' title='bbox 3086 3646 3238 3715; x_wconf 81' lang='grc' dir='ltr'>ἰσχὺς</span> <span class='ocrx_word' id='word_1_738' title='bbox 3259 3645 3404 3710; x_wconf 87' lang='grc' dir='ltr'>τότε,</span> <span class='ocrx_word' id='word_1_739' title='bbox 3435 3648 3514 3700; x_wconf 85' lang='grc' dir='ltr'>ὅτι</span> <span class='ocrx_word' id='word_1_740' title='bbox 3550 3649 3598 3700; x_wconf 82' lang='grc' dir='ltr'>εί</span> <span class='ocrx_word' id='word_1_741' title='bbox 3618 3650 3713 3700; x_wconf 66' lang='grc' dir='ltr'>καὶ</span> 
     </span>
    </p>
   </div>
   <div class='ocr_carea' id='block_1_100' title="bbox 2123 3725 3714 3800">
    <p class='ocr_par' dir='ltr' id='par_1_100' title="bbox 2123 3725 3714 3800">
     <span class='ocr_line' id='line_1_100' title="bbox 2123 3725 3714 3800; baseline 0.004 -23"><span class='ocrx_word' id='word_1_742' title='bbox 2123 3725 2357 3779; x_wconf 81' lang='grc' dir='ltr'>ἐνταῦθα</span> <span class='ocrx_word' id='word_1_743' title='bbox 2412 3725 2660 3779; x_wconf 85' lang='grc' dir='ltr'>δοκοῦσιν</span> <span class='ocrx_word' id='word_1_744' title='bbox 2708 3727 3216 3798; x_wconf 81' lang='grc' dir='ltr'>ἐγκαταλελεῖφθαι,</span> <span class='ocrx_word' id='word_1_745' title='bbox 3270 3729 3387 3782; x_wconf 81' lang='grc' dir='ltr'>ἀλλ’</span> <span class='ocrx_word' id='word_1_746' title='bbox 3412 3731 3563 3800; x_wconf 81' lang='grc' dir='ltr'>ὅμως</span> <span class='ocrx_word' id='word_1_747' title='bbox 3595 3733 3714 3784; x_wconf 85' lang='grc' dir='ltr'>ἐκεῖ</span> 
     </span>
    </p>
   </div>
   <div class='ocr_carea' id='block_1_101' title="bbox 2124 3807 3710 3886">
    <p class='ocr_par' dir='ltr' id='par_1_101' title="bbox 2124 3807 3710 3886">
     <span class='ocr_line' id='line_1_101' title="bbox 2124 3807 3710 3886; baseline 0.006 -26"><span class='ocrx_word' id='word_1_748' title='bbox 2124 3807 2326 3879; x_wconf 89' lang='grc' dir='ltr'>πολλῆς</span> <span class='ocrx_word' id='word_1_749' title='bbox 2379 3808 2712 3864; x_wconf 87' lang='grc' dir='ltr'>ἀπολαύουσι</span> <span class='ocrx_word' id='word_1_750' title='bbox 2774 3811 2933 3882; x_wconf 81' lang='grc' dir='ltr'>δόξης</span> <span class='ocrx_word' id='word_1_751' title='bbox 2966 3828 2981 3844; x_wconf 79' lang='grc' dir='ltr'><strong>ο</strong></span> <span class='ocrx_word' id='word_1_752' title='bbox 3033 3813 3156 3865; x_wconf 88' lang='grc' dir='ltr'>τότε</span> <span class='ocrx_word' id='word_1_753' title='bbox 3211 3812 3448 3884; x_wconf 83' lang='grc' dir='ltr'>μάλιστα</span> <span class='ocrx_word' id='word_1_754' title='bbox 3498 3815 3648 3868; x_wconf 85' lang='grc' dir='ltr'>πᾶσα</span> <span class='ocrx_word' id='word_1_755' title='bbox 3675 3817 3710 3886; x_wconf 86' lang='grc' dir='ltr'>ή</span> 
     </span>
    </p>
   </div>
   <div class='ocr_carea' id='block_1_102' title="bbox 2122 3891 3708 3970">
    <p class='ocr_par' dir='ltr' id='par_1_102' title="bbox 2122 3891 3708 3970">
     <span class='ocr_line' id='line_1_102' title="bbox 2122 3891 3708 3970; baseline 0.006 -25"><span class='ocrx_word' id='word_1_756' title='bbox 2122 3891 2248 3958; x_wconf 83' lang='grc' dir='ltr'>δόξα</span> <span class='ocrx_word' id='word_1_757' title='bbox 2306 3893 2403 3946; x_wconf 92' lang='grc' dir='ltr'>τοῦ</span> <span class='ocrx_word' id='word_1_758' title='bbox 2450 3893 2586 3947; x_wconf 91' lang='grc' dir='ltr'>Θεοῦ</span> <span class='ocrx_word' id='word_1_759' title='bbox 2632 3895 2909 3950; x_wconf 88' lang='grc' dir='ltr'>δείκνυται</span> <span class='ocrx_word' id='word_1_760' title='bbox 2961 3899 3056 3951; x_wconf 75' lang='grc' dir='ltr'>καὶ</span> <span class='ocrx_word' id='word_1_761' title='bbox 3110 3899 3143 3968; x_wconf 88' lang='grc' dir='ltr'>ή</span> <span class='ocrx_word' id='word_1_762' title='bbox 3218 3898 3390 3970; x_wconf 87' lang='grc' dir='ltr'>ίσχύς.</span> <span class='ocrx_word' id='word_1_763' title='bbox 3428 3901 3538 3953; x_wconf 73' lang='grc' dir='ltr'>Καὶ</span> <span class='ocrx_word' id='word_1_764' title='bbox 3567 3901 3708 3967; x_wconf 90' lang='grc' dir='ltr'>πῶς,</span> 
     </span>
    </p>
   </div>
   <div class='ocr_carea' id='block_1_103' title="bbox 2123 3975 3713 4052">
    <p class='ocr_par' dir='ltr' id='par_1_103' title="bbox 2123 3975 3713 4052">
     <span class='ocr_line' id='line_1_103' title="bbox 2123 3975 3713 4052; baseline 0.005 -22"><span class='ocrx_word' id='word_1_765' title='bbox 2123 3975 2286 4030; x_wconf 84' lang='grc' dir='ltr'>ἀκουε</span> <span class='ocrx_word' id='word_1_766' title='bbox 2313 3992 2329 4008; x_wconf 86' lang='grc'><strong>·</strong></span> <span class='ocrx_word' id='word_1_767' title='bbox 2361 3977 2558 4046; x_wconf 86' lang='grc' dir='ltr'>ἐπάγει</span> <span class='ocrx_word' id='word_1_768' title='bbox 2597 3978 2726 4050; x_wconf 83' lang='grc' dir='ltr'>γὰρ,</span> <span class='ocrx_word' id='word_1_769' title='bbox 2761 3980 2892 4034; x_wconf 80' lang='grc' dir='ltr'>Ὀτι</span> <span class='ocrx_word' id='word_1_770' title='bbox 2921 3980 3252 4050; x_wconf 82' lang='grc' dir='ltr'>ἐπιστεύθη</span> <span class='ocrx_word' id='word_1_771' title='bbox 3286 3983 3354 4036; x_wconf 83' lang='grc' dir='ltr'>τὸ</span> <span class='ocrx_word' id='word_1_772' title='bbox 3378 3986 3713 4052; x_wconf 85' lang='grc' dir='ltr'>μαρτύριον</span> 
     </span>
    </p>
   </div>
   <div class='ocr_carea' id='block_1_104' title="bbox 2122 4058 3715 4134">
    <p class='ocr_par' dir='ltr' id='par_1_104' title="bbox 2122 4058 3715 4134">
     <span class='ocr_line' id='line_1_104' title="bbox 2122 4058 3715 4134; baseline 0.006 -21"><span class='ocrx_word' id='word_1_773' title='bbox 2122 4058 2293 4129; x_wconf 77' lang='grc' dir='ltr'>ἡμῶν</span> <span class='ocrx_word' id='word_1_774' title='bbox 2318 4059 2411 4129; x_wconf 70' lang='grc' dir='ltr'>ἐφ’</span> <span class='ocrx_word' id='word_1_775' title='bbox 2442 4060 2598 4131; x_wconf 79' lang='grc' dir='ltr'>ὑμᾶς</span> <span class='ocrx_word' id='word_1_776' title='bbox 2644 4063 2715 4116; x_wconf 81' lang='grc' dir='ltr'>ἐν</span> <span class='ocrx_word' id='word_1_777' title='bbox 2766 4062 2842 4132; x_wconf 79' lang='grc' dir='ltr'>τῇ</span> <span class='ocrx_word' id='word_1_778' title='bbox 2899 4063 3089 4134; x_wconf 75' lang='grc' dir='ltr'>ἡμέρᾳ</span> <span class='ocrx_word' id='word_1_779' title='bbox 3146 4065 3373 4134; x_wconf 78' lang='grc' dir='ltr'>ἐκείνῃ.</span> <span class='ocrx_word' id='word_1_780' title='bbox 3415 4070 3519 4133; x_wconf 85' lang='grc' dir='ltr'>Είς</span> <span class='ocrx_word' id='word_1_781' title='bbox 3546 4067 3577 4121; x_wconf 85' lang='grc' dir='ltr'><em>ὃ</em></span> <span class='ocrx_word' id='word_1_782' title='bbox 3610 4069 3715 4122; x_wconf 73' lang='grc' dir='ltr'>καὶ</span> 
     </span>
    </p>
   </div>
   <div class='ocr_carea' id='block_1_105' title="bbox 2123 4145 3710 4218">
    <p class='ocr_par' dir='ltr' id='par_1_105' title="bbox 2123 4145 3710 4218">
     <span class='ocr_line' id='line_1_105' title="bbox 2123 4145 3710 4218; baseline 0.003 -21"><span class='ocrx_word' id='word_1_783' title='bbox 2123 4146 2579 4214; x_wconf 82' lang='grc' dir='ltr'>προσευχόμεθα</span> <span class='ocrx_word' id='word_1_784' title='bbox 2652 4145 2912 4201; x_wconf 82' lang='grc' dir='ltr'>πάντοτε</span> <span class='ocrx_word' id='word_1_785' title='bbox 2976 4146 3110 4216; x_wconf 83' lang='grc' dir='ltr'>περὶ</span> <span class='ocrx_word' id='word_1_786' title='bbox 3168 4148 3356 4217; x_wconf 79' lang='grc' dir='ltr'>ὑμῶν.</span> <span class='ocrx_word' id='word_1_787' title='bbox 3396 4150 3710 4218; x_wconf 84' lang='grc' dir='ltr'>Τουτέστιν,</span> 
     </span>
    </p>
   </div>
   <div class='ocr_carea' id='block_1_106' title="bbox 2121 4227 3704 4302">
    <p class='ocr_par' dir='ltr' id='par_1_106' title="bbox 2121 4227 3704 4302">
     <span class='ocr_line' id='line_1_106' title="bbox 2121 4227 3704 4302; baseline 0.004 -22"><span class='ocrx_word' id='word_1_788' title='bbox 2121 4227 2250 4282; x_wconf 82' lang='grc' dir='ltr'>ὅταν</span> <span class='ocrx_word' id='word_1_789' title='bbox 2276 4229 2632 4299; x_wconf 86' lang='grc' dir='ltr'>παράγωνται</span> <span class='ocrx_word' id='word_1_790' title='bbox 2659 4231 2737 4293; x_wconf 85' lang='grc' dir='ltr'>είς</span> <span class='ocrx_word' id='word_1_791' title='bbox 2769 4231 2936 4300; x_wconf 88' lang='grc' dir='ltr'>μέσον</span> <span class='ocrx_word' id='word_1_792' title='bbox 2961 4232 3010 4284; x_wconf 89' lang='grc' dir='ltr'>οί</span> <span class='ocrx_word' id='word_1_793' title='bbox 3041 4231 3210 4302; x_wconf 89' lang='grc' dir='ltr'>μυρία</span> <span class='ocrx_word' id='word_1_794' title='bbox 3237 4232 3501 4297; x_wconf 90' lang='grc' dir='ltr'>παθόντες</span> <span class='ocrx_word' id='word_1_795' title='bbox 3533 4234 3704 4301; x_wconf 79' lang='grc' dir='ltr'>δεινὰ,</span> 
     </span>
    </p>
   </div>
   <div class='ocr_carea' id='block_1_107' title="bbox 2122 4309 3712 4384">
    <p class='ocr_par' dir='ltr' id='par_1_107' title="bbox 2122 4309 3712 4384">
     <span class='ocr_line' id='line_1_107' title="bbox 2122 4309 3712 4384; baseline 0.004 -20"><span class='ocrx_word' id='word_1_796' title='bbox 2122 4309 2264 4364; x_wconf 82' lang='grc' dir='ltr'>ὥστε</span> <span class='ocrx_word' id='word_1_797' title='bbox 2288 4311 2548 4382; x_wconf 86' lang='grc' dir='ltr'>ἐκστῆναι</span> <span class='ocrx_word' id='word_1_798' title='bbox 2575 4315 2676 4383; x_wconf 77' lang='grc' dir='ltr'>τῆς</span> <span class='ocrx_word' id='word_1_799' title='bbox 2719 4312 2978 4377; x_wconf 89' lang='grc' dir='ltr'>πίστεως,</span> <span class='ocrx_word' id='word_1_800' title='bbox 3013 4314 3110 4366; x_wconf 75' lang='grc' dir='ltr'>καὶ</span> <span class='ocrx_word' id='word_1_801' title='bbox 3161 4316 3237 4384; x_wconf 85' lang='grc' dir='ltr'>μὴ</span> <span class='ocrx_word' id='word_1_802' title='bbox 3273 4315 3532 4381; x_wconf 87' lang='grc' dir='ltr'>ἐνδόντες,</span> <span class='ocrx_word' id='word_1_803' title='bbox 3572 4317 3712 4371; x_wconf 77' lang='grc' dir='ltr'>ἀλλὰ</span> 
     </span>
    </p>
   </div>
   <div class='ocr_carea' id='block_1_108' title="bbox 2121 4393 3711 4464">
    <p class='ocr_par' dir='ltr' id='par_1_108' title="bbox 2121 4393 3711 4464">
     <span class='ocr_line' id='line_1_108' title="bbox 2121 4393 3711 4464; baseline 0.004 -17"><span class='ocrx_word' id='word_1_804' title='bbox 2121 4395 2305 4448; x_wconf 78' lang='grc' dir='ltr'>πιστοὶ</span> <span class='ocrx_word' id='word_1_805' title='bbox 2336 4395 2639 4464; x_wconf 85' lang='grc' dir='ltr'>μείναντες,</span> <span class='ocrx_word' id='word_1_806' title='bbox 2661 4393 2944 4461; x_wconf 74' lang='grc' dir='ltr'>δοξάζεται</span> <span class='ocrx_word' id='word_1_807' title='bbox 2974 4397 3001 4436; x_wconf 78' lang='lat' dir='ltr'><strong>b</strong></span> <span class='ocrx_word' id='word_1_808' title='bbox 3028 4399 3056 4450; x_wconf 89' lang='lat'>6</span> <span class='ocrx_word' id='word_1_809' title='bbox 3082 4396 3214 4461; x_wconf 88' lang='grc' dir='ltr'>Θεός</span> <span class='ocrx_word' id='word_1_810' title='bbox 3250 4413 3265 4428; x_wconf 88' lang='grc'><strong>·</strong></span> <span class='ocrx_word' id='word_1_811' title='bbox 3295 4400 3414 4451; x_wconf 93' lang='grc' dir='ltr'>τότε</span> <span class='ocrx_word' id='word_1_812' title='bbox 3434 4399 3711 4454; x_wconf 88' lang='grc' dir='ltr'>δείκνυται</span> 
     </span>
    </p>
   </div>
   <div class='ocr_carea' id='block_1_109' title="bbox 2122 4477 3712 4554">
    <p class='ocr_par' dir='ltr' id='par_1_109' title="bbox 2122 4477 3712 4554">
     <span class='ocr_line' id='line_1_109' title="bbox 2122 4477 3712 4554; baseline 0.006 -25"><span class='ocrx_word' id='word_1_813' title='bbox 2122 4478 2444 4532; x_wconf 76' lang='grc' dir='ltr'>καὶτούτων</span> <span class='ocrx_word' id='word_1_814' title='bbox 2472 4480 2506 4549; x_wconf 85' lang='grc' dir='ltr'>ἡ</span> <span class='ocrx_word' id='word_1_815' title='bbox 2565 4477 2714 4545; x_wconf 89' lang='grc' dir='ltr'>δόξα.</span> <span class='ocrx_word' id='word_1_816' title='bbox 2758 4479 2912 4532; x_wconf 77' lang='grc' dir='ltr'>Ἐπεὶ</span> <span class='ocrx_word' id='word_1_817' title='bbox 2959 4480 3138 4534; x_wconf 93' lang='grc' dir='ltr'>τοίνυν</span> <span class='ocrx_word' id='word_1_818' title='bbox 3164 4480 3352 4535; x_wconf 81' lang='grc' dir='ltr'>πολλοὶ</span> <span class='ocrx_word' id='word_1_819' title='bbox 3390 4483 3487 4554; x_wconf 79' lang='grc' dir='ltr'>τὴν</span> <span class='ocrx_word' id='word_1_820' title='bbox 3523 4485 3712 4538; x_wconf 89' lang='grc' dir='ltr'>πίστιν</span> 
     </span>
    </p>
   </div>
   <div class='ocr_carea' id='block_1_110' title="bbox 2124 4562 3709 4640">
    <p class='ocr_par' dir='ltr' id='par_1_110' title="bbox 2124 4562 3709 4640">
     <span class='ocr_line' id='line_1_110' title="bbox 2124 4562 3709 4640; baseline -0.012 -25"><span class='ocrx_word' id='word_1_821' title='bbox 2124 4563 2529 4634; x_wconf 82' lang='grc' dir='ltr'>ὑποκρίνονται,</span> <span class='ocrx_word' id='word_1_822' title='bbox 2568 4565 2642 4635; x_wconf 84' lang='grc' dir='ltr'>μὴ</span> <span class='ocrx_word' id='word_1_823' title='bbox 2692 4562 2965 4635; x_wconf 78' lang='grc' dir='ltr'>μακάριζε</span> <span class='ocrx_word' id='word_1_824' title='bbox 3017 4565 3220 4636; x_wconf 88' lang='grc' dir='ltr'>μηδένα</span> <span class='ocrx_word' id='word_1_825' title='bbox 3263 4566 3370 4637; x_wconf 89' lang='grc' dir='ltr'>πρὸ</span> <span class='ocrx_word' id='word_1_826' title='bbox 3396 4568 3653 4640; x_wconf 77' lang='grc' dir='ltr'>τελευτῆς</span> <span class='ocrx_word' id='word_1_827' title='bbox 3689 4587 3709 4598; x_wconf 83' lang='grc'>.,</span> 
     </span>
    </p>
   </div>
   <div class='ocr_carea' id='block_1_111' title="bbox 2123 4647 3708 4722">
    <p class='ocr_par' dir='ltr' id='par_1_111' title="bbox 2123 4647 3708 4722">
     <span class='ocr_line' id='line_1_111' title="bbox 2123 4647 3708 4722; baseline 0.004 -21"><span class='ocrx_word' id='word_1_828' title='bbox 2123 4648 2218 4702; x_wconf 75' lang='grc' dir='ltr'>καὶ</span> <span class='ocrx_word' id='word_1_829' title='bbox 2242 4647 2352 4720; x_wconf 86' lang='grc' dir='ltr'>γὰρ</span> <span class='ocrx_word' id='word_1_830' title='bbox 2380 4651 2438 4701; x_wconf 85' lang='grc' dir='ltr'>ἐν</span> <span class='ocrx_word' id='word_1_831' title='bbox 2461 4651 2528 4720; x_wconf 81' lang='grc' dir='ltr'>τῇ</span> <span class='ocrx_word' id='word_1_832' title='bbox 2550 4649 2736 4721; x_wconf 77' lang='grc' dir='ltr'>ἡμέρα</span> <span class='ocrx_word' id='word_1_833' title='bbox 2769 4649 2953 4722; x_wconf 86' lang='grc' dir='ltr'>ἐκείνῃ</span> <span class='ocrx_word' id='word_1_834' title='bbox 2973 4649 3280 4706; x_wconf 88' lang='grc' dir='ltr'>δείκνυνται</span> <span class='ocrx_word' id='word_1_835' title='bbox 3307 4652 3356 4704; x_wconf 88' lang='grc' dir='ltr'>οί</span> <span class='ocrx_word' id='word_1_836' title='bbox 3381 4653 3708 4708; x_wconf 89' lang='grc' dir='ltr'>πιστεύσαν-</span> 
     </span>
    </p>
   </div>
   <div class='ocr_carea' id='block_1_112' title="bbox 2121 4732 3713 4806">
    <p class='ocr_par' dir='ltr' id='par_1_112' title="bbox 2121 4732 3713 4806">
     <span class='ocr_line' id='line_1_112' title="bbox 2121 4732 3713 4806; baseline 0.004 -22"><span class='ocrx_word' id='word_1_837' title='bbox 2121 4749 2231 4795; x_wconf 85' lang='grc' dir='ltr'>τες.</span> <span class='ocrx_word' id='word_1_838' title='bbox 2262 4734 2367 4799; x_wconf 86' lang='grc' dir='ltr'>Εἱς</span> <span class='ocrx_word' id='word_1_839' title='bbox 2387 4732 2418 4786; x_wconf 86' lang='grc' dir='ltr'><strong>ὂ</strong></span> <span class='ocrx_word' id='word_1_840' title='bbox 2449 4733 2547 4787; x_wconf 80' lang='grc' dir='ltr'>καὶ</span> <span class='ocrx_word' id='word_1_841' title='bbox 2573 4733 3052 4803; x_wconf 82' lang='grc' dir='ltr'>προσευχόμεθα,</span> <span class='ocrx_word' id='word_1_842' title='bbox 3092 4735 3248 4804; x_wconf 74' lang='grc' dir='ltr'>φησὶ,</span> <span class='ocrx_word' id='word_1_843' title='bbox 3280 4735 3536 4790; x_wconf 83' lang='grc' dir='ltr'>πάντοτε</span> <span class='ocrx_word' id='word_1_844' title='bbox 3573 4737 3713 4806; x_wconf 77' lang='grc' dir='ltr'>περι</span> 
     </span>
    </p>
   </div>
   <div class='ocr_carea' id='block_1_113' title="bbox 2121 4815 3708 4888">
    <p class='ocr_par' dir='ltr' id='par_1_113' title="bbox 2121 4815 3708 4888">
     <span class='ocr_line' id='line_1_113' title="bbox 2121 4815 3708 4888; baseline 0.003 -17"><span class='ocrx_word' id='word_1_845' title='bbox 2121 4815 2308 4885; x_wconf 78' lang='grc' dir='ltr'>ὑμῶν,</span> <span class='ocrx_word' id='word_1_846' title='bbox 2339 4817 2439 4870; x_wconf 77' lang='grc' dir='ltr'>ἵνα</span> <span class='ocrx_word' id='word_1_847' title='bbox 2482 4817 2639 4886; x_wconf 84' lang='grc' dir='ltr'>ὑμᾶς</span> <span class='ocrx_word' id='word_1_848' title='bbox 2685 4817 2918 4887; x_wconf 77' lang='grc' dir='ltr'>ἀξιώσῃ</span> <span class='ocrx_word' id='word_1_849' title='bbox 2977 4817 3089 4888; x_wconf 84' lang='grc' dir='ltr'>τῆς</span> <span class='ocrx_word' id='word_1_850' title='bbox 3144 4818 3427 4886; x_wconf 79' lang='grc' dir='ltr'>κλήσεως</span> <span class='ocrx_word' id='word_1_851' title='bbox 3479 4823 3512 4874; x_wconf 86' lang='grc' dir='ltr'>ό</span> <span class='ocrx_word' id='word_1_852' title='bbox 3561 4821 3708 4888; x_wconf 82' lang='grc' dir='ltr'>Θεὸς</span> 
     </span>
    </p>
   </div>
   <div class='ocr_carea' id='block_1_114' title="bbox 2123 4899 3708 4974">
    <p class='ocr_par' dir='ltr' id='par_1_114' title="bbox 2123 4899 3708 4974">
     <span class='ocr_line' id='line_1_114' title="bbox 2123 4899 3708 4974; baseline 0.005 -23"><span class='ocrx_word' id='word_1_853' title='bbox 2123 4899 2312 4968; x_wconf 77' lang='grc' dir='ltr'>ἡμῶν,</span> <span class='ocrx_word' id='word_1_854' title='bbox 2342 4901 2440 4953; x_wconf 79' lang='grc' dir='ltr'>καί</span> <span class='ocrx_word' id='word_1_855' title='bbox 2468 4899 2760 4971; x_wconf 79' lang='grc' dir='ltr'>πληρώσῃ</span> <span class='ocrx_word' id='word_1_856' title='bbox 2820 4901 3029 4958; x_wconf 83' lang='grc' dir='ltr'>πᾶσαν</span> <span class='ocrx_word' id='word_1_857' title='bbox 3067 4903 3356 4957; x_wconf 86' lang='grc' dir='ltr'>εὐδοκίαν</span> <span class='ocrx_word' id='word_1_858' title='bbox 3398 4905 3708 4974; x_wconf 83' lang='grc' dir='ltr'>ἀγαθωσύ-</span> 
     </span>
    </p>
   </div>
   <div class='ocr_carea' id='block_1_115' title="bbox 2121 4983 3707 5055">
    <p class='ocr_par' dir='ltr' id='par_1_115' title="bbox 2121 4983 3707 5055">
     <span class='ocr_line' id='line_1_115' title="bbox 2121 4983 3707 5055; baseline 0.008 -24"><span class='ocrx_word' id='word_1_859' title='bbox 2121 4998 2255 5049; x_wconf 78' lang='grc' dir='ltr'>νης,</span> <span class='ocrx_word' id='word_1_860' title='bbox 2285 4983 2381 5036; x_wconf 76' lang='grc' dir='ltr'>καὶ</span> <span class='ocrx_word' id='word_1_861' title='bbox 2400 4983 2578 5053; x_wconf 80' lang='grc' dir='ltr'>ἔργον</span> <span class='ocrx_word' id='word_1_862' title='bbox 2603 4985 2864 5052; x_wconf 81' lang='grc' dir='ltr'>πίστεως</span> <span class='ocrx_word' id='word_1_863' title='bbox 2894 4985 2964 5040; x_wconf 76' lang='grc' dir='ltr'>ἐν</span> <span class='ocrx_word' id='word_1_864' title='bbox 2982 4985 3260 5054; x_wconf 80' lang='grc' dir='ltr'>δυνάμει.</span> <span class='ocrx_word' id='word_1_865' title='bbox 3291 4987 3426 5042; x_wconf 83' lang='grc' dir='ltr'>Ἵνα</span> <span class='ocrx_word' id='word_1_866' title='bbox 3451 4987 3707 5055; x_wconf 78' lang='grc' dir='ltr'>ἀξιώσῃ,</span> 
     </span>
    </p>
   </div>
   <div class='ocr_carea' id='block_1_116' title="bbox 2123 5065 3709 5139">
    <p class='ocr_par' dir='ltr' id='par_1_116' title="bbox 2123 5065 3709 5139">
     <span class='ocr_line' id='line_1_116' title="bbox 2123 5065 3709 5139; baseline 0.006 -22"><span class='ocrx_word' id='word_1_867' title='bbox 2123 5067 2306 5137; x_wconf 79' lang='grc' dir='ltr'>φησὶν,</span> <span class='ocrx_word' id='word_1_868' title='bbox 2336 5067 2493 5135; x_wconf 84' lang='grc' dir='ltr'>ὑμᾶς</span> <span class='ocrx_word' id='word_1_869' title='bbox 2518 5065 2626 5136; x_wconf 80' lang='grc' dir='ltr'>τῆς</span> <span class='ocrx_word' id='word_1_870' title='bbox 2661 5069 2961 5139; x_wconf 82' lang='grc' dir='ltr'>κλήσεως,</span> <span class='ocrx_word' id='word_1_871' title='bbox 3011 5070 3225 5135; x_wconf 82' lang='grc' dir='ltr'>δεικνὺς</span> <span class='ocrx_word' id='word_1_872' title='bbox 3268 5072 3350 5124; x_wconf 80' lang='grc' dir='ltr'>ὅτι</span> <span class='ocrx_word' id='word_1_873' title='bbox 3401 5071 3587 5124; x_wconf 74' lang='grc' dir='ltr'>πολλοὶ</span> <span class='ocrx_word' id='word_1_874' title='bbox 3615 5074 3709 5126; x_wconf 73' lang='grc' dir='ltr'>καὶ</span> 
     </span>
    </p>
   </div>
   <div class='ocr_carea' id='block_1_117' title="bbox 2122 5151 3710 5226">
    <p class='ocr_par' dir='ltr' id='par_1_117' title="bbox 2122 5151 3710 5226">
     <span class='ocr_line' id='line_1_117' title="bbox 2122 5151 3710 5226; baseline 0.004 -22"><span class='ocrx_word' id='word_1_875' title='bbox 2122 5151 2531 5222; x_wconf 80' lang='grc' dir='ltr'>ἀπεϐλήθησαν.</span> <span class='ocrx_word' id='word_1_876' title='bbox 2589 5152 2689 5206; x_wconf 86' lang='grc' dir='ltr'>Διά</span> <span class='ocrx_word' id='word_1_877' title='bbox 2733 5153 2893 5207; x_wconf 91' lang='grc' dir='ltr'>τοῦτο</span> <span class='ocrx_word' id='word_1_878' title='bbox 2941 5156 3210 5226; x_wconf 86' lang='grc' dir='ltr'>ἐπήγαγε,</span> <span class='ocrx_word' id='word_1_879' title='bbox 3269 5156 3379 5209; x_wconf 77' lang='grc' dir='ltr'>Καὶ</span> <span class='ocrx_word' id='word_1_880' title='bbox 3416 5157 3710 5226; x_wconf 82' lang='grc' dir='ltr'>πληρώσῃ</span> 
     </span>
    </p>
   </div>
   <div class='ocr_carea' id='block_1_118' title="bbox 2121 5233 3711 5311">
    <p class='ocr_par' dir='ltr' id='par_1_118' title="bbox 2121 5233 3711 5311">
     <span class='ocr_line' id='line_1_118' title="bbox 2121 5233 3711 5311; baseline 0.004 -24"><span class='ocrx_word' id='word_1_881' title='bbox 2121 5233 2329 5289; x_wconf 81' lang='grc' dir='ltr'>πᾶσαν</span> <span class='ocrx_word' id='word_1_882' title='bbox 2344 5234 2628 5290; x_wconf 83' lang='grc' dir='ltr'>εὐδοκίαν</span> <span class='ocrx_word' id='word_1_883' title='bbox 2655 5237 3078 5306; x_wconf 82' lang='grc' dir='ltr'>ἀγαθωσύνης.</span> <span class='ocrx_word' id='word_1_884' title='bbox 3128 5238 3282 5292; x_wconf 79' lang='grc' dir='ltr'>Ἐπεὶ</span> <span class='ocrx_word' id='word_1_885' title='bbox 3326 5239 3419 5292; x_wconf 75' lang='grc' dir='ltr'>καὶ</span> <span class='ocrx_word' id='word_1_886' title='bbox 3449 5241 3478 5292; x_wconf 87' lang='grc' dir='ltr'>ὁ</span> <span class='ocrx_word' id='word_1_887' title='bbox 3515 5242 3582 5293; x_wconf 78' lang='grc' dir='ltr'>τά</span> <span class='ocrx_word' id='word_1_888' title='bbox 3614 5245 3711 5311; x_wconf 82' lang='grc' dir='ltr'>ῥυ-</span> 
     </span>
    </p>
   </div>
   <div class='ocr_carea' id='block_1_119' title="bbox 2123 5317 3710 5393">
    <p class='ocr_par' dir='ltr' id='par_1_119' title="bbox 2123 5317 3710 5393">
     <span class='ocr_line' id='line_1_119' title="bbox 2123 5317 3710 5393; baseline 0.004 -23"><span class='ocrx_word' id='word_1_889' title='bbox 2123 5317 2274 5388; x_wconf 76' lang='grc' dir='ltr'>παρά</span> <span class='ocrx_word' id='word_1_890' title='bbox 2303 5318 2495 5386; x_wconf 86' lang='grc' dir='ltr'>ἱμάτια</span> <span class='ocrx_word' id='word_1_891' title='bbox 2535 5318 2880 5390; x_wconf 86' lang='grc' dir='ltr'>ἐνδεδυμένος</span> <span class='ocrx_word' id='word_1_892' title='bbox 2927 5321 3155 5391; x_wconf 86' lang='grc' dir='ltr'>ἐκλήθη,</span> <span class='ocrx_word' id='word_1_893' title='bbox 3195 5321 3308 5375; x_wconf 86' lang='grc' dir='ltr'>ἀλλ’</span> <span class='ocrx_word' id='word_1_894' title='bbox 3343 5322 3443 5375; x_wconf 92' lang='grc' dir='ltr'>ούκ</span> <span class='ocrx_word' id='word_1_895' title='bbox 3492 5322 3710 5393; x_wconf 78' lang='grc' dir='ltr'>ἔμεινεν</span> 
     </span>
    </p>
   </div>
   <div class='ocr_carea' id='block_1_120' title="bbox 2119 5401 3710 5477">
    <p class='ocr_par' dir='ltr' id='par_1_120' title="bbox 2119 5401 3710 5477">
     <span class='ocr_line' id='line_1_120' title="bbox 2119 5401 3710 5477; baseline 0.003 -24"><span class='ocrx_word' id='word_1_896' title='bbox 2119 5401 2178 5454; x_wconf 88' lang='grc' dir='ltr'>ἐν</span> <span class='ocrx_word' id='word_1_897' title='bbox 2205 5403 2274 5472; x_wconf 80' lang='grc' dir='ltr'>τῇ</span> <span class='ocrx_word' id='word_1_898' title='bbox 2303 5402 2495 5471; x_wconf 86' lang='grc' dir='ltr'>κλήσει</span> <span class='ocrx_word' id='word_1_899' title='bbox 2521 5417 2535 5430; x_wconf 91' lang='grc'>·</span> <span class='ocrx_word' id='word_1_900' title='bbox 2567 5402 2656 5456; x_wconf 86' lang='grc' dir='ltr'>διὰ</span> <span class='ocrx_word' id='word_1_901' title='bbox 2680 5404 2838 5457; x_wconf 84' lang='grc' dir='ltr'>τοῦτο</span> <span class='ocrx_word' id='word_1_902' title='bbox 2863 5405 2959 5458; x_wconf 75' lang='grc' dir='ltr'>καὶ</span> <span class='ocrx_word' id='word_1_903' title='bbox 2985 5405 3188 5475; x_wconf 81' lang='grc' dir='ltr'>μᾶλλον</span> <span class='ocrx_word' id='word_1_904' title='bbox 3219 5405 3444 5473; x_wconf 89' lang='grc' dir='ltr'>γέγονεν</span> <span class='ocrx_word' id='word_1_905' title='bbox 3470 5407 3710 5477; x_wconf 78' lang='grc' dir='ltr'>ἀπόϐληιο</span> 
     </span>
    </p>
   </div>
   <div class='ocr_carea' id='block_1_121' title="bbox 2120 5485 3710 5560">
    <p class='ocr_par' dir='ltr' id='par_1_121' title="bbox 2120 5485 3710 5560">
     <span class='ocr_line' id='line_1_121' title="bbox 2120 5485 3710 5560; baseline 0.005 -22"><span class='ocrx_word' id='word_1_906' title='bbox 2120 5502 2213 5550; x_wconf 90' lang='grc' dir='ltr'>τος</span> <span class='ocrx_word' id='word_1_907' title='bbox 2251 5485 2351 5556; x_wconf 91' lang='grc' dir='ltr'>τῆς</span> <span class='ocrx_word' id='word_1_908' title='bbox 2376 5486 2622 5558; x_wconf 86' lang='grc' dir='ltr'>κλήσεως</span> <span class='ocrx_word' id='word_1_909' title='bbox 2640 5488 2741 5559; x_wconf 86' lang='grc' dir='ltr'>τῆς</span> <span class='ocrx_word' id='word_1_910' title='bbox 2781 5490 2862 5554; x_wconf 85' lang='grc' dir='ltr'>εἰς</span> <span class='ocrx_word' id='word_1_911' title='bbox 2893 5489 2984 5543; x_wconf 90' lang='grc' dir='ltr'>τὸν</span> <span class='ocrx_word' id='word_1_912' title='bbox 3012 5488 3299 5560; x_wconf 88' lang='grc' dir='ltr'>νυμφῶνα.</span> <span class='ocrx_word' id='word_1_913' title='bbox 3344 5489 3499 5545; x_wconf 81' lang='grc' dir='ltr'>Ἐπεὶ</span> <span class='ocrx_word' id='word_1_914' title='bbox 3532 5493 3626 5546; x_wconf 81' lang='grc' dir='ltr'>καὶ</span> <span class='ocrx_word' id='word_1_915' title='bbox 3650 5493 3710 5547; x_wconf 83' lang='grc' dir='ltr'>αι</span> 
     </span>
    </p>
   </div>
   <div class='ocr_carea' id='block_1_122' title="bbox 2185 5697 2943 5758">
    <p class='ocr_par' dir='ltr' id='par_1_122' title="bbox 2185 5697 2943 5758">
     <span class='ocr_line' id='line_1_122' title="bbox 2185 5697 2943 5758; baseline 0.001 -13"><span class='ocrx_word' id='word_1_916' title='bbox 2185 5697 2211 5758; x_wconf 48' lang='grc' dir='ltr'>ξ</span> <span class='ocrx_word' id='word_1_917' title='bbox 2233 5697 2399 5758; x_wconf 74' lang='lat' dir='ltr'>Codex</span> <span class='ocrx_word' id='word_1_918' title='bbox 2426 5711 2575 5758; x_wconf 83' lang='lat' dir='ltr'><strong>unus,</strong></span> <span class='ocrx_word' id='word_1_919' title='bbox 2608 5698 2943 5748; x_wconf 81' lang='grc' dir='ltr'>ἐπιδείκνυται.</span> 
     </span>
    </p>
   </div>
   <div class='ocr_carea' id='block_1_123' title="bbox 2183 5756 3410 5834">
    <p class='ocr_par' dir='ltr' id='par_1_123' title="bbox 2183 5756 3410 5834">
     <span class='ocr_line' id='line_1_123' title="bbox 2183 5756 3410 5834; baseline 0.007 -26"><span class='ocrx_word' id='word_1_920' title='bbox 2183 5757 2211 5798; x_wconf 72' lang='grc' dir='ltr'>ὶι</span> <span class='ocrx_word' id='word_1_921' title='bbox 2236 5756 2657 5834; x_wconf 43' lang='lat' dir='ltr'>Scriptum‘fuisse</span> <span class='ocrx_word' id='word_1_922' title='bbox 2683 5759 2832 5813; x_wconf 81' lang='lat' dir='ltr'>velim</span> <span class='ocrx_word' id='word_1_923' title='bbox 2856 5762 2963 5811; x_wconf 83' lang='grc' dir='ltr'>τότε</span> <span class='ocrx_word' id='word_1_924' title='bbox 2985 5762 3225 5820; x_wconf 78' lang='grc' dir='ltr'>δοξάζεται</span> <span class='ocrx_word' id='word_1_925' title='bbox 3271 5765 3410 5817; x_wconf 69' lang='lat' dir='ltr'><strong>Enn.</strong></span> 
     </span>
    </p>
   </div>
  </div>
