4114 6396
370 323 471 376 481

367 440 530 491 πέντε
583 437 844 510 παρθένοι
886 435 1192 511 ἐκλήθησαν
1223 457 1236 470 ·
1298 439 1616 512 ἐγείρεσθε,
1673 439 1874 510 φησὶν,
1916 438 1945 489 6

369 523 602 592 νυμφίος
645 522 862 592 ἔρχεται
891 539 906 553 ο
959 524 1054 577 καὶ
1112 525 1626 594 παρεσκευάσαντο,
1673 523 1788 578 ἀλλ’
1847 523 1949 576 οὐκ

369 605 642 676 εἰσῆλθον.
689 605 876 676 Δηλῶν
905 601 997 658 οὖν
1037 607 1197 659 ποίαν
1239 606 1452 676 κλῆσιν,
1507 607 1754 678 ἐπήγαγε
1785 623 1800 639 ·
1837 605 1948 660 Kal

368 691 658 758 πληρώσῃ
709 687 918 744 πᾶσαν
957 689 1242 744 εὐδοκίαν
1274 691 1693 759 ἀγαθωσύνης,
1730 688 1829 744 καὶ
1851 687 1947 755 ἕρ-

368 790 477 842 γον
521 773 779 836 πίστεως
818 773 890 826 ἐν
940 772 1210 843 δυνάμει.
1263 773 1480 844 Ταύτην
1522 773 1792 844 ζητοῦμεν
1850 771 1948 842 τὴν

368 846 580 925 κλῆσιν,
618 857 803 926 φησίν.
845 857 989 928 Ὅρα
1026 856 1142 921 πῶς
1187 858 1370 928 ἡρέμα
1403 859 1600 921 αὐτοὺς
1645 857 1947 911 καταστέλ-

367 939 470 995 λει.
501 942 616 994 Ἵνα
638 942 747 1011 γὰρ
786 941 860 1012 μὴ
889 944 954 1012 τῇ
981 942 1090 994 τῶν
1113 943 1404 1010 ἐγκωμίων
1431 941 1703 1012 ὑπερϐολῇ
1737 959 1948 1012 χαυνω-

368 1025 569 1090 θῶσιν,
631 1026 707 1089 ὡς
762 1027 973 1097 μεγάλα
1032 1027 1496 1097 κατωρθωκότες,
1552 1027 1650 1080 καὶ
1710 1027 1948 1098 ρᾁυμοι

366 1107 943 1175 γένωνται,δείκνυσιν
989 1110 1072 1162 ὅτι
1128 1109 1209 1162 ἐτι
1259 1111 1444 1172 αὐτοῖς
1503 1109 1701 1172 λείπει,
1752 1109 1856 1172 ἕως
1881 1107 1947 1162 ἂν

365 1185 498 1243 ὦσιν
524 1193 581 1244 ἐν
606 1191 684 1261 τῷ
715 1191 814 1261 βίῳ
839 1192 1014 1263 τούτῳ
1051 1210 1065 1223 ·
1105 1193 1240 1264 ὅπερ
1290 1194 1386 1246 καὶ
1424 1192 1696 1262 Ἑϐραίοις
1719 1193 1946 1262 γράφων

365 1273 548 1341 ἔλεγεν
581 1291 593 1302 '
654 1275 828 1328 Οὔπω
887 1275 1098 1344 μέχρις
1140 1277 1388 1344 αἵματος
1454 1277 1942 1343 ἀντικατέστητε,

364 1355 516 1424 πρὸς
545 1355 662 1425 τὴν
690 1358 981 1426 ἁμαρτίαν
1007 1358 1556 1428 ἀνταγωνιζόμενοι.
1583 1359 1686 1425 Εἰς
1710 1356 1946 1423 πᾶσαν,

365 1439 553 1508 φησιν,
600 1439 885 1493 εὐδοκίαν
915 1456 928 1470 ·
967 1441 1276 1508 τουτέστιν,
1329 1441 1656 1512 ἀρέσκειαν,
1705 1443 1940 1510 πεῖσμα,

364 1522 737 1593 πληροφορίαν
761 1541 774 1554 ο
799 1524 932 1578 ὡσεὶ
957 1526 1163 1593 ἔλεγεν,
1198 1527 1288 1579 ἵνα
1324 1527 1386 1578 τὸ
1429 1527 1636 1594 πεῖσμα
1659 1524 1753 1577 τοῦ
1792 1523 1942 1596 [524]

364 1606 502 1658 Θεοῦ
535 1606 598 1673 γέ
612 1623 780 1676 θηται,
809 1609 896 1661 ἵνα
930 1608 1094 1678 μηδὲν
1137 1609 1264 1678 ὑμῖν
1317 1607 1498 1680 λείπῃ,
1535 1609 1625 1661 ἵνα
1657 1607 1732 1670 ὡς
1758 1607 1944 1676 βούλε-

362 1707 455 1743 ται
488 1691 660 1756 οὕτως
679 1689 797 1762 ἦτε.
835 1695 944 1747 Καὶ
977 1695 1175 1763 ἔργον,
1207 1696 1362 1763 φησὶ,
1389 1696 1649 1759 πίστεως
1671 1695 1741 1747 ὲν
1768 1692 1946 1748 δυνά-

358 1790 479 1842 μει.
509 1776 573 1828 Τί
591 1779 705 1829 ἐστι
729 1776 885 1830 τοῦτο
901 1795 920 1840 ;
956 1779 1018 1830 Ἦ
1043 1779 1289 1848 ὑπομονὴ
1315 1777 1423 1832 τῶν
1449 1778 1726 1848 διωγμῶν,
1751 1777 1837 1829 ἴνα
1867 1777 1942 1848 μὴ

363 1853 703 1923 ἑκλυώμεθα,
775 1857 956 1927 φησίν.
992 1857 1191 1922 Ὅπως
1265 1855 1608 1925 ἐνδοξασθῇ
1635 1857 1703 1910 τὸ
1755 1857 1944 1925 ὄνομα

364 1935 469 1989 τοῦ
505 1939 724 2005 Κυρίου
771 1938 940 2006 ἡμῶν
972 1938 1179 2008 Ἰησοῦ
1231 1940 1486 2007 Χριστοῦ
1541 1941 1611 1992 ἐν
1652 1938 1814 2008 ὑμῖν,
1841 1939 1940 1990 καὶ

362 2021 531 2088 ὑμεῖς
559 2023 629 2075 ἐν
656 2022 817 2089 αὐτῷ
859 2024 1009 2078 κατὰ
1056 2024 1170 2090 τὴν
1203 2024 1378 2094 χάριν
1427 2024 1534 2078 τοῦ
1567 2024 1715 2078 Θεοῦ
1749 2023 1939 2093 ἡμῶν,

361 2106 461 2160 καὶ
497 2109 721 2175 Κυρίου
747 2107 950 2175 Ἰησοῦ
972 2109 1249 2177 Χριστοῦ.

434 2234 496 2298 β’.
537 2229 700 2298 Ὅρα·
733 2223 886 2281 εἶπεν
915 2231 1030 2282 ἐκεῖ
1044 2229 1223 2296 δόξαν,
1250 2225 1370 2282 εἷπε
1395 2229 1490 2283 καὶ
1511 2229 1765 2282 ἐνταῦθα’
1789 2227 1941 2283 εἶπεν

361 2311 444 2364 ὅτι
474 2311 628 2365 αὐτοὶ
647 2311 980 2376 δοξάζονται,
1003 2311 1144 2365 ὥστε
1185 2313 1277 2365 καὶ
1325 2312 1634 2382 καυχᾶσθαι
1667 2330 1680 2343 ·
1730 2307 1884 2367 εἶπεν
1913 2313 1941 2366 ὃ

361 2394 542 2463 πολλῷ
565 2396 725 2447 πλέον
752 2391 841 2465 ἦν,
879 2397 962 2449 ὅτι
991 2398 1085 2448 καὶ
1118 2396 1208 2450 τὸν
1234 2395 1368 2448 Θεὸν
1400 2396 1710 2461 δοξάζουσιν
1741 2414 1754 2427 ·
1787 2392 1941 2450 εἶπεν

360 2481 442 2533 ὅτι
469 2479 839 2548 ἀπολήψονται
863 2480 962 2551 τὴν
982 2479 1136 2544 δόξαν
1153 2482 1371 2552 ἐκείνην
1391 2498 1404 2512 ο
1437 2481 1572 2534 ἀλλὰ
1591 2481 1683 2533 καὶ
1705 2481 1942 2534 ἐνταῦθά

361 2582 495 2634 φησι
532 2581 546 2595 ’
577 2564 671 2617 τοῦ
701 2563 808 2634 γὰρ
837 2564 1098 2617 δεσπότου
1136 2564 1515 2635 δοξαζομένου,
1541 2566 1633 2618 καὶ
1669 2565 1720 2617 οί
1763 2564 1941 2618 δοῦλοι

359 2647 694 2711 δοξάζονται.
728 2648 790 2700 Ol
816 2647 925 2716 γάρ
957 2647 1050 2700 τὸν
1083 2647 1348 2718 δεσπότην
1379 2647 1725 2712 δοξάζοντες,
1759 2647 1939 2718 πολλῷ

363 2732 564 2802 μᾶλλον
594 2731 748 2785 αὐτοὶ
772 2730 1103 2795 δοξάζονται,
1135 2731 1232 2784 καὶ
1264 2731 1436 2802 τούτῳ
1460 2730 1627 2801 αὐτῷ,
1651 2732 1744 2784 καὶ⁸
1768 2733 1939 2802 χωρὶς

357 2816 571 2875 τούτου.
599 2815 736 2880 Δόξα
767 2815 876 2884 γάρ
911 2817 1058 2867 ἐστιν
1089 2817 1121 2885 ἡ
1155 2814 1331 2884 θλῖψις
1369 2816 1401 2883 ἠ
1431 2815 1521 2868 διὰ
1556 2815 1807 2885 Χριστὸν,
1845 2816 1940 2869 καὶ

359 2899 637 2968 πανταχοῦ
694 2899 852 2964 δόξαν
911 2898 973 2950 τὸ
1032 2900 1264 2969 πρᾶγμα
1315 2898 1517 2952 καλεῖ·
1580 2900 1676 2952 καὶ
1710 2899 1822 2970 ὅσῳ
1870 2899 1938 2953 ἂν

359 2982 554 3052 ἄτιμόν
591 2998 646 3035 τι
685 2981 969 3052 πάθωμεν,
1013 2982 1250 3052 τοσούτῳ
1291 2981 1491 3052 μᾶλλον
1513 2983 1774 3051 γινόμεθα
1795 2982 1932 3052 λαμ-

362 3064 510 3134 προί.
541 3059 673 3117 Εἶτα
701 3065 864 3117 πάλιν
887 3065 1101 3129 δεικνὺς
1121 3066 1202 3118 ὅτι
1221 3065 1314 3118 καὶ
1337 3064 1497 3118 τοῦτο
1525 3066 1655 3118 αὐτὸ
1677 3065 1771 3118 τοῦ
1796 3065 1934 3120 Θεοῦ

359 3149 496 3209 ἐστι,
532 3148 686 3218 φησὶ,
713 3148 877 3201 Κατὰ
912 3147 1028 3215 τὴν
1067 3147 1242 3216 χάριν
1285 3146 1393 3201 τοῦ
1448 3147 1597 3202 Θεοῦ
1639 3147 1810 3218 ἡμῶν
1839 3149 1939 3204 καὶ

358 3230 580 3298 Κυρίου
628 3230 823 3298 Ἰησοῦ
873 3231 1132 3298 Χριστοῦ
1185 3244 1200 3259 ⁸
1257 3231 1528 3297 τουτέστι,
1583 3231 1790 3302 ταύτην
1837 3231 1938 3302 τὴν

360 3315 522 3385 χάριν
552 3317 686 3385 ἡμῖν
719 3315 882 3378 αὐτὸς
932 3314 1133 3367 ἔδωκεν
1176 3316 1204 3366 6
1252 3314 1403 3382 Θεὸς,
1450 3316 1538 3369 ἵνα
1565 3314 1854 3384 δοξάζηται
1881 3319 1937 3369 ἐν

360 3399 512 3467 ἡμῖν,
549 3399 645 3450 καὶ
682 3396 877 3469 δοξάζῃ
909 3399 1057 3468 ἡμᾶς
1104 3399 1162 3450 ἐν
1199 3397 1366 3468 αύτῷ.
1421 3397 1544 3461 Πῶς
1576 3397 1853 3462 δοξάζεται
1880 3401 1938 3452 ἐν

359 3485 524 3551 Mdv;
546 3480 670 3534 ’Ότι
690 3480 843 3533 οὐδὲν
863 3480 1026 3533 αὑτοῦ
1051 3481 1423 3550 προτιμῶμεν.
1453 3480 1575 3542 Πῶς
1601 3479 1938 3551 δοξαζόμεθα

359 3567 417 3617 ἐν
451 3565 630 3636 αύτῴ;
673 3567 795 3620 Ὀτι
836 3565 1066 3635 δύναμιν
1103 3565 1401 3637 εἰλήφαμεν
1443 3567 1573 3636 παρ’
1606 3565 1771 3620 αὑτοῦ
1797 3565 1937 3620 ὥστε

364 3650 501 3719 μηδὲ
530 3651 784 3704 ἐνδιδόναι
811 3653 924 3713 τοῖς
958 3651 1320 3721 ἐπαγομένοις
1366 3651 1577 3712 δεινοῖς.
1625 3648 1791 3719 Ὀμοῦ
1826 3650 1934 3721 γάρ

360 3733 490 3787 ὅταν
519 3737 824 3806 πειρασμὸς
869 3735 1072 3805 συμϐῇ,
1103 3737 1198 3788 καὶ
1243 3737 1272 3787 6
1325 3734 1456 3796 Θεὸς
1499 3733 1799 3798 δοξάζεται,
1846 3735 1938 3787 καὶ

361 3819 526 3887 ἡμεῖς
560 3833 574 3847 ·
616 3817 777 3872 αὐτὸν
815 3819 912 3888 μὲν
962 3820 1071 3890 γάρ
1122 3819 1452 3884 δοξάζουσιν,
1476 3819 1558 3871 ὅτι
1589 3818 1762 3890 οὕτως
1790 3819 1938 3888 ἡμᾶς

362 3898 665 3970 ἐνεύρωσεν
696 3915 710 3929 ·
743 3902 890 3970 ἡμᾶς
922 3901 980 3953 δὲ
1025 3889 1421 3969 θαυμάζουσιν.
1456 3902 1538 3953 ὅτι
1585 3889 1770 3968 ἀξίους
1807 3903 1937 3954 ἐαυ-

362 3982 490 4044 τοὺς
553 3983 1067 4052 παρεσκευάσαμεν.
1124 3984 1311 4036 Πάντα
1364 3983 1422 4036 δὲ
1472 3983 1646 4037 ταῦτα
1698 3985 1807 4038 ἀπὸ
1835 3983 1938 4052 τῆς

361 4063 583 4136 χάριτος
636 4066 730 4118 τοῦ
795 4065 930 4118 Θεοῦ
977 4067 1206 4133 γίνεται.
1251 4065 1590 4134 Ἐρωτῶμεν
1645 4066 1715 4118 δὲ
1757 4065 1934 4134 ὑμᾶς,

360 4146 632 4217 ἀδελφοὶ,
663 4147 818 4217 ὑπὲρ
844 4147 954 4218 τῆς
991 4149 1328 4216 παρουσίας
1360 4149 1465 4202 τοῦ
1517 4150 1739 4216 Κυρίου
1766 4148 1938 4217 ἡμῶν

371 4231 566 4298 Ἰησοῦ
604 4231 860 4300 Χριστοῦ
887 4232 984 4285 καὶ
1021 4231 1194 4301 ἡμῶν
1223 4231 1682 4302 ἐπισυναγωγῆς
1705 4231 1796 4286 ἐπ’
1826 4234 1934 4287 αὺ-

358 4313 486 4378 τὸν,
521 4316 608 4381 είς
632 4315 699 4368 τὸ
722 4314 808 4384 μὴ
830 4313 1054 4384 ταχέως
1087 4313 1459 4383 σαλευθῆναι
1494 4313 1649 4384 ὑμᾶς
1686 4315 1801 4370 ἀπὸ
1828 4315 1934 4369 τοῦ

359 4399 522 4464 νοός.
555 4388 691 4453 Πότε
721 4399 819 4468 μὲν
866 4398 1019 4451 ἔσται
1067 4398 1383 4460 ἀνάστασις,
1424 4398 1524 4451 οὐκ
1561 4399 1782 4469 εἴρηκεν
1811 4414 1824 4427 ·
1853 4400 1932 4453 ὅτι

357 4484 416 4537 δὲ
442 4481 538 4537 νῦν
565 4485 666 4536 οὐκ
698 4483 868 4546 ἔσται,
892 4482 1102 4553 εἴρηκε.
1119 4483 1230 4536 Kal
1262 4481 1449 4551 ήμῶν,
1481 4484 1665 4552 φησὶν,
1689 4483 1935 4536 ἐπισυν-

308 4615 313 4618 .
357 4564 596 4636 ἀγωγῆς
640 4566 732 4620 ἐπ’
767 4568 971 4622 αὐτόν.
1022 4567 1097 4620 Ού
1146 4565 1342 4638 μικρὸν
1405 4567 1499 4618 κοιλ¹
1552 4565 1726 4620 τοῦτο.
1773 4565 1936 4638 Ὁρᾷς

359 4651 480 4712 πῶς
537 4650 628 4704 καὶ
692 4650 726 4720 ή
787 4649 1104 4719 παραίνεσις
1158 4649 1320 4703 πάλιν
1373 4650 1490 4718 μετ’
1541 4649 1818 4718 ἐγκωμίου
1841 4651 1936 4702 καὶ⁴

362 4733 700 4804 προτροπῆς,
735 4732 817 4802 τῷ
857 4734 1076 4796 πάντως
1109 4732 1228 4799 μεθ’
1258 4731 1414 4802 ἡμῶν
1444 4732 1622 4784 αὐτῶν
1653 4731 1934 4799 φαίνεσθαι

360 4817 452 4869 τὸν
478 4815 681 4889 Κύριον
706 4817 947 4877 καὶτοὺς
970 4815 1154 4882 ἁγίους
1175 4815 1416 4880 πάντας;
1452 4814 1588 4885 Περὶ
1614 4814 1713 4884 τῆς
1738 4831 1936 4885 παρου-

364 4901 485 4963 σίας
511 4899 606 4953 τοῦ
632 4898 868 4972 Χριστοῦ
901 4897 1132 4951 ἐνταῦθα
1179 4897 1508 4964 διαλέγεται,
1561 4896 1652 4948 καὶ
1675 4897 1804 4967 περὶ
1836 4897 1934 4967 τῆς

361 4983 780 5052 ἐπισυναγωγῆς
820 4983 919 5051 τῆς
971 4980 1130 5052 ἡμῶν
1158 4997 1171 5010 ·
1221 4979 1357 5050 ὁμοῦ
1405 4979 1513 5050 γάρ
1551 4979 1722 5032 ταῦτα
1759 4979 1930 5033 ἔσται.

373 5068 619 5138 Ἐπαίρει
651 5066 750 5138 τὴν
771 5065 1008 5120 διάνοιαν
1037 5063 1215 5117 αὐτῶν
1243 5080 1257 5094 ο
1283 5065 1363 5126 είς
1391 5062 1452 5116 τὸ
1485 5062 1559 5134 μὴ
1590 5063 1930 5129 σαλεύεσθαι,

361 5155 514 5222 φησὶ,
539 5152 747 5222 ταχέως
775 5151 940 5222 ὑμᾶς.
964 5149 1125 5216 Μήτε
1155 5147 1440 5216 θροεῖσθε,
1466 5149 1618 5217 μήτε
1638 5147 1735 5201 διὰ
1755 5150 1934 5202 πνεύ-

353 5253 564 5306 ματος,
589 5233 744 5306 μήτε
774 5233 872 5287 διὰ
901 5234 1107 5299 λόγου,
1165 5230 1318 5301 μήτε
1353 5231 1429 5284 δι’
1472 5230 1823 5298 ἐπιστολῆς,
1853 5233 1935 5298 ὡς

359 5321 435 5374 δι’
465 5320 652 5390 ἡμῶν,
688 5320 768 5384 ὼς
788 5318 878 5372 ὅτι
904 5315 1232 5384 ἐνέστηκεν
1264 5315 1301 5381 ἡ
1332 5313 1524 5383 ἡμέρα
1553 5314 1659 5368 τοῦ
1683 5317 1931 5383 Κυρίου.

374 5403 636 5458 Ἐνταῦθα
660 5404 807 5457 δοκεῖ
836 5419 924 5472 μοι
954 5397 1287 5452 αἰνίττεσθαι
1324 5397 1593 5470 περιιέναι
1630 5399 1783 5463 τινὰς
1816 5403 1933 5453 ἐπι-

362 5489 554 5560 στολὴν
584 5488 893 5549 πλάσαντας
921 5484 1078 5556 δῆθεν
1102 5478 1321 5534 ἀπὸτοῦ
1345 5481 1578 5546 Παύλου,
1609 5483 1703 5535 καὶ
1731 5483 1933 5554 ταύτην

360 5572 832 5642 ἐπιδεικνυμένους
857 5569 1055 5636 λέγειν,
1083 5565 1156 5628 ὡς
1184 5564 1292 5635 ἄρα
1316 5564 1584 5635 ἐφέστηκε
1606 5565 1702 5618 τοῦ
1729 5567 1932 5636 Κυρίου

359 5659 394 5727 ὴ
434 5656 634 5728 ἡμέρα,
667 5657 752 5709 ἵνα
800 5653 1024 5715 πολλοὺς
1077 5647 1324 5702 ἐντεῦθεν
1377 5649 1745 5718 πλανήσωσιν.
1770 5651 1932 5704 Ὥστε

359 5736 452 5796 οὖν
484 5741 562 5813 μὴ
599 5737 963 5810 ἀπατηθῆναι,
1011 5732 1363 5804 άσφαλίζεται
1392 5733 1586 5797 αὐτοὺς
1620 5737 1647 5788 6
1694 5736 1928 5804 Παῦλος,

1098 324 1158 381 S.
1197 322 1486 380 JOANNIS
1521 321 2011 407 CHRYSOSTOMI
2050 323 2372 381 ARCIIIEP.
2413 324 2964 382 CONSTANTINOP.

3520 333 3627 387 489.

2054 439 2122 492 δι’
2151 435 2227 494 ὧν
2251 439 2448 511 γράφει
2504 440 2597 494 καί
2654 457 2785 510 φησι
2815 456 2828 469 °
2865 440 2960 508 Μὴ
3017 440 3307 508 θροεῖσθε,
3358 444 3504 514 μήτε
3531 446 3627 501 διὰ

1999 530 2004 534 ’
2051 523 2414 593 πνεύματος,
2437 522 2590 592 μήτε
2633 522 2731 577 διὰ
2785 523 2989 592 λόγου.
3049 525 3113 578 Ὃ
3157 525 3215 578 δὲ
3277 526 3446 594 λέγει,
3468 529 3628 582 τοῦτό

2050 607 2169 660 ἐστι
2201 625 2215 638 ο
2245 608 2348 662 κάν
2377 624 2460 670 τις
2485 606 2703 677 πνεῦμα
2729 605 3066 677 προφητείας
3098 606 3237 677 ἔχων
3265 607 3423 662 τοῦτο
3470 612 3622 684 εἴπῃ.

2053 691 2128 760 μὴ
2157 689 2508 760 πιστεύσητε.
2545 689 2676 742 Ὅτε
2735 690 2844 760 γὰρ
2893 690 3040 760 ήμην
3086 691 3224 759 πρὸς
3264 691 3429 761 ὑμᾶς,
3453 692 3625 746 ταῦτα

2049 769 2202 826 εἷπον
2257 775 2384 844 ὑμῖν
2415 788 2431 802 ⁶
2495 772 2636 826 ὥστε
2684 773 2744 825 οὐ
2800 773 2882 826 δεῖ
2933 773 3376 842 μεταπείθεσθαι,
3427 775 3522 846 ἀφ’
3551 771 3626 830 ὧν

2048 855 2382 927 ἐδιδάχθητε.
2410 859 2485 912 Ἣ
2507 855 2604 909 διὰ
2628 855 2988 924 πνεύματος.
3015 856 3154 918 Τοὺς
3173 851 3624 931 ψευδοπροφήτας

2047 935 2191 990 οῦτω
2219 937 2375 991 καλεῖ
2422 939 2694 1004 πνεύματι
2756 935 2910 1008 [5251
2962 936 3259 1008 ἀκαθάρτῳ
3301 935 3622 1007 λαλοῦντας,

2049 1023 2191 1092 ἆπερ
2221 1022 2465 1075 ἐλάλουν.
2498 1021 2817 1091 Βουλόμενοι
2845 1021 2953 1091 γάρ
2981 1017 3122 1075 οῦτοι
3157 1022 3358 1092 μᾶλλον
3393 1026 3616 1079 πιστεύ-

2047 1105 2223 1168 εσθαι,
2245 1106 2304 1158 ού
2334 1107 2493 1174 μόνον
2516 1105 2604 1159 διὰ
2628 1104 3008 1172 πιθανολογίας
3031 1106 3348 1176 ἐπεχείρουν
3367 1108 3583 1178 άπατᾷν
3605 1128 3617 1139 ·

2046 1187 2204 1240 τοῦτο
2230 1189 2337 1259 γὰρ
2366 1189 2618 1258 ἐμφαίνει
2655 1187 2824 1240 εἰπὼν
2845 1227 2860 1252 ,
2903 1187 3065 1254 Μήτε
3101 1187 3198 1242 διὰ
3226 1191 3411 1258 λόγου
3445 1207 3459 1221 ·
3489 1191 3624 1244 άλλά

2048 1272 2142 1326 καὶ
2173 1273 2562 1344 πεπλασμένην
2589 1273 2884 1343 ἐπιστολὴν
2909 1272 3250 1325 ἐπεδείκνυον
3281 1274 3356 1336 ὡς
3396 1275 3506 1327 ἀπὸ
3528 1279 3627 1331 τοῦ

2047 1354 2280 1420 Παύλου,
2309 1356 2368 1407 τὸ
2401 1356 2531 1408 αύτὸ
2551 1355 2706 1408 τοῦτο
2729 1353 3015 1426 δηλοῦσαν.
3049 1354 3148 1407 Διὰ
3171 1355 3329 1408 τοῦτο
3359 1357 3456 1409 καὶ
3493 1359 3624 1411 αὐτὸ

2046 1439 2328 1508 ἐμφαίνων
2371 1439 2617 1508 ἐπήγαγε
2666 1438 2748 1503 τὸ,
2813 1437 2978 1507 Μήτε
3027 1435 3103 1489 δι’
3145 1437 3501 1507 ἐπιστολῆς,
3545 1441 3624 1506 ὠς

2045 1521 2119 1575 δι’
2148 1521 2338 1590 ἡμῶν.

2113 1630 2458 1702 Πανταχόθεν
2503 1631 2685 1685 τοίνυν
2733 1632 2931 1694 αὐτοὺς
2983 1631 3446 1702 ἀσφαλισάμενος,
3483 1632 3625 1685 οὓτω

2044 1718 2142 1789 τὴν
2169 1719 2374 1770 οἰκείαν
2399 1715 2622 1786 γνώμην
2651 1716 2944 1778 ἐκτίθεται,
3003 1715 3097 1768 καὶ
3149 1714 3295 1783 λέγει
3322 1733 3335 1744 ·
3381 1716 3480 1784 Μή
3536 1733 3626 1776 τις

2041 1799 2196 1868 ὑμᾶς
2245 1798 2601 1865 ἐξαπατήσῃ
2655 1797 2807 1851 κατὰ
2830 1796 3066 1865 μηδένα
3095 1799 3339 1864 τρόπον,
3381 1797 3470 1850 ὅτι
3517 1797 3626 1850 ἐὰν

2035 1882 2122 1952 μὴ
2146 1885 2294 1950 ἔλθῃ
2322 1883 2360 1949 ἠ
2392 1881 2738 1935 ἀποστασία
2785 1878 3038 1948 πρῶτον,
3085 1879 3182 1934 καὶ
3221 1880 3624 1948 ἀποκαλυφθῇ

2042 1968 2076 2020 ό
2135 1965 2444 2033 ἅνθρωπος
2505 1961 2614 2030 τῆς
2668 1964 2978 2031 ἁμαρτίας,
3031 1965 3065 2016 ό
3111 1961 3243 2028 υίὸς
3299 1962 3408 2029 τῆς
3467 1963 3624 2016 ἀπω-

2041 2049 2230 2112 λείας,
2285 2051 2318 2100 ό
2381 2047 2793 2114 ἀντικείμενος
2854 2046 2954 2100 καί
3007 2047 3473 2113 ὑπεραιρόμενος
3526 2047 3625 2098 ἐπὶ

2041 2131 2238 2185 πάντα
2276 2132 2606 2198 λεγόμενον
2639 2131 2789 2184 Θεὸν
2824 2130 2862 2198 ἣ
2911 2128 3205 2197 σέϐασμα,
3247 2127 3403 2182 ὥστε
3437 2130 3624 2183 αὐτὸν

2041 2218 2128 2281 εὶς
2160 2214 2266 2267 τὸν
2295 2215 2446 2267 ναὸν
2471 2212 2578 2266 τοῦ
2618 2214 2766 2267 Θεοῦ
2787 2213 2870 2279 ὡς
2904 2214 3054 2266 Θεὸν
3089 2213 3354 2276 καθίσαι,
3383 2214 3621 2267 ἀποδει-

2041 2298 2269 2350 κνύντα
2296 2295 2516 2349 ἑαυτὸν
2534 2295 2626 2348 ὅτι
2655 2295 2788 2348 ἐστι
2814 2295 2975 2360 Θεός.
2997 2295 3133 2365 Περὶ
3161 2294 3255 2347 τοῦ
3281 2295 3620 2366 ἀντιχρίστου

2042 2379 2274 2433 ἐνταῦθα
2296 2378 2627 2447 διαλέγεται,
2670 2379 2764 2432 καὶ
2825 2378 3039 2450 μεγάλα
3092 2378 3466 2432 ἀποκαλύπτει
3521 2397 3621 2449 μυ-

2044 2465 2262 2533 στήρια.
2299 2464 2364 2515 Τί
2418 2465 2566 2516 ἐστιν
2614 2465 2646 2532 ἡ
2697 2463 3039 2529 ἀποστασία;
3096 2463 3268 2516 Αὐτὸν
3322 2464 3479 2516 καλεῖ
3529 2462 3620 2516 τὸν

2040 2546 2380 2615 ἀντίχριστον
2415 2546 2768 2608 ἀποστασίαν,
2797 2544 2873 2607 ὼς
2901 2539 3128 2607 πολλοὺς
3165 2545 3422 2614 μέλλοντα
3457 2545 3620 2598 ἀπολ-

2039 2629 2194 2682 λύναι
2225 2630 2318 2682 καὶ
2351 2630 2601 2700 άφιστᾷνσ
2641 2629 2842 2693 ’Ὢστε,
2877 2630 3032 2699 φησι,
3065 2627 3612 2694 σκανδαλισθῆναι,

2038 2714 2092 2765 ει
2117 2711 2400 2773 δυνατὸν,
2447 2712 2546 2764 καὶ
2595 2711 2734 2776 τοὺς
2788 2711 3134 2775 ἐκλεκτούς.
3181 2711 3291 2762 Καὶ
3333 2709 3617 2780 ἄνθρωπον

2040 2793 2313 2864 ἁμαρτίας
2335 2793 2496 2845 αὐτὸν
2541 2793 2740 2846 καλεῖ·
2803 2792 2971 2862 μυρία
3032 2793 3140 2862 γάρ
3198 2792 3492 2862 ἐργάσεται
3523 2793 3617 2844 καὶ

2039 2876 2452 2948 παρασκευάσει
2490 2877 2708 2946 ἐτέρους
2767 2875 3107 2946 ἐργάσασθαι
3167 2875 3336 2928 δεινά.
3400 2875 3528 2926 Υίὸν
3557 2875 3616 2928 δὲ

2037 2960 2140 3027 τῆς
2169 2959 2442 3020 ἀπωλείας
2480 2959 2646 3028 φησὶν
2697 2958 2858 3010 αὐτὸν
2904 2957 2993 3011 διά
3043 2957 3103 3010 τὸ
3131 2958 3226 3010 καὶ
3253 2956 3416 3009 αὑτὸν
3447 2956 3614 3010 ἀπόλ-

2037 3043 2250 3096 λυσθαι.
2271 3043 2368 3106 Τίς
2394 3043 2450 3096 δὲ
2478 3036 2629 3105 οὗτός
2652 3042 2834 3104 ἐστιν;
2859 3037 2966 3112 ἆρα
2982 3043 3009 3094 6
3029 3044 3296 3105 σατανᾶς;
3324 3041 3610 3110 Οὐδαμῶςο

2038 3125 2154 3180 ἀλλ’
2180 3125 2463 3196 ἄνθρωπός
2504 3143 2586 3188 τις
2615 3126 2796 3178 πᾶσαν
2826 3123 2991 3177 αὑτοῦ
3024 3124 3310 3194 δεχόμενος
3330 3122 3428 3194 τὴν
3457 3123 3612 3192 ἐνέρ-

2037 3228 2192 3280 γειαν
2223 3227 2236 3240 ·
2284 3209 2394 3263 Kal
2443 3206 2843 3277 ἀποκαλυφθῇ
2901 3210 2935 3261 ό
2979 3207 3307 3274 ἅνθρωπος,
3353 3206 3547 3275 φησὶν,
3581 3209 3616 3260 ό

2036 3295 2498 3362 ὑπεραιρόμενος
2543 3291 2639 3344 ἐπὶ
2680 3290 2876 3344 πάντα
2923 3290 3247 3357 λεγόμενον
3277 3290 3424 3342 Θεὸν
3445 3286 3483 3355 ἢ
3513 3289 3616 3340 σέ-

2037 3380 2257 3446 ϐασμα.
2299 3377 2374 3429 Οὐ
2435 3375 2542 3446 γάρ
2591 3376 2670 3437 είς
2726 3373 3166 3441 εἰδωλολατρείαν
3217 3372 3334 3439 ἄξει
3383 3375 3611 3434 ἐκεῖνος,

2038 3462 2152 3515 ἀλλ’
2182 3460 2426 3522 ἀντίθεος
2460 3475 2544 3522 τις
2563 3459 2736 3523 ἔσται,
2775 3459 2867 3510 καὶ
2902 3457 3111 3518 πάντας
3152 3455 3448 3509 καταλύσει
3487 3457 3613 3518 τοὺς

2037 3547 2214 3610 θεοὺς,
2245 3545 2339 3598 καὶ
2372 3543 2616 3597 κελεύσει
2639 3543 2965 3612 προσκυνεῖν
2995 3541 3156 3593 αὑτὸν
3185 3540 3309 3593 ἀντὶ
3334 3541 3429 3593 τοῦ
3450 3541 3608 3602 Θεοῦ.

2037 3630 2133 3683 καὶ
2163 3627 2562 3696 καθεσθὴσεται
2607 3628 2687 3689 είς
2727 3625 2820 3678 τὸν
2870 3623 2996 3679 ναὸν
3019 3624 3116 3678 τοῦ
3141 3623 3299 3686 Θεοῦ,
3340 3625 3400 3676 ού
3433 3623 3524 3677 τὸν
3553 3626 3612 3676 ἐν

2048 3712 2439 3783 Ἱεροσολύμοις
2468 3711 2646 3778 μόνον,
2676 3707 2810 3761 ἀλλά
2830 3709 2925 3760 καὶ
2949 3709 3032 3770 είς
3052 3707 3149 3770 τὰς
3183 3706 3460 3776 πανταχοῦ
3484 3707 3609 3758 Ἐκ-

2036 3797 2284 3866 κλησίας.
2313 3793 2787 3857 Ἀποὸεικνύντα,
2831 3793 3017 3861 φησὶν,
3050 3790 3268 3844 ἑαυτὸν
3297 3791 3464 3844 Θεόν.
3497 3789 3612 3842 Οὐκ

2035 3877 2178 3944 εἷπε,
2210 3879 2456 3947 λέγοντα,
2489 3875 2645 3941 ἀλλὰ,
2693 3875 3033 3946 πειρώμενον
3070 3874 3450 3927 ἀποδεικνύναι
3475 3889 3488 3901 ’
3517 3873 3611 3923 καὶ

2038 3964 2142 4034 γὰρ
2168 3962 2302 4033 ἔργα
2339 3960 2550 4032 μεγάλα
2577 3959 2892 4030 ἐργάσεται,
2925 3958 3021 4010 καὶ
3051 3958 3256 4026 σημεῖα
3285 3955 3608 4018 ἐπιδείξεται

2037 4045 2339 4115 θαυμαστά.
2366 4046 2448 4098 Οὐ
2470 4041 2876 4111 μνημονεύετε
2904 4041 2992 4094 ὅτι
3039 4040 3127 4094 ἔτι
3150 4037 3236 4090 ὢν
3271 4037 3418 4105 πρὸς
3458 4035 3613 4106 ὑμᾶς

2035 4130 2222 4184 ταῦτα
2248 4129 2462 4197 ἔλεγον
2487 4126 2666 4196 ὐμῖν;

2105 4224 2174 4286 γ’.
2223 4217 2383 4286 Ὁρᾷς
2407 4215 2488 4266 ὅτι
2516 4214 2810 4280 ἀναγκαῖον
2840 4211 3079 4283 συνεχῶς
3095 4211 3266 4265 ταύτά
3291 4211 3493 4278 λέγειν,
3516 4210 3612 4264 καὶ

2035 4299 2316 4354 ἐπαντλεῖ-ι
2339 4300 2448 4360 τοῖς
2467 4297 2649 4359 αὐτοῖς
2668 4298 2932 4367 ρήμασιν;
2963 4295 3094 4348 Ἰδοὺ
3109 4294 3217 4365 γὰρ
3232 4295 3325 4348 καὶ
3349 4294 3610 4365 παρόντος

2035 4388 2274 4457 ἥκουσαν
2306 4382 2478 4436 ταῦτα
2518 4381 2785 4449 λέγοντος,
2821 4381 2916 4434 καὶ
2949 4379 3111 4434 πάλιν
3157 4379 3452 4450 ἐδεήθησαν
3478 4379 3611 4431 ὑπο-

2038 4471 2303 4539 μνήσεως.
2327 4465 2593 4535 Καθάπερ
2608 4465 2716 4536 γάρ
2738 4465 2865 4534 περὶ
2885 4464 2992 4518 τῶν
3007 4463 3240 4533 θλίψεων
3259 4463 3608 4524 ἀκούσαντες,

2034 4551 2383 4623 Καὶγὰρότε
2399 4547 2576 4620 ἦμεν,
2621 4549 2773 4620 φησὶ,
2811 4548 2962 4616 πρὸς
3002 4547 3180 4617 ὑμᾶς,
3210 4547 3612 4616 προελέγομεν

2033 4635 2194 4706 ὑμῖν,
2218 4636 2308 4689 ὅτι
2337 4634 2644 4705 μέλλομεν
2668 4632 2995 4686 θλίϐεσθαιο
3029 4632 3179 4700 ὅμως
3211 4629 3607 4701 ἐπελήσθησαν,

2033 4723 2127 4776 καὶ
2152 4719 2316 4774 πάλιν
2336 4717 2530 4779 αὐτοὺς
2555 4715 2798 4786 στηρίξει
2823 4714 2914 4768 διὰ
2932 4713 3042 4767 τῶν
3072 4716 3437 4784 γραμμάτων·
3467 4713 3611 4766 οὕτω

2033 4803 2128 4858 καὶ
2144 4804 2272 4874 περὶ
2289 4802 2389 4872 τῆς
2403 4799 2702 4869 παρουσίας
2720 4798 2813 4852 τοῦ
2832 4797 3068 4869 Χριστοῦ
3086 4798 3435 4861 ἀκούσαντες,
3450 4796 3610 4851 πάλιν

2033 4888 2240 4943 ἐδέοντο
2273 4885 2619 4956 γραμμάτων
2653 4883 2762 4936 τῶν
2800 4882 3170 4953 ρυθμιζόντων
3199 4880 3414 4944 αὐτούς.
3453 4883 3610 4933 Ἀνα-

2037 4973 2332 5042 μιμνήσκει
2359 4968 2486 5038 γοῦν
2508 4967 2723 5030 αὐτοὺς,
2753 4967 2847 5018 καὶ
2878 4965 3147 5021 δείκνυσιν
3173 4966 3254 5019 ὅτι
3285 4965 3438 5019 οὐδὲν
3461 4964 3610 5028 ξένον

2032 5055 2206 5124 λέγει,
2239 5052 2351 5107 ἀλλ’
2377 5052 2519 5121 άπερ
2545 5050 2634 5104 ἀεὶ
2681 5048 2855 5118 ἔλεγε.
2919 5049 3186 5121 Καθάπερ
3211 5049 3320 5122 γάρ
3373 5050 3466 5102 ἐπὶ
3500 5049 3610 5102 τῶν

2033 5140 2293 5210 γεωργῶν
2322 5136 2391 5189 τά
2425 5135 2714 5206 σπέρματα
2756 5133 3152 5188 καταϐάλλεται
3205 5134 3304 5204 μὲν
3329 5134 3496 5200 ἅπαξ,
3544 5135 3606 5186 ού

2036 5227 2183 5298 μένει
2201 5225 2257 5277 δὲ
2282 5221 2592 5284 διαπαντὸς,
2614 5219 2751 5275 ἀλλά
2786 5218 2986 5288 πολλῆς
3017 5219 3186 5271 δεῖται
3212 5219 3310 5288 τῆς
3334 5235 3607 5286 συγκατα-

2034 5308 2252 5378 σκευῆς,
2269 5305 2372 5358 κᾶν
2392 5305 2466 5375 μὴ
2480 5304 2578 5375 τὴν
2593 5304 2695 5373 γῆν
2711 5304 2812 5356 ἀνα
2819 5301 3210 5373 μοχλεύσαντες
3226 5319 3291 5354 πε
3303 5300 3606 5372 ριστείλωσι

2031 5392 2101 5445 τὰ
2135 5388 2602 5458 καταῦαλλόμενα,
2637 5390 2750 5450 τοῖς
2775 5385 3168 5457 σπερμολόγοις
3201 5385 3410 5455 ὀρνέοις
3423 5384 3608 5437 ἐσπει-

2037 5491 2158 5548 ρανο
2194 5473 2336 5528 οὕτω
2369 5475 2463 5525 καὶ
2492 5473 2674 5541 ἡμεῖς,
2727 5470 2793 5524 ἃν
2821 5474 2896 5542 μὴ
2938 5473 3004 5540 τῇ
3045 5471 3262 5538 συνεχεῖ
3293 5469 3483 5539 μνήμη
3533 5466 3606 5519 τά

2033 5557 2440 5628 καταῦληθέντα
2479 5554 2926 5625 περιστείλωμεν,
2968 5556 3048 5617 είς
3102 5552 3194 5606 τὸν
3242 5551 3379 5622 ἀέρα
3428 5551 3606 5602 πάντα

2033 5647 2356 5719 ἐρῤίψαμεν.
2383 5641 2495 5695 Καὶ
2515 5642 2622 5712 γάρ
2644 5640 2735 5693 καὶ
2753 5643 2781 5693 6
2806 5639 3052 5701 διάϐολος
3091 5636 3409 5709 ἐξαρπάζει,
3439 5635 3532 5688 καὶ

2035 5716 2280 5805 ἡμετέρα
2319 5725 2557 5799 ῥᾳθυμία
2585 5723 2864 5789 ἀπόλλυσι,
2912 5725 3005 5778 καὶ
3034 5722 3184 5794 ἥλιος
3211 5720 3472 5792 ξηραίνει,
3512 5716 3606 5770 καὶ
