4114 6396
442 236 549 290 485

441 365 492 404 et
540 349 960 404 moderarentur.
1007 347 1098 399 Εἰς
1133 360 1261 414 ergo
1307 351 1523 398 revocat
1566 342 1617 395 in
1666 339 2012 399 memoriam,

442 439 734 495 ostendens
761 454 819 494 se
849 437 979 492 nihil
1023 452 1215 490 novum
1244 443 1296 488 et
1322 435 1552 488 alienum
1584 429 1797 493 dicere,
1826 429 1920 484 sed
1954 443 2016 481 ea

442 547 562 602 qua:
603 545 817 600 semper
846 529 1076 584 dicebat.
1110 527 1259 582 Sicut
1295 526 1437 579 enim
1467 523 1607 593 apud
1637 521 1898 591 agricolas
1927 534 2016 574 se-

441 625 586 676 mina
616 620 829 690 quidem
859 619 1026 674 semel
1067 619 1389 687 dejiciuntur
1410 657 1425 682 ,
1457 630 1562 669 non
1593 623 1810 667 manent
1837 622 2016 666 autem

439 722 699 784 perpetuo
722 753 738 776 ,
778 711 872 766 sed
903 727 1091 779 magna
1130 724 1265 780 opus
1295 707 1495 762 habent
1521 720 1638 775 qua:
1662 705 1742 759 eis
1768 703 2020 758 adhibea-

439 817 527 860 tur
551 806 754 860 cultura
785 812 839 859 et
865 803 1177 867 curatione;
1210 810 1264 856 et
1294 800 1394 854 nisi
1427 809 1563 852 terra
1593 797 1858 867 proscissa
1889 810 2019 848 con-

440 897 672 952 texerint
685 911 746 950 ea
763 912 880 966 quae
896 895 1238 964 dejiciuntur,
1260 891 1587 947 scminarunt
1605 888 1792 943 avibus
1811 887 2015 942 semina

439 989 742 1060 legentibus
762 1006 775 1042 :
796 989 867 1041 ita
893 1002 992 1042 nos
1016 1000 1229 1057 quoque
1251 985 1351 1039 nisi
1374 983 1622 1037 continua
1649 980 2018 1035 recordatione

441 1083 836 1152 protexerimus
879 1095 939 1134 ea
969 1095 1088 1150 qua:
1116 1086 1241 1132 sunt
1284 1076 1524 1146 dejecta,
1554 1075 1604 1128 in
1635 1089 1812 1128 aerem
1839 1072 2016 1126 omnia

441 1176 772 1247 projicimus.
817 1173 1067 1228 Diabolus
1116 1171 1258 1226 enim
1303 1169 1473 1238 rapit,
1523 1177 1578 1221 et
1621 1175 1799 1220 nostra
1841 1163 2018 1232 perdit

439 1269 781 1339 negligentia,
808 1276 862 1320 et
886 1265 968 1320 sol
993 1264 1246 1329 exsiccat,
1273 1272 1330 1317 et
1354 1261 1523 1316 imber
1547 1260 1744 1326 obruit,
1771 1268 1826 1313 et
1846 1259 2017 1327 spina:

437 1361 718 1414 sufl‘ocant.
750 1358 1108 1425 Quamobrem
1154 1369 1262 1410 non
1292 1352 1489 1408 sufficit
1516 1366 1637 1408 cum
1668 1349 1838 1406 semel
1865 1348 2011 1418 deje-

437 1451 577 1504 ceris
604 1448 884 1503 discedere
902 1489 918 1515 ,
946 1446 1040 1502 sed
1070 1455 1130 1500 ut
1159 1445 1389 1499 fructum
1428 1441 1630 1496 referas
1665 1454 1854 1510 magna
1880 1454 2016 1508 opus

437 1554 520 1598 est
545 1543 887 1606 assiduitate,
918 1557 1046 1596 aves
1072 1539 1336 1608 abigendo
1359 1581 1374 1603 ,
1406 1539 1586 1606 spinas
1611 1535 1974 1591 exscindendo
1994 1574 2010 1600 ,

437 1636 701 1704 petricosa
732 1634 895 1688 multa
929 1643 1069 1688 terra
1101 1631 1378 1701 replendo,
1409 1644 1569 1684 omne
1593 1628 1734 1699 quod
1760 1629 2011 1682 damnum

431 1727 589 1784 affert
613 1728 847 1782 arcendo
871 1735 926 1782 et
951 1725 1213 1781 tollendo.
1247 1724 1352 1780 Sed
1385 1725 1437 1778 in
1471 1733 1613 1778 terra
1640 1723 1857 1792 quidem
1889 1723 2008 1778 uni-

433 1836 646 1877 versum
675 1828 759 1876 est
785 1819 1058 1890 agricolze;
1079 1819 1166 1873 illa
1179 1819 1320 1874 enim
1336 1818 1477 1888 jacet
1502 1831 1690 1872 carens
1717 1817 1914 1882 anima,
1945 1815 2010 1870 ad

433 1912 742 1982 patiendum
785 1912 958 1966 solum
989 1919 1170 1980 parata
1203 1928 1217 1964 :
1250 1910 1304 1965 in
1334 1910 1432 1965 hac
1466 1917 1644 1964 autem
1675 1919 1814 1963 terra
1849 1908 2010 1977 spiri-

433 2004 563 2057 tuali
604 2018 940 2073 nequaquam
973 2021 987 2055 :
1018 2017 1122 2056 non
1170 2009 1254 2056 est
1290 2001 1601 2056 universum
1641 2000 1918 2055 doctorum
1949 2016 2012 2057 ac

430 2094 807 2164 magistrorum
832 2111 847 2159 ;
876 2093 971 2148 sed
992 2094 1036 2148 si
1062 2109 1166 2148 non
1194 2101 1275 2147 est
1301 2108 1422 2162 pars
1448 2094 1701 2159 maxima,
1732 2092 2009 2148 dimidium

430 2187 646 2257 quidem
673 2197 820 2242 certe
864 2194 948 2241 est
980 2185 1389 2255 discipulorum.
1418 2186 1593 2254 Atque
1621 2196 1862 2239 nostrum
1893 2185 2009 2254 qui-

428 2280 550 2334 dem
574 2288 657 2334 est
677 2287 971 2334 sementem
994 2278 1247 2348 dejicere,
1270 2285 1504 2332 vestrum
1530 2285 1707 2331 autem
1729 2287 1811 2331 est
1837 2277 2008 2331 facere

429 2387 550 2442 quae
575 2371 848 2436 dicuntur,
880 2371 1157 2425 memoriae
1187 2386 1279 2440 per
1309 2369 1443 2424 facta
1473 2369 1675 2426 fructus
1699 2369 2004 2436 ostendere,

427 2465 609 2533 spinas
640 2465 891 2520 radicitus
913 2465 1142 2519 evellere
1167 2483 1178 2516 :
1203 2464 1371 2532 spina:
1392 2463 1533 2517 enim
1560 2472 1683 2517 sunt
1705 2478 1890 2518 revera
1916 2463 2001 2518 di-

427 2557 573 2610 vitia:
597 2596 612 2619 ,
645 2556 844 2610 nullum
886 2555 1143 2609 habentes
1173 2554 1403 2608 fructum
1424 2595 1439 2616 ,
1471 2554 1587 2608 visu
1614 2554 1883 2609 deformes
1906 2595 1921 2619 ,
1950 2563 2006 2608 et

429 2647 496 2700 ad
533 2663 686 2701 usum
733 2646 1035 2716 injucunda:
1060 2688 1075 2712 ,
1118 2660 1212 2701 eos
1247 2645 1338 2715 qui
1373 2655 1592 2715 tangunt
1622 2645 1864 2700 molestia
1888 2645 2007 2700 alli-

430 2738 666 2799 cientes,
701 2753 806 2791 non
838 2737 1010 2790 solum
1043 2736 1170 2806 ipsa:
1218 2735 1446 2790 fructum
1478 2751 1581 2790 non
1611 2735 1876 2800 ferentes,
1907 2735 2004 2792 sed

432 2830 482 2881 id
506 2829 662 2882 etiam
682 2828 821 2898 quod
846 2827 1122 2896 germinat,
1146 2827 1512 2896 impedientes.
1531 2827 1686 2881 Tales
1709 2837 1833 2882 sunt
1861 2828 2003 2882 divi-

429 2924 514 2974 tia:
536 2937 549 2984 ;
571 2936 675 2973 non
701 2921 869 2974 solum
891 2919 1018 2988 ipsa:
1042 2921 1266 2974 fructum
1286 2934 1388 2972 non
1409 2917 1586 2973 ferunt
1607 2928 1888 2986 aeternum,
1908 2918 2002 2974 sed

427 3027 521 3065 eos
541 3011 700 3066 etiam
727 3011 818 3080 qui
859 3009 998 3066 ferre
1041 3021 1318 3080 cuperent,
1341 3021 1662 3081 occupantes
1685 3010 1998 3080 impediunt.

430 3104 670 3159 Rationis
721 3105 1018 3173 expertium
1069 3103 1396 3159 camelérum
1449 3104 1831 3158 nutrimentum
1878 3113 2004 3159 sunt

428 3198 595 3264 spina:
627 3214 640 3248 :
674 3195 812 3266 ignis
841 3204 966 3250 sunt
995 3211 1152 3262 esca,
1195 3205 1249 3250 et
1286 3205 1528 3266 sumptus
1565 3196 1632 3251 ad
1673 3196 1805 3251 nihil
1831 3197 1997 3252 utilis.

427 3288 586 3343 Tales
609 3299 732 3343 sunt
753 3290 971 3353 divitiae,
996 3289 1062 3343 ad
1090 3290 1221 3344 nihil
1249 3290 1427 3353 utiles,
1453 3289 1552 3344 nisi
1581 3289 1647 3344 ad
1674 3289 2002 3345 succenden-

425 3379 550 3434 dum
579 3379 873 3446 fornacem,
892 3380 958 3434 ad
983 3380 1129 3434 illum
1152 3380 1291 3435 diem
1316 3380 1716 3436 accendendum
1740 3381 1829 3451 qui
1851 3381 2001 3435 ardet

426 3480 484 3525 ut
512 3471 754 3527 clibanus
782 3472 849 3527 ad
881 3472 1102 3527 alendas
1134 3473 1361 3528 rationis
1403 3481 1652 3543 expertes
1681 3473 1845 3527 animi
1875 3488 2000 3543 per-

422 3562 772 3627 turbationes,
803 3562 1008 3625 odium,
1041 3561 1250 3631 injuria:
1280 3572 1515 3632 accepta:
1544 3563 1995 3629 recordationem,

422 3661 478 3706 et
507 3653 659 3708 iram.
684 3652 830 3707 Talis
858 3653 1000 3708 enim
1031 3655 1192 3708 etiam
1225 3655 1461 3709 camelus
1491 3656 1581 3725 qui
1611 3655 1754 3710 rodit
1781 3655 1994 3723 spinas:

424 3744 621 3800 dicitur
650 3745 794 3799 enim
823 3745 893 3798 ab
922 3745 987 3800 iis
1014 3747 1103 3814 qui
1140 3746 1252 3800 ha:c
1279 3757 1480 3801 norunt
1511 3748 1560 3800 in
1592 3747 1850 3816 jumentis
1879 3748 2000 3801 nul-

426 3837 534 3889 lum
566 3850 685 3890 esse
713 3851 865 3905 teque
891 3835 1226 3903 iracundum,
1255 3845 1310 3891 et
1333 3837 1476 3907 quod
1507 3839 1598 3892 irae
1619 3840 1688 3892 sit
1711 3837 1990 3908 gravioris,

422 3935 478 3980 et
502 3934 736 3994 accepta:
753 3925 962 3996 injuria:
979 3927 1147 3996 magis
1165 3941 1370 3981 memor
1384 3943 1542 3997 quam
1564 3929 1818 3983 camelus.
1842 3927 1999 3984 Tales

423 4027 550 4072 sunt
579 4018 778 4073 divitia:
802 4060 818 4084 ,
850 4018 1002 4072 alunt
1032 4019 1254 4073 rationis
1284 4029 1533 4088 expertes
1577 4029 1752 4075 motus
1793 4022 1953 4075 animi
1978 4038 1994 4086 ;

423 4111 511 4180 qui
545 4121 667 4164 sunt
695 4119 872 4164 autem
915 4111 1137 4164 rationis
1168 4111 1490 4181 participes,
1524 4121 1767 4182 pungunt
1793 4122 1848 4167 et
1875 4129 1996 4169 sau-

421 4205 593 4267 ciant,
626 4201 764 4254 sicut
791 4203 1039 4257 usuvenit
1068 4202 1119 4256 in
1155 4204 1344 4271 spinis.
1383 4205 1580 4258 Durum
1608 4203 1736 4274 quid
1764 4213 1818 4259 et
1843 4220 1996 4274 aspe-

420 4310 539 4350 rum
568 4303 650 4348 est
681 4295 791 4351 hzec
823 4294 996 4363 planta
1023 4334 1038 4358 ,
1071 4311 1132 4348 ea
1164 4308 1259 4348 sua
1292 4305 1482 4363 sponte
1513 4296 1766 4350 nascitur.
1803 4295 1997 4351 Videa-

423 4400 544 4440 mus
597 4385 867 4454 quomodo
923 4386 1197 4450 nascitur,
1251 4395 1309 4440 ut
1361 4386 1529 4455 ipsam
1584 4388 1994 4442 exscindamus:

426 4487 664 4532 nascitur
714 4479 764 4532 in
813 4479 942 4533 locis
990 4479 1303 4548 praeruptis,
1351 4479 1632 4549 lapidosis,
1677 4480 1862 4548 aridis,
1907 4480 1996 4534 ubi

422 4571 604 4624 nullus
645 4580 727 4625 est
769 4570 979 4624 humor.
1015 4570 1240 4636 Quando
1273 4585 1402 4640 ergo
1445 4581 1528 4626 est
1569 4572 1758 4640 aliquis
1801 4586 1994 4641 asper,

421 4671 722 4730 praeruptus
756 4673 811 4714 et
854 4676 1108 4731 prieceps,
1151 4661 1253 4715 hoc
1294 4670 1375 4715 est
1415 4661 1815 4726 immisericors,
1845 4662 1895 4716 in
1931 4677 1998 4717 eo

423 4751 661 4804 nascitur
700 4750 871 4820 Spina.
913 4751 1018 4806 Sed
1064 4752 1278 4821 quando
1323 4766 1414 4807 eas
1463 4752 1647 4806 volunt
1685 4753 1999 4808 exscindere

422 4842 692 4912 agricolae,
735 4858 840 4897 non
887 4844 1028 4897 ferro
1072 4843 1304 4909 faciunt,
1347 4842 1440 4896 sed
1479 4844 1786 4913 quomodo?
1822 4844 1998 4914 ignem

423 4934 773 4989 immittentes
791 4974 805 4998 ,
832 4935 910 4988 sic
939 4949 1099 4988 omne
1138 4944 1296 4989 terra:
1323 4935 1508 4988 vitium
1535 4934 1838 4989 extrahunt.
1865 4934 1998 4989 Nam

420 5027 670 5097 quoniam
695 5042 801 5079 non
820 5024 1019 5080 sufficit
1039 5041 1270 5094 superne
1292 5025 1556 5092 scindere,
1579 5026 1757 5080 radice
1780 5023 1998 5080 inferius

418 5128 708 5183 manente;
737 5118 832 5173 sed
861 5133 1034 5188 neque
1057 5118 1288 5173 radicem
1312 5119 1582 5182 eximere;
1610 5133 1678 5172 ex
1705 5119 1833 5172 vitio
1853 5119 1995 5173 enim

421 5211 477 5265 in
524 5221 664 5264 terra
718 5219 934 5274 manet;
966 5210 1104 5265 sicut
1143 5225 1262 5264 cum
1299 5210 1465 5278 pestis
1493 5209 1668 5278 aliqua
1717 5209 1769 5263 in
1804 5224 2002 5277 corpus

421 5301 742 5365 incubuerit,
768 5311 984 5357 manent
1006 5302 1242 5371 reliquis:
1263 5321 1274 5357 :
1296 5317 1509 5357 omnem
1534 5303 1674 5357 illius
1695 5301 1998 5369 humorem,

421 5409 616 5465 nempe
651 5395 922 5466 spinarum
968 5395 1102 5466 ignis
1141 5410 1374 5467 superne
1415 5397 1699 5460 hauriens,
1732 5405 1998 5465 tamquam

424 5485 572 5539 virus
615 5485 882 5555 quoddam
923 5501 1019 5556 per
1056 5485 1291 5540 calorem
1329 5501 1394 5541 ex
1435 5494 1592 5541 terra:
1632 5486 1828 5541 lumbis
1869 5488 2002 5557 ignis

423 5575 676 5630 extrahit.
707 5576 856 5632 Sicut
897 5578 1041 5633 enim
1086 5579 1336 5649 imposita
1377 5579 1707 5634 cucurbitula
1738 5595 1894 5635 omne
1926 5582 2002 5634 vi-

428 5667 561 5724 tium
590 5670 656 5724 ad
678 5685 736 5726 se
758 5675 975 5730 attrahit
1000 5692 1012 5728 :
1037 5675 1107 5729 ita
1134 5675 1291 5730 ctiam
1320 5674 1457 5746 ignis
1475 5689 1634 5730 omne
1659 5674 1842 5727 vitium
1865 5674 2004 5743 quod

1151 228 1209 285 S.
1249 227 1526 285 JOANNIS
1563 223 2035 280 ClIRYSOSTOMl
2076 223 2392 280 ARClllEP.
2429 226 2961 285 CUNSTANTINOP.

3598 228 3703 282 £81.

2126 353 2193 390 ex
2223 339 2392 407 spinis
2421 342 2626 394 exstitit
2664 343 2911 395 exhaurit
2933 382 2947 402 .
2980 351 3032 396 et
3065 341 3233 410 ipsam
3275 355 3463 410 puram
3505 340 3696 395 reddit.

2121 428 2292 495 Quam
2328 440 2506 484 autem
2547 432 2618 485 ob
2657 449 2873 487 causan:
2925 435 3036 486 lucc
3080 433 3234 486 dixi?
3262 433 3415 500 Quod
3457 441 3702 500 oporteat

2122 519 2356 587 undique
2385 535 2684 592 expurgare
2713 538 2924 577 omnem
2953 539 3075 592 erga
3117 524 3331 578 divitias
3373 524 3538 578 animi
3573 523 3700 578 allec

2121 618 2286 663 ctum.
2319 609 2417 664 Est
2440 621 2494 665 et
2520 613 2658 681 apud
2691 629 2788 668 nos
2815 617 2948 684 ignis
2969 615 3057 683 qui
3083 614 3183 669 hoc
3210 615 3395 668 vitium
3424 630 3493 668 ex
3523 615 3700 667 animo

2121 703 2376 768 extrahit,
2407 719 2600 774 nempe
2629 706 2765 776 ignis
2794 708 3015 777 spiritus
3040 726 3054 762 :
3078 707 3121 762 si
3147 722 3268 762 eum
3296 707 3696 772 immiserimus,

2122 809 2228 848 non
2257 795 2430 850 solum
2470 798 2673 866 spinas,
2705 799 2800 854 sed
2831 809 2885 855 et
2909 801 2998 870 qni
3025 816 3089 855 ex
3116 801 3193 855 eis
3221 800 3390 855 oritur
3423 801 3696 855 humorem

2123 886 2415 952 poterimus
2442 889 2733 946 exsiccare.
2762 890 2914 957 Quod
2947 893 2991 946 si
3022 892 3219 947 fuerint
3256 893 3430 947 infixa:
3454 935 3467 953 ,
3501 892 3694 947 frustra

2124 973 2258 1028 fiunt
2278 979 2475 1031 omnia.
2504 979 2636 1035 Vide
2657 982 2798 1036 enim
2825 1000 2838 1035 :
2863 982 2967 1038 huc
2994 986 3264 1053 ingressus
3289 994 3371 1038 est
3399 984 3571 1049 dives,
3602 1001 3694 1038 seu

2121 1066 2226 1132 vir,
2254 1082 2347 1122 seu
2377 1071 2612 1125 mulier?
2640 1088 2745 1127 non
2773 1081 2924 1128 curat
2953 1075 3217 1145 quomodo
3255 1076 3434 1130 audiet
3464 1077 3556 1130 Dei
3585 1079 3694 1130 elo-

2121 1157 2266 1226 quia.
2294 1160 2387 1214 sed
2413 1164 2680 1232 quomodo
2706 1180 2765 1220 se
2785 1167 3091 1232 ostentabit,
3119 1167 3386 1237 quomodo
3407 1183 3528 1223 cum
3558 1171 3694 1222 fastu

2121 1249 2350 1316 sedebit,
2399 1255 2667 1323 quomodo
2711 1273 2831 1312 cum
2875 1259 3040 1313 multa
3084 1260 3273 1330 gloria,
3314 1261 3583 1331 quomodo
3626 1261 3696 1315 sit

2118 1341 2250 1396 alias
2293 1355 2604 1412 superatura
2642 1351 2866 1404 vestium
2903 1352 3330 1420 magniﬁcentia;
3363 1352 3689 1422 habituque,

2118 1432 2235 1486 visu
2262 1443 2316 1487 et
2340 1435 2546 1493 incessu
2577 1453 2636 1493 se
2661 1441 2849 1496 reddet
2876 1443 3043 1512 magis
3073 1451 3316 1498 ornatam
3345 1458 3407 1498 ac
3431 1459 3692 1498 veneran-

2118 1523 2276 1591 dam;
2309 1537 2525 1598 totaque
2555 1532 2670 1601 ejus
2698 1548 2824 1588 cura
2864 1550 2927 1589 ac
2972 1536 3274 1592 sollicitudo
3302 1537 3355 1592 in
3387 1537 3487 1592 hoc
3511 1553 3692 1594 versa-

2119 1623 2223 1680 tur,
2254 1618 2387 1674 Num
2417 1620 2532 1678 haec
2559 1634 2650 1679 aut
2675 1626 2762 1682 illa
2785 1628 2960 1684 vidit?
2986 1645 3113 1684 num
3136 1641 3220 1686 est
3238 1630 3540 1688 admirata?
3564 1647 3690 1686 num

2116 1721 2261 1766 recte
2289 1727 2406 1768 sum
2434 1718 2661 1771 ornata?
2686 1719 2870 1791 Neque
2895 1722 3034 1778 circa
3061 1723 3163 1780 hoc
3190 1727 3362 1780 solum
3393 1726 3553 1781 habet
3582 1727 3690 1781 sol-

2116 1799 2471 1870 licitudinem,
2503 1809 2596 1863 sed
2640 1811 2798 1866 etiam
2840 1822 2896 1868 ut
2937 1829 3043 1870 non
3072 1826 3377 1885 putrescant
3404 1828 3600 1883 vestes,
3633 1826 3691 1873 ut

2115 1905 2219 1945 non
2242 1892 2642 1965 disrumpantur
2665 1918 2677 1953 :
2702 1910 2756 1955 et
2783 1911 2890 1958 tota
2918 1905 3032 1974 ejus
3065 1907 3115 1960 in
3140 1907 3241 1962 hoc
3269 1909 3512 1964 consistit
3537 1925 3685 1965 cura.

2113 1980 2370 2040 Similiter
2387 1988 2466 2042 vir
2482 2004 2693 2061 quoque
2709 1993 2858 2049 dives
2880 1996 3176 2067 ingreditur
3191 2016 3250 2056 se
3269 2003 3486 2073 pauperi
3510 2011 3686 2058 osten-

2115 2083 2359 2143 taturus,
2417 2089 2471 2135 et
2517 2083 2566 2137 ei
2622 2084 2866 2140 timorem
2920 2088 3234 2147 incussurus
3285 2109 3379 2163 per
3430 2099 3682 2152 amictum

2114 2169 2359 2235 vestium,
2384 2173 2525 2241 quod
2553 2176 2749 2232 multos
2775 2178 2966 2234 habeat
2989 2197 3202 2252 pueros.
3234 2185 3389 2242 Stant
3411 2202 3586 2247 autem
3611 2194 3683 2248 illi

2114 2259 2320 2316 turbam
2351 2275 2596 2320 arcentes
2626 2276 2681 2322 et
2717 2268 3009 2340 abigentes.
3045 2274 3138 2330 llle
3176 2285 3351 2333 autem
3383 2296 3492 2349 pra:
3521 2284 3684 2339 nimio

2112 2350 2249 2407 fastu
2294 2369 2363 2408 ne
2392 2355 2494 2409 hoc
2528 2358 2741 2427 quidem
2770 2360 3020 2431 dignatur
3057 2364 3232 2424 facere
3253 2411 3269 2435 ,
3300 2371 3393 2425 sed
3421 2387 3537 2428 eam
3568 2392 3681 2431 rem

2109 2442 2212 2496 scit
2249 2457 2368 2498 esse
2410 2445 2545 2501 adeo
2586 2447 2851 2519 indignam
2883 2451 3099 2510 homine
3135 2456 3305 2514 libero
3329 2500 3343 2524 ,
3375 2472 3432 2516 ut
3459 2463 3580 2519 licet
3608 2467 3684 2521 sit

2111 2533 2263 2589 valde
2291 2537 2523 2592 tumidus
2552 2549 2604 2593 et
2633 2541 2836 2607 elatus,
2889 2560 2994 2599 non
3039 2549 3298 2605 sustineat
3322 2567 3439 2608 eam
3475 2554 3678 2622 facere,

2108 2627 2202 2682 sed
2229 2629 2445 2685 mandet
2465 2633 2635 2687 servis
2659 2650 2673 2688 :
2697 2632 2800 2689 hoc
2828 2637 2968 2691 enim
2999 2637 3174 2696 facere
3199 2655 3281 2697 est
3311 2645 3464 2714 plane
3490 2650 3679 2704 servile

2110 2735 2425 2791 morumque
2478 2723 2884 2792 impudentium.
2933 2729 3132 2787 Deinde
3177 2735 3449 2792 sedentem
3500 2742 3676 2796 statim

2108 2811 2338 2866 subeunt
2361 2829 2503 2867 cura:
2524 2815 2830 2871 domesticae
2854 2820 3124 2877 trahentes
3144 2824 3196 2878 in
3218 2827 3427 2882 Omnem
3451 2839 3676 2899 partem,

2107 2901 2426 2958 circumfluit
2467 2904 2634 2961 fastus
2673 2909 2764 2977 qui
2793 2909 3002 2966 obsidet
3036 2914 3301 2982 animam;
3329 2921 3593 2977 existimat
3617 2940 3679 2980 se

2105 2993 2391 3061 gratificari
2420 3005 2474 3050 et
2496 2996 2648 3052 nobis
2674 3008 2729 3053 et
2756 3001 2978 3068 populo,
3006 3013 3060 3056 et
3087 3002 3328 3062 fortassis
3357 3011 3514 3066 etiam
3545 3013 3676 3080 Deo,

2107 3087 2248 3155 quod
2277 3089 2484 3144 intrarit
2510 3091 2562 3144 in
2595 3090 2813 3147 domum
2842 3094 2959 3149 Dei.
2995 3096 3094 3164 Qui
3127 3108 3302 3154 autem
3331 3103 3466 3159 adeo
3491 3116 3573 3160 est
3597 3106 3680 3161 in-

2107 3178 2284 3243 flatus,
2312 3180 2579 3248 quomodo
2606 3185 2800 3246 poterit
2825 3201 3072 3256 umquam
3100 3191 3309 3245 curari?

2176 3271 2229 3324 4.
2263 3269 2576 3340 Dic,qua:so,
2595 3273 2640 3327 si
2660 3275 2779 3344 quis
2799 3279 3087 3333 accesserit
3106 3281 3158 3335 in
3176 3282 3440 3340 officinam
3461 3288 3675 3352 medici.

2105 3374 2160 3420 et
2185 3378 2213 3415 a
2242 3364 2451 3418 medico
2486 3367 2710 3434 gratiam
2754 3384 2856 3424 non
2898 3382 3080 3440 petat,
3113 3375 3206 3430 sed
3245 3378 3513 3435 existimet
3541 3399 3597 3437 se
3626 3386 3677 3439 ei

2104 3457 2385 3526 gratificari
2414 3498 2427 3522 ,
2457 3468 2511 3513 et
2539 3460 2754 3514 mittens
2786 3463 3053 3531 postulare
3091 3465 3532 3546 medicamentum
3564 3475 3679 3528 vul-

2110 3550 2225 3603 neri
2255 3551 2652 3620 applicandum,
2681 3564 2971 3623 occupetur
2999 3556 3140 3612 circa
3168 3570 3342 3614 vestes
3366 3578 3380 3625 ;
3409 3564 3678 3632 aliquidne

2106 3639 2230 3694 boni
2261 3642 2481 3711 adeptus
2511 3644 2844 3699 recesserit?
2877 3645 2994 3701 Non
3021 3661 3148 3703 sane
3185 3650 3432 3706 arbitror.
3477 3655 3674 3710 llornm

2103 3742 2280 3788 autem
2308 3736 2544 3790 omnium
2573 3751 2787 3793 causam
2815 3738 3022 3806 dicam,
3055 3743 3097 3795 si
3138 3743 3318 3799 vultis.
3361 3745 3678 3803 Existimant

2104 3841 2164 3882 se
2191 3827 2256 3881 ad
2284 3843 2382 3881 nos
2412 3828 2612 3884 intrare
2638 3831 2850 3900 quando
2884 3832 2989 3888 huc
3018 3834 3252 3901 intrant;
3282 3840 3586 3896 existimant
3616 3861 3676 3900 se

2103 3936 2132 3974 a
2157 3922 2311 3976 nobis
2336 3922 2519 3978 audire
2545 3940 2663 3993 qua:
2693 3925 2946 3989 audiunt;
2977 3944 3083 3983 non
3113 3932 3425 3999 attendunt,
3454 3950 3558 3990 non
3586 3951 3677 3990 co-

2103 4012 2272 4080 gitant
2319 4014 2456 4082 quod
2501 4015 2567 4069 ad
2610 4015 2775 4071 Deum
2811 4018 3214 4089 ingrediuntur,
3243 4025 3383 4092 quod
3416 4026 3526 4095 ipse
3554 4044 3676 4085 cum

2103 4104 2184 4157 eis
2205 4104 2456 4174 loquitur.
2482 4105 2704 4173 Quando
2724 4111 2864 4163 enim
2888 4110 3054 4165 lector
3073 4127 3192 4167 cum
3217 4119 3506 4171 surrexerit
3525 4119 3674 4183 dicit,

2107 4193 2232 4247 11αέ
2263 4195 2384 4248 dicit
2427 4195 2673 4251 Dominus
2694 4240 2708 4262 ,
2744 4207 2846 4254 etc.
2872 4241 2887 4263 ,
2920 4211 2972 4255 et
3004 4213 3152 4258 stans
3177 4203 3429 4260 diacnnns
3463 4209 3676 4264 silentio

2104 4283 2302 4337 indicto
2345 4286 2590 4341 omnibus
2635 4303 2697 4343 os
2740 4289 2989 4353 obstruit.
3032 4308 3136 4347 non
3189 4295 3368 4351 lectori
3419 4298 3675 4355 honorem

2106 4373 2308 4429 habens
2336 4377 2436 4432 hoc
2466 4377 2591 4433 facit
2616 4421 2631 4443 ,
2665 4382 2757 4436 sed
2789 4383 2836 4437 ei
2863 4385 2950 4452 qui
2982 4400 3078 4454 per
3109 4386 3254 4440 illum
3281 4405 3401 4444 cum
3429 4394 3678 4450 omnibus

2103 4469 2357 4540 loquitur.
2387 4472 2442 4526 Si
2473 4474 2668 4529 scirent
2693 4477 2832 4545 quod
2865 4480 2933 4532 sit
2965 4479 3104 4535 Deus
3141 4483 3229 4551 qui
3279 4485 3393 4540 haec
3430 4487 3557 4542 dicit
3581 4506 3678 4559 per

2104 4561 2440 4631 prophetam,
2462 4579 2674 4620 omnem
2693 4565 2887 4622 fastum
2908 4570 3219 4638 abjicerent.
3235 4574 3369 4630 Nam
3390 4578 3436 4632 si
3457 4579 3678 4648 loquen-

2103 4655 2245 4709 tibus
2262 4670 2381 4710 cum
2399 4659 2475 4712 eis
2498 4660 2909 4729 magistratibus,
2930 4678 3034 4717 non
3050 4667 3315 4721 sustinent
3335 4669 3462 4724 foris
3479 4670 3676 4727 habere

2105 4746 2381 4812 animum,
2415 4749 2581 4802 multo
2622 4751 2788 4820 magis
2831 4752 2938 4806 Deo
2983 4754 3249 4823 loquente.
3293 4757 3400 4813 Nos
3447 4761 3676 4815 ministri

2105 4851 2320 4903 sumus,
2349 4853 2381 4892 0
2407 4838 2583 4894 dilecti
2609 4858 2622 4893 :
2647 4856 2745 4894 nos
2777 4859 2879 4896 non
2923 4854 3104 4898 nostra
3146 4846 3371 4901 dicimus
3394 4889 3410 4912 ,
3440 4851 3531 4902 sed
3559 4867 3677 4919 qua:

2106 4937 2231 4984 sunt
2251 4929 2346 4987 Dei
2367 4948 2378 4983 :
2399 4944 2430 4985 e
2450 4931 2582 4984 caelo
2602 4933 2840 5002 quotidie
2861 4937 3131 4990 venientes
3155 4939 3401 5007 leguntur
3416 4942 3675 5009 epistula-.

2110 5022 2202 5076 Dic
2229 5033 2635 5094 autem,qua:so,
2667 5027 2710 5080 si
2738 5028 3000 5096 quispiam
3026 5029 3152 5084 dum
3181 5047 3367 5085 omnes
3393 5048 3488 5086 nos
3513 5034 3643 5087 adsu
3661 5067 3674 5075 -

2109 5131 2244 5181 mus,
2270 5117 2537 5188 ingressus
2553 5128 2696 5173 esset
2717 5135 2904 5174 zonam
2923 5121 3120 5176 habens
3141 5138 3376 5191 auream,
3397 5137 3675 5195 erectaque

2107 5210 2317 5264 cervice
2340 5251 2355 5274 ,
2385 5211 2716 5280 superbeqne
2748 5213 2999 5266 incedens
3025 5222 3080 5268 et
3109 5229 3167 5268 se
3194 5215 3444 5282 efferens,
3473 5216 3675 5273 dicere:

2108 5315 2167 5355 se
2193 5315 2311 5355 esse
2337 5302 2556 5356 missum
2582 5319 2610 5356 a
2637 5318 2760 5372 rege
2789 5312 3019 5369 terreno,
3048 5315 3101 5359 et
3126 5305 3190 5358 ad
3221 5314 3380 5360 totam
3411 5307 3675 5360 civitatem

2108 5393 2299 5448 afferre
2325 5394 2604 5463 epistolam
2629 5394 2698 5450 de
2725 5396 2882 5451 rebus
2910 5399 3227 5452 necessariis
3246 5439 3261 5460 ,
3289 5414 3463 5452 annon
3492 5412 3676 5454 ornncs

2109 5486 2604 5540 converteremini?
2632 5502 2807 5542 annon
2837 5488 2996 5542 etiam
3040 5504 3145 5542 non
3188 5490 3410 5558 jubente
3455 5490 3677 5544 diacono

2109 5594 2356 5649 magnum
2388 5577 2712 5633 adhiberetis
2748 5579 3058 5634 silentium?
3097 5580 3208 5651 Ego
3247 5596 3374 5635 sane
3402 5581 3665 5636 arbitror:

2116 5691 2237 5728 nam
2280 5673 2364 5728 hic
2407 5673 2566 5726 ctiam
2609 5671 2782 5727 audivi
2825 5672 2928 5744 legi
2971 5673 3226 5743 epistolas
3270 5674 3427 5743 regis.
3460 5671 3602 5726 Itane
3630 5673 3672 5726 si
