4112 6398
423 322 529 377 685

421 437 576 499 ὑετὸς
632 436 934 501 ἐπικλύζει.
986 439 1079 492 καὶ
1133 437 1363 493 ἄκανθαι
1403 438 1817 505 ἀποπνίγουσιν.
1851 435 2004 508 [526]

423 522 588 575 ’Ὥστε
623 523 725 575 οὐκ
763 525 928 593 ἀρκεῖ
989 524 1150 591 μόνον
1207 525 1358 588 ἆπαξ
1407 524 1782 578 καταϐαλόντα
1832 522 2009 591 ἀπηλ-

422 606 636 678 λάχθαι,
696 607 833 660 ἀλλὰ
885 607 1086 677 πολλῆς
1137 607 1218 660 δεῖ
1269 611 1372 680 τῆς
1426 609 1744 678 ἐπιμελείας
1775 608 2008 678 καὶτῆς

421 690 780 760 προσεδρείας
826 690 905 760 τῷ
959 691 1206 762 μέλλοντι
1255 694 1384 755 τοὺς
1440 695 1686 765 καρποὺς
1742 690 2008 761 συγκομί-

419 773 555 836 ζειν,
609 774 969 828 ἀποσοϐοῦντι
1029 777 1096 829 τὰ
1137 777 1385 841 πετεινὰ,
1445 773 1547 841 τὰς
1607 775 1851 838 ἀκάνθας
1909 777 2005 828 ἐκ-

417 856 697 922 κόπτοντι,
724 859 792 912 τὰ
814 859 1065 931 πετρώδη
1110 860 1214 929 γῆς
1244 861 1351 932 πλη
1362 860 1542 931 ροῦντι
1577 860 1801 931 πολλῆς,
1822 861 2005 913 πᾶσαν

417 939 597 1012 λύμην
639 941 903 997 κωλύοντι
966 944 1062 997 καὶ
1095 945 1494 1016 ἀποτειχίζοντι
1538 947 1631 999 καὶ
1670 944 2000 1016 ἀναιροῦντι.

430 1025 572 1078 Ἀλλ’
601 1025 694 1078 ἐπὶ
735 1028 833 1097 μὲν
866 1029 970 1098 τῆς
1002 1030 1106 1100 γῆς
1129 1030 1191 1082 τὸ
1214 1032 1322 1083 πᾶν
1362 1029 1455 1083 τοῦ
1488 1028 1734 1100 γεωργοῦ
1765 1032 1999 1097 γίνεται·

416 1108 622 1179 ἄψυχος
661 1110 771 1181 γὰρ
801 1112 982 1182 ἐκείνη
1015 1113 1320 1177 ὑπόκειται,
1365 1114 1502 1184 πρὸς
1540 1113 1601 1166 τὸ
1629 1113 1822 1167 παθεῖν
1862 1113 2003 1166 ἐτοι-

421 1209 521 1261 μος
553 1189 690 1247 οὖσα
722 1193 901 1264 μόνον·
939 1195 1032 1249 ἐπὶ
1057 1195 1114 1248 δὲ
1141 1195 1347 1266 ταύτης
1372 1200 1472 1269 τῆς
1493 1197 1600 1267 γῆς
1621 1197 1721 1266 τῆς
1753 1214 2001 1267 πνευμα-

416 1278 578 1345 τικῆς
597 1275 866 1345 οὐδαμῶς·
896 1277 958 1330 οὑ
979 1279 1088 1330 τῶν
1107 1279 1442 1334 διδασκάλων
1476 1281 1594 1334 ἐστὶ
1629 1281 1691 1334 τὸ
1712 1283 1838 1345 πᾶν,
1860 1280 1998 1349 ἀλλ’,

419 1359 469 1410 εἰ
504 1357 578 1429 μὴ
611 1359 670 1411 τὸ
702 1358 886 1422 πλέον,
943 1360 1006 1413 τὸ
1037 1360 1168 1428 γοῦν
1193 1363 1365 1432 ῆμισυ
1409 1366 1506 1417 καὶ
1561 1363 1672 1416 τῶν
1719 1363 1998 1435 μαθητῶν.

430 1441 616 1510 Ἠμῶν
649 1443 745 1512 μὲν
793 1438 888 1496 οὖν
918 1445 1248 1500 καταϐαλεῖν
1275 1447 1392 1500 ἐστι
1425 1447 1516 1500 τὸν
1572 1448 1795 1517 σπόρον,
1846 1449 2001 1518 ὑμῶν

414 1524 473 1576 δὲ
509 1529 682 1578 ποιεῖν
707 1527 777 1580 τὰ
814 1525 1103 1597 λεγόμενα,
1135 1531 1201 1599 τῇ
1240 1531 1426 1600 μνήμη
1446 1530 1533 1582 διὰ
1554 1531 1661 1584 τῶν
1682 1530 1858 1601 ἔργων
1887 1533 2004 1585 ἐπι-

414 1616 725 1673 δείκνυσθαι
775 1619 904 1682 τοὺς
949 1621 1217 1689 καρποὺς,
1261 1621 1363 1685 τὰς
1401 1622 1641 1686 ἀκάνθας
1671 1622 2000 1694 προρρίζους

415 1701 685 1772 ἀνασπᾷν.
721 1701 965 1756 Ἀκανθα
981 1704 1089 1775 γὰρ
1126 1703 1296 1769 ὅντως
1317 1709 1344 1758 6
1366 1705 1615 1772 πλοῦτος,
1641 1707 1832 1762 οὐδένα
1859 1725 1997 1780 καρ-

415 1782 516 1834 πὸν
563 1783 726 1854 ἔχων,
783 1785 1031 1856 δυσειδὴς
1090 1788 1187 1842 καὶ
1248 1789 1501 1860 ὀφθῆναι,
1556 1791 1651 1844 καὶ
1690 1791 1998 1862 χρήσασθαι

414 1865 607 1938 ἀηδὴς,
640 1867 826 1922 λυπῶν
855 1871 984 1933 τοὺς
1004 1871 1368 1941 ἁπτομένους,
1409 1874 1469 1925 ού
1505 1874 1666 1944 μόνον
1705 1874 1870 1937 αὐτὸς
1897 1875 1998 1928 οὐκ

413 1950 552 2020 ἔχων
581 1952 815 2023 καρπὸν,
866 1952 1002 2007 ἀλλὰ
1032 1957 1127 2007 καί⁹
1173 1955 1250 2026 τῷ
1281 1955 1634 2026 βλαστάνοντι
1667 1958 1995 2028 ἐμποδίζων.

412 2032 666 2087 Τοιοῦτόν
701 2037 849 2088 ἐστιν
878 2039 906 2089 6
936 2035 1186 2102 πλοῦτος·
1221 2039 1281 2091 ού
1335 2039 1496 2110 μόνον
1544 2041 1706 2105 αὐτὸς
1747 2043 1807 2094 οὐ
1841 2045 1997 2113 φέρει

413 2117 627 2188 καρπὸν
650 2118 1032 2183 αἰώνιον,ἀλλά
1063 2123 1159 2174 καὶ
1187 2124 1314 2186 τοὺς
1354 2122 1710 2193 βουλομένους
1753 2126 1998 2196 κατέχων

411 2200 712 2270 ἐμποδίζει.
735 2202 972 2272 Ἀλόγων
992 2205 1310 2276 είσὶτροφαί
1336 2207 1392 2260 αἰ
1425 2207 1658 2261 ἄκανθαι
1675 2208 1936 2279 καμήλων
1954 2213 1994 2266 ⁵.

411 2283 586 2354 πυρός
600 2286 708 2337 εἰσι
742 2285 947 2356 βρῶσις
980 2289 1074 2340 καὶ
1099 2288 1314 2359 δαπάνη
1348 2289 1486 2360 πρὸς
1507 2290 1657 2343 οὐδὲν
1711 2295 1993 2363 χρήσιμοι.

411 2367 662 2422 Τοιοῦτον
689 2372 784 2424 καὶ
813 2373 840 2424 6
888 2371 1141 2436 πλοῦτος,
1179 2372 1316 2442 πρὸς
1359 2374 1514 2428 οὐδὲν
1537 2376 1825 2447 χρήσιμος,
1880 2376 1995 2429 ἀλλ’

409 2451 443 2521 ἣ
477 2454 614 2524 πρὸς
643 2453 702 2506 τὸ
718 2455 917 2509 καῦσαι
952 2457 1205 2525 κάμινον,
1238 2456 1374 2527 πρὸς
1403 2458 1465 2510 τὺ
1521 2459 1620 2529 τὴν
1650 2460 1868 2533 ἡμέραν
1901 2464 1997 2515 ἀν-

406 2535 546 2606 άψαι
596 2537 812 2606 ἐκείνην
855 2539 954 2609 τὴν
997 2541 1073 2602 ὡς
1109 2539 1363 2594 κλίϐανον
1389 2542 1708 2614 καιομένην,
1763 2545 1902 2614 πρὸς
1933 2545 1995 2599 τὸ

409 2619 607 2688 θρέψαι
656 2621 724 2674 τὰ
759 2622 931 2690 ἀλογα
988 2622 1156 2694 πάθη,
1224 2625 1592 2695 μνησικακίαν
1652 2627 1746 2680 καὶ
1800 2629 1992 2700 ὀργήν.

408 2702 661 2756 Τοιοῦτον
685 2705 795 2775 γὰρ
824 2707 918 2759 καὶ
947 2707 982 2777 ἡ
1010 2705 1296 2778 τρώγουσα
1331 2707 1578 2779 κάμηλος
1609 2709 1709 2774 τὰς
1727 2711 1989 2776 ἀκάνθας.

408 2784 642 2854 Λέγεται
672 2788 781 2859 γὰρ
810 2789 916 2844 ὑπὸ
949 2790 1059 2842 τῶν
1091 2789 1160 2843 τὰ
1179 2790 1406 2844 τοιαῦτα
1436 2791 1652 2845 εἰδότων
1671 2794 1838 2865 μηδὲν
1853 2792 1994 2850 εἶναι

409 2870 468 2921 ἐν
498 2872 611 2933 τοῖς
657 2877 912 2941 κτήνεσιν
951 2871 1094 2926 οὕτω
1136 2873 1412 2945 βαρύμηνι
1450 2875 1543 2928 καὶ
1592 2875 1861 2947 δύσθυμον
1898 2880 1994 2934 καὶ

411 2953 769 3023 μνησίκακον,
797 2956 919 3028 ώςή
948 2957 1212 3028 κάμηλος.
1245 2958 1499 3012 Τοιοῦτον
1542 2961 1570 3013 6
1599 2960 1826 3025 πλοῦτός
1851 2966 1990 3019 ἐστι·

417 3036 486 3089 τὰ
532 3036 705 3106 ἄλογα
757 3039 906 3108 πάθη
956 3041 1147 3112 τρέφει
1192 3043 1292 3111 τῆς
1347 3043 1546 3114 ψυχῆς,
1586 3047 1654 3099 τὰ
1690 3047 1746 3101 δὲ
1800 3047 1994 3116 λογικά

408 3123 590 3174 κεντεῖ
643 3122 736 3175 καὶ
772 3123 1088 3195 τιτρώσκει,
1119 3116 1373 3198 καθάπερ
1432 3131 1524 3184 ἐπὶ
1570 3130 1678 3183 τῶν
1717 3133 1987 3188 ἀκανθῶν.

408 3204 650 3277 Σκληρόν
674 3207 728 3259 τί
757 3207 873 3260 ἐστι
909 3209 1003 3262 καὶ
1027 3211 1203 3280 τραχὺ
1234 3211 1394 3264 τοῦτο
1439 3213 1501 3266 τὸ
1532 3214 1716 3283 φυτὸν,
1745 3217 1990 3287 αὐτόμα-

404 3303 498 3341 τον
524 3287 736 3357 φύεται,
757 3289 987 3361 Ἵδωμεν
1003 3292 1060 3345 δὲ
1084 3294 1178 3346 καὶ
1195 3295 1301 3346 ποῦ
1318 3298 1533 3364 φύεται,
1562 3299 1646 3351 ἵνα
1666 3300 1992 3371 ἐκκόῲωμεν

407 3371 560 3425 αὑτό·
592 3375 650 3424 ἐν
680 3376 791 3437 τοῖς
820 3375 1200 3447 ἀποκρήμνοις
1228 3379 1338 3431 τῶν
1369 3381 1605 3451 χωρίων,
1651 3384 1709 3436 ἐν
1737 3387 1849 3449 τοῖς
1907 3385 1988 3439 λι-

406 3455 650 3521 θώδεσιν,
674 3459 733 3511 ἐν
761 3460 874 3520 τοῖς
910 3458 1116 3532 ξηροῖς,
1145 3460 1275 3514 ἔνθα
1301 3464 1447 3526 νοτὶς
1482 3466 1582 3519 ούκ
1608 3467 1778 3522 ἐστιν.
1821 3469 1991 3524 Ὅταν

404 3535 498 3592 οὖν
522 3540 726 3611 τραχύς
753 3560 837 3605 τις
924 3543 1017 3595 καὶ
1044 3544 1418 3617 ἀπόκρημνος,
1449 3550 1727 3603 τουτέστιν
1769 3552 1990 3625 ἀνελεή-

408 3641 546 3694 μων,
587 3629 620 3695 ἡ
654 3625 868 3680 ἄκανθα
890 3628 1085 3695 φύεται
1109 3631 1166 3682 ἐν
1191 3629 1360 3700 αὐτῷ.
1392 3631 1532 3685 Ἀλλ’
1564 3635 1691 3688 ὅταν
1716 3637 1884 3701 αὐτὰς
1901 3641 1991 3692 ἐκ-

405 3707 569 3777 κόψαι
599 3709 896 3780 βούλωνται
943 3714 1206 3784 γεωργῶν
1253 3715 1462 3780 παῖδες,
1502 3717 1562 3770 οὐ
1594 3719 1799 3792 σιδήρῳ
1829 3721 1989 3776 τοῦτο

404 3791 673 3857 ποιοῦσιν,
699 3793 836 3849 ἀλλά
866 3795 1020 3863 πῶς;
1076 3797 1189 3870 πῦρ
1246 3801 1593 3868 ἐπαφιέντες,
1625 3791 1778 3856 οὕτω
1808 3809 1988 3860 πᾶσαν

404 3878 681 3965 ἐξέλκουσι
719 3883 820 3953 τὴν
848 3884 1048 3938 κακίαν
1074 3885 1174 3956 τῆς
1191 3886 1313 3956 γῆς.
1343 3887 1561 3960 Ἐπειδὴ
1585 3891 1691 3961 γάρ
1714 3893 1814 3946 οὐκ
1829 3895 1990 3965 ἀρκεῖ

403 3962 465 4016 τὸ
491 3967 679 4035 τεμεῖν
706 3965 934 4033 ἀνωθεν,
975 3969 1075 4040 τῆς
1125 3969 1282 4042 ρίζης
1332 3972 1483 4025 κάτω
1549 3975 1839 4043 μενούσης,
1870 3962 1986 4032 ἀλλ’

403 4048 526 4101 οὐδὲ
554 4049 653 4121 τὴν
684 4050 839 4120 ῥίζαν
871 4051 1072 4116 ἐξελεῖν
1099 4054 1230 4124 (ἀπὸ
1256 4055 1364 4127 γὰρ
1387 4057 1484 4129 τῆς
1507 4061 1704 4124 κακίας
1729 4062 1988 4134 ἐναπομέ-

404 4152 485 4188 νει
506 4137 572 4206 τῇ
604 4137 697 4207 γῇ,
733 4137 828 4190 καὶ
855 4136 1104 4210 καθάπερ
1133 4139 1277 4205 τινὸς
1311 4140 1498 4213 λοιμοῦ
1515 4145 1595 4207 εἰς
1618 4145 1774 4215 σῶμα
1791 4148 1989 4220 ἐνσκή-

401 4218 604 4288 ψαντος
637 4220 716 4274 ἔτι
761 4221 912 4291 μένει
956 4222 1024 4276 τὰ
1059 4221 1330 4294 λείψανα),
1381 4229 1564 4279 πᾶσαν
1621 4230 1837 4301 ἐκείνην
1886 4218 1984 4304 τήν

402 4303 583 4356 νοτίδα
605 4304 703 4373 τήν
737 4304 845 4358 τῶν
876 4305 1130 4359 ἀκανθῶν
1159 4310 1219 4361 τὸ
1244 4308 1355 4380 πῦρ
1386 4311 1592 4365 ἀνωθεν
1615 4303 1979 4385 ἀνιμώμενον,

403 4386 594 4458 ῶσπερ
626 4387 748 4442 τινὰ
781 4388 877 4454 ἰὸν,
906 4389 1114 4456 ἐξέλκει
1139 4391 1227 4446 διὰ
1263 4393 1363 4463 τῆς
1391 4394 1728 4468 θερμότητος
1747 4400 1854 4453 ἀπὸ
1876 4401 1984 4455 τῶν

401 4470 644 4541 λαγόνων
663 4473 761 4558 τῆς
789 4474 913 4558 γῆς.
957 4475 1224 4547 Καθάπερ
1252 4478 1413 4550 γάρὴ
1445 4479 1606 4533 σικύα
1633 4483 1982 4558 ἐπιτιθεμένη

401 4558 581 4610 πᾶσαν
613 4556 810 4610 κακίαν
845 4556 993 4611 ἐλκει
1034 4559 1170 4628 πρὸς
1205 4561 1426 4633 ἑαυτήν·
1462 4562 1608 4618 οὕτω
1658 4568 1835 4622 καὶτὸ
1872 4556 1986 4641 πῦρ

402 4643 584 4695 πᾶσαν
609 4641 806 4696 κακίαν
835 4643 935 4713 τὴν
952 4643 1016 4696 ἐκ
1037 4644 1144 4696 τῶν
1173 4645 1426 4700 ἀκανθῶν
1453 4647 1736 4718 ἀνιμᾶται,
1757 4653 1852 4704 καὶ
1880 4670 1984 4706 κα-

405 4725 579 4796 θαρὰν
616 4726 786 4798 αὐτὴν
836 4728 1001 4782 ποιεῖ.
1041 4728 1199 4791 Τίνος
1227 4729 1290 4800 δὴ
1345 4730 1532 4784 ἕνεκεν
1561 4732 1735 4787 ταῦτα
1781 4731 1980 4804 εἷπον;

406 4812 524 4864 Ὅτι
566 4811 647 4864 δεῖ
669 4811 769 4881 τὴν
795 4811 930 4882 πρὸς
951 4811 1040 4863 τὸν
1073 4810 1303 4865 πλοῦτον
1342 4815 1687 4884 συμπάθειαν
1719 4818 1983 4873 πάντοθεν

403 4893 769 4964 ἐκκαθαίρειν.
789 4895 943 4947 Ἐστι
963 4895 1057 4947 καί¹
1073 4895 1201 4966 παρ’
1223 4896 1352 4966 ἡμῖν
1369 4897 1501 4967 πῦρ,
1519 4897 1625 4950 ἀπὸ
1639 4899 1814 4971 ψυχῆς
1832 4902 1981 4976 [527]

403 4977 607 5048 ταύτην
626 4977 782 5032 ἐλκον
799 4977 897 5048 τὴν
915 4977 1134 5042 κακίαν,
1149 4977 1210 5030 τὺ
1231 4979 1326 5031 τοῦ
1351 4980 1660 5052 πνεύματος
1701 4982 1864 5052 λέγω·
1913 4987 1981 5042 ἂν

401 5058 558 5113 τοῦτο
587 5059 904 5131 ἐπαφῶμεν,
970 5061 1031 5114 οὐ
1059 5061 1158 5124 τὰς
1197 5061 1436 5126 ἀκάνθας
1482 5065 1661 5134 μόνον,
1701 5067 1838 5120 ἀλλὰ
1888 5071 1981 5124 καὶ

400 5142 500 5212 τὴν
531 5142 794 5207 ἐξαύτῶν
846 5143 1028 5197 νοτίδα
1063 5143 1447 5216 ἀναξηραίνειν
1488 5149 1851 5221 δυνησόμεθα·
1906 5153 1982 5217 ὡς

403 5227 497 5281 ἐὰν
538 5221 672 5281 ὦσιν
705 5227 1106 5298 ὲμπεπηγυῖαι,
1135 5229 1312 5283 πάντα
1339 5231 1550 5299 γίνεται
1602 5235 1798 5307 μάτην.
1839 5237 1982 5310 Ὅρα

401 5315 529 5386 γάρ·
565 5313 781 5385 εἰσῆλθε
832 5314 1086 5380 πλούσιος
1141 5316 1395 5386 ἐνταῦθα,
1435 5319 1470 5390 ἢ
1519 5323 1615 5376 καὶ
1673 5323 1981 5380 πλουτοῦσα

463 5511 491 5542 ιι
516 5501 611 5576 Sig‘
638 5507 780 5552 recte
829 5503 1034 5566 Comm,
1084 5503 1196 5555 Sav.
1243 5509 1298 5554 et
1335 5507 1470 5558 Colb.
1528 5509 1813 5575 Legebatur
1861 5537 1979 5570 κατ-

402 5564 543 5626 έχειν.
580 5565 712 5613 Ευιτ.
1019 5564 1026 5566 “

464 5629 489 5697 ξ
514 5625 804 5697 ξρεεξιόιῃη
825 5625 1116 5697 νίᾶρξυςκαὶ
1141 5630 1387 5697 καμήλων,

465 5687 490 5716 ⁸
513 5687 604 5736 δίε
639 5689 792 5739 Savil.
835 5697 887 5738 et
929 5690 1088 5751 Colb.,
1113 5687 1309 5742 melius.
1369 5693 1540 5746 Morel.
1568 5710 1630 5752 ex
1669 5714 1806 5764 mss.,
1834 5707 1978 5770 βαρύη

401 5763 544 5809 nava.

1290 321 1354 376 IN
1396 319 1618 380 EPlST.
1665 321 1707 376 ll
1747 319 1838 374 AD
1873 314 2208 372 THESSAL.
2246 317 2490 373 CAPJI.
2521 321 2755 378 HOMIL.
2799 322 2885 379 ΙΙΙ.

3591 316 3698 371 488

2115 434 2250 505 γυνή
2278 453 2294 501 ;
2323 436 2386 490 οὐ
2410 440 2689 510 φροντίζει
2709 439 2825 504 πῶς
2840 437 3062 493 ἀκούσει
3081 436 3191 490 τῶν
3217 435 3410 505 λογίων
3425 436 3518 491 τοῦ
3533 434 3697 499 Θεοῦ.

2108 516 2246 572 ἀλλά
2286 520 2404 584 πῶς
2443 522 2791 590 ἐπιδείξεται,
2846 524 2964 586 πῶς
3008 521 3150 594 μετὰ
3201 522 3418 590 κόμπου
3456 520 3693 588 καθίσει,

2107 602 2227 665 πῶς
2254 606 2393 674 μετὰ
2417 607 2577 678 δόξης
2605 609 2828 679 πολλῆς,
2861 608 2981 672 πῶς
3022 608 3203 670 πάσας
3224 607 3322 670 τάς
3343 606 3506 669 ἀλλας
3528 607 3670 678 ὑπερ

2106 685 2348 741 ϐαλεῖται
2370 692 2436 760 τῇ
2468 690 2578 746 τῶν
2637 694 2865 762 ἱματίων
2914 691 3259 760 πολυτελείᾳ,
3301 690 3398 744 καὶ
3452 692 3694 761 σχήματι

2107 771 2201 823 καὶ
2229 769 2503 843 βλέμματι
2551 777 2646 829 καὶ
2674 776 2968 846 βαδίσματι
3012 775 3345 844 σεμνοτέραν
3378 773 3573 844 ἑαυτὴν
3604 773 3695 843 ἐρο

2108 854 2359 920 γάσεται,
2394 858 2487 910 καὶ
2520 859 2668 912 πᾶσα
2697 861 2731 929 ὴ
2762 859 2983 929 φροντὶς
3035 858 3132 911 καὶ
3165 859 3200 928 ή
3260 856 3495 928 μέριμνα
3533 857 3692 925 αὐτῇ,

2107 931 2218 1008 ἆρα
2248 932 2391 992 εἶδεν
2430 942 2462 1010 ἡ
2487 941 2670 1000 δεῖνα;
2699 938 2808 1014 ἆρα
2843 942 3156 1012 ἐθαύμασεν
3182 983 3195 995 .
3224 935 3333 1013 ἆρα
3388 937 3564 1002 καλῶς
3613 956 3696 991 κε-

2106 1020 2533 1093 καλλώπισμαι;
2591 1027 2666 1079 Οὐ
2692 1028 2822 1098 περί
2850 1027 3042 1080 τούτου
3090 1026 3146 1078 δὲ
3177 1025 3335 1093 μόνον
3381 1024 3481 1094 τὴν
3531 1040 3696 1093 φρον-

2103 1103 2222 1157 τίδα
2245 1110 2498 1170 ποιεῖται,
2521 1108 2635 1162 ἀλλ’
2656 1110 2679 1149 ἀ
2705 1111 2844 1164 ὥστε
2876 1112 2969 1164 καὶ
2997 1110 3073 1181 μὴ
3100 1108 3337 1178 σαπῆναι
3372 1107 3442 1160 τὰ
3481 1108 3692 1176 ἱμάτια,

2105 1187 2244 1242 ὥστε
2265 1191 2340 1262 μὴ
2365 1191 2748 1264 διαρραγῆναι,
2771 1196 2865 1248 καὶ
2885 1197 3035 1248 πᾶσα
3056 1197 3088 1264 ή
3117 1192 3340 1264 φροντὶς
3354 1209 3420 1243 πε
3433 1191 3486 1259 ρὶ
3512 1190 3692 1245 τοῦτο.

2115 1272 2348 1344 Ὁμοίως
2370 1277 2512 1330 καὶὸ
2541 1277 2788 1332 πλουτῶν
2823 1280 2965 1351 ἀνὴρ
3000 1277 3304 1349 εἰσέρχεται
3345 1275 3538 1339 δείξων
3563 1276 3691 1327 ἐαυ-

2102 1358 2196 1410 τὸν
2223 1357 2302 1430 τῷ
2331 1360 2550 1431 πένητι,
2611 1364 2704 1416 καὶ
2758 1365 2840 1427 εἰς
2878 1363 3042 1433 φόϐον
3091 1362 3448 1431 καταστήσων
3475 1359 3564 1412 διὰ
3595 1363 3692 1429 τῆς

2103 1443 2402 1512 περιϐολῆς
2452 1446 2561 1498 τῶν
2601 1447 2854 1516 ἱματίων,
2888 1446 2976 1500 διά
3003 1445 3100 1499 τοῦ
3131 1445 3327 1507 παῖδας
3359 1443 3506 1514 ἔχειν
3565 1440 3695 1495 πολ.

2101 1523 2256 1586 λούς·
2298 1527 2392 1579 καὶ
2431 1531 2846 1601 παρεστήκασιν
2903 1528 3324 1591 ἀποσοϐοῦντες.
3369 1528 3428 1580 '0
3479 1526 3534 1580 δὲ
3580 1527 3690 1580 ἀπὸ

2102 1606 2298 1660 πολλοῦ
2332 1609 2503 1678 τύφου
2529 1611 2649 1664 ούδέ
2679 1612 2837 1666 τοῦτο
2860 1613 3109 1679 καταξιοῖ
3145 1614 3340 1676 ποιεῖν,
3369 1609 3484 1664 ἀλλ’
3519 1609 3694 1672 οὕτως

2101 1684 2240 1743 οἶδεν
2269 1691 2485 1758 ἀνάξιον
2510 1695 2569 1749 δν
2589 1695 2874 1767 ἐλευθέρου
2896 1697 2958 1750 τὸ
2991 1697 3173 1768 ἔργον,
3190 1696 3270 1748 ὅτι
3288 1697 3464 1748 καίτοι
3490 1693 3694 1763 σφόδρα

2101 1779 2480 1848 τετυφωμένος
2515 1781 2616 1833 οὐκ
2649 1781 2899 1851 ἀνέχεται
2939 1781 3100 1834 τοῦτο
3154 1783 3349 1846 ποιεῖν,
3399 1778 3536 1832 ἀλλὰ
3575 1780 3690 1840 τοῖς

2103 1853 2313 1919 δούλοις
2361 1857 2648 1930 ἐπιτρέπει
2696 1864 2809 1925 τοῖς
2864 1859 3201 1924 ἀκολούθοις·
3261 1859 3321 1912 τὸ
3377 1859 3486 1930 γάρ
3531 1857 3693 1910 τοῦτο

2103 1941 2279 1990 ποιεῖν
2327 1939 2577 1995 δουλικὸν
2606 1943 2774 2008 ὅντως
2805 1945 2900 1997 καὶ
2929 1944 3136 2015 ἰταμῶν
3165 1943 3335 2013 ἠθῶν.
3362 1941 3494 1996 Εῐτα
3522 1941 3695 2011 καθή-

2104 2039 2265 2088 μενον
2312 2023 2515 2087 εὐθέως
2549 2027 2958 2098 ἐπεισέρχονται
2990 2029 3044 2080 αἰ
3077 2027 3174 2098 τῆς
3204 2028 3382 2089 οἰκίας
3413 2025 3692 2098 φροντίδες

2100 2109 2491 2178 περισύρουσαι
2526 2111 2823 2181 πανταχοῦ,
2863 2113 2892 2165 6
2921 2111 3086 2180 τῦφος
3114 2113 3143 2163 ὁ
3172 2112 3422 2180 κατέχων
3459 2110 3557 2181 τὴν
3583 2109 3691 2179 ψυ-

2099 2190 2200 2262 χὴν
2232 2196 2504 2264 περιρρεῖ·
2536 2197 2746 2264 νομίζει
2774 2196 3096 2267 χαρίζεσθαι
3151 2199 3246 2250 καὶ
3277 2199 3429 2266 ἡμῖν,
3483 2196 3576 2250 καὶ
3611 2195 3692 2265 τῷ

2099 2273 2233 2346 λαῷ,
2268 2277 2409 2347 τάχα
2453 2278 2510 2331 δέ
2540 2279 2640 2332 καί⁸
2677 2279 2756 2349 τῷ
2802 2279 2944 2350 Θεῷ,
2971 2280 3054 2333 δτι
3083 2280 3329 2350 εἰσῆλθεν
3365 2283 3445 2344 εἰς
3475 2282 3566 2336 τὸν
3592 2281 3687 2336 τοῦ

2097 2361 2230 2413 Θεοῦ
2260 2359 2427 2416 οἰκον.
2464 2363 2522 2416 '0
2552 2363 2608 2416 δὲ
2637 2364 2782 2417 οὕτω
2815 2363 3188 2434 φλεγμαίνων,
3232 2365 3351 2430 πῶς
3395 2366 3689 2438 δυνήσεται

2098 2443 2502 2516 θεραπευθῆναι
2534 2464 2665 2500 ποτε
2691 2465 2706 2513 ;

2165 2614 2229 2668 δ’.
2259 2615 2393 2670 Εἰπέ
2409 2617 2472 2688 δή
2493 2635 2607 2688 μοι,
2626 2620 2786 2684 εἴτις
2813 2620 2895 2683 εἰς
2923 2622 3158 2690 ἰατρεῖον
3182 2621 3566 2692 παραγένοιτο,
3590 2620 3689 2674 καὶ

2098 2697 2173 2769 μὴ
2205 2697 2364 2772 χάριν
2393 2703 2536 2755 αἰτεῖ
2565 2709 2590 2738 ⁶
2609 2697 2701 2752 τὸν
2737 2702 2940 2774 ἰατρὸν,
2973 2702 3108 2758 ἀλλὰ
3136 2705 3344 2776 νομίζει
3367 2703 3688 2776 χαρίζεσθαι

2095 2783 2321 2852 ἐκείνῳ,
2355 2784 2448 2836 καὶ
2470 2784 2630 2853 ἀφεὶς
2654 2785 2946 2858 φάρμακον
2984 2788 3205 2857 αἰτῆσαι
3234 2788 3326 2840 ἐπὶ
3358 2788 3418 2840 τὸ
3439 2788 3685 2858 τραῦμα,

2094 2865 2224 2934 περὶ
2260 2865 2452 2936 ίμάτια
2484 2868 2784 2938 ἀσχολοῖτο,
2817 2865 2929 2940 ἆρα
2949 2870 3172 2923 ἀπέλθοι
3206 2888 3259 2924 τι
3289 2870 3356 2924 ἂν
3384 2871 3412 2923 6
3441 2870 3688 2936 τοιοῦτος

2093 2945 2275 3001 λαϐὼν
2310 2949 2553 3018 ἀγαθόν;
2585 2953 2698 3004 Οὐκ
2728 2951 2903 3020 ἔγωγε
2938 2949 3114 3023 οἶμαι.
3145 2954 3221 3007 T6
3247 2953 3305 3007 δὲ
3345 2953 3518 3007 αἴτιον
3561 2953 3688 3006 τούο

2092 3047 2201 3084 των
2224 3033 2497 3100 ἁπάντων,
2529 3035 2578 3087 εἰ
2609 3035 2884 3104 βούλεσθε,
2917 3037 3046 3106 ἐρῶ·
3069 3038 3352 3108 νομίζουσι
3379 3037 3516 3109 πρὸς
3539 3038 3688 3109 ἡμᾶς

2093 3113 2343 3179 εἰσιέναι,
2366 3117 2495 3172 ὅταν
2515 3118 2756 3172 εἰσίωσιν
2780 3120 3036 3174 ἐνταῦθα·
3065 3121 3342 3191 νομίζουσι
3373 3123 3506 3193 παρ’
3525 3123 3686 3193 ἡμῶν

2093 3197 2316 3253 ἀκούειν
2336 3199 2480 3271 ειπερ
2503 3201 2815 3256 ἀκούουσιν·
2842 3204 2902 3256 οὐ
2939 3206 3320 3275 προσέχουσιν,
3336 3207 3438 3259 οὐκ
3467 3206 3684 3260 ἐννοοῦ-

2098 3297 2182 3335 σιν
2221 3283 2303 3336 ὃτι
2345 3284 2484 3354 πρὸς
2513 3285 2606 3339 τὸν
2637 3285 2769 3340 Θεὸν
2802 3288 3163 3358 εἰσέρχονται,
3194 3289 3276 3342 ὅτι
3309 3289 3470 3352 αὐτὸς
3499 3292 3687 3354 αὐτοῖς

2090 3365 2417 3435 διαλέγεται.
2449 3367 2618 3421 Ὅταν
2647 3370 2756 3441 γὰρ
2776 3371 3016 3435 ἀναστὰς
3054 3373 3082 3424 6
3107 3371 3500 3442 ἀναγινώσκων
3526 3373 3684 3448 λέγῃ,

2097 3450 2243 3502 Τάδε
2258 3451 2422 3519 λέγει
2447 3453 2682 3520 Κύριος,
2713 3455 2810 3506 καὶ
2836 3457 2864 3507 6
2891 3454 3133 3520 διάκονος
3160 3457 3329 3520 ἐστὼς
3359 3458 3685 3530 ἐπιστομίζῃ

2092 3533 2320 3597 πάντας,
2359 3537 2420 3588 οὐ
2443 3535 2519 3606 τῷ
2543 3536 2972 3605 ἀναγινώσκοντι
3005 3538 3171 3609 τιμὴν
3203 3540 3373 3593 ποιῶν
3400 3541 3558 3595 τοῦτό
3587 3561 3686 3614 φης

2091 3633 2198 3679 σιν,
2227 3615 2364 3669 ἀλλὰ
2391 3617 2467 3688 τῷ
2495 3618 2564 3671 δι’
2601 3620 2812 3673 ἐκείνου
2853 3623 2988 3675 πᾶσι
3011 3623 3402 3696 διαλεγομένῳ.
3460 3625 3524 3678 Ei
3559 3626 3684 3697 ᾔδε-

2090 3716 2191 3753 σαν
2221 3700 2302 3752 ὄτι
2329 3700 2463 3764 Θεὸς
2491 3699 2560 3773 ῆν
2586 3705 2615 3756 6
2639 3703 2812 3758 ταῦτα
2862 3704 3035 3774 λέγων
3085 3707 3171 3760 διὰ
3216 3707 3311 3760 τοῦ
3371 3710 3681 3781 προφήτου,

2089 3784 2270 3836 πάντα
2301 3783 2368 3836 ἂν
2409 3786 2501 3838 τὸν
2534 3785 2704 3855 τῦφον
2735 3787 2986 3859 ἔρριψαν.
3045 3791 3107 3842 Εἰ
3138 3789 3246 3862 γὰρ
3275 3792 3551 3862 ἀρχόντων
3585 3792 3683 3844 αὑ-

2085 3869 2201 3928 τοῖς
2227 3866 2627 3938 διαλεγομένων
2643 3869 2744 3924 οὐκ
2774 3871 3058 3942 ἀνέχονται
3085 3873 3190 3938 ἔξω
3217 3877 3526 3946 προσέχειν,
3551 3875 3683 3928 πολ-

2087 3949 2163 4021 λῷ
2187 3950 2388 4018 μᾶλλον
2418 3951 2513 4004 τοῦ
2548 3952 2704 4008 Θεοῦ.
2750 3953 2940 4026 Ἡμεῖς
2996 3957 3266 4028 ὑπηρέται
3300 3959 3485 4029 ἐσμὲν,
3542 3961 3680 4028 ἀγα-

2087 4033 2268 4103 πητοί·
2289 4036 2458 4104 ἡμεῖς
2486 4035 2546 4088 οὐ
2580 4036 2651 4090 τὰ
2683 4037 2930 4108 ἡμέτερα
2960 4038 3212 4112 λέγομεν,
3271 4040 3409 4095 ἀλλά
3460 4041 3529 4095 τὰ
3581 4043 3679 4097 τοῦ

2086 4115 2245 4170 Θεοῦ·
2281 4118 2562 4173 ἐπιστολαὶ
2601 4121 2724 4174 καθ’
2758 4123 2996 4194 ἑκάστην
3020 4126 3232 4196 ἡμέραν
3255 4127 3363 4180 άπὸ
3392 4127 3488 4180 τοῦ
3516 4129 3680 4199 ούρα-

2087 4199 2178 4254 νοῦ
2197 4201 2431 4271 ἥκουσαι
2459 4204 2947 4273 ἀναγινώσκονται.
2978 4209 3113 4262 Εἰπὲ
3133 4209 3197 4280 δή
3219 4227 3328 4280 μοι,
3345 4212 3676 4282 παρακαλῶ,

2086 4285 2244 4368 εἴτις
2275 4286 2400 4357 ἄρτι
2435 4289 2718 4359 παρόντων
2775 4291 2937 4362 ἡμῶν
2995 4293 3216 4346 πάντων
3244 4295 3492 4362 είσῆλθεν
3534 4296 3675 4368 έχων

2088 4365 2264 4438 ζώνην
2295 4371 2522 4440 χρυσῆν,
2561 4372 2654 4425 καὶ
2690 4375 3091 4445 ἀνατεταμένος
3118 4378 3212 4431 καὶ
3277 4379 3452 4434 σοϐῶν
3502 4365 3672 4452 ἔφησε

2086 4454 2404 4538 πεμφθῆναι
2439 4458 2591 4528 παρὰ
2620 4461 2715 4512 τοῦ
2756 4459 3020 4529 βασιλέως
3048 4462 3142 4517 τοῦ
3169 4465 3261 4518 ἐπὶ
3290 4465 3392 4536 τῆς
3420 4468 3544 4538 γῆς,
3573 4469 3673 4523 καὶ

2087 4538 2222 4608 πρὸς
2251 4537 2348 4609 τήν
2381 4538 2532 4592 πόλιν
2567 4540 2785 4624 ἃπασαν
2809 4544 2910 4614 τὴν
2942 4545 3232 4618 ἐπιστολὴν
3263 4537 3510 4620 κομίζειν
3541 4554 3674 4624 περί

2083 4639 2244 4675 τινων
2273 4624 2610 4692 ἀναγκαίων,
2627 4621 2737 4698 ἆρα
2753 4627 2853 4681 οὐκ
2871 4627 2939 4681 ἂν
2959 4628 3196 4695 ἀπαντες
3228 4621 3634 4708 συνεστράφητε
3651 4657 3674 4706 ;

2087 4699 2196 4789 ᾇρα
2220 4705 2326 4789 οὐκ
2363 4707 2429 4759 ἂν
2463 4708 2559 4762 καὶ
2594 4708 2690 4762 τοῦ
2751 4711 2999 4766 διακόνου
3038 4713 3117 4784 μὴ
3150 4699 3670 4789 παρακελευομένου

2086 4787 2474 4878 [528]-πολλὴν
2527 4794 2820 4864 παρείχετε
2847 4794 2945 4867 τὴν
2985 4799 3178 4870 σιγήν,
3241 4802 3454 4874 Ἔγωγε
3488 4787 3664 4878 οἶμαι·

2085 4875 2176 4927 καὶ
2199 4874 2305 4946 γὰρ
2339 4877 2877 4962 ήκουσα-ἐπιστολῶν
2904 4882 3172 4952 βασιλέων
3217 4874 3668 4962 ἀναγινωσκομέ-

2083 4976 2190 5011 νων
2218 4959 2484 5047 ἐνταῦθα.Δ
2505 4958 2616 5014 Εἰτ’
2643 4961 2709 5016 ἂν
2760 4964 2859 5034 μέν
2889 4982 2974 5029 τις
3010 4967 3159 5036 παρά
3216 4969 3481 5039 βασιλέως
3530 4958 3663 5047 ἥκῃ,

2084 5044 2283 5106 πάντες
2314 5044 2634 5116 προσέχετε·
2683 5047 2837 5118 παρά
2868 5048 2924 5102 δέ
2956 5049 3050 5104 τοῦ
3105 5052 3241 5106 Θεοῦ
3271 5055 3420 5125 ἥκει,
3450 5044 3561 5110 καί
3601 5044 3668 5112 ἐκ

2081 5127 2192 5178 τῶν
2223 5125 2468 5197 οὐρανῶν
2500 5129 2798 5199 φθέγγεται
2830 5135 2858 5186 6
2915 5137 3234 5208 προφήτης,
3271 5141 3366 5193 καὶ
3398 5141 3573 5205 οὐδεὶς
3635 5145 3668 5196 6

2084 5208 2410 5281 προσέχων;
2474 5213 2542 5265 Ἢ
2591 5215 2651 5267 οὐ
2704 5216 3012 5286 πιστεύετε,
3068 5222 3150 5274 ὅτι
3201 5224 3354 5294 παρά
3396 5223 3492 5276 τοῦ
3527 5227 3665 5280 Θεοῦ

2081 5293 2256 5346 ταῦτα
2277 5293 2345 5346 τὰ
2374 5293 2677 5366 λεγόμενα;
2707 5299 3018 5356 Ἐπιστολαὶ
3059 5299 3222 5358 αὗταί
3250 5293 3360 5359 εἰσι
3391 5308 3662 5377 πεμφθεῖ-

2083 5393 2175 5430 σαι
2205 5378 2359 5464 παρά
2385 5379 2479 5432 τοῦ
2509 5379 2664 5436 Θεοῦ.
2693 5383 3085 5458 Εἰσερχώμεθα
3133 5389 3311 5442 τοίνυν
3369 5391 3509 5461 μετά
3561 5393 3662 5464 τῆς

2080 5462 2468 5536 προσηκούσης
2516 5470 2682 5537 τιμῆς
2727 5471 2809 5534 εἰς
2849 5471 2950 5536 τὰς
2998 5473 3329 5543 ἐκκλησίας,
3378 5476 3473 5530 καὶ
3524 5462 3664 5548 μετά

2143 5653 2171 5692 ά
2192 5654 2353 5728 νει-δε
2379 5657 2562 5728 οὖηπερί
2583 5659 2834 5728 τούτου...
2856 5663 3078 5728 ποιεῖται,
3117 5664 3242 5726 ἀλλ’,
3278 5679 3388 5728 quae
3411 5665 3462 5716 in
3500 5665 3666 5722 Edilil

2078 5711 2306 5785 deet-gum,
2336 5731 2401 5785 ex
2422 5711 2554 5785 (1915.
2592 5726 2819 5785 suppleta
2845 5732 2977 5772 sunt.
3007 5711 3141 5774 Ειῖιτ.

2149 5792 2172 5820 ο
2200 5780 2335 5843 Lege
2356 5781 2498 5843 αἰτοῖ,
2520 5790 2573 5832 ει
2596 5780 2704 5833 ωὖὲ
2728 5786 2925 5846 νομίζοι,
