4114 6396
470 286 577 339 48‘)

464 402 631 467 φόϐου
660 399 1019 468 ἐπακούωμεν
1049 398 1158 450 τῶν
1208 398 1534 468 λεγομένων.
1594 396 1658 449 Τί
1703 397 2041 467 εἰσέρχομαι,

462 484 648 553 φησὶν,
672 484 719 533 εἰ
757 484 855 533 οὐκ
885 481 1068 534 ἀκούω
1105 481 1247 544 τινὸς
1290 479 1634 549 ὁμιλοῦντοςς
1673 479 1843 531 Τοῦτο
1868 480 2045 532 πάντα

461 564 775 619 ἀπολώλεκε
796 578 821 604 ιι
856 565 948 617 καὶ
976 564 1271 634 διέφθειρε.
1308 564 1371 616 Τί
1405 564 1514 632 γὰρ
1552 561 1710 633 χρεία
1736 561 1995 632 όμιλητοῦ
2024 580 2039 627 ;

458 650 568 703 ἀπὸ
596 650 696 717 τῆς
731 650 1006 719 ήμετέρας
1044 649 1315 720 ῥᾳθυμίας
1350 646 1493 716 αὕτη
1543 648 1578 717 ή
1632 646 1792 717 χρεία
1824 646 2039 714 γέγονε.

458 732 559 785 Διά
589 733 643 785 τί
676 732 785 802 γὰρ
813 731 1027 801 ὁμιλίας
1057 733 1250 801 χρείας
1292 731 1468 784 πάντα
1501 729 1647 800 σαφῆ
1672 730 1766 783 καὶ
1796 728 2043 781 εὐθέατά

458 816 661 884 παράδ
699 817 820 877 ταῖς
869 813 1041 877 θείαις
1104 816 1389 884 Γραφαῖς,ι
1414 815 1591 867 πάντα
1648 813 1718 866 τά
1770 813 2043 879 ἀναγκαῖα

456 900 609 969 δῆλα.
647 898 785 951 Ἀλλ’
820 898 1005 970 ἐπειδὴ
1036 898 1279 969 τέρψεως
1312 901 1435 951 ἐστε
1462 898 1751 969 ἀκροαταὶ,
1776 895 1863 948 διὰ
1883 894 2043 947 τοῦτο

457 985 744 1037 καὶταῦτα
776 983 1008 1053 ζητεῖτε.
1042 983 1175 1034 Εἰπέ
1202 982 1310 1052 γάρ
1348 999 1458 1053 μοι,
1494 982 1631 1051 ποίῳ
1655 980 1851 1049 κόμπῳ
1880 979 2039 1047 λόγου

457 1069 669 1131 Παῦλος
691 1069 875 1136 ἔλεγεν
899 1084 913 1133 ;
938 1068 1051 1120 ἀλλ’
1079 1068 1228 1137 ὅμως
1248 1067 1346 1138 τὴν
1364 1067 1693 1138 οἰκουμένην
1715 1063 2037 1135 ἐπέστρεψε.

456 1151 602 1222 Ποίῳ
625 1152 683 1204 δὲ
718 1151 925 1221 Πέτρος
956 1153 984 1204 6
1005 1150 1368 1221 ἀγράμματος
1393 1167 1408 1215 ἱ

537 1253 677 1306 Ἀλλ’
725 1253 825 1306 οὐκ
869 1249 1003 1315 οἶδα,
1046 1252 1201 1322 φησί,
1230 1250 1300 1304 τά
1333 1252 1388 1303 ἐν
1417 1251 1538 1312 ταῖς
1576 1248 1749 1310 θείαις
1793 1245 2041 1318 Γραφαῖς

453 1338 709 1408 κείμενα.
743 1338 843 1389 Διά
886 1338 938 1389 τί
984 1337 1084 1389 οὐκ
1127 1332 1303 1401 οἰδας;
1343 1334 1419 1405 μὴ
1452 1334 1559 1404 γὰρ
1603 1333 1919 1403 Ἑϐραῖστί;
1964 1330 2039 1400 μὴ

451 1421 559 1489 γὰρ
617 1418 955 1489 Ῥωμαῖστίς
1018 1417 1094 1489 μὴ
1142 1419 1252 1488 γάρ
1309 1416 1726 1488 ἐτερογλώσσως
1781 1415 2035 1483 εἴρηται;

450 1504 572 1573 οὐχὶ
594 1502 895 1571 Ἑλληνιστὶ
932 1503 1179 1570 λέγεται;
1220 1502 1361 1555 Ἀλλ’
1397 1500 1643 1570 ἀσαφῶς,
1678 1499 1829 1568 φησί.
1879 1500 2038 1551 Ποῖον

450 1587 680 1654 ἀσαφὲς,
714 1585 837 1638 εἰπὲ
868 1602 959 1656 μοι
993 1602 1007 1650 ;
1036 1587 1159 1656 οὐχὶ
1192 1586 1424 1655 ἱστορίαι
1450 1584 1596 1647 eici;
1641 1583 1722 1636 Τά
1747 1581 1853 1653 γὰρ
1889 1581 2037 1651 σαφῆ

448 1665 616 1732 οἶδας,
672 1669 757 1721 ἵνα
818 1672 949 1739 περὶ
1006 1669 1116 1722 τῶν
1178 1670 1405 1739 ἀσαφῶν
1462 1671 1768 1740 ἐρωτήσῃς.
1828 1666 2031 1737 Μυρίαι

450 1752 683 1822 ἱστορίαι
718 1754 856 1805 εἰσὶν
905 1755 962 1805 ἐν
1012 1756 1132 1816 ταῖς
1183 1753 1463 1824 Γραφαῖς·
1509 1752 1631 1805 είπέ
1674 1769 1764 1823 μοι
1814 1750 1941 1821 μίαν
1976 1749 2035 1816 ἐξ

447 1834 673 1887 ἐκείνων
696 1850 709 1863 '
743 1835 858 1887 ἀλλ’
885 1836 985 1887 οὐκ
1027 1837 1191 1905 ἐρεῖς.
1242 1836 1521 1906 Πρόφασις
1545 1834 1719 1889 ταῦτα
1747 1834 1840 1887 καὶ
1862 1833 2032 1901 λόγοι.

448 1918 587 1970 Καθ’
624 1920 858 1988 ἡμέραν,
892 1919 1044 1987 φησὶ,
1078 1919 1148 1972 τὰ
1181 1919 1321 1971 αὐτά
1370 1919 1518 1972 ἐστιν
1565 1919 1809 1972 ἀκούειν.
1866 1916 1931 1969 Τί
1954 1916 2033 1978 δὲ,

448 2002 570 2053 εἰπέ
603 2019 729 2070 μοι;
766 2002 824 2053 ἐν
870 2005 983 2065 τοῖς
1026 2002 1276 2073 θεάτροις
1317 2004 1377 2055 οὐ
1411 2003 1481 2055 τά
1520 2003 1660 2056 αὐτά
1686 2000 1942 2065 ἀκούεις;
1979 2002 2035 2053 ἐν

446 2086 564 2146 ταῖς
592 2086 981 2156 ἱπποδρομίαις
1005 2086 1065 2138 οὐ
1092 2086 1160 2139 τά
1184 2085 1324 2139 αὐτά
1352 2088 1519 2156 όρᾷς;
1552 2087 1618 2139 τά
1650 2085 1706 2139 δὲ
1737 2084 2036 2157 πράγματα

448 2168 627 2221 πάντα
665 2171 726 2222 οὐ
766 2170 834 2223 τά
865 2170 1005 2224 αὐτά
1034 2171 1217 2236 ἐστιν;
1247 2173 1276 2224 6
1310 2170 1370 2223 δέ
1404 2171 1555 2241 ἥλιος
1582 2171 1681 2240 οὐχ
1709 2172 1737 2223 ὁ
1757 2169 1919 2231 αὐτὸς
1947 2169 2037 2222 ἀεὶ

446 2252 764 2316 ἀνατέλλει;
812 2256 1044 2325 τροφαῖς
1100 2255 1159 2308 δὲ
1210 2255 1271 2307 οὐ
1315 2258 1436 2319 ταῖς
1486 2255 1682 2317 αὐταῖς
1732 2253 2033 2323 χρώμεθας

507 2451 534 2523 ξ
571 2448 651 2523 Sig.
670 2450 866 2500 omnino
887 2465 917 2501 e
935 2451 1070 2504 Colb.
1116 2450 1489 2501 rescribendum
1513 2451 1609 2502 fuit
1628 2466 1717 2515 pro
1741 2454 1873 2515 vulg.
1912 2436 2034 2500 ἀπὸιλ

445 2512 775 2681 λῗιὲῗῖἄίὲίτέι
794 2589 948 2638 marg.
971 2575 1144 2635 Savil.,
1164 2575 1224 2623 τὰ
1252 2574 1318 2636 ἐν,
1340 2574 1472 2637 quod
1512 2576 1669 2637 magis
1693 2584 1773 2626 est
1818 2580 2001 2640 Chryso

445 2645 466 2681 Ι
491 2647 717 2681 omlcum.

440 2645 717 2684 slomlcum.

1252 285 1309 342 S.
1348 283 1627 340 JOANNIS
1656 280 2138 338 CllRYSOSTOMI
2168 280 2481 337 ARCHIEP.
2520 283 3070 341 CONSTANTINOP.

3637 289 3741 341 485

2163 396 2496 466 Ἐϐουλόμην
2548 414 2641 451 σου
2698 395 2983 459 πυθέσθαι,
3031 394 3221 465 ἐπειδὴ
3261 394 3331 448 τὰ
3369 395 3508 448 αὐτά
3561 396 3745 466 λέγεις

2150 480 2370 533 ἀκούειν
2405 482 2523 533 καθ’
2556 482 2793 550 εκάστην
2824 482 3075 551 ἡμέραν,
3109 480 3231 532 εἰπέ
3262 496 3374 549 μοι,
3420 481 3574 535 ποίου
3602 500 3742 552 προ-

2150 563 2319 630 φήτου
2380 565 2497 615 ἐστὶ
2546 564 2605 615 :6
2657 564 2857 634 χωρίον
2896 566 2955 615 τὸ
3004 564 3385 631 ἀναγνωσθέν,
3439 565 3533 617 καὶ
3582 567 3741 618 ποίου

2136 644 2469 707 ἀποστόλου,
2516 644 2736 715 ἦποίας
2774 646 3099 715 ἐπιστολῆς;
3170 645 3312 698 Ἀλλ’
3351 647 3452 699 οὐκ
3488 646 3555 700 ἂν
3596 648 3743 717 ἔχοις

2149 729 2360 789 εἰπεῖν,
2392 727 2529 781 ἀλλά
2576 728 2754 792 δοκεῖς
2800 729 2967 796 ξένων
3009 729 3246 783 ἀκούειν.
3289 729 3457 782 ’Ὅταν
3490 731 3587 801 μέν
3643 728 3742 784 οὖν

2152 811 2470 880 ρᾳθυμῆσαι
2529 811 2709 883 θέλῃς,
2762 814 2832 865 τά
2890 813 3027 867 αὐτά
3076 814 3253 881 λέγεις
3301 808 3473 866 εῖναι·
3523 815 3649 867 ὅταν
3680 815 3744 867 δὲ

2149 892 2430 964 ἐρωτηθῇς
2455 934 2470 958 ,
2511 893 2588 957 ὡς
2637 894 2891 948 οὐδέποτε
2935 896 3175 960 ἀκούσας
3208 896 3503 950 διάκεισαι.
3572 899 3633 951 Εἰ
3669 899 3744 951 τά

2147 974 2285 1028 αὐτά
2303 977 2470 1043 ἐστιν,
2503 978 2671 1048 ἐχρῆν
2702 979 2843 1032 αὐτά
2872 980 3091 1046 εἰδέναι,
3135 980 3199 1031 σὺ
3239 980 3296 1032 δὲ
3323 981 3563 1044 ἀγνοεῖς.
3595 982 3744 1052 Θρή-

2146 1076 2252 1112 νων
2302 1060 2427 1124 ἄξια
2481 1062 2550 1115 τά
2601 1063 2864 1132 παρόντα,
2892 1063 3106 1134 θρήνων
3164 1065 3259 1116 καὶ
3299 1064 3593 1134 ὀδυρμῶν,
3647 1068 3740 1116 ὅτι

2146 1143 2227 1205 είς
2260 1144 2416 1196 κενὸν
2443 1145 2827 1215 ἀργυροκόπος
2858 1146 3249 1217 ἀργυροκοπεῖ.
3275 1147 3462 1219 Ταύτῃ
3498 1147 3742 1216 μάλιστα

2147 1226 2316 1297 ἐχρῆν
2336 1229 2646 1299 προσέχειν,
2670 1230 2752 1282 ὅτι
2778 1232 2845 1284 τά
2874 1231 3016 1285 αὐτά
3050 1232 3219 1298 ἐστιν,
3250 1232 3333 1284 ὅτι
3362 1232 3549 1284 οὐδένα
3594 1249 3743 1303 παρ-

2146 1309 2342 1379 έχομεν
2383 1313 2511 1381 ὑμῖν
2548 1314 2728 1379 πόνον,
2763 1315 2883 1368 οὐδέ
2923 1314 3052 1379 ξένα
3078 1315 3199 1369 τινὰ
3229 1316 3326 1367 καὶ
3362 1316 3739 1386 ἐνηλλαγμένα

2144 1391 2391 1463 λέγομεν.
2418 1393 2481 1447 Τί
2513 1390 2605 1449 οὖν
2631 1414 2645 1461 ;
2678 1398 2864 1467 ἐπειδὴ
2899 1399 3080 1451 ἐκεῖνα
3103 1398 3171 1452 τὰ
3191 1398 3329 1452 αὐτά
3368 1399 3543 1467 λέγεις
3572 1396 3735 1460 εἶναι,

2143 1475 2211 1527 τὰ
2236 1476 2292 1529 δὲ
2320 1478 2565 1550 ἡμέτερα
2598 1481 2659 1534 οὐ
2694 1481 2760 1535 τά
2790 1483 2929 1535 αὐτά
2958 1484 3107 1537 ἐστιν
3126 1523 3141 1546 ,
3170 1483 3286 1535 ἀλλ’
3318 1485 3404 1537 ἀεὶ
3428 1485 3554 1548 ξένα
3580 1484 3736 1551 λέγο-

2145 1575 2267 1628 μεν,
2300 1561 2507 1625 τούτοις
2532 1566 2857 1634 προσέχετε;
2887 1566 3150 1637 Οὐδαμῶς
3176 1584 3190 1598 ·
3222 1567 3335 1620 ἀλλ“
3356 1568 3420 1620 ἂν
3446 1568 3542 1636 μὲν
3573 1570 3739 1620 είπωο

2147 1643 2380 1711 μεν,Διά
2396 1645 2449 1696 τί
2478 1646 2599 1697 οὐδέ
2626 1648 2800 1699 ταῦτα
2824 1648 3115 1718 κατέχετε;
3138 1649 3339 1714 ”Απαξ,
3366 1650 3518 1718 φησὶ,
3540 1649 3737 1703 ἀκούο-

2141 1744 2262 1794 μεν,
2299 1729 2394 1781 καὶ
2428 1730 2545 1793 πῶς
2573 1731 2651 1784 ἔνι
2691 1736 2982 1803 κατασχεῖν
3023 1751 3038 1798 ;
3070 1733 3137 1787 ἂν
3183 1735 3445 1803 εἴπωμεν
3475 1735 3735 1792 Ἐκείνοις

2137 1809 2223 1862 διὰ
2258 1810 2310 1863 τί
2342 1813 2400 1863 οὐ
2433 1816 2730 1883 προσέχετε
2758 1831 2771 1879 ;
2804 1815 2961 1883 φατὲ,
2990 1816 3103 1868 Ἀεὶ
3122 1816 3191 1869 τά
3213 1817 3351 1869 αὐτά
3373 1817 3609 1886 λέγεται,
3637 1819 3736 1870 καὶ

2138 1893 2402 1945 πάντοθεν
2438 1895 2715 1966 ῥᾳθυμίας
2767 1898 2863 1950 καὶ
2898 1898 3153 1970 σκήψεως
3199 1900 3269 1952 τά
3303 1901 3543 1971 ῥήματα.
3587 1899 3731 1952 Ἀλλ’

2136 1975 2197 2026 οὐ
2252 1974 2399 2048 [529]
2437 1981 2786 2049 προχωρήσει
2824 1978 2997 2034 ταῦτα
3042 1981 3374 2047 διαπαντὸς,
3424 1983 3539 2036 ἀλλ’
3578 1983 3732 2035 ἐσται

2137 2057 2360 2129 καιρὸς,
2405 2060 2494 2113 ὅτε
2534 2061 2879 2133 θρηνήσομεν
2904 2064 3027 2133 εἰκῆ
3076 2065 3171 2118 καὶ
3212 2066 3389 2137 μάτην
3414 2083 3427 2096 °
3458 2068 3593 2138 ὅπερ
3652 2068 3731 2137 μὴ

2138 2140 2376 2209 γένοιτο·
2410 2143 2547 2198 ἀλλά
2584 2145 2795 2213 γένοιτο
2844 2145 3079 2200 ἐνταῦθα
3128 2153 3587 2221 μετανοήσαντας,
3631 2154 3729 2206 καὶ

2140 2225 2279 2293 μετά
2307 2227 2573 2290 συνέσεως
2604 2228 2700 2281 καὶ
2737 2230 2876 2298 μετά
2898 2228 3187 2295 εὐλαϐείας
3214 2233 3584 2303 προσέχοντας
3609 2238 3723 2299 τοῖς

2136 2306 2474 2377 λεγομένοις,
2505 2310 2641 2381 πρὸς
2669 2312 2769 2384 τὴν
2798 2314 2904 2366 τῶν
2927 2315 3147 2384 ἀγαθῶν
3177 2314 3353 2385 ἔργων
3387 2317 3727 2387 κατόρθωσιν

2135 2391 2481 2461 ἐπείγεσθαι,
2518 2396 2609 2447 καὶ
2645 2396 2785 2464 μετά
2812 2397 2994 2469 πάσης
3040 2399 3329 2470 ἀκριϐείας
3373 2402 3461 2453 τὸν
3514 2402 3724 2454 ἑαυτῶν

2138 2470 2256 2541 βίον
2291 2475 2561 2537 εὐθύνειν,
2595 2478 2681 2529 ἵνα
2716 2478 3035 2551 δυνηθῶμεν
3078 2484 3355 2552 ἐπιτυχεῖν
3399 2484 3506 2536 τῶν
3551 2486 3723 2553 ἐπηγ-

2135 2554 2416 2638 γελμένων
2461 2558 2680 2626 ἀγαθῶν
2712 2563 2825 2623 τοῖς
2865 2562 3153 2630 ἀγαπῶσιν
3186 2566 3369 2630 αὐτὸν,
3406 2567 3591 2638 χάριτι
3626 2569 3721 2620 καὶ

2140 2636 2542 2713 φιλανθρωπίᾳ,
2580 2644 2675 2695 καὶ
2712 2645 2779 2698 τὰ
2811 2645 2957 2717 ἑξῆς.

1231 2786 3702 2831 .._____________________________________

1957 2924 2201 2978 OMIAIA
2237 2924 2311 2982 A'.

444 3059 552 3113 Καὶ
590 3057 705 3130 νῦν
737 3057 804 3130 τό
839 3056 1095 3130 κατέχον
1130 3057 1348 3130 οἴδατε,
1390 3060 1477 3130 εὶς
1500 3058 1569 3112 τὸ
1597 3060 2029 3130 ἀποκαλυφθῆ-

513 3146 610 3180 ναι
643 3128 927 3201 αυτὸνλὲν
953 3125 1268 3201 τῷῌέαυτοῦ
1297 3128 1500 3201 καιρῷ.
1557 3130 1626 3182 Τὸ
1666 3131 1775 3199 γὰρ
1798 3125 2031 3201 μυστῆ-

504 3215 638 3267 ριον
666 3196 784 3269 ἤδη
820 3198 1141 3269 ἐνεργεῖται
1166 3197 1275 3265 τῆς
1312 3196 1584 3268 ἀνομίας,
1607 3196 1862 3269 μόνὸνίό
1891 3196 2030 3256 κατ-

513 3269 669 3337 έχων
734 3267 868 3334 ἄρτι
918 3267 1029 3333 ἕως
1078 3268 1147 3320 ἐκ
1200 3269 1395 3335 μέσου
1424 3267 1721 3334 γένηται·
1751 3273 1847 3325 καὶ
1896 3274 2031 3326 τότε

509 3337 1081 3409 ἀποκαλυφθήσεται
1097 3340 1128 3390 ό
1148 3337 1391 3407 ἄνομος,
1411 3338 1483 3392 ὃν
1502 3343 1532 3393 ό
1552 3339 1601 3392 Κ
1606 3342 1768 3408 ύριος
1796 3343 2029 3409 Ἰησοῦς

511 3407 812 3462 ἀναλώσει
834 3407 911 3472 τῷ
937 3409 1228 3478 ,πνεύματι
1256 3410 1362 3463 τοῦ
1384 3410 1682 3478 στόματος
1700 3411 1904 3475 αὐτοῦ,
1930 3407 2027 3467 καὶ

511 3478 873 3549 καταργήσει
901 3476 974 3544 τῇ
990 3478 1306 3545 ἐπιφανείᾳ
1329 3478 1439 3546 τῆς
1465 3476 1800 3549 παρουσίας
1820 3483 2025 3534 αὐτοῦ·

516 3546 586 3604 οὗ
610 3550 779 3601 ἐστιν
799 3549 837 3616 ἡ
865 3549 1169 3614 παρουσία
1187 3551 1308 3601 κατ’
1326 3546 1635 3619 ἐνέργειαν
1650 3551 1754 3604 τοῦ
1769 3551 2025 3607 σατανᾶ.

507 3655 575 3702 α’.
593 3648 892 3716 Ζητήσειεν
921 3646 986 3700 ἄν
1011 3662 1095 3707 τις
1121 3645 1337 3716 πρῶτον
1363 3647 1618 3712 εἰκότως,
1641 3650 1694 3700 τί
1722 3650 1854 3702 ποτέ
1890 3650 2027 3716 ἐστι,

446 3733 514 3786 Τὸ
544 3730 821 3798 κατέχον,
848 3729 943 3781 καὶ
968 3729 1107 3798 μετά
1134 3728 1307 3781 ταῦτα
1348 3729 1561 3797 μαθεῖν,
1592 3732 1644 3783 τί
1667 3732 1870 3801 δήποτε
1895 3734 2029 3786 ἀσα-

440 3814 557 3884 φῶς
594 3812 770 3874 οὕτως
812 3812 945 3864 αὐτὸ
989 3812 1201 3880 τίθησιν
1250 3813 1278 3864 ὁ
1318 3812 1550 3877 Παῦλος.
1603 3814 1667 3866 Τί
1698 3815 1883 3884 δήποτ’
1934 3813 2028 3871 οὖν

438 3901 556 3951 ἐστι
597 3897 669 3950 Τὸ
693 3895 949 3963 κατέχον
972 3894 1479 3964 ἀποκαλυφθῆναι
1508 3897 1716 3963 αὐτὸν,
1756 3900 2024 3967 τουτέστι,

438 3980 499 4033 τὸ
533 3978 777 4039 κωλύον;
808 3979 872 4030 Οἱ
907 3978 1004 4047 μὲν
1024 3976 1119 4029 τοῦ
1160 3977 1477 4047 Πνεύματος
1520 3979 1617 4049 τὴν
1650 3982 1811 4050 χάριν
1840 3984 2024 4050 φασὶν,

438 4065 488 4116 οί
514 4064 571 4115 δὲ
605 4061 703 4131 τὴν
742 4059 1057 4130 Ῥωμαϊκὴν
1085 4061 1262 4130 ἀρχήν
1280 4076 1294 4090 ο
1319 4055 1401 4124 οἷς
1423 4061 1597 4129 ἔγωγε
1624 4064 1861 4132 μάλιστα
1882 4065 2030 4117 τίοε-

444 4163 562 4215 μαι.
604 4144 703 4197 Διά
740 4142 793 4194 τί
820 4160 834 4208 ;
878 4142 1001 4194 Ὅτι
1031 4142 1079 4193 εί
1103 4142 1163 4194 τὸ
1195 4141 1413 4212 πνεῦμα
1436 4143 1687 4197 ἐϐούλετο
1711 4147 1903 4211 εἰπεῖν,
1927 4147 2029 4200 οὐκ

441 4230 507 4281 ἂν
560 4223 713 4280 εἶπεν
748 4224 996 4292 ἀσαφῶς,
1027 4224 1162 4277 ἀλλά
1214 4226 1487 4297 φανερῶς,
1520 4229 1601 4280 ὅτι
1627 4228 1721 4281 καὶ
1743 4227 1838 4281 νῦν
1865 4229 2027 4282 αὐτὸν

440 4311 661 4379 κατέχει
695 4310 727 4379 ἡ
758 4308 851 4362 τοῦ
887 4306 1208 4377 Πνεύματος
1234 4309 1413 4379 γάρις,
1447 4311 1718 4374 τουτέστι,
1750 4311 1820 4363 τὰ
1865 4312 2026 4381 χαρί-

442 4393 864 4463 σματα.”Αλλως
891 4391 946 4443 δὲ
968 4391 1073 4444 ἔδει
1090 4391 1190 4462 ’ήδη
1216 4392 1644 4461 παραγενέσθαι,
1665 4395 1718 4446 ετ
1744 4410 1806 4461 γε
1835 4394 2025 4464 ἔμελλε

438 4477 547 4529 τῶν
576 4478 927 4547 χαρισμάτων
951 4475 1313 4528 ἐκλειπόντων
1342 4475 1769 4546 παραγενέσθαν
1798 4479 1891 4529 καὶ
1918 4479 2024 4549 γὰρ

441 4558 609 4612 πάλαι
649 4558 985 4611 ἐκλέλοιπεν.
1036 4557 1254 4629 Ἐπειδὴ
1300 4558 1355 4611 δέ
1397 4559 1527 4629 περὶ
1566 4558 1665 4629 τῆς
1710 4559 2026 4631 Ῥωμαῖκῆς

440 4643 619 4712 ἀρχῆς
649 4641 809 4694 τοῦτό
837 4658 1025 4710 φησιν,
1055 4640 1281 4702 εἰκότως
1317 4640 1559 4711 ᾐνίξατο,
1593 4642 1686 4695 καὶ
1715 4643 1852 4704 τέως
1888 4646 2024 4714 φησὶ

444 4726 917 4794 συνεσκιασμένως
942 4742 955 4754 ·
984 4722 1104 4776 οὐδὲ
1127 4722 1234 4794 γὰρ
1261 4722 1512 4776 ἐϐούλετο
1536 4724 1797 4794 περιττὰς
1824 4726 2023 4797 ἔχθρας

443 4810 795 4879 ἀναδέχεσθαι
826 4810 918 4861 καὶ
960 4809 1252 4879 ἀνονήτους
1275 4807 1574 4872 κινδύνους.
1638 4811 1701 4863 Εἰ
1736 4811 1845 4882 γὰρ
1869 4807 2023 4865 εἶπεν

441 4896 523 4947 ὅτι
558 4892 751 4963 μικρὸν
791 4891 1015 4961 ὕστερον
1044 4892 1480 4962 καταλυθήσεται
1528 4895 1562 4963 ή
1603 4892 1894 4965 Ῥωμαίων
1923 4896 2020 4967 ἀρ-

441 4978 534 5047 χὴ,
573 4976 673 5047 ήδη
696 4975 899 5039 εὐθέως
922 4974 987 5027 ἂν
1008 4974 1166 5027 αὐτὸν
1192 4976 1283 5027 καὶ
1304 4976 1624 5047 κατώρυξαν
1647 4977 1722 5039 ὼς
1744 4977 2017 5046 λυμεῶνα,

441 5065 535 5114 καὶ
559 5062 685 5122 τοὺς
714 5059 938 5120 πιστοὺς
965 5058 1228 5124 ἅπαντας,
1261 5058 1337 5121 ὼς
1358 5058 1452 5111 ἐπὶ
1476 5059 1653 5130 τούτῳ
1683 5059 1892 5125 ζῶντας
1926 5061 2020 5115 καὶ

442 5142 920 5213 στρατευομένους.

403 5251 406 5254 ~
511 5226 609 5278 Διά
635 5225 792 5278 τοῦτο
816 5226 915 5277 οὐκ
951 5220 1100 5277 εἶπεν
1128 5223 1319 5288 οὕτως,
1357 5225 1466 5278 οὐδ’
1489 5226 1569 5279 ὄτι
1604 5228 1814 5297 ταχέως
1840 5227 2015 5297 ἔσται,

442 5310 687 5376 καίτοιγε
717 5309 805 5361 ἀεὶ
849 5307 983 5360 αὐτὸ
1002 5307 1184 5374 λέγει·
1220 5306 1354 5360 ἀλλά
1378 5308 1431 5360 τί
1454 5325 1468 5373 ;
1502 5311 1604 5375 Είς
1628 5310 1693 5362 τὸ
1712 5311 2019 5367 ἀποκαλυ-

442 5392 666 5460 φθῆναι
693 5390 879 5445 αὐτόν
907 5392 976 5444 ὲν
1007 5391 1087 5455 τῷ
1114 5391 1335 5445 ἑαυτοῦ
1366 5393 1571 5460 καιρῷ,
1621 5394 1777 5464 φησί.
1804 5396 1874 5449 Τὸ
1907 5398 2018 5466 γὰρ

436 5474 777 5544 μυστήριον
799 5474 912 5546 ἤδη
950 5474 1271 5543 ἐνεργεῖται
1314 5476 1425 5542 τῆς
1457 5477 1731 5544 ἀνομίας.
1789 5479 2016 5549 Νέρωνα

442 5557 676 5611 ἐνταῦθά
700 5576 886 5630 φησιν,
916 5558 1115 5611 ὡσανεὶ
1146 5557 1310 5612 τύπον
1338 5560 1465 5611 ὄντα
1500 5559 1595 5611 τοῦ
1621 5561 1960 5632 ἀντιχρίστου
1994 5581 2008 5595 ο

443 5643 539 5696 καὶ
565 5642 671 5714 γὰρ
704 5638 857 5707 οὗτος
889 5642 1140 5696 ἐϐούλετο
1166 5642 1480 5713 νομίζεσθαι
1507 5642 1646 5708 θεός.
1695 5646 1801 5697 Καὶ
1834 5646 2011 5709 καλῶς

441 5720 562 5779 εἷπε
588 5727 654 5779 τὸ
670 5724 1007 5796 μυστήριον
1029 5744 1043 5759 θ
1090 5727 1149 5778 οὐ
1183 5728 1289 5797 γὰρ
1338 5725 1604 5796 φανερῶς,
1636 5727 1733 5791 εὼς
1782 5728 2007 5795 ἐκεῖνος,

2134 3065 2258 3150 οὐδέ
2307 3067 2863 3141 ἀπηρυθριασμένως.
2948 3074 3010 3126 Εί
3057 3074 3166 3145 γὰρ
3221 3077 3327 3147 7:96
3378 3078 3473 3132 τοῦ
3520 3080 3717 3150 χρόνου

2132 3143 2339 3201 ἐκέίνου
2367 3151 2655 3222 ἀνευρέθη,
2682 3155 2866 3225 φησὶν,
2896 3155 2954 3219 ὃς
2984 3158 3044 3209 οὐ
3081 3143 3216 3210 πολὺ
3244 3159 3337 3211 τοῦ
3366 3161 3714 3232 ἀντιχρίστου

2131 3231 2379 3285 ἐλείπετο
2430 3236 2574 3287 κατά
2623 3236 2719 3307 τὴν
2777 3239 2995 3299 κακίαν,
3056 3241 3109 3292 τί
3160 3243 3489 3313 θαυμαστὸν,
3518 3231 3566 3299 εί
3608 3247 3710 3318 ήδη

2130 3314 2321 3378 ἕσται;
2350 3317 2504 3369 Οὕτω
2534 3319 2595 3389 δή
2629 3324 3103 3392 συνεσκιασμένως
3158 3320 3300 3388 εἷπε,
3336 3328 3431 3379 καὶ
3480 3331 3711 3399 φανερὸν

2131 3398 2293 3450 αὐτὸν
2332 3400 2431 3451 οὐκ
2478 3400 2707 3472 ἠθέλησε
2756 3405 2997 3475 ποιῆσαι,
3059 3409 3116 3460 οὐ
3173 3408 3262 3461 διὰ
3298 3410 3515 3475 δειλίαν,
3575 3398 3711 3467 ἀλλά

2131 3480 2401 3563 παιδεύων
2429 3483 2577 3552 ἡμᾶς
2598 3486 2671 3557 μὴ
2692 3489 2948 3557 περιττὰς
2968 3489 3167 3561 ἔχθρας
3188 3493 3559 3563 ἀναδέχεσθαι,
3584 3498 3711 3550 ὅταν

2134 3563 2296 3649 μηδὲν
2324 3560 2440 3637 ᾗτὸ
2472 3571 2819 3637 κατεπεῖγον.
2850 3570 3004 3623 Οὐτω
3036 3560 3099 3644 δὴ
3136 3575 3229 3627 καὶ
3275 3560 3509 3632 ἐνταῦθά
3535 3597 3665 3649 φησι
3695 3599 3708 3612 ·

2129 3646 2331 3698 Μόνον
2347 3650 2379 3700 d
2399 3649 2666 3717 κατέχων
2688 3651 2817 3720 ἄρτι
2834 3652 2943 3717 ἕως
2964 3655 3032 3706 ἐκ
3042 3655 3236 3722 μέσου
3253 3658 3493 3726 γένηται
3522 3646 3712 3715 ’τουτ-

2129 3727 2295 3818 έσιτιν,
2322 3732 2354 3801 ή
2384 3732 2526 3818 ἀρχὴ
2579 3736 2611 3803 ή
2680 3734 2961 3808 Ῥωμαῖκή
3015 3739 3142 3791 ὅταν
3228 3742 3367 3818 ἀρθῇ
3419 3743 3567 3814 [550
3598 3744 3618 3818 ]
3645 3749 3711 3800 ἐκ

2132 3812 2320 3898 μέσου,
2355 3813 2478 3898 τότε
2511 3818 2716 3898 ἐκεῖνος
2749 3819 2890 3889 ἥξει.
2946 3822 3057 3873 Καὶ
3115 3812 3364 3888 είκότωςί
3395 3812 3543 3887 ’Ἕως
3598 3812 3708 3898 γὰρ

2092 3937 2097 3943 .
2131 3895 2196 3947 ἂν
2228 3896 2256 3946 6
2278 3896 2480 3966 ταύτης
2575 3900 2677 3969 τῆς
2705 3901 2879 3971 ἀρχῆς
2911 3904 3094 3971 φόϐος,
3130 3906 3305 3970 οὐδεὶς
3334 3910 3546 3978 ταχέως
3577 3894 3710 3963 ὐπο-

2128 3978 2425 4048 ταγήσεται
2453 3996 2468 4010 ·
2492 3981 2620 4035 ὅταν
2646 3982 2703 4035 δὲ
2741 3983 2881 4049 αὐτη
2912 3987 3210 4059 καταλυθῇ,
3257 3986 3576 4062 ἐπιθήσεται
3638 3996 3704 4063 τῇ

2128 4061 2381 4133 ἀναρχίᾳ,
2413 4065 2507 4116 καὶ
2538 4066 2637 4135 τὴν
2671 4066 3099 4137 τῶνάνθρώπων
3139 4073 3232 4123 καὶ
3270 4074 3369 4143 τὴν
3408 4061 3515 4127 τοῦ
3570 4061 3705 4128 Θεού

2128 4145 2466 4216 ἐπιχειρήσει
2502 4148 2744 4217 ἁρπάσαι
2779 4151 2974 4221 ἀρχήν.
3003 4152 3211 4224 Ὥσπερ
3235 4156 3343 4226 γὰρ
3364 4159 3418 4209 αἰ
3454 4159 3559 4227 πρὸ
3580 4158 3705 4211 τού-

2130 4242 2220 4277 του
2254 4227 2626 4299 κατελύθησαν
2667 4232 2955 4301 βασιλείαι,
2979 4228 3152 4307 οἶονή
3197 4239 3397 4308 Μήδων
3444 4240 3550 4293 ὑπὸ
3596 4241 3705 4294 τῶν

2128 4305 2505 4390 Βαβυλωνίων,
2536 4311 2567 4379 ή
2598 4310 2950 4365 Βαϐυλωνίων
2984 4315 3086 4367 ὐπὸ
3109 4305 3351 4386 Περσῶν,
3390 4320 3422 4388 ή
3481 4321 3706 4390 Περσῶν

2128 4389 2233 4441 ὑπὸ
2264 4391 2611 4457 Μακεδόνων,
2646 4396 2677 4463 ἡ
2709 4397 3034 4450 Μακεδόνων
3068 4399 3172 4451 ὑπὸ
3210 4400 3492 4469 Ῥωμαίων
3517 4419 3530 4432 ·
3560 4389 3703 4458 οὕτω

2126 4471 2372 4543 καὶαΰτη
2401 4474 2503 4526 ὑπὸ
2559 4477 2651 4528 τοῦ
2712 4480 3080 4550 ἀντιχρίστου,
3158 4483 3409 4549 κάκεῖνος
3456 4486 3560 4539 ὑπὸ
3609 4488 3702 4540 τοῦ

2125 4554 2383 4624 Χριστοῦ,
2413 4558 2505 4609 καὶ
2537 4560 2718 4612 οὐκέτι
2743 4562 2983 4625 καθέξει.
3017 4564 3307 4619 Καίταῦτα
3337 4569 3476 4638 μετὰ
3506 4570 3703 4641 πολλῆς

2123 4636 2221 4704 τῆς
2257 4641 2550 4708 σαφηνείας
2582 4642 2609 4693 ὁ
2632 4644 2827 4715 Δανιὴλ
2867 4647 2996 4714 ἡμῖν
3035 4636 3559 4718 παρακατατίθεται.
3593 4636 3701 4707 Κάι

2123 4720 2282 4783 τότε,
2318 4723 2502 4791 φησὶν,
2530 4725 3103 4795 ἀποκαλυφθήσεται
3126 4734 3159 4784 ό
3196 4732 3463 4800 ἄνομος..
3494 4737 3602 4789 Καὶ
3651 4739 3701 4789 τί

2124 4803 2263 4890 μετὰ
2317 4805 2488 4859 ταῦτα
2518 4825 2536 4872 ;
2602 4810 2797 4878 Ἐγγὺς
2828 4813 2861 4882 ή
2924 4814 3248 4883 παραμυθία
3273 4833 3287 4847 ·
3324 4818 3519 4886 έπάγει
3553 4820 3661 4890 γάρ
3682 4838 3697 4852 ο

2127 4886 2238 4938 Ὃν
2268 4889 2300 4939 ὁ
2326 4890 2541 4956 Κύριος
2574 4891 2826 4960 Ἰησοῦς,
2856 4898 3041 4965 φησὶν,
3068 4898 3369 4953 ἀναλώσει
3411 4901 3491 4967 τῷ
3519 4886 3701 4956 πνευ-

2116 4986 2257 5037 ματι
2276 4971 2385 5025 τοῦ
2404 4976 2704 5043 στόματος
2721 4979 2929 5043 αὐτοῦ,
2956 4980 3055 5032 καὶ
3075 4984 3442 5052 καταργήσει
3467 4986 3544 5055 τῇ
3564 4987 3697 5041 ἐπι-

2118 5056 2337 5121 φανείᾳ
2364 5056 2474 5125 τῆς
2508 5062 2843 5126 παρουσίας
2862 5065 3071 5127 αὐτοῦ,
3103 5062 3176 5121 οὗ
3204 5068 3375 5120 ἐστιν
3405 5071 3443 5138 ἠ
3470 5086 3698 5138 παρου-

2119 5138 2234 5225 σία.
2259 5139 2397 5225 fati
2417 5140 2720 5225 ἐνέργειαν
2745 5144 2851 5198 τοῦ
2886 5147 3141 5203 σατανᾶ.
3169 5150 3435 5224 Καθάπερ
3458 5154 3564 5225 γὰρ
3586 5154 3696 5225 πῦρ

2120 5219 2343 5305 ἐπελθὸν
2376 5223 2563 5288 ἁπλῶς
2583 5226 2653 5277 τὰ
2679 5228 2848 5297 μικρά
2875 5227 3089 5298 ζωΰφια
3110 5234 3202 5285 καὶ
3230 5233 3337 5303 πρὸ
3360 5219 3689 5305 τῆς-παρουξ

2119 5303 2239 5366 σίας
2262 5306 2428 5375 αὐτῆς
2445 5308 2724 5380 πόρρωθεν
2741 5311 2869 5367 ὄντα
2889 5318 3095 5386 ναρκᾷν
3113 5320 3255 5371 ποιεῖ
3270 5320 3363 5371 καὶ
3382 5303 3659 5375 ἀναλίσκει
3679 5338 3691 5351 ·

2118 5386 2256 5441 οὐτω
2285 5391 2378 5476 καὶ
2421 5394 2449 5445 6
2479 5395 2714 5463 Χριστὸς
2761 5396 2839 5466 τῷ
2897 5399 3232 5471 ἐπιτάγματι
3297 5404 3457 5473 μόνον
3497 5405 3590 5458 καὶ
3626 5409 3691 5476 τῇ

2118 5475 2390 5558 παρουσίᾳ
2417 5476 2508 5529 τὸν
2534 5479 2878 5549 ἀντίχριστον
2899 5483 3185 5538 ἀναλώσει.
3231 5488 3416 5557 Ἀρκεῖ
3440 5475 3692 5558 παρεῖναι

2118 5557 2295 5621 αὐτὸν,
2325 5561 2610 5615 καὶταῦτα
2640 5564 2816 5617 πάντα
2844 5566 3087 5620 ἀπόλωλε
3127 5582 3174 5609 α’
3213 5572 3399 5642 στήσει
3429 5557 3529 5642 τὴν
3549 5573 3693 5624 ἀπά-

2181 5679 2205 5705 ⁸
2228 5678 2367 5735 Alius
2389 5678 2551 5731 Codex
2572 5685 2641 5732 sic
2660 5684 2826 5744 habet,
2847 5688 2925 5734 καὶ
2949 5689 3100 5736 πάντα
3122 5692 3367 5752 οἰχήσεται
3386 5691 3444 5739 τὰ
3465 5696 3547 5747 τῆς
3570 5690 3625 5737 τι)
3639 5694 3695 5741 ἀ-

2115 5754 2208 5793 νης.
