4114 6396
360 314 457 368 183

355 431 616 500 quispiam
645 428 858 499 quidem
893 426 1073 481 veniat
1097 442 1127 479 a
1155 441 1281 496 rege
1305 467 1319 489 ,
1349 440 1537 481 omnes
1576 423 1866 487 acceditis;
1896 435 1925 473 a

362 520 471 577 Deo
491 532 667 575 autem
692 519 835 574 venit
854 528 909 573 et
927 534 957 573 e
976 518 1119 573 crciis
1138 518 1371 588 loquitur
1394 516 1673 587 propheta,
1699 525 1754 571 et
1773 530 1929 570 nemo

362 626 439 671 est
468 616 554 685 qui
587 613 866 669 attendat?
898 614 1093 668 Annon
1127 613 1346 667 creditis
1374 612 1513 682 quod
1545 611 1659 664 lucc
1686 626 1803 679 qua:
1844 609 1922 663 di-

360 716 550 761 cuntur
578 716 703 759 sunt
731 720 759 759 a
791 704 901 759 Deo
926 703 950 757 ?
994 703 1076 757 hac
1115 702 1354 772 epistolae
1383 718 1413 756 a
1443 701 1552 757 Deo
1580 702 1756 755 missa:
1783 708 1925 754 sunt.

356 796 725 868 lngrediamur
760 810 890 865 ergo
934 794 1190 849 ecclesias
1221 809 1342 848 cum
1373 808 1439 848 eo
1469 807 1575 861 quo
1601 807 1695 861 par
1720 799 1802 844 est
1828 790 1928 843 ho-

355 905 488 943 nore
513 930 528 954 ,
569 898 624 942 et
651 902 772 942 cum
804 886 994 941 timore
1032 884 1308 940 audiamus
1338 898 1456 954 qua:
1496 883 1763 937 dicuntur.
1791 880 1927 945 Cur,

357 984 550 1052 inquit,
578 980 871 1052 ingredior,
901 980 943 1033 si
974 993 1078 1033 non
1108 977 1266 1032 audio
1290 978 1520 1046 aliquem
1550 976 1708 1029 verba
1737 974 1932 1027 facien-

358 1073 504 1128 tem?
536 1073 648 1127 Hoc
669 1071 846 1126 omnia
868 1069 1099 1141 perdidit
1119 1077 1172 1123 et
1192 1068 1448 1137 corrupit.
1474 1065 1609 1132 Quid
1635 1065 1775 1118 enim
1797 1077 1931 1132 opus

356 1174 439 1217 est
466 1163 642 1232 aliquo
667 1162 755 1232 qui
792 1161 950 1215 verba
984 1160 1140 1214 faciat
1187 1170 1240 1217 et
1269 1172 1569 1213 sermonem
1610 1155 1839 1210 habeat?
1865 1169 1931 1209 ex

358 1265 540 1309 nostra
570 1253 815 1309 socordia
847 1252 948 1306 hoc
975 1253 1137 1306 venit.
1166 1250 1298 1318 Quid
1332 1251 1474 1305 enim
1515 1263 1647 1319 Opus
1689 1258 1771 1302 est
1812 1261 1929 1301 ser-

358 1347 557 1402 mone?
577 1346 753 1400 omnia
770 1353 894 1400 sunt
913 1343 1139 1398 dilucida
1156 1353 1209 1397 et
1226 1353 1367 1397 recta
1392 1358 1507 1413 qua:
1523 1351 1646 1395 sunt
1666 1340 1717 1395 in
1739 1340 1933 1394 divinis

357 1437 649 1507 Scripturis
673 1453 688 1501 ;
718 1436 997 1490 manifesta
1026 1443 1147 1489 sunt
1172 1450 1518 1505 qnmcumque
1540 1440 1663 1486 sunt
1684 1445 1931 1486 necessa-

359 1531 458 1585 ria.
486 1528 592 1585 Sed
621 1529 871 1598 quoniam
911 1528 1043 1583 estis
1072 1527 1343 1581 auditores
1368 1526 1766 1591 delectationis,
1803 1539 1929 1594 pro-

356 1632 541 1690 pterea
584 1619 699 1673 luce
734 1619 893 1673 etiam
937 1618 1196 1688 quaeritis.
1247 1616 1379 1670 Nam
1423 1616 1529 1680 dic,
1574 1630 1777 1685 quaeso,
1825 1629 1933 1684 quo

359 1713 615 1767 orationis
657 1711 794 1766 fastu
824 1711 1036 1766 dicebat
1058 1711 1297 1764 Paulus?
1336 1710 1427 1764 sed
1467 1720 1642 1763 tamen
1670 1708 1933 1762 convertit

358 1806 543 1859 urbem
578 1815 755 1859 terrae.
788 1804 1029 1870 Quonam
1060 1815 1238 1858 autem
1271 1803 1459 1856 Petrus
1495 1803 1584 1871 qui
1622 1812 1739 1855 erat
1775 1801 1934 1854 illite-

358 1896 549 1951 ratus?

431 1989 711 2057 Scriptura:
735 2003 892 2042 sacra:
919 1988 1163 2059 legendae.
1193 2012 1257 2026 -ι
1285 1988 1351 2040 At
1371 1988 1568 2050 nescio,
1600 1986 1790 2056 inquit,
1816 2001 1934 2054 qum

359 2082 458 2135 sita
481 2090 601 2135 sunt
633 2080 685 2135 in
707 2079 899 2136 divinis
930 2079 1239 2151 Scripturis.
1273 2079 1630 2145 Quare?num
1661 2078 1801 2132 enim
1825 2077 1933 2131 lle-

359 2171 559 2237 braica,
592 2187 718 2225 num
749 2171 1024 2239 Romana,
1069 2186 1194 2224 num
1239 2170 1337 2223 alia
1382 2170 1555 2239 lingua
1600 2169 1737 2224 dicta
1775 2170 1933 2224 sunt?

361 2276 534 2315 annon
557 2260 743 2317 Grmcc
764 2261 1049 2316 dicuntur?
1076 2259 1180 2316 Sed
1200 2260 1443 2324 obscure,
1470 2262 1655 2330 inquit.
1680 2260 1932 2329 Quaenam

360 2369 422 2406 ea
466 2352 803 2417 obscuritas,
853 2352 1200 2423 dic,qumso?
1246 2368 1423 2407 annon
1480 2362 1603 2407 sunt
1657 2352 1935 2408 historiaz?

360 2443 507 2497 Nosti
535 2459 652 2513 quae
678 2452 803 2497 sunt
828 2444 970 2497 clara
1010 2453 1062 2497 et
1085 2444 1315 2499 dilucida
1341 2485 1355 2508 ,
1396 2454 1449 2497 ut
1480 2444 1548 2499 de
1578 2445 1641 2498 iis
1666 2461 1785 2515 quae
1814 2456 1937 2499 sunt

362 2537 588 2591 obscura
618 2536 968 2605 perconteris.
1001 2536 1246 2591 Historiae
1277 2536 1691 2591 innumerabiles
1732 2546 1856 2591 sunt
1883 2539 1934 2592 in

359 2628 647 2697 Scripturis
680 2646 693 2682 :
726 2627 813 2682 dic
858 2626 988 2681 mihi
1017 2642 1176 2681 unam
1204 2643 1271 2683 ex
1311 2628 1416 2681 illis
1448 2646 1461 2681 :
1493 2628 1585 2682 sed
1632 2643 1737 2682 non
1766 2630 1934 2684 dices.

362 2720 663 2773 l’rmtextus
686 2718 799 2773 haec
818 2728 942 2773 sunt
961 2727 1015 2773 et
1036 2720 1196 2774 verba
1228 2737 1240 2771 :
1265 2719 1410 2786 licet,
1438 2720 1626 2789 inquit,
1650 2720 1836 2774 eadem
1852 2736 1939 2774 au-

360 2812 477 2865 dire
504 2809 758 2880 quotidie.
802 2810 936 2877 Quid
971 2810 1479 2880 vero,dic.qua‘so?
1507 2811 1557 2864 in
1581 2811 1801 2867 theatris
1832 2827 1935 2866 non

361 2904 548 2959 eadem
592 2904 779 2958 audis?
810 2905 863 2958 in
896 2903 1083 2959 stadiis
1122 2918 1174 2957 et
1214 2918 1472 2973 equorum
1512 2906 1793 2959 curriculis
1829 2921 1935 2960 non

362 3004 548 3059 eadem
579 3004 761 3059 vides?
790 3018 875 3058 res
901 3018 1088 3058 omnes
1116 3016 1220 3056 non
1248 3010 1372 3055 sunt
1401 3001 1587 3057 eadem
1607 3003 1629 3053 ?
1661 3017 1764 3055 non
1797 3003 1934 3057 idem

1162 310 1231 364 1N
1271 309 1481 366 EPIST.
1524 308 1568 363 ll
1632 306 1722 362 AD
1761 302 2087 360 TIIESSAL.
2128 303 2281 360 CAP.
2324 304 2385 360 11.
2431 304 2659 361 llOMlL.
2702 304 2789 359 Ν.

3509 296 3614 359 486

2035 422 2114 475 sol
2163 436 2373 492 semper
2417 423 2623 477 oritur?
2669 438 2774 476 non
2829 422 3016 477 iisdem
3065 422 3263 477 utimur
3304 420 3613 476 alimentis?

2034 512 2239 567 Vellem
2272 521 2450 568 autem
2477 529 2543 569 ex
2576 524 2626 568 te
2652 514 2910 569 sciscitari
2936 555 2951 580 ,
2986 514 3237 584 quoniam
3263 513 3449 567 eadem
3480 512 3614 565 dicis

2035 613 2086 658 te
2107 604 2291 658 audire
2310 606 2576 675 quotidie;
2599 605 2685 660 dic
2712 605 2863 673 mihi,
2891 608 3044 674 cujus
3065 604 3339 675 propheta:
3361 613 3443 659 est
3463 603 3609 657 locus

2034 698 2122 764 qui
2156 698 2251 751 fuit
2278 698 2485 753 lectus?
2512 708 2565 751 et
2587 698 2739 767 cujus
2768 698 3019 767 apostoli,
3048 706 3138 750 aut
3165 696 3316 765 cujus
3345 693 3610 765 epistola?

2032 791 2136 857 Sed
2167 808 2270 845 non
2314 801 2464 860 potes
2488 792 2695 858 dicere;
2729 792 2836 845 imo
2863 792 3059 847 videris
3083 790 3268 846 audire
3298 804 3441 845 nova
3463 803 3612 860 (μιξε-

2034 881 2155 935 dam
2193 892 2248 935 et
2280 883 2475 937 aliena.
2504 885 2677 953 Atque
2714 882 2926 953 quando
2962 884 3041 938 vis
3066 882 3281 953 quidem
3323 892 3376 938 te
3415 880 3615 936 dedere

2034 973 2146 1026 otio
2191 982 2245 1027 et
2287 974 2547 1029 socordiae
2568 1016 2583 1040 ,
2613 973 2799 1029 eadem
2827 988 2948 1030 esse
2977 975 3111 1029 dicis
3144 991 3156 1027 :
3194 975 3409 1045 quando
3436 983 3616 1029 autem

2038 1066 2200 1120 lueris
2228 1066 2616 1136 interrogatus,
2658 1067 2731 1122 ita
2770 1082 2830 1123 es
2856 1066 3081 1122 allectus
3120 1076 3179 1121 ut
3205 1066 3298 1138 qui
3325 1082 3616 1138 numquam

2036 1154 2325 1210 audiveris.
2355 1156 2411 1210 Si
2433 1167 2555 1211 sunt
2581 1157 2790 1225 eadem,
2824 1168 3097 1228 oporteret
3135 1159 3277 1215 scire
3315 1177 3328 1214 :
3358 1169 3412 1214 tu
3438 1168 3616 1215 autem

2038 1246 2271 1313 ignoras.
2306 1247 2488 1317 Dignze
2527 1259 2652 1303 sunt
2692 1264 2780 1305 res
2811 1261 3103 1321 praesentes
3137 1267 3256 1321 quae
3295 1251 3615 1322 lugeantur;

2036 1353 2156 1405 quae
2184 1339 2487 1408 lugeantur,
2524 1342 2762 1410 inquam,
2796 1349 2849 1394 ct
2876 1341 3178 1397 defleantur
3200 1384 3215 1410 ,
3252 1342 3395 1414 quod
3422 1342 3617 1397 frustra

2039 1428 2245 1484 laboret
2270 1428 2361 1500 qui
2394 1429 2539 1484 cudit
2574 1438 2875 1501 argentum.
2921 1430 3035 1486 Hoc
3060 1432 3177 1502 ipso
3199 1433 3432 1487 maxime
3457 1448 3619 1502 opor—

2037 1529 2177 1576 teret
2202 1521 2476 1576 attendere
2498 1563 2512 1587 ,
2546 1523 2688 1593 quod
2724 1523 2830 1578 sint
2859 1524 3044 1578 eadem
3071 1565 3086 1591 ,
3122 1523 3374 1595 quoniam
3415 1525 3618 1580 nullum

2037 1613 2190 1668 vobis
2216 1613 2450 1668 laborem
2479 1614 2815 1681 exhibemus,
2846 1630 3021 1686 neque
3056 1620 3337 1686 peregrina
3367 1615 3542 1686 aliqua
3566 1625 3621 1671 et

2039 1703 2312 1759 immutata
2339 1705 2584 1760 dicimur.
2623 1706 2759 1774 Quid
2801 1707 2968 1761 vero?
3004 1707 3253 1777 quoniam
3304 1707 3391 1760 illa
3430 1706 3617 1761 eadem

2039 1813 2158 1854 esse
2184 1799 2380 1863 dicitis,
2411 1811 2591 1855 nostra
2615 1811 2791 1856 autem
2820 1817 2925 1856 non
2954 1810 3079 1856 sunt
3102 1799 3287 1855 eadem
3312 1843 3327 1867 ,
3360 1801 3452 1856 sed
3480 1816 3622 1856 sem-

2040 1907 2136 1960 per
2162 1907 2295 1946 nova
2323 1893 2548 1947 dicimus
2570 1902 2621 1947 et
2649 1894 2925 1963 peregrina
2947 1934 2962 1958 ,
2991 1894 3139 1948 eisne
3177 1893 3489 1948 attenditis?
3514 1892 3622 1948 Ne-

2041 1998 2332 2053 quaquam;
2376 1984 2469 2039 sed
2522 1984 2565 2037 si
2616 1984 2947 2051 dixerimus,
2994 1984 3100 2039 Cur
3129 2000 3195 2038 ne
3241 1984 3356 2039 haec
3403 1983 3619 2054 quidem

2042 2076 2323 2130 retinetis?
2349 2077 2524 2131 Semel
2551 2119 2564 2140 ,
2608 2078 2816 2147 inquit,
2847 2077 3096 2132 audimus
3125 2086 3179 2132 ct
3209 2077 3478 2146 quomodo
3507 2075 3621 2131 fieri

2041 2177 2220 2237 potest
2246 2178 2301 2221 ut
2331 2168 2694 2224 retineamus?
2724 2169 2778 2222 Si
2809 2169 3123 2234 dixerimus,
3156 2167 3267 2222 Cur
3294 2168 3380 2223 illa
3407 2184 3514 2222 non
3543 2178 3625 2222 at-

2043 2258 2299 2315 tenditis?
2320 2261 2526 2326 dicitis,
2573 2260 2800 2330 Semper
2828 2260 3076 2315 dicuntur
3104 2260 3290 2315 eadem
3324 2277 3338 2312 :
3370 2268 3427 2315 et
3461 2259 3623 2313 undi-

2043 2369 2147 2423 que
2176 2363 2299 2407 sunt
2325 2354 2440 2407 lucc
2474 2353 2634 2407 verba
2678 2353 2940 2407 socordiae
2967 2363 3021 2405 et
3056 2361 3365 2422 praetextas.
3399 2353 3470 2406 At
3516 2368 3622 2406 non

2044 2456 2301 2516 perpetuo
2326 2446 2637 2516 procedent,
2671 2448 2763 2500 sed
2794 2455 3004 2515 tempus
3042 2446 3145 2499 erit
3184 2446 3397 2516 quando
3423 2455 3624 2500 temere

2043 2548 2096 2593 et
2124 2540 2322 2593 frustra
2352 2539 2781 2593 lamentahimur.
2810 2538 2962 2606 Quod
2991 2539 3130 2591 absit
3166 2557 3178 2591 ε
3212 2538 3305 2592 sed
3334 2538 3511 2607 potius
3539 2538 3629 2591 fiat

2044 2644 2102 2687 ut
2130 2649 2248 2687 cum
2281 2633 2648 2702 pmnitentiam
2674 2633 2963 2701 egerimus,
2996 2647 3116 2686 cum
3149 2632 3430 2702 prudentia
3462 2633 3625 2702 pieta-

2045 2736 2204 2795 teque
2233 2726 2297 2779 iis
2323 2741 2440 2794 qua:
2468 2725 2736 2792 dicuntur,
2767 2726 3173 2791 attenderimus,
3201 2726 3264 2779 ad
3294 2726 3432 2781 bona
3465 2742 3622 2797 opera

2046 2817 2245 2887 agenda
2290 2832 2645 2887 properemus
2670 2859 2685 2883 ,
2726 2826 2781 2872 et
2810 2818 3154 2872 exactissime
3185 2819 3349 2872 vitam
3391 2827 3628 2872 nostram

2046 2912 2374 2980 corrigamus
2398 2952 2414 2976 ,
2463 2920 2522 2964 ut
2553 2910 2817 2979 possimus
2852 2911 3060 2979 assequi
3100 2910 3236 2963 bona
3268 2909 3529 2978 promissa
3566 2909 3632 2961 iis

2044 3007 2131 3071 qui
2160 3007 2329 3072 ipsum
2374 3001 2621 3071 diligunt,
2654 3002 2820 3071 gratia
2850 3010 2905 3055 et
2929 3001 3279 3069 benignitate,
3311 3009 3416 3055 etc.

1748 3209 2091 3274 HOMILIA
2141 3212 2248 3273 IV.

366 3356 493 3411 (lar.
524 3357 578 3408 ἓ.
615 3372 665 3407 v.
691 3354 744 3409 6.
779 3352 845 3406 Et
878 3370 1010 3408 nunc
1038 3354 1159 3423 quid
1188 3353 1405 3406 detineat
1434 3354 1592 3419 scitis,
1624 3362 1673 3405 ut
1700 3354 1944 3407 reveletur

440 3452 493 3503 in
520 3465 611 3503 suo
641 3458 879 3516 tempore.
906 3448 961 3502 7.
988 3445 1127 3500 Nam
1148 3448 1442 3517 mysterium
1460 3450 1571 3516 jam
1596 3458 1831 3516 operatur
1857 3450 1949 3501 ini-

438 3540 643 3611 quitatis
674 3555 692 3593 :
722 3550 917 3593 tantum
940 3548 993 3592 ut
1012 3539 1099 3608 qui
1130 3548 1258 3592 tenet
1288 3556 1421 3592 nunc
1445 3580 1459 3601 ,
1498 3549 1658 3593 teneat
1702 3541 1860 3594 donec
1886 3544 1949 3595 de

440 3634 605 3686 medio
631 3632 722 3698 ﬁat
750 3648 767 3684 :
796 3629 851 3686 8.
885 3641 930 3684 et
960 3641 1079 3684 tunc
1104 3631 1407 3683 revelabitur
1435 3631 1520 3685 ille
1550 3632 1772 3701 iniquus,
1801 3649 1947 3701 quem

441 3724 689 3777 Dominus
712 3722 861 3777 Jesus
892 3721 1157 3790 interﬁciat
1184 3721 1366 3789 spiritu
1406 3722 1508 3773 oris
1528 3723 1627 3785 sui,
1657 3732 1699 3774 et
1730 3722 1947 3775 destruet

440 3817 779 3871 illustratione
805 3814 1045 3867 adventus
1076 3813 1154 3866 sui
1178 3854 1190 3877 ,
1225 3812 1277 3867 9.
1313 3814 1460 3883 cujus
1486 3823 1558 3865 est
1589 3813 1832 3865 adventus
1871 3830 1947 3866 se.

441 3910 660 3963 cundum
694 3906 1270 3975 operationem_satana’.

442 4004 493 4055 1.
520 3998 709 4054 Merito
725 3997 998 4067 qumsierit
1017 3995 1279 4065 quispiam
1302 3995 1529 4063 primum
1552 3994 1677 4063 quid
1698 3994 1766 4047 sit
1796 3994 1945 4060 illud,

374 4093 520 4160 Quod
551 4092 757 4156 detinet,
782 4097 837 4143 et
864 4097 1045 4157 postea
1074 4088 1203 4142 velit
1236 4087 1445 4141 discere
1470 4103 1565 4141 cur
1589 4097 1693 4139 tam
1723 4086 1951 4141 obscure

373 4185 474 4239 hoc
500 4191 658 4253 ponat
684 4180 898 4235 Paulus.
925 4179 1062 4245 Quid
1089 4188 1171 4232 est
1194 4194 1343 4248 ergo,
1376 4177 1524 4241 Quod
1552 4178 1770 4231 detineat
1797 4188 1851 4231 ut
1873 4195 1950 4231 re-

373 4284 561 4331 veletur
580 4275 689 4343 ipse
713 4314 727 4337 ,
758 4272 861 4326 hoc
906 4283 1008 4337 est,
1051 4270 1192 4340 quod
1222 4270 1503 4339 prohibeat
1533 4286 1601 4325 ne
1642 4270 1950 4325 reveletur?

375 4368 481 4423 Alii
505 4365 719 4437 quidem
749 4365 934 4420 dicunt
961 4365 1185 4434 gratiam
1216 4364 1480 4432 Spiritus;
1522 4363 1611 4417 alii
1639 4374 1814 4419 autem
1844 4364 1954 4417 Ro-

376 4474 595 4514 manum
638 4457 921 4526 imperium
971 4473 984 4508 :
1032 4456 1225 4525 quibus
1253 4472 1354 4524 ego
1396 4457 1625 4510 maxime
1663 4457 1948 4511 assentior.

375 4550 587 4619 Quare?
615 4549 898 4615 Quoniam,
931 4547 976 4602 si
1019 4548 1275 4602 voluisset
1317 4548 1496 4602 dicere
1538 4548 1812 4617 Spiritum,
1846 4565 1950 4602 non

375 4644 600 4698 dixisset
624 4645 872 4707 obscure,
900 4640 995 4695 sed
1021 4648 1225 4709 aperte,
1255 4640 1396 4709 quod
1427 4654 1567 4693 nunc
1591 4655 1803 4710 quoque
1828 4655 1950 4695 eum

378 4738 621 4792 detineat
639 4736 806 4806 gratia
828 4732 1079 4803 Spiritus,
1103 4732 1205 4788 hoc
1228 4741 1332 4798 est,
1360 4733 1679 4787 charismata
1700 4749 1795 4789 seu
1816 4734 1951 4789 dona

378 4828 627 4899 gratuita.
647 4824 860 4896 Alioqui
882 4834 1057 4879 autem
1079 4833 1353 4892 oporteret
1374 4839 1514 4878 eum-
1518 4823 1627 4892 jam
1651 4824 1951 4889 advenisse,

380 4920 644 4992 siquidem
685 4926 832 4973 esset
876 4917 1233 4981 adventurus,
1277 4931 1399 4969 cum
1437 4915 1755 4970 defecissent
1781 4918 1957 4971 chari-

381 5023 553 5068 smata
586 5030 600 5064 :
634 5027 755 5066 nam
793 5009 902 5079 jam
950 5009 1078 5063 olim
1122 5006 1454 5062 defecerunt.
1486 5008 1748 5074 Quoniam
1778 5020 1953 5063 autem

381 5103 484 5159 hoc
509 5103 640 5159 dicit
664 5102 729 5157 de
752 5100 993 5156 Romano
1015 5101 1257 5169 imperio,
1287 5104 1479 5155 merito
1494 5102 1604 5170 jam
1626 5100 1955 5171 aenigmatice

382 5208 436 5252 et
463 5195 778 5251 adumbrate
816 5202 900 5249 est
929 5194 1179 5263 loquutus
1213 5210 1226 5244 :
1258 5208 1431 5261 neque
1460 5193 1604 5247 enim
1628 5193 1839 5248 volebat
1867 5209 1955 5247 su-

382 5301 741 5361 pervacaneas
762 5286 1033 5355 suscipere
1061 5285 1365 5339 inimicitias
1387 5295 1442 5341 et
1468 5285 1670 5341 inutilia
1695 5287 1955 5357 pericula.

382 5378 513 5435 Nam
541 5380 586 5435 si
614 5379 837 5435 dixisset
866 5377 1099 5432 futurum
1117 5378 1226 5446 jam
1249 5387 1309 5432 ut
1332 5380 1487 5447 paulo
1514 5388 1635 5448 post
1654 5378 1959 5435 Romanum

385 5480 716 5529 everteretur
745 5470 1027 5539 imperium
1056 5510 1069 5533 ,
1097 5484 1219 5523 eum
1264 5470 1505 5537 protinus
1532 5478 1799 5538 tamquam
1840 5472 1958 5525 exi-

385 5563 580 5620 tiosum
609 5571 664 5617 et
689 5562 1000 5631 pestiferum
1046 5560 1319 5615 hominem
1346 5560 1712 5617 confodisscnt
1734 5604 1749 5627 ,
1800 5572 1857 5617 et
1894 5563 1959 5617 fi-

390 5654 534 5707 deles
558 5667 766 5717 omnes,
795 5661 852 5704 ut
879 5652 969 5721 qui
998 5651 1098 5706 sub
1127 5666 1191 5706 eo
1217 5652 1457 5707 viverent
1481 5664 1537 5709 et
1560 5655 1871 5711 militarent.

466 5742 603 5798 Nero
646 5754 795 5814 typus
835 5742 1147 5795 Antichristi.
1193 5740 1297 5797 Cur
1338 5744 1475 5800 Deus
1515 5748 1849 5815 permissurus
1896 5751 1960 5805 sit

715 5836 985 5899 PATnOL.
1019 5840 1135 5901 Gn.
1175 5839 1367 5902 LXII.

2058 3356 2425 3409 Anticltristum
2472 3358 2657 3410 venire.
2688 3357 2905 3411 -—ldeo
2948 3372 3120 3427 neque
3164 3359 3233 3412 ita
3258 3400 3273 3425 ,
3308 3375 3481 3430 neque
3527 3362 3635 3414 cito

2054 3450 2285 3502 futurum
2313 3449 2486 3512 dixit,
2530 3465 2852 3519 quamquam
2900 3464 3113 3519 semper
3154 3451 3293 3504 idem
3324 3451 3487 3506 dicit:
3538 3454 3630 3507 scd

2053 3540 2217 3607 quid?
2252 3538 2318 3592 Ut
2348 3540 2612 3603 reveletur,
2642 3540 2847 3609 inquit,
2876 3541 2986 3608 ipse
3010 3542 3063 3594 in
3098 3558 3187 3594 suo
3214 3552 3457 3610 tempore.
3491 3543 3630 3597 Nam

2053 3631 2345 3699 mysterium
2364 3631 2477 3699 jam
2494 3640 2733 3700 aperatur
2757 3631 3056 3700 iniquitatis.
3078 3631 3342 3687 Neronem
3369 3633 3459 3688 hic
3482 3633 3632 3700 dicit,

2054 3731 2108 3773 nt
2140 3722 2227 3789 qui
2255 3722 2324 3775 sit
2354 3730 2510 3791 typus
2531 3722 2844 3775 Antichristi
2882 3738 2895 3775 :
2930 3722 3016 3776 ille
3042 3723 3187 3777 enim
3207 3723 3421 3779 volebat
3443 3724 3634 3779 existi-

2055 3813 2186 3865 mari
2216 3810 2367 3866 deus.
2399 3812 2563 3867 flecte
2595 3823 2774 3867 autem
2800 3814 2951 3877 dixit,
2986 3814 3286 3886 Mysterium
3313 3833 3332 3870 :
3359 3834 3465 3872 non
3491 3821 3634 3873 enim

2054 3914 2239 3973 aperte
2266 3906 2403 3958 sicut
2429 3906 2516 3959 ille
2540 3947 2554 3970 ,
2586 3922 2758 3976 neque
2784 3908 2931 3961 omni
2959 3918 3120 3961 exuto
3156 3909 3379 3979 pudore.
3410 3910 3465 3966 Si
3491 3914 3632 3965 enim

2055 4007 2180 4049 ante
2221 3995 2346 4049 illud
2376 4008 2584 4066 tempus
2614 3998 2879 4059 inventus,
2914 3998 3105 4067 inquit,
3135 3998 3233 4052 fuit
3256 4040 3271 4065 ,
3302 4002 3389 4069 qui
3421 4002 3474 4053 in
3509 4002 3637 4055 vitio

2056 4106 2160 4144 non
2188 4090 2407 4145 multum
2431 4090 2598 4144 abfuit
2622 4092 2690 4144 ab
2714 4091 3063 4156 Antichristo,
3087 4092 3212 4160 quid
3238 4095 3433 4146 mirum
3460 4094 3503 4146 si
3522 4094 3633 4163 jam

2056 4180 2316 4237 crit?Sie
2340 4182 2567 4236 obscure
2605 4182 2777 4245 dixit,
2826 4198 2997 4252 neque
3038 4197 3163 4238 eum
3205 4184 3373 4237 voluit
3414 4184 3638 4239 reddere

2057 4274 2420 4337 manifestum,
2456 4290 2559 4328 non
2593 4285 2810 4344 propter
2838 4275 3108 4340 timorem,
3139 4274 3233 4329 sed
3262 4291 3361 4329 nos
3385 4276 3638 4332 erudiens

2060 4382 2125 4419 ne
2138 4383 2197 4420 su
2206 4382 2559 4435 pervacaneas
2570 4367 2921 4436 suscipiamus
2942 4367 3270 4431 inimicitias,
3285 4384 3406 4423 cum
3422 4370 3553 4424 nihil
3571 4374 3643 4425 sit

2057 4461 2195 4529 quod
2224 4469 2426 4529 urgeat.
2463 4460 2535 4513 ita
2557 4460 2644 4513 hic
2666 4475 2875 4529 quoque
2900 4459 3048 4513 dicit.
3076 4459 3294 4514 Tantum
3319 4472 3375 4515 ut
3397 4465 3483 4533 qui
3508 4473 3639 4517 tenet

2058 4569 2212 4617 nunc,
2243 4562 2407 4611 teneat
2436 4552 2594 4606 donec
2619 4569 2645 4604 e
2671 4553 2835 4606 medio
2866 4553 2977 4620 ﬁat.
3010 4552 3124 4607 Hoc
3154 4562 3257 4621 est,
3290 4556 3503 4623 quando
3532 4556 3642 4610 Ro-

2058 4657 2336 4696 manorum
2366 4642 2649 4711 imperium
2692 4644 2759 4697 de
2799 4642 2976 4697 medio
2998 4643 3158 4698 fuerit
3186 4644 3477 4711 sublatum,
3511 4657 3637 4703 tunc

2060 4734 2151 4788 ille
2180 4735 2374 4788 veniet.
2413 4735 2479 4787 Et
2507 4736 2719 4788 merito.
2770 4735 3031 4802 Quamdiu
3077 4736 3217 4790 enim
3264 4736 3425 4793 fuerit
3466 4751 3642 4795 metus

2061 4825 2219 4895 hujus
2246 4827 2477 4897 imperii,
2503 4842 2663 4881 nemo
2689 4829 2797 4882 cito
2826 4830 3139 4898 subjicictnr
3168 4847 3183 4883 :
3215 4832 3431 4900 quando
3456 4842 3639 4890 autem

2060 4918 2163 4971 hoc
2189 4918 2349 4973 fuerit
2370 4934 2639 4983 eversum,
2671 4936 2865 4975 vacans
2891 4921 3102 4977 invadet
3128 4923 3433 4994 imperium,
3464 4924 3643 4981 homi-

2062 5026 2296 5080 numque
2334 5018 2390 5065 et
2427 5012 2518 5065 Dei
2554 5013 2837 5083 imperium
2877 5015 3216 5083 aggredietur
3246 5032 3453 5086 rapere.
3495 5018 3645 5074 Sicut

2061 5104 2203 5157 enim
2244 5119 2433 5158 eversa
2474 5114 2599 5158 sunt
2625 5122 2744 5173 qua:
2776 5115 2902 5160 ante
2927 5107 3058 5161 illud
3100 5107 3316 5163 fuerunt
3350 5126 3512 5180 regna
3542 5150 3558 5177 ,
3594 5123 3651 5165 ut

2063 5197 2333 5252 Medorum
2359 5214 2387 5251 a
2417 5198 2743 5269 Babyloniis,
2775 5199 3187 5269 Babyloniorum
3217 5216 3248 5255 a
3281 5202 3483 5269 Persis,
3512 5203 3651 5259 Pero

2064 5303 2242 5342 sarum
2277 5304 2307 5341 a
2335 5289 2710 5344 Macedonibus
2730 5331 2745 5353 ,
2784 5290 3132 5346 Macedonum
3162 5308 3194 5346 a
3232 5293 3490 5349 Romanis
3520 5313 3535 5348 :
3574 5297 3647 5352 ita

2065 5382 2169 5437 hoc
2195 5397 2407 5451 quoque
2432 5384 2499 5436 ab
2528 5383 2862 5439 Antichristo
2886 5426 2900 5449 ,
2935 5394 2991 5439 et
3014 5386 3103 5439 ille
3132 5401 3162 5439 a
3189 5384 3425 5448 Christo.
3454 5398 3509 5443 et
3539 5405 3645 5444 non

2064 5474 2295 5545 amplius
2322 5474 2593 5530 retinebit.
2622 5476 2688 5530 Et
2712 5475 2816 5531 hoc
2838 5491 2962 5532 cum
2984 5493 3174 5548 magna
3200 5479 3468 5534 evidentia
3495 5483 3649 5538 nobis

2067 5567 2230 5621 tradit
2260 5567 2463 5621 Daniel.
2492 5565 2561 5619 Et
2587 5576 2705 5621 tunc
2726 5607 2742 5632 ,
2773 5569 2964 5639 inquit,
2993 5569 3299 5623 revelabitur
3324 5571 3550 5641 iniquus.
3585 5574 3649 5629 Et

2064 5658 2194 5727 quid
2244 5660 2468 5729 postea?
2520 5660 2691 5727 Prope
2736 5668 2819 5714 est
2846 5660 3143 5714 consolatio
3174 5677 3189 5714 :
3223 5660 3435 5731 subiicit
3465 5664 3650 5719 enim:

2073 5753 2230 5818 Quem
2269 5750 2519 5807 Dominus
2543 5793 2556 5819 ,
2588 5754 2799 5823 inquit,
2846 5752 2998 5808 Iesus
3021 5753 3289 5822 inter/idet
3325 5756 3505 5818 spiritu
3548 5764 3651 5813 oris

3252 5840 3325 5900 31
