4114 6396
434 319 534 375 487
1158 314 1213 373 S.
1255 312 1531 370 JOANNIS
1564 304 2037 368 CHRYSOSTOMI
2075 303 2390 360 ARCHIEP.
2430 246 2958 361 CONS'II‘ANTINOP.

410 432 535 501 sui,
568 439 614 483 et
638 428 855 484 destruet
884 428 1223 483 illustratione
1246 430 1490 483 adventus
1516 427 1617 492 sui,
1647 426 1791 496 cujus
1817 431 1889 476 est
1913 420 2007 474 ad-

3593 300 3701 355 488

2120 435 2214 475 cos
2244 420 2434 490 injuria
2477 420 2784 477 aﬂ‘ecturus.
2824 422 2961 489 Quid
3007 419 3149 475 enim
3180 429 3308 476 tunc
3350 435 3456 476 non
3499 420 3703 476 faciet?

438 532 608 577 uentus
635 522 915 574 secundum
938 521 1279 591 operationem
1304 528 1517 572 satame.
1548 516 1698 571 Sicut
1718 514 1862 569 enim
1883 511 2019 581 ignis
2123 514 2300 568 omnia
2322 515 2578 580 movebit,
2601 516 2781 570 omnia
2803 516 3153 584 perturbabit.
3168 522 3222 569 et
3244 524 3461 585 propter
3479 513 3627 584 iussa
3647 525 3710 569 et

439 619 486 672 si
516 623 722 672 tantum
768 613 1027 668 invaserit
1073 628 1236 682 parva
1279 610 1637 676 animalcula,
1691 615 1815 662 ante
1865 619 2019 659 suum
2124 615 2184 660 ut
2211 606 2454 660 timorem
2482 606 2703 659 incutiat
2736 607 2882 662 :crit
2902 607 3134 676 undique
3161 605 3434 667 terribilis,
3482 619 3512 658 a
3550 613 3712 674 pote-

444 704 753 772 adventum,
800 704 1008 760 etiamsi
1061 704 1169 757 sint
1196 703 1423 773 procul,
1471 712 1738 771 torporem
1769 697 1936 768 injicit
1971 705 2023 750 et
2120 703 2327 761 state,a
2347 697 2660 751 crudelitate
2687 741 2703 763 ,
2728 718 2758 755 a
2794 698 2959 767 jussis
3002 697 3217 766 iniquis.
3245 695 3349 751 Sed
3378 710 3446 751 ne
3474 696 3661 750 timeas
3690 709 3707 758 ;

443 798 711 854 consumit
738 814 753 851 :
781 797 851 851 ita
878 796 1125 852 Christus
1149 811 1381 866 quoque,
1401 795 1553 865 jussu
1576 793 1692 848 solo
1711 800 1766 847 et
1790 804 2026 861 prmsep-
2130 792 2235 845 vim
2266 792 2499 859 habebit,
2530 792 2719 862 inquit,
2749 792 2802 846 in
2831 792 2897 846 iis
2924 794 3013 862 qui
3044 801 3289 862 pereunt.
3320 790 3454 846 Nam
3482 802 3536 847 et
3565 792 3711 847 Elias

447 889 517 944 tia
563 888 955 943 Antichristum
1009 887 1078 941 de
1130 886 1308 942 medio
1356 887 1523 941 tollet.
1581 885 1721 941 Satis
1773 892 1856 938 est
1903 896 2024 935 eum
2132 893 2257 939 tunc
2276 885 2453 938 veniet
2485 883 2668 938 lidelcs
2689 884 3009 938 conﬁrmans
3040 882 3295 952 (Malach.
3328 883 3497 954 4.5);
3526 895 3580 937 et
3608 883 3711 935 hoc

446 979 658 1049 adesse,
689 988 740 1033 et
771 978 887 1033 hazc
913 978 1092 1033 omnia
1126 977 1379 1047 peribunt
1407 994 1419 1028 :
1454 978 1607 1031 sistet
1632 974 1901 1029 fallaciam
1925 1014 1940 1040 ,
1985 971 2031 1025 si
2133 975 2523 1031 dicitChristus
2552 994 2564 1029 :
2599 974 2746 1029 Elius
2772 976 2931 1029 veniet
2958 1017 2972 1039 ,
3001 986 3045 1029 et
3066 976 3293 1029 restituet
3320 978 3488 1028 omnia
3517 974 3709 1046 (Marc.

452 1071 533 1125 vel
560 1079 761 1124 tantum
790 1069 1120 1140 apparuerit.
1161 1068 1280 1123 Jam
1307 1083 1436 1123 vero
1481 1066 1768 1123 ostendens
1796 1067 1917 1136 quis
1946 1064 2033 1119 hic
2135 1067 2189 1121 9.
2219 1067 2326 1135 10).
2363 1066 2484 1121 Ideo
2504 1065 2573 1122 de
2593 1066 2800 1121 Joanne
2819 1066 3017 1120 dictum
3038 1074 3141 1132 est,
3173 1064 3237 1119 In
3264 1067 3445 1119 uirtute
3466 1075 3509 1119 et
3533 1065 3715 1136 spiritu

450 1164 541 1226 sit,
570 1161 727 1233 Cujus
753 1172 826 1216 est
850 1162 1093 1216 adventus
1120 1162 1401 1216 secundum
1430 1160 1768 1231 Operationem
1802 1166 1995 1212 satana:
2016 1173 2034 1210 :
2139 1158 2270 1212 Elia:
2297 1158 2448 1228 (Luc.
2473 1160 2527 1213 1.
2556 1158 2667 1228 17).
2691 1157 2873 1228 Neque
2898 1160 3042 1213 enim
3068 1157 3193 1213 fecit
3212 1160 3361 1225 signa
3384 1168 3437 1212 et
3460 1158 3715 1211 miracula

454 1252 520 1306 .ln
550 1255 686 1308 omni
710 1254 913 1318 uirtute,
946 1254 1159 1325 inquit,
1202 1262 1248 1307 et
1284 1253 1443 1323 signis
1473 1260 1519 1305 et
1557 1250 1802 1321 prodigiis
1828 1248 2038 1303 menda-
2142 1253 2279 1307 sicut
2309 1251 2452 1305 Elias
2486 1269 2499 1305 :
2532 1249 2672 1304 Nunt
2710 1250 2936 1304 Joannes
2982 1251 3219 1320 quidem,
3277 1248 3469 1320 inquit,
3521 1250 3720 1303 nullum

456 1349 615 1404 cibus.
644 1348 755 1402 Hoc
781 1356 863 1401 est
886 1387 901 1412 ,
936 1360 1150 1401 omnem
1179 1345 1425 1400 ostendet
1464 1344 1715 1397 virtutem
1746 1356 1807 1394 ac
1852 1349 2039 1410 poten-
2144 1346 2263 1415 fecit
2288 1345 2524 1413 signum;
2552 1344 2723 1398 omnia
2748 1353 2935 1407 autem,
2965 1359 3077 1412 qua:
3117 1343 3244 1397 dixit
3284 1341 3510 1396 Joannes
3549 1342 3611 1396 de
3639 1358 3720 1407 eo,

460 1444 620 1507 tiam;
668 1452 724 1496 at
766 1441 899 1495 nihil
941 1454 1128 1495 verum
1157 1477 1175 1503 ,
1220 1437 1316 1493 sed
1342 1437 1521 1491 omnia
1546 1435 1614 1489 ad
1649 1434 2039 1502 deceptionem.
2146 1454 2260 1491 vera
2281 1446 2422 1490 erant
2451 1435 2627 1509 (Jaan.
2660 1436 2744 1491 10.
2790 1438 2881 1491 41.
2915 1436 3028 1505 42).
3059 1436 3343 1504 Quomodo
3380 1451 3508 1507 ergo
3532 1436 3599 1490 ιη
3622 1437 3726 1490 vir-

462 1535 588 1589 Ilazc
633 1533 898 1604 prmdixit,
955 1547 1024 1586 ne
1073 1530 1409 1598 decipiantur
1456 1529 1547 1599 qui
1593 1538 1718 1581 tunc
1762 1534 1938 1581 erunt.
1982 1523 2046 1577 1η
2150 1540 2251 1585 tute
2280 1542 2324 1585 et
2352 1532 2532 1601 spiritu
2562 1526 2865 1585 Elite?Hoc
2893 1537 2996 1596 est,
3030 1530 3171 1584 idem
3203 1530 3457 1599 suscipiet
3483 1530 3727 1583 ministe»

466 1628 710 1697 prodigiis
735 1667 750 1692 ,
794 1627 1009 1695 inquit,
1043 1624 1406 1689 mendacibus,
1447 1636 1541 1676 seu
1569 1620 1751 1683 falsis,
1790 1619 1876 1673 vel
1905 1618 2050 1671 indu—
2151 1624 2287 1677 rium
2320 1640 2332 1675 :
2364 1632 2418 1677 et
2457 1623 2592 1677 sicut
2634 1620 2869 1676 Joannes
2908 1620 3009 1675 fuit
3056 1636 3356 1690 pmcursor
3402 1621 3593 1691 ,πίοι-ξε
3633 1620 3730 1674 ad.

469 1719 715 1775 centibus
742 1719 809 1772 ad
841 1717 1056 1772 falsum.
1088 1716 1178 1772 10.
1212 1714 1280 1767 Et
1307 1715 1360 1767 in
1390 1714 1528 1767 omni
1557 1712 1847 1767 seductione
1876 1710 2052 1777 iniqui-
2152 1724 2377 1779 ventus,
2425 1714 2497 1768 ita
2542 1714 2631 1769 ille
2685 1729 2894 1783 quoque
2932 1714 3036 1767 erit,
3077 1727 3377 1782 prmcursor
3420 1712 3635 1767 secundi
3678 1720 3736 1767 et

469 1813 586 1865 tntis
610 1812 672 1863 iis
691 1811 775 1881 qui
805 1818 1037 1879 pereunt.
1068 1808 1174 1862 Cur
1200 1821 1348 1876 ergo,
1375 1806 1564 1875 inquit,
1584 1802 1976 1874 permisitDeus
1998 1811 2055 1854 ιιι
2155 1807 2369 1877 gloriosi
2393 1806 2686 1872 adventus,
2717 1814 2771 1860 et
2796 1806 2864 1860 ad
2891 1805 2945 1860 id
2982 1815 3248 1861 servatur.
3285 1804 3363 1860 Ne
3388 1821 3516 1876 ergo
3546 1806 3735 1859 timea-

474 1908 518 1960 is
547 1910 709 1969 esset,
738 1910 792 1956 et
815 1900 1085 1972 quodnam
1113 1908 1194 1954 est
1218 1898 1336 1969 ejus
1360 1898 1679 1953 consilium?
1705 1905 1760 1950 et
1788 1894 2058 1966 quodnam
2158 1913 2277 1953 mus
2304 1918 2317 1953 :
2349 1899 2651 1953 auditorum
2678 1900 2950 1954 concussit
2984 1898 3220 1952 animum
3242 1940 3257 1965 ,
3284 1912 3385 1953 nec
3415 1896 3543 1953 fecit
3571 1908 3624 1952 ut
3651 1913 3741 1952 res

477 1998 680 2049 lucrum
708 1994 995 2063 percipitur
1018 2008 1080 2047 ex
1105 1993 1223 2059 ejus
1249 1990 1504 2053 adventu,
1529 2004 1649 2043 cum
1671 1988 1741 2041 Sil.
1762 1987 1815 2040 in
1836 1986 2059 2040 exitium
2161 2000 2454 2062 praesentes
2480 2006 2670 2063 graves
2695 2001 2750 2045 et
2779 1990 3047 2046 terribiles
3073 2000 3416 2061 putarentur,
3446 1990 3539 2045 sed
3567 1990 3741 2059 dignm

480 2087 760 2140 nostrum?
789 2084 865 2140 Ne
891 2086 1083 2139 timeas
1105 2125 1119 2148 ,
1166 2098 1200 2136 ο
1240 2082 1435 2136 dilecte
1455 2122 1471 2146 ,
1503 2078 1599 2134 sed
1628 2077 1748 2133 audi
1783 2078 1953 2148 ipsum
1982 2076 2065 2131 di-

482 2186 692 2231 ccntem
726 2195 737 2230 :
773 2176 890 2229 Vim
924 2176 1087 2229 habet
1117 2175 1168 2227 in
1201 2173 1265 2226 iis
1294 2172 1385 2241 qui
1416 2178 1660 2240 pereunt,
1693 2168 1783 2239 qui
1813 2167 1994 2233 etiam,
2018 2168 2065 2221 si

486 2271 575 2324 ille
614 2285 717 2323 non
747 2268 1090 2331 accessisset,
1122 2281 1229 2320 non
1257 2264 1638 2320 credidissent.
1665 2261 1942 2329 Quodnam
1985 2270 2068 2315 est

488 2379 615 2433 ergo
663 2362 904 2416 lucrum?
931 2359 1081 2427 Quod
1115 2360 1179 2413 iis
1218 2358 1308 2428 qui
1360 2356 1609 2427 peribunt
1636 2370 1698 2409 os
1739 2354 2067 2408 obstruetur.

491 2454 810 2524 Quomodo?
855 2453 980 2508 Sive
1028 2454 1119 2506 ille
1170 2453 1445 2515 venisset,
1498 2450 1613 2504 sive
1659 2462 1766 2502 non
1811 2447 2070 2513 venisset,

492 2547 703 2601 Christo
729 2560 835 2599 non
860 2544 1213 2598 credidissent
1236 2557 1252 2595 :
1279 2543 1426 2596 venit
1446 2554 1573 2610 ergo
1595 2553 1691 2593 eos
1712 2537 2071 2592 convicturus.

495 2638 626 2691 Nam
652 2651 720 2691 ne
754 2646 879 2691 tunc
905 2637 1188 2699 dicerent,
1232 2633 1496 2701 Quoniam
1543 2646 1602 2686 se
1653 2632 1821 2687 Deum
1868 2629 2081 2685 dicebat

502 2746 622 2786 esse
666 2730 935 2792 Christus,
969 2728 1178 2783 etiamsi
1205 2741 1462 2795 nusquam
1495 2725 1546 2780 id
1585 2725 1718 2779 dixit
1749 2731 1953 2792 aperte,
1984 2722 2079 2776 sed

500 2822 754 2893 quoniam
784 2822 872 2891 qui
903 2828 1090 2889 postea
1123 2817 1338 2873 fuerunt
1367 2817 1742 2886 praedicarunt,
1774 2831 1880 2869 non
1909 2813 2083 2869 credi-

501 2914 681 2967 dimus
712 2929 724 2964 :
754 2912 1005 2981 quoniam
1050 2910 1350 2965 audivimus
1393 2908 1537 2978 quod
1578 2922 1716 2961 unus
1754 2907 1823 2961 sit
1849 2906 1989 2961 Deus
2014 2921 2083 2961 ex

502 3021 611 3075 quo
639 3004 854 3067 omnia;
882 3002 1002 3057 ideo
1032 3017 1137 3056 non
1168 3000 1494 3056 credidimus
1526 3018 1541 3055 :
1575 2999 1717 3053 hunc
1744 3013 1873 3068 ergo
1896 3012 2085 3053 eorum

504 3106 825 3169 praetextum
856 3096 1006 3149 tollet
1035 3093 1418 3149 Antichristus.
1461 3091 1597 3147 Nam
1621 3091 1835 3162 quando
1860 3091 1952 3145 ille
1991 3106 2086 3146 ve-

508 3191 666 3253 nerit,
701 3198 754 3244 et
783 3188 917 3241 nihil
956 3202 1183 3251 sanum,
1228 3185 1322 3239 sed
1366 3185 1544 3239 omnia
1589 3184 1769 3253 iniqua
1805 3190 1859 3238 et
1887 3182 2089 3253 legibus

508 3282 774 3339 contraria
805 3280 1087 3349 imperanti
1111 3321 1125 3341 ,
1152 3293 1218 3334 ex
1247 3278 1377 3333 solis
1425 3276 1573 3332 falsis
1610 3277 1778 3348 signis
1819 3275 2089 3342 credetur,

511 3392 605 3431 ora
656 3390 840 3429 eorum
889 3373 1179 3428 obturabit.
1220 3371 1354 3426 Nam
1403 3373 1449 3426 si
1492 3370 1708 3427 Christo
1752 3386 1859 3427 non
1892 3371 2090 3436 credis,

512 3467 682 3521 multo
728 3466 903 3519 minus
946 3463 1229 3533 oportebat
1269 3461 1495 3517 credere
1541 3461 1873 3517 Antichristo
1912 3478 1925 3515 :
1970 3476 2093 3515 nam

513 3560 606 3615 ille
634 3558 850 3629 quidem
900 3556 1112 3611 dicebat
1158 3570 1217 3610 se
1258 3556 1482 3611 missum
1513 3569 1636 3610 esse
1676 3569 1707 3608 a
1759 3554 1953 3621 Patre;
1994 3554 2097 3609 iste

516 3661 694 3705 autem
724 3647 1069 3703 contrarium.
1102 3646 1386 3715 Propterea
1417 3645 1629 3700 dicebat
1661 3643 1905 3699 Christus
1938 3662 1952 3698 :
1985 3643 2097 3715 Ego

515 3744 627 3797 ueni
663 3744 716 3796 in
754 3742 955 3799 nomine
986 3739 1157 3792 Patris
1199 3738 1321 3805 mei,
1350 3747 1397 3791 et
1436 3754 1515 3791 me
1552 3754 1654 3791 non
1691 3739 1981 3807 suscepistis
2013 3753 2033 3792 :
2056 3738 2101 3791 si

518 3838 651 3891 alius
678 3836 859 3888 uenerit
885 3835 937 3886 in
963 3834 1163 3886 nomine
1187 3849 1281 3886 suo
1306 3874 1321 3896 ,
1348 3831 1496 3885 illum
1531 3831 1816 3900 suscipietis
1838 3830 2017 3899 (Joan.
2043 3831 2097 3885 5.

520 3929 634 3997 45).
663 3930 731 3981 At
753 3926 1003 3989 vidimus,
1035 3925 1223 3993 inquit,
1258 3925 1432 3993 signa.
1468 3923 1577 3978 Sed
1602 3922 1767 3977 multa
1796 3938 2010 3993 quoque
2049 3931 2103 3978 et

521 4032 713 4087 magna
742 4016 878 4071 facta
921 4024 1048 4069 sunt
1084 4030 1113 4068 a
1160 4014 1377 4069 Christo
1409 4030 1424 4069 :
1452 4014 1621 4068 multo
1662 4015 1831 4083 magis
1879 4029 2007 4085 ergo
2055 4016 2104 4069 ei

522 4108 757 4179 oportuit
803 4105 1045 4161 credere.
1094 4105 1253 4175 Atqui
1291 4105 1359 4160 de
1402 4104 1506 4158 hoc
1537 4103 1757 4173 quidem
1795 4105 1959 4158 multa
1985 4104 2103 4160 fue-

522 4208 650 4255 runt
676 4197 926 4267 praedicta
951 4239 964 4263 ,
995 4211 1191 4264 nempe
1218 4195 1361 4265 quod
1402 4195 1624 4262 iniquus
1647 4235 1662 4260 ,
1690 4194 1832 4264 quod
1861 4195 1999 4249 ﬁlius
2024 4195 2107 4250 in-

532 4293 724 4346 teritus
747 4332 762 4356 ,
790 4290 933 4360 quod
976 4297 1120 4344 esset
1157 4290 1275 4358 ejus
1308 4288 1568 4343 adventus
1603 4288 1895 4343 secundum
1921 4303 2111 4359 opera-

531 4384 733 4437 tionem
784 4390 983 4434 satanse
1041 4399 1053 4432 :
1114 4378 1182 4432 de
1234 4378 1327 4431 illo
1375 4387 1552 4431 autem
1603 4379 1909 4443 contraria,
1966 4379 2111 4450 quod

534 4474 808 4539 Servator,
840 4470 981 4542 quod
1006 4470 1170 4524 multa
1196 4470 1333 4525 bona
1364 4467 1571 4523 aﬂ‘erat.
1598 4468 1675 4522 Eo
1694 4469 1828 4539 quod
1851 4470 2112 4523 caritatem

532 4565 757 4620 veritatis
787 4579 889 4617 non
912 4569 1210 4631 acceperunt
1239 4570 1294 4613 ut
1320 4560 1447 4613 salvi
1478 4560 1673 4628 ﬁerent,
1698 4560 1811 4613 ideo
1832 4560 1991 4614 mittet
2010 4560 2113 4615 illis

536 4657 677 4711 Deus
705 4656 1043 4724 Operationem
1063 4654 1272 4719 erroris,
1299 4664 1356 4705 ut
1381 4653 1588 4705 credant
1612 4653 1876 4707 mendacio
1904 4668 1923 4707 :
1946 4654 2032 4708 11.
2061 4662 2115 4706 ut

528 4747 825 4818 judiccntur
849 4761 1019 4799 omnes
1039 4746 1123 4810 qui
1146 4761 1245 4798 non
1267 4744 1587 4798 crediderunt
1614 4745 1810 4797 veritati
1827 4789 1839 4810 ,
1873 4745 1962 4799 sed
1994 4761 2115 4800 con-

537 4847 801 4895 senserunt
828 4839 1103 4904 iniquitati.

607 4929 661 4982 2.
711 4926 777 4982 Ut
816 4927 1120 4995 iudicentur.
1162 4926 1275 4982 Non
1314 4928 1486 4994 dixit,
1512 4928 1579 4984 Ut
1626 4931 1943 4997 puniantur;
1995 4944 2116 4983 nam

537 5028 693 5076 erant
722 5020 882 5074 etiam
904 5020 1098 5088 alioqui
1128 5020 1410 5089 puniendi;
1438 5020 1554 5088 sed,
1579 5021 1644 5076 Ut
1661 5023 1959 5093 judicentur
1975 5038 1997 5089 ;
2017 5023 2121 5078 hoc

504 5123 640 5178 est,
690 5120 745 5165 ut
781 5110 1204 5165 condemnentur
1252 5111 1305 5165 in
1349 5112 1551 5181 judicio
1597 5114 1859 5180 terribili,
1907 5124 1966 5169 ut
2013 5117 2121 5171 sint

539 5205 948 5261 inexcusabiles.
974 5205 1198 5272 Quinam
1231 5216 1353 5261 sunt
1375 5207 1481 5260 illi?
1499 5208 1615 5276 Ipse
1641 5209 1890 5278 explicat,
1909 5209 2115 5275 dicens,

544 5296 643 5361 Qui
670 5313 769 5349 non
798 5296 1346 5361 credideruntveritati,
1364 5298 1453 5352 sed
1470 5309 1827 5353 consenserunt
1843 5301 2117 5371 iniquitati.

540 5388 832 5442 Caritatem
864 5387 1103 5442 veritatis
1130 5399 1285 5442 vocat
1314 5388 1607 5443 Christum.
1631 5390 1918 5458 Pmpterea
1952 5393 2119 5459 enim,

541 5477 733 5547 inquit,
767 5477 899 5543 quod
928 5479 1187 5532 caritatem
1210 5481 1433 5532 veritatis
1460 5496 1561 5533 non
1592 5491 1895 5545 acceperunt
1926 5498 1943 5535 :
1968 5494 2118 5538 utra-

542 5581 648 5636 que
668 5568 810 5623 enim
836 5580 1008 5636 erant,
1038 5580 1093 5625 et
1120 5580 1335 5640 propter
1361 5580 1584 5640 utraque
1616 5584 1933 5636 accesserat,
1955 5588 2010 5630 et
2034 5580 2124 5630 ho-

545 5660 717 5714 mines
742 5660 966 5732 diligens
985 5705 999 5729 ,
1023 5673 1078 5718 et
1105 5679 1201 5733 pro
1224 5665 1365 5718 veris
1395 5664 1575 5720 rebus.
1612 5665 1715 5721 Sed
1737 5683 2114 5739 consenserunt,

548 5750 738 5822 inquit,
769 5755 1019 5824 iniquitati
1045 5771 1071 5810 ε,
1094 5757 1236 5813 venit
1272 5758 1414 5813 enim
1459 5758 1525 5813 ad
1573 5760 1791 5817 exitium
1819 5763 2115 5838 hominum,

2162 2082 2231 2139 de
2257 2084 2447 2153 quibus
2484 2091 2706 2154 agantur
2735 2082 2940 2151 gratiae.
2979 2081 3108 2137 Ideo
3147 2082 3423 2151 subjunxit
3460 2100 3474 2136 :
3505 2081 3591 2136 12.
3628 2081 3743 2134 Nos

2166 2187 2332 2232 autem
2375 2178 2610 2232 debemus
2646 2178 2839 2248 gratias
2881 2192 3029 2247 agere
3059 2174 3166 2229 Deo
3204 2192 3399 2245 semper
3447 2191 3539 2245 pro
3585 2174 3744 2239 vobis,

2170 2270 2352 2339 fratres
2380 2269 2548 2323 dilecti
2578 2286 2611 2322 a
2636 2268 2764 2334 Deo,
2797 2269 2932 2339 quod
2974 2268 3173 2339 elegerit
3200 2283 3287 2321 vos
3314 2266 3450 2321 Deus
3478 2267 3747 2337 primitias,

2172 2361 2239 2414 ad
2263 2362 2481 2415 salutem
2507 2361 2560 2415 in
2602 2361 3003 2430 sanctiﬁcatione
3045 2360 3256 2429 spiritus
3290 2369 3335 2413 et
3366 2360 3467 2427 [ide
3508 2359 3748 2413 veritatis.

2173 2450 2450 2518 Quomodo
2476 2451 2544 2505 ad
2569 2451 2797 2506 salutem
2830 2452 3032 2523 elegit?
3066 2451 3123 2505 ld
3155 2448 3391 2505 ostendit
3431 2450 3641 2515 dicens,
3685 2447 3752 2501 1η

2176 2544 2571 2614 sanctiﬁcatione
2596 2546 2840 2613 spiritus;
2870 2544 2922 2599 id
2943 2553 3045 2611 est,
3072 2553 3131 2599 ut
3157 2560 3254 2600 nos
3277 2545 3635 2602 sanctiﬁcaret
3660 2558 3755 2613 per

2178 2638 2422 2707 spiritum
2451 2645 2507 2692 et
2536 2652 2717 2692 veram
2739 2636 2919 2692 ﬁdem.
2940 2637 3065 2692 Haec
3087 2637 3227 2691 enim
3245 2646 3368 2693 sunt
3384 2654 3501 2708 qua:
3520 2646 3755 2691 nostram

2181 2729 2408 2784 salutem
2436 2729 2713 2783 continent
2744 2743 2758 2779 :
2790 2743 3053 2797 nusquam
3081 2730 3148 2783 ab
3174 2728 3457 2799 operibus,
3496 2742 3757 2797 nusquam

2182 2836 2214 2875 a
2240 2831 2385 2876 recte
2414 2821 2587 2887 iactis,
2609 2820 2703 2875 sed
2732 2836 2825 2891 per
2847 2821 3003 2875 tidem
3019 2822 3283 2875 veritatis.
3304 2820 3461 2886 Ecce,
3482 2822 3554 2884 in,
3575 2836 3764 2874 rursus

2185 2924 2287 2982 est,
2308 2931 2413 2983 per.
2438 2914 2506 2969 1n
2529 2916 2927 2985 sanctiﬁcatione
2942 2916 3172 2983 spiritus,
3192 2914 3383 2983 inquit.
3410 2915 3500 2968 15.
3524 2912 3589 2967 In
3611 2931 3766 2982 quam

2187 3016 2234 3060 et
2259 3007 2451 3060 vocavit
2477 3022 2562 3060 vos
2589 3023 2678 3075 per
2697 3006 3006 3077 euangelium
3031 3017 3279 3070 nostrum,
3310 3006 3365 3059 in
3388 3006 3769 3075 acquisitionem

2189 3098 2366 3171 gloria:
2402 3098 2610 3152 Domini
2655 3100 2816 3153 nostri
2858 3098 2984 3152 Jesu
3012 3098 3221 3153 Christi.
3255 3096 3369 3152 Non
3400 3107 3479 3152 est
3508 3097 3611 3151 hoc
3645 3112 3773 3165 par-

2191 3208 2335 3255 vum,
2366 3192 2411 3247 si
2454 3206 2605 3245 suam
2649 3190 2874 3261 gloriam
2914 3188 3159 3244 Christus
3197 3199 3433 3243 nostram
3463 3197 3609 3257 putat
3646 3201 3773 3241 esse

2194 3287 2440 3341 salutem.
2472 3285 2694 3355 Benigni
2737 3284 2878 3338 enim
2915 3292 2969 3338 et
2996 3283 3273 3337 clementis
3301 3292 3382 3337 est
3409 3281 3609 3351 gloria,
3650 3294 3777 3333 esse

2195 3378 2392 3433 multos
2420 3377 2611 3448 quibus
2643 3376 2800 3431 detur
2825 3375 2991 3431 salus.
3023 3374 3240 3444 Magnus
3269 3383 3352 3428 est
3373 3388 3500 3444 ergo
3519 3374 3777 3426 Dominus

2196 3481 2380 3526 noster
2402 3512 2417 3535 ,
2447 3470 2489 3524 si
2519 3477 2758 3524 nostram
2808 3468 3035 3522 salutem
3082 3466 3155 3521 ita
3200 3465 3472 3521 desiderat
3504 3482 3518 3519 :
3551 3476 3780 3534 magnus

2198 3572 2280 3618 est
2299 3574 2352 3617 et
2380 3562 2610 3632 Spiritus
2635 3569 2853 3615 sanctus
2872 3601 2888 3627 ,
2921 3560 3012 3629 qui
3040 3567 3293 3629 operatur
3319 3557 3370 3611 in
3400 3556 3551 3610 nobis
3579 3556 3781 3609 sancti-

2201 3654 2521 3709 ﬁcationem.
2554 3653 2663 3707 Cur
2693 3667 2800 3707 non
2831 3652 2976 3722 prius
3004 3650 3181 3721 posuit
3210 3649 3389 3715 ﬁdem,
3420 3647 3513 3701 sed
3539 3645 3779 3700 sanctiﬁ-

2201 3747 2506 3803 cationem?
2530 3746 2793 3811 Quoniam
2834 3745 2994 3799 etiam
3039 3751 3161 3813 post
3197 3740 3672 3795 sanctiﬁcationem
3717 3753 3783 3792 ea

2204 3839 2370 3893 multa
2392 3854 2526 3907 opus
2568 3838 2829 3893 habemus
2853 3879 2868 3903 ,
2913 3852 2980 3892 ne
3022 3834 3423 3890 labefactemur.
3456 3832 3616 3887 Vides
3647 3846 3788 3902 quo-

2206 3929 2367 3984 modo
2392 3929 2523 3982 nihil
2545 3928 2780 3983 ostendit
2805 3943 2925 3983 esse
2944 3942 3154 3992 eorum,
3185 3924 3282 3980 sed
3317 3933 3485 3979 tOtum
3514 3921 3643 3978 Dei?

2280 4021 2365 4074 14.
2408 4019 2637 4073 Traditio
2662 4018 2904 4073 Ecclesia:
2936 4018 3037 4087 ﬁde
3065 4017 3237 4087 digna.
3265 4046 3338 4056 —
3356 4014 3382 4068 1
3390 4025 3553 4086 taque,
3583 4014 3785 4084 fratres,

2210 4123 2353 4180 state,
2394 4122 2441 4167 et
2468 4123 2627 4168 tenete
2645 4112 2935 4166 traditiones
2952 4128 3078 4182 quas
3093 4111 3339 4165 didicistis
3360 4111 3461 4164 sive
3487 4126 3576 4179 per
3595 4125 3792 4163 sermo-

2212 4224 2343 4272 nem,
2372 4207 2474 4261 sive
2495 4224 2582 4276 per
2602 4206 2865 4275 epistolam
2890 4215 3131 4260 nostram.
3167 4204 3300 4259 llinc
3332 4212 3414 4259 est
3451 4202 3793 4273 perspicuum

2213 4297 2357 4367 quod
2383 4312 2487 4351 non
2510 4298 2686 4351 omnia
2708 4296 3041 4351 tradiderunt
3070 4311 3165 4365 per
3185 4295 3484 4365 epistolam,
3507 4292 3598 4348 sed
3628 4293 3795 4346 multa

2217 4390 2374 4444 etiam
2414 4391 2531 4445 sine
2587 4389 2799 4458 scriptis
2832 4407 2843 4440 :
2874 4398 2928 4442 et
2963 4404 3025 4443 ea
3070 4402 3283 4458 quoque
3320 4395 3444 4442 sunt
3485 4385 3587 4441 [ide
3610 4385 3792 4455 digna.

2217 4480 2573 4549 Quamobrem
2604 4480 2859 4535 Ecclesiae
2882 4495 3094 4550 quoque
3122 4479 3457 4533 traditionem
3483 4492 3800 4533 censeamus

2218 4589 2337 4630 esse
2363 4572 2466 4628 lide
2486 4572 2717 4643 dignam.
2750 4571 2845 4627 Est
2872 4570 3087 4626 traditio
3112 4589 3125 4625 :
3155 4569 3288 4624 nihil
3309 4585 3518 4638 quaeras
3546 4568 3801 4639 amplius.

2219 4666 2317 4720 Hic
2343 4664 2573 4719 ostendit
2614 4664 2810 4719 multos
2850 4678 2971 4719 esse
3008 4664 3095 4732 qui
3133 4662 3333 4717 labant.
3370 4662 3458 4717 15.
3482 4659 3603 4732 Ipse
3631 4670 3803 4714 autem

2221 4757 2470 4812 Dominus
2499 4766 2667 4811 noster
2690 4755 2722 4810 J
2730 4772 2841 4811 esus
2868 4755 3099 4810 Christus
3120 4764 3168 4809 et
3198 4753 3333 4809 Deus
3354 4764 3401 4807 et
3434 4752 3589 4807 Pater
3608 4761 3802 4817 noster,

2223 4849 2306 4919 qui
2333 4849 2508 4903 dilexit
2534 4865 2645 4914 nos,
2665 4858 2711 4902 et
2736 4848 2873 4901 dedit
2893 4848 3286 4901 consolationem
3309 4854 3572 4911 aeternam,
3594 4854 3640 4899 et
3659 4861 3807 4912 spem

2227 4946 2407 4997 bonam
2436 4944 2490 4996 in
2520 4943 2705 5013 gratia,
2734 4941 2820 4997 16.
2859 4942 3146 4996 exhortatur
3179 4940 3334 4994 corda
3361 4948 3541 5005 vestra,
3591 4947 3636 4993 et
3675 4954 3808 4992 con-

2229 5038 2391 5106 ﬁrmet
2419 5039 2473 5090 in
2501 5036 2637 5090 omni
2668 5052 2819 5106 opere
2840 5045 2886 5089 et
2904 5050 3130 5090 sermone
3159 5034 3307 5088 bono.
3338 5033 3544 5088 Rursus
3570 5032 3813 5102 precatio

2227 5138 2348 5200 post
2367 5128 2834 5182 adhortationem:
2863 5126 2966 5181 hoc
2995 5127 3134 5181 enim
3159 5135 3241 5181 est
3260 5139 3448 5181 revera
3465 5139 3619 5194 opem
3642 5122 3808 5179 ferre.

2233 5220 2334 5286 Qui
2359 5220 2536 5273 dilexit
2559 5236 2669 5285 nos,
2699 5218 2885 5289 inquit,
2912 5226 2958 5273 et
2984 5218 3121 5273 dedit
3140 5219 3529 5273 consolationem
3544 5225 3815 5276 (sternam,

2232 5323 2278 5365 et
2319 5328 2459 5381 spem
2501 5313 2682 5364 bonam
2723 5312 2773 5364 in
2806 5314 2991 5382 gratia.
3020 5310 3121 5367 Ubi
3153 5327 3295 5365 nunc
3347 5312 3579 5384 suntqui
3604 5311 3810 5368 Filium

2172 5456 2175 5457 ν
2232 5405 2415 5459 dicunt
2443 5419 2561 5459 esse
2586 5406 2867 5465 minorem.
2896 5406 3149 5473 quoniam
3182 5411 3301 5471 post
3325 5403 3534 5462 Patrem
3554 5404 3819 5461 nomina—

2237 5505 2322 5551 tur
2351 5497 2402 5549 in
2425 5499 2593 5565 gratia
2624 5495 2858 5550 lavacri?
2885 5496 3020 5550 Ecce
3044 5495 3185 5549 enim
3213 5492 3301 5547 hic
3331 5503 3412 5547 est
3436 5502 3761 5546 contrarium
3796 5506 3818 5543 :

2237 5588 2350 5655 ipse
2394 5588 2622 5656 primum
2663 5588 2769 5652 ait,
2824 5585 3071 5640 Dominus
3124 5594 3291 5639 noster
3341 5585 3493 5638 Iesus
3544 5577 3818 5646 Christus,

2237 5677 2455 5742 deinde,
2493 5676 2626 5730 Deus
2656 5687 2703 5730 et
2733 5676 2888 5731 Pater
2917 5676 3122 5730 Domini
3152 5677 3330 5730 nostri.
3365 5676 3465 5743 Qui
3491 5674 3664 5727 dilexit
3687 5688 3780 5726 nos
3802 5712 3820 5733 ,

2242 5782 2287 5826 et
2305 5772 2439 5827 dedit
2460 5773 2847 5828 consolationem
2867 5782 3125 5827 (sternam.
3147 5770 3441 5841 Quamnam
3461 5779 3637 5824 autem
3659 5782 3781 5821 eam
3798 5768 3826 5818 Ἰ
