4114 6396
1408 294 1417 323 1

333 388 436 443 ζεῖ

330 517 429 570 την
473 500 565 555 καὶ
590 502 772 569 φανεὶς
804 502 980 571 μόνον.
1039 498 1167 555 Εἶτα
1199 502 1372 571 δηλῶν
1404 503 1487 565 τίς
1518 504 1662 555 ἐστιν
1710 495 1883 563 οὗτος,

330 580 414 638 Οὗ
444 587 482 653 τ’,
508 586 804 651 παρουσία
829 588 952 637 κατ’
974 587 1275 657 ἐνέργειαν
1310 586 1415 639 τοῦ
1443 584 1676 638 Σατανὰ
1707 602 1717 612 ·
1787 586 1887 636 Ἐν

326 668 492 736 πάσῃ
523 668 787 735 δυνάμει,
815 671 967 739 φησὶ,
1000 672 1096 722 καὶ
1115 672 1383 737 σημείοις
1401 670 1496 723 καὶ
1516 670 1717 737 τέρασι
1746 671 1890 737 ψεύ-

326 751 488 815 δους.
551 747 825 814 Τουτέστι,
877 754 1056 806 πᾶσαν
1094 754 1412 818 ἐπιδείξεται
1472 753 1719 822 δύναμιν,
1773 753 1887 805 ἀλλ’

324 834 474 887 οὐδὲν
495 833 693 903 ἀληθὲς
724 834 858 887 ἀλλὰ
886 836 1022 904 πρὸς
1058 836 1272 904 ἀπάτην
1326 836 1394 888 τά
1453 837 1652 889 πάντα.
1707 835 1888 888 Ταῦτα

326 918 607 985 προεῖπεν,
643 917 728 968 ἵνα
758 916 831 987 μὴ
858 917 1209 985 ἀπατηθῶσιν
1249 919 1298 969 oi
1323 920 1463 971 τότε.
1508 919 1615 971 Καὶ
1664 919 1887 985 τέρασι,

325 999 477 1067 φησὶ,
537 997 800 1065 ψεύδους
824 1014 835 1026 °
869 1000 985 1068 ἦτοι
1034 998 1457 1068 διεψευσμένοις,
1509 1000 1541 1068 ἢ
1576 1000 1655 1062 εἰς
1695 1000 1889 1067 ψεῦδος

323 1082 533 1147 ἄγουσι.
561 1082 668 1133 Καὶ
696 1082 763 1133 ἐν
799 1080 963 1149 πάσῃ
991 1082 1185 1149 ἀπάτη
1212 1082 1322 1149 τῆς
1356 1083 1591 1146 ἀδικίας
1640 1084 1711 1135 ἐν
1765 1082 1891 1147 τοῖς

322 1164 783 1231 ἀπολλυμένοις.
819 1164 883 1216 Τί
916 1163 1008 1217 οὖν
1051 1166 1412 1235 συνεχώρησε,
1446 1168 1632 1234 φησὶν,
1682 1169 1710 1218 6
1758 1165 1891 1227 Θεὸς

323 1246 477 1298 τοῦτο
501 1247 770 1313 γενέσθαι,
808 1247 901 1299 καὶ
936 1248 1063 1300 ποία
1091 1249 1227 1317 αὕτη
1273 1248 1552 1316 οἰκονομία
1584 1265 1598 1312 ;
1628 1249 1679 1299 τί
1728 1248 1782 1299 δὲ
1829 1248 1889 1298 τὸ

322 1332 513 1401 κέρδος
536 1334 635 1400 τῆς
668 1331 875 1383 ἐκείνου
905 1332 1203 1401 παρουσίας
1235 1334 1327 1385 ἐπὶ
1366 1332 1510 1403 λύμῃ
1530 1332 1685 1401 ἡμῶν
1714 1349 1891 1401 παρα-

324 1413 613 1481 γενομένου
642 1430 656 1477 ;
690 1413 779 1482 Μὴ
802 1414 1060 1483 φοϐηθῇς,
1088 1414 1359 1481 ἀγαπητὲ,
1383 1415 1496 1465 ἀλλ’
1515 1413 1678 1466 ἄκουε
1708 1412 1892 1478 λέγον-

324 1512 413 1556 τος
440 1494 604 1547 αὐτοῦ
641 1511 653 1523 ·
706 1494 796 1546 Ἐν
827 1498 936 1556 τοῖς
961 1497 1347 1565 ἀπολλυμένοις
1381 1496 1573 1566 ἰσχύει.
1606 1497 1676 1555 οἳ,
1720 1498 1767 1546 εί
1802 1497 1894 1549 καὶ

332 1578 406 1648 μή
444 1577 774 1647 παρεγένετο
800 1580 1026 1641 ἐκεῖνος,
1055 1580 1153 1632 οὐκ
1184 1580 1249 1632 ἂν
1291 1580 1637 1647 ἐπείσθησαν.
1685 1578 1750 1630 Τί
1802 1574 1895 1630 οὖν

324 1662 386 1713 τὸ
410 1660 615 1731 κέρδος,
650 1660 812 1730 φησίν
843 1678 858 1725 ;
900 1661 1021 1713 Ὅτι
1072 1662 1226 1713 αὐτοὶ
1254 1658 1397 1716 οὗτοι
1436 1663 1486 1713 οί
1542 1660 1896 1731 ἀπολλύμενοι

324 1742 884 1812 ἐπιστομισθήσονται.
928 1743 1103 1809 Πῶς;
1163 1744 1284 1796 Ὅτι
1336 1745 1384 1795 εί
1454 1745 1547 1796 καὶ
1618 1745 1691 1813 μὴ
1736 1739 1896 1813 ἦλθεν

324 1828 549 1892 ἐκεῖνος,
573 1826 671 1879 οὐκ
699 1826 762 1877 ἂν
786 1826 1113 1879 ἐπίστευσαν
1144 1826 1223 1896 τῷ
1264 1825 1481 1897 Χριστῷ
1505 1841 1518 1855 ο
1557 1825 1774 1896 ἔρχεται
1806 1822 1898 1879 οῦν

324 1910 556 1976 ἐλέγξων
584 1908 799 1971 αὐτούς.
843 1908 962 1961 Ἵνα
995 1909 1104 1979 γάρ
1145 1910 1220 1978 μή
1257 1909 1491 1977 μέλλωσι
1543 1908 1744 1975 λέγειν,
1812 1910 1896 1962 ὃτι

325 1991 542 2059 Ἐπειδὴ
572 1990 703 2043 Θεὸν
728 1990 912 2057 ἔλεγεν
939 1991 1128 2044 ἐαυτὸν
1148 1993 1176 2043 6
1194 1991 1447 2062 Χριστὸς,
1470 1990 1645 2049 καίτοι
1664 2007 1728 2058 γε
1747 1990 1900 2043 οὐδα-

329 2072 430 2141 μοῦ
468 2069 587 2123 εἷπε
619 2072 885 2142 φανερῶς,
918 2073 1059 2143 πλὴν
1086 2072 1202 2126 ἀλλ’
1226 2074 1416 2144 ἐπειδὴ
1452 2076 1501 2125 οἱ
1538 2073 1675 2143 μετά
1726 2072 1900 2125 ταῦτα

324 2156 615 2224 ἐκήρυξαν,
642 2156 740 2207 οὐκ
776 2156 1176 2225 ἐπιστεύσαμεν
1210 2170 1226 2185 ⁸
1254 2156 1439 2226 ἐπειδὴ
1476 2156 1792 2226 ἠκούσαμεν
1813 2157 1900 2208 ὃτι

327 2234 408 2300 εἷς
436 2238 565 2300 Θεὸς
589 2237 647 2302 ἐξ
669 2232 729 2291 οὗ
753 2238 821 2289 τὰ
838 2238 1033 2299 πάντα,
1057 2238 1145 2289 διὰ
1162 2237 1319 2291 τοῦτο
1339 2240 1440 2291 οὐκ
1462 2238 1866 2307 ἐπιστεύσαμεν
1884 2254 1897 2264 ·

327 2320 527 2390 ταύτην
550 2315 640 2373 οῦν
671 2319 847 2373 αὐτῶν
870 2322 970 2390 τὴν
998 2320 1264 2389 πρόφασιν
1297 2323 1326 2372 6
1363 2321 1722 2391 ’Δντίχριστος
1749 2323 1903 2375 ἀναι-

332 2406 514 2471 ρήσει.
547 2404 716 2457 ’Όταν
742 2404 851 2474 γὰρ
882 2404 1013 2476 ἔλθῃ
1035 2406 1256 2470 ἐκεῖνος,
1288 2404 1382 2457 καὶ
1405 2404 1556 2458 οὐδὲν
1601 2406 1901 2458 ἐπιτάττων

331 2486 501 2552 ὑγιὲς,
550 2487 685 2541 ἀλλά
714 2486 889 2539 πάντα
922 2486 1234 2556 παράνομα,
1274 2486 1381 2539 ἀπὸ
1431 2487 1671 2557 σημείων
1726 2488 1902 2556 μόνων

326 2572 539 2640 ψευδῶν
579 2572 920 2643 πιστεύηται,
952 2573 1260 2645 ἁπορῤάψει
1293 2573 1353 2625 τὸ
1381 2573 1556 2643 στόμα
1604 2575 1808 2637 αὐτοῖς.
1841 2576 1904 2626 Εἰ

328 2657 435 2725 γάρ
467 2655 545 2724 τῷ
576 2655 794 2729 Χριστῷ
819 2658 880 2708 οὐ
899 2655 1191 2718 πιστεύεις,
1212 2654 1389 2725 πολλῷ
1407 2656 1603 2725 μᾶλλον
1623 2658 1721 2709 οὐκ
1742 2658 1905 2727 ἐχρῆν

328 2739 408 2807 τῷ
448 2738 795 2809 Ἀντιχρίστῳ
829 2737 1150 2792 πιστεῦσαι·
1186 2740 1388 2800 ἐκεῖνος
1446 2739 1541 2808 μὲν
1596 2739 1703 2808 γὰρ
1753 2739 1905 2805 ἔλεγε

330 2823 481 2891 παρα
502 2820 595 2873 τοῦ
648 2821 859 2889 Παιρὸς
890 2820 1231 2889 πεπέμφθαι,
1284 2816 1435 2884 οὗτος
1471 2822 1527 2873 δὲ
1578 2821 1899 2873 τούναντίον.

329 2908 430 2957 Δια
454 2905 612 2957 τοῦτο
636 2905 817 2971 ἔλεγεν
854 2906 882 2955 ό
929 2904 1182 2973 Χριστὸς,
1253 2901 1399 2970 Ἐγὼ
1459 2902 1651 2970 ἦλθον
1695 2904 1766 2956 ἐν
1820 2903 1900 2967 τῷ

329 2989 572 3049 ὀνόματι
609 2987 714 3040 τοῦ
746 2986 994 3054 Πατρός,
1026 2987 1123 3039 καὶ
1158 2987 1270 3039 οὐκ
1309 2981 1598 3048 ἐδέξασθέ
1638 3001 1749 3054 με·
1796 2985 1905 3039 ἐὰν

328 3072 518 3137 ἄλλος
536 3071 683 3139 ἔλθη
716 3071 785 3124 ἐν
809 3069 888 3135 τῷ
911 3071 1154 3138 ὀνόματι
1188 3068 1268 3132 τῷ
1308 3068 1457 3133 ίδίῳ,
1512 3069 1746 3123 ἐκεῖνον
1793 3069 1902 3134 λη-

330 3159 541 3223 ψεσθε.
588 3154 747 3207 Ἀλλά
777 3157 975 3223 σημεῖα
994 3155 1225 3223 εἴδομεν,
1272 3155 1460 3223 φησίν.
1508 3153 1670 3206 ’Δλλά
1692 3154 1785 3206 καὶ
1810 3155 1903 3205 ἐπὶ

329 3240 423 3293 τοῦ
458 3239 594 3311 [551
634 3238 653 3311 ]
689 3238 925 3309 Χριστοῦ
947 3238 1135 3306 γέγονε
1166 3237 1335 3289 πολλὰ
1365 3239 1460 3289 καὶ
1502 3237 1731 3306 μεγάλα,
1760 3236 1903 3289 Οὐκ-

330 3320 423 3373 οῦν
453 3318 629 3387 πολλῷ
688 3318 884 3387 μᾶλλον
944 3316 1092 3386 αὐτῷ
1142 3315 1429 3368 πιστεῦσαι
1481 3316 1668 3385 ἐχρῆν.
1710 3315 1902 3369 Καίτοι

332 3404 458 3471 περὶ
489 3402 586 3471 μὲν
613 3401 801 3453 τούτου
823 3399 991 3454 πολλά
1015 3397 1352 3469 προερρήθη,
1383 3400 1467 3452 ὅτι
1495 3399 1523 3449 ὁ
1572 3399 1789 3467 ἄνομος,
1820 3398 1901 3449 ὅτι

330 3489 358 3538 ὁ
394 3486 508 3547 υἱὸς
538 3484 637 3553 τῆς
660 3483 950 3546 ἀπωλείας,
974 3483 1054 3535 ὅτι
1080 3483 1350 3552 παρουσία
1381 3480 1545 3534 αὑτοῦ
1591 3482 1708 3534 κατ’
1752 3480 1903 3551 ἐνέρ-

331 3587 484 3636 γειαν
506 3569 599 3621 τοῦ
634 3568 849 3621 Σατανᾶ
883 3585 893 3596 ·
929 3567 1058 3636 περὶ
1080 3566 1137 3619 δὲ
1158 3565 1364 3618 ἐκείνου
1405 3564 1474 3616 τὰ
1527 3564 1762 3627 ἐναντία,
1819 3565 1901 3616 ὃτι

332 3652 543 3722 Σωτὴρ,
576 3651 656 3704 ὅτι
684 3649 852 3719 μυρία
872 3648 1051 3715 ἀγαθά
1076 3648 1308 3718 κομίζει.
1352 3649 1498 3701 Ἁνθ“
1529 3640 1628 3698 ὧν
1650 3646 1759 3713 γὰρ
1790 3646 1901 3714 τὴν

331 3734 568 3803 ἀγάπην
606 3733 714 3801 τῆς
742 3733 1026 3799 ἀληθείας
1055 3734 1165 3785 οὐκ
1200 3730 1484 3793 ἐδέξαντο
1507 3732 1593 3794 είς
1612 3730 1677 3781 τὸ
1707 3727 1900 3796 σωθῆ-

333 3836 431 3872 νιιι
456 3818 695 3881 αὐτοὺς,
731 3816 819 3870 διὰ
842 3816 1017 3869 τοῦτο
1048 3814 1268 3882 πέμψει
1286 3813 1490 3877 αὐτοῖς
1545 3815 1577 3866 ό
1616 3812 1758 3874 Θεὸς
1806 3812 1904 3865 ἐν·

333 3902 567 3971 ἐργειαν
613 3901 872 3967 πλάνης,
928 3901 1014 3963 είς
1062 3901 1129 3950 τὸ
1180 3898 1499 3951 πιστεῦσαι
1560 3897 1780 3961 αὐτοὺς
1822 3895 1903 3960 τῷ

334 3985 541 4053 ψεύδει
568 4001 582 4015 ·
610 3985 709 4036 ἵνα
734 3980 975 4049 κριθῶσι
1002 3979 1222 4044 πάντες
1252 3982 1306 4031 οί
1356 3979 1442 4047 μὴ
1473 3980 1903 4040 πιστεύσαντες

334 4067 405 4135 τῇ
431 4068 703 4135 ἀληθείᾳ,
730 4066 864 4121 ἀλλ’
903 4062 1348 4131 εὐδοκήσαντες
1379 4062 1447 4115 ἐν
1469 4060 1542 4128 τῇ
1568 4060 1787 4126 ἀδικίᾳ.

411 4216 476 4284 β’.
505 4216 637 4271 Ἵνα
659 4212 959 4281 κριθῶσιν.
980 4213 1094 4266 Οὐκ
1132 4207 1307 4274 εἶπεν,
1332 4213 1447 4264 Ἵνα
1468 4210 1788 4264 κολασθῶσι·
1812 4213 1906 4264 καλ¹

336 4299 445 4370 γὰρ
474 4302 563 4352 καὶ
585 4298 753 4368 χωρὶς
784 4296 969 4350 τούτου
996 4296 1218 4365 ἔμελλον
1242 4294 1581 4357 κολάξεσθαι,
1611 4295 1747 4361 ἀλλ’,
1774 4296 1907 4349 Ἵνα

336 4381 601 4449 κριθῶσι,
632 4380 893 4443 τουτέστι,
920 4378 1326 4451 κατακριθῶσιν
1357 4381 1450 4431 ἐπὶ
1497 4378 1591 4431 τοῦ
1647 4379 1906 4450 δικαστη-

338 4465 456 4537 ρίου
486 4463 578 4516 τοῦ
610 4462 861 4533 φοϐεροῦ,
895 4463 973 4524 είς
996 4462 1057 4514 τὸ
1078 4458 1215 4515 εἶναι
1241 4462 1435 4523 αὐτοὺς
1453 4462 1904 4532 ἀναπολογήτους.

340 4549 495 4605 Τίνες
522 4546 578 4598 δέ
612 4548 748 4598 εἰσιν
781 4540 924 4598 οὗτοι
947 4561 961 4611 ;
988 4544 1156 4607 Αὐτὸς
1198 4546 1539 4615 ήρμήνευσεν
1566 4546 1803 4612 ἐπάγων,
1842 4551 1907 4601 Ol

333 4631 419 4700 μὴ
448 4629 886 4692 πιστεύσαντες
924 4626 999 4694 τῇ
1026 4628 1293 4693 ἀληθείᾳ,
1316 4628 1451 4680 ἀλλ’
1466 4626 1906 4694 εὐδοκήσαντες

335 4716 404 4767 ἐν
438 4712 509 4781 τῇ
536 4712 756 4776 ἀδικίᾳ.
796 4710 1041 4781 ’Δγάπην
1098 4711 1154 4762 δὲ
1215 4710 1470 4779 ἀληθείας
1524 4710 1613 4762 τὸν
1674 4713 1905 4780 Χριστὸν

337 4797 491 4851 καλεί
518 4811 531 4823 ·
560 4794 676 4849 ἀνθ’
705 4788 779 4847 ὧν
807 4794 934 4863 γὰρ,
970 4793 1123 4863 φησὶ,
1156 4793 1271 4859 τὴν
1332 4792 1573 4861 ἀγάπην
1611 4793 1719 4861 τῆς
1759 4799 1905 4864 (un-

337 4880 499 4945 θείας
524 4881 633 4932 οὐκ
691 4876 1014 4941 ἐδέξαντο·
1074 4876 1360 4947 ἀμφότερα
1391 4876 1497 4944 γάρ
1545 4871 1636 4944 ἦν,
1696 4879 1792 4930 καὶ
1838 4878 1903 4931 δι’

338 4966 622 5034 ἀμφότερα
649 4964 999 5033 παρεγένετο,
1031 4963 1123 5014 καὶ
1164 4961 1393 5029 ἀγαπῶν
1422 4963 1545 5022 τοὺς
1591 4960 1905 5031 ἀνθρώπους

339 5050 434 5101 καὶ
456 5050 592 5118 ὑπὲρ
617 5046 831 5115 ἀληθῶν
867 5045 1224 5116 πραγμάτων.
1268 5045 1417 5098 Ἀλλ’
1442 5044 1903 5113 εὐδοκήσαντες,

341 5134 525 5202 φησὶν,
556 5132 625 5184 ἐν
648 5129 720 5198 τῇ
736 5129 932 5195 ἀδικίᾳ
957 5145 969 5158 ⁸
1007 5130 1098 5180 ἐπὶ
1142 5129 1250 5197 γάρ
1278 5127 1422 5197 λύμῃ
1458 5127 1565 5179 τῶν
1608 5127 1906 5195 ἀνθρώπων

338 5213 488 5287 ἦλθε,
507 5216 599 5268 καὶ
616 5215 885 5284 ἀδικήσων
907 5212 1119 5275 αὐτούς.
1139 5212 1180 5263 Τ
1188 5212 1203 5263 ί
1225 5212 1324 5282 γάρ
1343 5213 1440 5264 οὐκ
1461 5210 1748 5280 ἐργάσεται
1764 5212 1902 5278 τότε;

342 5302 520 5355 πάντα
572 5299 801 5368 κινήσει,
851 5296 1027 5350 πάντα
1077 5294 1321 5367 ταράξει,
1381 5296 1468 5346 καὶ
1522 5296 1899 5363 ἐπιταγμάτων

343 5367 526 5437 ’ἐνεκεν
551 5384 645 5435 καλ⁵
668 5367 852 5450 φόϐου.
883 5379 1113 5449 Φοὸερὸς
1133 5379 1286 5431 ἐσται
1327 5375 1609 5438 πάντοθεν,
1658 5377 1767 5429 ἀπὸ
1804 5378 1903 5447 τῆς

347 5467 611 5535 ἐξουσίας,
640 5466 746 5519 ἀπὸ
774 5468 871 5534 τῆς
900 5464 1199 5533 ὠμότητος,
1255 5462 1361 5514 ἀπὸ
1406 5460 1512 5513 τῶν
1564 5462 1893 5531 παρανόμων

348 5546 754 5615 ἐπιταγμάτων.
793 5543 953 5595 Ἀλλά
984 5544 1057 5613 μὴ
1104 5542 1321 5613 δείσῃς·
1382 5541 1440 5592 ἐν
1502 5541 1613 5601 τοῖς
1675 5540 1908 5594 ἀπολλυ-

350 5629 550 5697 μένοις,
584 5629 765 5697 φησὶν,
797 5626 909 5690 ’ἐξει
938 5628 1036 5697 τὴν
1075 5626 1245 5695 ἰσχύν.
1275 5623 1384 5677 Καὶ
1404 5623 1512 5694 γάρ
1541 5624 1634 5676 καὶ
1658 5626 1687 5675 6
1726 5623 1909 5687 Ἠλίας

349 5711 467 5781 ἥξει
496 5711 615 5761 τότε
650 5711 774 5773 τοὺς
813 5711 1035 5772 πιστοὺς
1073 5706 1521 5776 ἀσφαλιζόμενος.
1556 5707 1664 5759 Καὶ
1695 5707 1851 5760 τοῦτο
1883 5710 1911 5759 6

351 5794 582 5862 Χριστός
598 5810 782 5863 φησιν,
824 5794 1025 5856 Ἠλίας
1046 5792 1278 5861 ἔρχεται
1309 5790 1407 5844 καὶ
1426 5790 1912 5857 ἀποκαταστήσει

354 5878 566 5933 πάντα.
592 5878 689 5931 Διά
706 5875 861 5931 τοῦτο
907 5877 1117 5946 εἴρηται
1175 5875 1301 5946 περὶ
1372 5874 1613 5929 Ἰωάννου
1654 5873 1733 5939 τὸ,
1810 5875 1909 5929 Ἐν

1171 390 1236 441 IN
1273 388 1487 443 EPIST.
1527 390 1565 443 ll
1607 390 1696 442 ΔΙ)
1734 386 2069 443 TIIESSAL.
2101 390 2249 445 CAP.
2292 390 2355 443 ll.
2397 390 2627 445 IIOMIL.
2654 388 2741 443 IV.

3464 392 3565 444 4‘58

1992 500 2238 570 δυνάμει
2269 504 2367 557 καὶ
2391 506 2678 572 πνεύματι
2731 504 2956 555 Ἠλίου.
3012 502 3146 553 Οὔτε
3192 502 3299 571 γάρ
3355 507 3554 573 σημεῖα

1990 586 2299 654 εἰργάσατο,
2326 587 2575 655 καθάπερ
2604 587 2809 647 Ἠλίας,
2826 584 2949 638 οὔτε
2976 584 3245 653 θαύματαο
3279 585 3557 653 Ἰωάννης

1984 669 2099 737 μὲν
2123 669 2248 737 γὰρ,
2286 672 2438 740 φησὶ,
2471 670 2721 738 σημεῖον
2748 669 3035 735 ἐποίησεν
3087 666 3267 721 οὐδέν
3288 684 3303 699 ο
3362 668 3560 722 πάντα

1990 751 2079 811 δὲ,
2114 752 2230 804 ὅσα
2261 750 2421 805 εἶπεν
2467 752 2744 819 Ἰωάννης
2788 750 2919 818 περὶ
2948 751 3181 813 τούτου,
3213 748 3411 817 ἀληθῆ
3456 745 3556 819 ἦν.

1990 834 2111 896 Πῶς
2150 831 2241 886 οὖν
2282 836 2382 887 Ἐν
2421 835 2666 903 δυνάμει
2715 834 2812 886 καὶ
2841 834 3128 901 πνεύματι
3167 831 3398 895 Ἠλίου;
3427 832 3565 885 Τουο

1990 916 2170 980 τέστι,
2202 916 2297 986 τὴν
2344 917 2513 987 αὐτὴν
2560 917 2887 986 ἀναλήψεται
2943 914 3237 968 διακονίαν.
3294 914 3563 984 Καθάπερ
3611 962 3627 981 τ

1990 992 2142 1059 οὗτος
2172 1000 2475 1068 πρόδρομος
2504 1001 2600 1068 τῆς
2642 1000 2911 1071 προτέρας
2937 999 3255 1069 παρουσίας,
3284 998 3427 1052 οὕτω
3460 1001 3565 1052 κά-

1992 1083 2165 1143 κεῖνος
2187 1083 2490 1153 πρόδρομος
2501 1084 2597 1152 τῆς
2609 1082 2862 1153 δευτέρας
2887 1083 2979 1135 καὶ
3005 1081 3216 1145 ἐνδόξου
3238 1081 3403 1134 αὑτοῦ
3425 1099 3567 1153 παρ-

1989 1163 2197 1226 ουσίας,
2231 1166 2323 1217 καὶ
2383 1168 2459 1227 εἰς
2488 1166 2647 1217 τοῦτο
2672 1166 3016 1233 φυλάττεται.
3050 1164 3141 1233 Μὴ
3170 1164 3350 1219 τοίνυν
3371 1165 3560 1217 δείσω-

1996 1263 2094 1315 μεν
2120 1263 2133 1275 ’
2168 1247 2449 1299 κατέσεισε
2476 1248 2585 1299 τῶν
2609 1245 2890 1317 ἀκροατῶν
2933 1247 3032 1315 τὴν
3075 1246 3332 1310 διάνοιαν,
3382 1246 3565 1301 οὐκέτι

1993 1329 2212 1399 ἐποίησε
2247 1331 2393 1384 δεινά
2415 1333 2480 1383 τὰ
2515 1332 2757 1401 παρόντα
2789 1328 3051 1400 νομίζειν,
3072 1330 3183 1382 ἀλλ’
3216 1329 3565 1399 εὐχαριστίας

1994 1412 2139 1475 ἄξια.
2164 1414 2359 1483 Διόπερ
2388 1416 2665 1483 ἐπήγαγεν
2700 1432 2712 1444 ·
2754 1414 2951 1482 Ἡμεῖς
2976 1414 3044 1466 δὲ
3095 1415 3414 1482 ὀφείλομεν
3463 1418 3557 1467 εὑ-

1995 1496 2300 1562 χαριστεῖν
2337 1496 2415 1560 τῷ
2444 1496 2564 1563 Θεῷ
2592 1497 2847 1551 πάντοτε
2897 1497 3031 1564 περὶ
3080 1496 3267 1565 ὑμῶν,
3315 1497 3566 1564 ἀδελφοὶ

1994 1578 2362 1645 ἠγαπημένοι
2388 1580 2507 1633 ὑπὸ
2547 1581 2786 1646 Κυρίου,
2829 1580 2917 1631 ὅτι
2938 1580 3135 1632 εἵλετο
3166 1581 3318 1647 ὑμας
3347 1581 3379 1631 ό
3426 1579 3569 1643 Θεὸς

1998 1660 2097 1712 ἀπ’
2134 1660 2327 1728 ἀρχῆς
2363 1665 2449 1727 εὶς
2480 1665 2781 1729 σωτηρίαν
2817 1664 2885 1715 ἐν
2924 1661 3193 1731 ἁγιασμῷ
3231 1663 3569 1730 πνεύματος

2000 1743 2095 1796 καὶ
2122 1748 2319 1797 πίστει
2352 1747 2656 1814 ἀληθείας.
2714 1747 2836 1809 Πῶς
2888 1749 2965 1809 είς
3020 1747 3294 1817 σωτηρίαν
3356 1748 3567 1810 εἴλετο;

2000 1824 2278 1879 Δείκνυσιν
2299 1827 2488 1891 εἰπὼν,
2530 1830 2632 1882 Ἐν
2680 1828 2951 1897 ἁγιασμῷ
2994 1830 3354 1898 πνεύματος,
3415 1846 3569 1881 τουτ-

2002 1908 2168 1972 έστιν,
2188 1910 2411 1975 ἁγιάσαι
2432 1910 2521 1962 διά
2540 1911 2844 1980 πνεύματος
2890 1915 2983 1965 καὶ
3014 1913 3247 1974 πίστεως
3270 1910 3501 1980 ἀληθοῦς
3517 1924 3565 1961 υ.

2002 1990 2188 2045 Ταῦτα
2214 1993 2320 2061 γὰρ
2346 1993 2500 2062 ἡμῶν
2540 1995 2654 2045 ἐστι
2697 1995 2765 2047 τὰ
2798 1996 3089 2048 συνεκτικὰ
3127 1996 3227 2062 τῆς
3262 1993 3565 2063 σωτηρίας⁹

2003 2072 2238 2141 οὐδαμοῦ
2264 2075 2369 2127 ἀπὸ
2402 2074 2598 2143 ἔργων,
2651 2076 2885 2146 οὐδαμοῦ
2943 2078 3051 2130 ἀπὸ
3107 2075 3568 2146 κατορθωμάτων,

2007 2153 2141 2205 ἀλλά
2172 2153 2258 2205 διὰ
2290 2154 2525 2216 πίστεως
2559 2156 2834 2224 ἀληθείας.
2888 2157 3018 2211 Ἰδοὺ
3047 2157 3128 2220 τὸ,
3159 2158 3247 2220 ἐν,
3284 2156 3446 2213 πάλιν
3472 2154 3572 2206 διὰ

2008 2235 2174 2293 ἐστίν.
2217 2238 2317 2290 Ἐν
2336 2238 2608 2306 ἁγιασμῴ
2630 2241 3175 2308 πνεύματος,φησίν.
3226 2243 3329 2304 Εἰς
3375 2239 3406 2291 ὃ
3430 2239 3571 2291 ἐκα-

2002 2322 2185 2371 λεσεν
2213 2318 2366 2387 ὑμᾶς
2403 2318 2500 2373 διὰ
2522 2320 2626 2373 τοῦ
2656 2324 3021 2390 Εὐαγγελίου
3050 2322 3238 2390 ημῶν,
3267 2324 3355 2387 εὶς
3411 2336 3571 2387 περι-

2005 2401 2249 2467 ποίησιν
2264 2401 2449 2467 δόξης
2474 2402 2578 2455 τοῦ
2607 2405 2829 2469 Κυρίου
2854 2403 3021 2472 ημῶν
3052 2404 3251 2472 Ἰησοῦ
3289 2400 3568 2471 Χριστοῦ.

2005 2484 2077 2535 Οὐ
2108 2484 2299 2553 μικρὸν
2328 2484 2620 2547 καὶτοῦτο,
2662 2486 2896 2538 εἰαὺτοῦ
2942 2486 3099 2551 δόξαν
3145 2486 3243 2556 τὴν
3297 2484 3571 2555 ἡμετέραν

2006 2568 2276 2635 σωτηρίαν
2300 2567 2510 2634 ἡγεῖται
2531 2566 2559 2617 ὁ
2586 2568 2838 2636 Χριστός.
2860 2569 2995 2632 Δόξα
3019 2570 3126 2640 γὰρ
3151 2567 3245 2620 τοῦ
3272 2566 3461 2636 φιλανθ
3472 2566 3572 2635 ρώ-

2006 2663 2108 2698 που
2140 2649 2202 2699 τὸ
2230 2647 2454 2709 πολλοὺς
2479 2643 2616 2700 εἶναι
2652 2649 2815 2721 τοὺς[
2842 2651 2985 2722 552]
3023 2652 3383 2721 σωζομένους.
3429 2652 3573 2719 Ἀρα

2009 2728 2179 2797 μέγας
2200 2729 2353 2799 ήμῶν
2374 2733 2401 2782 6
2427 2729 2648 2801 Κύριος,
2678 2733 2725 2783 εἰ
2753 2733 2924 2795 οὕτως
2948 2733 3161 2801 ἐφίεται
3182 2733 3279 2804 τῆς
3301 2732 3571 2802 σωτηρίας

2006 2812 2160 2881 ήμῶν
2186 2828 2199 2841 ·
2236 2812 2377 2882 μέγα
2409 2814 2501 2865 καὶ
2530 2813 2589 2865 τὸ
2623 2815 2846 2885 Πνεῦμα
2889 2817 2950 2869 τὸ
2994 2817 3148 2885 ἅγιον
3210 2814 3572 2887 ἐργαζόμενον

2005 2897 2134 2964 ἡμῖν
2148 2895 2238 2948 τὸν
2263 2896 2549 2965 ἁγιασμόν.
2574 2898 2673 2951 Διά
2698 2898 2752 2950 τί
2780 2899 2841 2951 οὑ
2864 2901 3128 2970 πρότερον
3158 2895 3280 2953 εἷπε
3324 2901 3423 2970 τὴν
3476 2900 3570 2953 πί-

2008 2994 2142 3041 στιν,
2170 2978 2303 3030 ἀλλά
2322 2979 2413 3030 τὸν
2442 2980 2739 3049 ἁγιασμόν;
2769 2983 2890 3033 Ὅτι
2914 2985 3004 3035 καὶ
3028 2984 3164 3052 μετά
3178 2984 3269 3035 τὸν
3304 2984 3571 3054 ἁγιασμὸν

2006 3061 2203 3130 πολλῆς
2232 3062 2397 3131 αὐτῆς
2419 3063 2496 3116 ἔτι
2522 3062 2772 3133 δεόμεθα,
2801 3064 2940 3117 ὥστε
2968 3067 3040 3137 μὴ
3070 3067 3569 3139 παρασαλευθῆναι.

2016 3145 2174 3216 Ὁρᾷς
2206 3146 2320 3204 πῶς
2344 3145 2492 3197 οὐδὲν
2524 3146 2701 3199 αὐτῶν
2734 3146 3001 3201 δείκνυσιν
3049 3148 3125 3212 ὃν,
3173 3150 3309 3203 ἀλλὰ
3354 3150 3413 3203 τὸ
3464 3153 3572 3205 πᾶν

2003 3228 2095 3280 τοῦ
2126 3228 2259 3280 Θεοῦ
2280 3246 2293 3292 ;

2078 3312 2214 3377 Ἀρα
2244 3308 2374 3375 οὖν,
2410 3310 2678 3381 ἀδελφοὶ,
2719 3315 2990 3379 στήκετε,
3022 3316 3118 3367 καί
3160 3319 3426 3383 κρατεῖτε
3464 3322 3572 3385 τὰς

2004 3396 2386 3461 παραδόσεις,
2437 3394 2510 3460 ἀς
2536 3395 2880 3463 ἐδιδάχθητε
2935 3400 3054 3450 εἴτε
3086 3398 3181 3450 διὰ
3217 3401 3400 3469 λόγου
3450 3402 3573 3455 εἴτε

2003 3478 2077 3529 δι’
2108 3478 2433 3545 ἐπιστολῆς
2460 3477 2645 3546 ημῶν.
2690 3478 2965 3532 Ἐντεῦθεν
3009 3482 3167 3549 δῆλον
3196 3483 3277 3535 ὅτι
3327 3485 3388 3537 οὐ
3436 3486 3571 3537 πάνυ

2004 3579 2071 3615 τα
2102 3561 2168 3614 δι’
2200 3562 2485 3630 ἐπιστολῆς
2513 3562 2889 3632 παρεδίδοσαν,
2921 3564 3057 3616 ἀλλά
3083 3565 3250 3619 πολλὰ
3278 3568 3370 3620 καὶ
3398 3568 3572 3638 ἀγρά-

2005 3662 2119 3712 φως
2144 3662 2156 3673 ·
2186 3647 2383 3713 ὁμοίως
2412 3645 2469 3697 δέ
2498 3649 2723 3699 κάκεῖνα
2749 3648 2843 3699 καὶ
2865 3646 3039 3699 ταῦτά
3077 3650 3222 3700 ἐστιν
3260 3649 3569 3714 ἀξιόπιστα.

2007 3730 2168 3782 Ὥστε
2198 3733 2293 3782 καὶ
2315 3731 2413 3800 τήν
2444 3730 2742 3800 παράδοσιν
2767 3733 2862 3801 τῆς
2904 3732 3227 3802 Ἐκκλησίας
3260 3736 3569 3801 ἀξιόπιστον

2004 3810 2283 3880 ἡγώμεθα.
2304 3812 2605 3881 Παράδοσίς
2625 3816 2762 3876 ἐστι,
2792 3814 2955 3883 μηδὲν
2977 3816 3134 3868 πλέον
3158 3816 3329 3887 ζήτει.
3352 3820 3571 3874 Δείκνυ-

2008 3912 2089 3947 σιν
2112 3894 2343 3948 ἐνταῦθα
2373 3895 2597 3957 πολλοὺς
2624 3896 2779 3958 ὄντας
2824 3898 2949 3960 τοὺς
3007 3901 3567 3973 παρασαλευομένους.

2003 3978 2195 4040 Αὐτὸς
2222 3978 2290 4031 δὲ
2316 3982 2347 4031 ό
2374 3981 2586 4046 Κύριος
2615 3979 2783 4046 ἡμῶν
2826 3982 3052 4048 Ἰησοῦς
3092 3986 3362 4051 Χριστὸς,
3419 3987 3516 4040 καὶ
3538 3991 3571 4040 d

2008 4063 2149 4126 Θεὸς
2194 4065 2289 4115 καὶ
2330 4064 2529 4131 Πατὴρ
2566 4062 2752 4132 ημῶν,
2799 4068 2831 4118 ό
2875 4066 3195 4134 ἀγαπήσας
3230 4068 3406 4135 ἡμᾶς.
3473 4070 3572 4123 καὶ

2005 4146 2149 4209 δοὺς
2175 4146 2559 4213 παράκλησιν
2586 4148 2822 4202 αἰώνιον
2850 4150 2947 4203 καὶ
2992 4151 3209 4204 ἐλπίδα
3235 4153 3467 4222 ἀγαθὴν
3502 4154 3573 4207 ἑν

2007 4229 2244 4298 χάριτι,
2295 4230 2705 4297 παρακαλέσαι
2756 4230 2922 4300 ὑμῶν
2968 4234 3075 4299 τὰς
3138 4235 3418 4303 καρδίας,
3473 4238 3572 4291 καὶ

2006 4316 2282 4381 στηρίξαι
2302 4314 2372 4366 ἐν
2396 4314 2573 4367 παντὶ
2597 4314 2748 4385 ἔργῳ
2784 4317 2883 4369 καὶ
2922 4317 3079 4385 λόγῳ
3133 4318 3351 4388 ἀγαθῷ.
3406 4320 3572 4375 Πάλιν

2006 4396 2139 4467 εὐχὴ
2175 4394 2313 4464 μετά
2340 4394 2657 4465 παραίνεσιν
2692 4414 2706 4428 ο
2734 4398 2892 4451 τοῦτο
2914 4399 3022 4470 γάρ
3047 4402 3193 4453 ἐστιν
3232 4402 3401 4465 ὅντως
3442 4403 3571 4473 βοη-

2008 4482 2137 4536 θεῖν.
2185 4481 2248 4535 '0
2276 4480 2595 4549 ἀγαπήσας
2627 4481 2804 4552 ἡμᾶς,
2835 4484 2990 4552 φησὶ,
3032 4485 3131 4539 καὶ
3180 4486 3325 4553 δοὺς
3379 4490 3571 4557 παρά-

2008 4567 2233 4631 κλησιν
2262 4563 2502 4617 αἰώνιον
2552 4566 2649 4617 καὶ
2687 4566 2905 4619 ἐλπίδα
2956 4568 3188 4637 ἀγαθὴν
3235 4571 3306 4622 ἐν
3353 4571 3568 4640 χάριτι.

2008 4648 2119 4701 Ποῦ
2151 4647 2245 4701 νῦν
2265 4649 2402 4699 εἰσιν
2428 4649 2476 4700 οἱ
2514 4648 2604 4700 τὸν
2627 4648 2755 4701 Υἱὸν
2788 4649 3155 4717 ἐλαττοῦντες,
3200 4654 3386 4725 ἐπειδὴ
3433 4656 3572 4724 μετὰ

2006 4732 2098 4785 τὸν
2130 4730 2346 4801 Πατέρα
2376 4732 2435 4783 ἐν
2460 4734 2524 4802 τῇ
2583 4732 2762 4802 χάριτι
2787 4732 2879 4786 τοῦ
2926 4734 3147 4805 λουτροῦ
3209 4738 3527 4808 ὀνομάζεται
3553 4758 3569 4806 ;

2012 4816 2119 4869 ἰδοὺ
2164 4814 2271 4885 γὰρ
2315 4814 2546 4868 ἐνταῦθα
2606 4817 2914 4870 τούναντίον
2968 4819 3115 4871 ἐστίν
3146 4836 3161 4850 ·
3206 4820 3367 4884 αὑτός
3439 4840 3572 4894 φησι

2010 4898 2244 4969 πρῶτον,
2284 4898 2346 4951 '0
2374 4900 2589 4965 Κύριος
2622 4897 2792 4967 ημῶν
2833 4901 3063 4966 Ἰησοῦς
3090 4906 3345 4973 Χριστός
3369 4923 3385 4938 ι
3431 4902 3571 4971 εἶτα,

2021 4983 2083 5033 '0
2107 4980 2249 5045 Θεὸς
2273 4983 2370 5036 καὶ
2402 4983 2606 5049 Πατὴρ
2634 4982 2739 5035 τοῦ
2763 4986 2981 5051 Κυρίου
3002 4984 3189 5054 ἡμῶν.
3235 4987 3298 5041 '0
3344 4990 3573 5057 ἀγαπή-

2009 5085 2126 5135 σας
2150 5067 2326 5138 ἠμᾶς,
2353 5070 2450 5122 καὶ
2475 5070 2617 5136 δοὺς
2637 5071 3016 5140 παράκλησιν
3045 5075 3302 5131 αἰώνιον.
3328 5078 3491 5132 Ποίαν
3510 5078 3575 5148 δή

2007 5152 2238 5221 ταύτην;
2286 5153 2395 5223 Τὴν
2422 5154 2609 5205 ἐλπίδα
2634 5154 2741 5206 τῶν
2786 5154 3102 5223 μελλόντων.
3156 5159 3322 5229 Ὁρᾷς
3353 5160 3466 5223 πῶς
3517 5164 3576 5213 ἐν

2009 5236 2158 5301 τάξει
2193 5236 2355 5305 εὐχῆς
2384 5235 2711 5306 διανίστησιν
2736 5238 2916 5290 αὐτῶν
2949 5238 3045 5309 τὴν
3081 5240 3335 5305 διάνοιαν,
3371 5243 3439 5296 τά
3477 5244 3576 5311 τῆς

2010 5317 2331 5386 κηδεμονίας
2358 5318 2452 5371 τοῦ
2475 5317 2607 5370 Θεοῦ
2648 5320 2745 5389 τῆς
2792 5321 2996 5389 ἁφάτου
3025 5323 3191 5386 τιθεὶς
3222 5323 3451 5394 ἐνέχυρα
3481 5326 3574 5377 καὶ

2010 5402 2283 5470 τεκμήρια
2307 5418 2321 5465 ;
2350 5402 2785 5468 ΙΙαρακαλέσαι,
2808 5404 2994 5473 φησὶν,
3016 5405 3181 5473 ὑμῶν
3206 5406 3310 5472 τὰς
3329 5406 3575 5474 καρδίας

2010 5483 2080 5535 ἐν
2109 5485 2287 5538 παντὶ
2305 5487 2456 5553 ἔργῳ
2484 5488 2579 5540 καί
2599 5488 2756 5556 λόγῳ
2781 5488 2978 5557 ἀγαθῴ
2998 5503 3011 5517 ”
3037 5488 3300 5554 τουτέστι,
3326 5490 3413 5543 διὰ
3439 5508 3575 5546 παν-

2072 5755 2089 5779 ⁸
2125 5758 2240 5805 Post
2262 5757 2483 5823 6111003;
2512 5759 2775 5823 legebatur
2821 5762 3016 5821 ἁγιάσαι
3048 5762 3169 5823 ὑμᾶς
3192 5762 3269 5809 διὰ
3292 5760 3374 5809 τοῦ
3393 5764 3599 5823 πνεύμα-

2010 5833 2105 5934 ἓς·
2146 5832 2291 5881 quam
2331 5822 2652 5883 ταντολογίαν,
2692 5820 2988 5885 suﬂragante
3043 5820 3202 5885 Cblb.,
3252 5820 3573 5874 rcsccuimus.

2057 5893 2147 5930 nn.
