4112 6398
523 324 627 379 689

522 442 612 502 τὸς
634 440 792 510 ἔργου
821 442 913 494 καὶ
971 442 1127 510 λόγου
1162 443 1385 509 ἀγαθοῦ.
1440 440 1775 513 Χριστιανῶν
1814 439 1919 509 γὰρ
1948 437 2088 506 α’ύτη

525 526 885 594 παράκλησις,
909 525 970 577 τὸ
1000 526 1074 596 μὴ
1107 527 1265 594 μόνον
1296 526 1517 595 ποιῆσαί
1546 543 1600 577 τι
1623 523 1855 594 χρηστὸν
1904 522 2081 603 βούλε-

527 608 672 671 σθαι,
698 607 834 660 ἀλλά
855 607 949 659 καὶ
978 608 1055 676 τῷ
1083 606 1201 676 Θεῷ
1220 608 1427 659 δοκοῦν.
1452 608 1592 676 Ὅρα
1626 606 1740 669 πῶς
1768 604 1946 658 αὐτῶν
1991 620 2087 655 κα-

523 692 797 745 ταστέλλει
821 692 881 743 τὸ
910 692 1179 762 φρόνημα.
1228 692 1291 744 Ὀ
1318 692 1464 757 δοὺς
1490 690 1889 758 παράκλησιν.
1919 689 2077 757 φησὶ,

524 775 621 826 καὶ
658 774 873 827 ἐλπίδα
898 774 1130 842 ἀγαθὴν·
1153 774 1223 827 ἐν
1247 772 1457 842 χάριτι.
1488 773 1636 842 Ἀμα
1673 774 1766 825 καὶ
1808 769 2090 831 εὐέλπιδας

526 857 668 926 ὑπὲρ
702 857 809 908 τῶν
839 857 1136 926 μελλόντων
1180 860 1343 912 ποιεῖ.
1392 858 1456 910 El
1484 856 1590 926 γάρ
1647 854 1887 909 τοσαῦτα
1907 855 2087 924 χάριτι

524 939 714 1004 ἔδωκε,
736 938 912 1008 πολλῷ
933 940 1131 1008 μᾶλλον
1150 940 1215 992 τά
1240 939 1517 1009 μέλλοντα.
1547 937 1689 1005 Ἐγὼ
1712 938 1895 1007 μέντοι
1915 935 2089 998 οὕτως

525 1021 697 1085 εἷπον,
726 1024 882 1090 φησι,
921 1024 983 1075 τὸ
1034 1023 1089 1075 δὲ
1125 1024 1231 1075 πᾶν
1289 1024 1382 1075 τοῦ
1416 1022 1551 1076 Θεοῦ
1580 1025 1714 1075 ἐστι.
1761 1019 2041 1087 Στηρίξαι
2070 1036 2084 1050 ·

528 1104 839 1173 βεϐαιῶσαι,
865 1105 1005 1157 ῶστε
1039 1105 1111 1174 μὴ
1140 1105 1458 1158 σαλεύεσθαι
1485 1104 1618 1174 μηδέ
1640 1103 2084 1174 παρακλίνεσθαι·

528 1186 754 1257 καὶγὰρ
783 1187 936 1256 ἡμῶν
973 1188 1068 1238 καὶ
1116 1187 1281 1240 αὐτοῦ
1340 1187 1496 1239 τοῦτό
1560 1190 1727 1240 ἐστιν.
1783 1187 1942 1239 ’Ὥστε
1995 1185 2089 1237 καὶ

526 1268 809 1338 δογμάτων
854 1271 947 1320 καὶ
1005 1267 1254 1339 πράξεων
1307 1269 1491 1322 ἕνεκεν
1522 1278 1563 1323 ⁸.
1622 1267 1792 1321 Τοῦτο
1820 1268 1929 1339 γάρ
1975 1270 2088 1321 ἐστι

529 1352 890 1422 παράκλησις,
920 1351 980 1403 τὸ
1000 1352 1341 1421 ἐστηρίχθαι.
1367 1353 1534 1405 Ὅταν
1562 1352 1671 1422 γάρ
1698 1370 1781 1415 τις
1813 1352 1885 1421 μή
1912 1368 2091 1421 παρα-

528 1436 779 1504 φέρηται,
820 1436 1016 1499 πάντα,
1050 1436 1257 1504 ὅσαπερ
1290 1435 1356 1488 ἂν
1380 1437 1545 1506 πάθῃ,
1580 1437 1716 1505 μετὰ
1753 1436 1951 1505 πολλῆς
1994 1436 2093 1504 φέ-

530 1538 613 1588 ρει
640 1520 735 1589 τῆς
764 1520 1140 1589 μακροθυμίας
1155 1536 1168 1548 ·
1193 1520 1268 1583 ὡς
1291 1520 1385 1572 ἐὰν
1407 1521 1791 1591 παρασαλευθῇ
1811 1522 1843 1590 ἡ
1863 1520 2087 1583 διάνοια,

528 1602 677 1653 οὐδὲν
720 1602 905 1653 λοιπὸν
937 1602 1226 1671 ἐργάσεται
1282 1603 1392 1655 τῶν
1440 1603 1657 1671 ἀγαθῶν
1704 1604 1796 1655 καὶ
1831 1602 2091 1669 γενναίων

531 1683 799 1751 πράξεων,
854 1684 966 1739 ἀλλ’
1008 1685 1082 1749 ῶς
1136 1685 1199 1736 ἄν
1228 1702 1310 1747 τις
1334 1685 1430 1747 τὰς
1458 1688 1645 1755 χεῖρας
1667 1685 1888 1755 ἐκλυθῇ,
1950 1684 2091 1737 οὓτω

529 1766 790 1836 καὶψυχὴ
824 1767 1279 1837 παρασαλεύεται,
1316 1768 1444 1821 ὅταν
1492 1768 1565 1838 μὴ
1586 1769 1981 1820 πεπιστευκυῖα
2032 1764 2087 1840 ᾗ,

528 1848 607 1900 ὅτι
632 1850 724 1901 ἐπί
754 1867 807 1901 τι
829 1850 1062 1919 χρηστὸν
1099 1851 1312 1920 ἀπαντᾷ
1339 1850 1512 1912 τέλος.
1550 1850 1621 1903 Τὸ
1652 1849 1870 1902 λοιπόν
1911 1864 2094 1917 προσ-

528 1933 800 1999 εύχεσθε,
828 1932 1099 2002 ἀδελφοὶ,
1142 1933 1274 2001 περὶ
1308 1932 1494 2001 ἡμῶν,
1552 1934 1651 1985 ἵνα
1701 1935 1733 1985 ὁ
1778 1933 1958 2001 λόγος
1988 1932 2094 1985 τοῦ

530 2016 749 2081 Kvpiov
780 2014 958 2083 τρέχῃ
1014 2016 1111 2069 καὶ
1149 2014 1481 2083 δοξάζηται,
1536 2016 1730 2081 καθὼς
1797 2015 1895 2068 καὶ
1944 2014 2094 2083 πρὸς

530 2115 706 2164 υμας.

600 2186 667 2246 γ’.
684 2178 853 2241 Αὐτὸς
876 2179 971 2248 μὲν
987 2173 1077 2231 οὖν
1099 2178 1440 2249 προσηύξατο
1455 2196 1519 2230 πε
1528 2178 1580 2248 ρὶ
1600 2179 1798 2244 αὐτῶν,
1817 2180 1953 2232 ὥστε
1972 2196 2098 2249 στη-

535 2263 780 2332 ριχθῆναι
800 2280 813 2293 ο
846 2262 995 2334 [555]
1021 2264 1162 2315 αἰτεῖ
1182 2263 1237 2313 δὲ
1261 2263 1356 2315 νῦν
1411 2279 1524 2331 παρ
1542 2265 1553 2283 ’
1574 2263 1772 2325 αὐτῶν,
1800 2264 2099 2333 προσεύξα-

536 2345 655 2398 σθαι
691 2346 829 2415 ὑπὲρ
885 2346 1047 2398 αὐτοῦ
1086 2344 1272 2409 ἀξιῶν,
1318 2346 1415 2414 οὐχ
1461 2347 1548 2397 ἵνα
1580 2345 1653 2415 μὴ
1684 2345 1965 2416 κινδυνεύῃ
2000 2346 2099 2413 (εἰς

530 2430 688 2481 τοῦτο
711 2429 818 2500 γὰρ
851 2429 1069 2495 ἔκειτο),
1108 2429 1246 2493 ἀλλ’,
1287 2428 1419 2481 Ἵνα
1442 2430 1473 2480 ὁ
1501 2430 1683 2496 λόγος
1721 2428 1827 2481 τοῦ
1876 2430 2097 2495 Κιιρίου

532 2512 713 2579 τρέχῃ
748 2512 843 2563 καὶ
871 2509 1206 2575 δοξάζηται,
1236 2509 1429 2574 καθὼς
1453 2510 1549 2561 καὶ
1580 2511 1728 2575 πρὸς
1760 2508 1933 2578 ὑμᾶς.
1992 2511 2099 2562 Καὶ

533 2595 648 2662 μετ’
679 2595 954 2662 ἐγκωμίου
979 2595 1011 2664 ἡ
1038 2592 1253 2662 αἴτησις
1276 2611 1290 2625 θ
1322 2594 1612 2661 Καθάπερ,
1638 2596 1792 2664 φησι,
1822 2596 1922 2647 καὶ
1950 2596 2100 2662 πρὸς

530 2674 703 2743 ὑμᾶς.
751 2676 859 2727 Καὶ
906 2677 1006 2728 ἵνα
1040 2673 1353 2743 ῥυσθῶμεν
1409 2678 1527 2729 ἀπὸ
1559 2677 1676 2729 τῶν
1712 2678 1949 2731 ἀτόπων
2001 2680 2097 2731 καὶ

531 2755 810 2824 πονηρῶν·
856 2758 1209 2825 ἀνθρώπων·
1254 2761 1326 2812 οὐ
1364 2760 1471 2827 γὰρ
1524 2761 1764 2814 πάντων
1797 2764 1834 2829 ἡ
1875 2764 2097 2827 πίστις.

530 2838 702 2891 Τοῦτο
728 2840 1013 2909 δηλοῦντός
1045 2842 1161 2893 ἐστι
1204 2844 1296 2894 καὶ
1328 2844 1452 2903 τοὺς
1480 2844 1645 2896 αὐτοῦ
1682 2845 1989 2909 κινδύνους”
2020 2847 2099 2899 διὸ

535 2923 773 2992 μάλιστα
803 2923 999 3001 αὐτοὺς
1021 2925 1339 2993 παρεκάλει,
1360 2926 1491 2977 Ἀπὸ
1519 2927 1637 2979 τῶν
1656 2928 1913 2993 ἀτόπων,
1941 2933 2096 3001 φησὶ,

534 3001 635 3053 καὶ
661 3000 941 3068 πονηρῶν
961 3003 1305 3070 ἀνθρώπων·
1331 3006 1402 3056 οὺ
1424 3003 1532 3072 γὰρ
1558 3005 1797 3059 πάντων
1815 3009 1853 3075 ἡ
1875 3000 2097 3074 πίστις.

540 3084 681 3151 Ἀρα
720 3085 846 3153 περὶ
892 3084 1000 3137 τῶν
1061 3086 1446 3153 ἀντιλεγόντων
1477 3087 1552 3157 τῷ
1584 3089 1895 3158 κηρύγματι
1935 3091 2099 3159 λέγει,

539 3177 664 3244 περὶ
690 3176 795 3225 τῶν
819 3176 1223 3245 ἀνθισταμένων
1258 3178 1348 3229 καὶ
1364 3179 1681 3248 μαχομένων
1707 3183 1819 3243 τοῖς
1848 3181 2097 3251 δόγμασι.

536 3258 706 3309 Τοῦτο
722 3258 829 3328 γὰρ
850 3259 1068 3328 ᾐνίξατο
1084 3258 1250 3311 εἰπών
1270 3275 1283 3286 °
1313 3263 1393 3312 Οὐ
1416 3262 1523 3328 γὰρ
1553 3261 1792 3315 πάντων
1813 3264 1850 3330 ἡ
1876 3266 2098 3330 πίστις.

536 3340 612 3391 Οὐ
665 3339 937 3402 κινδύνους
972 3340 1201 3395 ἐνταῦθά
1239 3359 1326 3410 μοι
1372 3343 1517 3395 δοκεί
1563 3344 1911 3408 αἰνίττεσθαι,
1969 3349 2103 3401 ἀλλὰ

534 3422 660 3484 τοὺς
688 3422 1063 3489 ἀντιλέγοντας
1100 3427 1191 3476 καὶ
1218 3425 1603 3494 ἐμποδίζοντας
1632 3430 1795 3481 αὐτοῦ
1832 3430 1909 3499 τῷ
1939 3431 2099 3501 λόγῳ,

538 3503 724 3573 ῶσπερ
739 3500 804 3574 ἦν
824 3506 850 3556 6
865 3505 889 3543 δ
923 3505 1226 3574 ’Υμεναίος,
1254 3507 1401 3560 ὥσπε
1412 3525 1441 3578 ρ
1456 3510 1701 3574 ’Δλέξανδ
1708 3529 1795 3582 ρος
1810 3513 1838 3563 6
1850 3500 2099 3583 χαλκεύς.

537 3586 686 3638 Λίαν
702 3587 831 3655 γὰρ,
851 3591 1035 3656 φησὶν,
1059 3589 1390 3657 ἀνθέστηκέ
1404 3592 1527 3657 τοῖς
1545 3594 1850 3662 ἡμετέροις
1867 3597 2067 3664 λόγοις
2086 3614 2102 3631 ·

536 3669 612 3729 ὼς
636 3668 701 3720 ἂν
729 3670 856 3737 περὶ
888 3671 1089 3739 κλήρου
1122 3673 1169 3723 εἱ
1192 3670 1344 3739 ἐλεγέ
1365 3690 1446 3736 τις
1468 3677 1757 3745 πατρικοῦ,
1774 3677 1855 3729 ὅτι
1882 3679 1943 3730 οὐ
1971 3681 2104 3733 πάν-

536 3766 644 3801 των
661 3750 775 3801 ἐστί
789 3750 848 3801 τὸ
881 3753 1265 3821 στρατεύεσθαι
1282 3757 1340 3807 ἐν
1354 3758 1465 3818 τοῖς
1486 3756 1774 3825 βασιλείοις
1795 3800 1810 3823 ,
1835 3760 1976 3812 οὕτω
2012 3762 2104 3813 καὶ

538 3832 700 3895 αὐτὸς
718 3826 1166 3911 ἀφ’ὦνῗβούλεται
1200 3838 1459 3907 ῥυσθῆναι
1492 3840 1763 3911 πονηρῶν,
1795 3843 1902 3894 είσὶ
1929 3845 2105 3895 τοιοῦ-

537 3929 643 3975 τοι,
668 3915 850 3984 φησιν,
872 3910 951 3978 οἷς
976 3915 1182 3970 δέδοται
1204 3918 1264 3970 τὸ
1285 3919 1360 3988 μὴ
1384 3910 1681 3977 πιστεύειν.
1702 3923 1853 3993 ’Ἀμα
1870 3924 1926 3977 δὲ
1950 3926 2105 3978 τοῦτο

538 3994 710 4062 λέγων
750 3997 844 4048 καὶ
876 3997 1205 4067 διανίστησιν
1243 4002 1458 4064 αὐτούς.
1500 4005 1638 4074 ’Ἄρα
1696 4007 1917 4074 μεγάλοι
1963 4009 2105 4070 τινὲς

537 4075 699 4147 ἦσαν,
728 4080 781 4131 εἴ
809 4096 870 4146 γε
904 4080 1170 4152 τοσαύτην
1190 4082 1370 4152 έχουσι
1392 4088 1721 4157 παρρησίαν,
1746 4088 1821 4150 ὡς
1848 4089 2105 4143 δύνασθαι

540 4161 635 4213 καὶ
668 4161 759 4212 τὸν
782 4161 1096 4215 διδάσκαλον
1140 4165 1403 4219 κινδύνων
1424 4167 1805 4232 ἀπαλλάττειν,
1835 4171 1931 4223 καὶ
1954 4171 2105 4236 ἐξευο

544 4243 798 4313 μαρίζειν
838 4244 986 4314 αὐτῷ
1024 4246 1083 4298 τὸ
1118 4248 1397 4317 κήρυγμα.
1447 4251 1655 4303 Οὐκοῦν
1697 4252 1792 4304 καὶ
1841 4256 2004 4323 ἡμεῖς
2038 4258 2106 4309 τά

540 4326 681 4379 αὐτά
718 4327 852 4397 πρὸς
874 4329 1015 4396 ὑμᾶς
1044 4326 1291 4398 λέγομεν.
1324 4332 1698 4403 Μηδεὶςὴμῶν
1726 4335 1981 4389 ἀπόνοιαν
2003 4355 2102 4391 κα-

538 4411 919 4477 ταγινωσκέτω
940 4426 951 4437 ·
999 4413 1187 4480 μηδεὶς
1216 4413 1366 4483 ὑμῶν
1395 4416 1453 4481 ἐξ
1480 4417 1719 4486 ἀμέτρου
1749 4436 2104 4490 ταπεινοφρο-

542 4494 704 4562 σύνης
762 4494 1129 4562 ἀποστερείτω
1172 4498 1317 4566 ἡμᾶς
1351 4502 1616 4569 τοσαύτης
1648 4501 1916 4571 βοηθείας.
1970 4504 2105 4557 Οὔτε

540 4575 771 4645 γὰράπὸ
798 4577 897 4644 τῆς
934 4577 1102 4646 αὐτῆς
1139 4576 1375 4642 διανοίας
1399 4581 1651 4651 λέγομεν,
1682 4586 1775 4652 ἀφ’
1802 4581 1868 4657 ἧς
1898 4588 2105 4651 Παῦλος

543 4659 729 4725 ἔλεγεν
750 4674 763 4687 ⁶
803 4660 1006 4721 ἐκεῖνος
1039 4661 1136 4729 μὲν
1166 4661 1273 4732 γὰρ
1294 4664 1669 4734 παρακαλέσαι
1696 4670 1823 4731 τοὺς
1862 4669 2107 4738 μαθητὰς

542 4741 881 4810 βουλόμενος,
925 4741 1096 4794 ταῦτα
1142 4743 1326 4812 ἔλεγεν
1351 4762 1366 4777 ο
1397 4749 1557 4817 ἡμεῖς
1583 4749 1638 4801 δὲ
1671 4750 2008 4821 καρποῦσθαί
2052 4772 2106 4806 τι

543 4824 683 4893 μέγα
710 4826 802 4875 καὶ
820 4826 1053 4894 χρηστόν
1070 4841 1083 4855 ·
1110 4828 1203 4878 καὶ
1236 4830 1442 4899 σφόδρα
1465 4833 1792 4903 πιστεύομεν
1823 4836 1902 4889 ὅτι
1930 4837 2105 4891 πάντα

538 4904 953 4976 κατορθώσομεν
967 4907 1017 4971 b,
1044 4908 1111 4961 ἀν
1127 4909 1421 4981 ἐθελήσητε
1438 4913 1635 4977 πάντες
1653 4917 1993 4986 ὁμοθυμαδὸν
2010 4922 2107 4983 τάς

538 4990 735 5072 χεῖρας.
764 4990 1022 5041 ἐκτείνειν
1056 4992 1191 5061 πρὸς
1226 4994 1317 5047 τὸν
1360 4995 1488 5048 Θεὸν
1515 4997 1652 5069 ὑπὲρ
1696 4999 1797 5067 τῆς
1834 5002 2105 5072 ἡμετέρας

539 5070 917 5141 σμικρότητος.
951 5071 1107 5127 Οὕτω
1135 5075 1463 5147 πολεμῶμεν
1499 5081 1613 5141 τοῖς
1669 5070 1883 5151 ἐχθροῖς
1921 5070 2105 5154 εὐχαῖς

539 5154 631 5205 καὶ
669 5155 987 5225 ἱκετηρίαις.
1035 5158 1099 5210 Εἰ
1139 5158 1247 5228 γάρ
1286 5163 1397 5223 τοῖς
1438 5162 1680 5226 ἐνόπλοις
1720 5165 1890 5228 οὔτως
1921 5169 2106 5220 ἐπολέ-

540 5253 673 5306 μουν
710 5240 759 5289 οἱ
800 5240 1037 5303 παλαιοὶ,
1075 5242 1253 5312 πολλῷ
1309 5244 1507 5313 μᾶλλον
1541 5250 1655 5309 τοῖς
1699 5251 1868 5318 χωρὶς
1927 5251 2104 5305 ὃπλων

537 5318 679 5371 οὓτω
711 5321 791 5373 δεῖ
818 5323 1092 5393 πολεμεῖν.
1131 5324 1317 5388 Οὕτως
1345 5328 1692 5399 ἐτροπώσατο
1723 5331 1968 5395 Ἐζεκίας
2014 5335 2105 5387 τὸν

551 5402 852 5471 Ἀσσύριον,
884 5405 1057 5469 οὕτως
1079 5408 1107 5458 6
1136 5408 1377 5479 Μωῦσῆς
1401 5411 1493 5465 τὸν
1525 5413 1788 5483 Ἀμαλὴκ,
1819 5415 1960 5469 οὕτω
1978 5419 2105 5481 τοὺς

549 5483 1278 5560 ἈσκαλωνίταςὸΣαμουὴλ,
1301 5493 1473 5559 οὕτως
1500 5498 1528 5549 6
1553 5497 1767 5571 Ἰσραὴλ
1796 5502 1922 5563 τοὺς
1950 5506 2103 5572 τριά-

599 5665 624 5732 ῗ
654 5664 842 5732 δειρριθ
864 5673 998 5732 φησί.

602 5725 627 5761 δ
652 5725 808 5793 Ali—ds,
830 5725 1153 5796 κατὀρθώσετε

1283 324 1339 380 s.
1379 322 1663 381 JOANNIS
1700 317 2184 378 cnmsosmm
2223 316 2537 373 ARCHIEP.
2580 313 3121 374 CONSTANTINOP.

3640 316 3737 371 τοο

2195 452 2356 488 κοντα
2388 435 2480 488 δύο
2514 433 2770 504 βασιλεῖς.
2802 435 2862 486 Εἰ
2886 434 3012 487 ἔνθα
3036 434 3212 487 ὃπλων
3242 433 3344 486 ἔδει
3375 433 3467 487 καὶ
3498 432 3736 502 παρατά-

2189 518 2323 580 ξεως
2354 520 2446 569 καὶ
2471 516 2668 587 μάχης,
2691 517 2759 569 τὰ
2786 518 3171 589 ὃπλαιάφέντες
3195 518 3288 570 ἐπὶ
3312 519 3410 587 τὴν
3437 515 3601 585 εὐχὴν
3615 533 3737 569 κατ-

2184 600 2415 667 έφυγον·
2454 598 2580 651 ἔνθα
2616 601 2796 668 εὐχαῖς
2843 601 3001 667 μόνον
3036 599 3329 669 ἀνυσθῆναι
3358 598 3423 650 τά
3454 598 3744 667 πράγματα

2186 680 2313 751 χρὴ,
2341 680 2456 743 πῶς
2479 682 2541 734 οὐ
2561 681 2737 750 πολλῷ
2772 683 2970 752 μᾶλλον
2998 680 3249 750 εὔχεσθαι
3277 681 3386 746 δεῖς
3432 678 3570 731 Ἀλλ’
3613 678 3743 741 ἐκεῖ,

2188 762 2372 828 φησιν,
2399 761 2453 812 οί
2477 759 2766 829 ἡγούμενοι
2803 760 2940 829 ὑπὲρ
2960 760 3055 812 τοῦ
3083 758 3210 812 λαοῦ
3250 758 3594 827 παρεκάλουν
3625 774 3640 789 ο
3683 756 3745 808 σὺ

2186 842 2243 895 δὲ
2262 842 2429 908 ἀξιοῖς
2453 842 2543 895 τὸν
2572 842 2699 895 λαὸν
2741 844 2880 912 ὑπὲρ
2903 844 2995 895 τοῦ
3053 841 3352 912 ἡγουμένου
3384 838 3745 909 παρακαλεῖν;

2188 922 2319 979 Οἶδα
2355 924 2532 993 κάγώ.
2574 926 2708 978 Τότε
2758 926 2856 995 μὲν
2879 925 2989 995 γὰρ
3029 926 3078 978 οἱ
3104 924 3394 995 ἀρχόμενοι
3422 922 3748 992 ταλαίπωροί

2188 1026 2334 1072 τινες
2358 1005 2495 1079 ἦσαν
2544 1009 2637 1062 καὶ
2665 1008 2931 1071 εὐτελεῖςο
2954 1008 3139 1077 διόπερ
3170 1007 3275 1061 ἀπὸ
3310 1007 3409 1074 τῆς
3444 1006 3749 1076 παρρησίας

2190 1093 2283 1143 καὶ
2316 1090 2415 1160 τῆς
2438 1090 2638 1161 ἀρετῆς
2671 1090 2763 1143 τοῦ
2794 1090 3218 1160 στρατηγοῦντος
3250 1088 3516 1151 ἐσώζοντο
3551 1088 3745 1158 μόνης·

2190 1173 2305 1225 νυνλ⁵
2332 1172 2388 1225 δέ
2424 1174 2511 1225 ὅτε
2545 1175 2578 1243 ἡ
2611 1172 2703 1225 τοῦ
2742 1172 2875 1225 Θεοῦ
2927 1173 3086 1243 χάρις
3138 1171 3399 1235 ἐπέδωκε,
3431 1172 3526 1223 καὶ
3556 1174 3613 1224 ἐν
3642 1172 3749 1230 τοῖς

2190 1255 2513 1325 ἀρχομένοις
2580 1254 2826 1318 πολλοὺς,
2863 1254 3059 1325 μᾶλλον
3094 1254 3150 1306 δὲ
3178 1254 3304 1315 τοὺς
3339 1252 3554 1315 πλείους
3587 1254 3747 1324 5691']-

2192 1354 2253 1389 σο
2260 1355 2357 1406 μεν
2374 1337 2467 1390 τοῦ
2486 1336 2807 1407 κρατοῦντος
2825 1339 2888 1389 ἐκ
2905 1334 3099 1389 πολλοῦ
3125 1336 3409 1405 περιόντας
3424 1335 3517 1387 τοῦ
3537 1335 3748 1405 μέρους,

2196 1420 2270 1488 μὴ
2312 1419 2375 1488 δὴ
2423 1420 2524 1489 τῆς
2554 1418 2868 1489 συμμαχίας
2914 1420 3060 1489 ἡμᾶς
3099 1419 3504 1487 ἀποστερήσητε
3532 1417 3749 1485 ταύτης·

2193 1502 2535 1571 ἀνορθώσατε
2588 1502 2685 1563 τὰς
2739 1505 2925 1571 χεῖρας
2979 1503 3130 1571 ἡμῖν,
3171 1501 3256 1553 ⁶ίνα
3310 1501 3384 1571 μὴ
3427 1500 3747 1553 ἐκλύωνται’

2194 1585 2436 1649 ἀνοίξατε
2464 1586 2523 1638 τὸ
2555 1586 2726 1654 στόμα
2752 1589 2902 1655 ἡμῖν,
2932 1586 3016 1637 ἴνα
3049 1586 3123 1655 μὴ
3147 1585 3547 1654 ἐμφράττηται·
3578 1601 3750 1654 παρα-

2194 1669 2408 1721 καλεῖτε
2437 1668 2527 1721 τὸν
2558 1669 2709 1729 Θεὸν,
2738 1668 3105 1739 παρακαλεῖτε
3134 1669 3223 1721 διὰ
3259 1666 3435 1722 τοῦτο.
3474 1667 3627 1719 Ἐστι
3658 1667 3753 1735 μὲν

2194 1747 2286 1802 οὖν
2337 1751 2474 1820 ὑπὲρ
2499 1751 2653 1821 ἡμῶν
2682 1751 2830 1822 [554]
2864 1752 2925 1804 τὸ
2954 1751 3252 1819 γινόμενον,
3294 1750 3355 1802 τὸ
3404 1749 3459 1802 δὲ
3490 1750 3596 1802 πᾶν
3622 1749 3768 1818 ὑπὲρ·

2196 1832 2349 1900 ὑμῶν
2390 1832 2626 1903 γίνεται·
2660 1835 2737 1895 εἰς
2773 1834 2881 1903 γὰρ
2938 1833 2998 1885 τὸ
3036 1834 3163 1902 ὑμῖν
3204 1834 3469 1903 χρήσιμον
3512 1831 3752 1901 κείμεθα,

2195 1916 2291 1968 καὶ
2323 1914 2391 1967 τὰ
2422 1916 2661 1985 ὑμέτερα
2701 1918 3069 1988 μεριμνῶμεν.
3124 1916 3493 1987 Παρακαλεῖτε
3532 1917 3753 1979 ἕκαστος

2196 1999 2289 2050 καὶ
2317 1998 2423 2068 ἰδίᾳ
2467 1999 2561 2051 καὶ
2596 2002 2767 2069 κοινῇ.
2811 2000 2953 2070 Ὅρα.
3006 1999 3213 2053 Παῦλον
3255 1999 3638 2067 λέγοντα,”1να
3686 1999 3751 2051 τὸ

2196 2085 2283 2148 εὶς
2312 2080 2467 2149 ἡμᾶς
2492 2081 2756 2150 χάρισμα
2781 2082 2880 2134 διὰ
2917 2080 3163 2135 πολλῶν
3189 2081 3588 2152 εὐχαριστηθῇ
3610 2082 3757 2149 ὑπὲρ

2197 2164 2367 2232 ’ἡμῶν
2390 2178 2403 2192 ·
2433 2165 2728 2227 τουτέστιν,
2762 2165 2847 2217 ἵνα
2875 2166 3088 2228 πολλοῖς
3120 2165 3194 2235 δῷ
3222 2166 3319 2235 τὴν
3360 2166 3537 2235 χάριν.
3567 2166 3629 2217 Εἰ
3670 2166 3758 2217 ἐπὶ

2198 2247 2500 2317 ἀνθρώπων
2535 2248 2854 2309 καταδίκους
2907 2248 3104 2318 ἄνδρας
3139 2250 3231 2301 καὶ
3275 2247 3649 2316 ἀπαγομένους
3682 2250 3759 2309 εἰς

2198 2328 2426 2382 θάνατον
2453 2330 2618 2399 δῆμος
2651 2331 3300 2401 προσελθὼνέξῃτὴσατο,
3336 2332 3429 2383 καὶ
3466 2332 3525 2381 τὸ
3558 2329 3757 2397 πλῆθος

2198 2413 2539 2483 δυσωπηθεὶς
2569 2415 2596 2464 6
2630 2413 2880 2482 βασιλεὺς
2913 2416 3010 2484 τὴν
3047 2416 3269 2484 γνώμην
3304 2413 3556 2466 ἀνέθετο·
3587 2413 3760 2482 πολλῷ

2204 2497 2401 2563 μᾶλλον
2438 2497 2529 2549 καὶ
2577 2497 2665 2564 ὑφ’
2701 2498 2852 2566 ὑμῶν
2876 2499 2904 2549 ὁ
2930 2498 3059 2559 Θεὸς
3102 2498 3569 2568 δυσωπηθήσεται,
3597 2498 3655 2549 o6
3688 2496 3760 2562 τῷ

2202 2578 2417 2648 πλήθει,
2447 2578 2582 2631 ἀλλὰ
2596 2581 2663 2649 τῇ
2691 2580 2878 2649 ἀρετῇ.
2913 2580 3146 2650 Σφοδρὸν
3167 2582 3276 2651 γὰρ
3304 2582 3462 2651 ἡμεῖς
3484 2580 3574 2632 τὸν
3605 2580 3760 2632 πολέ-

2205 2680 2329 2732 μιον
2362 2662 2580 2732 ἔχομεν.

2283 2758 2469 2828 ’Υμῶν
2504 2759 2602 2826 μὲν
2634 2757 2743 2828 γὰρ
2790 2757 3019 2818 ἕκαστος
3069 2757 3135 2809 τὰ
3176 2757 3367 2810 ἐαυτοῦ
3409 2758 3644 2827 μεριμνᾷ
3673 2756 3764 2809 καὶ

2202 2840 2497 2914 φροντίζει,
2554 2842 2711 2910 ἡμεῖς
2745 2840 2801 2893 δὲ
2846 2840 2915 2892 τὰ
2963 2840 3178 2893 πάντων
3207 2840 3369 2910 ὁμοῦ’
3403 2842 3482 2902 εἰς
3510 2841 3570 2893 τὸ
3604 2840 3765 2910 μέρος

2201 2926 2513 2994 ἑστήκαμεν
2542 2924 2636 2976 τοῦ
2670 2924 2907 2993 πολέμου
2936 2925 2997 2976 τὸ
3014 2923 3231 2977 πονοῦν.
3261 2925 3620 2995 Σφοδρότερον
3642 2924 3764 2977 καθ’

2201 3006 2355 3076 ἡμῶν
2379 3008 2407 3059 6
2434 3006 2678 3069 διάὸολος
2718 3006 3019 3071 δπλίζεται.
3070 3009 3180 3059 Καὶ
3234 3007 3343 3078 γὰρ
3376 3010 3433 3060 ἐν
3466 3012 3577 3070 τοῖς
3607 3007 3766 3060 πολέ-

2206 3106 2326 3157 μοις
2354 3089 2460 3157 πρὸ
2488 3089 2595 3141 τῶν
2624 3088 2799 3142 ἄλλων
2845 3091 3096 3142 ἁπάντων
3128 3090 3218 3142 τὸν
3265 3091 3567 3161 στρατηγὸν
3597 3107 3765 3143 κατα-

2202 3172 2385 3225 ϐαλεῖν
2407 3174 2435 3223 6
2453 3172 2519 3224 δι’
2545 3173 2791 3235 ἐναντίας
2812 3174 3093 3242 ἐπιχειρεῖ.
3124 3173 3222 3225 Διά
3246 3172 3402 3225 τοῦτο
3424 3175 3540 3225 ἐκεῖ
3567 3173 3766 3235 πάντες

2201 3259 2249 3309 οἱ
2290 3257 2650 3309 συνασπισταὶ
2666 3257 2917 3326 τρέχουσι
2938 3270 2951 3283 ’
2986 3256 3074 3308 διὰ
3106 3256 3261 3309 τοῦτο
3282 3256 3445 3319 πολὺς
3472 3259 3499 3310 6
3519 3257 3763 3327 θόρυϐος,

2202 3337 2402 3402 ἐξελεῖν
2424 3338 2581 3390 αὐτὸν
2598 3339 2828 3392 ἑκάστου
2858 3337 3286 3408 ἐπιχειροῦντος,
3316 3340 3410 3392 καὶ
3435 3342 3551 3401 ταῖς
3579 3339 3765 3392 ἀσπίσι

2203 3421 2625 3492 περιφράττουσι
2686 3420 2966 3483 πάντοθεν,
3043 3420 3139 3491 τὴν
3196 3422 3399 3475 ἐκείνου
3458 3422 3766 3491 βουλόμενοι

2203 3506 2465 3558 διασῶσαι
2522 3505 2784 3575 κεφαλήν.
2843 3504 3132 3557 Ἀκούσατε
3182 3505 3235 3555 τί
3304 3523 3435 3575 φησι
3493 3506 3627 3578 πρὸς
3674 3506 3767 3556 τὸν

2202 3588 2363 3641 Δαυῖδ
2390 3588 2533 3650 ἄπας
2550 3589 2577 3639 6
2598 3588 2762 3657 δῆμος
2794 3588 2875 3655 (οὐ
2902 3586 2976 3657 τῷ
2994 3586 3160 3640 Δαυῒδ
3186 3588 3376 3640 ἑαυτὸν
3407 3588 3767 3658 παραϐάλλων

2203 3671 2373 3724 ταῦτα
2426 3670 2591 3737 λέγω,
2639 3671 2733 3740 οὐχ
2764 3669 2905 3722 οὕτω
2946 3670 3183 3741 μέμηνα,
3232 3671 3367 3725 ἀλλά
3407 3671 3581 3740 δήμου
3614 3672 3764 3739 φιλο-

2204 3752 2459 3823 στοργίαν
2479 3753 2612 3822 πρὸς
2639 3751 2872 3822 ἄρχοντα
2888 3753 3054 3816 δεῖξαι
3080 3753 3415 3823 βουλόμενος)
3436 3769 3451 3783 ’
3481 3753 3575 3820 Μὴ
3600 3754 3769 3816 ἐξέλα

2208 3836 2335 3900 9ης,
2372 3837 2553 3903 φησὶν,
2601 3838 2687 3898 εὶς
2719 3835 2825 3887 τόν
2852 3836 3114 3902 πόλεμον
3134 3836 3261 3903 μεθ’
3297 3835 3483 3904 ἡμῶν,
3539 3838 3638 3889 ἵνα
3678 3834 3767 3904 μὴ

2206 3917 2437 3987 σϐεσθῇ
2472 3922 2505 3971 d
2544 3920 2771 3984 λύχνος
2823 3918 2929 3971 τοῦ
3002 3917 3271 3985 Ἰσραήλ.
3323 3920 3463 3989 Ὅρα
3512 3921 3569 3972 ἐν
3625 3920 3771 3989 πόσῃ

2209 4003 2385 4069 φειδοῖ
2429 4001 2520 4053 τὸν
2553 4002 2780 4072 γέροντα
2835 3998 2996 4071 εἶχον.
3040 4002 3251 4070 Σφόδρα
3283 4003 3469 4073 δέομαι
3497 4003 3604 4054 τῶν
3632 4004 3769 4072 ὑμε-

2205 4087 2378 4154 τέρων
2431 4086 2635 4155 εὐχῶν·
2676 4086 2862 4156 μηδείς
2906 4104 2992 4155 με,
3034 4089 3169 4158 ὅπερ
3215 4086 3370 4158 ἔφην,
3430 4089 3486 4154 ἐξ
3525 4088 3769 4158 ἀμέτρου

2206 4170 2701 4239 ταπεινοφροσύνης
2738 4169 3074 4239 ἀφαιρείσθω
3103 4170 3303 4241 ταύτην
3330 4172 3428 4242 τὴν
3455 4174 3771 4242 συμμαχίαν

2208 4251 2301 4303 καὶ
2342 4252 2440 4318 τὴν
2479 4251 2753 4322 βοήθειαν.
2807 4254 2904 4305 Ἂν
2932 4253 2998 4305 τὰ
3049 4252 3290 4324 ἡμέτερα
3348 4255 3626 4325 εὐδοκιμῇ,
3674 4257 3772 4307 καὶ

2207 4334 2277 4386 τὰ
2306 4334 2545 4403 ὑμέτερα
2586 4336 2940 4406 λαμπρότερα
2972 4336 3161 4389 ἔσται’
3207 4336 3272 4389 ἂν
3310 4338 3540 4410 ἐπιρρέῃ
3574 4339 3640 4390 τὰ
3671 4339 3772 4407 τῆς

2207 4417 2551 4481 διδασκαλίας
2592 4421 2745 4489 ἡμῖν,
2799 4421 2878 4483 είς
2916 4421 3059 4491 ὑμᾶς
3099 4424 3127 4474 ό
3174 4420 3398 4484 πλοῦτος
3432 4422 3768 4492 διαϐήσεται.

2212 4501 2409 4552 Ἀκουε
2445 4499 2536 4553 τοῦ
2594 4503 2867 4571 προφήτου
2923 4503 3188 4570 λέγοντος,
3223 4504 3318 4569 Μὴ
3357 4504 3607 4570 ἑαυτοὺς
3639 4522 3771 4556 ποι-

2203 4583 2530 4649 μαίνουσιν
2567 4587 2621 4636 οἱ
2657 4580 2976 4653 ποιμένεςς
3015 4585 3179 4656 Ὁρᾷς
3219 4587 3307 4639 τὸν
3337 4586 3547 4640 Παῦλον
3581 4586 3776 4657 ἐπιζη-

2207 4663 2401 4717 τοῦντα
2423 4665 2660 4735 συνεχῶς
2684 4667 2885 4730 ταύτας
2922 4668 3021 4731 τὰς
3076 4671 3269 4739 εὐχάς;
3303 4671 3520 4734 ἀκούεις
3547 4673 3627 4724 ὅτι
3663 4672 3774 4723 Πέ-

2207 4765 2333 4818 τρος
2362 4747 2532 4811 οὕτως
2584 4748 2865 4819 ἐξηρπάγη
2903 4750 2994 4803 τοῦ
3040 4752 3433 4823 δεσμωτηρίου,
3464 4754 3651 4823 ἐπειδὴ
3701 4750 3775 4824 ἦν

2210 4831 2340 4899 εὐχὴ
2372 4830 2595 4898 ἐκτενὴς
2617 4832 2756 4901 ὑπὲρ
2783 4833 2943 4885 αὐτοῦ
2964 4835 3221 4905 γινομένη
3244 4855 3259 4901 ;
3298 4836 3508 4907 Σφόδρα
3534 4838 3777 4889 πιστεύω

2209 4914 2288 4966 ὃτι
2322 4913 2490 4965 πολλά
2531 4914 2814 4983 δυνήσεται
2864 4915 3017 4984 ὑμῶν
3065 4920 3097 4987 ἡ
3133 4919 3284 4988 εὐχὴ,
3330 4920 3470 4988 μετά
3504 4920 3779 4988 τοσαύτης

2213 4997 2525 5064 συμφωνίας
2551 4997 2829 5066 γινομένη.
2847 4998 3018 5051 Πόσον
3043 5002 3285 5070 νομίζετε
3314 5003 3497 5070 μεῖζον
3514 4997 3650 5054 εἶναι
3671 5003 3779 5070 τῆς

2211 5078 2481 5148 ἡμετέρας
2508 5079 2866 5151 σμικρότητος
2892 5081 2953 5133 τὸ
2982 5083 3120 5151 ὑπὲρ
3139 5084 3310 5153 δήμου
3331 5084 3581 5136 τοσούτου
3601 5102 3780 5155 προσ-

2214 5161 2349 5212 ιέναι
2379 5160 2455 5229 τῷ
2481 5160 2601 5230 Θεῷ
2629 5162 2722 5215 καὶ
2770 5164 3140 5234 παρακαλεῖν;
3173 5167 3237 5219 Εἰ
3291 5167 3399 5236 γὰρ
3439 5167 3599 5229 αὐτὸς
3632 5169 3780 5239 ὑπὲρ

2210 5243 2400 5295 ἑαυτοῦ
2431 5245 2737 5314 παρῤησίαν
2781 5244 3031 5317 δεηθῆναι
3065 5249 3162 5301 οὐκ
3190 5250 3315 5319 ἔχω,
3349 5251 3527 5321 πολλῷ
3574 5252 3780 5321 μᾶλλον

2208 5325 2346 5395 ὑπὲρ
2388 5326 2607 5394 ἐτέρων.
2663 5328 2781 5381 Τῶν
2817 5328 2925 5399 γὰρ
2972 5331 3392 5400 εὐδοκιμούντων
3447 5334 3562 5387 ἐστὶ
3612 5334 3781 5387 τοῦτο

2208 5410 2299 5461 καὶ
2320 5410 2523 5480 ἑτέροις
2553 5411 2734 5477 ἀξιοῦν
2756 5413 2912 5465 ἵλεων
2938 5415 3185 5481 γενέσθαι
3230 5415 3312 5469 τὸν
3336 5417 3488 5482 Θεὸν,
3520 5417 3626 5471 τῶν
3644 5418 3782 5470 ἐαυ-

2205 5493 2318 5554 τοῖς
2348 5492 2545 5563 εὐμενῆ
2578 5496 3032 5565 καταστησάντων
3052 5516 3063 5527 ·
3094 5500 3122 5551 6
3149 5498 3205 5551 δέ
3228 5501 3321 5553 καὶ
3350 5500 3509 5565 αὐτὸς
3538 5517 3782 5571 προσκε-

2209 5574 2472 5641 κρουκὼς,
2492 5576 2607 5638 πῶς
2630 5577 2766 5644 ὑπὲρ
2798 5578 2956 5632 ἄλλου
2979 5580 3254 5649 δεήσεται;
3303 5582 3439 5635 Ἀλλ’
3455 5584 3602 5653 ὅμως
3621 5586 3782 5637 ἐπει-

2207 5656 2270 5726 δὴ
2305 5658 2627 5731 σπλάγχνοις
2654 5661 2796 5730 ὑμᾶς
2823 5664 3215 5736 περιπλέκομαι
3249 5671 3552 5738 πατρικοῖς,
3584 5667 3783 5738 ἐπειδὴ

2214 5740 2249 5808 ἡ
2278 5740 2462 5811 ἀγάπη
2493 5743 2668 5797 πάντα
2688 5743 2880 5815 τολμᾷ,
2904 5747 3001 5799 οὐκ
3020 5748 3111 5802 ἐπὶ
3134 5750 3232 5821 τῆς
3264 5751 3559 5823 ἐκκλησίας
3589 5753 3786 5825 μόνον,
