4114 6396
402 397 504 454 489

399 513 561 581 Spem
593 511 909 566 futurorum.
953 508 1116 565 Vides
1142 510 1408 578 quomodo
1448 507 1771 578 precationis
1806 505 1965 560 modo

402 614 606 659 mentes
638 618 822 658 eorum
848 604 1075 667 excitat,
1122 601 1401 656 iuetlabilis
1434 601 1526 655 Dei
1564 613 1708 653 curae
1748 597 1970 667 pignora

401 712 605 766 ponens
644 705 698 750 et
721 697 887 766 signa.
922 695 1249 756 Exhortetur,
1297 694 1486 762 inquit,
1522 691 1678 746 corda
1720 699 1881 745 vestra
1918 690 1973 742 in

398 790 535 842 omni
562 804 710 858 opere
730 798 774 841 et
797 804 1023 841 sermone
1048 788 1173 841 bono
1197 805 1216 844 :
1232 786 1335 842 hoc
1346 795 1552 855 est,per
1577 798 1735 837 omne
1760 797 1894 852 opus
1918 788 1975 834 ct

397 896 699 935 sermonem
732 880 948 934 bonum.
982 878 1404 933 Christianorum
1449 877 1591 930 enim
1625 874 1738 928 haec
1764 881 1848 928 est
1870 870 1969 924 ad-

399 972 653 1035 hortatio,
676 980 732 1023 ut
753 985 857 1025 non
886 969 1061 1023 solum
1081 966 1279 1037 aliquid
1300 967 1421 1021 boni
1450 965 1665 1027 faciant,
1690 963 1784 1018 sed
1810 962 1968 1017 etiam

392 1063 536 1133 quod
569 1062 678 1116 Deo
710 1062 933 1131 placeat.
966 1060 1096 1114 Vide
1124 1057 1393 1129 quomodo
1412 1072 1594 1113 eormn
1623 1054 1866 1124 reprimit
1890 1052 1971 1107 fa-

395 1164 560 1211 stum.
595 1155 696 1219 Qui
716 1155 873 1220 dedit,
905 1154 1094 1223 inquit,
1125 1151 1537 1212 consolationem,
1560 1158 1606 1201 et
1628 1163 1766 1215 spem
1790 1146 1971 1198 bonam

395 1248 449 1300 in
476 1250 661 1318 gratia.
693 1247 861 1301 Simul
891 1247 1049 1299 etiam
1082 1244 1243 1299 efﬁcit
1265 1253 1322 1297 ut
1346 1243 1537 1297 bonam
1564 1256 1712 1309 spem
1744 1239 1971 1293 habeant

394 1338 461 1393 de
488 1336 701 1392 futuris.
734 1338 791 1392 Si
818 1338 960 1392 enim
984 1346 1060 1391 tot
1085 1346 1140 1391 et
1162 1346 1303 1389 tanta
1329 1335 1477 1397 dedit
1506 1334 1558 1387 in
1587 1332 1773 1402 gratia,
1803 1331 1969 1384 multo

394 1430 562 1499 magis
591 1430 789 1483 futura.
821 1429 933 1498 Ego
960 1428 1175 1498 quidem
1226 1438 1401 1492 certe,
1452 1426 1650 1496 inquit,
1698 1425 1769 1478 ita
1817 1422 1966 1485 dixi;

395 1531 562 1574 totum
580 1532 754 1575 autem
772 1530 854 1574 est
870 1521 981 1573 Dei.
1003 1518 1330 1574 Conﬁrmare
1341 1517 1771 1581 etcorroborare,
1791 1524 1846 1569 ut
1861 1529 1969 1567 non

392 1612 633 1666 labemus
660 1628 833 1681 neque
861 1610 1348 1666 declinemuszhoc
1391 1609 1533 1663 enim
1592 1616 1674 1661 est
1726 1616 1967 1659 nostrum

392 1716 448 1758 et
472 1706 657 1774 ipsius.
690 1705 853 1775 Igitur
879 1714 932 1759 et
962 1712 1180 1774 propter
1201 1703 1445 1773 dogmata
1474 1710 1529 1756 et
1552 1708 1772 1771 propter
1796 1700 1967 1754 actio-

391 1812 489 1852 nes
510 1798 562 1851 id
591 1797 723 1852 dicit
754 1815 768 1851 :
800 1798 899 1851 hoc
929 1798 1071 1852 enim
1102 1807 1185 1853 est
1228 1794 1550 1860 exhortatio,
1585 1803 1641 1849 ut
1677 1793 1967 1848 conﬁrme-

392 1907 533 1945 mur.
557 1891 690 1945 Nam
732 1892 942 1961 quando
970 1889 1230 1960 quispiam
1259 1905 1364 1944 non
1394 1888 1694 1943 dimovetur
1732 1901 1831 1943 nec
1871 1902 1965 1939 va-

390 1982 539 2035 cillat
559 2023 573 2045 ,
603 1982 856 2052 quidquid
881 1982 1153 2048 acciderit,
1184 1997 1517 2051 cummagna
1543 1981 1734 2036 tolerat
1760 1980 1965 2050 patien-

393 2074 462 2126 tia
494 2092 507 2127 :
539 2074 679 2142 quod
708 2075 751 2128 si
778 2074 1013 2128 dimotus
1039 2082 1092 2129 et
1120 2074 1468 2129 labefactatus
1515 2074 1673 2128 fuerit
1720 2073 1928 2128 animus
1948 2114 1962 2137 ,

391 2166 459 2219 de
487 2176 684 2220 caetero
707 2165 837 2219 nihil
868 2165 1031 2220 efﬁcit
1060 2165 1258 2219 bonum
1289 2173 1343 2220 et
1376 2165 1719 2234 praeclarum;
1743 2163 1835 2219 sed
1857 2180 1966 2218 non

390 2270 549 2310 secus
571 2265 730 2325 atque
755 2257 798 2309 si
818 2257 1048 2325 cuipiam
1081 2257 1319 2311 remissae
1341 2265 1395 2310 et
1415 2258 1609 2310 luxatae
1636 2254 1833 2310 fuerint
1854 2270 1967 2309 ma-

390 2364 509 2413 nus,
542 2349 611 2403 ita
639 2351 798 2402 etiam
826 2349 1064 2404 labascat
1092 2352 1322 2411 animus,
1353 2347 1568 2416 quando
1599 2362 1701 2402 non
1735 2346 1894 2401 fuerit
1915 2347 1964 2401 ci

390 2455 705 2509 persuasum
736 2441 877 2510 quod
903 2440 967 2495 ad
988 2440 1187 2495 bOnum
1213 2440 1442 2509 aliquem
1466 2442 1623 2494 ﬁnem
1640 2440 1708 2493 sit
1737 2454 1964 2508 pervcn-

392 2540 563 2584 turus.
598 2529 746 2600 (Cap.
777 2525 858 2598 5.)
880 2533 929 2585 l.
959 2530 1037 2585 De
1063 2540 1262 2594 caetero,
1293 2533 1493 2601 fratres,
1522 2542 1659 2585 orate
1683 2547 1774 2601 pro
1801 2530 1966 2596 nobis,

387 2631 442 2674 ut
466 2638 628 2676 sermo
641 2621 845 2676 Domini
865 2632 1034 2675 currat
1051 2632 1097 2676 et
1122 2623 1449 2693 gloriﬁcatur,
1478 2624 1606 2676 sicut
1632 2634 1677 2677 et
1696 2624 1836 2692 apud
1854 2639 1962 2679 vos.

458 2716 511 2769 5.
544 2714 661 2784 Ipse
681 2715 895 2784 quidem
915 2731 1013 2785 pro
1038 2716 1103 2769 iis
1121 2727 1368 2785 precatus
1396 2724 1478 2770 est
1501 2724 1561 2770 ut
1580 2716 1963 2771 conﬁrmaren-

388 2814 507 2870 tur;
531 2821 673 2860 nunc
701 2816 878 2860 autem
900 2807 968 2862 ab
989 2808 1117 2877 ipsis
1138 2808 1269 2877 petit
1286 2823 1480 2877 rogans
1498 2815 1555 2861 ut
1574 2824 1671 2877 pro
1696 2824 1761 2863 eo
1786 2817 1960 2873 orent,

386 2913 493 2952 non
525 2909 581 2951 ut
605 2913 711 2952 non
741 2899 1099 2967 periclitetur;
1134 2900 1185 2953 in
1212 2915 1276 2954 eo
1297 2901 1435 2954 enim
1465 2909 1577 2954 erat
1603 2902 1838 2970 positus:
1867 2902 1963 2956 sed

389 2990 459 3045 Ut
484 3007 647 3045 sermo
676 2989 884 3045 Domini
930 3002 1099 3045 currat
1128 3002 1174 3045 et
1220 2993 1549 3062 glorificatur,
1592 2994 1723 3047 sicut
1751 3004 1798 3047 et
1824 2994 1964 3063 apud

382 3099 491 3137 vos.
519 3084 711 3138 Petilio
737 3092 819 3137 est
843 3085 1123 3154 conjuncta
1159 3100 1281 3139 cum
1336 3086 1491 3141 laude
1528 3103 1541 3139 :
1576 3086 1721 3141 Sicut
1750 3097 1797 3140 et
1824 3088 1961 3156 apud

384 3192 491 3241 vos,
525 3176 712 3246 inquit.
739 3174 794 3229 2.
827 3175 895 3229 Et
932 3188 983 3229 ut
1008 3177 1274 3230 liberemur
1302 3178 1362 3231 ab
1407 3179 1709 3249 importunis
1743 3189 1787 3232 et
1813 3181 1960 3232 malis

386 3267 669 3320 hominibus
696 3283 716 3319 :
745 3283 846 3320 non
872 3277 943 3320 est
973 3272 1104 3321 enim
1127 3270 1352 3322 omnium
1380 3270 1525 3338 ﬁdes.
1559 3271 1669 3325 Hoc
1698 3281 1780 3325 est
1798 3273 1961 3327 etiam

382 3358 500 3428 ejus
523 3359 612 3428 qni
656 3373 752 3412 sua
798 3359 1062 3427 signiﬁcat
1110 3360 1342 3429 pericula
1368 3402 1383 3427 ,
1432 3362 1571 3430 quod
1600 3376 1695 3417 eos
1732 3364 1963 3419 maxime

385 3449 787 3504 consolabatur.
812 3449 887 3502 Ab
926 3450 1247 3519 importunis,
1281 3452 1468 3519 inquit,
1497 3462 1543 3505 et
1569 3453 1716 3506 malis
1744 3454 1962 3507 homini-

384 3544 476 3594 bus
502 3557 521 3594 :
542 3557 641 3594 non
663 3550 737 3594 est
765 3542 898 3594 enim
925 3542 1148 3594 omnium
1174 3542 1319 3610 ﬁdes.
1344 3543 1502 3597 Forte
1522 3544 1590 3598 de
1621 3546 1684 3599 iis
1706 3546 1958 3614 loquitur,

382 3634 473 3703 qui
504 3633 875 3703 repugnabant
906 3632 1289 3702 prtedicationi,
1318 3635 1385 3688 de
1425 3634 1492 3687 iis
1527 3635 1615 3704 qui
1642 3636 1963 3691 resistebant

382 3737 437 3781 et
464 3727 767 3796 pugnabant
789 3741 912 3780 cum
940 3726 1275 3796 dogmatibus
1313 3745 1327 3781 :
1358 3726 1459 3782 hoc
1486 3729 1629 3783 enim
1681 3729 1838 3783 tacite
1885 3731 1962 3783 si-

382 3820 654 3890 gnificavit
685 3820 890 3886 dicens,
939 3821 1061 3875 Non
1101 3831 1173 3876 est
1215 3822 1344 3876 enim
1397 3824 1619 3877 omnium
1666 3824 1812 3894 ﬁdes.
1843 3823 1959 3879 Non

381 3922 561 3970 autem
592 3911 676 3965 hic
702 3912 831 3966 mihi
858 3912 1066 3968 videtur
1085 3913 1383 3983 signiﬁcare
1407 3916 1640 3985 pericula
1663 3957 1679 3980 ,
1730 3916 1825 3971 scd
1864 3931 1959 3972 eos

380 4005 470 4073 qui
491 4003 928 4059 contradicebant
957 4014 1010 4060 et
1036 4004 1416 4075 impediebant,
1449 4007 1588 4061 sicut
1614 4008 1956 4078 Hymenaeus,

379 4100 520 4155 sicut
544 4099 850 4154 Alexander
878 4102 1101 4155 aerarius
1134 4118 1147 4154 :
1190 4101 1347 4155 Valde
1369 4103 1520 4168 enim,
1546 4104 1736 4173 inquit,
1781 4105 1961 4158 restitit

379 4192 539 4246 verbis
560 4194 743 4246 nostris
776 4192 863 4263 (2.
888 4191 1023 4246 Tim.
1051 4195 1104 4248 4.
1134 4194 1258 4266 15).
1287 4194 1358 4250 Ut
1383 4195 1427 4249 si
1472 4196 1590 4265 quis
1639 4195 1707 4251 de
1736 4205 1958 4265 paterna

378 4285 583 4340 diceret
617 4294 784 4351 sorte,
813 4300 919 4339 non
949 4294 1034 4340 est
1060 4286 1298 4340 omnium
1330 4285 1559 4341 militare
1584 4288 1635 4340 in
1666 4287 1809 4357 regia
1837 4289 1960 4346 :sic

380 4377 471 4431 ille
495 4376 562 4431 de
592 4376 851 4447 improbis
887 4392 917 4429 a
956 4377 1150 4446 quibus
1179 4378 1297 4432 vult
1339 4378 1553 4433 liberari
1584 4396 1596 4431 :
1630 4375 1788 4433 Tales
1809 4389 1953 4445 sunt,

380 4467 569 4537 inquit,
593 4467 651 4532 ii,
674 4468 865 4537 quibus
885 4467 1065 4521 datum
1093 4477 1300 4523 estnon
1317 4468 1555 4524 credere.
1583 4469 1749 4525 Simul
1777 4479 1956 4526 autem
2009 4502 2015 4517 ι

380 4558 485 4614 hoc
508 4558 691 4615 dicens
719 4560 841 4614 illos
865 4560 1085 4615 excitat.
1113 4559 1286 4630 Magni
1314 4575 1444 4632 ergo
1471 4571 1646 4629 erant,
1679 4565 1723 4617 si
1755 4571 1955 4618 tantam

380 4648 651 4705 habebant
697 4651 836 4719 apud
891 4651 1059 4705 Deum
1115 4650 1392 4717 ﬁduciam,
1438 4661 1495 4707 ut
1530 4664 1749 4723 possent
1794 4656 1955 4712 etiam

378 4740 649 4795 doctorem
690 4741 917 4795 liberare
944 4756 973 4794 a
1006 4741 1276 4811 periculis,
1318 4752 1373 4797 et
1414 4746 1461 4799 ei
1502 4744 1706 4800 facilem
1730 4746 1955 4803 reddere

380 4832 836 4902 praedicationem.
864 4832 970 4887 Nos
996 4847 1125 4903 ergo
1138 4834 1320 4890 eadem
1339 4835 1489 4890 vobis
1510 4836 1759 4892 dicimus.
1787 4838 1956 4893 Nemo

376 4939 477 4979 nos
504 4932 665 4979 tantm
703 4925 918 4979 damnet
946 4928 1285 4995 arrogantize,
1313 4942 1470 4982 nemo
1496 4940 1731 4984 vestrum
1757 4946 1823 4985 ex
1852 4932 1951 4986 im-

376 5014 587 5070 modica
639 5014 938 5071 humilitate
968 5025 1113 5071 tanto
1152 5031 1250 5071 nos
1288 5018 1458 5087 privet
1499 5019 1716 5075 auxilio.
1770 5020 1954 5092 Neque

375 5106 518 5160 enim
544 5104 735 5160 eodem
755 5105 934 5159 animo
960 5105 1185 5161 dicimus
1212 5122 1319 5177 quo
1339 5106 1551 5163 dicebat
1570 5108 1799 5165 Paulus:
1829 5127 1952 5166 nam

376 5198 466 5252 ille
508 5196 721 5268 quidem
746 5198 861 5253 haec
881 5197 1090 5253 dicebat
1114 5201 1299 5256 volens
1341 5202 1607 5257 consolari
1625 5204 1947 5275 discipulos;
1996 5203 2017 5267 ξι

376 5303 475 5343 nos
496 5300 696 5355 autem,
723 5300 781 5344 ut
806 5304 1053 5360 magnum
1081 5291 1206 5362 quid
1234 5301 1287 5347 et
1307 5292 1504 5348 bonum
1523 5309 1948 5365 consequamur:

374 5391 427 5434 et
472 5382 626 5435 valde
672 5380 960 5448 credimus,
1009 5381 1057 5436 si
1106 5384 1280 5438 velitis
1327 5399 1516 5440 omnes
1559 5387 1838 5442 unanimes
1879 5388 1947 5442 ad

1186 395 1249 451 lN
1291 396 1504 453 EPIST.
1544 394 1587 449 ll
1615 417 1618 420 η
1650 394 1741 449 AD
1776 389 2101 448 TllESSAL.
2143 391 2294 447 CAP.
2338 391 2424 448 ΙΙΙ.
2466 392 2693 451 HOMIL.
2736 395 2824 450 IV.

3554 407 3660 463 ωο

2080 504 2214 558 rium
2236 546 2251 570 ,
2282 506 2353 560 ita
2380 507 2590 579 Moyses
2618 512 2836 567 Amalec
2858 553 2873 577 ,
2907 513 2976 567 ita
3026 515 3361 573 Asealonitas
3400 517 3651 588 Samuel,

2078 593 2151 647 ita
2181 594 2342 651 Israel
2367 598 2579 668 triginta
2608 600 2716 657 duo
2744 618 2919 674 reges.
2951 604 3008 660 Si
3038 606 3125 661 ubi
3163 622 3297 677 opus
3337 620 3454 665 erat
3492 615 3657 667 armis

2077 693 2133 741 et
2174 689 2287 743 acie
2316 698 2371 745 et
2396 692 2601 760 praelia,
2631 695 2811 751 missis
2828 698 2997 753 armis
3031 700 3409 770 confugiebant
3433 704 3500 757 ad
3530 719 3654 774 pre-

2077 791 2163 832 ces
2186 795 2201 845 ;
2226 779 2312 835 ubi
2334 784 2583 852 precibus
2608 787 2778 841 solum
2803 804 2889 844 res
2915 802 3125 861 oportet
3145 794 3354 861 conﬁci,
3387 799 3659 865 quomodo

2077 886 2183 926 non
2211 874 2377 928 multo
2408 878 2575 946 magis
2622 888 2707 933 est
2742 881 3044 937 orandum?
3068 885 3137 938 At
3182 886 3311 953 illic,
3342 888 3531 958 inquit,
3564 892 3655 958 qui

2078 974 2338 1029 praeerant
2367 967 2624 1037 rogabant
2650 984 2747 1038 pro
2769 973 2986 1041 populo,
3012 984 3065 1028 tu
3093 985 3268 1032 autem
3292 979 3370 1033 vis
3400 982 3653 1050 populum

2076 1055 2279 1120 precari
2310 1070 2406 1123 pro
2434 1056 2588 1113 duce.
2633 1060 2746 1130 Ego
2767 1078 2977 1134 quoque
3003 1065 3054 1120 id
3080 1067 3214 1122 scio.
3240 1068 3372 1124 Nam
3403 1081 3525 1127 tunc
3563 1076 3652 1143 qui

2075 1144 2368 1213 parebant,
2416 1158 2570 1202 erant
2618 1152 2832 1220 quidem
2872 1156 3084 1223 miseri,
3142 1159 3276 1214 viles
3314 1172 3368 1216 et
3411 1164 3651 1233 abjecti:

2074 1237 2420 1304 quamobrem
2446 1256 2475 1295 a
2506 1242 2698 1299 ﬁducia
2746 1247 2799 1301 in
2832 1248 2997 1303 Deum
3024 1260 3079 1306 et
3105 1268 3137 1307 a
3176 1255 3287 1309 sola
3314 1256 3510 1314 virtute
3537 1261 3653 1330 ejus

2073 1326 2163 1394 qui
2188 1326 2416 1385 ducebat
2455 1335 2768 1402 exercitum,
2812 1339 2891 1393 eis
2914 1340 3141 1399 dabatur
3166 1348 3309 1402 salus
3338 1367 3353 1403 :
3385 1367 3525 1406 nunc
3550 1326 3651 1408 au-

2074 1425 2181 1471 tem
2208 1433 2327 1474 cum
2357 1425 2523 1491 gratia
2552 1425 2643 1480 Dei
2666 1438 2820 1484 aucta
2862 1432 2950 1497 sit,
2977 1444 3029 1489 et
3056 1436 3198 1493 inter
3235 1440 3477 1497 subditos
3504 1446 3654 1501 inve—

2072 1509 2280 1566 niamus
2301 1514 2514 1582 multos,
2548 1517 2657 1573 imo
2683 1520 2838 1591 longe
2867 1527 3065 1594 plures,
3096 1531 3184 1598 qui
3212 1547 3274 1585 ea
3306 1534 3356 1587 in
3390 1550 3448 1589 re
3477 1537 3649 1607 impe.

2071 1609 2276 1657 rantem
2294 1604 2449 1675 longe
2463 1620 2735 1679 superant,
2752 1629 2817 1669 ne
2828 1630 2925 1670 nos
2948 1616 3050 1673 hoc
3066 1624 3375 1679 commilitio
3392 1604 3647 1695 privetis:

2071 1692 2259 1763 erigite
2278 1710 2469 1752 manus
2493 1712 2708 1756 nostras
2732 1720 2799 1759 ne
2824 1702 3185 1779 resolvantur,
3228 1692 3431 1785 aperite
3461 1735 3522 1774 os
3554 1737 3652 1774 no-

2071 1791 2238 1838 strum
2286 1802 2355 1841 ne
2400 1789 2747 1849 obstruatur:
2779 1797 2945 1852 Deum
2996 1815 3209 1874 rogate,
3266 1819 3485 1876 propter
3536 1810 3651 1866 haec

2072 1883 2275 1975 rogate.
2299 1879 2473 1949 Atque
2499 1882 2551 1936 id
2579 1886 2792 1953 quidem
2824 1891 2962 1959 quod
2993 1892 3053 1947 ﬁt
3096 1906 3179 1950 est
3209 1914 3305 1966 pro
3343 1901 3517 1970 nobis,
3551 1919 3649 1975 pro

2072 1969 2221 2024 vobis
2241 1982 2417 2027 autem
2440 1984 2522 2029 est
2547 1979 2850 2035 universum
2877 2000 2891 2041 :
2914 1985 2979 2039 ad
3001 1986 3051 2041 id
3069 1990 3209 2044 enim
3231 1993 3372 2063 quod
3400 2007 3480 2049 est
3497 1969 3648 2053 vobis

2071 2059 2200 2115 utile
2228 2076 2412 2119 sumus
2440 2067 2706 2137 collocati,
2738 2082 2790 2125 et
2813 2073 2880 2129 de
2906 2077 3064 2133 rebus
3098 2059 3291 2137 vestris
3330 2099 3512 2142 sumus
3537 2090 3648 2143 sol-

2070 2152 2219 2249 liciti.
2258 2156 2462 2227 Rogate
2513 2164 2876 2235 unusquisque
2926 2180 2980 2223 et
3017 2172 3260 2240 privatim
3307 2187 3361 2231 et
3410 2181 3641 2249 publice.

2071 2241 2202 2297 Vide
2224 2244 2447 2302 Paulum
2493 2249 2780 2320 dicentem,
2816 2256 2883 2310 Ut
2913 2276 3004 2327 pro
3032 2262 3166 2317 dono
3210 2267 3353 2321 nobis
3397 2241 3516 2323 dato
3557 2289 3647 2340 per

2068 2334 2253 2390 multos
2294 2349 2511 2409 agantur
2544 2346 2723 2412 gratiae
2760 2365 2852 2417 pro
2896 2352 3041 2406 nobis
3100 2354 3186 2425 (2.
3238 2357 3354 2412 Cor.
3390 2363 3440 2414 ‘l.
3494 2334 3592 2434 il.)
3627 2378 3642 2419 :

2070 2425 2170 2481 hoc
2196 2439 2316 2496 est,
2377 2442 2435 2486 ut
2481 2436 2663 2490 multis
2705 2439 2794 2494 det
2832 2444 3079 2512 gratiam.
3120 2447 3174 2503 Si
3203 2451 3342 2519 apud
3369 2425 3642 2520 homines,

2067 2532 2189 2572 reos
2219 2523 2605 2582 condemnatos
2650 2539 2705 2583 et
2746 2534 2833 2601 qui
2882 2534 2949 2589 ad
3000 2548 3223 2593 mortem
3273 2543 3640 2609 abducuntur.

2067 2611 2328 2668 accedens
2354 2617 2579 2685 populus
2606 2623 2922 2690 postulavit,
2971 2637 3024 2681 et
3053 2630 3445 2689 multitudinem
3478 2640 3646 2707 respi-

2067 2701 2214 2756 ciens
2241 2714 2295 2758 et
2318 2720 2577 2764 reverens
2602 2710 2925 2782 Imperator,
2964 2721 3282 2775 sententiam
3323 2701 3594 2782 revocavit
3627 2748 3640 2782 :

2068 2795 2234 2849 multo
2250 2799 2416 2867 magis
2436 2817 2464 2853 a
2488 2803 2636 2857 vobis
2659 2805 2795 2860 Deus
2811 2807 3077 2877 ﬂectetur,
3099 2828 3203 2866 non
3229 2829 3257 2866 a
3280 2816 3639 2887 multitudine,

2066 2888 2160 2941 sed
2190 2905 2220 2943 a
2249 2891 2467 2949 virtute.
2499 2897 2690 2951 Acrem
2731 2901 2872 2954 enim
2900 2910 2956 2956 ct
2982 2903 3354 2962 vehementem
3384 2909 3643 2968 habemus

2069 2979 2293 3035 hostem.

2138 3072 2520 3145 Chrysostomus
2543 3097 2597 3134 se
2632 3082 2769 3136 clare
2805 3084 2926 3139 dicit
2953 3103 3059 3142 esse
3083 3089 3263 3145 ducem
3289 3109 3379 3146 seu
3421 3093 3642 3165 Episco-

2066 3180 2203 3232 pum.
2233 3165 2407 3234 Ipsius
2432 3170 2708 3227 humilitas.
2731 3205 2803 3215 -
2836 3176 3209 3250 Unusquisque
3234 3185 3376 3240 enim
3407 3197 3640 3244 vestrum

2066 3269 2153 3308 res
2173 3271 2297 3311 suas
2326 3270 2498 3326 curat,
2526 3263 2673 3317 etde
2693 3265 2771 3318 eis
2791 3275 2872 3320 est
2912 3270 3171 3324 sollicitus
3200 3289 3214 3325 :
3240 3289 3337 3328 nos
3365 3287 3540 3332 autem
3564 3280 3643 3334 si-

2064 3348 2176 3400 mul
2204 3350 2441 3404 omnium
2471 3368 2485 3405 :
2516 3364 2718 3409 stamus
2747 3359 2797 3410 in
2827 3372 2889 3412 ea
2919 3369 3069 3428 parte
3094 3361 3219 3416 belli
3261 3380 3378 3432 qua:
3402 3368 3638 3435 laborat;

2066 3438 2322 3494 adversus
2344 3458 2440 3497 nos
2464 3443 2705 3500 diabolus
2728 3457 2965 3503 armatur
2990 3452 3376 3509 vehementius.
3403 3456 3461 3512 In
3484 3460 3644 3517 bellis

2065 3531 2206 3583 enim
2236 3542 2360 3587 ante
2381 3534 2516 3589 alios
2542 3551 2729 3593 omnes
2749 3540 2876 3594 belli
2901 3540 3089 3596 ducem
3129 3553 3373 3600 sternere
3418 3562 3644 3607 conatur

2065 3622 2427 3680 adversarius.
2462 3627 2749 3696 Propterea
2777 3630 2903 3685 illuc
2930 3647 3119 3689 omnes
3158 3648 3378 3691 currunt
3418 3642 3643 3711 conjun-

2065 3714 2165 3767 ctis
2190 3715 2392 3785 clypeis
2422 3735 2435 3770 :
2461 3730 2737 3788 propterea
2766 3737 2987 3792 magnus
3015 3734 3098 3779 est
3124 3728 3380 3783 tumultus
3402 3746 3644 3802 unoquo-

2064 3819 2167 3873 que
2193 3815 2420 3862 conante
2443 3822 2567 3862 eum
2605 3810 2674 3864 de
2702 3811 2880 3867 medio
2909 3813 3124 3880 tollere,
3157 3825 3212 3870 et
3239 3818 3439 3889 clypeis
3489 3823 3641 3879 illum

2064 3897 2453 3968 circumtegunt
2488 3914 2552 3954 ac
2577 3902 2843 3971 muniunt,
2873 3904 3011 3960 illius
3047 3918 3207 3976 caput
3237 3911 3478 3967 volentes
3507 3930 3640 3969 con-

2062 4002 2300 4043 servare.
2328 3989 2523 4046 Audite
2543 3992 2668 4061 quid
2696 3993 2879 4049 Davidi
2909 3995 3050 4051 dicat
3081 4007 3221 4053 totus
3244 4003 3465 4070 populus
3493 4004 3640 4075 (non

2064 4079 2250 4135 Davidi
2275 4083 2535 4153 meipsum
2560 4086 2840 4141 conferens
2858 4087 2973 4143 haec
2993 4089 3146 4155 dico;
3177 4107 3281 4145 non
3306 4094 3374 4147 ita
3394 4095 3599 4151 insanio
3629 4116 3644 4163 ;

2063 4172 2159 4226 sed
2189 4175 2369 4242 populi
2397 4190 2521 4245 erga
2539 4178 2842 4247 principem
2877 4181 3160 4237 ostendere
3188 4184 3375 4240 volens
3405 4162 3640 4243 bene.on
3736 4162 3743 4167 θ

2062 4265 2317 4338 lentiam)
2347 4285 2361 4322 :
2395 4267 2478 4323 Ne
2505 4271 2779 4340 egrediaris
2799 4314 2813 4338 ,
2844 4274 3031 4343 inquit,
3062 4277 3130 4328 ad
3154 4274 3336 4330 bellum
3359 4280 3639 4347 nobiscum,

2063 4373 2126 4411 ne
2166 4359 2513 4429 exstinguatur
2539 4362 2745 4414 lucerna
2775 4360 2944 4416 Israel
2985 4364 3066 4436 (2.
3090 4364 3217 4437 Reg.
3242 4367 3330 4421 2|.
3363 4370 3475 4441 l7).
3507 4373 3641 4428 Vide

2061 4459 2315 4517 quantum
2344 4450 2630 4518 parcebant
2648 4452 2784 4506 seni.
2807 4452 3009 4509 Vestris
3029 4456 3277 4524 precibus
3296 4459 3447 4514 valde
3472 4476 3603 4532 egeo
3626 4482 3641 4517 :

2063 4556 2222 4594 nemo
2249 4556 2354 4606 me,
2390 4552 2447 4596 ut
2474 4542 2607 4608 dixi,
2654 4559 2719 4598 cx
2748 4545 3032 4602 immodica
3061 4548 3359 4606 humilitate
3404 4552 3502 4609 hac
3528 4557 3640 4625 pri-

2062 4642 2152 4687 vet
2181 4648 2282 4703 ope
2320 4643 2375 4688 et
2413 4635 2631 4690 auxilio.
2677 4636 2732 4691 Si
2774 4653 2860 4692 res
2888 4650 3083 4693 nostrze
3110 4640 3336 4697 floreant
3363 4655 3416 4699 et
3454 4647 3559 4702 sint
3586 4652 3639 4703 in

2062 4723 2199 4779 bona
2220 4725 2635 4794 existimatione,
2655 4737 2848 4783 vestra:
2885 4746 3097 4801 quoque
3131 4744 3289 4788 erunt
3317 4737 3648 4805 splendidio-

2062 4831 2150 4871 res
2172 4835 2185 4869 :
2204 4818 2248 4871 si
2272 4818 2424 4873 nobis
2441 4833 2695 4889 prospere
2716 4821 2841 4875 ﬂuat
2856 4822 3120 4891 doctrina,
3140 4825 3207 4879 ad
3230 4842 3326 4880 vos
3340 4830 3643 4885 transibunt

2061 4911 2282 4965 divitiae.
2337 4912 2474 4966 Audi
2524 4912 2835 4982 prophetam
2882 4915 3185 4983 dicentem,
3253 4917 3397 4973 Nunt
3450 4923 3644 4991 seipsos

2064 5013 2277 5071 pascunt
2306 5012 2531 5073 pastores
2568 5004 2795 5076 (Ezech.
2826 5007 2916 5062 54.
2953 5007 3061 5079 2)?
3089 5009 3247 5065 Vides
3291 5012 3511 5067 Paulum
3544 5015 3642 5070 has

2062 5112 2248 5166 preces
2298 5109 2603 5166 poscentem
2646 5099 2900 5154 assidue?
2944 5101 3096 5157 audis
3145 5103 3288 5173 quod
3330 5106 3522 5160 Petrus
3563 5108 3643 5160 sic

2063 5200 2277 5260 ereptus
2304 5192 2373 5245 sit
2400 5206 2432 5247 e
2456 5206 2673 5247 carcere
2692 5234 2707 5255 ,
2751 5194 3002 5262 quoniam
3030 5197 3242 5252 assidue
3269 5213 3368 5267 pro
3392 5214 3463 5253 eo
3485 5199 3646 5254 fiebat
3669 5174 3685 5211 κ
3707 5208 3722 5235 ⁸

2060 5284 2233 5337 oratio
2262 5284 2281 5353 (
2305 5284 2417 5337 Act.
2450 5282 2537 5337 l2.
2566 5284 2599 5338 5
2620 5284 2673 5347 )?
2699 5284 2860 5340 Plane
2885 5286 3047 5341 credo
3076 5287 3313 5343 futurum
3361 5300 3419 5344 ut
3448 5301 3643 5347 vestrae

2063 5390 2251 5445 preces
2292 5376 2513 5430 multum
2546 5379 2786 5445 possint,
2834 5394 2955 5448 qua:
3008 5394 3130 5434 cum
3180 5390 3328 5435 tanto
3376 5397 3644 5438 consensu

292 5476 295 5477 ν
377 5468 543 5525 neum
579 5487 767 5526 manus
792 5472 1082 5529 extendere
1122 5489 1221 5553 pro
1248 5488 1430 5531 nostra
1456 5478 1681 5548 vilitate,
1707 5479 1943 5538 [υιω-υιη
2061 5469 2215 5522 tiunt.
2248 5467 2511 5535 Quantum
2546 5468 2862 5525 existimatis
2891 5480 3130 5525 nostram
3167 5486 3493 5543 exsuperare
3520 5476 3644 5530 vili-

374 5569 435 5614 ut
455 5562 632 5615 omnia
659 5563 813 5618 nobis
832 5574 978 5620 recte
998 5565 1307 5623 succedant.
1348 5566 1423 5621 ita
1450 5570 1635 5625 hostes
1664 5586 1942 5643 oppugne-
2060 5570 2243 5626 talem.
2278 5575 2374 5631 PFO
2395 5570 2541 5616 ωηῐο
2556 5562 2750 5631 Populo
2775 5563 2839 5617 ad
2864 5563 3029 5618 Deum
3053 5564 3309 5621 accedere
3335 5574 3392 5621 θι
3418 5569 3643 5639 rogare?

375 5666 496 5706 mus
538 5654 782 5722 precibus
807 5663 863 5711 et
887 5655 1386 5727 supplicationibus.
1430 5660 1485 5715 Si
1539 5662 1681 5715 enim
1714 5676 1946 5720 armatos

380 5740 448 5795 ita
479 5745 850 5817 oppugnabant
868 5757 1095 5816 veteres,
1126 5750 1296 5804 multo
1324 5751 1491 5821 magis
1516 5752 1593 5807 sic
1622 5764 1741 5809 sunt
1771 5770 1946 5825 oppu-

377 5836 570 5905 gnandi
592 5837 625 5893 ii
647 5839 735 5911 qui
757 5848 881 5899 sunt
905 5842 1156 5901 inermes.
1182 5843 1257 5901 ιω
1282 5843 1537 5903 Ezechias
1560 5847 1761 5919 fugavit
1780 5850 1945 5921 ASsy~

2060 5654 2193 5711 Nam
2226 5655 2271 5708 si
2302 5656 2417 5725 ipse
2443 5664 2641 5710 tantam
2685 5670 2789 5709 non
2817 5655 2989 5711 habeo
3016 5656 3262 5712 ﬁduciam
3283 5699 3298 5723 ,
3344 5669 3403 5713 ut
3430 5674 3529 5729 pro
3555 5676 3640 5716 mc

2022 5722 2030 5821 ξ
2061 5762 2249 5819 precer
2278 5748 2482 5801 :multo
2524 5748 2701 5801 minus
2730 5756 2787 5801 ut
2834 5764 2929 5817 pro
2950 5747 3089 5804 aliis.
3136 5747 3235 5803 Est
3280 5750 3423 5805 enim
3454 5765 3637 5806 eormn

2021 5831 2039 5919 Ξ,
2060 5843 2151 5913 qui
2181 5852 2303 5900 sunt
2330 5844 2451 5900 vita:
2476 5844 2654 5915 proch
2680 5853 2733 5901 ct
2755 5843 2907 5900 bona:
2934 5839 3358 5913 existimationis,
3388 5852 3443 5901 et
3472 5844 3649 5902 Deum
