4114 6396
493 371 591 429 691

496 497 687 555 rogare
717 490 774 539 ut
798 482 867 539 sit
894 480 1014 536 aliis
1036 479 1297 551 benignus
1324 495 1387 535 ac
1429 478 1720 550 propitius;
1770 486 1853 533 est
1890 487 2077 531 eorum

493 579 585 649 qui
635 577 809 647 ipsum
840 576 941 630 sibi
983 574 1335 630 reddiderunt
1377 572 1693 628 benevolum
1724 588 1737 624 ε
1765 570 1857 640 qui
1898 579 2075 623 autem

499 674 617 742 ipse
644 685 860 742 quoque
890 667 1133 732 offendit,
1164 666 1433 737 quomodo
1459 665 1666 735 rogabit
1691 679 1788 734 pro
1808 662 1948 716 alio?
1969 661 2077 716 Sed

497 774 674 819 tamen
718 762 969 834 quoniam
997 760 1233 831 paternis
1260 774 1358 813 vos
1390 758 1718 827 complector
1746 754 2040 810 visceribus
2058 794 2073 819 ,

493 857 745 927 quoniam
771 855 950 911 omnia
984 853 1146 908 audet
1170 852 1385 917 caritas,
1417 866 1521 905 non
1548 850 1719 905 solum
1747 848 1799 903 in
1826 847 2073 912 ecclesia,

492 948 587 1002 sed
609 958 664 1002 et
685 946 832 1001 domi
853 954 977 1000 ante
1001 944 1103 997 alia
1126 942 1291 997 fundo
1312 957 1497 1012 preces
1522 956 1621 1011 pro
1641 950 1819 995 vestra
1847 938 2076 993 sanitate

490 1040 684 1094 anima:
714 1049 769 1095 et
794 1037 1059 1107 corporis.
1090 1035 1261 1091 Nullae
1290 1036 1432 1091 enim
1453 1034 1571 1088 aliae
1599 1048 1785 1104 preces
1809 1030 2073 1087 sacerdoti

490 1146 642 1202 :rque
698 1131 1056 1195 conveniunt,
1104 1137 1267 1199 atque
1327 1143 1421 1198 pro
1473 1128 1629 1183 bonis
1673 1127 1856 1197 populi
1905 1126 2070 1181 Deum

488 1224 639 1278 adire
680 1231 735 1278 et
773 1222 912 1292 apud
943 1236 1066 1277 eum
1098 1220 1453 1276 intercedere.
1489 1219 1621 1274 Nam
1668 1220 1715 1275 si
1743 1219 1845 1275 Job
1891 1219 2070 1272 statim

488 1329 714 1385 surgens
765 1324 870 1368 tam
920 1313 1088 1367 multa
1136 1312 1364 1368 faciebat
1405 1327 1503 1382 pro
1555 1311 1681 1367 ﬁliis
1726 1311 2069 1376 carnalibus,

488 1417 689 1479 quanto
714 1407 882 1477 magis
912 1421 1011 1461 nos
1048 1405 1306 1461 debemus
1342 1406 1513 1460 facere
1547 1419 1645 1474 pro
1678 1403 2072 1473 spiritualibus?

559 1500 614 1556 Α.
645 1500 753 1556 Cur
799 1508 978 1555 autem
1025 1498 1139 1553 haec
1168 1499 1330 1553 dico?
1358 1498 1494 1565 Quia
1535 1499 1579 1551 si
1627 1512 1725 1551 nos
1777 1511 1874 1566 pro
1915 1495 2071 1550 vobis

489 1593 737 1649 omnibus
763 1608 951 1663 preces
977 1592 1251 1648 fundimus
1271 1602 1325 1647 et
1347 1606 1584 1659 oramus,
1612 1593 1713 1645 etsi
1740 1600 1946 1646 tantum
1972 1591 2071 1645 ab-

489 1700 677 1741 sumus
701 1700 731 1739 a
757 1687 836 1741 rei
862 1685 1248 1756 magnitudine,
1273 1684 1443 1739 multo
1477 1684 1648 1754 magis
1661 1684 1863 1754 justum
1904 1693 1987 1738 est
2014 1696 2072 1738 ut

492 1793 593 1834 vos
640 1776 744 1833 hoc
796 1777 1027 1833 faciatis.
1079 1777 1211 1830 Nam
1262 1792 1425 1831 unum
1474 1776 1688 1846 quidem
1734 1790 1924 1845 rogare
1972 1790 2071 1845 pro

490 1872 696 1935 multis,
736 1885 941 1941 magna:
970 1878 1055 1925 est
1081 1870 1317 1925 audaciae
1343 1880 1396 1925 et
1423 1869 1565 1940 quod
1596 1870 1758 1924 multa
1780 1878 1900 1939 eget
1929 1868 2070 1922 ﬁdu-

487 1964 605 2028 cia;
636 1962 834 2017 multos
864 1970 1065 2028 autem,
1099 1977 1220 2016 cum
1257 1962 1416 2016 simul
1441 1962 1816 2027 convenerint,
1844 1976 1940 2032 pro
1964 1976 2071 2015 uno

487 2055 731 2123 precari,
761 2069 867 2108 non
897 2062 982 2109 est
1009 2069 1172 2124 grave
1201 2069 1301 2109 nec
1349 2056 1735 2124 importunum.
1767 2053 1885 2107 Non
1925 2054 2067 2107 enim

495 2163 607 2201 sua:
634 2146 817 2201 virtuti
846 2146 1013 2202 ﬁdens
1044 2146 1148 2201 hoc
1178 2145 1304 2201 facit
1333 2146 1719 2215 unusquisque,
1746 2146 1841 2200 sed
1882 2146 2067 2199 multi-

488 2239 659 2294 tudini
688 2248 743 2293 et
784 2239 1072 2294 consensui
1112 2254 1269 2309 quem
1314 2252 1528 2307 semper
1564 2238 1797 2292 maxime
1851 2238 2069 2307 respicit

486 2333 647 2396 Deus,
677 2342 732 2388 et
775 2348 838 2387 eo
885 2342 1129 2387 movetur
1154 2346 1218 2386 ac
1266 2332 1528 2400 placatur.
1563 2328 1661 2384 Ubi
1690 2331 1823 2383 enim
1879 2330 2068 2400 fuerint

491 2427 592 2479 duo
619 2434 707 2479 aut
746 2434 845 2479 tres
886 2424 1174 2496 congregati
1217 2424 1272 2477 in
1298 2424 1500 2477 nomine
1547 2438 1693 2488 meo,
1727 2422 1929 2492 inquit,
1960 2422 2066 2475 illic

489 2533 605 2569 sum
629 2517 683 2569 in
708 2516 872 2570 medio
892 2532 1065 2570 eorum
1088 2514 1297 2585 (Matth.
1328 2514 1417 2569 18.
1443 2513 1562 2584 ‘20).
1594 2513 1652 2569 Si
1679 2513 1766 2567 ubi
1811 2521 1934 2566 sunt
1958 2512 2064 2567 duo

484 2617 579 2662 aut
611 2618 721 2662 tres
745 2606 1073 2677 congregati,
1098 2615 1179 2661 est
1208 2607 1261 2660 iit
1294 2605 1470 2660 medio
1500 2622 1514 2657 :
1547 2605 1714 2659 multo
1734 2603 1903 2674 magis
1923 2603 2063 2673 apud

479 2714 596 2755 vos.
621 2698 773 2767 Quod
804 2700 947 2753 enim
980 2714 1075 2768 per
1111 2712 1171 2753 se
1208 2712 1431 2768 precans
1459 2698 1719 2768 quispiam
1750 2712 1857 2750 non
1890 2706 2063 2764 potest

484 2792 771 2859 accipere,
816 2788 921 2844 hoc
967 2790 1194 2859 accipiet
1249 2804 1476 2859 precans
1516 2805 1637 2844 cum
1693 2789 2056 2844 multitudine.

478 2882 654 2946 (luare
678 2881 701 2933 ?
727 2880 988 2947 Quoniam
1016 2880 1117 2935 etsi
1149 2894 1256 2934 non
1282 2881 1449 2934 virtus
1490 2881 1728 2950 propria,
1755 2879 1849 2934 sed
1883 2889 2059 2934 tamen

488 2988 785 3028 consensus
798 2988 1043 3042 magnam
1067 2972 1228 3027 habet
1245 2973 1346 3026 vim
1363 2991 1377 3027 :
1395 2971 1491 3027 Ubi
1521 2973 1727 3042 fuerint,
1743 2973 1935 3042 inquit,
1958 2971 2060 3025 duo

474 3078 564 3120 aut
593 3077 692 3121 tres
715 3066 1026 3136 congregati.
1044 3065 1151 3121 Cur
1166 3064 1429 3120 dixitDuo
1447 3066 1472 3118 ?
1489 3081 1609 3120 nam
1623 3066 1666 3120 si
1680 3081 1818 3121 unus
1832 3065 1988 3120 fuerit
2004 3067 2057 3121 in

476 3159 694 3214 nomine
727 3169 839 3224 tuo,
869 3173 965 3212 cur
989 3172 1092 3211 non
1118 3172 1177 3212 es
1208 3157 1363 3213 illic?
1391 3158 1654 3225 Quoniam
1695 3159 1817 3212 volo
1867 3172 2057 3214 omnes

474 3251 635 3305 simul
657 3266 794 3316 esse,
830 3258 885 3305 et
910 3266 1014 3304 non
1046 3264 1167 3304 esse
1186 3250 1448 3305 divulsos.
1476 3250 1584 3305 Nos
1609 3266 1736 3321 ergo
1761 3251 1895 3305 alter
1924 3252 2059 3306 alte-

470 3356 591 3395 rum
622 3341 1053 3395 communiamus
1074 3381 1089 3407 ,
1121 3343 1345 3395 caritate
1369 3341 1759 3411 conjungamus
1799 3356 1864 3397 ac
1900 3342 2055 3397 colli-

471 3447 658 3501 gemus
689 3449 702 3485 :
729 3447 887 3487 nemo
916 3447 1015 3486 nos
1045 3442 1280 3501 separet.
1324 3432 1379 3487 Si
1430 3434 1693 3502 quispiam
1734 3442 1981 3498 accusat,
2009 3435 2053 3489 si

472 3525 737 3593 quispiam
768 3526 1010 3580 molestia
1055 3534 1139 3580 est
1164 3524 1421 3588 affectus,
1452 3541 1520 3581 ne
1548 3526 1599 3580 id
1629 3538 1806 3582 verset
1850 3529 2052 3591 animo,

472 3631 568 3671 seu
597 3616 737 3685 apud
786 3617 1090 3687 proximum
1118 3659 1132 3682 ,
1166 3632 1261 3672 seu
1307 3618 1447 3687 apud
1503 3634 1619 3673 nos.
1648 3618 1797 3675 lianc
1826 3635 1857 3674 a
1903 3620 2056 3675 vobis

472 3718 599 3777 peto
626 3708 874 3778 gratiam,
906 3719 962 3761 ut
982 3708 1250 3763 accedatis
1275 3719 1329 3763 et
1356 3710 1706 3780 expostuletis
1748 3720 1804 3766 et
1830 3726 2055 3767 excusa-

472 3802 675 3855 tionem
704 3819 733 3856 a
781 3802 938 3857 nobis
980 3802 1275 3871 accipiatis.
1310 3801 1523 3873 Corripe
1546 3845 1561 3867 ,
1595 3804 1799 3873 inquit,
1832 3820 1896 3858 ne
1926 3808 2057 3875 forte

468 3910 572 3947 non
602 3893 788 3948 dixerit
818 3909 836 3946 :
867 3894 1096 3963 corripe,
1131 3911 1194 3947 ne
1216 3893 1346 3963 forte
1373 3895 1587 3964 fecerit;
1635 3896 1727 3947 etsi
1755 3896 1967 3963 fecerit,
1994 3911 2058 3950 ne

469 3983 628 4036 addat
655 3984 876 4052 amplius
902 3982 1096 4054 (Eccli.
1116 3983 1202 4037 19.
1225 3984 1338 4054 14).
1371 3986 1477 4039 Aut
1505 3986 1647 4039 enim
1695 4000 2012 4043 excusamus
2036 4028 2051 4053 ,

469 4084 563 4127 aut
588 4074 926 4129 condemnati
955 4075 1166 4129 veniam
1193 4075 1446 4144 petimus,
1473 4086 1528 4131 et
1557 4076 1625 4131 de
1650 4088 1846 4132 caetero
1874 4087 2053 4133 tenta-

474 4182 593 4221 mus
625 4183 691 4222 ne
718 4168 767 4219 in
796 4166 990 4221 eadem
1018 4167 1333 4221 incidamus.
1360 4167 1471 4223 Hoc
1502 4181 1557 4224 et
1585 4171 1741 4225 vobis
1768 4172 1979 4226 confert
2001 4182 2055 4227 et

474 4259 650 4312 nobis.
679 4258 811 4312 Nam
838 4272 935 4310 vos
961 4257 1175 4326 quidem
1207 4258 1409 4328 absque
1457 4261 1667 4315 ratione
1711 4260 1851 4316 forte
1895 4277 2059 4317 accn-

470 4358 673 4415 santes,
706 4363 825 4403 cum
850 4348 1128 4402 veritatem
1158 4349 1234 4402 rei
1256 4349 1647 4415 intellexeritis,
1667 4352 2005 4422 eorrigemini
2039 4370 2055 4409 :

469 4454 566 4493 nos
589 4448 766 4493 autem
800 4441 1105 4509 ignoramus
1133 4454 1412 4508 peccasse,
1441 4450 1496 4496 et
1522 4444 1858 4513 corrigimur.
1888 4444 2055 4500 Vobis

465 4532 679 4602 quidem
711 4533 828 4586 sine
854 4533 1167 4587 discrimine
1185 4548 1343 4603 agere
1370 4549 1480 4588 non
1508 4534 1728 4604 prodest
1752 4553 1766 4601 ;
1802 4552 1923 4590 nam
1948 4538 2055 4593 illis

466 4625 751 4679 constituta
778 4633 859 4681 est
889 4640 1044 4693 poena
1070 4626 1160 4696 qui
1202 4627 1424 4682 verbum
1467 4629 1703 4683 otiosum
1749 4632 2002 4685 emittunt
2035 4649 2047 4684 :

463 4733 565 4773 nos
592 4725 775 4772 autem
804 4719 1026 4771 crimina
1057 4729 1161 4773 tam
1182 4735 1304 4773 vera
1342 4735 1501 4789 quam
1530 4720 1659 4776 falsa
1701 4724 2009 4792 repellimus
2036 4743 2049 4777 :

459 4813 591 4867 falsa
620 4810 859 4881 quidem,
890 4809 1023 4864 falsa
1055 4827 1174 4867 esse
1203 4813 1586 4879 ostendentes;
1618 4830 1741 4869 vera
1770 4827 1970 4883 autem,
1992 4833 2053 4873 ea

1199 366 1257 421 S.
1295 362 1571 421 JOANNIS
1612 356 2085 417 CHRYSOSTOMI
2122 359 2437 421 ARCHIEP.
2474 366 2999 425 CONSTANTINOP.

3659 373 3769 429 493

2187 491 2295 531 non
2338 479 2567 549 amplius
2600 480 2876 537 facientes.
2907 485 3135 537 0man
3162 498 3381 540 necesse
3409 492 3492 541 est
3515 525 3533 550 ,
3579 495 3637 541 nt
3678 491 3766 543 cui

2183 577 2289 621 tam
2319 571 2483 625 multa
2510 581 2634 626 sunt
2663 588 2827 640 curae,
2856 584 2911 629 et
2937 575 3174 645 ignoret,
3202 586 3256 632 et
3284 587 3470 646 peccet
3516 593 3584 634 ex
3614 579 3769 650 igno-

2182 660 2410 717 ratione.
2430 662 2560 717 Nam
2587 665 2630 718 si
2651 667 3009 736 unusquisque
3027 678 3261 723 vestrum
3289 671 3496 725 habens
3515 669 3762 737 domum,

2182 769 2513 823 uxoremque
2541 768 2599 811 et
2628 757 2762 812 ﬁlios
2789 768 2843 814 et
2870 774 3055 815 servos
3091 776 3227 831 quos
3253 771 3424 832 regat,
3467 765 3603 819 alius
3641 766 3766 835 qni-

2180 846 2302 901 dem
2330 848 2533 917 plures,
2564 849 2699 904 alius
2724 866 2852 905 vero
2880 853 3183 921 pauciores,
3216 854 3271 908 in
3299 864 3405 909 tam
3437 857 3622 925 paucis
3674 866 3763 911 ta—

2181 953 2302 992 men
2332 947 2387 993 et
2415 951 2696 995 numeratu
2721 950 2828 997 tam
2858 942 3105 998 facilibus
3130 982 3143 1007 ,
3173 945 3338 1000 multa
3386 962 3613 1016 peccare
3646 964 3761 1004 non

2181 1040 2235 1087 ut
2261 1034 2373 1088 vult
2400 1037 2627 1105 cogitur,
2653 1046 2745 1091 aut
2766 1039 3040 1103 nesciens,
3069 1049 3160 1094 aut
3180 1041 3368 1095 volens
3402 1041 3601 1111 aliquid
3629 1057 3762 1098 cor—

2180 1128 2353 1195 rigere
2381 1145 2394 1179 :
2426 1130 2594 1183 multo
2616 1131 2781 1199 magis
2811 1146 2911 1185 nos
2927 1131 3018 1201 qui
3050 1142 3193 1186 tanto
3220 1147 3517 1202 przesumus
3537 1137 3753 1204 populo.

2180 1218 2247 1272 Et
2277 1234 2375 1273 vos
2402 1221 2578 1276 adhuc
2604 1223 2921 1294 multiplicct
2961 1224 3236 1290 Dominus,
3269 1234 3323 1280 et
3351 1241 3446 1281 vos
3475 1226 3761 1283 benedicat

2177 1325 2370 1380 parvos
2391 1327 2510 1366 cum
2540 1316 2765 1384 magnis.
2796 1313 2928 1368 Nam
2956 1315 3056 1369 etsi
3082 1329 3149 1369 ex
3179 1315 3519 1372 multitudine
3564 1333 3755 1388 magna

2178 1406 2415 1457 nascitur
2442 1404 2743 1459 sollicitudo
2767 1446 2781 1469 ,
2811 1422 2915 1460 non
2941 1420 3211 1461 cessamus
3258 1417 3434 1462 tamen
3462 1410 3667 1478 precari
3698 1419 3758 1464 ut

2176 1511 2239 1550 ea
2280 1511 2407 1551 cura
2456 1498 2611 1552 nobis
2636 1510 2880 1564 crescat,
2920 1509 2976 1555 et
3012 1512 3268 1569 augeatur
3314 1501 3429 1557 haec
3472 1503 3755 1559 multitudo

2177 1590 2371 1658 fiatque
2408 1591 2686 1659 multiplex
2726 1600 2779 1646 et
2828 1590 3055 1645 inﬁnita.
3084 1592 3217 1647 Nam
3263 1603 3443 1662 patres
3497 1610 3747 1665 quoque,

2175 1680 2275 1733 etsi
2302 1696 2587 1736 numerosa
2626 1682 2840 1738 soboles
2866 1699 2961 1738 eos
2996 1698 3139 1753 saepe
3157 1686 3379 1750 cruciat,
3413 1687 3617 1741 nullum
3664 1699 3753 1742 ta-

2175 1789 2298 1829 men
2336 1775 2523 1828 volunt
2567 1777 2834 1831 amittere.
2854 1776 3044 1831 Omnia
3074 1777 3224 1831 vobis
3250 1786 3306 1833 et
3327 1778 3480 1833 nobis
3502 1780 3748 1850 aequalia,

2179 1876 2233 1920 et
2278 1868 2464 1921 eadem
2510 1877 2635 1923 sunt
2679 1869 2943 1925 bonorum
2993 1872 3166 1939 capita
3201 1890 3215 1925 :
3248 1887 3353 1926 non
3384 1888 3483 1943 ego
3533 1874 3750 1945 quidem

2173 1958 2363 2029 majori
2404 1961 2580 2029 copia,
2608 1977 2705 2016 vos
2727 1972 2904 2017 autem
2946 1964 3163 2030 minori,
3197 1978 3362 2020 sacra:
3388 1979 3572 2021 sumus
3599 1982 3752 2021 men-

2172 2064 2245 2103 sa:
2270 2050 2585 2120 participes,
2633 2052 2728 2107 sed
2780 2055 2990 2124 utrique
3016 2070 3134 2108 eam
3164 2056 3411 2111 similiter
3457 2058 3748 2128 tangimus.

2172 2140 2228 2193 Si
2260 2150 2437 2197 autent
2469 2158 2569 2213 ego
2597 2146 2744 2213 prior
2764 2184 2779 2208 ,
2808 2160 2914 2199 non
2945 2148 3119 2216 magni
3149 2146 3314 2201 refert
3340 2166 3355 2201 :
3378 2163 3499 2203 nam
3528 2158 3582 2205 et
3610 2150 3753 2205 inter

2172 2232 2370 2287 liberos
2398 2235 2569 2303 major
2595 2246 2722 2289 natu
2751 2237 2899 2305 prior
2925 2253 3139 2291 manum
3169 2238 3408 2293 extendit
3430 2240 3495 2294 ad
3521 2242 3705 2311 epulas
3729 2260 3745 2308 ;

2171 2324 2265 2379 sed
2292 2340 2357 2379 ex
2378 2340 2443 2379 eo
2462 2334 2634 2381 tamen
2661 2326 2794 2381 nihil
2820 2330 3099 2393 accrescit,
3128 2330 3223 2384 sed
3245 2339 3369 2385 sunt
3397 2332 3550 2386 nobis
3565 2335 3748 2387 omnia

2168 2417 2390 2485 :rqualia
2422 2438 2434 2472 :
2467 2417 2713 2471 salutaris
2737 2430 2791 2472 et
2834 2436 2954 2488 quin
2995 2422 3203 2475 animas
3245 2432 3457 2477 nostras
3506 2425 3749 2479 continet

2168 2508 2273 2561 vita
2299 2547 2313 2570 ,
2343 2523 2462 2562 cum
2495 2509 2683 2563 eodem
2741 2510 2944 2567 honore
2983 2514 3149 2567 datur
3196 2516 3455 2584 utrisque.
3488 2514 3602 2570 Non
3645 2531 3749 2587 ego

2168 2599 2382 2668 quidem
2404 2602 2625 2657 alterius
2650 2605 2789 2668 ovis,
2809 2619 2903 2659 vos
2929 2614 3106 2659 autem
3126 2606 3364 2671 alterius,
3389 2608 3484 2662 sed
3504 2608 3746 2676 ejusdem

2168 2705 2357 2746 omnes
2400 2708 2585 2747 sumus
2615 2695 2903 2764 participes
2936 2714 2950 2750 :
2985 2696 3126 2750 idem
3175 2696 3441 2766 baptisma
3488 2698 3748 2754 habemus

2168 2787 2395 2857 utrique,
2447 2803 2554 2842 uno
2595 2788 2798 2859 dignati
2826 2805 3008 2844 sumus
3034 2791 3244 2860 spiritu,
3269 2792 3335 2845 ad
3358 2791 3497 2847 idem
3522 2808 3747 2863 regnum

2166 2879 2380 2949 utrique
2434 2882 2852 2945 contendimus;
2889 2882 3081 2937 fratres
3115 2882 3318 2938 Christi
3359 2884 3604 2940 similiter
3648 2901 3749 2940 su-

2164 2986 2285 3026 mns
2316 2988 2328 3023 :
2358 2973 2538 3025 omnia
2568 2982 2693 3027 sunt
2719 2972 2877 3028 nobis
2902 2975 3223 3029 communia.
3272 2974 3326 3029 In
3368 2992 3597 3046 quonam
3641 2995 3748 3049 ego

2165 3065 2473 3133 exsupero?
2500 3063 2558 3119 ln
2587 3065 2751 3131 curis,
2786 3066 2838 3119 in
2858 3066 3150 3131 laboribus,
3183 3067 3236 3121 in
3268 3068 3745 3136 sollicitudinibus,

2164 3172 2230 3210 eo
2269 3156 2412 3226 quod
2435 3170 2536 3226 pro
2579 3157 2732 3212 vobis
2771 3156 2952 3212 doleo.
2978 3157 3085 3214 Sed
3112 3158 3247 3212 nihil
3291 3169 3374 3214 est
3413 3159 3517 3215 hoc
3558 3160 3749 3216 dolore

2163 3249 2395 3303 suavius.
2427 3248 2560 3303 Nam
2588 3257 2643 3304 et
2666 3258 2839 3303 mater
2868 3249 3059 3304 dolens
3102 3265 3200 3320 pro
3254 3251 3363 3305 ﬁlio
3388 3292 3404 3317 ,
3435 3252 3622 3307 dolore
3646 3253 3750 3309 de-

2164 3341 2409 3404 lectatur,
2441 3340 2509 3394 de
2530 3343 2641 3395 suis
2672 3341 2810 3395 natis
2832 3350 2916 3395 est
2943 3341 3172 3395 sollicita
3200 3383 3214 3407 ,
3239 3343 3452 3397 laatatttr
3487 3344 3749 3398 sollicitu-

2162 3431 2393 3485 dinibus.
2418 3432 2579 3501 Atqui
2624 3432 2932 3487 sollicitudo
2979 3433 3195 3502 quidem
3251 3449 3344 3502 per
3393 3450 3454 3490 se
3517 3450 3606 3491 res
3658 3449 3747 3492 est

2163 3538 2365 3587 amara,
2390 3522 2484 3577 sed
2515 3523 2729 3591 quando
2758 3538 2820 3578 ea
2853 3524 3012 3578 fuerit
3038 3539 3136 3591 pro
3160 3524 3302 3588 ﬁliis,
3335 3526 3552 3581 multam
3581 3529 3749 3585 habet

2162 3616 2507 3684 voluptatem.
2532 3614 2726 3670 Multos
2750 3630 2817 3670 ex
2843 3616 2995 3670 vobis
3036 3616 3229 3686 genui,
3262 3616 3357 3671 sed
3403 3627 3584 3687 postea
3621 3619 3746 3674 fne-

2163 3716 2288 3760 runt
2323 3706 2537 3761 dolores
2565 3714 2773 3777 partus.
2797 3706 2929 3761 Nam
2956 3707 3096 3777 apud
3139 3716 3338 3763 matres
3365 3708 3580 3779 quidem
3620 3725 3749 3765 cor-

2162 3798 2374 3867 porales
2406 3798 2552 3866 prius
2581 3808 2707 3851 sunt
2733 3798 2976 3863 dolores,
3013 3807 3068 3853 et
3096 3808 3221 3854 tunc
3263 3809 3347 3855 est
3385 3811 3571 3870 partus
3605 3820 3619 3857 :
3652 3803 3747 3859 hic

2163 3902 2343 3945 autem
2372 3890 2438 3945 ad
2471 3887 2709 3945 ultimam
2740 3906 2906 3958 usque
2925 3892 3332 3961 respirationem
3354 3904 3480 3948 sunt
3499 3893 3745 3963 dolores,

2164 3999 2231 4038 ne
2255 3991 2374 4051 post
2411 3993 2624 4051 partum
2657 3983 2727 4036 sit
2754 3983 2954 4053 aliquid
2976 3984 3309 4052 abortivum;
3341 3985 3501 4056 idque
3525 4002 3625 4059 ego
3644 3989 3747 4044 de—

2166 4076 2364 4129 sidero.
2390 4074 2519 4128 Nam
2558 4076 2654 4129 etsi
2683 4075 2821 4128 alius
2850 4089 2992 4144 saepe
3017 4078 3234 4145 genuit,
3262 4092 3361 4148 ego
3389 4089 3566 4134 autem
3597 4083 3746 4137 curis

2164 4168 2396 4223 dilanior
2420 4186 2432 4222 :
2455 4183 2629 4238 neque
2653 4168 2795 4221 enim
2824 4184 2888 4222 ex
2918 4167 3070 4223 nobis
3088 4184 3427 4238 generamus,
3455 4171 3551 4227 sed
3574 4181 3746 4229 totum

2166 4270 2257 4329 est.
2300 4260 2392 4315 Dei
2423 4261 2629 4330 gratim.
2679 4259 2737 4315 Si
2765 4274 2945 4314 autem
2990 4261 3149 4316 ambo
3183 4262 3420 4330 perimus
3466 4279 3562 4333 per
3585 4266 3747 4334 spiri-

2168 4362 2298 4415 tum,
2332 4366 2437 4404 non
2468 4351 2826 4414 aberraveris,
2853 4352 2899 4405 si
2927 4360 2983 4406 et
3005 4367 3101 4406 eos
3125 4353 3214 4423 qui
3236 4369 3299 4407 ex
3321 4370 3408 4409 me
3444 4356 3549 4410 nati
3581 4367 3745 4423 sunt,

2167 4446 2330 4509 illius,
2356 4455 2412 4500 et
2439 4460 2533 4499 eos
2561 4446 2651 4514 qui
2682 4459 2746 4499 ex
2773 4445 2864 4499 illo
2886 4446 2992 4499 nati
3019 4454 3162 4512 sunt,
3190 4461 3340 4502 meos
3367 4450 3743 4518 appellaveris.

2166 4540 2292 4593 Haec
2317 4539 2496 4593 omnia
2524 4540 2774 4609 cogitate,
2803 4550 2857 4593 et
2882 4555 3097 4593 manum
3129 4540 3404 4611 porrigite,
3435 4551 3492 4596 nt
3508 4543 3624 4599 sitis
3644 4561 3748 4599 no-

2167 4644 2274 4685 stra
2300 4632 2544 4701 gloriatio
2568 4673 2583 4697 ,
2617 4641 2671 4686 et
2720 4646 2817 4686 nos
2861 4642 3037 4686 vestra
3060 4675 3076 4698 ,
3108 4633 3159 4685 in
3186 4632 3272 4687 die
3321 4633 3531 4688 Domini
3573 4639 3749 4691 nostri

2167 4726 2292 4780 Jesu
2320 4725 2517 4780 Christi
2554 4743 2567 4778 :
2600 4741 2758 4795 quem
2779 4725 2934 4779 detur
2954 4726 3202 4780 omnibus
3227 4727 3381 4782 nobis
3409 4743 3530 4784 cum
3553 4729 3747 4785 fiducia

2172 4817 2375 4880 videre,
2411 4818 2462 4869 in
2490 4817 2703 4871 Christo
2732 4816 2858 4871 Jesu
2884 4817 3114 4871 Domino
3144 4826 3351 4873 nostro.

470 4943 3746 4967 mw

1899 5026 2247 5088 HOMILIA
2289 5026 2369 5085 V.

459 5164 587 5220 CAP.
615 5167 669 5222 '5.
701 5181 756 5220 ν.
786 5166 841 5221 5.
868 5164 1063 5218 Fidelis
1100 5174 1268 5219 autem
1307 5164 1560 5219 Dominus
1584 5176 1691 5229 est,
1723 5168 1809 5231 qui
1853 5169 2046 5236 conﬁr-

534 5258 693 5311 mabit
719 5273 825 5322 vos,
850 5267 897 5310 et
921 5256 1171 5310 custodiet
1202 5273 1235 5309 a
1264 5258 1423 5311 malo.
1448 5260 1500 5311 4.
1531 5256 1634 5310 Con
1643 5259 1852 5324 ﬁdimus
1878 5270 2051 5314 autem

532 5351 596 5403 de
624 5351 778 5411 vobis,
814 5350 1018 5417 fratres,
1046 5350 1099 5402 in
1118 5347 1339 5402 Domino
1362 5390 1377 5416 ,
1410 5350 1546 5419 quod
1569 5366 1682 5419 qua:
1726 5353 2050 5421 prwcipimus

535 5442 693 5506 vobis,
726 5451 771 5494 et
794 5442 962 5511 facitis
983 5451 1027 5493 et
1051 5440 1265 5508 facietis.
1297 5440 1350 5494 5.
1384 5439 1637 5494 Dominus
1666 5452 1835 5495 autem
1862 5443 2051 5513 dirigat

540 5533 695 5585 cora’a
724 5542 888 5585 vestra
916 5533 969 5585 in
1001 5533 1211 5584 caritate
1240 5530 1337 5585 Dei
1383 5543 1429 5585 et
1472 5533 1523 5584 in
1550 5533 1801 5602 patientia
1831 5533 2042 5588 Christi.

538 5624 588 5676 1.
617 5621 801 5692 Neque
829 5632 996 5677 totum
1016 5605 1329 5678 sanctorum
1360 5624 1608 5693 precibus
1651 5625 2007 5693 permittendo
2034 5667 2048 5692 ,

462 5730 565 5771 nos
594 5716 741 5785 ipsos
768 5726 987 5786 oportet
1017 5732 1138 5772 esse
1159 5720 1385 5785 otiosos,
1416 5726 1470 5773 et
1493 5717 1560 5771 ad
1580 5718 1773 5772 vitium
1800 5732 2048 5784 currere,

462 5816 518 5862 et
578 5803 710 5862 nihil
755 5806 1069 5877 praeclarum
1116 5808 1333 5881 aggredi
1372 5849 1390 5877 ,
1437 5824 1612 5880 neque
1671 5823 1859 5865 rursus
1908 5808 2050 5865 bona

2168 5165 2442 5235 operando
2465 5164 2601 5220 hanc
2630 5179 2782 5234 opem
2811 5165 3112 5234 despicere.
3141 5166 3329 5238 Magna
3357 5169 3501 5225 enim
3528 5181 3749 5240 potest,
3779 5142 3791 5183 ξ

2162 5273 2352 5327 magna
2382 5267 2549 5321 certe,
2576 5273 2693 5326 qua:
2719 5272 2815 5326 pro
2839 5258 2992 5311 nobis
3021 5258 3082 5311 ﬁt
3108 5261 3279 5313 oratio
3304 5301 3319 5326 ,
3347 5261 3441 5315 sed
3491 5272 3599 5315 tum
3642 5263 3743 5317 de-

2164 5365 2306 5403 mum
2336 5348 2550 5419 quando
2568 5364 2664 5402 nos
2681 5364 2891 5419 quoque
2908 5364 3211 5419 operamur.
3234 5351 3523 5420 Propterea
3550 5352 3749 5407 Paulus

2160 5457 2373 5512 quoque
2400 5457 2495 5511 pro
2527 5442 2660 5510 ipsis
2688 5456 2868 5508 orans,
2889 5457 3075 5496 rursus
3108 5457 3219 5495 rem
3249 5442 3353 5497 ﬁde
3383 5443 3598 5513 dignam
3622 5444 3749 5499 facit

2162 5548 2229 5587 ex
2270 5534 2653 5603 promissione,
2685 5544 2739 5589 et
2758 5533 2887 5589 diett
2918 5552 2931 5587 :
2966 5533 3164 5588 Fidelis
3186 5545 3353 5588 autem
3380 5547 3451 5589 est
3472 5535 3745 5601 Dominus,

2170 5629 2262 5698 qui
2286 5628 2610 5696 conﬁrmabit
2653 5644 2741 5683 vos
2760 5669 2776 5695 ,
2805 5638 2851 5682 et
2880 5628 3126 5682 custodiet
3151 5645 3183 5681 α
3225 5630 3379 5682 malo.
3403 5629 3535 5683 Nam
3565 5630 3607 5683 si
3651 5644 3749 5685 vos

2158 5720 2322 5789 elegit
2348 5719 2415 5774 ad
2438 5720 2684 5786 salutem,
2704 5736 2813 5776 non
2838 5720 3148 5785 mentietur,
3174 5735 3347 5789 neque
3372 5722 3512 5775 sinet
3548 5720 3763 5790 perire.

2158 5808 2234 5867 Nc
2262 5820 2437 5869 autem
2489 5828 2585 5884 per
2616 5813 2731 5869 haec
2764 5811 2983 5869 duceret
3023 5812 3089 5868 ad
3130 5812 3432 5871 socordiam
3453 5853 3470 5882 ,
3498 5822 3552 5870 et
3577 5819 3750 5868 totum
