4114 6396
497 344 619 418 '493

508 490 617 528 των
644 474 723 536 είς
754 473 1022 545 ρᾳθυμίαν
1046 475 1248 543 ἀγάγῃ,
1279 474 1371 526 καὶ
1398 473 1458 525 τὸ
1498 473 1606 525 πᾶν
1638 470 1731 523 τοῦ
1765 470 1897 523 Θεοῦ
1928 471 2081 541 νομί.

510 575 697 621 σαντες
718 554 855 610 εἶναι
878 564 1031 611 αὐτοὶ
1050 558 1405 619 καθεύδωσιν,
1446 558 1545 625 ὅρα
1567 556 1680 618 πῶς
1702 556 1796 606 καὶ
1827 555 1924 625 τὴν
1941 557 2072 625 παρ’

505 640 684 693 αὐτῶν
707 640 996 709 συνεργίαν
1025 641 1263 701 ἀπαιτεῖ,
1289 639 1460 707 λέγων
1482 657 1494 667 ·
1529 639 1903 706 Πεποίθαμεν
1921 637 1989 690 δὲ
2011 638 2080 690 ἐν

504 725 699 793 Κυρίῳ
712 724 802 791 ἐφ’
830 722 1007 791 ὑμᾶς,
1026 723 1113 775 ὅτι
1135 721 1173 775 ἀ
1202 721 1711 791 παραγγέλλομεν,
1739 721 1836 773 καὶ
1862 721 2081 774 ποιεῖτε

504 808 604 861 καὶ
626 806 932 871 ποιήσετε.
957 806 1150 867 Πιστὸς
1170 806 1269 876 μὲν
1286 801 1377 859 οὖν
1394 808 1529 870 ἐστι,
1561 806 1744 873 φησὶν,
1775 806 1803 856 ὁ
1820 805 1972 867 Θεὸς,
1989 807 2082 857 καὶ

506 892 967 962 ἐπαγγελλόμενος
984 892 1177 954 σῶσαι,
1190 895 1405 954 πάντως
1424 892 1607 954 σώσει,
1628 892 1819 954 ἀλλ’ὡς
1832 891 2085 960 ἐπηγγεί-

514 991 652 1032 mo.
677 978 800 1037 Πῶς
812 978 869 1030 δὲ
883 977 1281 1049 ἐπηγγείλαως
1316 976 1442 1028 Ἐὰν
1474 976 1736 1044 θέλωμεν,
1761 976 1856 1029 καὶ
1872 976 2083 1029 ἀκούω-

514 1078 608 1131 μεν
632 1059 820 1114 αὐτοῦ.
860 1062 956 1129 οὐχ
985 1060 1194 1124 ἁπλῶς,
1216 1059 1358 1127 οὐδὲ,
1390 1060 1463 1123 ὡς
1493 1059 1625 1125 ξύλα
1646 1061 1739 1112 καὶ
1755 1060 1952 1122 λίθους,
1983 1060 2084 1129 ἀρ-

516 1143 757 1210 γοῦντας.
795 1143 994 1206 Καλῶς
1024 1143 1081 1196 δὲ
1108 1144 1202 1195 καὶ
1233 1142 1295 1196 τὸ
1316 1185 1331 1208 ,
1360 1144 1735 1211 Πεποίθαμεν
1760 1144 1831 1195 ἐν
1868 1144 2082 1210 Κυρίῳ,

512 1226 737 1287 τέθεικε,
762 1226 1028 1288 τουτέστι,
1050 1228 1127 1297 Τῇ
1151 1226 1527 1297 φιλανθρωπίᾳ
1546 1225 1709 1279 αὑτοῦ
1734 1224 2081 1293 πιστεύομεν.

511 1308 681 1361 Πάλιν
719 1309 915 1372 αὐτοὺς
966 1311 1240 1380 καθαιρεῖ,
1293 1311 1353 1363 τὸ
1397 1313 1504 1364 πᾶν
1545 1310 1812 1381 ἀναρτῶν,
1858 1312 1991 1363 ἐκεῖ.
2021 1308 2085 1361 Εί

512 1391 611 1461 μὲν
636 1391 745 1461 γὰρ
774 1387 947 1455 εἶπεν,
1001 1395 1082 1446 ὅτι
1109 1393 1441 1463 Πιστεύομεν
1488 1393 1543 1446 δὲ
1591 1395 1739 1463 ὑμῖν,
1781 1389 1847 1463 ἦν
1886 1394 1982 1461 μὲν
2027 1393 2085 1444 τὸ

510 1474 782 1544 ἐγκώμιον
822 1475 983 1545 μέγα,
1016 1476 1129 1528 ἀλλ’
1156 1477 1255 1529 οὑκ
1288 1476 1352 1529 ἂν
1387 1476 1585 1541 ἔδειξεν
1630 1476 1826 1536 αὑτοὺς
1856 1475 2085 1544 ἐξαρτᾷν

510 1561 589 1621 εἰς
627 1559 717 1610 τὸν
743 1558 875 1611 Θεὸν
920 1560 1163 1613 ἅπαντα·
1215 1561 1263 1611 εί
1291 1560 1348 1613 δὲ
1379 1554 1521 1623 εἷπε,
1559 1559 1905 1628 Πεποίθαμεν
1936 1558 1994 1610 δέ
2028 1561 2087 1609 ἐν

510 1642 718 1712 Κυρίῳ,
762 1642 845 1694 ὅτι
900 1641 1124 1708 φυλάξει
1170 1643 1334 1712 ὑμᾶς,
1396 1642 1490 1695 καὶ
1533 1643 1605 1711 μὴ
1649 1640 1999 1712 προστέθεικε
2027 1642 2089 1693 τὸ

525 1726 648 1793 Ἐφ’
680 1725 854 1793 ὑμᾶς,
896 1726 989 1779 καὶ
1005 1726 1084 1789 τὸ,
1132 1728 1193 1779 Ἃ
1211 1727 1691 1795 παρηγγείλαμεν
1732 1724 1950 1777 ποιεῖτε
1991 1722 2088 1777 καὶ

514 1806 1017 1877 ποιήσετε,ἀργοτέ
1027 1824 1150 1878 ρους
1162 1808 1227 1861 ἂν
1240 1808 1433 1871 αὐτοὺς
1452 1808 1605 1875 ἐποίη
1613 1806 1756 1872 σε,τὸ
1769 1808 1873 1859 πᾶν
1886 1806 1978 1858 ἐπί
1992 1806 2090 1876 τὴν

513 1889 605 1942 τοῦ
622 1888 757 1942 Θεοῦ
776 1890 934 1962 ῥίψας
953 1890 1197 1959 δύναμιν.
1220 1893 1309 1943 Δεῖ
1337 1891 1435 1961 μὲν
1467 1891 1575 1961 γάρ
1595 1891 1655 1942 τὸ
1685 1892 1793 1943 πᾶν
1817 1890 1903 1943 ἐπ’
1930 1890 2090 1943 αὑτὸν

517 1973 749 2042 ῥίπτειν,
797 1972 909 2026 ἀλλ’
964 1974 1319 2043 ἐνεργοῦντας
1349 1974 1442 2026 καὶ
1479 1975 1695 2037 αὐτοὺς,
1748 1977 1859 2037 τοῖς
1909 1974 2089 2035 πόνοις

515 2056 886 2125 ἐμϐεϐηκότας
921 2058 1015 2110 καὶ
1042 2060 1153 2120 τοῖς
1182 2058 1378 2124 ἀγῶσι.
1412 2058 1520 2110 Καὶ
1539 2057 1811 2110 δείκνυσιν
1834 2057 2086 2121 ἐνταῦθα,

517 2140 598 2192 ὅτι
625 2141 673 2191 εἰ
706 2139 800 2191 καὶ
837 2141 995 2209 ἀρκεῖ
1032 2140 1064 2209 ἡ
1107 2140 1275 2210 ἀρετὴ
1310 2140 1404 2192 καὶ
1450 2141 1583 2209 μόνη
1612 2139 1801 2200 σῶσαι,
1824 2139 1923 2191 ἀλλ
1943 2140 2093 2206 ὅμως

518 2220 625 2292 χρὴ
652 2220 846 2291 διαρκῆ
876 2239 933 2275 τε
960 2222 1125 2292 αὐτὴν
1150 2218 1308 2287 εἶναι,
1338 2223 1429 2275 καὶ
1462 2224 1622 2293 μέχρι
1646 2224 1738 2275 τοῦ
1760 2222 2093 2291 ἐλθεῖνὴμᾶς

518 2305 597 2365 εἰς
626 2304 857 2375 ἐσχάτας
890 2305 1163 2366 ἀναπνοὰς
1196 2307 1328 2375 ἡμῖν
1365 2306 1745 2376 συμπαρεῖναι.
1789 2305 1851 2356 '0
1878 2303 1947 2356 δὲ
1977 2304 2092 2357 Κύ-

516 2402 642 2457 ριος
662 2388 1015 2439 κατευθύναι
1040 2385 1205 2454 ὑμῶν
1231 2389 1336 2453 τὰς
1358 2386 1601 2456 καρδίας
1620 2390 1706 2453 εἰς
1729 2384 1842 2455 τὴν
1856 2384 2095 2453 ἀγάπην

519 2468 626 2520 τοῦ
653 2467 820 2530 Θεοῦ,
874 2468 972 2522 καὶ
1019 2472 1106 2532 εὶς
1155 2468 1272 2536 τὴν
1319 2472 1635 2538 ὑπομονὴν
1663 2467 1770 2521 τοῦ
1813 2465 2089 2535 Χριστοῦο

533 2551 899 2622 Ἐγκωμιάζει
928 2552 1089 2605 πάλιν
1114 2554 1329 2615 αὐτοὺς,
1356 2554 1449 2605 καὶ
1469 2551 1705 2621 εὔχεται,
1735 2551 1832 2621 τὴν
1861 2549 2093 2619 κηδεμο-

522 2634 641 2686 νίαν
683 2634 849 2687 αὑτοῦ
891 2634 1122 2697 δεικνύς.
1179 2634 1395 2703 Ἐπειδὴ
1437 2635 1544 2704 γάρ
1585 2633 1767 2703 μέλλει
1818 2632 2096 2702 ἐμϐαίνειν

521 2720 599 2779 εἰς
638 2718 976 2789 ἐπιτίμησιν,
1023 2718 1232 2781 τούτοις
1267 2717 1445 2771 αὐτῶν
1481 2718 1787 2788 προλεαίνει
1823 2716 1922 2779 τὰς
1963 2733 2097 2785 καρ-

520 2799 661 2862 δίας,
685 2798 763 2869 τῷ
795 2816 855 2851 τε
880 2800 1078 2867 λέγειν,
1130 2800 1212 2852 ὅτι
1243 2800 1442 2872 Θαῤῥῶ
1460 2801 1541 2853 ὅτι
1562 2800 1881 2865 ἀκούσεσθε,
1910 2799 2002 2851 καὶ
2019 2797 2098 2866 τῷ

525 2883 657 2951 παρ’
716 2881 895 2933 αὐτῶν
946 2883 1111 2951 εὐχὰς
1164 2883 1436 2945 ἀπαιτεῖν,
1470 2884 1562 2935 καὶ
1590 2883 1669 2951 τῷ
1708 2882 1867 2935 πάλιν
1917 2881 2097 2942 αὐτοῖς

522 2963 850 3036 ἐπεύχεσθαι
882 2967 1051 3036 μυρία
1081 2964 1277 3032 ἀγαθά·
1322 2966 1372 3017 '0
1398 2966 1465 3017 δὲ
1500 2967 1711 3032 Κύριος
1741 2966 2099 3019 κατευθύναι

524 3044 713 3114 ὑμῶν,
770 3047 924 3117 φησὶ,
979 3053 1086 3113 τὰς
1141 3048 1386 3115 καρδίας
1434 3050 1519 3113 είς
1555 3049 1669 3115 τὴν
1704 3048 1945 3117 ἀγάπην
1992 3048 2099 3101 τοῦ

526 3127 694 3180 Θεοῦ.
748 3127 925 3181 Πολλὰ
960 3128 1067 3198 γάρ
1104 3130 1218 3181 ἐστι
1246 3129 1314 3179 τά
1350 3131 1803 3199 παρεκτρέποντα
1855 3128 1963 3179 ἀπὸ
2000 3127 2102 3194 τῆς

526 3210 771 3278 ἀγάπης,
803 3209 898 3261 καὶ
934 3209 1125 3263 πολλαὶ
1158 3212 1213 3262 αἱ
1246 3210 1455 3262 ἐκεῖθεν
1485 3210 1800 3275 ἐξέλκουσαι
1841 3208 2098 3279 ἀτραποί.

515 3293 637 3353 ,Καὶ
659 3290 869 3360 πρῶτον
902 3292 1000 3360 μὲν
1031 3293 1063 3361 ἡ
1098 3291 1188 3343 τοῦ
1223 3294 1457 3361 μαμωνᾶ
1478 3292 1663 3354 κακία,
1689 3291 1937 3361 καθάπερ
1952 3291 2104 3352 τινὰς

528 3374 917 3445 ἀναισχύντους
950 3379 1134 3449 χεῖρας
1164 3377 1455 3441 ἐπαφιείσα
1498 3376 1653 3445 ἡμῶν
1697 3380 1761 3447 τῇ
1806 3375 1973 3445 ψυχῇ,
2012 3375 2105 3427 καὶ

526 3459 693 3530 ἀπρὶξ
715 3457 1102 3525 ἐπιλαϐομένη,
1132 3457 1279 3517 ἒλκει
1318 3459 1409 3510 καὶ
1441 3458 1590 3527 σύρει
1625 3458 1719 3511 καὶ
1750 3464 1822 3528 μὴ
1854 3456 2107 3526 βουλομέ-

535 3560 661 3605 νους
719 3540 929 3593 ἐκεῖθεν
969 3557 982 3569 ·
1036 3540 1227 3593 ἔπειτα
1279 3541 1590 3604 κενοδοξία,
1640 3540 1734 3594 καὶ
1797 3541 2001 3609 θλίψεις
2050 3540 2107 3591 δὲ

532 3624 792 3686 πολλάκις
813 3625 904 3676 καὶ¹
938 3624 1229 3693 πειρασμοὶ
1253 3624 1629 3693 περιέτρεψαν.
1688 3622 1787 3676 Διά
1816 3623 1974 3676 τοῦτο
2012 3640 2109 3676 κα-

531 3708 706 3779 θάπερ
729 3707 871 3768 τινὸς
889 3706 1194 3776 πνεύματος
1204 3708 1301 3777 τῆς
1321 3708 1415 3759 τοῦ
1433 3707 1566 3760 Θεοῦ
1582 3706 1811 3775 δεόμεθα
1838 3706 2108 3776 βοηθείας,

532 3784 620 3842 ἵνα
644 3792 775 3859 ἡμῖν
802 3789 864 3841 τὸ
894 3789 1060 3841 ἱστίον
1084 3790 1269 3858 ὥσπερ
1300 3791 1404 3842 ὑπό
1437 3808 1580 3853 τινος
1612 3789 1838 3859 σφοδροῦ
1863 3788 2108 3857 πνεύμα-

529 3891 620 3934 τος
650 3873 1025 3941 παραπεμφθῇ
1061 3871 1196 3941 πρὸς
1219 3871 1315 3941 τὴν
1338 3873 1556 3942 ἀγάπην
1587 3872 1680 3925 τοῦ
1703 3872 1857 3924 Θεοῦ.
1890 3872 1982 3941 Μὴ
2005 3871 2112 3940 γάρ

535 3974 625 4023 μοι
653 3957 833 4025 εἴπῃς,
854 3956 933 4007 ὅτι
968 3954 1189 4022 Ἀγαπῶ
1212 3956 1374 4008 αὑτὸν
1396 3959 1485 4008 καὶ
1508 3955 1645 4026 ὑπὲρ
1670 3954 1923 4025 ἐμαυτόν
1939 3955 2114 4009 ταῦτα

535 4040 757 4110 ῥήματά
782 4044 923 4091 ἐστι·
952 4038 1039 4090 διὰ
1062 4038 1168 4092 τῶν
1190 4038 1365 4109 ἔργων
1385 4037 1575 4102 δεῖξον,
1604 4041 1650 4089 εἰ
1680 4040 1896 4109 ἀγαπᾷς
1952 4039 2112 4093 αὐτὸν

534 4124 673 4194 ὑπὲρ
699 4124 940 4177 σεαυτόν.
982 4123 1155 4193 ’Υπὲρ
1178 4122 1238 4174 τὸ
1259 4121 1516 4192 ἀργύριον
1538 4122 1842 4191 ἀγάπησον,
1867 4122 1961 4175 καὶ
1990 4122 2111 4174 τότε

537 4206 776 4259 πιστεύω
795 4207 876 4257 ὅτι
901 4205 992 4257 καὶ
1023 4206 1162 4275 ὑπὲρ
1196 4204 1418 4257 σεαυτὸν
1456 4206 1675 4274 ἀγαπᾷς
1714 4221 1727 4234 ⁸
1760 4206 1787 4256 ὁ
1817 4204 1872 4257 δὲ
1900 4206 2114 4274 χρημά-

535 4312 643 4346 των
684 4294 758 4364 μὴ
786 4293 1141 4364 καταφρονῶν
1172 4294 1261 4351 διὰ
1285 4293 1377 4346 τὸν
1404 4293 1556 4355 Θεὸν,
1594 4293 1710 4354 πῶς
1732 4291 1931 4345 σαυτοῦ
1953 4310 2115 4346 κατα-

538 4383 863 4452 φρονήσεις;
915 4382 979 4432 Τί
1012 4380 1069 4433 δὲ
1114 4380 1257 4448 λέγω
1278 4381 1607 4449 χρημάτων;
1636 4382 1664 4433 ὁ
1688 4380 2001 4445 πλεονεξίας
2040 4382 2113 4451 μὴ

535 4469 912 4539 καταφρονῶν,
938 4467 997 4520 '0
1014 4468 1107 4521 καὶ
1137 4468 1301 4537 χωρὶς
1326 4468 1433 4519 τῶν
1454 4468 1839 4537 ἐπιταγμάτων
1868 4468 1962 4520 τοῦ
1980 4468 2114 4521 Θεοῦ

536 4558 641 4610 ἔδει
669 4559 872 4620 ποιεῖν,
924 4555 1042 4618 πῶς
1102 4557 1538 4625 καταφρονήσεις
1579 4555 1816 4621 σαυτοῦ;
1861 4554 1975 4609 Καὶ
2029 4558 2115 4621 εἰς

536 4644 651 4710 τὴν
704 4642 1045 4710 ὑπομονὴν,
1105 4642 1292 4712 φησὶν,
1349 4642 1455 4696 τοῦ
1509 4643 1786 4710 Χριστοῦ.
1852 4642 1915 4694 Τί
1946 4643 2112 4703 ἐστιν,

431 4763 443 4805 ε
538 4735 640 4795 Είς
677 4732 792 4798 τὴν
830 4731 1183 4798 ὑπομονήν;
1215 4734 1329 4784 Ἵνα
1360 4731 1719 4800 ὑπομένωμεν
1742 4770 1755 4792 ,
1813 4730 1887 4791 ὡς
1913 4732 2115 4792 ἐκεῖνος

438 4806 447 4834 ί
537 4818 848 4885 ὑπέμεινεν,
879 4818 912 4885 ἢ
944 4819 1031 4871 ἵνα
1056 4821 1238 4873 ἐκεῖνα
1272 4818 1623 4889 πράττωμεν,
1653 4815 1803 4887 [538]
1839 4818 1871 4887 ἢ
1908 4818 2000 4869 καὶ
2031 4817 2117 4869 ἵνα

444 4916 447 4923 ’
539 4906 657 4974 μεθ’
684 4906 960 4974 ὑπομονῆς
980 4906 1337 4976 ἀναμένωμεν
1359 4905 1541 4967 αὑτὸν,
1571 4905 1870 4969 τουτέστιν,
1900 4905 1987 4957 ἵνα
2012 4906 2118 4975 ἐμ-

537 4992 878 5062 παράσκευοι
909 4986 1082 5062 ὦμεν.
1131 4991 1349 5060 Ἐπειδὴ
1381 4990 1490 5061 γὰρ
1522 4989 1695 5043 πολλὰ
1726 4991 2112 5060 ἐπηγγείλατο,

530 5080 630 5136 ’καὶ
668 5080 827 5143 αὑτὸς
863 5078 1079 5151 ἔρχεται
1114 5082 1295 5151 κρῖναι
1331 5079 1540 5142 ζῶντας
1575 5078 1668 5132 καὶ
1707 5080 1950 5148 νεκροὺς,
1984 5081 2114 5132 ἀνα-

542 5169 790 5237 μένωμεν
839 5168 998 5222 αὑτὸν
1027 5169 1121 5223 καὶ
1162 5167 1541 5237 ὑπομένωμεν.
1582 5166 1747 5218 Ἔνθα
1792 5165 1850 5216 δέ
1892 5165 1958 5218 ἂν
1987 5166 2117 5218 ὐπο-

543 5257 709 5326 μονὴν
756 5255 909 5328 λέγῃ,
957 5258 1170 5318 πάντως
1211 5255 1387 5324 θλῖψιν
1436 5255 1729 5307 αἰνίττεται
1755 5270 1769 5283 °
1810 5253 1965 5306 τοῦτο
2010 5255 2117 5324 γάρ

542 5346 692 5393 ἐστιν
725 5342 943 5412 ἀγαπᾷν
972 5344 1061 5394 τὸν
1086 5344 1238 5405 Θεὸν,
1277 5342 1339 5394 τὸ
1371 5341 1681 5410 ὑπομένειν,
1734 5341 1827 5392 καὶ
1859 5340 1931 5410 μὴ
1957 5341 2115 5411 θορυ-

540 5424 774 5496 ϐεῖσθαι,
798 5425 1297 5493 Παραγγέλλομεν
1326 5423 1394 5475 δὲ
1414 5424 1574 5490 ὑμῖν,
1601 5423 1873 5490 ἀδελφοὶ,
1894 5424 1961 5475 ἐν
1982 5425 2117 5476 ὀνό-

538 5523 677 5577 ματι
706 5508 810 5560 τοῦ
851 5511 1070 5576 Κυρίου
1097 5506 1263 5577 ἡμῶν
1305 5509 1509 5576 Ἰησοῦ
1542 5508 1821 5572 Χριστοῦ,
1868 5506 2116 5561 στέλλε-

543 5594 684 5643 σθαι
734 5590 889 5658 ὺμὰς
946 5592 1063 5645 ἀπὸ
1102 5592 1329 5657 παντὸς
1355 5592 1622 5660 ἀδελφοῦ
1651 5591 1914 5657 ἀτάκτως
1961 5607 2119 5660 περι-

544 5671 897 5737 πατοῦντος,
926 5674 1023 5727 καὶ
1051 5676 1135 5742 μὴ
1164 5675 1313 5727 κατά
1350 5674 1465 5741 τὴν
1492 5675 1847 5742 παράδοσιν,
1874 5673 1951 5739 ἣν
1974 5691 2119 5743 παρ-

543 5752 762 5807 έλαϐον
801 5757 935 5822 παρ’
990 5757 1177 5825 ἡμῶν.
1222 5758 1532 5816 Τουτέστιν,
1591 5758 1687 5826 οὐχ
1736 5757 1893 5825 ἡμεῖς
1948 5757 2119 5811 ταῦτα

544 5834 797 5912 λέγομεν,
858 5841 1010 5895 ἀλλ’ὁ
1040 5840 1303 5913 Χριστός·
1343 5838 1496 5893 τοῦτο
1525 5841 1631 5912 γάρ
1660 5843 1820 5907 ἐστιν,
1862 5840 1955 5893 Ἐν
1987 5842 2117 5896 6rd-

1203 360 1260 415 S.
1299 357 1582 414 .IOANNIS
1618 355 2105 413 CHRYSOSTOMI
2146 353 2461 409 ARCIIIEP.
2504 352 3045 409 CONSTAVTINOP.

3629 352 3736 416 494

2182 487 2322 538 μιιτι
2354 470 2459 522 τοῦ
2516 469 2735 535 Κυρίου
2784 468 2952 538 ἡμῶν
2993 467 3194 533 Ἰησοῦ
3238 465 3510 532 Χριστοῦ.
3560 464 3743 525 Οὑτως

2142 572 2150 578 ·
2185 553 2375 616 εἰπὼν,
2409 553 2468 604 τὸ
2488 553 2712 623 φοϐερὸν
2734 553 2831 622 τῆς
2857 549 3227 621 παραγγελίας
3244 550 3501 601 δείκνυσι.
3536 549 3632 601 Διά
3647 545 3741 599 τοῦ

2179 635 2438 705 Χριστοῦ,
2472 639 2625 705 φησὶ,
2652 635 3122 704 παραγγέλλομεν.
3178 633 3289 684 Οὐκ
3318 631 3424 700 ἄρα
3446 632 3474 682 ὁ
3513 629 3746 697 Χριστὸς

2181 721 2509 789 προσέταξεν
2560 720 2792 789 οὐδαμοῦ
2867 721 3070 789 ἀργεῖν.
3150 716 3511 769 Στέλλεσθαι
3571 714 3745 781 ὑμᾶς,

2183 804 2367 872 φησιν,
2397 803 2513 856 ἀπὸ
2534 806 2758 868 παντὸς
2783 801 3068 869 ἀδελφοῦ.
3108 801 3197 868 Μή
3234 816 3320 869 μοι
3358 798 3448 849 τὸν
3500 796 3748 848 πλούσιον

2183 890 2365 959 εἴπῃς,
2403 892 2475 957 μή
2512 904 2601 956 μοι
2626 887 2715 939 τὸν
2745 886 2973 954 πένητα,
3025 885 3097 954 μή
3132 899 3220 952 μοι
3249 882 3339 934 τὸν
3375 881 3527 948 ἆγιον
3549 896 3562 907 ·
3594 878 3750 930 τοῦτο

2182 971 2375 1037 ἀταξία
2403 973 2539 1025 ἐστί.
2563 970 3035 1038 Περιπατοῦντος
3057 1009 3072 1029 ,
3100 967 3253 1035 φησὶ,
3276 965 3540 1023 τουτέστι,
3572 961 3747 1031 βιοῦν-

2184 1070 2291 1115 τος.
2330 1055 2435 1107 Καὶ
2452 1055 2537 1122 μὴ
2573 1054 2721 1107 κατὰ
2758 1053 2872 1120 τὴν
2906 1052 3257 1120 παράδοσιν,
3298 1048 3376 1115 ἣν
3414 1047 3752 1116 παρέλαϐον

2184 1135 2320 1201 παρ’
2360 1137 2545 1205 ἡμῶν.
2600 1136 2904 1206 Παράδοσιν
2940 1136 3038 1203 τὴν
3064 1133 3151 1187 διά
3206 1133 3313 1185 τῶν
3354 1131 3529 1202 ἔργων
3571 1129 3739 1198 φησί·

2185 1218 2278 1268 καὶ
2306 1219 2507 1285 κυρίως
2537 1217 2741 1287 ταύτην
2771 1218 2860 1272 ἀεὶ
2901 1217 3048 1283 λέγει
3080 1215 3396 1285 παράδοσιν.
3424 1211 3598 1267 Αὐτοὶ
3643 1211 3753 1280 γὰρ

2184 1299 2383 1352 οἴδατε
2415 1300 2539 1366 πῶς
2556 1301 2651 1353 δεῖ
2665 1301 2969 1370 μιμεῖσθαι
3006 1297 3182 1367 ἡμᾶς,
3214 1297 3301 1349 ὅτι
3335 1299 3447 1350 οὐκ
3501 1294 3756 1361 ἧτακτή·

2184 1398 2376 1449 σαμεν
2428 1384 2496 1435 ἐν
2534 1384 2707 1450 ὑμῖν,
2762 1383 2904 1437 οὐδὲ
2957 1382 3181 1449 δωρεὰν
3239 1378 3420 1446 ἄρτον
3456 1377 3756 1446 ἐφάγομεν

2186 1465 2344 1531 παρά
2368 1482 2551 1531 τινος.
2576 1467 2790 1527 Καίτοι,
2838 1469 2885 1517 εἰ
2921 1466 3013 1516 καὶ
3038 1466 3257 1531 ἔφαγον,
3289 1461 3386 1514 οὐκ
3414 1456 3481 1531 ἦν
3508 1458 3715 1529 δωρεάν
3737 1476 3753 1487 ·

2190 1548 2382 1613 Ἄξιος
2431 1550 2556 1615 γὰρ,
2589 1551 2770 1618 φησὶν,
2818 1551 2849 1600 ὀ
2882 1548 3131 1616 ἐργάτης
3160 1545 3265 1599 τοῦ
3293 1543 3519 1613 μισθοῦ
3544 1542 3756 1597 αὑτοῦ.

2204 1630 2357 1683 Ἀλλ’
2384 1632 2454 1683 ἐν
2489 1634 2653 1697 κόπῳ
2678 1632 2773 1684 καὶ
2786 1633 3007 1700 μόχθῳ,
3060 1632 3249 1683 νύκτα
3276 1630 3371 1681 καὶ
3405 1626 3629 1695 ἡμέραν
3656 1626 3755 1690 ἐρ-

2188 1713 2493 1783 γαζόμενοι
2539 1718 2687 1783 πρὸς
2740 1717 2806 1767 τὸ
2850 1714 2935 1781 μὴ
2982 1712 3342 1781 ἐπιϐαρῆσαί
3388 1726 3519 1764 τινα
3569 1709 3755 1778 ὑμῶν.

2192 1796 2316 1861 Οὐχ
2343 1794 2432 1846 ὅτι
2460 1796 2572 1847 οὐκ
2609 1794 2827 1861 ἔχομεν
2852 1792 3162 1855 ἐξουσίαν,
3197 1792 3332 1845 ἀλλ’
3373 1792 3471 1843 ἵνα
3507 1787 3760 1851 ἑαυτοὺς

2190 1878 2380 1929 τύπον
2394 1876 2589 1944 δῶμεν
2612 1876 2751 1944 ὑμῖν
2775 1879 2860 1942 είς
2893 1877 2955 1928 τὸ
2975 1874 3275 1944 μιμεῖσθαι
3294 1871 3471 1941 ἡμᾶς.
3500 1871 3607 1925 Καὶ
3627 1873 3760 1939 γὰρ,

2190 1959 2288 2011 ὅτε
2312 1956 2461 2029 ἦμεν
2491 1959 2639 2026 πρὸς
2669 1958 2842 2026 ὑμᾶς,
2877 1957 3051 2010 τοῦτο
3078 1956 3573 2024 παρηγγέλλομεν
3598 1953 3759 2023 ὑμῖν,

2191 2040 2279 2095 ὅτι
2300 2044 2356 2095 ει
2392 2059 2483 2108 τις
2506 2044 2575 2095 οὐ
2594 2042 2751 2095 θέλει
2773 2039 3131 2108 ἐργάζεσθαι,
3152 2038 3303 2107 μηδὲ
3322 2038 3582 2091 ἐσθιέτω.

2264 2181 2486 2252 β’.“()ρα
2508 2182 2622 2244 πῶς
2644 2183 2701 2232 ἐν
2727 2182 2822 2250 μὲν
2851 2182 2916 2251 τῇ
2947 2181 3187 2251 προτέρα
3218 2179 3471 2248 ἐπιστολῇ
3493 2177 3763 2248 προσηνέ-

2196 2266 2382 2335 στερόν
2407 2283 2521 2328 πως
2564 2265 2692 2335 περὶ
2734 2264 2939 2316 τούτων
2960 2265 3287 2331 διαλέγεται,
3328 2263 3402 2326 ὡς
3431 2264 3560 2315 ὅταν
3602 2260 3763 2329 λέγῃ,

2194 2352 2661 2419 Παρακαλοῦμεν
2701 2350 2770 2403 δὲ
2826 2348 3019 2419 ὑμᾶς,
3065 2349 3332 2418 ἀδελφοὶ,
3381 2349 3768 2415 περισσεύειν

2188 2436 2429 2505 μᾶλλον
2462 2436 2561 2489 καὶ
2614 2436 3069 2503 φιλοτιμεῖσθαι,
3111 2436 3203 2487 καὶ
3242 2434 3499 2504 οὐδαμοῦ,
3535 2437 3771 2500 Παραγ-

2195 2518 2521 2587 τέλλομεν,
2558 2518 2697 2575 οὐδὲ,
2754 2518 2851 2569 Ἐν
2888 2519 3129 2585 ὀνόματι
3177 2518 3283 2571 τοῦ
3325 2519 3545 2585 Κυρίου
3597 2513 3773 2583 ἡμῶν

2208 2602 2408 2669 Ἰησοῦ
2462 2600 2751 2669 Χριστοῦ,
2807 2600 2945 2670 ὅπερ
2995 2596 3062 2668 ἦν
3104 2600 3332 2671 φοϐερὸν
3376 2602 3472 2654 καὶ
3526 2599 3773 2651 κίνδυνον

2196 2684 2337 2753 ἔχον,
2374 2683 2509 2737 ἀλλὰ
2557 2684 2940 2751 περισσεύειν
2999 2685 3132 2755 φησὶ
3164 2683 3262 2736 καὶ
3310 2682 3771 2753 φιλοτιμεῖσθαι,

2196 2768 2224 2821 ὃ
2249 2765 2315 2839 ἦν
2359 2771 2437 2830 είς
2474 2769 2671 2839 ἀρετὴν
2707 2767 3129 2838 προτρέποντος.
3178 2767 3305 2821 Ἵνα
3355 2767 3772 2835 εὐσχημόνως,

2199 2854 2351 2922 φησὶ,
2387 2852 2745 2919 περιπατῆτε
2771 2868 2784 2881 ο
2816 2852 3050 2904 ἐνταῦθα
3073 2852 3129 2905 δέ
3148 2852 3301 2905 οὐδὲν
3332 2851 3590 2914 τοιοῦτον,
3624 2849 3774 2909 ἀλλ’,

2202 2937 2274 2990 ΕΖ
2309 2954 2396 3000 τις
2424 2939 2493 2988 οὺ
2526 2935 2685 2988 θέλει
2731 2934 3092 3003 ἐργάζεσθαι.
3139 2935 3297 3005 φησὶ,
3323 2934 3480 3004 μηδὲ
3500 2933 3776 2987 ἐσθιέτω.

2200 3020 2263 3072 Εἰ
2317 3020 2424 3089 γὰρ
2448 3019 2659 3080 Παῦλος
2710 3018 2956 3088 ἀνάγκην
2999 3020 3099 3071 οὐκ
3147 3019 3308 3088 ἔχων,
3356 3017 3471 3069 ἀλλ’
3523 3015 3780 3079 ἐξουσίαν

2202 3104 2340 3172 ἔχων
2382 3105 2595 3173 ἀργεῖν,
2635 3103 2727 3155 καὶ
2761 3102 3079 3173 τηλικοῦτον
3125 3102 3285 3172 ἔργον
3322 3101 3778 3170 ἀναδεδεγμένος,

2202 3188 2349 3256 ὅμως
2398 3185 2711 3255 εἰργάζετο,
2751 3188 2845 3239 καὶ¹
2899 3187 2998 3256 οὑχ
3044 3186 3230 3248 ἁπλῶς
3274 3185 3592 3256 εἰργάζετο,
3634 3183 3783 3236 ἀλλά

2203 3270 2374 3323 νύκτα
2400 3272 2495 3323 καὶ
2522 3269 2758 3339 ἡμέραν,
2801 3268 2940 3321 ὥστε
2971 3267 3231 3321 δύνασθαι
3274 3270 3368 3321 καὶ
3396 3270 3600 3338 ἑτέροις
3653 3270 3782 3319 ἐπι-

2208 3356 2454 3425 κουρεῖν,
2494 3353 2673 3421 πολλῷ
2734 3351 2930 3422 μᾶλλον
2976 3352 3103 3412 τοὺς
3151 3351 3353 3434 ἄλλους.
3407 3351 3573 3434 ἐχρῆν
3616 3350 3783 3403 τοῦτο

2206 3440 2401 3489 ποιεῖν.
2464 3436 2775 3505 Ἀκούομεν
2815 3435 2925 3503 γάρ
2967 3451 3133 3500 τινας
3184 3433 3656 3501 περιπατοῦντας
3706 3434 3784 3485 ἐν

2206 3519 2349 3589 ὑμῖν
2375 3518 2662 3584 ἀτάκτως,
2694 3517 2886 3586 μηδὲν
2900 3517 3340 3586 ἐργαζομένους,
3368 3516 3525 3570 ἀλλὰ
3547 3532 3783 3583 περιερ-

2209 3601 2582 3671 γαζομένους.
2638 3600 2806 3654 Τοῦτο
2869 3602 2967 3671 μὲν
3030 3601 3293 3655 ἐνταῦθα·
3340 3603 3456 3653 ἐκεί
3496 3599 3554 3652 δέ
3602 3602 3661 3650 ἐν
3709 3603 3781 3669 τῇ

2210 3688 2471 3757 προτέρᾳ,
2510 3686 2645 3739 Ἵνα
2712 3686 3128 3753 εὐσχημόνως,
3194 3685 3362 3754 φησὶ,
3415 3682 3785 3752 περιπατῆτε

2210 3770 2359 3839 πρὸς
2390 3769 2533 3835 τοὺς
2564 3770 2697 3833 ἔξω.
2740 3770 2897 3831 Τίνος
2926 3769 3109 3821 ἕνεκεν
3135 3786 3149 3833 ;
3196 3770 3353 3831 Ἴσως
3386 3769 3537 3821 οὐδὲν
3565 3768 3785 3820 οὐδέπω

2210 3854 2448 3906 τοιοῦτον
2494 3849 2563 3923 ἦν
2612 3853 2834 3920 γεγονός
2865 3868 2877 3881 ‘
2913 3852 3008 3905 καὶ
3052 3851 3160 3920 γὰρ
3222 3851 3450 3920 ἀλλαχοῦ
3498 3850 3787 3919 παραινῶν

2211 3937 2365 4003 ἔλεγε
2393 3954 2406 3966 ·
2448 3935 2754 4003 Μακάριόν
2783 3936 2840 3989 τί
2867 3935 2997 3989 ἐστι
3014 3935 3256 4003 μᾶλλον
3277 3934 3524 4000 διδόναι,
3553 3934 3591 4002 ἣ
3626 3939 3785 4003 λαμ-

2213 4018 2431 4072 ϐάνειν.
2490 4019 2563 4070 Τὸ
2593 4018 2671 4079 δὲ,
2707 4019 3116 4087 Εὺσχημόνως
3135 4016 3524 4085 περιπατεῖτε,
3555 4017 3615 4069 οὐ
3648 4019 3788 4088 περὶ

2213 4100 2434 4164 ἀταξίας
2478 4099 2593 4152 ἐστί
2631 4115 2645 4128 ο
2699 4099 2780 4152 διὸ
2832 4103 2925 4153 καὶ
2976 4102 3254 4171 ἐπήγαγεν
3286 4117 3300 4131 ο
3342 4102 3476 4155 Ἰνα
3516 4100 3791 4169 μηδενὸς

2214 4185 2419 4253 χρείαν
2454 4184 2651 4251 ἔχητε.
2688 4183 2949 4236 Ἐνταῦθα
2986 4183 3042 4235 δέ
3070 4185 3163 4237 καὶ
3213 4184 3404 4254 ἑτέραν
3438 4184 3678 4252 ἀνάγκην
3708 4185 3793 4235 τί·

2216 4267 2392 4336 θησιν,
2418 4265 2559 4318 ὥστε
2595 4265 2655 4317 τὸ
2710 4266 2872 4319 καλὸν
2894 4265 3043 4336 [539]
3084 4270 3258 4320 ποιεῖν
3299 4270 3392 4320 καὶ
3420 4266 3621 4336 ἀγαθὸν
3645 4267 3792 4337 πρὸς

2216 4352 2424 4412 πάντας
2444 4366 2457 4379 ·
2488 4346 2693 4419 προῖὼν
2726 4350 2835 4420 γάρ
2861 4367 3013 4419 φησι,
3046 4350 3140 4416 Μὴ
3186 4351 3563 4419 ἐκκακήσητε
3599 4355 3795 4406 καλο-

2215 4434 2547 4497 ποιοῦντες.
2588 4430 2812 4495 Πάντως
2849 4432 2958 4503 γάρ
2998 4433 3087 4486 τὸν
3130 4435 3425 4504 ἀργοῦντα,
3480 4436 3571 4487 καὶ
3622 4435 3794 4490 δυνά-

2220 4533 2379 4585 μενον
2427 4514 2777 4585 ὲργάζεσθαι,
2808 4516 3019 4585 ἀνάγκη
3067 4518 3357 4587 περίεργον
3405 4514 3566 4572 εἶναι.
3616 4520 3680 4572 Ἦ
3733 4522 3797 4575 δὲ

2217 4598 2551 4668 ἐλεημοσύνη
2582 4597 2817 4659 ἐκείνοις
2845 4598 3052 4651 δέδοται
3089 4601 3289 4667 μόνοις,
3318 4604 3430 4665 τοῖς
3446 4603 3543 4655 οὑκ
3565 4602 3796 4672 ἰσχύου-

2218 4701 2300 4733 σιν
2330 4683 2395 4732 ἐκ
2419 4681 2514 4749 τῆς
2546 4680 2653 4731 τῶν
2704 4679 2903 4750 χειρῶν
2942 4682 3200 4749 ἐργασίας
3226 4684 3796 4753 ἐπαρκέσαιέαυτοίς,

2216 4765 2248 4833 ἢ
2280 4766 2392 4824 τοῖς
2429 4761 2763 4826 διδάσκουσι,
2796 4764 2890 4817 καὶ
2930 4763 2992 4814 τὸ
3035 4766 3140 4816 πᾶν
3191 4766 3663 4836 ἀπησχολημένοις
3711 4772 3801 4831 εἰς

2215 4846 2304 4898 τὸν
2332 4845 2432 4913 τῆς
2451 4844 2796 4906 διδασκαλίας
2821 4844 2995 4911 λόγον.
3048 4849 3130 4898 Οὐ
3162 4846 3270 4916 γὰρ
3294 4848 3598 4915 φιμώσεις,
3630 4856 3801 4918 φησί,

2209 4928 2369 4993 βοῦν
2397 4927 2671 4981 ἀλοῶντα
2704 4946 2717 4957 ι
2751 4928 2861 4989 καὶ,
2892 4928 3083 4992 Ἄξιος
3106 4932 3137 4981 ὀ
3164 4928 3414 4997 ἐργάτης
3437 4930 3540 4982 τοῦ
3560 4932 3805 4997 μισθοῦ

2215 5010 2421 5065 αὑτοῦ.
2456 5010 2618 5061 Ὥστε
2663 5008 2783 5061 οὑδέ
2826 5002 3193 5105 οῦτοςιάργός
3238 5012 3407 5074 ἐστιν,
3446 5011 3558 5063 ἀλλ’
3617 5014 3831 5105 ἔργα-ί

2218 5096 2358 5157 σίας,
2414 5094 2507 5145 καὶ
2546 5094 2806 5163 ἐργασίας
2850 5093 3091 5164 μεγάλης
3133 5094 3399 5163 λαμϐάνει
3433 5096 3523 5149 τὸν
3574 5099 3805 5165 μισθόν.

2217 5179 2288 5229 Τὸ
2342 5177 2398 5229 δὲ
2454 5175 2705 5244 εὔχεσθαι
2740 5178 2833 5229 καὶ
2862 5177 3142 5246 νηστεύειν
3183 5178 3487 5247 ἀργοῦντα,
3512 5180 3612 5231 οὐκ
3640 5180 3808 5235 ἐστιν

2218 5262 2376 5330 ἔργον
2400 5260 2597 5331 χειρῶν
2633 5277 2643 5287 ·
2671 5261 2935 5331 ἐργασίαν
2964 5262 3071 5329 γάρ
3116 5278 3281 5331 φησιν
3312 5262 3543 5315 ἐνταῦθα
3568 5263 3674 5331 τὴν
3709 5265 3809 5319 διὰ

2216 5345 2323 5395 τῶν
2377 5343 2595 5413 χειρῶν.
2648 5344 2758 5395 Καὶ
2803 5341 2891 5397 ἵνα
2926 5344 3089 5414 μηδὲν
3127 5342 3363 5396 τοιοῦτον
3418 5342 3857 5419 ὑποπτεύσῃς,ἱ

2218 5427 2491 5495 ἐπήγαγεο
2548 5426 2752 5492 Μηδὲν
2787 5427 3232 5495 ἐργαζομένους,
3282 5428 3442 5481 ἀλλὰ
3487 5444 3816 5499 περιεργα-

2218 5507 2519 5574 ζομένους.
2595 5508 2721 5571 Τοῖς
2750 5509 2817 5561 δὲ
2848 5510 3141 5573 ’τοιούτοις
3172 5511 3665 5580 παραγγέλλομεν
3698 5517 3811 5567 καὶ

2220 5590 2679 5659 παρακαλοῦμεν
2704 5591 2803 5645 διὰ
2842 5593 2947 5646 τοῦ
2970 5595 3188 5659 Κυρίου
3214 5593 3379 5661 ἡμῶν
3424 5595 3625 5661 Ἰησοῦ
3653 5600 3817 5663 Χρι-

2220 5674 2400 5727 στοῦ.
2444 5674 2658 5743 Ἐπειδὴ
2727 5675 2932 5743 σφόδρα
2990 5677 3292 5745 καθήψατο,
3360 5679 3819 5750 προσηνέστεροι

2222 5757 2540 5825 βουλόμενος
2591 5758 2809 5825 ποιῆσαι
2839 5757 2928 5810 τὸν
2980 5758 3156 5827 λόγον,
3203 5763 3465 5831 ἐπήγαγε·
3531 5762 3636 5815 Διὰ
3700 5765 3824 5818 τοῦ

2224 5843 2468 5911 Κυρίου,
2512 5840 2672 5897 πάλιν
2696 5841 2753 5893 τὸ
2780 5840 3089 5905 ἀξιόπιστον
3127 5848 3217 5898 καὶ
3251 5845 3477 5916 φοϐερὸν
3505 5847 3690 5919 ταύτῃ
3718 5849 3827 5922 δη-
