4114 6396
370 340 475 396 195

368 478 489 518 esse
521 463 610 519 Dei
642 463 903 526 arbitrati,
929 464 1027 534 ipsi
1059 463 1390 528 dormirent,
1422 462 1543 518 vide
1572 460 1841 532 quomodo
1870 459 1937 512 ab

370 558 449 609 eis
465 572 674 625 quoque
699 559 864 626 exigit
890 568 947 611 ιιι
973 565 1347 626 cooperentur,
1378 556 1563 610 dicens
1591 572 1602 608 :
1625 553 1942 621 Conﬁdimus

371 660 540 703 autem
567 650 630 703 de
654 648 810 716 vobis,
832 654 1035 719 fratres,
1064 651 1117 701 in
1138 648 1357 702 Domino
1374 688 1389 712 ,
1413 647 1547 716 quod
1570 661 1682 715 qua:
1706 644 1940 713 ρηεεὶρὶ-

378 759 493 795 mus
522 754 568 795 et
597 744 765 811 facitis
796 751 843 794 et
869 742 1087 812 facietis.
1119 740 1319 794 Fidelis
1340 738 1551 809 quidem
1572 779 1589 805 ,
1622 737 1811 805 inquit,
1861 742 1945 789 est

375 834 517 887 Deus
536 843 591 888 et
617 836 936 902 promittens
961 833 1184 887 salutem
1225 831 1376 896 dare,
1402 831 1621 885 omnino
1652 829 1818 890 dabit,
1848 827 1943 881 sed

371 935 428 978 ut
448 925 717 994 promisit.
757 926 1037 992 Quomodo
1056 934 1232 980 autem
1254 923 1522 994 promisit?
1555 922 1612 976 Si
1643 922 1867 976 velimus
1892 930 1946 975 et

371 1032 491 1070 eum
518 1018 794 1071 audiamus
825 1035 837 1069 :
866 1033 971 1071 non
998 1017 1261 1082 absolute,
1308 1031 1479 1085 neque
1508 1024 1773 1083 tamquam
1804 1013 1946 1082 ligna

370 1119 421 1163 et
440 1107 659 1177 lapides,
677 1110 876 1163 otiosos
892 1109 1134 1162 salvabit.
1149 1108 1315 1162 Recte
1328 1117 1503 1161 autem
1524 1106 1697 1176 posuit
1720 1114 1773 1160 et
1793 1104 1943 1170 illud,

372 1196 689 1267 Coufidimus
708 1199 761 1252 in
791 1199 1005 1253 Domino
1031 1217 1049 1252 :
1074 1199 1175 1253 hoc
1203 1208 1305 1263 est,
1334 1198 1600 1252 credimus
1634 1197 1748 1265 ejus
1792 1196 1945 1250 beni-

373 1290 559 1358 gnitati
585 1301 638 1345 et
662 1289 1198 1346 clementiamRursus
1221 1305 1316 1345 eos
1343 1290 1613 1359 deprimit,
1636 1298 1803 1342 totum
1824 1287 1946 1341 inde

372 1380 606 1450 pendere
630 1391 889 1437 statuens.
914 1382 1044 1436 Nam
1075 1383 1117 1436 si
1140 1381 1555 1447 dixisset,Vobis
1578 1391 1752 1435 autem
1771 1380 1947 1434 credi-

372 1489 511 1539 mus,
534 1483 678 1528 esset
705 1475 915 1542 quidem
948 1490 1134 1544 magna
1166 1475 1318 1540 laus;
1346 1474 1441 1529 sed
1478 1490 1583 1527 non
1626 1472 1948 1527 ostendisset

374 1582 468 1621 eos
495 1567 715 1622 credere
744 1568 919 1621 omnia
946 1583 975 1620 a
1005 1567 1113 1621 Deo
1142 1567 1369 1635 pendere
1395 1584 1408 1620 :
1438 1566 1482 1620 si
1500 1576 1675 1619 autem
1704 1564 1944 1627 dixisset,

373 1662 698 1718 Conﬁdimus
725 1673 901 1717 autem
941 1662 995 1717 in
1030 1662 1272 1727 Domino,
1291 1660 1433 1730 quod
1460 1677 1556 1714 vos
1582 1660 1866 1722 custodiet,
1890 1665 1946 1711 et

375 1772 481 1809 non
510 1755 819 1820 addidisset,
851 1755 928 1809 De
950 1754 1105 1819 vobis,
1133 1763 1188 1809 et
1212 1753 1362 1819 illud,
1398 1752 1525 1820 Quae
1551 1752 1873 1822 prcecipimus
1902 1759 1948 1802 et

374 1849 539 1917 facitis
564 1857 609 1902 et
630 1848 844 1919 facietis,
892 1862 985 1902 eos
1014 1846 1229 1901 fecisset
1273 1846 1553 1915 pigriores,
1588 1844 1640 1898 in
1670 1842 1761 1897 Dei
1794 1853 1943 1912 pote-

374 1948 562 1993 slatem
604 1939 906 1993 universum
960 1938 1270 2008 conjiciens.
1310 1935 1534 2004 Oportet
1571 1934 1712 1989 enim
1752 1946 1852 1986 nos
1896 1932 1949 1985 in

374 2031 545 2101 ipsum
573 2040 739 2086 totum
765 2031 1050 2101 conjicere,
1082 2030 1175 2085 sed
1199 2031 1342 2099 ipsos
1365 2044 1576 2098 quoque
1604 2035 1891 2097 operantes
1927 2066 1940 2089 ,

378 2124 589 2179 labores
618 2124 926 2188 subeuntes,
955 2132 1010 2177 et
1036 2122 1388 2190 suscipientes
1412 2121 1704 2175 certamina
1736 2138 1748 2172 :
1778 2128 1833 2172 et
1859 2133 1951 2171 os-

377 2216 545 2270 tendit
569 2215 709 2285 quod
740 2214 949 2269 etiamsi
985 2212 1258 2268 sufﬁceret
1297 2212 1467 2267 solum
1493 2212 1665 2265 virtus
1703 2210 1769 2263 ad
1797 2210 1952 2265 nobis

375 2307 602 2362 dandam
631 2307 876 2369 salutem,
908 2314 1122 2375 oportet
1154 2315 1331 2359 tamen
1373 2305 1541 2373 ipsam
1586 2317 1707 2358 esse
1753 2318 1952 2371 perpe-

380 2410 522 2454 tuam
547 2408 601 2454 et
627 2390 779 2453 nobis
804 2399 995 2453 adesse
1019 2412 1187 2467 usque
1212 2397 1276 2452 ad
1307 2407 1606 2450 extremum
1633 2393 1757 2449 Viue
1790 2394 1953 2463 spiri-

379 2504 508 2547 tum.
540 2492 792 2548 Dominus
817 2501 1017 2556 autem,
1044 2491 1251 2559 inquit,
1283 2489 1467 2559 dirigat
1494 2488 1651 2541 corda
1693 2496 1857 2540 vestra
1899 2485 1954 2538 in

381 2588 591 2641 caritate
617 2585 710 2640 Dei
749 2595 795 2640 et
821 2585 1065 2655 patientia
1091 2583 1300 2640 Christi.
1334 2584 1441 2638 Eos
1468 2598 1656 2637 rursus
1687 2581 1869 2635 laudat
1899 2590 1954 2635 et

383 2688 661 2749 precatur,
690 2692 840 2733 suam
890 2692 1017 2747 erga
1072 2677 1192 2730 illos
1243 2690 1427 2729 curam
1477 2674 1786 2729 ostendens.
1820 2672 1952 2726 Nam

380 2773 629 2842 quoniam
658 2770 724 2825 ad
754 2785 849 2825 eos
872 2768 1228 2838 inerepandos
1253 2776 1370 2823 erat
1397 2780 1730 2828 accessurus,
1768 2780 1952 2819 eorum

380 2864 541 2918 corda
575 2862 657 2917 his
683 2863 833 2933 pritts
859 2862 991 2916 lenit
1014 2876 1079 2916 ac
1103 2861 1345 2930 mitigat,
1375 2868 1429 2913 et
1452 2859 1699 2923 dicendo,
1733 2857 1956 2913 Conlido

380 2972 479 3012 vos
506 2956 784 3011 audituros
806 2996 820 3020 ,
849 2965 905 3009 et
943 2948 1010 3008 ab
1034 2954 1113 3009 eis
1140 2954 1369 3025 petendo
1427 2968 1615 3021 preces
1642 2995 1657 3019 ,
1687 2960 1741 3006 et
1769 2962 1958 3005 rursus

384 3050 464 3104 eis
489 3048 627 3103 bona
666 3048 934 3117 precando
962 3046 1391 3102 innumerabilia.
1417 3045 1667 3099 Dominus
1694 3054 1859 3098 autem
1877 3043 1958 3095 di-

382 3143 551 3211 rigat,
582 3142 784 3209 inquit,
830 3140 988 3193 corda
1017 3149 1181 3193 vestra
1226 3140 1295 3191 ad
1340 3137 1436 3191 Dei
1484 3139 1766 3191 caritatem.
1796 3134 1957 3189 Multa

386 3234 529 3288 enim
553 3243 678 3288 sunt
703 3248 822 3302 qua:
868 3242 1119 3287 avertunt
1143 3248 1173 3285 a
1195 3216 1437 3297 caritate,
1469 3239 1525 3286 et
1546 3230 1726 3284 multae
1756 3229 1961 3283 semita:

388 3340 509 3395 qua:
558 3324 681 3379 inde
723 3325 1035 3389 divertunt;
1080 3323 1309 3393 primum
1356 3322 1569 3393 quidem
1619 3322 1805 3375 vitium
1844 3336 1962 3374 ma-

394 3432 588 3482 monm,
615 3426 881 3485 tamquam
915 3414 1251 3485 impudentes
1274 3413 1531 3484 quasdam
1558 3428 1748 3468 manus
1789 3412 1841 3466 in
1868 3429 1965 3467 no-

391 3521 555 3565 stram
597 3510 889 3563 immittens
915 3509 1145 3561 animam
1166 3549 1181 3573 ,
1211 3515 1267 3561 et
1294 3506 1566 3560 mordicus
1596 3505 1963 3575 apprehensus

390 3603 477 3658 vel
508 3602 702 3656 invitos
722 3600 847 3655 inde
874 3600 1020 3653 vellit
1046 3608 1099 3654 et
1128 3598 1328 3652 trahit:
1352 3598 1543 3653 deinde
1568 3597 1744 3652 inanis
1768 3596 1957 3666 gloria,

391 3706 447 3750 et
486 3710 629 3765 smpe
665 3696 827 3749 etiam
867 3692 1188 3748 amictiones
1231 3702 1287 3747 et
1339 3693 1664 3747 tentatioues
1692 3701 1961 3745 avertunt.

394 3791 682 3858 Pr0pterea
711 3796 978 3857 tamquam
1000 3785 1229 3856 quodam
1258 3785 1468 3855 spiritu,
1501 3785 1593 3839 Dei
1612 3783 1808 3838 auxilio
1830 3798 1965 3853 opus

396 3881 653 3933 habemus
672 3919 686 3945 ,
715 3889 774 3932 ut
802 3878 956 3932 nobis
980 3877 1156 3931 velum
1187 3887 1454 3945 tamquam
1486 3877 1553 3929 ab
1590 3876 1771 3945 aliquo
1799 3874 1965 3929 vehe-

394 3973 558 4026 menti
616 3971 804 4040 spiritu
855 3970 1243 4024 transmittatur
1294 3968 1361 4022 ad
1407 3968 1501 4023 Dei
1544 3969 1844 4023 caritatem.
1887 3966 1967 4021 Ne

398 4064 528 4118 mihi
554 4063 694 4117 enim
721 4061 940 4128 dixeris,
973 4061 1140 4131 Diligo
1161 4062 1332 4130 ipsmn
1361 4060 1521 4114 etiam
1554 4060 1672 4128 plus
1694 4075 1851 4130 quam
1879 4075 1969 4114 me

399 4158 612 4222 ipsum:
641 4154 754 4209 htec
802 4165 928 4208 sunt
971 4154 1134 4207 verba
1181 4171 1194 4206 :
1228 4151 1453 4206 ostende
1497 4151 1650 4206 factis
1671 4193 1686 4217 ,
1720 4152 1763 4205 si
1796 4152 1968 4221 ipsum

399 4248 579 4317 diligis
611 4247 733 4317 plus
762 4261 921 4316 quam
964 4245 1213 4314 teipsum.
1248 4244 1417 4313 Dilige
1440 4244 1565 4313 plus
1606 4257 1765 4313 quam
1806 4257 1971 4312 pecu-

399 4340 563 4403 niam,
591 4346 646 4392 et
672 4346 795 4391 tunc
835 4346 887 4390 te
916 4335 1080 4390 credo
1104 4336 1275 4405 ipsum
1302 4333 1525 4404 diligere
1565 4334 1682 4402 plus
1703 4348 1863 4403 quam
1892 4342 1973 4387 te-

400 4430 572 4497 ipsum
612 4446 626 4482 :
667 4428 757 4498 qui
812 4436 990 4482 autem
1029 4426 1280 4496 pecunias
1327 4440 1432 4479 non
1482 4425 1714 4495 deSpicis
1756 4433 1973 4493 pr0pter

401 4524 570 4578 Deum
593 4564 607 4588 ,
632 4521 901 4592 quomodo
932 4520 1160 4591 teipsum
1180 4519 1484 4589 despicies?
1513 4518 1655 4586 Quid
1684 4527 1864 4573 autem
1890 4518 1973 4573 di-

399 4633 464 4672 co
510 4615 805 4687 pecunias?
854 4614 943 4684 qui
983 4614 1260 4667 avaritiam
1299 4621 1355 4667 ει
1399 4612 1552 4681 plura
1600 4611 1832 4666 habendi
1873 4626 1971 4666 ett-

400 4709 675 4778 piditatem
700 4722 803 4761 non
831 4704 1242 4777 despic-is,quod
1272 4703 1433 4758 etiam
1465 4703 1666 4773 absque
1692 4704 1784 4757 Dei
1807 4704 1973 4772 jussis

398 4809 673 4869 eporteret
720 4799 929 4863 facere,
958 4797 1223 4868 quomodo
1264 4804 1317 4851 te
1366 4796 1538 4865 ipsum
1569 4795 1876 4864 despicias?
1903 4794 1972 4848 Et

396 4893 450 4945 in
479 4891 773 4960 patientiam
793 4888 999 4951 Christi,
1021 4888 1208 4957 inquit.
1235 4886 1372 4954 Quid
1407 4895 1511 4952 est,
1540 4884 1605 4939 In
1637 4884 1973 4954 patientiam?

396 4983 467 5038 Ut
509 4982 771 5050 patiamur
820 4981 957 5035 sicut
1011 4980 1099 5033 ille
1126 4992 1311 5049 passus
1356 4986 1457 5044 est,
1490 4985 1582 5031 aut
1630 4985 1688 5030 ut
1737 4975 1824 5030 illa
1850 4990 1975 5045 aga-

396 5088 555 5138 mus,
617 5080 709 5126 aut
758 5079 815 5125 ut
867 5071 1027 5125 etiam
1092 5084 1214 5125 eum
1278 5077 1657 5137 exspectemus
1708 5080 1829 5120 cum
1880 5080 1973 5135 pa-

399 5166 605 5229 tientia,
656 5165 757 5219 hoc
797 5173 915 5229 est,
968 5173 1025 5216 ut
1077 5164 1245 5216 simus
1305 5161 1497 5231 parati.
1545 5160 1676 5214 Nam
1719 5158 1969 5227 quoniam

396 5258 559 5310 multa
584 5255 847 5326 promisit,
876 5265 929 5309 et
958 5254 1073 5323 ipse
1104 5254 1251 5307 venit
1271 5252 1336 5306 ad
1355 5250 1706 5321 judicandum
1739 5250 1892 5304 vivos
1916 5259 1975 5304 et

397 5360 680 5414 mortuos,
735 5349 882 5402 illum
930 5357 1306 5416 exspectemus
1356 5356 1409 5401 et
1456 5346 1836 5401 sustineamus.
1868 5342 1968 5399 Ubi

395 5452 576 5495 autem
599 5441 729 5495 dicit
758 5440 1062 5508 patientiam
1083 5479 1097 5503 ,
1129 5439 1347 5492 omnino
1376 5438 1676 5493 subindicat
1717 5436 1967 5491 afﬂictio-

395 5549 517 5587 nem
552 5551 562 5585 :
591 5532 692 5587 hoc
719 5534 860 5587 enim
886 5541 969 5587 est
986 5532 1157 5585 Deum
1184 5530 1431 5599 diligere,
1463 5531 1749 5595 sustinere,
1780 5540 1835 5583 et
1862 5545 1969 5584 non

396 5623 724 5678 conturbari.
759 5623 813 5677 6.
855 5622 1224 5677 Denuntiamus
1250 5631 1419 5675 autem
1456 5621 1592 5675 vobis
1613 5663 1627 5686 ,
1670 5626 1884 5687 fratres,
1917 5623 1971 5675 in

400 5715 601 5767 nomine
632 5714 835 5767 Domini
865 5714 1022 5767 nostri
1048 5712 1174 5767 Jesu
1205 5712 1422 5777 Christi,
1454 5722 1506 5766 ut
1533 5712 1841 5766 subtrahatis
1883 5728 1967 5767 vos

396 5807 457 5859 ab
484 5807 617 5861 omni
640 5801 800 5873 fratre
834 5806 1119 5879 ambulante
1142 5804 1445 5874 inordinate,
1480 5813 1523 5861 et
1551 5821 1652 5860 non
1692 5805 1965 5861 secundum

1178 343 1241 397 IN
1283 341 1489 401 EPIST.
1532 344 1577 400 11
1641 345 1730 400 AD
1768 341 2095 400 TIIESSAL.
2140 343 2293 400 CAP.
2339 344 2428 400 Ill.
2471 345 2701 405 llOMlL.
2743 350 2809 406 γ.
3522 361 3625 416 49'.

2047 460 2369 514 traditionem
2393 479 2542 531 quam
2568 477 2868 535 acceperunt
2887 483 2919 520 a
2938 469 3098 523 nobis.
3120 470 3231 527 Hoc
3252 479 3355 538 est,
3390 470 3502 527 Non
3532 490 3628 526 nos

2046 550 2161 606 htec
2186 552 2433 620 dicimus,
2467 556 2560 610 sed
2586 556 2832 612 Christus
2857 577 2871 613 :
2902 560 3001 614 hoc
3024 562 3165 615 cuitu
3191 572 3293 627 est,
3328 563 3395 617 In
3419 566 3627 619 nomine

2047 640 2441 699 Domininostri
2467 645 2592 702 Jesu
2612 648 2821 703 Christi.
2850 649 3098 706 Ostendit
3131 652 3214 706 his
3256 655 3434 709 verbis
3466 670 3627 723 quam

2047 736 2119 788 sit
2147 738 2402 793 terribilis
2431 738 2789 796 denuntiatio.
2823 743 2924 799 Per
2945 744 3214 801 Christum
3242 788 3256 813 ,
3291 749 3458 818 inquit
3482 751 3497 814 ,'
3527 764 3626 803 an-

2051 829 2377 883 nuntiamus.
2428 830 2699 902 Nusquam
2746 834 2906 903 igitur
2949 834 3196 892 Christus
3246 840 3485 908 praecipit
3529 856 3627 895 nos

2048 934 2168 976 esse
2193 923 2415 977 otiosos.
2440 923 2507 977 Ut
2531 924 2838 979 subtrahatis
2854 943 2957 991 vos,
2986 927 3175 997 inquit,
3203 929 3264 982 ab
3293 932 3426 983 omni
3444 931 3628 1000 fratre.

2048 1012 2125 1067 Ne
2150 1014 2281 1069 mihi
2309 1015 2455 1070 dicas
2484 1017 2699 1072 divitem
2720 1059 2736 1083 ,
2766 1035 2834 1073 ne
2882 1035 3199 1089 pauperem,
3223 1038 3291 1075 ne
3328 1033 3574 1077 sanctum
3611 1043 3625 1078 :

2049 1103 2153 1160 hoc
2180 1117 2263 1160 est
2289 1108 2624 1163 immodestia
2655 1119 2709 1164 et
2738 1110 3047 1166 dissolutio.
3071 1113 3395 1176 Ambulanle,
3424 1115 3622 1184 inquit,

2050 1195 2151 1251 hoc
2175 1207 2286 1264 est,
2315 1198 2547 1253 vivente.
2578 1199 2644 1253 Et
2671 1217 2773 1254 non
2813 1202 3107 1255 secundum
3128 1204 3448 1257 traditionem
3476 1222 3631 1272 quam

2050 1299 2347 1361 acceperunt
2371 1308 2402 1344 a
2427 1292 2588 1346 nobis.
2616 1293 2977 1348 Traditionem
3000 1296 3073 1347 ait
3089 1310 3206 1364 qute
3230 1294 3286 1348 ﬁt
3312 1311 3403 1364 per
3424 1311 3587 1365 opera
3610 1314 3626 1358 ;

2050 1390 2103 1435 et
2122 1384 2335 1452 proprie
2357 1383 2492 1439 hanc
2517 1400 2728 1455 semper
2751 1387 2883 1441 dicit
2902 1387 3261 1442 traditionem.
3289 1390 3340 1443 7.
3360 1388 3473 1457 Ipsi
3494 1391 3627 1444 enim

2048 1475 2187 1528 scitis
2206 1476 2626 1544 quemadmodum
2653 1487 2880 1546 oporteat
2908 1480 3096 1532 imitari
3122 1496 3213 1533 nos
3237 1482 3508 1550 :quoniam
3526 1498 3628 1536 non

2048 1569 2259 1637 inquieti
2284 1570 2473 1639 fuimus
2498 1572 2626 1623 inter
2654 1586 2760 1635 vos,
2790 1571 2845 1625 8.
2876 1588 3034 1642 neque
3060 1573 3221 1642 gratis
3270 1589 3451 1641 panem
3481 1590 3626 1626 man-

2051 1661 2343 1715 ducavimus
2364 1663 2427 1715 ab
2452 1662 2640 1731 aliqua.
2660 1662 2990 1731 Quamquam
3016 1662 3223 1716 etiamsi
3247 1663 3625 1730 comedissent,

2050 1755 2215 1822 gratis
2263 1769 2370 1808 non
2421 1754 2777 1810 comedissem
2810 1772 2823 1806 :
2856 1753 3057 1825 Dignus
3104 1763 3176 1808 est
3221 1755 3387 1818 enim,
3417 1755 3626 1823 inquit,

2052 1849 2313 1917 aperarius
2338 1848 2563 1902 mercede
2591 1865 2683 1902 sua
2725 1846 2874 1919 (Luc.
2910 1846 2998 1901 10.
3022 1845 3098 1917 7).
3132 1846 3239 1902 Sed
3264 1847 3317 1900 in
3366 1847 3536 1901 labore
3579 1857 3627 1900 et

2053 1939 2350 2011 fatigatione
2375 1982 2390 2006 ,
2418 1952 2565 1994 nocte
2594 1950 2641 1994 et
2690 1941 2773 1994 die
2800 1951 3066 2010 aperantes
3089 1981 3103 2003 ,
3137 1957 3200 1994 ne
3234 1956 3380 2011 quem
3409 1951 3627 1995 vestrum

2053 2046 2389 2102 gravaremus.
2424 2032 2544 2085 Non
2587 2033 2731 2103 quasi
2777 2049 2878 2085 non
2923 2032 3243 2086 habuerimus
3286 2042 3624 2102 potestatem,
3688 2014 3701 2027 ’

2053 2124 2285 2175 daremus
2328 2122 2465 2176 vobis
2510 2123 2578 2175 ad
2624 2123 2928 2176 imitandum
2969 2140 3082 2177 nos.
3123 2123 3212 2178 10.
3247 2121 3384 2176 Ναηι
3417 2132 3465 2176 et
3512 2140 3628 2177 cum

2054 2228 2273 2267 essemus
2294 2213 2431 2282 apud
2457 2229 2543 2266 vos
2562 2254 2577 2279 ,
2605 2213 3025 2267 denuntiabamus
3051 2212 3189 2267 vobis
3214 2255 3231 2280 ,
3260 2213 3395 2283 quod
3429 2214 3474 2267 si
3516 2214 3628 2283 quis

2055 2320 2157 2358 non
2185 2304 2289 2357 vult
2315 2304 2533 2372 operari,
2566 2320 2656 2357 nec
2686 2304 2969 2357 manducet.

2124 2393 2180 2447 2.
2212 2393 2345 2447 Vide
2373 2393 2641 2463 quomodo
2676 2395 2725 2447 in
2757 2394 2919 2462 priori
2947 2393 3160 2463 quidem
3192 2393 3415 2462 epistola
3452 2393 3632 2449 mitius

2054 2486 2122 2541 de
2150 2486 2251 2540 hoc
2274 2486 2507 2550 disserit,
2540 2498 2591 2539 ut
2619 2487 2830 2556 quando
2853 2487 2981 2541 dicit
3007 2505 3020 2542 :
3048 2488 3308 2557 Rogamus
3336 2497 3501 2541 autem
3521 2503 3631 2550 vos,

2059 2580 2264 2659 fratres,
2293 2588 2346 2630 ut
2377 2578 2641 2629 abundetis
2666 2578 2825 2648 magis
2848 2587 2895 2630 et
2923 2579 3237 2631 contendatis
3262 2578 3338 2647 (1.
3361 2576 3543 2632 Thess.
3574 2580 3629 2632 -1.

2058 2670 2144 2722 10.
2191 2666 2279 2736 l9.)
2315 2685 2327 2719 :
2357 2679 2410 2721 ct
2442 2682 2726 2737 nusquam,
2774 2667 3181 2732 Denuntiamus;
3210 2684 3403 2738 neque,
3436 2667 3504 2721 In
3533 2686 3629 2722 no-

2057 2760 2191 2813 mine
2232 2759 2439 2812 Domini
2485 2760 2644 2811 nostri
2685 2757 2811 2812 Jesu
2855 2758 3065 2821 Christi,
3112 2759 3253 2828 quod
3295 2759 3507 2829 quidem
3550 2769 3636 2815 est

2058 2853 2297 2907 terribile
2326 2860 2381 2905 et.
2424 2850 2583 2905 habet
2622 2850 2913 2920 periculum
2938 2867 2952 2915 ;
2981 2850 3097 2916 sed,
3131 2850 3198 2904 Ut
3224 2850 3505 2915 abundetis,
3546 2852 3632 2905 in-

2060 2947 2193 3015 quit,
2220 2954 2267 2998 et
2294 2945 2631 3006 contendatis,
2675 2943 2817 3013 quod
2844 2952 2961 2997 erat
2985 2942 3317 2997 adhortantis
3358 2943 3424 2997 ad
3474 2943 3635 2997 virtu-

2062 3046 2247 3102 tutem,
2282 3044 2356 3101 ut,
2380 3034 2570 3105 inquit,
2598 3034 2801 3087 honeste
2824 3034 3087 3087 ambuletis
3116 3032 3193 3105 (l.
3228 3033 3403 3089 Thess.
3430 3034 3485 3089 4.
3516 3034 3632 3105 11).

2062 3127 2157 3181 Hic
2186 3137 2361 3182 autem
2391 3127 2521 3179 nihil
2552 3125 2876 3194 hujusmodi,
2903 3126 3023 3190 sed,
3056 3125 3115 3180 Si
3135 3125 3247 3194 quis
3268 3141 3368 3180 non
3389 3125 3492 3179 vult
3514 3142 3643 3196 ape-

2061 3221 2187 3283 rari,
2219 3235 2307 3272 nec
2343 3218 2629 3271 manducet.
2666 3216 2795 3269 Nam
2829 3217 2873 3270 si
2902 3215 3117 3282 Paulus,
3150 3217 3233 3269 cui
3263 3232 3369 3269 non
3398 3225 3515 3269 erat
3538 3232 3636 3270 ne-

2064 3326 2237 3377 cesse,
2267 3311 2359 3364 sed
2389 3311 2437 3363 iu
2461 3310 2611 3377 cujus
2631 3317 2747 3363 erat
2772 3317 3035 3378 potestate
3062 3323 3180 3362 esse
3212 3309 3262 3361 in
3290 3309 3420 3373 otio,
3444 3318 3499 3363 et
3524 3318 3641 3361 tan-

2068 3412 2178 3455 tum
2226 3416 2359 3470 opus
2405 3408 2735 3468 susceperat,
2790 3398 3109 3469 operabatur
3161 3408 3375 3465 tamen,
3429 3408 3482 3453 et
3532 3415 3639 3454 nou

2066 3497 2238 3549 solum
2268 3492 2609 3563 operabatur,
2652 3490 2745 3544 sed
2775 3490 2863 3545 die
2901 3505 2964 3544 ac
3008 3501 3164 3544 nocte
3204 3490 3548 3557 cperabatur,
3581 3502 3642 3545 ut

2067 3595 2248 3655 posset
2275 3587 2432 3638 etiam
2461 3583 2582 3636 aliis
2612 3582 2860 3650 opitulari
2886 3597 2900 3645 ;
2929 3581 3096 3635 multo
3120 3581 3288 3649 magis
3316 3580 3449 3634 alios
3474 3596 3640 3651 opor-

2070 3677 2212 3731 tebat
2238 3677 2337 3729 hoc
2360 3676 2548 3728 facere.
2571 3674 2658 3728 11.
2680 3672 2971 3726 Audivimus
2986 3672 3118 3725 enim
3141 3675 3271 3724 inter
3290 3686 3375 3725 vos
3400 3672 3645 3741 quosdam

2068 3769 2379 3823 ainbulantes
2401 3767 2640 3837 inquieto,
2670 3766 2799 3819 nihil
2826 3774 3091 3836 aperantes
3110 3806 3125 3831 ,
3152 3765 3240 3818 sed
3266 3767 3460 3819 curiose
3483 3781 3642 3835 agen-

2070 3872 2162 3915 tes.
2192 3861 2302 3914 lloc
2325 3858 2536 3928 quidem
2558 3857 2642 3911 hic
2666 3875 2679 3909 :
2707 3857 2814 3911 illic
2836 3866 3012 3910 autem
3033 3856 3083 3910 iu
3110 3856 3292 3925 priori.
3326 3856 3393 3911 Ut
3414 3857 3638 3923 honeste,

2070 3954 2260 4022 inquit,
2292 3950 2553 4003 ambuletis
2582 3949 2649 4001 ad
2686 3965 2767 4002 eos
2796 3950 2880 4016 qui
2913 3948 3036 4017 foris
3074 3956 3209 4000 sunt.
3253 3947 3469 4014 Quare?
3506 3947 3643 4001 For-

2074 4054 2213 4099 tasse
2240 4042 2370 4096 nihil
2400 4041 2574 4095 adhuc
2596 4050 2711 4095 erat
2750 4040 2853 4093 tale
2878 4059 2891 4093 :
2920 4055 3041 4092 nam
3070 4038 3194 4093 alibi
3222 4054 3433 4108 quoque
3456 4038 3645 4092 admo-

2072 4150 2206 4191 nens
2243 4134 2480 4197 dicebat,
2515 4133 2720 4187 Beatius
2758 4142 2829 4186 est
2873 4133 3033 4201 magis
3072 4132 3196 4185 dare
3234 4148 3383 4200 quam
3420 4133 3649 4200 accipere

2077 4230 2210 4299 (Act.
2238 4227 2328 4281 ‘20.
2361 4228 2474 4296 55).
2510 4226 2642 4279 lllttd
2685 4234 2861 4278 autem
2888 4265 2903 4290 ,
2939 4223 3162 4277 Honeste
3186 4222 3443 4275 ambulate
3474 4261 3490 4285 ,
3538 4239 3647 4278 non

2073 4330 2156 4375 est
2180 4319 2247 4373 de
2275 4316 2611 4372 immodestia
2636 4324 2689 4369 et
2708 4312 3060 4368 dissolutione
3090 4332 3105 4367 :
3130 4324 3185 4367 et
3206 4311 3327 4367 ideo
3348 4313 3643 4381 subjunxit,

2078 4410 2147 4465 Ut
2182 4410 2321 4463 nullo
2348 4408 2550 4478 egeatis.
2582 4406 2681 4460 Hic
2718 4413 2893 4459 autem
2922 4405 3079 4457 aliam
3106 4419 3319 4473 quoque
3357 4406 3506 4472 ponit
3547 4420 3644 4459 ne-

2074 4503 2400 4563 cessitatem,
2430 4506 2490 4552 ut
2516 4498 2656 4567 quod
2686 4496 2880 4549 bonum
2922 4504 3007 4549 est
3040 4503 3095 4548 et
3129 4499 3411 4549 honestum
3452 4494 3650 4550 faciant

2075 4596 2214 4663 apud
2243 4605 2431 4646 omnes
2463 4610 2478 4644 :
2506 4586 2801 4658 procedens
2833 4586 2975 4640 enim
3020 4585 3170 4650 dicit,
3220 4584 3393 4639 Nolite
3438 4586 3651 4653 deﬁcere
3682 4568 3693 4581 ’

2076 4688 2264 4742 bonum
2284 4685 2522 4756 facientes
2549 4682 2595 4753 (Ι
2606 4682 2709 4737 bid.
2726 4698 2772 4735 v.
2789 4680 3070 4751 l5).Plane
3090 4681 3231 4735 enim
3252 4695 3469 4734 necesse
3488 4690 3570 4735 est
3595 4690 3652 4734 ut

2074 4782 2275 4850 quiest
2320 4778 2521 4832 otiosus
2560 4784 2613 4829 et
2640 4782 2813 4842 potest
2841 4772 3070 4841 operari,
3098 4772 3166 4825 sit
3193 4770 3454 4825 curiosus.
3486 4771 3651 4825 Elec—

2078 4888 2295 4943 mosyua
2322 4882 2500 4925 autem
2518 4870 2581 4923 iis
2602 4869 2731 4923 solis
2751 4876 2833 4921 est
2854 4867 2995 4932 data,
3020 4866 3108 4936 qui
3124 4882 3189 4919 ex
3210 4866 3518 4935 operatione
3538 4882 3651 4919 ma-

2078 4981 2240 5020 nuum
2260 4962 2361 5017 sibi
2388 4978 2491 5017 nou
2516 4970 2737 5032 possunt
2754 4962 2949 5014 victum
2968 4959 3330 5028 suppeditare;
3358 4968 3449 5014 aut
3478 4958 3542 5013 iis
3562 4960 3653 5028 qui

2076 5061 2298 5121 docent,
2332 5067 2385 5112 et
2424 5065 2547 5111 sunt
2573 5054 2784 5125 penitus
2812 5054 3052 5123 occupati
3081 5053 3131 5105 in
3161 5053 3374 5122 negotio
3402 5052 3647 5106 docendi.

2080 5152 2202 5207 Non
2240 5152 2380 5205 enim
2419 5150 2669 5219 alligabis,
2703 5149 2902 5218 inquit,
2943 5164 2999 5200 os
3033 5147 3145 5201 bovi
3172 5145 3427 5199 trituranti
3457 5144 3651 5213 (Deut.

2079 5244 2167 5298 15.
2202 5243 2257 5313 4)
2290 5260 2302 5295 :
2333 5250 2406 5305 et,
2448 5241 2645 5311 Dignus
2674 5249 2745 5292 est
2779 5239 3039 5309 operarius
3067 5238 3293 5291 mercede
3316 5253 3408 5295 sua
3433 5235 3648 5305 (Matth.

2078 5336 2168 5390 11.
2199 5333 2311 5406 10).
2330 5333 2505 5400 Quare
2521 5346 2619 5386 nec
2642 5329 2729 5384 hic
2751 5329 2962 5399 quidem
2990 5337 3074 5383 est
3090 5329 3311 5392 otiosus,
3334 5325 3428 5381 sed
3448 5342 3650 5396 operae,

2078 5429 2303 5499 ejusque
2344 5442 2568 5493 magum,
2614 5423 2915 5479 mercedem
2953 5422 3162 5490 accipit.
3205 5420 3447 5475 Otiosum
3473 5429 3652 5473 autem

2077 5538 2233 5577 orare
2258 5530 2313 5577 et
2332 5520 2573 5591 jejunare
2592 5534 2695 5572 non
2723 5528 2804 5572 est
2820 5532 2955 5585 opus
2981 5529 3229 5568 manuum
3258 5512 3654 5583 :operationem

2078 5617 2221 5671 enim
2252 5615 2340 5670 hic
2384 5614 2514 5667 dicit
2556 5627 2671 5667 eam
2700 5627 2820 5681 qua:
2851 5611 2909 5663 ﬁt
2950 5624 3044 5677 per
3087 5623 3295 5661 manus.
3342 5606 3406 5659 Et
3433 5617 3490 5659 ut
3523 5604 3655 5660 nihil

2079 5709 2185 5764 tale
2207 5707 2516 5777 suspiceris,
2538 5704 2810 5773 subjunxit
2838 5722 2849 5754 :
2878 5700 3025 5754 Nihil
3047 5709 3331 5769 cperantes,
3358 5699 3445 5753 sed
3458 5699 3653 5752 curiose

2079 5812 2298 5869 agentes.
2327 5799 2413 5858 12.
2448 5798 2523 5856 lis
2554 5809 2720 5854 autem
2748 5796 2829 5867 qui
2854 5794 3102 5866 ejusmodi
3128 5802 3241 5848 sunt
3261 5834 3275 5861 ,
3306 5791 3656 5847 denuntiamus
