4114 6396
501 335 606 392 195

502 465 548 511 et
573 455 891 508 obsecramus
928 449 981 503 in
1028 445 1245 501 Domino
1288 442 1415 496 Jesu
1436 438 1659 495 Christo.
1687 435 1950 502 Quoniam
1981 444 2079 486 eos

476 545 660 603 .valde
703 542 916 610 tetigit,
964 539 1231 593 mitiorem
1271 534 1458 587 volens
1486 528 1715 585 reddere
1744 525 2038 581 orationem
2062 560 2079 585 ,

503 637 795 707 subjunxit,
827 633 931 689 Per
966 630 1244 686 Dominum
1276 627 1453 682 Iesum
1479 623 1735 679 Christum
1763 636 1781 674 :
1808 626 1863 673 et
1897 629 2084 671 rursus

506 730 933 802 probabilitatem
978 733 1036 781 et
1080 733 1337 778 terrorem
1382 718 1612 773 afferens
1650 713 1825 769 dixit:
1859 710 1928 766 Ut
1968 724 2084 762 cum

503 823 706 879 silentio
746 828 1010 892 aperantes
1056 831 1240 886 panem
1283 827 1434 867 suum
1473 806 1799 862 manducent.
1842 803 1950 857 Cur
1976 815 2084 855 non

505 916 661 982 dixit,
709 912 769 971 Si
814 929 920 968 non
970 911 1079 966 sint
1127 916 1307 962 autem
1358 901 1663 959 immodesti
1715 907 1770 954 et
1818 895 2083 958 dissoluti,

506 1011 718 1065 alantur
753 1023 783 1062 a
826 1005 1021 1061 vobis:
1054 1000 1149 1056 sed
1182 1010 1465 1068 utrumque
1492 994 1684 1063 exigit,
1724 999 1782 1045 ut
1809 999 1864 1045 et
1892 988 1999 1042 sint
2028 987 2082 1040 in

506 1100 744 1163 silentio,
770 1107 823 1152 et
850 1092 1178 1165 operentur?
1208 1090 1342 1156 Quia
1370 1089 1513 1157 ipsos
1538 1091 1826 1154 operantes
1850 1079 1963 1133 vult
1982 1076 2083 1132 sibi

506 1192 818 1247 alimentum
848 1200 1058 1258 parare.
1082 1183 1196 1238 Hoc
1221 1181 1363 1237 enim
1389 1178 1489 1234 sibi
1517 1176 1628 1230 vult
1647 1173 1797 1241 illud,
1822 1170 1887 1226 Ut
1907 1184 2087 1241 panem

505 1299 656 1338 suum
680 1280 1016 1341 manducent;
1045 1275 1094 1330 id
1123 1284 1226 1337 est,
1255 1288 1324 1327 ex
1354 1270 1466 1325 suis
1496 1266 1789 1329 laboribus,
1819 1277 1922 1317 non
1953 1260 2085 1314 alie-

508 1389 661 1439 num,
688 1388 753 1427 ex
785 1368 1127 1425 mendicitate
1156 1375 1384 1435 partum.
1413 1363 1499 1418 15.
1535 1358 1637 1414 Vos
1660 1366 1848 1421 autem,
1881 1356 2085 1424 fratres,

512 1467 667 1529 nolite
708 1465 923 1532 deﬁcere
968 1459 1351 1532 benefacientes.
1397 1454 1533 1510 Vide
1579 1450 1849 1521 quomodo
1904 1444 2086 1501 statim

508 1563 680 1618 fraeta
718 1566 843 1614 sunt
871 1537 1089 1628 paterna
1115 1555 1341 1609 viscera.
1372 1550 1489 1605 Non
1516 1548 1689 1618 potuit
1718 1544 1937 1600 ulterius
1965 1553 2091 1609 pro-

506 1653 661 1725 sequi
688 1650 1128 1721 increpationem,
1153 1645 1246 1700 sed
1273 1658 1457 1699 rursus
1482 1656 1665 1697 eorum
1692 1648 1774 1694 est
1799 1637 2086 1691 misertus:

508 1744 631 1799 vide
657 1752 832 1797 autem
855 1756 974 1796 cum
997 1747 1191 1809 quanta
1223 1734 1526 1807 prudentia.
1552 1732 1668 1787 Non
1698 1729 1850 1794 dixit,
1879 1726 1983 1783 Sed
2010 1728 2089 1782 eis

510 1836 794 1903 ignoscite,
825 1832 997 1887 donec
1026 1830 1395 1898 corrigantur;
1444 1824 1538 1880 sed
1579 1822 1743 1894 quid?
1780 1819 1880 1875 Vos
1921 1826 2090 1872 autem

508 1928 665 1983 nolite
690 1926 902 1995 deﬁcere
925 1922 1306 1992 benefacientes.
1337 1916 1663 1981 Subtrahite,
1696 1914 1885 1984 inquit,
1907 1925 2002 1964 vos
2022 1910 2090 1964 ab

406 2022 411 2029 '
511 2020 660 2089 ipsis,
708 2026 764 2072 et
802 2032 899 2073 eos
938 2015 1208 2083 inerepate
1237 2030 1250 2066 :
1281 2028 1348 2067 ne
1387 2020 1563 2065 tamen
1606 2023 1700 2064 eos
1738 2007 1878 2061 fame
1922 2006 2090 2059 inter-

511 2123 697 2168 euntes
739 2108 1017 2178 despicite.
1068 2106 1125 2163 Si
1158 2119 1322 2169 vero,
1364 2103 1570 2172 inquit,
1604 2117 1633 2154 a
1686 2099 1840 2153 nobis
1885 2095 2091 2150 habens

513 2201 914 2267 abundantiam,
968 2205 1182 2253 maneat
1225 2196 1449 2259 otiosus,
1497 2192 1778 2261 benignum
1824 2187 2090 2257 quoddam

514 2294 962 2349 medicamentum
992 2290 1140 2345 dicit.
1172 2285 1311 2356 Quid
1352 2300 1479 2355 ergo
1521 2283 1685 2337 dicit:
1721 2281 1777 2336 Si
1824 2296 1941 2335 eam
1972 2294 2092 2347 quae

513 2394 596 2441 est
610 2400 637 2438 a
657 2384 809 2439 nobis
838 2383 1038 2437 habens
1054 2379 1455 2439 abundantiam,
1479 2382 1657 2428 manet
1671 2374 1873 2428 otiosus
1888 2373 1910 2423 ’ἰ
1928 2371 1986 2425 In
2005 2384 2092 2435 eo,

514 2476 706 2545 inquit,
752 2473 1016 2545 placidum
1043 2486 1105 2525 ac
1131 2470 1419 2539 benignum
1448 2466 1556 2521 dixi
1599 2464 2044 2519 medicamentum
2078 2478 2092 2513 :

516 2579 733 2638 nempe,
765 2566 1077 2623 Subtrahite
1102 2578 1198 2617 vos
1228 2562 1294 2615 ab
1334 2561 1449 2629 ipso
1475 2576 1489 2617 :
1519 2558 1619 2612 hoc
1644 2564 1746 2618 est,
1777 2555 1855 2609 Ne
1882 2554 1929 2609 ei
1958 2552 2097 2607 detis

518 2664 765 2721 ﬁduciam
790 2673 843 2717 et
867 2661 1117 2732 loquendi
1148 2660 1469 2718 libertatem,
1499 2652 1765 2707 ostendite
1785 2664 1880 2703 vos
1902 2648 1949 2701 ei
1978 2659 2100 2699 suc-

518 2774 761 2815 censere.
788 2757 902 2812 Non
928 2764 1011 2809 est
1039 2750 1140 2807 hoc’
1166 2766 1407 2821 parvum.
1442 2747 1585 2800 Talis
1613 2744 1669 2797 lit
1696 2742 1761 2797 ad
1793 2742 1983 2795 fratres
2010 2737 2099 2791 in-

517 2850 778 2920 crepatio,
826 2848 871 2902 si
914 2860 1043 2902 vere
1081 2858 1176 2899 eos
1200 2842 1445 2895 volumus
1472 2836 1763 2906 corrigere.
1802 2832 1916 2886 Non
1948 2830 2099 2899 igno-

520 2957 702 2999 ramus
719 2939 905 2995 modos
923 2933 1321 3007 increpationis.
1335 2924 1865 3001 Nam.tlic,quaaso,si
1881 2920 2100 2976 fratrem

522 3035 753 3090 haberes
780 3032 1071 3096 carnalem,
1103 3041 1297 3083 eumne
1340 3023 1648 3092 despiceres
1689 3019 1828 3073 fame
1872 3029 2102 3086 pereun-

525 3126 671 3182 tem?
707 3124 820 3179 Non
849 3138 980 3178 sane
1006 3121 1236 3191 Opinor;
1282 3116 1382 3172 sed
1425 3114 1561 3168 forte
1585 3112 1745 3167 etiam
1776 3107 2099 3176 corrigeres.

524 3220 611 3275 M.
647 3216 795 3285 Quod
821 3216 865 3270 si
896 3215 1009 3285 quis
1034 3229 1135 3266 non
1158 3209 1322 3265 obedit
1340 3206 1487 3263 verbo
1504 3213 1674 3259 nostro
1702 3219 1790 3273 per
1814 3199 2098 3269 epistolam.

527 3311 661 3365 Vide
691 3308 832 3364 Pauli
859 3305 1209 3360 humilitatem
1242 3320 1255 3356 :
1288 3316 1392 3355 non
1423 3298 1576 3361 dixit,
1608 3294 1710 3362 Qui
1754 3308 1858 3347 non
1898 3289 2102 3357 obedit,

529 3403 660 3457 mihi
691 3416 799 3455 non
827 3397 1045 3462 obedit;
1075 3394 1168 3450 sed
1214 3392 1420 3463 placide
1449 3388 1766 3444 subindicat.
1817 3382 1967 3435 Hunc
2007 3397 2104 3434 no-

532 3505 649 3549 tate.
681 3492 750 3547 Ut
786 3507 889 3545 non
921 3489 1120 3553 lateat,
1151 3487 1251 3539 hoc
1280 3482 1455 3537 facere
1485 3480 1747 3534 hortatur.
1779 3474 1861 3528 Ne
1888 3471 2102 3528 commi-

527 3586 769 3642 sceamini
823 3599 939 3637 cum
982 3580 1093 3634 illo.
1138 3578 1253 3632 Non
1306 3584 1388 3629 est
1433 3588 1594 3643 parva
1641 3570 1754 3623 lucc
1805 3564 2102 3635 castigatio.

528 3678 730 3734 Deinde
773 3690 977 3740 rursus,
1025 3670 1091 3727 Ut
1132 3668 1495 3739 confundatur.
1540 3663 1651 3717 Nec
1702 3660 1832 3714 sinit
1884 3656 2109 3711 ulterius

536 3770 805 3840 progredi.
850 3767 917 3822 Ut
959 3766 1101 3819 enim
1130 3777 1251 3817 cum
1283 3760 1527 3820 dixisset,
1563 3756 1623 3809 Si
1650 3755 1762 3823 quis
1789 3768 1890 3805 non
1923 3765 2107 3817 apera-

531 3838 613 3915 tur
633 3838 658 3925 ,⁷
682 3876 772 3914 nec
810 3858 1109 3919 manducet,
1141 3852 1343 3907 veritus
1374 3864 1441 3903 ne
1472 3848 1610 3901 fame
1639 3843 1951 3907 interirent,
1982 3838 2110 3893 sub-

526 3955 723 4027 junxit,
783 3950 881 4004 Vos
923 3958 1090 4001 autem
1135 3945 1289 3998 nolite
1333 3941 1545 4008 deficere
1593 3936 1957 4006 benefacientes
1989 3947 2008 3984 :
2039 3931 2109 3985 ita

532 4024 656 4105 cum
682 4045 924 4103 dixisset,
958 4036 1264 4095 Subtrahite
1290 4048 1416 4096 vos,
1450 4028 1655 4085 et.Non
1685 4024 2115 4080 commisceamini

534 4156 649 4193 cum
678 4136 788 4201 illo,
817 4130 1013 4187 deinde
1056 4128 1256 4180 veritus
1293 4139 1361 4179 ne
1406 4123 1507 4176 hoc
1536 4120 1713 4188 ipsum
1741 4133 1862 4172 eum
1895 4115 2113 4170 exscin-

534 4231 687 4285 deret
726 4242 756 4279 a
805 4221 1133 4278 fraternitate
1172 4216 1340 4288 (nam
1383 4213 1470 4283 qui
1521 4210 1805 4280 despondit
1852 4208 2111 4272 animum,

535 4323 646 4377 cito
701 4316 926 4387 peribit,
966 4312 1049 4367 cui
1095 4325 1199 4363 non
1241 4307 1395 4360 datur
1436 4304 1623 4358 ﬁducia
1667 4311 1722 4356 et
1776 4300 1995 4353 libertas
2037 4299 2116 4352 lo-

536 4410 779 4484 quendi),
798 4404 1104 4475 subiunxit:
1131 4401 1217 4455 15.
1244 4398 1304 4451 Et
1325 4398 1477 4450 nolite
1491 4395 1631 4465 quasi
1657 4394 1915 4447 inimicum
1942 4391 2117 4444 existi-

536 4519 713 4565 mare,
755 4501 843 4553 sed
887 4496 1122 4563 corripite
1157 4501 1213 4546 ut
1253 4491 1479 4561 fratrem.
1529 4487 1631 4542 Per
1679 4485 1796 4540 hanc
1838 4484 2112 4548 05Iendit,

536 4592 681 4664 quod
713 4599 764 4644 ct
790 4591 840 4642 in
864 4602 987 4642 eum
1014 4597 1262 4654 magnum
1290 4587 1488 4635 statuat
1513 4576 1856 4647 supplicium,
1883 4590 1949 4629 eo
1974 4573 2116 4644 quod

536 4698 659 4739 eum
690 4682 861 4750 privet
889 4676 1099 4730 ﬁducia.

611 4776 666 4830 '5.
718 4772 1047 4838 Eleemosyna
1092 4764 1341 4836 quomodo
1388 4762 1579 4814 danda.
1622 4789 1692 4799 —
1732 4758 1863 4813 Nam
1909 4757 1953 4811 si
1999 4772 2119 4812 esse

539 4882 665 4924 cum
709 4862 889 4918 multis
932 4859 1280 4929 accipientem
1312 4863 1394 4911 est
1436 4853 1740 4924 pudendum
1777 4868 1789 4905 :
1822 4851 2040 4921 quando
2067 4859 2121 4904 et

548 4957 867 5029 prmbuerint
896 4952 1251 5018 increpantes,
1274 4955 1329 5001 et
1358 4960 1417 5001 se
1445 4944 1831 5006 subtraxerint,
1858 4952 2118 5012 quantum

543 5060 626 5107 est
654 5048 753 5103 hoc
779 5042 1054 5115 probrum,
1073 5049 1127 5094 et
1141 5048 1395 5109 quantum
1419 5038 1485 5091 ad
1510 5034 1857 5090 mordendum
1881 5034 2121 5087 animum

542 5143 740 5201 sufﬁcit
764 5146 777 5199 l
804 5139 932 5194 Nam
962 5136 1007 5190 si
1038 5136 1075 5189 ii
1103 5133 1193 5205 qui
1221 5132 1348 5187 dant
1377 5130 1598 5192 tardius,
1635 5139 1727 5184 aut
1754 5133 2120 5192 murmurant,

542 5252 639 5293 eos
676 5232 967 5289 incendunt
1007 5228 1096 5298 qui
1140 5226 1405 5294 accipiunt
1448 5224 1468 5293 (
1497 5239 1564 5279 ne
1594 5222 1721 5277 mihi
1750 5223 1890 5277 enim
1919 5222 2123 5277 dixeris

554 5329 621 5384 de
684 5322 1081 5395 impudentibus
1125 5318 1409 5383 mendicis,
1458 5316 1553 5372 sed
1601 5316 1669 5371 de
1721 5315 2029 5386 ﬁdelibus);
2075 5316 2121 5370 si

543 5420 636 5491 qui
678 5418 806 5473 dant
848 5423 971 5469 sunt
1014 5410 1355 5479 increpaturi,
1383 5409 1509 5478 quid
1547 5424 1651 5463 non
1698 5408 1934 5463 facerent
1983 5408 2125 5479 quod

547 5524 653 5564 non
709 5513 1042 5562 mererentur
1106 5499 1469 5571 supplicium?
1523 5497 1638 5553 Non
1693 5499 1770 5552 sic
1836 5514 1975 5565 nos,
2029 5499 2125 5554 sed

547 5611 816 5670 tamquam
844 5596 1074 5651 maxima
1116 5594 1291 5649 all'ecti
1344 5593 1570 5663 injuria,
1620 5606 1715 5647 eos
1761 5593 1850 5663 qui
1905 5594 2116 5649 mendi-

545 5701 672 5747 cant
698 5690 956 5746 aflicimus
980 5687 1329 5752 contumelia,
1361 5695 1415 5742 et
1453 5701 1780 5741 aversamur.
1825 5685 1939 5741 Non
1987 5686 2122 5753 das;

548 5796 645 5838 cur
673 5781 832 5839 etiam
859 5795 918 5837 es
942 5779 1239 5837 molestus?
1265 5778 1558 5845 Admonete,
1604 5776 1794 5848 inquit,
1826 5786 1880 5831 ut
1904 5779 2110 5847 fratres,

1239 326 1292 382 S.
1335 320 1608 381 JOANNIS
1642 309 2114 376 CllRVSOSTOMl
2152 309 2462 366 ARCHIEP.
2501 305 3027 365 CONSTANTINOP.

3661 304 3764 361 49f:

2191 444 2296 482 non
2335 428 2655 482 contumelia
2685 426 2883 505 afficite
2928 437 3193 496 tamquam
3220 426 3483 481 inimicos.
3524 426 3623 493 Qui
3648 426 3759 480 fra-

2192 531 2327 575 trem
2357 520 2640 585 admonet,
2683 534 2789 573 non
2819 519 2918 575 hoc
2960 518 3085 573 facit
3112 518 3342 589 publice,
3375 535 3479 572 non
3509 518 3761 587 probrum

2192 614 2242 667 in
2279 612 2546 683 publicum
2582 613 2842 676 traducit,
2873 612 2967 668 sed
2994 612 3097 667 hoc
3132 611 3258 666 facit
3294 612 3539 682 privatim
3567 622 3618 666 et
3643 627 3763 667 cum

2191 721 2377 775 magna
2420 706 2716 761 attentione
2735 749 2748 769 ,
2781 714 2836 761 et
2861 706 3081 770 dolens,
3110 722 3252 776 aegre
3280 706 3474 770 ferens,
3506 716 3560 761 et
3588 707 3760 778 lacry-

2192 810 2344 850 inans
2372 806 2426 852 et
2446 795 2766 852 lamentans.
2788 797 3048 852 Fraterno
3066 812 3192 867 ergo
3210 798 3390 852 animo
3413 798 3763 867 praebeamus,

2194 892 2423 947 fraterna
2465 893 2737 948 voluntate
2765 893 3145 948 admoneamus
3177 911 3190 946 :
3226 908 3329 947 non
3364 902 3631 962 tamquam
3661 894 3765 947 do-

2195 982 2367 1037 lentes
2415 999 2482 1038 eo
2534 984 2675 1053 quod
2729 983 2952 1047 demus,
3016 984 3109 1041 sed
3163 993 3428 1054 tamquam
3482 984 3764 1049 dolentes,

2194 1083 2473 1143 propterea
2513 1074 2655 1143 quod
2696 1074 2783 1129 ille
2828 1075 3245 1145 transgrediatur
3273 1076 3599 1132 mandatum.
3627 1075 3769 1142 Quid

2191 1163 2331 1218 enim
2371 1165 2634 1219 lucraris?
2662 1165 2793 1219 Nam
2823 1165 2868 1221 si
2896 1176 3171 1236 postquam
3206 1165 3419 1220 dederis
3447 1166 3769 1220 contumelia

2193 1255 2379 1318 afﬁcis,
2412 1258 2591 1326 perdis
2620 1259 2949 1329 voluptatem
2973 1259 3362 1313 distributionis
3385 1276 3398 1313 :
3426 1260 3638 1329 quando
3662 1274 3769 1312 au-

2196 1353 2300 1400 tem
2332 1362 2430 1401 nec
2471 1348 2685 1402 dederis
2725 1359 2780 1403 et
2826 1349 3143 1404 contumelia
3184 1349 3463 1413 aﬂeeeris,
3490 1350 3613 1420 quid
3640 1352 3767 1405 mali

2194 1453 2299 1491 non
2336 1438 2506 1493 fecisti
2546 1439 2618 1494 illi
2660 1440 2859 1495 misero
2888 1450 2942 1496 et
2971 1441 3319 1496 calamitoso?
3348 1441 3591 1496 Accessit
3632 1450 3770 1494 tam-

2190 1545 2350 1600 quam
2380 1531 2577 1602 aliquid
2604 1548 2634 1587 a
2666 1543 2716 1589 te
2742 1546 3056 1604 accepturus
3080 1576 3095 1600 ,
3128 1534 3352 1590 recessit
3397 1544 3572 1589 autem
3621 1534 3766 1589 letali

2194 1632 2413 1692 accepto
2442 1624 2682 1690 vulnere,
2716 1635 2768 1680 et
2798 1625 2963 1695 magis
2990 1634 3072 1680 est
3112 1626 3454 1696 lacrymatus.
3484 1624 3616 1679 Nam
3644 1640 3765 1681 cum

2198 1724 2415 1784 propter
2442 1726 2731 1786 egestatem
2764 1731 2981 1771 necesse
3007 1716 3199 1771 habeat
3222 1716 3548 1782 mendicare,
3570 1725 3625 1771 et
3646 1718 3770 1785 quia

2196 1807 2496 1872 mendicat,
2528 1810 2846 1864 contumelia
2885 1809 3147 1874 afficitur;
3175 1810 3296 1865 vide
3334 1820 3590 1881 quantum
3631 1810 3770 1864 futu-

2194 1914 2314 1952 rum
2343 1900 2411 1952 sit
2434 1901 2941 1955 contumeliosorum
2965 1902 3299 1971 supplicium.
3331 1902 3429 1968 Qui
3458 1903 3768 1956 contumelia

2195 1990 2345 2059 afﬁcit
2371 2007 2662 2060 pauperem,
2693 2008 2806 2045 eum
2835 1993 2999 2045 irritat
3026 1994 3109 2062 qui
3137 1993 3304 2061 ipsum
3328 1993 3443 2063 fecit
3472 1993 3653 2063 (Prov.
3676 1993 3766 2048 14.

2194 2080 2312 2145 21).
2351 2081 2605 2153 Nam,dic
2645 2083 2811 2149 mihi,
2853 2084 2968 2153 ipse
3011 2099 3134 2139 eum
3165 2094 3380 2154 propter
3410 2093 3461 2139 te
3498 2085 3624 2139 sinit
3648 2099 3773 2141 esse

2196 2187 2446 2243 egenum,
2478 2182 2537 2227 ut
2564 2182 2617 2227 lu
2645 2175 2818 2244 possis
2846 2175 3070 2244 teipsum
3093 2189 3302 2241 curare,
3336 2184 3389 2229 et
3418 2184 3474 2229 tu
3497 2190 3619 2230 eum
3645 2191 3775 2230 con-

2199 2265 2419 2320 tumelia
2461 2265 2628 2320 aflicis
2664 2267 2751 2336 qui
2795 2276 3011 2336 propter
3048 2275 3102 2322 te
3145 2276 3228 2322 est
3271 2268 3521 2337 egenus?
3560 2277 3776 2337 quanta:

2200 2359 2315 2414 haec
2336 2368 2462 2413 sunt
2484 2359 2792 2429 pravitatis!
2840 2375 2999 2430 quam
3034 2359 3223 2430 ingrati
3248 2361 3411 2414 animi
3444 2369 3527 2415 est
3564 2360 3665 2414 hoc
3692 2360 3775 2414 fa-

2197 2451 2373 2503 ctum!
2406 2448 2699 2517 Admonete,
2734 2449 2937 2520 inquit,
2967 2459 3022 2502 ut
3047 2453 3252 2521 fratres.
3290 2450 3465 2505 Etiam
3494 2459 3779 2521 postquam

2199 2542 2411 2597 dederis
2446 2542 2608 2610 jussit
2634 2542 2921 2599 admonere
2948 2560 2961 2596 :
2992 2543 3203 2611 quando
3232 2553 3408 2598 autem
3437 2544 3616 2608 etiam,
3652 2548 3779 2598 cum

2201 2651 2307 2691 non
2346 2635 2669 2700 dederimus,
2724 2635 3043 2691 contumelia
3096 2635 3379 2701 allicimus,
3408 2651 3648 2706 quaenam
3675 2636 3785 2692 erit

2201 2730 2357 2784 nobis
2385 2728 2665 2783 defensio?
2710 2728 2795 2783 16.
2841 2727 2962 2798 Ipse
3000 2738 3169 2783 autem
3217 2727 3466 2784 Dominus
3513 2730 3649 2798 pacis
3694 2728 3784 2782 det

2202 2820 2338 2873 vobis
2364 2836 2539 2888 pacem
2564 2820 2921 2889 sempiternam
2946 2820 3001 2873 in
3027 2820 3165 2872 omni
3190 2820 3319 2874 loco.
3351 2819 3486 2875 Vide
3514 2819 3783 2890 quomodo

2204 2921 2484 2982 postquam
2530 2912 2767 2965 narravit
2812 2926 2932 2981 quae
2977 2920 3102 2966 sunt
3146 2910 3387 2980 agenda,
3432 2926 3496 2965 ea
3540 2912 3787 2981 obsignct

2205 3002 2532 3070 precatione,
2584 3002 2747 3057 veluti
2798 3003 3040 3072 quaedam
3090 3003 3359 3073 signacula
3402 3019 3619 3067 eorum,
3662 3018 3784 3071 qua:

2207 3102 2331 3146 sunt
2356 3092 2621 3162 deposita,
2653 3108 2840 3162 preces
2874 3108 3081 3162 ponens
3105 3103 3161 3147 et
3189 3093 3655 3162 supplicationem.
3685 3093 3785 3146 Det

2206 3185 2341 3239 vobis
2360 3226 2374 3248 ,
2405 3186 2570 3251 inquit
2591 3226 2606 3249 ,
2640 3202 2815 3255 pacem
2844 3187 2898 3239 in
2935 3186 3072 3239 omni
3099 3187 3233 3239 loco.
3263 3185 3395 3239 Nam
3423 3186 3671 3255 quoniam
3701 3195 3787 3240 est

2209 3276 2497 3331 verisimile
2525 3291 2724 3346 pugnas
2779 3292 2845 3330 ex
2876 3277 2959 3331 his
2988 3287 3284 3341 exorturas,
3310 3292 3431 3331 cum
3462 3277 3533 3330 illi
3558 3277 3789 3330 evadant

2208 3372 2531 3438 asperiores,
2563 3377 2618 3424 et
2658 3370 2709 3423 hi
2754 3384 2858 3423 non
2903 3370 3125 3439 perinde
3161 3379 3319 3439 atque
3363 3370 3441 3423 illi
3470 3369 3785 3439 praebeant,

2212 3461 2404 3516 merito
2435 3461 2539 3515 hoc
2567 3477 2708 3515 nunc
2733 3470 2815 3515 est
2839 3473 3106 3531 precatus.
3141 3461 3257 3529 Det,
3292 3462 3493 3531 inquit,
3520 3459 3655 3515 vobis
3691 3476 3788 3530 pa-

2211 3572 2319 3608 cent
2358 3572 2573 3625 semper.
2623 3555 2736 3611 Hoc
2764 3564 2846 3610 est
2885 3557 3025 3609 enim
3054 3556 3193 3625 quod
3238 3557 3515 3625 quaeritur,
3562 3565 3619 3609 ut
3668 3570 3790 3609 eam

2212 3665 2427 3719 semper
2474 3649 2724 3703 habeant.
2774 3649 2910 3715 Quid
2952 3658 3057 3715 est,
3106 3647 3173 3701 In
3214 3649 3350 3702 omni
3391 3649 3543 3702 loco?
3584 3647 3795 3717 Ubique

2214 3742 2327 3795 vult
2346 3757 2526 3811 pacem
2552 3758 2691 3805 esse,
2720 3751 2772 3795 ut
2800 3743 2945 3796 nullo
2966 3757 3033 3797 ex
3060 3742 3177 3796 loco
3198 3740 3427 3796 habeant
3454 3742 3792 3795 occasionem

2214 3835 2597 3890 contentionis.
2635 3835 2840 3903 Ubique
2872 3835 3013 3889 enim
3046 3849 3149 3902 pax
3178 3842 3260 3888 est
3286 3833 3444 3895 bona,
3469 3833 3626 3887 etiam
3652 3832 3795 3900 apud

2215 3943 2310 3983 eos
2338 3929 2426 3997 qui
2456 3938 2580 3983 sunt
2622 3927 2748 3981 foris
2778 3947 2789 3979 :
2818 3927 2940 3981 audi
2984 3927 3129 3981 enim
3168 3941 3288 3981 eum
3328 3925 3455 3979 alibi
3481 3924 3742 3978 dicentem
3778 3940 3792 3976 :

2218 4020 2279 4074 Si
2305 4021 2414 4087 ﬁeri
2446 4029 2623 4090 potest,
2653 4027 2895 4090 quantum
2932 4018 2984 4070 in
3014 4018 3151 4071 vobis
3176 4027 3269 4083 est,
3297 4033 3412 4069 cum
3441 4015 3669 4070 omnibus
3699 4016 3798 4067 ho-

2218 4112 2435 4166 minibus
2483 4128 2657 4179 pacem
2704 4110 2879 4164 habete
2924 4110 3105 4180 (Rom.
3138 4108 3227 4164 12.
3263 4108 3376 4179 18).
3425 4108 3505 4162 Ad
3550 4123 3609 4162 ea
3650 4107 3800 4161 enim

2219 4219 2338 4273 qua:
2380 4214 2524 4257 recte
2570 4217 2758 4269 gerere
2787 4201 3032 4256 volumus
3061 4201 3192 4254 nihil
3218 4210 3302 4255 est
3335 4199 3469 4253 adeo
3496 4209 3675 4267 aptum
3696 4240 3711 4262 ,
3741 4209 3805 4251 ut

2221 4313 2342 4352 esse
2369 4297 2647 4368 paciﬁcum
2677 4306 2733 4352 et
2760 4312 2865 4350 non
2897 4296 3257 4351 turbulentum
3283 4336 3298 4360 ,
3341 4305 3397 4349 et
3423 4295 3646 4349 liberum
3680 4309 3806 4348 esse

2220 4390 2291 4443 ab
2328 4389 2638 4451 inimicitiis,
2673 4397 2727 4443 et
2766 4388 2969 4442 nullum
2998 4387 3197 4442 habere
3225 4386 3520 4440 inimicum.
3551 4383 3810 4438 Dominus

2220 4483 2287 4535 sit
2316 4499 2431 4536 cum
2458 4481 2684 4536 omnibus
2710 4482 2865 4535 vobis.
2899 4481 2986 4535 17.
3014 4479 3267 4534 Salutatio
3293 4495 3402 4532 mea
3429 4494 3580 4531 manu
3611 4476 3764 4529 Pauli
3788 4491 3812 4530 :

2225 4576 2358 4643 quod
2388 4585 2459 4628 est
2488 4577 2687 4646 signum
2714 4575 2767 4627 in
2791 4575 2927 4627 omni
2952 4574 3165 4643 epistola
3193 4588 3211 4626 :
3240 4573 3310 4625 ita
3339 4570 3520 4626 scribo.
3553 4570 3638 4624 18.
3670 4568 3810 4622 Gra-

2225 4670 2295 4721 tia
2346 4665 2554 4719 Domini
2607 4666 2768 4719 nostri
2804 4665 2930 4718 Jesu
2972 4663 3161 4718 Christi
3204 4680 3318 4717 cum
3369 4661 3599 4716 omnibus
3640 4659 3807 4713 vobis.

2225 4760 2405 4814 Amen.
2439 4758 2549 4813 Hoc
2575 4758 2704 4813 dicit
2731 4773 2789 4812 se
2819 4756 3055 4812 scribere
3081 4756 3133 4809 in
3168 4754 3315 4810 omni
3342 4753 3588 4823 epistola,
3616 4760 3677 4805 ut
3705 4767 3808 4806 ne-

2227 4851 2359 4906 mini
2397 4851 2553 4905 liceat
2598 4864 2692 4904 eas
2738 4848 3062 4912 adulterare,
3095 4862 3214 4901 cum
3261 4848 3491 4915 positum
3539 4845 3609 4898 sit
3637 4843 3810 4898 veluti

2228 4957 2479 5013 magnum
2510 4942 2717 5010 signum
2746 4938 3175 5007 subscriptionis.
3203 4936 3587 4992 Salutationem
3618 4944 3807 4989 autem

2227 5035 2465 5104 appellat
2495 5034 2882 5103 precationem,
2912 5030 3202 5087 ostendens
3225 5029 3367 5101 quod
3393 5039 3449 5084 et
3474 5040 3598 5084 tunc
3624 5029 3816 5083 omnia

2229 5127 2458 5198 agebant
2502 5127 2824 5197 spiritualia,
2872 5136 2927 5180 et
2971 5124 3182 5196 quando
3224 5124 3458 5179 salutare
3502 5122 3814 5193 oportebat,

2230 5236 2320 5276 res
2350 5229 2466 5275 erat
2497 5236 2618 5275 cum
2650 5220 2833 5284 lucro;
2860 5227 2915 5273 et
2945 5217 3085 5287 quod
3114 5216 3345 5287 precatio
3378 5232 3483 5270 non
3530 5222 3673 5269 esset
3717 5230 3817 5268 so-

2232 5317 2341 5371 lum
2368 5313 2671 5385 symbolum
2696 5311 2966 5365 amicitiae.
2996 5310 3079 5364 Ab
3103 5324 3165 5364 ea
3195 5308 3498 5379 incipiebat,
3532 5317 3585 5361 et
3614 5307 3664 5360 in
3689 5321 3818 5361 eam

2233 5406 2550 5469 desinebat,
2583 5404 2787 5475 magnis
2825 5404 3091 5459 mtenibus
3120 5403 3365 5457 muniens
3390 5417 3510 5471 quae
3537 5401 3820 5471 utrimque

2232 5499 2568 5562 dicebantur,
2601 5497 2857 5566 firmaque
2897 5504 2952 5551 et
2979 5495 3147 5550 solida
3179 5494 3409 5563 ponebat
3444 5493 3817 5559 fundamenta,

2234 5592 2550 5660 lirmumque
2575 5598 2631 5645 et
2656 5598 2828 5644 tutum
2860 5588 3020 5642 linem
3042 5586 3368 5657 imponebat.
3391 5584 3591 5650 Gratia,
3614 5584 3820 5653 inquit,

2235 5686 2371 5740 vobis
2406 5693 2454 5739 et
2489 5700 2623 5753 pax;
2660 5690 2716 5738 et
2756 5697 2965 5747 rursus,
3021 5680 3198 5735 Gratia
3233 5678 3443 5733 Domini
3479 5678 3638 5732 nostri
3680 5675 3821 5732 Iesu

2238 5776 2421 5834 Christi
2446 5793 2557 5832 cum
2584 5776 2813 5831 omnibus
2841 5774 2993 5830 robis.
3023 5773 3200 5829 Amen.
3234 5772 3345 5828 lloc
3370 5771 3531 5828 etiam
3559 5768 3818 5827 Christus
