4112 6398
390 388 496 444 ωδ

385 503 514 555 λῶν.
548 499 683 554 Ἵνα
709 497 836 566 μεθ’
859 495 1122 565 ἡσυχίας
1152 495 1542 565 ἐργαζόμενοι,
1585 495 1693 549 τὸν
1734 489 1963 548 ἑαυτῶν

387 585 572 652 ἄρτον
623 582 889 637 ἐσθίωσι.
963 579 1062 632 Διὰ
1099 579 1152 631 τί
1197 579 1270 650 μὴ
1301 573 1474 643 εἶπεν,
1510 578 1570 631 Εἰ
1613 579 1668 632 δὲ
1717 579 1792 649 μὴ
1828 579 1959 630 ἀτα-

387 667 600 729 κτοῦσι,
645 662 1034 734 τρεφέσθωσαν
1088 661 1219 732 παρ’
1269 663 1423 731 ὑμῶν
1451 677 1465 692 ·
1501 662 1635 715 ἀλλὰ
1679 661 1962 731 ἀμφότερα

387 751 632 812 ἀπαιτεῖ,
665 748 761 802 καὶ
784 746 846 800 τὸ
867 748 924 799 ἐν
953 744 1152 816 ἠσυχίᾳ
1171 739 1331 808 εἶναι,
1361 746 1454 798 καὶ
1497 746 1558 798 τὸ
1596 743 1961 816 ἐργάζεσθαι;

387 836 511 889 Ὀτι
543 832 791 902 βούλεται
813 829 1009 891 αὐτοὺς
1036 827 1432 897 ἐργαζομένους
1468 828 1687 897 τρέφειν
1714 824 1959 884 ἐαυτούς.

384 916 554 970 Τοῦτο
581 913 690 984 γάρ
713 914 848 973 ἐστι,
876 909 956 976 τὸ,
983 910 1115 965 Ἵνα
1137 909 1244 962 τὸν
1262 907 1489 962 ἑαυτῶν
1505 909 1684 978 ἄρτον
1695 909 1962 969 ἐσθίωσι,

386 997 633 1052 τουτέστι
661 997 750 1050 τὸν
771 994 830 1059 ἐξ
866 995 1080 1048 οἰκείων
1130 994 1342 1057 πόνων,
1382 994 1517 1046 ἀλλά
1567 993 1642 1065 μὴ
1680 993 1771 1046 τὸν
1807 991 1963 1044 ἀλλό-

387 1099 564 1152 τριον,
586 1080 677 1133 τὸν
704 1080 810 1134 ἀπὸ
826 1077 918 1130 τοῦ
953 1079 1266 1149 προσαιτεῖν
1287 1076 1730 1148 ἐκποριζόμενον.
1761 1076 1774 1094 ⁸
1789 1073 1959 1143 Υμεῒς

387 1166 495 1230 δὲ,
558 1161 841 1232 ἀδελφοί,
888 1161 974 1231 μὴ
1035 1161 1414 1228 ἐκκακήσητε
1475 1159 1962 1223 καλοποιοῦντες.

392 1251 535 1318 Ὅρα
551 1247 670 1311 πῶς
684 1246 885 1308 εὐθέως
896 1244 1234 1313 κατεκλάσθη
1246 1244 1314 1296 τὰ
1327 1244 1609 1314 σπλάγχνα
1624 1245 1691 1296 τὰ
1706 1242 1965 1312 πατρικά.

389 1332 507 1384 Οὐκ
522 1332 707 1400 ἴσχυσε
721 1346 787 1380 πε
797 1328 1030 1398 ραιτέρω
1043 1327 1141 1396 τὴν
1153 1327 1464 1396 ἐπιτίμησιν
1477 1323 1969 1396 προαγαγεῖν,ἀλλά

396 1412 558 1466 πάλιν
594 1411 791 1473 αὐτοὺς
833 1411 1064 1480 ἠλέησεο
1095 1409 1190 1462 καὶ
1228 1408 1329 1478 ὅρα
1363 1407 1482 1477 μεθ’
1515 1409 1648 1477 ὅσης
1678 1406 1964 1469 συνέσεως.

399 1496 514 1549 Ούκ
530 1489 674 1556 εἷπε,
701 1492 844 1563 Πλὴν
869 1490 1268 1562 συγγινώσκετε
1292 1491 1494 1554 αὐτοῖς,
1529 1491 1634 1554 ἕως
1657 1491 1722 1544 ἂν
1751 1489 1972 1560 διορθώ-

397 1594 597 1630 σωνται
623 1593 637 1607 ·
663 1576 801 1630 ἀλλὰ
829 1574 917 1640 τί;
960 1573 1160 1642 Ὑμεῖς
1203 1572 1271 1626 δὲ
1310 1572 1376 1626 τὸ
1409 1573 1608 1628 καλὸν
1652 1573 1969 1638 ποιοῦντες

391 1658 477 1730 μὴ
505 1659 904 1726 ἐκκακήσητελ.
957 1655 1244 1710 Στέλλεσθε
1279 1657 1396 1726 μὲν,
1447 1657 1632 1727 φησὶν,
1667 1657 1760 1709 ἀπ’
1790 1656 1969 1709 αὐτῶν

399 1745 493 1799 καὶ
531 1745 816 1815 ἐπιτιμᾶτε
845 1745 1048 1806 αὐτοῖς,
1084 1740 1158 1810 μὴ
1207 1741 1315 1811 μὴν
1375 1741 1653 1812 περιίδητε
1681 1739 1823 1810 λιμῷ
1854 1740 1973 1794 δια-

399 1827 726 1899 φθαρέντας.
778 1827 842 1879 Τί
879 1825 994 1890 οὖν,
1037 1823 1221 1893 φησὶν,
1265 1825 1493 1895 ἀνέχων
1523 1826 1621 1894 τὴν
1659 1823 1788 1894 παρ’
1815 1823 1972 1894 ἡμῶν

399 1909 664 1979 ἀφθονίαν
704 1908 936 1981 ἐπιμένῃ
979 1907 1204 1980 ἀργῶν;
1271 1908 1396 1960 Ἐπὶ
1442 1906 1631 1960 τούτου
1682 1907 1972 1976 φάρμακον

403 1992 692 2063 προσηνὲς,
749 1993 931 2062 φησὶν,
985 1987 1156 2055 εἷπον,
1197 1993 1279 2044 ὅτι
1319 1992 1394 2042 Στ
1412 1989 1628 2043 έλλεσθε
1669 1990 1762 2043 ἀπ’
1787 1989 1972 2054 αὑτοῦ,

402 2074 670 2138 τουτέστι,
707 2072 780 2144 μὴ
816 2074 1122 2144 μεταδίδοτε
1156 2073 1307 2144 αύτῷ
1343 2073 1676 2145 παρρησίας,
1703 2072 1976 2125 ἐνδείκνυ-

406 2155 501 2209 σθε
527 2157 607 2210 ὅτι
640 2157 940 2227 ὀργίζεσθε.
980 2157 1052 2210 Ού
1082 2157 1277 2226 μικρὸν
1301 2156 1357 2209 δὲ
1385 2156 1562 2208 τοῦτο.
1599 2154 1832 2224 Τοιαύτη
1866 2154 1977 2225 γὰρ

405 2239 440 2308 ὴ
472 2239 606 2309 πρὸς
633 2240 726 2292 τὸν
751 2237 977 2308 ἀδελφὺν
1009 2239 1217 2306 γίνεται
1246 2237 1585 2308 ἐπιτίμησις,
1628 2237 1684 2290 ετ
1717 2253 1781 2305 γε
1808 2236 1978 2299 ὅντως

406 2321 797 2396 διορθώσασθαι
837 2323 1154 2393 βουλόμεθα.
1206 2323 1319 2375 Οὐκ
1365 2319 1666 2392 ἀγνοοῦμεν
1705 2321 1830 2383 τοὺς
1862 2320 1980 2389 τρό-

409 2423 544 2470 πους
581 2407 680 2476 τῆς
703 2407 1091 2477 ἐπιτιμήσεως.
1146 2406 1281 2459 Εἰπὲ
1315 2404 1423 2476 γάρ
1477 2422 1590 2475 μοι,
1625 2405 1676 2457 εί
1719 2405 1979 2474 σαρκικδν

409 2489 553 2563 εἶχες
579 2492 823 2561 ἀδελφὸν,
858 2489 967 2561 ἆρα
1001 2493 1067 2546 ἂν
1095 2492 1358 2562 περιεῖδες
1391 2491 1551 2545 αὑτὸν
1577 2488 1719 2561 λιμῷ
1747 2489 1981 2560 τηκόμε-

410 2592 534 2635 νον;
577 2576 689 2629 Οὐκ
734 2576 905 2644 ἔγωγε
937 2571 1120 2646 οἶμαι·
1164 2575 1277 2628 ἀλλ’
1321 2576 1451 2636 ίσως
1504 2573 1608 2627 κᾶν
1648 2571 1982 2645 ἐρῤύθμισας

410 2659 601 2712 αὐτόν.
635 2659 703 2711 El
733 2658 800 2712 δέ
830 2677 920 2725 τις
934 2662 1046 2727 οὺχ
1076 2660 1365 2714 ὑπακούει
1395 2656 1651 2727 τῷλόγῳ
1673 2656 1862 2726 ἡμῶν,
1887 2656 1984 2710 διὰ

411 2743 523 2809 τῆς
553 2742 899 2812 ἐπιστολῆς.
927 2744 1070 2814 Ὅρα
1094 2743 1593 2814 ταπεινοφροσύνην
1607 2743 1699 2796 τοῦ
1730 2741 1941 2796 Παύλου
1966 2758 1982 2774 ο

412 2826 512 2879 οὑκ
527 2820 697 2892 εἶπεν,
711 2825 772 2879 '0
789 2825 1132 2894 παρακούων,
1157 2826 1289 2895 ἐμοῦ
1311 2824 1610 2896 παρακούει
1624 2841 1638 2855 ο
1667 2825 1780 2878 ἀλλ’
1802 2825 1988 2896 ἠρέμα

413 2909 730 2966 αίνίττεται.
793 2911 1014 2964 Τοῦτον
1044 2909 1428 2978 σημειοῦσθε.
1479 2909 1642 2962 Ὥστε
1680 2908 1754 2980 μὴ
1786 2908 1987 2963 λανθά-

416 3009 528 3044 νειν
548 2991 706 3045 τοῦτο
745 2995 921 3046 ποιεῖν
958 2994 1277 3063 προτρέπει.
1325 2991 1422 3060 Μὴ
1455 2993 1989 3061 συναναμίγνυσθε

415 3073 596 3140 αὐτῷ.
619 3076 695 3128 Οὐ
749 3075 919 3147 μικρά
945 3076 1224 3138 παίδευσις
1262 3075 1355 3128 καὶ
1400 3073 1557 3144 αῦτη.
1615 3070 1747 3129 Εἶτα
1781 3075 1941 3128 πάλιν
1966 3089 1984 3106 ⁸

420 3160 543 3213 Ἵνα
568 3158 855 3226 ἐντραπῇ,
883 3159 1064 3229 φησίν.
1115 3156 1301 3219 Οῦτως
1317 3157 1416 3210 οὐκ
1441 3157 1662 3227 ἀφίησιν
1685 3157 1992 3228 περαιτέρω

421 3241 725 3311 προελθεῖν.
751 3241 961 3312 Ὥσπερ
989 3241 1097 3311 γὰρ
1126 3239 1314 3302 εἰπὼν,
1364 3239 1435 3293 El
1455 3257 1542 3305 τις
1577 3240 1655 3308 μὴ
1675 3240 1990 3309 ἐργάζεται,

415 3326 572 3396 μηδὲ
601 3327 876 3392 ἐσθιέτω,
918 3325 1172 3388 δεδοικὼς
1217 3326 1290 3395 μὴ
1341 3325 1484 3395 λιμῷ
1519 3326 1852 3391 ἀπόλωνται,
1895 3328 1994 3379 ἐπ-

422 3409 862 3481 ήγαγεν,’Υμεῒς
894 3408 962 3461 δὲ
978 3408 1043 3461 τὸ
1071 3409 1263 3461 καλὸν
1295 3409 1605 3468 ποιοῦντες
1631 3407 1717 3476 μὴ
1742 3408 1996 3475 ὲκκακή-

423 3510 573 3562 σητε
589 3511 604 3527 ο
634 3492 804 3556 οὕτως
829 3491 978 3566 [540]
1005 3491 1192 3553 εἰπὼν,
1216 3491 1569 3551 Στέλλεσθε,
1603 3492 1716 3555 καὶ,
1737 3491 1832 3556 Μὴ
1856 3507 2000 3546 συν-

424 3579 840 3646 αναμίγνυσθε
857 3574 1037 3640 αὐτῷ,
1058 3572 1174 3627 εἶτα
1189 3573 1370 3635 δείσας
1399 3571 1473 3643 μὴ
1501 3572 1656 3626 τοῦτο
1676 3573 1807 3626 αὐτὸ
1837 3574 1996 3626 ἐκκό-

424 3657 502 3731 ψῃ
528 3660 689 3712 αὐτὸν
735 3659 833 3728 τῆς
872 3658 1231 3728 ἀδελφότητος
1277 3657 1324 3723 (ὁ
1363 3654 1470 3726 γὰρ
1495 3655 1763 3723 ἀπογνοὺς
1804 3655 1996 3709 ἑαυτοῦ

426 3743 636 3813 ταχέως
684 3743 963 3796 ἀπολεῖται
1015 3741 1088 3812 μὴ
1144 3738 1464 3808 μεταλαϐὼν
1496 3739 1849 3809 παρρησίας),
1900 3739 1998 3790 ἐπ-

430 3826 642 3896 ήγαγε·
704 3823 812 3878 Καὶ
846 3825 931 3893 μὴ
970 3826 1049 3891 ὡς
1080 3823 1297 3894 ἐχθρὸν
1333 3822 1594 3890 ἡγεῖσθε,
1647 3820 1808 3875 ἀλλὰ
1854 3837 1993 3874 νου-

433 3909 651 3961 θετεῖτε
687 3910 767 3974 ώς
799 3908 1086 3976 ἀδελφόν.
1134 3907 1232 3961 Διά
1276 3905 1466 3959 τούτου
1495 3905 1764 3956 δείκνυσιν
1787 3903 1867 3955 ὅτι
1905 3920 2001 3971 με·

433 3991 604 4059 γάλην
628 3989 794 4061 ὦρισε
844 3991 960 4043 κατ’
987 3988 1150 4043 αὑτοῦ
1181 3987 1473 4059 τιμωρίαν,
1534 3986 1613 4056 τῷ
1660 3977 1758 4056 τῆς
1788 3986 2002 4057 παρρη-

435 4077 555 4139 σίας
580 4075 741 4130 αὑτδν
766 4073 1202 4145 ἀποστερεῖσθαι.

504 4164 644 4232 γ¹.Εἱ
671 4161 776 4232 γὰρ
808 4161 976 4214 καὶτὸ
996 4160 1136 4213 εἶναι
1160 4161 1296 4229 μετά
1318 4159 1524 4214 πολλῶν
1552 4157 1895 4227 λαμϐάνοντα
1919 4160 2000 4212 αίο

438 4250 641 4320 σχύνης
673 4249 843 4313 ἄξιον,
887 4249 1013 4301 ὅταν
1058 4247 1153 4300 καὶ
1190 4248 1547 4316 ἐπιτιμῶντες
1588 4245 1876 4316 παρέχοιεν
1912 4245 2005 4297 καὶ

441 4337 785 4400 στέλλωνται,
809 4335 975 4388 πόσου
1007 4334 1238 4396 ὀνείδους
1265 4333 1444 4398 τοῦτο;
1473 4331 1588 4394 πῶς
1619 4332 1798 4384 ἱκανὸν
1823 4329 2005 4383 δακεῖν

438 4423 649 4494 ψυχήν;
683 4423 748 4474 Εί
770 4420 872 4491 γὰρ
908 4421 1064 4490 μόνον
1089 4420 1442 4490 ὀκνηρότερον
1475 4419 1725 4482 διδόντες,
1751 4418 1782 4488 ἢ
1809 4417 2007 4486 γογγύ-

442 4511 627 4574 ζοντες
652 4507 1010 4579 ἐμπυρίζουσι
1039 4508 1163 4570 τοὺς
1195 4507 1566 4577 λαμϐάνοντας
1609 4505 1708 4576 (μὴ
1762 4505 1869 4574 γάρ
1919 4521 2008 4572 μοι

444 4599 573 4668 περὶ
603 4596 711 4649 τῶν
734 4595 1103 4664 ἀναισχύντων
1125 4595 1359 4647 ἐπαιτῶν
1395 4595 1572 4664 εἴπῃς,
1592 4591 1724 4644 ἀλλά
1754 4591 1880 4659 περὶ
1902 4592 2010 4643 τῶν

445 4683 710 4754 πιστῶν)·
743 4683 789 4734 εί
828 4684 921 4734 καὶ
953 4680 1175 4750 ἔμελλον
1223 4681 1478 4750 ἐπιτιμᾷν
1525 4679 1775 4741 διδόντες,
1820 4677 1874 4730 τί
1910 4678 2011 4730 ούκ

447 4773 514 4827 ἂν
542 4771 861 4842 εἰργάσαντο
882 4789 895 4836 ;
918 4771 1086 4838 πόσης
1110 4771 1208 4820 οὐκ
1234 4763 1300 4837 ἦν
1323 4765 1588 4836 τιμωρίας
1615 4765 1785 4829 ἄξιον;
1817 4764 2009 4834 Ἡμεῖς

447 4861 504 4913 δὲ
536 4859 636 4929 οὑχ
671 4857 861 4921 οὕτως,
886 4855 998 4908 ἀλλ’
1027 4856 1101 4917 ὼς
1131 4855 1198 4906 τὰ
1235 4855 1465 4922 μέγιστα
1497 4852 1834 4921 ἠδικημένοι,
1871 4849 2012 4904 οὓτω

449 4947 576 5009 τοὺς
623 4944 1051 5016 προσαιτοῦντας
1081 4943 1390 5012 ὑϐρίζομεν,
1423 4939 1895 5009 ἀποστρεφόμεθα.
1937 4939 2010 4992 Ού

451 5033 624 5096 δίδως’
638 5035 690 5085 τί
704 5034 796 5086 καὶ
809 5033 1018 5093 λυπεῖς;
1032 5027 1392 5092 Νουθετεῖτε,
1409 5022 1580 5089 εἶπεν,
1598 5027 1676 5091 ὡς
1690 5024 2012 5094 ἀδελφοὺς,

452 5123 550 5190 ούχ
577 5121 823 5191 ὑϐρίζετε
853 5117 927 5180 ὡς
961 5115 1204 5186 ἐχθρούς.
1264 5115 1320 5166 '0
1369 5113 1458 5166 τὸν
1481 5111 1701 5180 ἀδελφὸν
1727 5111 2012 5177 νουθετῶν,

453 5210 515 5261 οὐ
545 5205 778 5278 δημοσίᾳ
804 5205 961 5257 τοῦτο
994 5205 1154 5266 ποιεῖ,
1186 5203 1284 5254 οὐκ
1326 5199 1661 5270 ἐκπομπεύει
1701 5200 1798 5268 τὴν
1836 5198 2014 5268 ὕϐριν,

380 5319 382 5321 >
457 5294 592 5348 ἀλλά
624 5295 726 5364 ἰδίᾳ
755 5294 847 5347 καὶ
872 5292 1007 5363 μετά
1038 5290 1237 5359 πολλῆς
1259 5291 1356 5358 τῆς
1375 5287 1666 5355 προσοχῆς,
1689 5287 1784 5339 καὶ¹
1814 5286 2016 5353 ἀλγῶν,

459 5384 553 5436 καὶ
589 5383 938 5449 δακνόμενος,
969 5380 1064 5433 καὶ
1095 5376 1344 5449 δακρύων
1377 5377 1470 5429 καὶ
1506 5375 1843 5446 ὀδυρόμενος.
1889 5375 2021 5428 Ἀπδ

461 5470 754 5538 ἀδελφικῆς
781 5468 958 5520 τοίνυν
989 5467 1315 5535 παρέχωμεν
1344 5465 1443 5532 τῆς
1473 5463 1725 5525 διανοίας,
1748 5461 1854 5515 ἀπὸ
1872 5461 2024 5514 ἀδελ-

527 5601 552 5629 ⁸
579 5598 758 5649 Omnes
783 5598 900 5647 editi
935 5604 985 5646 et
1005 5612 1115 5645 mss.
1165 5595 1317 5645 noslri
1371 5595 1566 5656 habenl‘
1597 5594 1643 5641 ἐν
1683 5594 1819 5640 παντὶ
1833 5593 2024 5656 τρόπῳ,

463 5661 592 5710 0mm
611 5660 770 5709 modo.
791 5659 888 5708 Sed
911 5658 1178 5709 Genlianns
1197 5660 1458 5712 Horvelus,
1486 5654 1570 5712 qui
1614 5658 1779 5710 vertit,
1827 5651 2026 5704 Mamili

465 5723 588 5780 loca,
607 5723 652 5769 ἐν
671 5723 806 5783 παντὶ
828 5723 959 5783 τόπῳ
983 5719 1171 5783 legissg
1185 5720 1394 5768 videtur.
1435 5719 1640 5783 Vulgata
1663 5713 1810 5782 quam
1857 5714 2028 5783 Latina

469 5793 650 5850 nostr-0,
677 5781 726 5832 in
747 5782 876 5850 οτιιηί
900 5780 1204 5850 ιφψῦϋυᾱς
1254 5784 1301 5830 ἐν
1333 5781 1470 5828 παντὶ
1505 5780 1639 5839 τόπῳ
1685 5780 2029 5828 incunclamcr

470 5844 722 5906 posuimus
747 5844 825 5894 hic
849 5851 901 5894 el
921 5845 1059 5894 infra.

1232 378 1297 437 IN
1328 379 1546 436 EPIST.
1578 379 1620 434 11
1655 377 1744 432 Al)
1782 366 2116 430 THESSAL.
2158 375 2309 432 CAP.
2350 377 2442 432 Ill.
2483 373 2720 433 HOMlL.
2755 369 2821 428 V.

3511 372 3616 428 496

2065 491 2229 562 φικῆς
2258 491 2596 561 νουθετῶμεν
2616 490 2716 558 τῆς
2747 487 3135 560 προαιρέσεωςο
3157 485 3232 557 μὴ
3252 485 3327 549 ὡς
3345 485 3630 555 ἀλγοῦντες

2059 581 2154 634 ἐπὶ
2187 579 2265 651 τῷ
2291 580 2640 647 διδόναι,ἀλλ’
2659 579 2736 642 ώς
2763 575 3054 645 ἀλγοῦντες
3085 575 3178 627 ἐπὶ
3201 574 3280 644 τῷ
3306 576 3508 627 ἐκεῖνον
3529 590 3636 626 πα-

2063 669 2338 738 ραϐαίνειν
2377 668 2478 732 τὴν
2521 667 2770 737 ἐντολήν.·
2815 665 2968 718 Ἐπεὶ
3009 665 3062 716 τί
3091 662 3153 716 τὸ
3185 661 3404 733 κέρδος;
3442 661 3506 714 Εἰ
3527 660 3634 731 γὰρ

2061 757 2156 810 καὶ
2187 756 2322 826 μετά
2353 756 2414 808 τὸ
2440 754 2621 808 δοῦναι
2651 752 2913 824 ὑϐρίζεις,
2942 750 3176 820 λυμαίνῃ
3204 751 3270 819 τῇ
3300 748 3402 818 τῆς
3439 746 3636 810 δόσεως

2062 843 2223 913 ἡδονῇ
2244 856 2260 872 ·
2290 844 2416 898 ὅταν
2435 843 2492 896 δὲ
2523 844 2662 912 μήτε
2685 841 2791 912 δῷς
2823 839 2918 894 καὶ⁵
2943 838 3193 908 ὑϐρίσῃς,
3209 835 3370 888 πόσον
3399 834 3499 888 οὑκ
3528 835 3640 904 εἰρ-

2062 930 2217 1000 γάσω
2244 931 2414 984 κακὸν
2428 931 2517 984 τὸν
2537 929 2718 984 ἄθλιον
2740 930 2944 982 ἐκεῖνον
2973 926 3066 980 καὶ
3080 924 3440 994 ταλαίπωρον;
3465 922 3641 992 Προσ-

2063 1017 2226 1087 ῆλθεν
2253 1019 2330 1081 ὼς
2357 1017 2784 1088 ἐλεηθησόμενος
2807 1015 2956 1086 παρά
2979 1013 3071 1066 σοῦ
3093 1029 3106 1042 ο
3131 1010 3313 1065 λαϐὼν
3333 1011 3388 1063 δὲ
3417 1007 3639 1077 καιρίαν

2064 1105 2163 1177 τὴν
2214 1105 2430 1177 πληγὴν
2476 1105 2709 1176 ἀπῆλθε,
2747 1106 2844 1158 καὶ
2891 1103 3092 1174 μᾶλλον
3128 1101 3445 1170 ἐδάκρυσεν.
3472 1097 3642 1149 Ὅταν

2065 1194 2177 1265 γὰρ
2212 1192 2590 1264 ἀναγκάζηται
2617 1192 2706 1245 διά
2741 1191 2841 1260 τὴν
2869 1191 3076 1245 ἔνδειαν
3110 1182 3552 1256 προσαιτεῖν,διὰ
3583 1181 3639 1234 δὲ

2066 1282 2129 1335 τὸ
2160 1285 2474 1352 προσαιτεῖν
2512 1281 2822 1352 ὑϐρίζηται,
2860 1280 2961 1349 ὅρα
2992 1278 3132 1347 πόση
3166 1276 3272 1328 τῶν
3315 1271 3640 1344 ὑϐριζόντων

2069 1368 2220 1424 ἐσται
2245 1372 2277 1441 ἡ
2305 1369 2564 1442 τιμωρίαο
2610 1371 2664 1422 Ὁ
2699 1366 2987 1438 ἀτιμάζων
3011 1365 3260 1431 πένητα,
3291 1363 3446 1432 φησὶ,
3491 1371 3641 1442 παρ-

2075 1452 2272 1517 οξύνει
2297 1453 2406 1507 τὸν
2433 1451 2776 1519 ποιήσαντα
2801 1452 3006 1505 αὐτόν.
3035 1449 3170 1502 Εἰπὲ
3199 1447 3308 1516 γάρ
3339 1459 3456 1514 μοι·
3483 1441 3643 1504 αὐτὸς

2072 1541 2234 1594 αὑτὸν
2260 1541 2439 1611 ἀφῆκε
2474 1540 2730 1593 πένεσθαι
2751 1538 2840 1593 διὰ
2861 1539 2940 1601 σὲ,
2973 1538 3060 1590 ἴνα
3083 1537 3147 1589 σὺ
3170 1534 3298 1605 ἔχῃς
3324 1528 3644 1603 θεραπεύειν

2074 1629 2288 1691 σαυτὸν,
2307 1628 2401 1682 καὶ
2426 1628 2490 1681 σὺ
2519 1627 2609 1680 τὸν
2636 1626 2724 1680 διὰ
2757 1627 2817 1680 σὲ
2842 1624 3134 1694 πενόμενον
3160 1619 3436 1692 ὑϐρίζεις;
3473 1617 3644 1685 πόσης

2073 1714 2462 1784 ἀγνωμοσύνης
2487 1713 2689 1779 ταῦτα;
2716 1711 2888 1782 πόσης
2933 1707 3253 1779 ἀχαριστίας
3289 1703 3446 1758 τοῦτο
3469 1701 3530 1754 τὸ
3557 1700 3646 1770 ερ-

2071 1818 2167 1869 γον
2190 1820 2203 1868 ;
2230 1801 2592 1864 Νουθετεῒτε,
2625 1801 2810 1869 φησὶν.
2833 1799 2912 1864 ὡς
2932 1796 3254 1864 ἀδελφούς.
3284 1792 3396 1846 Καὶ
3425 1788 3562 1860 μετά
3583 1787 3645 1839 τὸ

2072 1883 2253 1938 δοῦναι
2295 1883 2566 1937 νουθετεῖν
2600 1883 2883 1935 ἐκέλευσεν
2907 1897 2921 1912 ·
2965 1881 3091 1932 ὅταν
3119 1877 3177 1932 δέ
3204 1877 3297 1930 καὶ
3346 1877 3512 1944 χωρὶς
3548 1870 3643 1925 τοῦ

2071 1971 2269 2024 διδόναι
2299 1970 2629 2042 ὑϐρίζωμεν,
2659 1971 2743 2032 τίς
2768 1971 2900 2040 ἡμῖν
2933 1967 3086 2020 ἐσται
3111 1963 3406 2031 ἀπολογία;
3452 1958 3645 2023 Αὐτὸς

2073 2059 2136 2112 δὲ
2159 2061 2191 2111 ό
2213 2060 2425 2127 Κύριος
2448 2058 2559 2126 τῆς
2579 2058 2824 2127 εἰρήνης
2834 2054 2952 2123 δῴη
2973 2054 3117 2124 ὑμῖν
3131 2052 3248 2120 τὴν
3265 2049 3514 2119 είρήνην
3531 2046 3647 2099 δια·

2075 2146 2298 2211 παντὸς
2327 2147 2396 2198 ὲν
2420 2146 2598 2198 παντί
2622 2144 2981 2212 τόπῳα.”ορα
3006 2140 3285 2203 πῶς,ὃταν
3311 2139 3378 2191 τὰ
3400 2133 3648 2208 πρακτέα

2077 2234 2414 2306 ὑπαγορεύῃ,
2451 2233 2867 2304 ἐπισημαίνεται
2909 2230 3047 2284 αύτά
3089 2231 3156 2299 τῇ
3199 2227 3352 2298 εὐχῇ,
3396 2223 3647 2292 καθάπερ

2077 2321 2200 2380 τινὰ
2226 2323 2514 2392 σήμαντρα
2556 2321 2665 2373 τῶν
2710 2317 3099 2379 ἀποτεθέντων,
3127 2315 3297 2376 τιθεὶς
3335 2313 3433 2382 τὴν
3465 2311 3648 2380 δέησιν

2077 2411 2175 2465 καὶ
2196 2410 2294 2482 τὴν
2324 2408 2624 2481 ἱκετηρίαν.
2654 2406 2780 2475 Δῴη
2807 2406 2972 2476 ὑμῖν,
3004 2403 3160 2473 φησὶ,
3181 2401 3294 2470 τὴν
3309 2398 3558 2467 εἰρήνην
3580 2397 3650 2449 ὲν

2081 2498 2260 2552 παντί
2285 2499 2464 2564 τόπῳ.
2505 2496 2722 2566 Ἐπειδὴ
2751 2495 2859 2566 γὰρ
2898 2493 3005 2547 ἀπὸ
3032 2491 3235 2546 τούτων
3275 2487 3422 2550 εἰκὸς
3470 2485 3651 2556 μάχας

2082 2587 2233 2660 [541]
2278 2585 2544 2655 γίνεσθαι,
2589 2583 2810 2636 ἐκείνων
2849 2598 2910 2634 τε
2945 2579 3291 2651 τραχυτέρων
3332 2572 3650 2642 γινομένων,

2080 2677 2284 2731 τούτων
2314 2693 2375 2730 τε
2401 2676 2582 2728 οὐκέτι
2607 2673 2808 2743 ὁμοίως
2847 2673 2958 2734 τοῖς
2982 2667 3242 2730 τοιούτοις
3284 2662 3652 2732 παρεχόντων,

2082 2765 2308 2827 εἰκότως
2338 2761 2498 2814 τοῦτο
2529 2759 2801 2830 ἐπηύξατο
2829 2757 2945 2818 νῦν.
2982 2752 3104 2823 Δῴη
3138 2752 3280 2822 ύμῖν
3325 2748 3492 2804 εἰπὼν
3542 2747 3656 2814 τὴν

2081 2851 2331 2920 εἰρήνην
2351 2848 2700 2913 διαπαντός.
2729 2845 2899 2899 Τοῦτο
2927 2843 3035 2916 γάρ
3065 2845 3178 2895 ἐστι
3207 2840 3268 2892 τὺ
3308 2836 3655 2908 ζητούμενον,

2083 2939 2226 2994 ὥστε
2259 2939 2346 2992 ἀεὶ
2378 2937 2522 3007 ἐχειν
2551 2936 2740 3007 αὑτήν.
2775 2934 2840 2987 Τί
2870 2935 3037 2994 ἐστιν,
3093 2931 3195 2985 Ἐν
3246 2925 3423 2979 παντί
3462 2923 3659 2987 τόπῳ;

2087 2996 2440 3096 Πανταχόθεν
2485 2996 2734 3092 βούλΑαι
2793 3017 3115 3090 εἰρηνεύειν,
3159 3014 3300 3068 ὥστε
3353 3007 3661 3082 μηδαμόθεν

2087 3115 2228 3186 ἔχειν
2280 3110 2612 3182 φιλονεικίας
2660 3107 2936 3177 ἀφορμήν.
2991 3099 3273 3172 Πανταχοῦ
3315 3097 3424 3170 γὰρ
3470 3096 3661 3186 είρήνη

2087 3181 2274 3263 καλὸν,
2294 3181 2437 3253 ὅπου
2468 3213 2532 3263 γε
2564 3196 2657 3249 καὶ
2692 3195 2827 3262 πρὸς
2853 3194 2980 3256 τοὺς
3013 3191 3143 3255 ἔξω
3184 3189 3344 3243 ἄκουε
3366 3187 3474 3256 γὰρ
3499 3181 3661 3238 αὐτοῦ

2089 3287 2322 3357 ἀλλαχοῦ
2347 3287 2630 3353 λέγοντος·
2673 3283 2715 3334 Ε
2723 3284 2742 3336 ί
2779 3279 3060 3343 δυνατὸν,
3095 3276 3161 3331 τὸ
3194 3275 3264 3340 ἐξ
3294 3273 3482 3342 ὑμῶν,
3513 3267 3663 3340 μετὰ

2090 3375 2332 3428 πάντων
2386 3370 2712 3438 ἀνθρώπων
2763 3368 3119 3436 εἰρηνεύετε.
3164 3363 3328 3417 Οὐδὲν
3374 3361 3481 3430 γὰρ
3522 3358 3663 3411 οὕτω

2091 3463 2229 3533 πρὸς
2258 3461 2318 3515 τὸ
2346 3458 2691 3529 κατορθῶσαι
2721 3456 2756 3509 ἃ.
2780 3453 3082 3524 βουλόμεθα
3131 3449 3456 3521 ἐπιτήδειον,
3495 3444 3664 3533 ώςῗτδ

2092 3532 2361 3620 εἰρηναῖόν
2395 3549 2488 3600 καὶ
2512 3547 2804 3615 ἀτάραχον,
2827 3541 2902 3605 ὡς
2925 3541 2985 3593 τὸ
3006 3538 3299 3608 ἀπεχθείας
3320 3532 3666 3620 ἀπηλλάχθαι

2094 3619 2331 3706 ἀπάσης,
2362 3634 2457 3687 καὶ
2493 3632 2695 3703 μηδένα
2732 3629 2875 3699 ἔχειν
2905 3626 3117 3698 ἐχθρόν.
3175 3624 3237 3677 '0
3273 3623 3489 3690 Κύριος
3516 3619 3668 3688 μετὰ

2093 3724 2331 3777 ,πάντων
2354 3720 2541 3790 ὑμῶν.
2573 3719 2633 3771 '0
2657 3713 2978 3784 ἀσπασμὸς
3003 3710 3076 3780 τῇ
3102 3709 3214 3780 ἐμῇ
3229 3708 3377 3778 χειρὶ
3399 3707 3664 3770 Παύλου,

2095 3816 2128 3870 ὅ
2149 3817 2279 3869 ἐστι
2320 3810 2570 3880 σημεῖον
2599 3809 2670 3862 ἐν
2699 3807 2864 3874 πάσῃ
2893 3803 3188 3872 ἐπιστολῇ
3215 3819 3229 3834 ο
3256 3801 3408 3855 οὕτω
3441 3798 3666 3868 γράφω.

2107 3905 2168 3958 Ἠ
2200 3901 2369 3971 χάρις
2399 3899 2504 3953 τοῦ
2531 3897 2749 3966 Κυρίου
2787 3894 2955 3965 ημῶν
2985 3891 3189 3960 Ἰησοῦ
3235 3887 3490 3956 Χριστοῦ
3517 3883 3668 3955 μετὰ

2097 3991 2339 4044 πάντων
2395 3985 2582 4057 ὑμῶν.
2653 3984 2859 4054 Ἀμήν.
2928 3981 3099 4034 Τοῦτο
3149 3978 3296 4047 λέγει
3328 3977 3559 4048 γράφειν
3610 3975 3668 4026 ἐν

2099 4079 2247 4150 πάσῃ
2271 4075 2552 4145 ἐπιστολῇ,
2577 4071 2716 4124 ὥστε
2759 4068 2949 4140 μηδενὶ
2987 4067 3188 4132 ἐξεῖναι
3221 4063 3545 4133 παραποιεῖν
3570 4059 3670 4111 αύ-

2099 4167 2217 4230 τὰς,
2245 4166 2341 4234 τῆς
2371 4161 2697 4232 ὑπογραφῆς
2737 4157 2926 4227 ὥσπερ
2960 4153 3260 4223 τεκμηρίου
3283 4150 3538 4218 κειμένου
3573 4163 3670 4234 με·

2101 4232 2309 4322 γάλουί
2341 4247 2655 4316 Ἀσπασμδν
2699 4243 2756 4296 δὲ
2793 4243 2950 4296 καλεῖ
2993 4240 3091 4309 τὴν
3132 4237 3317 4306 εὐχὴν,
3351 4235 3562 4322 δεικνὺς
3588 4232 3670 4284 ὃτι

2103 4320 2279 4394 πάντα
2308 4335 2654 4405 πνευματικᾶ
2680 4331 2948 4401 ἔπραττον
2979 4328 3120 4390 τότε,
3150 4326 3248 4377 καὶ
3283 4325 3373 4377 ὅτε
3420 4320 3671 4375 ἀσπάσα-

2105 4427 2228 4481 σθαι
2247 4426 2375 4489 ἔδει,
2407 4423 2545 4493 μετὰ
2571 4420 2792 4491 κέρδους
2818 4417 2880 4470 τὸ
2905 4417 3137 4486 πρᾶγμα
3159 4410 3246 4483 ἦν’
3270 4412 3362 4464 καὶ
3387 4408 3548 4479 εὐχὴν
3573 4409 3672 4478 οὐχ

2105 4513 2288 4575 ἁπλῶς
2341 4511 2521 4580 φιλίας
2567 4506 2853 4576 σύμϐολον.
2901 4503 3032 4556 Ἀπὸ
3077 4501 3268 4554 τούτου
3320 4500 3536 4569 ἤρχετο,
3577 4497 3674 4550 καὶ

2108 4603 2185 4661 εἱς
2230 4599 2360 4652 αὐτὸ
2407 4597 2588 4666 ἔληγε,
2627 4592 3009 4663 περιφράττων
3043 4589 3262 4660 τειχίοις
3303 4587 3559 4658 μεγάλοις
3602 4586 3672 4639 τὰ

2111 4686 2378 4755 λεγόμενα
2407 4680 2769 4751 ἑκατέρωθεν,
2810 4675 3070 4744 ἀσφαλεῖς
3095 4691 3153 4727 τε
3186 4673 3467 4745 θεμελίους
3480 4671 3670 4734 τιθεὶς,

2113 4774 2204 4826 καὶ
2238 4772 2299 4824 τὸ
2332 4770 2483 4830 τέλος
2512 4767 2788 4837 ἐπήγαγεν
2830 4762 3089 4834 ἀσφαλές.
3128 4761 3302 4830 Χάρις
3332 4760 3493 4829 ὑμῖν,
3519 4759 3673 4830 φησὶ,

2114 4860 2211 4914 καί
2253 4857 2458 4926 εἰρήνη
2490 4872 2504 4886 ·
2545 4855 2639 4907 καὶ
2703 4853 2884 4918 πάλιν,
2967 4852 3039 4907 Ἠ
3078 4849 3246 4918 χάρις
3291 4847 3396 4901 τοῦ
3453 4847 3675 4914 Κυρίου

2112 4945 2278 5015 ἡμῶν
2293 4943 2492 5012 Ἰησοῦ
2521 4941 2778 5011 Χριστοῦ
2806 4938 2955 5010 μετὰ
2988 4936 3232 4991 πάντων
3261 4934 3446 5006 ὑμῶν.
3477 4933 3672 5002 Ἀμήν.

2114 5032 2282 5087 Τοῦτο
2305 5032 2398 5085 καὶ
2435 5033 2463 5084 ὁ
2493 5030 2694 5101 Κύριος
2731 5026 3094 5098 ἐπηγγείλατο
3128 5023 3301 5092 λέγων
3343 5024 3453 5085 τοῖς
3499 5019 3664 5089 μαθηυ

2113 5125 2254 5187 ταῖς,
2297 5119 2442 5175 Ἰδοὺ
2477 5117 2590 5188 ἐγὼ
2617 5119 2743 5186 μεθ’
2769 5113 2934 5186 ὑμῶν
2961 5117 3077 5184 εἶμι
3103 5112 3305 5176 πάσας
3332 5109 3437 5175 τὰς
3455 5106 3676 5178 ἡμέρας

2114 5213 2224 5277 ἕως
2263 5210 2372 5279 τῆς
2400 5207 2758 5272 συντελείας
2791 5204 2896 5258 τοῦ
2937 5203 3167 5268 αἰῶνος.
3208 5198 3368 5254 Ἀλλά
3403 5197 3558 5251 τοῦτο
3599 5197 3678 5264 γί-

2116 5320 2284 5365 νεται,
2322 5302 2446 5354 ὅταν
2468 5299 2625 5368 ἡμεῖς
2669 5292 3016 5366 βουλώμεθα·
3037 5293 3096 5344 ού
3124 5289 3231 5359 γάρ
3264 5289 3479 5348 πάντως
3526 5286 3677 5338 ἔσται

2122 5389 2241 5461 μεθ’
2266 5387 2445 5458 ἡμῶν,
2477 5383 2570 5436 ἐὰν
2605 5384 2828 5445 ἑαυτοὺς
2844 5380 3030 5450 πόρρω
3055 5376 3316 5446 ποιῶμεν.
3341 5373 3476 5428 Μεθ’
3501 5373 3676 5444 ὑμῶν,

2120 5477 2306 5546 φησὶν,
2345 5474 2538 5542 ἔσομαι
2577 5469 2888 5529 διαπαντός.
2924 5467 3014 5536 Μὴ
3047 5465 3223 5518 τοίνυν
3255 5463 3353 5533 τὴν
3383 5462 3546 5532 χάριν
3575 5462 3680 5513 ἀπ-

2121 5565 2422 5633 ελάσωμεν.
2475 5557 2793 5611 Στέλλεσθαι
2843 5556 2989 5623 ἡμᾶς
3025 5552 3267 5621 βούλεται
3321 5549 3428 5602 ἀπὸ
3480 5548 3680 5610 παντὸς

2121 5649 2349 5720 ἀδελφοῦ
2374 5646 2622 5708 ἀτάκτως
2642 5641 3082 5713 περιπατοῦντος.
3103 5639 3263 5707 Μέγα
3286 5633 3356 5708 ἦν
3375 5637 3496 5689 τότε
3523 5635 3682 5688 τοῦτο

2126 5742 2184 5794 τὲ
2207 5739 2396 5804 κακὸν,
2425 5733 2485 5788 τὸ
2505 5733 2610 5788 ἀπὸ
2637 5731 2730 5785 τοῦ
2753 5727 3114 5799 πληρώματος
3132 5724 3550 5795 ἀποσπασθῆναι
3574 5723 3682 5774 τῶν

2136 5831 2393 5899 ἀδελφῶν.
2421 5825 2605 5896 Τούτῳ
2624 5823 2753 5894 γοῦν
2773 5821 3012 5882 ἅπαντας
3033 5818 3366 5890 τιμωρεῖται,
3385 5812 3565 5876 καθὼς
3587 5813 3679 5867 καὶ
