4112 6398
529 346 630 399 ‘97

525 458 757 530 ἀλλαχοῦ
809 461 1033 530 γράφων
1094 456 1400 529 Κορινθίοις
1476 455 1656 523 ἔλεγε·
1716 456 1800 521 Τῷ
1848 457 2089 518 τοιούτῳ

521 552 677 622 μηδὲ
732 551 1083 605 συνεσθίειν
1122 549 1305 619 φησίν.
1352 547 1491 602 Ἀλλ’
1524 548 1584 601 οὐ
1640 546 1734 600 νῦν
1770 546 1912 613 μέγα
1969 544 2100 598 αὐτὸ

525 638 786 710 ἡγοῦνται
831 638 882 689 οῖ
930 636 1169 698 πλείους,
1231 634 1367 687 ἀλλά
1419 634 1596 687 πάντα
1632 634 1962 703 συγκέχυται
2007 632 2099 685 καὶ

525 725 877 794 διέφθαρται·
923 722 1063 793 μετά
1092 721 1322 791 μοιχῶν,
1352 721 1488 791 μετὰ
1519 721 1751 791 πύρνων,
1780 720 1914 788 μετά
1946 719 2100 770 πλεο-

534 811 742 865 νεκτῶν
773 810 957 871 ἁπλῶς
977 808 1071 861 καὶ¹
1098 808 1172 870 ὡς
1204 807 1396 875 ἔτυχεν
1426 806 1863 877 ἁναμιγνύμεθα.
1899 807 1962 858 Εί
1993 805 2100 859 ἀπὸ

522 898 613 951 τοῦ
665 897 848 969 ἀργῶς
892 896 1227 967 τρεφομένου
1254 897 1412 966 μόνον
1449 895 1757 947 στέλλεσθαι
1786 893 1915 957 ἔδει,
1948 894 2099 963 πόσῳ

524 985 724 1054 μᾶλλον
753 985 862 1038 ἀπὸ
894 985 1003 1037 τῶν
1028 984 1230 1050 ἄλλων;
1282 985 1392 1036 Καὶ
1425 984 1511 1035 ἵνα
1548 984 1723 1054 μάθῃς
1749 984 1870 1036 ὅσον
1896 978 1964 1051 ἦν
2004 999 2097 1050 φο-

520 1075 678 1143 ϐερὸν
707 1074 768 1127 :6
793 1074 1123 1145 χωρίζεσθαι
1148 1073 1256 1126 ἀπὸ
1281 1072 1373 1125 τοῦ
1403 1073 1661 1140 συλλόγου
1687 1073 1793 1125 τῶν
1825 1072 2091 1140 ἀδελφῶν,

518 1160 612 1214 καὶ
637 1162 759 1215 ὅσον
783 1163 937 1232 φέρει
971 1162 1161 1232 κέρδος
1188 1166 1299 1223 τοῖς
1330 1162 1687 1231 εὐγνωμόνως
1712 1161 1808 1230 τὴν
1846 1161 2095 1228 ἐπιτίμη-

520 1265 605 1301 σιν
629 1249 955 1318 δεχομένοις,
979 1250 1207 1303 ἄκουσον
1228 1250 1373 1313 ὅπως
1397 1253 1424 1301 6
1453 1249 1859 1319 πεφυσιωμένος
1891 1250 2093 1312 ἐκεῖνος

516 1336 594 1399 τῷ
616 1338 995 1407 ἁμαρτήματι,
1021 1339 1050 1389 6
1077 1339 1156 1401 εἰς
1182 1339 1417 1407 ἐσχάτην
1450 1337 1648 1389 κακίαν
1678 1337 1939 1397 ἐλάσας,ὁ
1965 1354 2094 1405 πορ-

516 1422 664 1476 νείαν
697 1424 1020 1495 πορνεύσας,
1059 1426 1146 1476 οἵα
1188 1425 1309 1477 οὐδὲ
1347 1427 1403 1477 ἐν
1446 1428 1556 1485 τοῖς
1590 1425 1796 1476 ἔθνεσιν
1842 1424 2093 1493 ὁνομάζε’

514 1526 625 1572 ται,
655 1511 683 1562 ὁ
714 1511 1055 1581 ἀναισθήτως
1100 1511 1239 1579 ἔχων
1273 1510 1365 1563 τοῦ
1413 1511 1726 1580 τραύματος
1776 1510 1952 1579 (τοῦτο
1984 1512 2092 1581 γάρ

515 1595 663 1647 ἐστιν
708 1596 980 1666 ὑπερϐολὴ
1024 1596 1403 1666 διαστροφῆς)·
1459 1591 1612 1658 οὗτος
1667 1598 1731 1665 δὴ
1779 1600 1806 1649 6
1855 1596 2091 1659 τοιοῦτος

512 1679 656 1734 οὕτω
687 1684 1048 1753 κατεκάμφθη
1082 1684 1173 1736 καὶ
1205 1684 1523 1751 συνεστάλη,
1568 1683 1709 1736 ὥστε
1754 1684 1845 1737 τὸν
1880 1683 2088 1736 Παῦλον

511 1771 712 1823 εἰπεῖν·
785 1772 975 1839 Ἀρκεῖ
1015 1772 1095 1836 τῷ
1124 1774 1366 1838 τοιούτῳ
1415 1772 1452 1837 ἡ
1482 1774 1822 1840 ἐπιτίμησις
1866 1773 2017 1839 αὓτη
2048 1774 2087 1841 ὴ

509 1857 631 1910 ὑπὸ
656 1855 776 1911 τῶν
804 1860 1102 1912 πλειόνων
1126 1876 1140 1890 ο
1175 1859 1314 1912 ὥστε
1347 1861 1626 1930 κυρώσατε
1652 1862 1729 1921 είς
1755 1860 1914 1912 αὐτὸν
1947 1860 2087 1926 ἀγά-

512 1959 639 2012 πην.
682 1944 947 2015 Καθάπερ
999 1945 1107 2015 γὰρ
1159 1946 1319 2014 μέλος
1358 1947 1708 1999 ἀποσπασθὲν
1753 1947 1847 1998 τοῦ
1898 1946 2085 2000 λοιποῦ

511 2028 783 2099 σώματος,
815 2032 985 2093 οὕτως
1008 2029 1077 2102 ἦν
1109 2034 1248 2085 τότε.

582 2118 731 2189 [5421
755 2119 796 2171 δ’
806 2161 818 2173 .
844 2121 917 2173 T6
936 2122 993 2173 δὲ
1018 2122 1209 2185 αἴτιον,
1229 2122 1323 2175 καὶ
1344 2122 1505 2175 πόθεν
1528 2132 1549 2154 ⁸
1580 2120 1647 2192 ἦν
1685 2122 1840 2176 τοῦτο
1858 2122 2085 2192 φοϐερὸν

507 2203 630 2256 τότε
652 2222 665 2235 ·
698 2206 886 2277 ἐπειδὴ
922 2208 1102 2260 καὶτὸ
1140 2205 1281 2261 εἶναι
1330 2210 1446 2277 μετ’
1490 2209 1667 2261 αὐτῶν
1709 2209 1848 2279 μέγα
1882 2210 2084 2277 ἀγαθὸν

508 2289 691 2353 αὐτοῖς
710 2293 1004 2361 ἐνομίζετο.
1026 2293 1291 2365 Καθάπερ
1313 2295 1420 2364 γὰρ
1439 2297 1616 2348 οἰκίαν
1644 2297 1769 2366 μίαν
1790 2295 2081 2359 οἰκοῦντες,

507 2379 603 2430 καὶ
642 2379 746 2431 ὑπὸ
770 2381 979 2450 πατέρα
1009 2381 1105 2433 ἓνα
1131 2382 1302 2445 ὄντες,
1345 2383 1440 2435 καὶ
1493 2386 1621 2452 μιᾶς
1654 2384 1928 2454 τραπέζης
1957 2401 2087 2453 μετ.

506 2466 741 2534 έχοντες,
770 2466 941 2530 οὕτως
967 2467 1141 2538 ᾤκουν
1167 2470 1287 2521 τότε
1324 2470 1446 2523 καθ’
1474 2471 1709 2541 ἑκάστην
1737 2473 2082 2542 Ἐκκλησίαν.

506 2551 579 2603 Τὸ
609 2552 791 2604 τοίνυν
829 2554 1098 2623 τοσαύτης
1135 2557 1386 2610 ἐκπεσεῖν
1421 2558 1660 2626 ἀγάπης,
1711 2559 1875 2612 πόσον
1912 2561 2080 2612 κακὸν

500 2632 604 2708 ἦν;
644 2639 756 2692 Νῦν
781 2641 837 2693 δέ
863 2641 983 2693 οῦδέ
1003 2638 1143 2695 εἶναι
1174 2643 1201 2681 b
1228 2644 1367 2712 μέγα
1396 2644 1662 2705 δοκεῖ,διά
1695 2645 1752 2697 :6
1786 2646 1918 2715 μηδέ
1938 2647 2078 2716 μέγα

499 2742 555 2777 τι
598 2727 928 2796 νομίζεσθαι,
975 2730 1103 2782 ὅταν
1151 2732 1267 2800 μετ’
1300 2732 1549 2801 ἀλλήλων
1579 2728 1747 2802 ὦμεν.
1792 2735 1967 2805 Ὅπερ
2020 2738 2076 2787 ἐν

500 2813 654 2876 τάξει
682 2816 951 2885 τιμωρίας
978 2812 1047 2887 ἦν
1078 2818 1222 2882 τότε,
1251 2819 1411 2874 τοῦτο
1440 2820 1528 2874 διὰ
1554 2822 1653 2889 τὴν
1683 2821 1886 2891 πολλὴν
1915 2822 2076 2892 ψύξιν

497 2901 597 2969 τῆς
629 2902 849 2972 ἀγάπης
894 2904 987 2957 καὶ
1033 2907 1204 2976 χωρὶς
1249 2910 1515 2979 τιμωρίας
1566 2910 1773 2976 γίνεται
1825 2910 1940 2973 νῦν,
1982 2912 2075 2964 καὶ

508 2987 841 3060 πελλόμεθα
864 2994 961 3045 ἀπ’
988 2994 1233 3064 ἀλλήλων
1262 2996 1407 3065 εἰκῆ,
1437 2998 1528 3048 καὶ
1565 2997 1673 3049 ἀπὸ
1714 2998 2068 3068 ψυχρότητος.

497 3071 573 3127 T6
600 3076 706 3145 γὰρ
734 3078 948 3131 πάντων
976 3078 1146 3132 αἴτιον
1174 3081 1281 3131 τῶν
1314 3081 1521 3145 κακῶν,
1556 3082 1617 3135 τὸ
1653 3083 1726 3152 μὴ
1772 3077 1908 3135 εἶναι
1936 3086 2072 3151 ἁγά-

498 3176 609 3227 πην
636 3177 648 3189 ·
685 3159 843 3212 τοῦτο
873 3162 1049 3214 πάντα
1076 3163 1286 3215 διέλυσε
1313 3165 1405 3216 καὶ
1432 3167 1662 3232 ἠφάνισε
1686 3166 1752 3219 τά
1776 3168 1947 3236 σεμνὰ
1977 3169 2071 3221 καὶ

498 3245 727 3316 λαμπρά
773 3248 871 3315 τῆς
920 3250 1267 3317 Ἐκκλησίας,
1316 3252 1399 3319 ἐφ’
1450 3248 1530 3313 οἷς
1578 3252 1903 3318 ἀγάλλεσθαι
1940 3255 2064 3308 ἔδει.

496 3334 723 3401 Μεγάλη
752 3334 1071 3407 διδασκάλου
1110 3338 1408 3407 παρρησία,
1442 3339 1572 3390 ὅταν
1600 3341 1664 3391 ἐκ
1705 3340 1811 3393 τῶν
1854 3341 2068 3393 οἰκείων

497 3420 939 3490 κατορθωμάτων
971 3422 1067 3492 ἔχῃ
1107 3427 1218 3486 τοῖς
1246 3424 1514 3494 μαθηταῖς
1542 3427 1818 3495 ἐπιτιμᾷν.
1856 3428 1945 3478 Διὸ
1977 3427 2067 3479 καὶ

498 3506 710 3571 Παῦλος
758 3507 979 3577 ἐλεγενο
1008 3511 1189 3564 Αὐτοὶ
1231 3512 1339 3581 γὰρ
1372 3512 1569 3565 οἴδατε
1602 3512 1727 3577 πῶς
1765 3512 1853 3565 δεῖ
1877 3512 2068 3581 μιμεῖο

494 3598 635 3647 σθαι
656 3592 812 3662 ἡμᾶς
834 3612 845 3623 ·
878 3596 966 3647 καὶ
997 3596 1091 3649 τοῦ
1124 3597 1240 3665 βίου
1280 3597 1480 3666 μᾶλλον
1514 3598 1717 3665 ὀφείλει
1750 3599 2066 3661 διδάσκαλος

494 3677 655 3745 εἶναι,
680 3682 712 3751 ἢ
741 3682 834 3734 τοῦ
860 3682 1038 3751 λόγου.
1076 3685 1282 3754 Μηδεὶς
1314 3684 1371 3736 δέ
1416 3686 1680 3754 νομιζέτω
1706 3686 1865 3738 τοῦτο
1897 3704 2065 3754 μεγα-

493 3768 754 3838 ληγορίας
800 3765 978 3822 εἶναι·
1018 3772 1097 3832 είς
1147 3770 1257 3841 γὰρ
1296 3772 1543 3840 ἀνάγκην
1587 3773 1857 3834 καταστὰς
1908 3773 2065 3826 τοῦτο

493 3855 815 3923 ἐφθέγξατο,
865 3858 959 3908 καὶ
1003 3858 1139 3921 πρὸς
1181 3858 1240 3909 τὸ
1286 3862 1438 3928 κοινῇ
1472 3860 1759 3928 χρήσιμον.
1795 3860 1921 3912 "0t:
1949 3863 2061 3915 οὐκ

491 3942 935 4010 ἠτακτήσαμεν,
990 3944 1189 4011 φησὶν,
1239 3944 1308 3997 ἐν
1357 3944 1518 4013 ὑμῖν.
1565 3946 1696 3998 Ἀπὸ
1733 3946 1921 3999 τούτου
1965 3950 2062 4018 οὐχ

490 4029 624 4097 ὁρᾷς
652 4029 749 4096 τὴν
774 4029 1290 4099 ταπεινοφροσύνην,
1319 4031 1386 4100 ἢν
1416 4032 1625 4101 δωρεὰν
1656 4034 1816 4086 καλεῖ
1849 4035 1940 4087 καὶ
1972 4036 2061 4087 56-

490 4116 714 4181 ταξίαν;
749 4119 869 4170 Οὐκ
912 4118 1358 4187 ἠτακτήσαμεν,
1404 4122 1589 4191 φησὶν,
1616 4123 1685 4175 ἐν
1716 4123 1875 4191 ὑμῖν,
1920 4124 2061 4177 οὐδὲ

488 4204 715 4271 δωρεὰν
760 4204 943 4272 ἄρτον
982 4206 1315 4276 ἐφάγομεν.
1352 4210 1634 4263 Δείκνυσιν
1676 4212 1915 4265 ἐνταῦθα
1960 4214 2056 4266 καὶ

498 4292 736 4358 πένητας
762 4292 958 4355 αὐτοὺς
982 4294 1109 4352 ἴσως
1144 4293 1324 4357 ὄντας.
1348 4297 1457 4348 Καὶ
1492 4298 1565 4368 μή
1603 4315 1692 4367 μοι
1722 4298 1901 4370 εἴπης,
1920 4300 2058 4353 Ἀλλ’

488 4378 550 4430 06
583 4378 783 4440 πάντες
820 4379 1047 4448 πένητες
1072 4374 1233 4451 ἦσαν’
1275 4383 1535 4453 περὶγὰρ
1564 4386 1811 4455 πενήτων
1834 4388 2055 4441 καὶτῶν

486 4466 584 4516 οὐκ
621 4465 793 4528 ἄλλως
847 4465 948 4535 τῆς
996 4468 1297 4535 ἀναγκαίας
1348 4470 1722 4541 εὐπορούντων
1761 4476 2051 4545 τροφῆς,ἧ

486 4551 594 4603 ἀπὸ
621 4552 719 4620 τῆς
750 4552 857 4604 τῶν
897 4552 1098 4622 χειρῶν
1137 4555 1403 4624 ἐργασίας
1452 4556 1785 4626 διαλέγεται.
1817 4563 1892 4612 Οὐ
1942 4561 2053 4632 γὰρ

485 4633 658 4700 εἶπεν,
691 4638 808 4692 Ἵνα
831 4639 939 4693 ἀπὸ
969 4641 1222 4712 πατέρων
1247 4641 1463 4711 ἔχωσιν,
1487 4644 1624 4707 ἀλλ’,
1661 4645 1793 4700 Ἵνα
1821 4646 2052 4715 ἐργαζό-

478 4740 650 4793 μενοι
680 4725 785 4777 τὸν
822 4724 1052 4779 ἑαυτῶν
1073 4726 1255 4794 ἄρτον
1274 4728 1579 4784 ἐσθίωσιν.
1600 4732 1661 4783 Εἰ
1693 4732 1803 4802 γὰρ
1822 4735 1849 4785 6
1874 4734 1943 4804 κή
1954 4734 2048 4803 ρυξ

482 4810 613 4878 ἐγὼ,
638 4812 792 4881 φησὶ,
824 4812 918 4865 τοῦ
950 4814 1110 4883 λόγου
1138 4814 1241 4883 τῆς
1268 4815 1614 4881 διδασκαλίας
1644 4820 1914 4891 ἐφοϐήθην
1954 4822 2049 4891 βα-

486 4898 649 4968 ρῆσαι
680 4898 842 4968 ὑμᾶς,
892 4899 1073 4969 πολλῷ
1116 4901 1318 4972 μᾶλλον
1345 4903 1373 4954 6
1407 4904 1571 4973 μηδὲν
1620 4906 1762 4974 ὑμᾶς
1801 4907 2043 4976 ὠφελῶν,

480 4982 649 5035 Τοῦτο
670 4983 778 5054 γὰρ
796 4983 963 5047 ὅντως
985 4985 1149 5057 βάρος
1170 4988 1307 5041 ἐστί.
1344 4989 1515 5059 Βάρος
1542 4990 1599 5042 δέ
1630 4993 1798 5057 ἐστιν,
1817 4996 1945 5047 ὅταν
1960 5014 2044 5060 τις

481 5070 557 5138 μὴ
595 5070 732 5139 μετὰ
755 5070 1063 5141 προθυμίας
1098 5074 1301 5140 πολλῆς
1328 5075 1477 5146 διδῷ.
1518 5078 1656 5130 ’Λλλ’
1684 5080 1744 5131 06
1776 5081 1934 5134 τοῦτο
1956 5085 2042 5136 αἰ-

404 5157 415 5237 ;
476 5157 739 5221 νίττεται,
783 5158 900 5210 ἀλλ’
945 5158 1019 5223 ὡς
1048 5163 1149 5215 οὐκ
1176 5163 1406 5231 ἐχόντων
1437 5164 1694 5228 εὐκόλως.
1727 5169 1825 5222 Διά
1851 5170 1905 5221 τί
1934 5170 2041 5242 γάρ

474 5243 576 5294 οὑκ
606 5242 847 5315 ἐργάζῃ;
877 5246 1064 5316 χεῖράς
1094 5265 1176 5300 σοι
1208 5249 1290 5311 εἰς
1316 5250 1472 5301 τοῦτο
1501 5251 1698 5305 ἔδωκεν
1720 5256 1747 5307 6
1775 5254 1923 5319 Θεὸς,
1943 5260 2040 5328 οὐχ

476 5328 561 5380 ἵνα
586 5332 716 5400 παρ’
746 5331 946 5400 ἐτέρων
967 5332 1271 5405 λαμϐάνῃς,
1294 5336 1408 5387 ἀλλ’
1429 5337 1515 5390 ἵνα
1540 5340 1747 5410 ἑτέροις
1772 5342 2035 5414 παρέχῃς.

1244 340 1302 396 S.
1341 337 1625 396 JOANNIS
1659 334 2157 394 CHRYSOSTOHI
2190 336 2508 394 ARCHIEP.
2552 337 3098 397 CONSTANTINOP.

3650 341 3753 397 698

2198 456 2329 526 ἡμῖν
2364 459 2573 520 ἑαυτοῖς
2604 458 2949 529 ἐπεύχεσθαι,
2977 458 3043 511 ἂν
3067 456 3136 509 τὰ
3154 456 3247 510 τοῦ
3282 456 3486 526 Κυρίου
3513 456 3761 525 πράττω-

2207 564 2327 615 μεν.
2355 549 2550 601 ’Ἄκουε
2591 550 2699 618 γάρ
2744 550 2837 601 τοῦ
2881 547 3116 617 Χριστοῦ
3150 548 3396 615 λέγοντος
3427 548 3540 609 τοῖς
3588 546 3761 617 μαθη-

2203 637 2324 697 ταῖς
2353 650 2363 661 ·
2397 638 2794 701 Πορευθέντες
2824 636 3237 702 μαθητεύσατε
3274 632 3472 687 πάντα
3500 634 3571 687 τὰ
3592 634 3756 701 ἔθνη,

2197 720 2587 788 ,ϐαπτίζοντες
2604 722 2825 787 αὐτοὺς
2850 724 2937 785 είς
2964 721 3030 773 τὸ
3065 721 3250 789 ὄνομα
3278 721 3383 775 τοῦ
3412 720 3639 787 Πατρός
3660 722 3757 775 καὶ

2202 807 2307 860 τοῦ
2344 808 2481 861 Υὶοῦ
2513 809 2612 863 καὶ
2639 808 2743 861 τοῦ
2766 808 2936 876 ἁγίου
2975 808 3337 875 Πνεύματος,
3373 806 3748 875 διδάσκοντες

2200 892 2420 957 αὐτοὺς
2444 892 2641 960 τηρεῖν
2669 892 2882 954 πάντα,
2901 891 3017 944 ὅσα
3035 891 3417 960 ἐνετειλάμην
3444 892 3583 960 ὑμῖν
3604 911 3615 921 ·
3656 894 3754 947 καί

2202 977 2328 1029 ἰδοὺ
2357 976 2469 1045 ἐγὼ
2490 978 2619 1046 μεθ’
2656 976 2821 1047 ὑμῶν
2866 979 2982 1045 εἶμι
3020 975 3223 1041 πάσας
3264 978 3369 1039 τὰς
3396 975 3618 1044 ἡμέρας
3646 977 3758 1042 ἕως

2198 1056 2304 1124 τῆς
2341 1060 2698 1126 συντελείας
2717 1059 2820 1113 τοῦ
2853 1060 3086 1125 αἰῶνος.
3114 1060 3189 1111 Οὑ
3233 1059 3391 1129 μόνον
3418 1059 3587 1111 ταῦτα
3622 1060 3757 1129 πρὸς

2198 1146 2440 1210 ἐκείνους
2496 1149 2742 1217 εἴρηται,
2796 1146 2932 1201 ἀλλά
2969 1147 3061 1199 καὶ
3106 1147 3241 1216 πρὸς
3283 1147 3446 1216 ἡμᾶς.
3489 1146 3610 1199 Ὅτι
3647 1146 3756 1215 γὰρ

2198 1232 2424 1295 ἐκείνοις
2455 1233 2555 1285 οὐκ
2584 1234 2916 1303 ἐπήγγελται
2957 1234 3135 1303 μόνον.
3164 1232 3323 1302 δῆλον
3351 1234 3415 1285 ἐκ
3442 1232 3534 1285 τοῦ
3560 1234 3749 1299 εἰπεῖν,

2200 1318 2350 1383 ’Έως
2382 1319 2489 1372 τοῦ
2521 1319 2735 1386 αἰῶνος
2771 1320 2882 1389 τῆς
2913 1321 3292 1385 συντελείας,
3338 1319 3472 1373 ἀλλὰ
3512 1320 3606 1373 καὶ
3640 1324 3753 1384 τοῖς

2197 1408 2317 1457 κατ’
2347 1406 2491 1476 ἴχνος
2522 1408 2742 1461 ἐκείνων
2768 1408 3007 1478 βαίνουσι
3038 1420 3083 1461 ο.
3112 1407 3176 1460 Τί
3216 1403 3306 1462 οὖν
3341 1407 3476 1477 πρὸς
3514 1409 3639 1471 τοὺς
3678 1410 3753 1481 μὴ

2195 1492 2546 1557 διδασκάλους
2570 1497 2762 1566 φησίν;
2790 1496 3058 1557 Ἕκαστος
3090 1495 3263 1564 ὑμῶν,
3291 1498 3339 1548 εί
3376 1495 3635 1565 βούλοιτο,
3674 1497 3752 1550 δι-

2195 1578 2461 1643 δάσκαλός
2484 1583 2652 1643 ἐστιν,
2682 1583 2730 1635 εἰ
2758 1581 2907 1653 [543]
2942 1582 3128 1653 καὶμὴ
3160 1584 3369 1653 ἐτέρου,
3397 1583 3509 1637 ἀλλ’
3536 1583 3745 1636 ἑαυτοῦ·

2194 1666 2406 1731 δίδαξον
2440 1668 2664 1722 σεαυτὸν
2706 1670 2939 1741 πρῶτον.
2994 1671 3116 1722 Ἐὰν
3161 1670 3377 1743 διδάξῃς
3426 1672 3620 1731 πάντα,
3650 1672 3749 1725 ὅσα

2193 1754 2496 1807 ἐνετείλατό
2522 1773 2602 1808 σοι
2631 1760 2839 1828 τηρεῖν,
2872 1757 2959 1809 διὰ
2987 1756 3174 1809 τούτου
3202 1758 3430 1819 πολλοὺς
3459 1758 3598 1822 ἕξεις
3624 1760 3748 1821 τοὺς

2192 1841 2509 1911 ζηλοῦντας.
2534 1846 2745 1917 ’Ὠσπερ
2773 1846 2879 1916 γὰρ
2901 1848 2929 1898 6
2951 1846 3161 1917 λύχνος,
3194 1848 3320 1900 ὅταν
3351 1847 3511 1910 αὐτὸς
3527 1849 3748 1919 γένηται

2190 1929 2461 2002 λαμπρὸς,
2504 1933 2731 2005 μυρίους
2791 1934 3012 1987 δύναται
3040 1920 3240 2003 ἀνάψαι
3266 1951 3281 1965 ·
3320 1935 3643 2005 ἐσϐεσμένος
3688 1937 3745 1990 δὲ

2190 2017 2310 2069 οὐδέ
2343 2018 2520 2088 ἐαυτῷ
2548 2019 2774 2090 παρέξει
2800 2021 2935 2088 φῶς,
2984 2020 3107 2074 οὐτε
3149 2021 3365 2091 ἐτέρους
3407 2023 3610 2093 ἀνάψαι
3652 2023 3747 2076 λύ-

2190 2122 2347 2174 χνους
2374 2105 2677 2176 δυνήσεται·
2695 2106 2837 2161 οὑτω
2864 2109 2957 2161 καὶ
2985 2109 3078 2160 ἐπὶ
3108 2110 3203 2161 τοῦ
3227 2109 3341 2176 βίου
3358 2110 3450 2162 τοῦ
3481 2110 3741 2183 καθαροῦ,

2188 2192 2283 2245 ἐάν
2316 2194 2376 2246 τὸ
2407 2197 2463 2247 ἐν
2490 2198 2623 2265 ἡμῖν
2662 2196 2777 2264 φῶς
2808 2195 3059 2268 λαμπρὸν
3092 2192 3145 2270 ᾗ,
3189 2198 3415 2269 μυρίους
3444 2199 3540 2250 καὶ
3573 2200 3744 2269 μαθη-

2189 2280 2284 2343 τὰς
2313 2284 2406 2333 καὶ
2443 2282 2797 2347 διδασκάλους
2826 2285 3195 2356 ἐργασόμεθα,
3224 2286 3411 2356 ὥσπερ
3439 2284 3742 2355 ἀρχέτυπον

2188 2369 2555 2439 προκείμενοι.
2590 2370 2724 2425 Οὐδὲ
2768 2372 2876 2441 γὰρ
2905 2370 3047 2425 οὓτω
3090 2372 3157 2425 τὰ
3191 2371 3318 2441 παρ’
3350 2371 3483 2441 ἐμοῦ
3522 2372 3742 2442 ῥήματα

2185 2457 2311 2519 τοὺς
2353 2456 2647 2520 ἀκούοντας
2682 2458 2962 2529 ὠφελῆσαι
3009 2459 3316 2529 δυνήσεται,
3364 2459 3437 2521 ὡς
3476 2461 3505 2512 6
3557 2459 3669 2529 βίος
3711 2461 3743 2511 ὁ

2185 2543 2467 2613 ἡμέτερος.
2505 2546 2684 2597 Ἔστω
2730 2545 2856 2614 γὰρ,
2886 2547 2936 2599 εί
2971 2544 3169 2615 βούλει,
3210 2548 3347 2617 ἁνήρ
3382 2563 3465 2608 τις
3504 2545 3581 2616 τῷ
3621 2546 3741 2616 Θεῷ

2185 2629 2361 2696 φίλος,
2401 2631 2511 2695 καὶ,
2532 2632 2588 2683 ἐν
2621 2632 2789 2703 ἀρετῇ
2818 2632 3157 2702 διαλάμπων,
3194 2633 3288 2686 καὶ
3316 2636 3544 2701 γυναῖκα
3567 2632 3735 2703 ἔχωνο

2182 2715 2357 2780 ἔξεστι
2388 2718 2496 2789 γὰρ
2539 2718 2634 2772 καὶ
2673 2723 2908 2785 γυναῖκα
2945 2719 3133 2789 ἔχοντα
3189 2720 3440 2790 ἀρέσκειν
3488 2720 3606 2789 Θεῷ
3644 2720 3740 2776 καὶ

2181 2806 2372 2859 παιδία
2424 2808 2519 2860 καὶ
2556 2808 2770 2871 οἰκέτας
2799 2808 2891 2861 καὶ
2931 2808 3146 2877 φίλουςο
3187 2801 3358 2871 οὗτος,
3388 2809 3508 2862 είπέ
3535 2825 3646 2878 μοι,
3675 2809 3738 2861 οὐ

2181 2892 2358 2962 πολλῷ
2385 2894 2583 2962 μᾶλλον
2609 2894 2742 2964 ἐμοῦ
2780 2896 2913 2959 τοὺς·
2939 2896 3148 2959 πάντας
3184 2895 3461 2966 ὠφελῆσαι
3504 2894 3736 2965 δυνήσε-

2177 2980 2493 3048 ται;Ἐμοῦ
2533 2982 2631 3051 μὲν
2680 2982 2791 3052 γὰρ
2831 2982 2979 3047 ἅπαξ
3016 2984 3048 3055 ἢ
3085 2982 3335 3054 δεύτερον
3370 2979 3734 3037 ἀκούσονται(1

2176 3067 2271 3120 τοῦ
2305 3070 2495 3138 μηνὸς,
2537 3069 2572 3140 ἢ
2611 3069 2731 3123 οὐδὲ
2769 3072 2938 3137 ἅπαξ,
2980 3073 3075 3125 καὶ
3109 3073 3253 3142 ἅπερ
3298 3071 3365 3125 ἂν
3410 3071 3748 3135 ἀκούσωσιν,

2177 3155 2307 3218 ἴσως
2344 3155 2505 3226 μέχρι
2553 3156 2647 3210 τοῦ
2703 3159 2802 3228 τῆς
2857 3159 3150 3228 ἐκκλησίας
3185 3158 3336 3211 οὐδοῦ
3384 3158 3735 3226 φυλάξαντες,

2174 3242 2376 3305 εὐθέως
2409 3244 2835 3298 ἀποϐάλλουσιν’
2874 3247 3083 3300 ἐκείνου
3126 3247 3183 3299 δὲ
3218 3247 3310 3299 τὸν
3349 3246 3462 3316 βίον
3505 3244 3735 3316 ὁρῶντες

2172 3330 2454 3399 διηνεκῶς,
2480 3332 2689 3400 μεγάλα
2718 3332 3105 3403 κερδαίνουσιν.
3134 3334 3300 3387 Ὅταν
3324 3335 3432 3402 γὰρ
3461 3330 3735 3401 ὑϐρισθεὶς

2175 3418 2250 3487 μὴ
2289 3418 2607 3490 ἀνθυϐρίσῃ,
2654 3420 2771 3489 οὐχὶ
2801 3420 2987 3489 σχεδὸν
3026 3418 3256 3489 ἐνέπηξε
3307 3421 3402 3472 καὶ
3443 3418 3732 3488 ἐνεχάραξε

2171 3505 2269 3574 τῆς
2301 3506 2605 3567 ἐπιεικείας
2646 3506 2808 3559 αὐτοῦ
2842 3506 2938 3576 τὴν
2971 3506 3102 3560 αἰδὼ
3134 3508 3212 3569 είς
3238 3507 3337 3575 τὴν
3368 3504 3462 3558 τοῦ
3489 3505 3733 3577 ὑϐρίζον-

2169 3607 2258 3654 τος
2277 3591 2473 3663 ψυχήν;
2497 3592 2600 3645 κᾶν
2620 3592 2693 3663 μὴ
2726 3593 3038 3663 παραυτίκα
3061 3593 3294 3663 ὁμολογῇ
3320 3592 3419 3659 τὴν
3446 3590 3730 3659 ὠφέλειαν,

2170 3679 2277 3731 ἀπὸ
2305 3680 2401 3733 τοῦ
2433 3681 2658 3751 θυμοῦῆ
2690 3683 3073 3752 αἰσχυνόμενος
3104 3682 3136 3751 ἢ
3185 3681 3593 3751 ἐντρεπόμενος,
3615 3680 3730 3734 ἀλλ’

2168 3767 2318 3835 ὅμως
2356 3768 2607 3837 αἴσθησιν
2635 3770 2834 3832 εὐθέως
2863 3769 3126 3839 λαμϐάνει
3153 3786 3169 3801 ο
3214 3772 3310 3823 καὶ
3349 3767 3607 3821 ἀδύνατον
3632 3768 3729 3821 ἄν·

2169 3853 2388 3924 θρωπον
2426 3855 2723 3925 ὑϐριστὴν,
2778 3856 2882 3909 κᾶν
2924 3856 3113 3925 θηρίον
3156 3851 3231 3928 ᾗ,
3271 3857 3575 3925 ἀνεξικάκῳ
3622 3858 3730 3908 τινὶ

2168 3940 2566 4011 προσμίξαντα,
2602 3944 2677 4011 μὴ
2715 3942 2923 4012 μεγάλα
2960 3944 3297 4014 κερδήσαντα
3339 3942 3610 3995 ἀπελθεῖν.
3646 3942 3727 3995 Τὰ

2165 4028 2275 4099 γὰρ
2298 4027 2481 4095 ἁγαθά
2512 4027 2612 4081 κᾶν
2646 4028 2720 4099 μὴ
2757 4028 3106 4100 πράττωμεν,
3150 4029 3264 4081 ἀλλ’
3281 4030 3428 4100 ὅμως
3475 4028 3725 4082 ἐπαινοῦ-

2169 4131 2268 4184 μεν
2290 4115 2528 4178 ἅπαντες
2554 4114 2649 4169 καὶ
2673 4116 3040 4187 θαυμάζομεν.
3088 4115 3153 4168 Ἦ
3187 4117 3324 4187 γυνὴ
3364 4115 3526 4171 πάλιν
3550 4115 3615 4169 ἂν
3643 4116 3727 4187 [δη

2163 4202 2255 4255 τὸν
2272 4201 2438 4272 ἄνδρα
2462 4202 2703 4272 ἐπιεικῆ,
2729 4204 2939 4273 μεγάλα
2956 4204 3224 4275 κερδαίνει
3246 4204 3332 4257 ἀεὶ
3353 4203 3603 4268 συνοῦσα,
3630 4204 3724 4257 καὶ

2162 4289 2224 4341 :6
2252 4289 2480 4343 παιδίον.
2512 4289 2756 4353 Ἔξεστιν
2779 4285 2871 4343 οὖν
2888 4290 3099 4359 ἑκάστῳ
3125 4290 3422 4361 διδασκάλῳ
3448 4289 3718 4358 γενέσθαι.

2156 4374 2524 4444 Οἰκοδομεῖτε
2543 4376 2870 4447 γάρ,φησὶν,
2901 4376 3213 4443 ἀλλήλους
3239 4376 3325 4443 εἷς
3356 4378 3462 4430 τὸν
3485 4377 3722 4441 gruma-

2160 4461 2276 4525 θὼς
2298 4462 2396 4515 καὶ
2413 4460 2805 4534 ποιεῖτε.“ορα
2835 4464 2964 4533 γάρ·
2988 4464 3292 4534 προσέπεσε
3309 4464 3478 4534 ζημία
3503 4466 3594 4517 ἐπὶ
3622 4466 3719 4533 τῆς

2158 4550 2366 4616 οἰκίας;
2395 4550 2428 4619 ή
2459 4550 2597 4618 γυνὴ
2623 4548 2956 4621 θορυϐεῖται,
2977 4552 3071 4604 ἆτε
3088 4550 3450 4623 ἀσθενεστέρα
3476 4547 3609 4605 οὖσα
3626 4553 3719 4604 καὶ

2157 4638 2522 4708 φιλόκοσμος;
2553 4640 2581 4691 6
2604 4639 2743 4709 ἀνὴρ
2771 4639 2864 4691 ἐάν
2946 4639 3230 4707 φιλόσοφος
3284 4642 3379 4695 καὶ
3415 4641 3715 4708 καταγελα-

2158 4725 2290 4795 στὴς
2315 4724 2539 4795 ζημίας,
2581 4725 2673 4778 καὶ
2699 4724 2913 4795 ἐκείνην
2945 4726 3366 4797 παραμυθεῖται,
3401 4728 3494 4780 καὶ
3541 4726 3714 4779 πείθει

2155 4814 2342 4884 φέρειν
2368 4814 2650 4882 γενναίως.
2670 4810 2794 4883 'Ap’
2816 4810 2928 4876 οὖν,
2954 4814 3075 4868 εἰπέ
3095 4833 3206 4885 μοι,
3229 4816 3291 4869 οὑ
3308 4814 3486 4885 πολλῷ
3516 4815 3713 4884 μᾶλλον

2152 4900 2323 4969 αὐτὴν
2362 4900 2471 4954 τῶν
2498 4900 2783 4971 ἡμετέρων
2833 4900 3106 4970 ὠφελήσει
3155 4902 3365 4970 λόγων;
3396 4904 3583 4955 Είπεῖν
3612 4903 3711 4971 μὲν

2150 4986 2261 5056 γὰρ
2293 4988 2460 5040 παντὶ
2484 4987 2721 5051 εῦκολον,
2750 4987 2953 5058 πρᾶξαι
2979 4988 3036 5041 δὲ
3064 4989 3190 5042 ὅταν
3218 4991 3298 5051 είς
3326 4989 3514 5059 χρείαν
3539 5006 3677 5043 κατα
3694 5020 3710 5031 -

2151 5073 2388 5143 στῶμεν,
2428 5073 2635 5144 σφόδρα
2677 5073 2951 5127 δύσκολον.
3006 5073 3105 5126 Διὰ
3152 5075 3310 5131 τοῦτο
3367 5075 3563 5145 μᾶλλον
3597 5076 3707 5129 ἀπὸ

2145 5161 2255 5214 τῶν
2286 5161 2466 5232 ἔργων
2502 5160 2857 5231 ρυθμίζεσθαι
2898 5162 2932 5229 ἡ
2965 5160 3276 5232 ἀνθρωπίνη
3306 5161 3466 5229 φύσις
3498 5162 3652 5214 εἴωθε
3682 5178 3701 5194 ο

2147 5252 2244 5303 καὶ
2265 5249 2500 5319 τοσαύτη
2530 5250 2629 5320 τῆς
2658 5251 2858 5320 ἀρετῆς
2888 5250 2921 5318 ἡ
2964 5249 3256 5319 ὑπερϐολὴ,
3291 5249 3429 5301 ὥστε
3469 5249 3562 5303 καὶ
3583 5249 3704 5302 δοῦ-

2144 5338 2235 5400 λος
2265 5337 2524 5401 πολλάκις
2567 5336 2854 5407 ὁλόκληρον
2891 5336 3168 5406 ὠφέλησεν
3208 5335 3383 5389 οἰκίαν
3426 5336 3563 5406 μετά
3605 5337 3700 5390 τοῦ

481 5415 547 5467 '0
572 5415 641 5469 δὲ
668 5418 915 5486 Κύριος,
953 5419 1109 5490 φησὶ,
1137 5422 1267 5489 μεθ’
1303 5421 1491 5492 ὑμῶν.
1528 5425 1699 5481 Τοῦτο
1735 5428 1910 5493 ἔξεστι
1943 5432 2036 5487 καὶ
2140 5425 2421 5478 δεσπότου.

536 5667 562 5693 ⁸
590 5668 735 5718 Forle
758 5672 1038 5780 legendum,
1069 5676 1135 5723 T6
1155 5678 1205 5724 δέ
1224 5678 1371 5726 αἴτιον
1392 5682 1543 5730 πόθεν.

538 5746 565 5780 b
583 5728 715 5780 Lege
755 5733 808 5779 οῦ
842 5734 887 5780 ἐν
910 5735 1043 5780 εἶναι.
1074 5738 1155 5780 Sic
1197 5752 1311 5780 mqs,
1337 5753 1509 5780 nmnnc
1531 5759 1543 5780 ι

502 5728 715 5812 :ilreie
755 5728 887 5804 οὐδὲν
910 5728 1043 5809 εἶναι’.
1074 5738 1155 5786 Sic
1195 5752 1311 5788 mss.
1337 5728 1685 5797 omnc'swrccte.
1735 5746 1867 5799 Edili
1896 5764 2028 5812 vero,

476 5801 610 5848 ιιπῃς
647 5801 721 5839 οτι
761 5801 955 5851 πένητες
978 5801 1117 5854 ἠσαν.

2203 5631 2224 5659 ε
2256 5626 2430 5681 Verba,
2450 5626 2569 5673 ἀλλὰ
2592 5624 2847 5687 καὶτοῖς...
2892 5623 3123 5685 βαίνουσι,
3166 5631 3275 5687 post
3313 5626 3590 5687 ἐπήγγελται
3613 5626 3709 5687 μό-

2142 5704 2215 5735 νον
2236 5688 2564 5736 Iransferenda
2586 5686 2826 5734 videntur.

2196 5748 2456 5796 dVerbum
2496 5749 2777 5797 ἀκούσονται
2832 5745 3128 5797 inseruimus
3168 5761 3195 5796 e
3248 5747 3383 5797 Colb.
3430 5753 3481 5797 ct
3542 5758 3699 5807 marg.

2142 5810 2292 5861 Savil.
2327 5808 2462 5859 Ευιτ.
