4114 6396
368 323 466 377 197

366 438 615 509 ιιτιυοορίι
650 436 921 507 discipulis
945 475 961 498 ,
1002 434 1217 497 dicens,
1264 430 1398 485 Ecce
1430 446 1521 501 ego
1548 428 1800 483 vobiscum
1825 440 1938 479 sum

367 532 593 585 omnibus
610 530 781 584 diebus
796 543 953 595 usque
967 526 1033 579 ad
1049 523 1527 579 consummationem
1542 520 1712 574 steculi
1724 517 1935 587 (Matth.

366 626 456 679 9.8.
486 623 600 695 20).
633 623 737 678 Sed
766 622 866 676 hoc
894 621 952 674 ﬁt
979 619 1191 690 quando
1219 632 1317 671 nos
1342 615 1589 669 volumus
1618 630 1633 667 :
1660 627 1766 666 non
1796 612 1938 665 enim

367 719 470 772 erit
500 718 719 771 omnino
750 714 1027 768 nobiscum
1054 754 1069 779 ,
1104 712 1148 766 si
1192 724 1289 764 nos
1320 707 1502 778 procul
1533 704 1936 759 removerimns.

372 810 676 875 Vobiscum,
728 808 918 876 inquit,
960 819 1055 861 ero
1102 810 1379 873 perpetuo.
1426 798 1504 853 Ne
1545 810 1673 866 ergo
1717 794 1941 865 gratiam

367 901 663 970 abigamtts.
699 898 823 952 Vult
869 905 926 951 ut
976 910 1073 950 nos
1102 893 1484 949 subtrahamus
1513 889 1581 943 ab
1606 888 1750 943 omni
1778 886 1942 941 fratre

368 991 667 1045 inordinate
695 988 1021 1043 ambulante.
1049 985 1161 1039 lloc
1191 992 1316 1038 tunc
1336 996 1584 1051 magnum
1607 986 1722 1034 erat
1742 977 1940 1031 malum

364 1097 392 1135 a
427 1092 567 1137 ctetu
597 1081 819 1135 fratrum
842 1093 961 1134 esse
985 1077 1221 1133 avolsos.
1256 1075 1367 1129 Hoc
1393 1082 1540 1127 certe
1576 1070 1737 1125 modo
1759 1082 1943 1139 pinnas

367 1174 529 1227 sumit
554 1172 622 1227 de
650 1170 898 1226 omnibus
931 1186 946 1223 :
990 1169 1129 1224 sicut
1166 1170 1325 1223 etiam
1362 1166 1489 1219 alibi
1542 1164 1609 1218 ad
1638 1161 1943 1217 Corinthios

366 1266 606 1320 scribens
627 1262 872 1327 dicebat,
904 1260 1031 1314 Cum
1062 1258 1352 1331 hujusmodi
1383 1273 1443 1310 ne
1479 1256 1708 1309 conresci
1740 1253 1941 1324 quidem

372 1358 446 1428 (1.
477 1356 595 1410 Cor.
624 1355 678 1410 5.
713 1354 986 1423 ll)jubet.
1005 1352 1110 1409 Sed
1139 1368 1246 1406 non
1274 1351 1377 1404 hoc
1393 1364 1640 1419 magnum
1667 1360 1808 1401 nunc
1827 1346 1943 1414 ple-

368 1446 519 1515 rique
556 1446 899 1508 existimant;
947 1444 1039 1497 sed
1086 1450 1211 1496 sunt
1245 1440 1422 1495 omnia
1462 1439 1679 1493 confusa
1725 1446 1779 1491 et
1817 1450 1942 1491 cor-

368 1547 523 1607 rupta
550 1556 564 1591 :
596 1552 715 1591 cum
746 1535 1022 1600 adulteris,
1049 1549 1171 1589 cum
1199 1531 1599 1594 scortatoribus,
1621 1544 1741 1584 cum
1769 1526 1946 1581 avaris

369 1639 569 1684 temere
612 1638 667 1683 et
707 1628 823 1683 sine
862 1626 1170 1681 discrimine
1213 1626 1643 1680 commiscemur.
1688 1621 1745 1677 Si
1776 1620 1843 1675 ab
1877 1634 1943 1672 eo

369 1721 455 1789 qui
486 1721 656 1774 otiose
695 1719 937 1773 alebatur
977 1734 1036 1773 se
1081 1716 1379 1771 subducere
1406 1714 1706 1785 oportebat,
1740 1720 1943 1782 quanto

368 1815 538 1882 magis
563 1812 632 1869 ab
660 1812 821 1866 aliis?
847 1811 913 1864 Et
941 1820 997 1865 ut
1020 1810 1195 1865 discas
1219 1824 1378 1879 quam
1408 1817 1552 1863 esset
1593 1805 1829 1861 terribile
1857 1820 1945 1859 sc-

371 1904 548 1974 parari
593 1920 621 1957 a
660 1914 924 1959 conventu
967 1903 1226 1967 fratrum,
1257 1912 1312 1957 et
1338 1911 1592 1970 quantum
1625 1900 1828 1954 lucrum
1866 1897 1943 1951 af-

370 1996 537 2051 ferret
566 1997 631 2050 iis
658 1996 751 2065 qui
797 1997 1021 2065 benigne
1058 1997 1392 2064 susciperent
1430 1992 1940 2062 reprehensionem,

372 2087 496 2140 audi
539 2086 809 2156 quomodo
838 2086 927 2140 ille
951 2087 1040 2155 qui
1071 2094 1291 2155 peccato
1331 2092 1448 2139 erat
1492 2083 1723 2148 inﬂatus,
1756 2081 1844 2150 qui
1874 2080 1943 2134 ad

369 2188 663 2232 extremum
694 2180 880 2232 vitium
909 2188 1025 2233 erat
1065 2188 1346 2247 provectus
1369 2219 1383 2243 ,
1415 2177 1503 2247 qui
1537 2177 1695 2230 talem
1726 2174 1943 2227 admisit

370 2268 796 2335 fornicationem,
828 2270 999 2338 qualis
1037 2285 1135 2323 nec
1167 2270 1305 2325 inter
1334 2279 1519 2337 gentes
1544 2267 1939 2331 nominabatur,

369 2360 456 2427 qui
486 2360 675 2413 vulnus
700 2376 853 2413 suum
880 2375 985 2413 non
1017 2360 1281 2414 sentiebat
1308 2360 1435 2429 (hoc
1460 2360 1600 2414 enim
1628 2368 1709 2413 est
1736 2371 1944 2411 summa

370 2452 716 2521 perversitas)
744 2471 756 2505 :
788 2452 897 2515 ille,
934 2455 1169 2522 inquam,
1201 2454 1289 2521 qui
1318 2454 1436 2506 talis
1461 2461 1597 2517 erat,
1628 2452 1697 2503 ita
1728 2449 1825 2503 fuit
1865 2449 1945 2502 in-

369 2546 544 2599 ﬂexus
570 2555 623 2600 et
650 2546 921 2611 reductus,
952 2556 1007 2600 ut
1034 2547 1236 2600 diceret
1267 2546 1475 2609 Paulus,
1509 2544 1705 2613 Sufﬁcit
1734 2544 1828 2605 illi,
1855 2544 1941 2612 qui

370 2650 439 2691 est
470 2640 737 2709 ejusmodi,
764 2639 1041 2708 increpatio
1065 2638 1171 2692 hinc
1193 2654 1303 2707 qua:
1330 2638 1385 2701 ﬁt
1409 2655 1439 2689 a
1470 2636 1695 2704 pluribus
1822 2634 1940 2688 Cor.

368 2731 419 2783 2.
456 2730 511 2798 6)
556 2748 569 2783 :
611 2731 957 2799 quamobrem
989 2730 1303 2784 eonﬁrmate
1343 2730 1395 2783 in
1426 2730 1599 2797 ipsum
1643 2729 1940 2781 caritatem.

368 2823 519 2876 Tunc
549 2824 691 2875 enim
724 2822 793 2876 ita
818 2831 933 2876 erat
956 2864 971 2888 ,
1003 2832 1060 2876 ut
1088 2823 1385 2879 membrum
1424 2837 1455 2875 a
1485 2820 1692 2891 reliquo
1717 2834 1945 2889 corpore

367 2914 630 2968 avulsum.

437 3009 491 3061 4.
524 3008 692 3062 Causa
732 3020 911 3063 autem
954 3022 1049 3063 cur
1090 3007 1191 3062 hoc
1220 3017 1344 3062 tunc
1374 3006 1613 3062 terribile
1642 3016 1802 3073 esset,
1830 3004 1944 3059 haec

368 3108 486 3153 erat
517 3117 530 3153 :
556 3099 805 3169 quoniam
833 3101 991 3155 etiam
1018 3116 1141 3154 cum
1166 3100 1244 3155 eis
1263 3115 1383 3154 esse
1415 3110 1540 3154 tunc
1573 3114 1824 3169 magnum
1845 3099 1943 3153 bo-

367 3205 495 3243 num
530 3190 949 3246 existimabatur.
1000 3190 1149 3246 Sicut
1188 3192 1327 3245 enim
1375 3192 1463 3261 qui
1518 3206 1677 3246 unam
1726 3192 1942 3246 domum

370 3282 632 3345 habitant,
662 3294 717 3338 et
755 3293 881 3337 sunt
925 3284 977 3337 in
1011 3285 1164 3338 unius
1193 3284 1360 3353 patris
1390 3292 1672 3353 potestate,
1702 3293 1757 3337 et
1787 3284 1944 3337 unius

368 3389 567 3428 mensa:
609 3383 734 3428 sunt
762 3375 1047 3443 participes
1080 3391 1093 3426 :
1125 3376 1196 3429 ita
1224 3385 1347 3428 tunc
1388 3375 1697 3429 habitabant
1736 3378 1786 3428 in
1815 3390 1945 3428 una-

369 3478 577 3533 quaque
628 3464 895 3519 Ecelesia.
941 3465 986 3518 A
1031 3474 1175 3518 tanta
1227 3480 1356 3534 ergo
1408 3466 1669 3520 excidisse
1720 3466 1943 3519 caritate

367 3565 623 3624 quantum
650 3566 765 3610 erat
796 3556 992 3609 malum
1017 3556 1030 3607 Ξ
1055 3555 1203 3609 Nunc
1228 3563 1405 3610 autent
1432 3556 1564 3609 nihil
1592 3557 1798 3611 videtur
1823 3572 1944 3611 esse

369 3662 645 3717 magnum,
674 3648 794 3717 quia
822 3662 921 3702 nec
948 3661 1195 3716 magnum
1224 3647 1494 3717 quidpiam
1523 3663 1641 3702 esse
1667 3648 1943 3702 existima-

368 3747 476 3804 tur,
505 3740 718 3809 quando
758 3740 916 3794 simul
959 3740 1229 3809 conjuncti
1274 3755 1573 3795 versamur.
1621 3741 1774 3808 Quod
1816 3751 1942 3795 tunc

368 3841 483 3885 erat
510 3830 677 3885 instar
706 3832 972 3900 supplicii,
1002 3847 1163 3898 nunc,
1194 3830 1337 3901 quod
1378 3832 1531 3886 valde
1558 3832 1828 3886 refrixerit
1854 3848 1942 3885 ca-

368 3924 520 3989 ritas,
550 3940 657 3978 non
680 3940 852 3994 paena:
879 3925 998 3979 loco
1023 3925 1267 3989 habetur,
1292 3934 1346 3979 et
1377 3934 1578 3979 temere
1604 3926 1741 3979 alter
1767 3926 1835 3979 ab
1866 3926 1945 3978 al-

370 4027 486 4071 tero
514 4031 845 4086 separamur,
890 4017 1049 4087 idque
1076 4032 1141 4072 ex
1182 4018 1364 4086 algore
1394 4018 1650 4071 caritatis.
1683 4017 1940 4070 Malorum

368 4108 513 4163 enim
538 4108 776 4162 omnium
808 4124 966 4164 causa
1005 4119 1089 4165 est
1127 4110 1269 4180 quod
1316 4125 1421 4163 non
1468 4111 1537 4165 sit
1575 4111 1807 4164 caritas:
1843 4110 1944 4163 hoc

368 4207 547 4261 omnia
586 4206 839 4261 Ecclesiae
869 4207 1004 4261 bona
1050 4206 1271 4261 honesta
1319 4221 1382 4260 ac
1416 4207 1692 4276 prteclara,
1729 4214 1944 4275 propter

368 4313 489 4368 qua:
515 4298 786 4352 exsultare
814 4306 1109 4367 oporteret,
1142 4298 1404 4353 destruxit
1428 4307 1480 4351 et
1502 4297 1716 4351 delevit.
1755 4296 1939 4367 Magna

368 4400 451 4445 est
471 4390 703 4445 doctoris
731 4390 940 4455 liducia,
974 4389 1186 4459 quando
1213 4404 1242 4443 a
1274 4390 1433 4444 rebus
1461 4400 1606 4445 recte
1633 4405 1662 4442 a
1693 4405 1753 4444 se
1778 4391 1945 4459 gestis

368 4492 545 4552 potest
591 4484 865 4551 increpare
893 4482 1182 4550 discipulos
1212 4481 1595 4551 :quamobrem
1637 4481 1835 4535 Paulus
1859 4480 1943 4534 di-

367 4578 545 4640 cebat,
572 4575 684 4643 Ipsi
724 4577 855 4629 enim
880 4575 1017 4629 scitis
1048 4573 1470 4643 quemadmodum
1502 4582 1729 4643 Oporteat
1754 4573 1943 4626 imitari

366 4686 458 4723 nos
484 4668 559 4739 (2.
595 4668 767 4721 Thess.
801 4668 855 4721 '5.
881 4669 970 4736 7);
1009 4675 1063 4721 et
1100 4667 1267 4737 magis
1297 4666 1459 4721 debet
1484 4681 1606 4720 esse
1648 4666 1837 4720 doctor
1876 4682 1943 4721 ex

367 4760 498 4826 vita,
530 4773 686 4828 quam
714 4773 778 4812 ex
806 4772 1077 4812 sermone.
1111 4756 1277 4811 Nemo
1324 4766 1500 4811 autem
1540 4756 1813 4811 existimet
1840 4758 1942 4811 hoc

368 4864 491 4905 esse
533 4850 779 4919 gloriosa:
814 4848 1084 4918 jactantiaa
1118 4866 1131 4903 :
1161 4848 1228 4902 ad
1270 4849 1644 4904 necessitatem
1676 4849 1819 4904 enim
1852 4865 1940 4904 re-

365 4942 551 4996 dactus
580 4942 680 4994 hoc
721 4940 873 5003 dixit,
905 4949 960 4995 et
982 4939 1047 4994 ad
1075 4940 1130 4994 id
1155 4939 1297 5011 quod
1322 4940 1529 4995 confert
1550 4942 1603 4994 in
1631 4955 1935 4996 commune.

366 5035 618 5099 Quoniam
635 5050 733 5087 non
768 5034 976 5101 fuimus,
996 5034 1187 5103 inquit,
1206 5034 1481 5087 inordinati
1500 5035 1630 5087 inter
1642 5051 1747 5088 vos.
1770 5035 1837 5089 Et
1855 5035 1941 5089 hic

362 5143 469 5181 non
498 5127 651 5183 vides
676 5126 1049 5191 humilitatem,
1080 5143 1238 5197 quam
1268 5127 1609 5183 donationem
1640 5137 1795 5183 vocat
1822 5145 1941 5183 mo-

363 5219 695 5287 destiamque
734 5232 796 5271 ac
821 5217 1285 5273 moderationem?
1324 5218 1446 5273 Non
1487 5220 1700 5290 fuimus,
1743 5222 1933 5292 inquit,

361 5312 489 5363 inter
511 5326 594 5364 uos
618 5311 915 5376 inordinati,
944 5327 1100 5379 neque
1126 5312 1284 5381 gratis
1300 5328 1479 5381 panem
1492 5314 1926 5368 manducavimus.

360 5400 607 5456 Ostendit
655 5401 742 5455 hic
786 5416 1000 5471 quoque
1055 5400 1195 5457 forte
1245 5402 1365 5457 illos
1424 5403 1585 5458 fuisse
1650 5418 1934 5474 pauperes.

359 5490 468 5548 Nec
498 5492 629 5547 mihi
680 5492 898 5559 dixeris,
925 5490 1033 5548 Sed
1064 5506 1172 5546 non
1218 5506 1408 5550 omnes
1450 5503 1603 5548 erant
1632 5509 1888 5565 pauperes
1916 5514 1931 5551 :

359 5582 595 5655 loquitur
636 5583 779 5638 enim
820 5582 889 5639 de
932 5583 1273 5653 pauperibus,
1317 5594 1374 5640 et
1410 5586 1603 5656 quibus
1654 5600 1760 5641 non
1804 5586 1937 5640 alias

359 5676 721 5731 necessaer
749 5676 985 5746 suppetit
1022 5676 1359 5745 alimentum,
1408 5693 1567 5748 quam
1617 5692 1685 5733 ex
1733 5692 1936 5748 opera-

362 5767 507 5827 tione
544 5783 815 5827 manuum.
856 5766 974 5825 Non
1005 5768 1137 5826 dixit
1178 5769 1342 5839 ctum,
1375 5768 1441 5825 Ut
1485 5784 1516 5825 a
1562 5768 1803 5841 patribus
1832 5770 1930 5826 ha-

1035 317 1099 374 IN
1138 314 1350 373 El’lST.
1395 314 1437 371 ll
1500 312 1591 368 AD
1628 308 1957 367 THESSAL.
1998 308 2147 367 CAP.
2193 312 2277 368 Ill.
2320 314 2548 373 HOMIL.
2594 318 2656 371 ν.

3517 324 3618 381 498

2047 428 2227 494 beant,
2284 431 2415 498 sed,
2466 431 2539 487 Ut
2592 443 2854 503 operantes
2905 451 3087 504 panem
3140 452 3289 491 suum
3336 437 3616 492 comedunt.

2043 518 2173 573 Nam
2206 522 2249 574 si
2285 538 2404 592 ego,
2436 538 2611 593 prmco
2659 525 2917 581 doctrina:
2958 527 3132 593 verbi,
3166 529 3319 583 timui
3365 542 3463 585 vos
3490 542 3616 599 gra-

2044 627 2191 679 vare,
2242 616 2409 669 multo
2447 618 2615 687 magis
2660 618 2705 671 is
2744 620 2833 688 qui
2865 620 3017 674 vobis
3055 619 3190 675 nihil
3231 620 3485 691 prodest:
3518 622 3619 675 hoc

2044 705 2185 758 enim
2212 707 2366 773 plane
2407 716 2491 762 est
2532 724 2773 779 gravare.
2802 709 3038 777 Gravare
3067 720 3245 766 autem
3272 720 3356 767 est
3398 711 3616 781 quando

2043 798 2304 866 quispiam
2358 816 2461 854 non
2506 801 2597 857 dat
2623 818 2742 857 cum
2771 819 2957 874 magna
2989 805 3151 859 animi
3191 804 3486 860 alacritate.
3516 804 3622 859 Sed

2044 904 2151 952 non
2183 891 2285 947 hoc
2316 894 2505 960 innuit,
2551 896 2645 950 sed
2675 906 2736 951 ut
2776 898 2865 967 qui
2897 913 3003 952 non
3032 897 3187 953 facile
3232 898 3482 954 habeant.
3512 894 3623 951 Cur

2044 982 2187 1036 enim
2218 998 2321 1038 non
2366 987 2647 1054 operaris?
2683 988 2824 1043 Deus
2859 989 2925 1042 ad
2958 990 3058 1043 hoc
3101 988 3193 1043 tibi
3231 988 3380 1043 dedit
3406 1002 3618 1052 manus,

2045 1089 2151 1127 non
2176 1082 2230 1129 ut
2257 1076 2325 1131 ab
2355 1077 2475 1132 aliis
2513 1079 2765 1149 accipias,
2807 1081 2900 1135 sed
2928 1091 2986 1135 ut
3012 1081 3128 1135 aliis
3156 1081 3415 1151 prmbeas.
3444 1080 3626 1135 Domi-

2044 1183 2141 1219 nus
2172 1177 2359 1233 autem,
2393 1170 2579 1238 inquit,
2608 1172 2879 1226 uobiscum.
2907 1171 3016 1225 lloc
3046 1172 3218 1240 ipsum
3248 1185 3458 1242 quoque
3492 1170 3618 1225 licet

2044 1261 2272 1328 precari,
2323 1262 2366 1314 si
2396 1276 2616 1331 agamus
2660 1280 2778 1333 qua:
2827 1274 2953 1318 sunt
2998 1264 3206 1318 Domini
3242 1283 3255 1319 :
3301 1265 3425 1319 audi
3478 1265 3624 1319 enim

2043 1350 2313 1407 Christum
2361 1354 2626 1410 dicentem
2666 1356 2984 1425 discipulis:
3020 1354 3213 1412 Euntes
3252 1359 3424 1412 docete
3452 1373 3625 1412 omnes

2043 1453 2233 1513 gentes,
2265 1446 2573 1514 baptizantes
2595 1464 2677 1501 eos
2705 1450 2759 1501 in
2784 1449 2984 1503 nomine
3011 1448 3182 1503 Patris
3203 1458 3250 1503 et
3282 1448 3406 1503 Filii
3426 1459 3472 1503 et
3492 1450 3620 1516 Spi-

2044 1535 2172 1588 ritus
2200 1537 2382 1601 sancti,
2414 1536 2648 1591 doeentes
2687 1554 2769 1593 eos
2800 1556 2998 1593 servare
3035 1542 3209 1593 omnia
3246 1552 3359 1607 quo
3385 1540 3625 1593 mandavi

2046 1626 2183 1680 vobis
2206 1643 2222 1677 .·
2244 1637 2289 1681 et
2317 1644 2430 1681 ecce
2453 1644 2545 1698 ego
2579 1631 2832 1683 vobiscum
2874 1648 2986 1684 sum
3027 1648 3184 1701 usque
3209 1632 3276 1684 ad
3304 1646 3626 1685 cacumina-

2046 1720 2228 1772 tionem
2254 1720 2427 1773 sceculi
2452 1722 2663 1791 (Matth.
2692 1723 2782 1775 28.
2818 1723 2904 1778 19.
2932 1724 3045 1791 ‘20).
3065 1723 3179 1777 Non
3201 1724 3371 1777 solum
3401 1724 3500 1777 illis
3523 1725 3625 1778 hoc

2044 1811 2245 1864 dictum
2274 1821 2375 1875 cst,
2410 1812 2520 1866 .scd
2556 1814 2716 1868 etiam
2764 1814 2940 1870 nobis.
2973 1813 3104 1869 Nam
3136 1815 3280 1884 quod
3315 1816 3421 1870 illis
3450 1815 3624 1870 solum

2046 1918 2151 1957 non
2202 1904 2273 1957 sit
2315 1908 2662 1974 promissum,
2717 1908 2893 1976 palam
2941 1916 3025 1962 est
3069 1922 3136 1963 ex
3170 1922 3236 1962 eo
3284 1907 3426 1977 quod
3467 1907 3622 1973 dixit,

2049 1992 2219 2055 Usque
2246 1996 2314 2048 ad
2354 1998 2834 2052 consummationem
2872 2000 3070 2063 swculi,
3103 2000 3197 2054 sed
3222 2000 3323 2055 illis
3350 2001 3509 2055 etiam
3533 2001 3625 2070 qui

2045 2086 2163 2154 ejus
2209 2088 2445 2157 vestigiis
2504 2090 2777 2144 insistunt.
2837 2090 2975 2157 Quid
3018 2106 3146 2160 ergo
3198 2092 3302 2146 illis
3353 2092 3482 2147 dicit
3533 2092 3626 2161 qui

2046 2193 2152 2232 non
2183 2188 2308 2232 sunt
2344 2178 2637 2233 doctores?
2682 2179 3061 2250 Unusquisque
3086 2191 3321 2236 vestrum
3343 2221 3359 2247 ,
3397 2180 3443 2235 si
3474 2181 3624 2247 velit,

2047 2278 2224 2338 potest
2248 2285 2367 2324 esse
2393 2270 2601 2335 doctor,
2632 2271 2676 2324 si
2705 2286 2810 2324 non
2842 2272 3087 2337 alterius,
3136 2273 3217 2326 sui
3245 2281 3421 2325 tamen
3450 2289 3462 2324 :
3493 2272 3628 2327 doce

2048 2371 2100 2415 te
2132 2362 2302 2430 ipsum
2332 2363 2583 2430 primum.
2632 2362 2685 2418 Si
2714 2362 2965 2417 docueris
2995 2363 3173 2417 omnia
3205 2379 3323 2433 qua:
3355 2362 3630 2418 mandavit

2048 2463 2104 2506 ut
2133 2470 2398 2517 servarus,
2424 2471 2520 2524 per
2563 2456 2666 2511 hoc
2690 2458 2887 2511 multos
2917 2456 3140 2511 habebis
3165 2457 3257 2526 qui
3286 2457 3624 2511 aemulentur.

2048 2544 2200 2599 Sicut
2227 2547 2366 2599 enim
2397 2547 2612 2600 lucerna
2640 2547 2852 2617 quando
2883 2548 2996 2617 ipsa
3026 2547 3188 2601 fuerit
3216 2546 3410 2615 lucida,
3438 2562 3629 2601 accen-

2048 2635 2176 2691 dere
2204 2646 2377 2705 potest
2407 2638 2860 2702 innumerabiles;
2902 2639 3166 2694 exstincta
3194 2649 3395 2702 autem,
3429 2652 3498 2692 ne
3523 2637 3627 2692 sibi

2046 2727 2261 2797 quidem
2294 2729 2550 2797 praebebit
2576 2730 2777 2795 lumen,
2808 2744 2980 2799 neque
3012 2730 3143 2783 alias
3166 2731 3417 2785 lucernas
3438 2745 3632 2784 accen-

2048 2818 2177 2873 dere
2204 2820 2436 2888 poterit:
2480 2821 2550 2873 ita
2582 2821 2743 2875 etiam
2789 2820 2859 2874 de
2905 2821 3011 2873 vita
3054 2836 3186 2888 pura
3211 2821 3539 2875 dicendum:
3582 2820 3630 2876 si

2048 2926 2167 2979 qua:
2189 2921 2271 2965 est
2298 2912 2350 2965 in
2382 2912 2555 2977 nobis,
2584 2911 2744 2966 fuerit
2784 2911 2981 2977 lucida,
3007 2912 3301 2967 efficiemus
3323 2914 3629 2967 innumera-

2047 3004 2184 3057 biles
2224 3012 2279 3057 et
2305 3004 2592 3073 discipulos
2630 3011 2681 3058 et
2710 3003 2976 3068 doctores,
3010 3003 3160 3073 quasi
3191 3003 3461 3071 exemplar
3501 3016 3630 3072 pro-

2047 3096 2228 3165 positi.
2260 3095 2440 3167 Neque
2467 3097 2607 3151 enim
2630 3096 2792 3150 verba
2822 3111 2937 3149 mea
2962 3095 3026 3149 iis
3046 3095 3135 3163 qui
3162 3095 3383 3149 audiunt
3411 3095 3480 3148 ita
3502 3109 3627 3163 pro-

2047 3188 2206 3243 desse
2240 3197 2510 3258 poterunt,
2558 3197 2616 3241 ut
2659 3198 2840 3242 nostra
2870 3189 2996 3241 vita.
3039 3187 3167 3242 Esto
3202 3188 3367 3251 enim,
3398 3186 3444 3241 si
3471 3185 3630 3249 velis,

2049 3284 2131 3334 vir
2158 3282 2266 3335 Deo
2295 3296 2450 3335 carus
2476 3290 2531 3335 et
2564 3282 2758 3335 virtute
2778 3280 3147 3349 resplendens,
3176 3289 3225 3334 et
3256 3279 3461 3335 habens
3489 3296 3627 3334 uxo-

2048 3390 2194 3438 rem;
2229 3374 2351 3428 licet
2376 3374 2515 3427 enim
2544 3388 2764 3427 uxorem
2792 3388 3003 3442 quoque
3030 3372 3247 3427 habenti
3268 3382 3321 3427 et
3352 3372 3546 3427 liberos
3574 3382 3630 3427 et

2048 3480 2234 3521 servos
2265 3474 2319 3518 ct
2364 3466 2583 3523 amicos.
2635 3464 2745 3518 Deo
2787 3464 2997 3531 placete
3028 3482 3041 3518 :
3072 3478 3249 3517 annon
3292 3464 3339 3518 is
3380 3464 3629 3518 omnibus

2051 3560 2221 3613 multo
2263 3559 2429 3628 magis
2470 3558 2664 3626 poterit
2700 3557 2981 3626 prodesse,
3027 3573 3187 3626 quam
3232 3558 3375 3627 ego?
3422 3558 3501 3612 Ex
3542 3574 3629 3613 me

2048 3652 2191 3705 enim
2224 3651 2275 3703 in
2308 3664 2493 3703 mense
2518 3650 2687 3704 semel
2722 3658 2812 3703 aut
2847 3648 2947 3710 bis,
2980 3657 3071 3701 aut
3110 3663 3178 3702 ne
3216 3648 3382 3703 semel
3412 3648 3626 3718 quidem

2051 3743 2258 3796 lucrum
2288 3740 2517 3804 faciant;
2548 3748 2601 3794 et
2628 3755 2747 3811 qua:
2788 3739 3074 3805 audierint,
3104 3739 3332 3795 fortasse
3370 3754 3536 3810 usque
3560 3740 3629 3797 ad

2050 3834 2210 3888 limen
2240 3834 2481 3887 ecclesia:
2508 3842 2808 3900 servantes,
2839 3832 3017 3886 statim
3038 3831 3294 3901 abjiciunt
3326 3849 3338 3885 :
3371 3832 3509 3886 illius
3534 3848 3631 3887 au-

2050 3938 2159 3982 tem
2207 3929 2370 3981 vitam
2427 3928 2670 3982 videntes
2726 3926 2977 3991 assidue,
3037 3926 3263 3980 multum
3332 3926 3625 3980 lucrantur.

2050 4021 2273 4088 Quando
2319 4021 2461 4075 enim
2493 4020 2815 4074 contumelia
2846 4018 3089 4085 affectus,
3121 4019 3237 4088 ipse
3261 4034 3366 4073 non
3392 4020 3627 4075 vicissim

2051 4113 2307 4175 all‘ecerit,
2336 4126 2515 4165 annon
2543 4126 2653 4165 suae
2685 4112 2917 4165 lenitatis
2962 4120 3017 4165 et
3062 4110 3487 4165 mansuetudinis
3529 4126 3632 4180 pu-

2051 4205 2236 4260 dorem
2268 4204 2318 4257 in
2350 4204 2527 4257 animo
2553 4203 2669 4272 ejus
2695 4202 2785 4272 qui
2809 4202 3130 4257 contumelia
3160 4201 3344 4265 afﬁcit,
3377 4201 3547 4272 infigit
3574 4211 3630 4256 et

2050 4295 2341 4366 insculpit?
2368 4296 2519 4363 Quod
2551 4296 2595 4349 si
2621 4310 2728 4348 non
2768 4294 2947 4347 statim
2977 4293 3209 4347 fateatur
3235 4308 3394 4363 quam
3421 4293 3630 4362 accepit

2054 4391 2357 4453 utilitatem,
2398 4397 2488 4440 aut
2519 4388 2594 4439 ira
2625 4384 2977 4455 prtepeditus,
3009 4394 3101 4438 aut
3126 4385 3323 4438 rubore
3367 4382 3623 4449 suﬂ'usus,

2050 4492 2140 4537 aut
2165 4483 2365 4551 pudore
2390 4480 2634 4543 affectus,
2659 4492 2874 4531 sensum
2903 4485 3080 4529 tamen
3110 4474 3287 4529 statim
3314 4475 3543 4543 accipit:
3574 4484 3631 4529 et

2050 4572 2165 4627 ﬁeri
2192 4587 2297 4625 non
2344 4578 2519 4640 potest
2560 4575 2616 4622 ut
2660 4566 2821 4621 homo
2859 4564 3300 4631 contumeliosus,
3326 4565 3532 4619 etiamsi
3559 4564 3631 4620 sit

2050 4663 2241 4728 bestia,
2268 4662 2311 4715 si
2333 4675 2454 4715 cum
2476 4658 2695 4713 homine
2717 4656 2825 4711 leni
2850 4665 2904 4711 et
2926 4656 3156 4726 patiente
3182 4656 3339 4710 fuerit
3361 4665 3625 4721 versatus,

2051 4771 2155 4809 non
2188 4767 2379 4823 magno
2400 4758 2621 4820 accepto
2651 4749 2798 4803 lucro
2826 4747 3061 4802 recedat.
3085 4747 3231 4800 Bona
3250 4746 3391 4799 enim
3417 4747 3628 4801 etiamsi

2053 4862 2159 4901 non
2182 4858 2421 4915 agamus,
2456 4843 2728 4895 laudamus
2761 4849 2937 4893 tamen
2980 4853 3167 4892 omnes
3193 4848 3247 4892 et
3272 4839 3625 4893 admiramur.

2047 4939 2237 4994 Mulier
2260 4950 2444 4991 rursus
2470 4935 2513 4988 si
2535 4932 2909 4987 videritvirum
2932 4929 3195 4999 placidum
3221 4938 3276 4983 et
3302 4930 3625 4996 modestum,

2048 5033 2272 5088 multum
2304 5031 2537 5084 lucratur
2564 5041 2777 5096 semper
2802 5041 2923 5080 cum
2951 5040 3017 5079 eo
3039 5039 3280 5089 versans,
3304 5035 3359 5078 et
3386 5039 3517 5091 puer
3544 5024 3630 5076 iti-

2047 5126 2191 5180 dem.
2223 5122 2373 5177 Licet
2397 5135 2526 5191 ergo
2555 5119 2840 5188 unicuique
2864 5131 2983 5171 esse
2999 5116 3273 5171 doctorem
3299 5134 3312 5168 :
3344 5115 3629 5183 ZEdi/icate

2046 5218 2211 5278 enim,
2241 5212 2432 5283 inquit,
2463 5212 2791 5276 alterutrum,
2809 5209 2941 5263 sicut
2977 5218 3025 5262 et
3050 5209 3218 5279 facitis
3243 5209 3320 5277 (1.
3366 5207 3541 5260 Thess.
3568 5208 3624 5262 5.

2046 5310 2160 5379 11).
2192 5304 2491 5375 Perpende,
2521 5317 2703 5373 quaeso
2728 5319 2741 5353 :
2782 5300 2964 5356 domui
3001 5308 3105 5354 tua:
3130 5297 3345 5368 aliquod
3372 5296 3623 5351 damnum

2046 5397 2282 5454 accidit?
2326 5394 2675 5451 conturbatur
2718 5406 2889 5459 uxor,
2934 5398 2993 5445 ut
3018 5405 3138 5461 qua:
3175 5390 3244 5445 sit
3283 5387 3545 5442 inﬁrmior
3572 5397 3627 5442 et

2047 5491 2217 5561 magis
2236 5487 2501 5543 mundana
2524 5486 2548 5540 ?
2572 5484 2795 5539 maritus
2814 5483 2861 5539 si
2887 5482 2959 5537 sit
2979 5480 3347 5552 philosophus,
3371 5488 3427 5535 et
3444 5478 3628 5534 damni

2046 5583 2249 5653 accepti
2276 5580 2480 5645 irrisor,
2517 5577 2664 5632 illam
2705 5575 3034 5641 consolatur,
3064 5582 3118 5628 et
3143 5571 3428 5643 persuadet
3456 5579 3514 5627 ut
3535 5584 3629 5641 ge-

2045 5688 2242 5731 neroso
2270 5682 2326 5728 et
2350 5670 2471 5727 forti
2494 5669 2629 5725 ferat
2657 5667 2863 5723 animo.
2896 5666 3089 5721 Annon
3119 5679 3270 5735 ergo,
3299 5662 3386 5719 dic
3413 5676 3619 5734 quaeso,

2044 5770 2095 5826 ei
2123 5766 2292 5851 magis
2317 5763 2555 5841 proderit
2598 5776 2758 5835 quam
2799 5761 2901 5835 ipsi
2944 5758 3113 5819 nostri
3138 5759 3461 5817 sermones?
3494 5756 3633 5837 Nam
