4114 6396
460 321 565 381 499

461 433 642 489 dicere
657 429 872 502 quidem
893 430 1161 496 omnibus,
1180 437 1264 484 est
1288 428 1440 483 facile
1465 445 1479 495 ;
1506 440 1665 495 agere
1694 433 1895 488 autem,
1915 435 2036 475 cum

459 542 593 597 opus
615 526 793 589 fuerit,
824 523 978 579 valde
1000 533 1083 579 est
1101 522 1335 577 difficile.
1365 522 1650 590 PrOpterea
1674 534 1737 572 ex
1760 517 1913 571 factis
1937 514 2031 568 hu-

462 637 616 676 mana
650 628 837 674 natura
865 618 1035 685 magis
1078 618 1215 671 solet
1248 615 1440 685 corrigi
1481 623 1536 669 et
1562 610 1810 681 componi
1842 626 1856 662 :
1889 618 2035 663 tanta

461 720 543 765 est
569 712 782 765 virtutis
810 708 1161 773 excellentia,
1203 718 1259 761 ut
1300 721 1486 761 servus
1529 705 1627 760 toti
1668 701 1849 759 domui
1892 714 2035 771 smpe

464 800 724 872 profuerit
749 816 871 856 cum
898 799 1139 855 domino.

534 896 587 951 5.
619 894 734 949 Non
757 894 900 949 enim
928 892 1125 947 frustra
1154 906 1253 947 nec
1278 902 1479 946 temere
1508 888 1627 942 illos
1654 885 1869 943 assidue
1890 884 2040 954 jubet

462 985 656 1039 Paulus
683 985 933 1039 virtutem
965 998 1240 1048 exercere,
1284 990 1339 1036 et
1382 979 1601 1035 obedire
1626 978 1898 1042 dominis;
1930 990 2038 1032 non

464 1090 663 1132 tantam
690 1093 870 1133 curam
900 1091 1092 1147 gerens
1138 1084 1195 1131 ut
1242 1075 1546 1129 ministrent
1572 1071 1823 1134 dominis,
1864 1084 2042 1140 quan-

464 1179 570 1223 tam
616 1178 674 1223 ut
706 1184 773 1223 ne
821 1168 1042 1222 verbum
1087 1168 1180 1221 Dei
1210 1176 1264 1222 et
1304 1164 1546 1221 doctrina
1593 1162 2036 1233 blasphemetur:

464 1259 677 1329 quando
702 1268 877 1314 autem
908 1274 1015 1312 non
1040 1257 1458 1327 blasphematur,
1493 1254 1603 1309 cito
1628 1256 1785 1310 etiam
1820 1252 2042 1307 habebi~

464 1362 550 1406 tur
577 1352 628 1405 in
656 1351 1027 1406 admiratione.
1050 1350 1173 1406 Scio
1195 1350 1352 1404 etiam
1378 1349 1572 1403 multas
1598 1348 1786 1403 domos
1813 1346 2037 1400 multum

467 1444 793 1500 lucrifecisse
837 1460 901 1499 ex
947 1444 1143 1498 virtute
1192 1457 1488 1497 servorum.
1533 1440 1588 1496 Si
1637 1450 1815 1495 autem
1854 1454 2040 1494 servus

466 1540 554 1607 qui
598 1548 682 1593 est
720 1537 818 1591 sub
873 1546 1155 1605 potestate,
1205 1545 1380 1605 potest
1426 1534 1701 1588 dominum
1746 1533 2038 1601 corrigere,

465 1628 635 1682 multo
663 1628 829 1697 magis
870 1626 1120 1682 dominus
1163 1641 1370 1682 servos.
1402 1625 1512 1681 Vos
1538 1625 1640 1680 hoc
1685 1624 2039 1678 ministerium

466 1736 695 1787 mecum,
719 1718 1254 1789 qua:so,distribuite.
1287 1719 1399 1788 Ego
1429 1733 1548 1773 cum
1577 1717 1823 1771 omnibus
1850 1717 2041 1784 loquor

466 1812 519 1865 in
541 1826 809 1865 communi
834 1852 848 1874 ,
872 1824 968 1863 vos
996 1824 1236 1867 seorsum
1271 1810 1574 1878 unicuique,
1602 1809 1863 1878 etcuique
1889 1822 2041 1861 com-

467 1903 707 1961 mittatur
736 1902 1096 1971 proximorum
1128 1916 1418 1970 procurare
1445 1901 1688 1955 salutem.
1720 1898 1871 1965 Quod
1898 1898 2039 1952 enim

466 2002 713 2062 oporteat
736 2008 831 2049 eos
855 1994 946 2063 qui
975 2002 1100 2049 sunt
1126 1993 1535 2061 patresfamilias
1563 1991 1742 2046 domui
1771 2006 1881 2044 sua:
1904 2005 2041 2059 prae-

465 2101 608 2152 esse,
637 2096 691 2141 et
735 2101 921 2141 eorum
960 2101 1141 2141 curam
1174 2086 1226 2139 in
1258 2085 1340 2140 his
1366 2100 1575 2155 gerere,
1621 2084 1742 2138 audi
1776 2099 1883 2153 quo
1922 2099 2040 2136 mu-

466 2176 624 2231 lieres
656 2176 977 2231 transmittat
1003 2176 1245 2231 Paulus:
1295 2175 1354 2230 Si
1400 2176 1521 2245 quid
1563 2184 1731 2228 autem
1766 2174 1916 2227 velint
1959 2174 2043 2226 di-

464 2284 623 2333 scere,
647 2269 786 2322 domi
813 2269 943 2322 viros
960 2285 1076 2323 suos
1098 2268 1491 2338 interrogent(l.
1524 2266 1642 2321 Cor.
1676 2268 1762 2320 14.
1784 2267 1876 2337 55)
1907 2283 1920 2319 :
1945 2280 2044 2320 nec

465 2375 557 2416 eas
587 2360 801 2415 adducit
844 2361 909 2415 ad
936 2361 1235 2415 doctorem.
1267 2361 1399 2415 Nam
1428 2369 1487 2415 ut
1532 2360 1586 2414 iu
1615 2360 1761 2415 ludis
1789 2360 2045 2415 literariis

466 2462 591 2507 sunt
632 2454 791 2508 etiam
832 2454 971 2509 inter
994 2454 1286 2523 discipulos
1326 2453 1577 2509 doctores
1601 2462 1655 2508 et
1684 2453 1943 2523 magistri,
1971 2452 2045 2506 ita

465 2545 625 2599 etiam
677 2545 730 2601 in
763 2546 1038 2600 Ecclesia:
1075 2545 1185 2600 vult
1210 2546 1352 2600 enim
1392 2560 1496 2598 non
1526 2544 1593 2598 ab
1635 2544 1881 2598 omnibus
1925 2558 2043 2598 mo-

466 2636 672 2690 lestiam
712 2635 953 2691 exhiberi
1001 2636 1230 2691 doctori.
1281 2636 1497 2702 Quare?
1543 2634 1806 2701 Quoniam
1855 2649 2044 2704 magna

465 2730 543 2785 sic
570 2737 725 2784 erunt
751 2729 889 2783 bona
924 2745 938 2781 :
972 2744 1077 2782 non
1113 2728 1289 2782 solum
1316 2727 1566 2797 quoniam
1598 2726 1730 2781 levis
1756 2726 1858 2780 erit
1891 2726 2047 2781 labor

467 2824 694 2887 doctori,
723 2823 817 2878 sed
846 2824 1006 2879 etiam
1047 2823 1298 2892 quoniam
1346 2822 1709 2891 unusquisque
1754 2820 2046 2890 discipulus

468 2918 519 2971 iil
547 2933 761 2983 curans,
804 2918 911 2971 cito
949 2925 1127 2985 potest
1169 2915 1403 2971 evadere
1442 2914 1629 2969 doctor
1669 2924 1723 2969 et
1768 2913 2044 2984 magister,

468 3010 605 3063 hanc
633 3008 834 3063 habens
861 3008 1299 3063 sollicitudinem.
1330 3006 1465 3062 Vide
1494 3008 1635 3062 enim
1661 3016 1918 3076 quantum
1944 3007 2046 3060 mi-

466 3100 746 3154 nisterium
772 3099 929 3154 affert
967 3098 1156 3153 mulier
1190 3117 1203 3152 :
1232 3098 1447 3152 domum
1478 3096 1730 3160 custodit,
1777 3107 1833 3151 et
1861 3112 2044 3151 curam

467 3191 604 3260 gerit
631 3191 867 3244 omnium
910 3204 1028 3259 qua:
1057 3189 1200 3243 domi
1244 3198 1386 3254 sunt,
1431 3188 1636 3243 ancillis
1676 3189 1840 3243 instat
1866 3198 1918 3243 et
1957 3203 2049 3243 eas

472 3291 624 3351 urget
651 3281 717 3335 ad
744 3296 899 3351 opus,
929 3281 1088 3336 vestit
1116 3281 1226 3335 suis
1255 3281 1517 3345 manibus,
1566 3278 1729 3335 efficit
1759 3290 1816 3335 ut
1840 3282 2049 3335 voceris

468 3383 623 3445 pater
652 3372 902 3436 filiorum,
945 3383 996 3427 te
1034 3371 1226 3427 liberat
1256 3388 1285 3427 a
1311 3371 1637 3441 prostibulis,
1662 3371 1751 3425 dat
1792 3370 2046 3426 auxilium

469 3466 537 3520 ad
565 3465 967 3529 continentiam,
1018 3465 1171 3521 sedat
1209 3474 1432 3521 oestrum
1460 3474 1684 3520 naturae.
1716 3464 1820 3520 Sed
1851 3476 1905 3519 tu
1931 3480 2047 3520 eam

472 3574 684 3629 quoque
708 3557 972 3613 beneﬁcio
1015 3558 1192 3613 affice.
1226 3558 1549 3625 Quomodo?
1591 3557 1647 3612 In
1683 3558 2049 3628 spiritualibus

471 3652 520 3704 ei
553 3662 766 3704 manum
791 3651 1001 3719 porrige
1028 3666 1041 3701 :
1070 3664 1188 3718 qua:
1210 3649 1441 3703 audieris
1473 3648 1637 3713 utilia,
1665 3664 1727 3703 ea
1755 3664 1861 3703 non
1893 3664 2051 3704 secus

472 3750 635 3811 atque
663 3739 978 3795 hirundines
1026 3755 1121 3794 ore
1170 3749 1406 3808 portans,
1442 3739 1575 3794 affer
1619 3748 1675 3793 et
1708 3754 1848 3808 pone
1875 3740 1929 3793 in
1957 3754 2052 3794 ore

474 3835 660 3888 matris
688 3842 742 3887 et
765 3834 1049 3902 pullorum.
1071 3832 1349 3899 Quomodo
1371 3832 1513 3887 enim
1541 3848 1645 3886 non
1664 3842 1747 3888 est
1765 3833 2051 3889 absurdum

473 3935 528 3981 te
558 3927 609 3979 in
646 3926 763 3981 aliis
810 3924 1024 3993 quidem
1069 3926 1268 3994 primas
1317 3925 1457 3980 velle
1499 3927 1762 3989 obtinere.
1794 3937 1848 3983 et
1876 3928 2051 3983 locum

474 4026 659 4071 tenere
690 4017 900 4087 capitis,
931 4016 983 4069 in
1010 4015 1252 4071 doctrina
1279 4024 1457 4071 autem
1492 4016 1734 4073 ordinem
1757 4018 2053 4075 deserere?

475 4108 610 4162 Eum
641 4108 732 4178 qui
776 4109 1022 4177 imperat,
1074 4106 1141 4162 iis
1181 4107 1271 4177 qui
1301 4116 1511 4177 parent,
1557 4117 1769 4179 oportet
1796 4124 2051 4179 praeesse,

477 4214 583 4254 non
614 4198 666 4252 in
699 4198 1014 4262 honoribus,
1046 4197 1141 4253 sed
1184 4198 1237 4251 in
1268 4198 1573 4254 virtutibus.
1618 4198 1752 4253 Nam
1795 4199 1898 4255 hoc
1931 4202 2053 4270 qui-

475 4289 595 4344 dem
624 4289 960 4358 imperantis,
990 4288 1119 4344 illud
1144 4304 1274 4344 vero
1299 4305 1487 4345 eorum
1523 4291 1614 4361 qui
1652 4300 1839 4360 parent
1864 4303 1946 4347 est
1974 4294 2054 4348 of—

477 4382 677 4437 ficium.
726 4382 781 4437 Si
826 4383 991 4436 multo
1036 4381 1241 4436 honore
1279 4381 1493 4448 fruaris,
1536 4382 1639 4437 hoc
1684 4382 1817 4439 nihil
1849 4383 1915 4437 ad
1963 4393 2053 4449 te;

477 4475 729 4543 accepisti
754 4475 898 4529 enim
946 4475 1012 4529 ab
1059 4474 1177 4528 aliis
1212 4491 1224 4527 :
1255 4474 1301 4528 si
1336 4474 1500 4531 multa
1528 4474 1725 4529 virtute
1768 4474 2051 4545 refulgeas,

479 4565 580 4620 hoc
609 4574 775 4620 totum
800 4576 880 4621 est
908 4575 1076 4620 tuum.
1109 4565 1178 4621 Es
1207 4574 1364 4635 caput
1391 4566 1593 4633 uxoris,
1622 4566 1906 4634 concinna,
1931 4582 2052 4623 cor-

1012 316 1072 373 s.
1110 314 1385 372 JOANNIS
1409 308 1881 370 cunvsos'rout
1917 306 2230 363 ARCHIEP.
2268 307 2799 368 CONS‘I‘ANTINOP.

3616 321 3723 377 500

2146 421 2258 491 rige
2298 431 2353 477 et
2378 438 2641 495 compone
2668 427 2935 497 reliquum
2966 443 3180 500 corpus.
3224 431 3340 487 Non
3384 433 3534 489 vides
3577 436 3725 503 quod

2145 520 2305 581 caput
2349 529 2457 567 non
2505 524 2709 571 tantum
2759 518 2878 573 loco
2922 528 3141 589 superat
3186 523 3452 591 reliquum
3496 538 3721 594 corpus,

2144 612 2400 672 quantum
2430 620 2556 659 cura
2579 616 2633 661 et
2654 609 3005 676 providentia,
3035 621 3090 666 ut
3112 613 3256 682 quod
3283 612 3455 682 ipsum
3483 628 3635 686 regat
3657 633 3727 671 ac

2143 696 2336 765 dirigat
2362 706 2631 768 tamquam
2656 702 3022 767 gubernator?
3065 702 3120 757 ln
3151 705 3326 773 capite
3353 706 3494 760 enim
3523 717 3576 761 et
3602 723 3725 760 cor-

2144 789 2290 857 poris
2316 798 2370 843 et
2397 791 2590 845 anima:
2632 801 2756 846 sunt
2795 794 2933 847 oculi
2963 812 2978 849 :
3007 796 3152 851 illinc
3193 798 3261 851 ad
3310 813 3403 853 eos
3446 799 3616 855 affluit
3642 802 3728 857 vis

2146 881 2523 950 perspiciendi.
2570 883 2715 939 illinc
2744 886 2820 940 vis
2862 888 3075 957 regendi
3102 904 3221 958 qua:
3262 901 3404 945 tenet
3454 894 3727 961 principa-

2146 980 2283 1025 tum.
2336 973 2402 1028 Et
2450 973 2712 1044 reliquum
2760 977 2975 1047 quidem
3020 994 3215 1049 corpus
3259 982 3602 1038 constituitur
3651 985 3720 1038 ad

2148 1062 2590 1130 ministrandum;
2620 1065 2721 1121 hoc
2752 1083 2877 1121 vero
2900 1070 3215 1126 collocatum
3238 1072 3337 1127 fuit
3360 1075 3425 1129 ad
3454 1076 3725 1146 imperan-

2148 1156 2291 1210 dum.
2326 1154 2524 1213 Omnes
2549 1173 2738 1215 sensus
2768 1162 2914 1215 illinc
2938 1162 3137 1217 habent
3166 1166 3484 1235 principium
3515 1178 3569 1223 et
3596 1170 3724 1223 fon-

2150 1257 2253 1303 tem
2289 1266 2302 1302 :
2334 1250 2478 1305 illinc
2522 1251 2870 1308 instrumenta
2898 1257 3213 1311 emittuntur
3243 1260 3465 1325 vocalia,
3497 1261 3726 1318 facultas

2148 1342 2383 1406 videndi,
2426 1342 2649 1399 facultas
2696 1345 2975 1412 odorandi,
3025 1355 3194 1404 tactus
3233 1351 3727 1409 universus:illinc

2147 1434 2489 1487 constituitur
2529 1434 2676 1489 radix
2723 1452 3006 1491 nervorum
3034 1448 3087 1492 et
3118 1441 3533 1515 ossium._Vides
3576 1446 3723 1513 quod

2149 1524 2479 1591 providentia
2510 1526 2679 1595 magis
2714 1529 2960 1595 excellat,
3009 1546 3167 1599 quam
3213 1532 3459 1589 honore?
3504 1536 3577 1589 lta
3620 1552 3725 1591 nos

2148 1616 2304 1669 etiam
2323 1617 2647 1685 imperemus
2668 1620 2975 1675 mulieribus
3000 1639 3011 1674 :
3031 1637 3123 1676 eas
3144 1623 3433 1691 vincamus,
3455 1642 3558 1680 non
3579 1630 3724 1696 quod

2150 1708 2264 1775 plus
2296 1707 2514 1762 honoris
2541 1725 2845 1778 quaeramus
2870 1752 2884 1775 ,
2917 1712 3009 1767 scd
3041 1715 3181 1783 quod
3213 1716 3339 1784 ipsa:
3367 1733 3397 1769 a
3423 1719 3575 1773 nobis
3600 1735 3720 1773 ma-

2144 1799 2248 1868 jori
2270 1799 2571 1854 afficiantur
2597 1802 2877 1861 beneficio.
2908 1804 3127 1859 Ostendi
3156 1822 3246 1862 eas
3286 1824 3392 1863 non
3420 1812 3596 1878 parvis
3621 1827 3724 1865 nos

2148 1889 2363 1946 afficere
2417 1891 2720 1957 beneficiis;
2766 1895 2860 1949 sed
2909 1896 2955 1951 si
3000 1898 3222 1951 velimus
3262 1915 3353 1955 eas
3390 1905 3723 1957 remunerari

2148 1986 2532 2053 spiritualibns,
2565 2005 2662 2044 nos
2690 1991 2971 2046 vincimus.
2996 1992 3125 2046 Nam
3155 1994 3205 2047 in
3230 1996 3591 2064 corporalibus
3614 2013 3724 2052 non

2150 2094 2433 2146 possumus
2474 2082 2672 2151 aliquid
2708 2083 2900 2139 afferre
2926 2085 3067 2155 quod
3111 2086 3189 2139 eis
3218 2102 3282 2140 ex
3312 2102 3464 2157 mque
3499 2104 3727 2159 respon-

2149 2171 2291 2225 deat.
2326 2173 2460 2240 Quid
2490 2176 2635 2229 enim
2663 2176 2687 2227 ?
2713 2176 2913 2233 effertis
2943 2178 3136 2231 multas
3164 2179 3456 2247 pecunias?
3490 2180 3592 2235 Sed
3632 2181 3720 2235 illa

2149 2275 2363 2337 servat:
2389 2265 2503 2322 inec
2530 2279 2706 2323 autem
2736 2284 2858 2323 cura
2887 2269 3182 2338 propendet
3208 2285 3272 2324 ex
3319 2270 3630 2340 mquilibris.
3663 2282 3721 2327 et

2149 2359 2226 2409 sic
2238 2371 2297 2411 ea
2315 2372 2448 2427 opus
2474 2358 2654 2413 habet.
2676 2360 2889 2427 Quare?
2913 2360 3046 2428 Quia
3076 2360 3283 2430 plurimi
3301 2362 3388 2429 qui
3410 2362 3568 2415 multa
3597 2374 3721 2430 pos-

2150 2448 2414 2515 sidebant,
2442 2452 2690 2520 quoniam
2718 2468 2822 2506 non
2849 2452 3112 2507 habebant
3133 2464 3517 2523 quaeservaret,
3540 2452 3720 2508 omnia

2154 2541 2520 2609 perdiderunt.
2550 2542 2654 2598 Sed
2686 2554 2903 2613 propter
2929 2545 3123 2599 liberos
3147 2554 3231 2600 est
3258 2546 3397 2598 inter
3417 2545 3602 2599 ambos
3631 2560 3725 2599 so-

2151 2636 2317 2688 cietas
2350 2653 2363 2688 :
2409 2651 2505 2705 par
2532 2651 2744 2705 quoque
2790 2647 2872 2691 est
2920 2638 3197 2707 utriusque
3236 2636 3585 2700 beneficium;
3615 2639 3727 2693 imo

2154 2745 2280 2783 vero
2307 2730 2392 2783 illa
2427 2730 2477 2783 in
2512 2729 2598 2785 his
2632 2730 2950 2785 laboriosius
2976 2731 3088 2785 obit
3112 2731 3487 2796 ministerium,
3523 2742 3577 2783 ut
3603 2746 3725 2799 qua:

2152 2836 2367 2891 semper
2405 2821 2542 2876 ferat
2580 2823 2785 2886 fetum,
2837 2831 2891 2876 et
2936 2833 3121 2890 partus
3163 2832 3386 2877 vexetur
3432 2822 3723 2877 laboribus.

2153 2912 2509 2978 Quamobrem
2540 2913 2589 2966 in
2618 2913 2747 2968 solis
2769 2913 3134 2983 spiritualibns
3156 2929 3273 2967 eam
3307 2923 3461 2982 potes
3486 2914 3725 2968 vincere.

2153 3001 2231 3057 Ne
2258 3017 2506 3061 curemus
2532 3012 2591 3057 ut
2620 3004 2727 3058 sint
2753 3003 2905 3057 nobis
2936 3004 3192 3073 pecuniae,
3228 3004 3321 3059 sed
3345 3015 3401 3059 ut
3426 3020 3545 3074 qua:
3572 3004 3731 3059 nobis

2154 3094 2372 3149 creditae
2400 3109 2525 3149 sunt
2551 3096 2763 3163 animae,
2804 3112 2894 3151 eas
2922 3112 3041 3151 cum
3071 3097 3258 3152 fiducia
3283 3113 3463 3153 coram
3490 3097 3601 3153 Deo
3624 3098 3734 3151 sis-

2156 3194 2359 3241 tamus:
2384 3187 2435 3240 in
2460 3187 2566 3241 illis
2582 3188 2724 3242 enim
2747 3188 3076 3257 corrigendis
3096 3189 3545 3245 etconcinnandis
3570 3189 3732 3244 nobis

2155 3294 2367 3349 quoque
2405 3281 2627 3334 multum
2656 3280 3013 3349 proderimus.
3056 3281 3190 3336 Nam
3219 3283 3308 3353 qui
3357 3282 3519 3336 alium
3549 3281 3732 3347 docet,

2157 3371 2201 3425 si
2229 3370 2358 3425 nihil
2384 3370 2548 3437 aliud,
2576 3371 2626 3425 in
2655 3371 2882 3427 dicendo
2920 3376 3315 3445 compungitnr,
3348 3377 3577 3429 maxime
3598 3374 3731 3429 dum

2156 3462 2302 3518 videt
2326 3464 2559 3532 seipsum
2606 3465 2671 3518 iis
2690 3479 2814 3520 esse
2837 3466 3127 3521 obnoxium
3154 3467 3224 3521 de
3259 3468 3450 3536 quibus
3488 3468 3620 3521 alios
3648 3482 3737 3522 re-

2158 3553 2458 3625 prehendit.
2484 3555 2746 3623 Quoniam
2776 3572 2905 3627 ergo
2941 3566 2995 3612 et
3038 3560 3191 3614 nobis
3222 3560 3350 3628 ipsis
3378 3568 3433 3613 et
3472 3559 3576 3613 illis
3602 3574 3734 3629 pro-

2158 3661 2365 3713 sumus,
2394 3659 2449 3702 et
2479 3664 2572 3717 per
2608 3648 2725 3702 illas
2750 3648 2953 3715 domui,
2982 3661 3038 3705 et
3077 3650 3177 3706 hoc
3210 3653 3260 3705 in
3290 3652 3477 3722 primis
3509 3653 3618 3707 Deo
3647 3663 3736 3708 est

2157 3748 2366 3807 gratum
2392 3755 2407 3803 ;
2438 3756 2504 3794 ne
2526 3754 2623 3794 nos
2648 3741 2825 3811 pigeat
2847 3752 2897 3795 et
2930 3754 3147 3809 nostrae,
3178 3753 3232 3798 et
3258 3759 3441 3799 eorum
3468 3746 3556 3814 qui
3579 3744 3737 3801 nobis

2160 3831 2468 3885 ministrant
2489 3830 2681 3886 animae
2704 3848 2887 3887 curam
2912 3849 3099 3903 gerere
3127 3854 3140 3890 :
3170 3846 3227 3889 ut
3254 3851 3350 3905 pro
3375 3837 3619 3891 omnibus
3643 3852 3738 3891 ac-

2159 3921 2418 3991 cipiamus
2468 3926 2982 3989 remunerationem,
3031 3936 3085 3981 et
3138 3942 3260 3981 cum
3310 3928 3493 3982 multis
3535 3928 3738 3983 divitiis

2162 4015 2537 4084 perveniamus
2574 4016 2625 4068 in
2653 4026 2890 4070 sanctam
2917 4018 3189 4073 civitatem
3231 4029 3456 4075 matrem
3498 4030 3735 4075 nostram

2160 4105 2459 4161 Jerusalem
2483 4107 2752 4162 caelestem
2785 4125 2797 4161 :
2832 4122 2860 4161 a
2888 4124 2992 4178 qua
3035 4109 3175 4164 absit
3205 4120 3261 4164 ut
3293 4126 3541 4181 umquam
3588 4114 3738 4167 exci-

2162 4195 2371 4261 damus,
2404 4196 2500 4251 sed
2545 4211 2667 4251 cuin
2718 4198 3209 4267 resplenduerimus
3257 4204 3312 4258 in
3366 4203 3566 4272 optima
3617 4204 3740 4259 vita:

2164 4290 2518 4356 institutione,
2574 4303 2695 4344 cum
2751 4305 2941 4361 magna
2991 4291 3181 4347 ﬁducia
3227 4293 3371 4361 digni
3424 4310 3743 4350 censeantur

2162 4382 2346 4439 videre
2390 4382 2675 4437 Dominum
2719 4381 2900 4441 Jesum
2952 4383 3246 4450 Chrismm,
3296 4401 3418 4440 cum
3453 4403 3559 4458 quo
3594 4388 3742 4444 Patri

2164 4474 2321 4529 simul
2376 4484 2429 4529 et
2481 4483 2666 4529 sancto
2714 4473 2935 4544 Spiritui
2970 4476 3138 4545 gloria
3166 4519 3180 4543 ,
3225 4479 3494 4547 potentia,
3542 4479 3736 4544 honor,

2168 4581 2309 4623 nunc
2363 4575 2419 4624 et
2468 4580 2702 4637 semper,
2732 4575 2788 4623 et
2830 4567 2882 4623 in
2932 4570 3123 4624 saecula
3177 4570 3512 4627 sai-culorum.
3547 4572 3741 4631 Amen.
