4114 6396
348 345 453 399 499

405 471 465 515 ε’.
500 461 632 515 Οὐδέ
658 462 765 534 γὰρ
797 464 920 534 εἰκῆ
952 465 1071 518 οὐδὲ
1104 466 1291 529 ἁπλῶς
1321 468 1504 530 αὑτοῖς
1526 468 1763 539 συνεχῶς
1786 470 1906 519 ἐπι-

335 546 516 598 τάττει
540 545 639 614 τὴν
667 547 865 615 ἀρετὴν
900 549 1087 600 ἀσκεῖν
1110 551 1136 601 6
1192 550 1422 613 Παῦλος,
1476 552 1567 603 καὶ
1597 552 1905 621 πειθηνίους

336 625 475 681 εἶναι
497 630 607 689 τοῖς
631 628 931 693 δεσπόταις,
960 631 1020 683 οὑ
1040 631 1139 700 τῆς
1166 631 1438 696 διακονίας
1470 633 1717 687 τοσοῦτον
1743 651 1905 703 φρονε-

334 712 498 774 τίζων
532 710 643 763 τῶν
680 711 974 777 δεσποτῶν,
1004 716 1129 767 ὅσον
1155 715 1239 767 ἵνα
1265 715 1341 785 μὴ
1390 718 1417 768 6
1449 716 1601 784 λόγος
1626 716 1717 770 τοῦ
1767 716 1900 770 Θεοῦ

337 793 721 863 βλασφημῆται
752 795 845 847 καὶ
871 797 904 865 ή
932 797 1269 849 διδασκαλία’
1299 800 1425 851 ὅταν
1453 800 1507 851 δὲ
1546 801 1617 870 μὴ
1660 800 1900 870 βλασφη-

338 876 526 942 μῆται,
554 877 762 945 ταχέως
812 878 905 930 καὶ
939 878 1401 952 θαυμασθήσεται.
1450 884 1555 935 Καὶ
1573 879 1688 936 οἶδα
1705 883 1904 946 πολλὰς

333 959 526 1023 οἰκίας,
556 960 636 1012 δτι
662 962 872 1030 μεγάλα
902 964 1193 1034 ἐκέρδαναν
1244 967 1349 1025 ἀπὸ
1401 967 1499 1037 τῆς
1546 967 1655 1019 τῶν
1701 967 1900 1021 δούλων

333 1042 556 1112 ἀρετῆς.
589 1045 650 1095 Εἰ
701 1045 757 1097 δὲ
784 1047 1000 1117 ,οἰκέτης
1036 1049 1126 1102 ὑπ’
1154 1050 1397 1115 ἐξουσίαν
1425 1051 1671 1120 κείμενος
1703 1052 1791 1104 τὸν
1818 1052 1902 1104 δε-

334 1127 536 1196 σπότην
555 1126 703 1198 [5441
734 1131 993 1200 ῥυθμίσαι
1024 1133 1222 1187 δύναιτ’
1254 1135 1339 1200 ἂν,
1378 1135 1555 1204 πολλῴ
1589 1136 1788 1206 μᾶλλον
1815 1135 1901 1187 δε-

335 1209 539 1279 σπότης
566 1212 799 1275 οἰκέτας.
834 1216 1192 1285 Διανείμασθε
1246 1218 1380 1288 πρὸς
1427 1220 1545 1288 ἐμὲ,
1575 1219 1899 1288 παρακαλῶ,

332 1292 534 1362 ταύτην
558 1295 657 1362 τὴν
679 1296 969 1353 διακονίαν.
1014 1299 1153 1368 Ἐγὼ
1200 1305 1334 1355 πᾶσι
1361 1306 1510 1373 κοινῇ
1563 1303 1898 1372 διαλέγομαι·

330 1375 485 1444 ὑμεῖς
505 1376 608 1447 ἰδίᾳ
629 1378 861 1450 ἑκάστῳ,
902 1383 1238 1446 καὶέκαστος
1266 1385 1649 1455 ἐγχειριζέσθω
1670 1385 1767 1456 τὴν
1795 1403 1902 1438 σω-

330 1459 522 1527 τηρίαν
547 1459 653 1512 τῶν
710 1462 952 1532 πλησίον.
990 1466 1108 1519 Ὅτι
1160 1467 1268 1536 γὰρ
1316 1468 1397 1521 δεῖ
1453 1469 1560 1522 τῶν
1582 1469 1679 1537 τῆς
1722 1470 1901 1531 οἰκίας

332 1543 663 1609 προεστάναι
696 1546 753 1597 ἐν
802 1546 1031 1612 τούτοις,
1089 1548 1321 1604 ἄκουσον
1386 1552 1490 1605 ποῦ
1544 1552 1898 1622 παραπέμπει

326 1622 425 1687 τὰς
448 1628 708 1693 γυναῖκας
730 1630 757 1680 6
784 1630 1009 1693 Παῦλος·
1030 1634 1097 1685 Εἰ
1117 1632 1183 1685 δέ
1211 1652 1261 1686 τι
1277 1635 1488 1703 μαθεῖν
1508 1637 1771 1699 θέλουσι,
1797 1654 1899 1705 φη-

327 1706 431 1769 σὶν,
462 1708 532 1760 ἐν
558 1709 701 1771 οἴκῳ
725 1712 866 1777 τοὺς
902 1713 1089 1780 ἰδίους
1136 1716 1357 1783 ἄνδρας
1412 1717 1888 1785 ἐπερωτάτωσαν·

328 1793 420 1844 καὶ
445 1794 504 1845 οὑ
538 1796 803 1863 προσάγει
839 1798 1006 1862 αὑτὰς
1025 1799 1101 1870 τῷ
1128 1801 1452 1874 διδασκάλῳ.
1487 1804 1754 1873 Καθάπερ
1786 1805 1895 1875 γὰρ

327 1878 386 1928 ἐν
405 1879 523 1939 ταῖς
556 1877 857 1947 διατριϐαῖς
886 1880 994 1934 τῶν
1031 1884 1371 1954 γραμμάτων
1409 1886 1513 1938 εἰσὶ
1548 1890 1641 1941 καὶ
1692 1890 1751 1940 ἐν
1783 1892 1895 1953 τοῖς

328 1958 597 2041 μαθηταῖς
648 1962 975 2027 διδάσκαλοι,
1010 1964 1153 2018 οὓτω
1210 1968 1303 2020 καὶ
1355 1969 1413 2020 ἐν
1451 1971 1514 2039 τῇ
1579 1970 1891 2041 Ἐκκλησίαν

326 2040 572 2108 βούλεται
602 2043 711 2113 γὰρ
748 2046 821 2113 μὴ
857 2046 960 2099 ὑπὸ
989 2048 1205 2100 πάντων
1234 2050 1566 2119 ἐνοχλεῖσθαι
1598 2053 1689 2105 τὸν
1752 2040 1897 2105 διδά-

326 2125 541 2178 σκαλον.
568 2126 666 2177 Διὰ
685 2126 739 2179 τί
760 2145 774 2190 ;
803 2128 923 2180 Ὅτι
953 2130 1162 2197 μεγάλα
1205 2132 1381 2200 ἀγαθὰ
1406 2134 1579 2198 οὕτως
1632 2134 1804 2200 ἔσται,
1832 2136 1894 2188 οὑ

328 2206 487 2274 μόνον
513 2208 594 2260 ὅτι
630 2209 825 2279 κοῦφος
859 2210 1011 2265 ἔσται
1040 2214 1068 2265 6
1096 2214 1254 2279 πόνος
1289 2216 1368 2286 τῷ
1394 2217 1719 2289 διδασκάλῳ,
1777 2208 1895 2273 ἀλλ’

323 2292 407 2343 ὅτι
438 2294 534 2345 καὶ
566 2294 673 2346 τῶν
699 2296 955 2367 μαθητῶν
1004 2298 1231 2363 ἕκαστος
1268 2304 1629 2373 μεριμνήσας,
1687 2304 1896 2373 ταχέως

324 2375 574 2442 γενέσθαι
598 2377 820 2432 δύναται
857 2380 1190 2450 διδάσκαλος,
1214 2384 1415 2455 ταύτην
1444 2386 1581 2457 ἔχων
1612 2388 1711 2459 τὴν
1735 2404 1896 2457 φρον-

324 2460 463 2513 τίδα.
505 2463 644 2532 Ὅρα
670 2463 777 2533 γάρ
809 2466 979 2537 πόσην
1007 2466 1279 2524 διακονίαν
1336 2472 1599 2542 εἰσάγειή
1630 2473 1785 2542 γυνή·
1817 2474 1896 2525 οἰ-

326 2548 528 2614 κουρεῖ,
566 2547 789 2600 καὶτῶν
812 2554 951 2604 κατὰ
1001 2551 1103 2621 τὴν
1132 2552 1306 2606 οἰκίαν
1340 2556 1557 2607 πάντων
1600 2555 1893 2625 φροντίζει,

324 2631 445 2690 ταῖς
475 2628 846 2699 θεραπαινίσιν
867 2632 1187 2704 ἐφέστηκεν,
1226 2637 1550 2706 ἀμφιέννυσι
1577 2641 1695 2700 ταῖς
1724 2640 1893 2709 αὐτῆς

324 2712 500 2781 χερσὶ,
533 2713 748 2784 πατέρα
774 2732 833 2768 σε
862 2721 1006 2770 ποιεῖ
1036 2720 1240 2773 παίδων
1271 2721 1576 2782 καλεῖσθαι,
1620 2740 1890 2792 χαμαιτυ-

325 2793 492 2846 πείων
516 2796 866 2863 ἀπαλλάττει,
899 2801 1033 2869 πρὸς
1062 2803 1415 2874 σωφροσύνην
1463 2804 1664 2875 βοηθεῖ,
1697 2807 1786 2858 τὸν
1815 2803 1891 2859 οῖ-

326 2893 486 2960 στρον
514 2879 612 2948 τῆς
636 2880 849 2947 φύσεως
877 2883 1060 2937 παύει.
1108 2885 1246 2937 Ἀλλ’
1296 2887 1573 2956 εὐεργέτει
1603 2888 1770 2960 αὐτὴν
1795 2892 1890 2943 καὶ

329 2959 605 3044 σύ.νΠῶς;
650 2962 873 3027 Ἐν-τοῖς
898 2969 1279 3036 πνευματικοῖς
1327 2969 1510 3039 ὄρεξον
1542 2959 1889 3044 χεῖραοίᾶπερ

326 3041 391 3095 ἂν
418 3043 655 3116 ἀκούσῃς
681 3048 946 3117 χρήσιμα,
982 3049 1176 3115 ταῦτα,
1212 3052 1460 3123 καθάπερ
1492 3054 1547 3106 αἰ
1600 3041 1885 3122 χελιδόνες,

326 3125 404 3194 τῷ
442 3128 665 3197 στόματι
685 3129 1055 3197 διαϐαστάζων
1086 3134 1363 3205 ἀπάγαγε,
1411 3138 1504 3191 καὶ
1550 3137 1701 3201 ἔνθες
1723 3140 1803 3200 εἰς
1829 3138 1891 3191 τὸ

328 3209 499 3279 στόμα
531 3211 623 3263 καὶ
640 3212 738 3281 τῆς
765 3215 968 3285 μητρὸς
991 3215 1084 3268 καὶ
1107 3218 1215 3271 τῶν
1245 3220 1487 3274 νεοττῶν.
1518 3221 1641 3284 Πῶς
1660 3222 1768 3292 γάρ
1791 3222 1891 3275 οὑκ

324 3307 521 3360 ἄτοπον
552 3311 609 3361 ἐν
632 3311 731 3379 μὲν
760 3313 873 3374 τοῖς
905 3313 1083 3378 ἄλλοις
1101 3317 1209 3370 τῶν
1231 3319 1512 3388 πρωτείων
1545 3320 1729 3386 ἀξιοῦν
1757 3338 1888 3375 σαυ-

322 3403 433 3468 τὸν,
475 3406 567 3458 καὶ
587 3406 688 3476 τὴν
716 3407 815 3477 τῆς
854 3410 1093 3483 κεφαλῆς
1119 3415 1302 3486 χώραν
1332 3417 1569 3489 ἐπέχειν,
1606 3420 1665 3473 ἐν
1713 3420 1771 3473 δὲ
1818 3423 1889 3493 τῇ

323 3497 638 3569 διδασκαλίᾳ
700 3498 902 3554 λείπειν
958 3504 1056 3572 τὴν
1106 3506 1288 3572 τάξιν;
1330 3510 1432 3563 Τὸν
1494 3511 1727 3581 ἄρχοντα
1782 3514 1889 3568 τῶν

324 3586 638 3655 ἀρχομένων
670 3585 769 3639 οὑκ
800 3590 857 3640 ἐν
893 3591 1013 3654 ταῖς
1036 3595 1219 3659 τιμαῖς
1253 3594 1537 3666 ὑπερέχειν
1562 3600 1660 3661 δεῖ,
1687 3599 1802 3652 ἀλλ’
1832 3603 1889 3653 ἐν

323 3671 441 3730 ταῖς
468 3669 705 3753 ἀρεταῖς*
762 3669 917 3723 τοῦτο
961 3674 1068 3741 γὰρ
1104 3674 1379 3746 ἄρχοντος·
1430 3681 1604 3733 ἐκεῖνο
1657 3682 1755 3751 μὲν
1780 3690 1889 3753 γὰρ

324 3750 432 3803 τῶν
458 3751 772 3821 ἀρχομένων
795 3753 931 3818 ἐστὶ,
973 3758 1128 3809 τοῦτο
1162 3758 1217 3810 δὲ
1274 3760 1438 3814 αὑτοῦ
1488 3762 1582 3816 τοῦ
1635 3750 1891 3835 ἄρχοντος

325 3832 671 3903 κατόρθωμα.
734 3837 829 3888 Ἂν
891 3838 1089 3908 πολλῆς
1142 3841 1450 3915 ἀπολαύσῃς
1506 3832 1890 3917 τιμῆς-ὀὐδὲν

325 3917 481 4005 τοῦτο
511 3918 646 3987 πρὸς
677 3918 771 4005 σέ·
822 3919 1012 4005 ἔλαϐες
1048 3923 1157 3993 γὰρ
1187 3926 1317 3996 παρ’
1350 3926 1569 3998 ἐτέρων·
1604 3929 1671 3983 ἃν
1722 3932 1888 4005 πολλῇ

326 3998 548 4084 λάμπῃς
565 4003 634 4084 τῇ
666 4000 856 4073 ἀρετῇ,
889 4003 1044 4057 τοῦτο
1085 4006 1204 4059 ὅλον
1243 4009 1350 4063 σόν.
1388 4012 1613 4083 Κεφαλὴ
1667 4014 1765 4084 τῆς
1788 3998 1889 4083 γυζ

326 4081 510 4168 ναικδς
632 4084 827 4137 οὐκοῦν
852 4085 1160 4157 ῥυθμιζέτω
1178 4089 1237 4143 τὸ
1268 4092 1425 4163 σῶμα
1445 4094 1506 4148 τὸ
1537 4079 1766 4168 λοιπὸνὴ
1796 4079 1889 4151 κε-

328 4165 491 4235 φαλή.
526 4166 637 4237 Οὐχ
668 4168 799 4239 ὁρᾷς
824 4169 905 4223 ὅτι
936 4172 999 4224 οὐ
1052 4171 1131 4241 τῷ
1171 4174 1323 4246 τόπῳ
1353 4178 1601 4233 τοσοῦτον
1635 4165 1888 4251 ὑπερέχει

1165 356 1233 412 ΙΝ
1270 352 1487 411 EPIST.
1524 352 1571 408 ll
1616 351 1707 407 AD
1738 345 2069 405 THESSAL.
2106 342 2257 401 CAP.
2299 346 2388 402 Ill.
2430 348 2664 406 HOMIL.
2705 349 2771 408 V.

3478 350 3584 407 500

2005 464 2102 518 τοῦ
2130 464 2315 518 λοιποῦ
2346 464 2617 533 σώματος,
2643 468 2765 520 ὅσον
2803 468 2869 535 τῇ
2923 465 3170 535 προνοίᾳ,
3218 464 3469 537 καθάπερ
3500 484 3587 530 τις

2008 550 2367 619 κυϐερνήτης,
2399 549 2544 602 ἆπαν
2566 551 2695 603 αὑτὸ
2724 549 3057 615 εὑθύνουσα;
3126 549 3213 600 Ἐν
3246 548 3354 619 γὰρ
3386 553 3454 619 τῇ
3490 567 3585 603 κε-

2009 630 2150 701 φαλῇ
2182 633 2341 685 καὶοί
2368 632 2461 684 τοῦ
2497 632 2764 702 σώματος.
2809 633 2903 687 καὶ
2953 634 3000 684 οἰ
3051 631 3151 699 τῆς
3182 631 3358 701 ψυχῆς
3387 631 3588 701 ὀφθαλ-

2010 714 2124 782 μοί·
2156 713 2365 766 ἐκεῖθεν
2401 716 2620 785 ἐπιρρεῖ
2655 715 2867 778 τούτοις
2899 715 2959 766 τὸ
3011 714 3334 783 διορατικὸν,
3376 714 3586 767 ἐκεῖθεν

2003 794 2064 847 τὸ
2091 797 2436 865 ἡγεμονικόν.
2470 798 2579 849 Καὶ
2602 798 2661 850 τὸ
2717 799 2814 867 μὲν
2847 796 3031 849 λοιπὸν
3071 798 3322 849 τάττεται
3347 798 3427 860 εἰς
3471 796 3585 849 δια-

2006 879 2212 940 κονίαν,
2241 880 2377 949 αὑτὴ
2404 880 2460 931 δὲ
2501 882 2577 942 εἰς
2608 882 2667 933 τὸ
2698 882 3003 934 ἐπιτάττειν
3042 884 3238 933 κεῖται.
3286 882 3464 933 Πᾶσαι
3525 881 3584 934 αἱ

2004 960 2288 1030 αἰσθήσεις
2322 961 2529 1013 ἐκεῖθεν
2561 962 2744 1031 ἔχουσι
2781 963 2879 1033 τὴν
2933 964 3105 1034 ἀρχὴν
3128 963 3223 1015 καὶ
3249 962 3345 1033 τὴν
3376 965 3578 1032 πηγήν·

2003 1044 2068 1096 τὰ
2102 1044 2383 1113 φωνητικὰ
2409 1044 2615 1115 ὄργανα
2645 1045 2853 1099 ἐκεῖθεν
2883 1048 3289 1113 ἀναπέμπεται,
3324 1046 3382 1097 τὸ
3403 1046 3584 1115 διορα-

2002 1127 2171 1187 τικὸν,
2212 1128 2272 1179 τὸ
2302 1129 2650 1197 όσφρητικδν,
2706 1131 2738 1200 ή
2772 1130 2883 1199 ἁφὴ
2913 1132 3083 1182 πᾶσα*
3120 1132 3152 1199 ή
3185 1130 3302 1199 ’γὰρ
3330 1128 3438 1181 τῶν
3464 1130 3584 1182 νεύ-

2004 1226 2111 1277 ρων
2151 1210 2274 1280 ῥίζα
2303 1212 2397 1263 καὶ
2426 1211 2532 1263 τῶν
2565 1210 2739 1263 ὀστῶν
2770 1213 2975 1265 ἐκεῖθεν
3025 1214 3371 1281 συνέστηκεν.
3417 1211 3582 1280 Ὀρᾷς

2000 1292 2081 1344 ὅτι
2110 1295 2176 1361 τῇ
2210 1294 2434 1364 προνοίᾳ
2467 1294 2667 1361 μᾶλλον
2698 1295 2971 1365 ὑπερέχει,
3030 1296 3062 1367 ἢ
3094 1299 3158 1366 τῇ
3206 1297 3337 1365 τιμῇ
3363 1312 3376 1324 ’
3424 1294 3582 1347 Οὕτω

2000 1375 2098 1426 καὶ
2127 1374 2235 1426 τῶν
2254 1376 2530 1443 γυναικῶν
2555 1378 2712 1446 ἡμεῖς
2740 1378 3014 1446 ἄρχωμεν·
3044 1378 3281 1448 νικῶμεν
3311 1379 3479 1440 αὑτὰς
3504 1377 3580 1447 μὴ

1999 1458 2078 1526 τῷ
2107 1458 2330 1511 πλείονα
2358 1460 2523 1530 τιμὴν
2554 1461 2738 1530 ζητεῖν
2770 1463 2900 1533 παρ’
2928 1462 3126 1524 αὑτῶν,
3179 1462 3314 1515 ἀλλά
3342 1462 3420 1531 τῷ
3453 1479 3574 1528 μει-

1999 1538 2166 1603 ζόνως
2195 1541 2363 1603 αὑτὰς
2412 1542 2812 1612 εὑεργετεῖσθαι
2844 1543 2972 1613 παρ’
3013 1544 3188 1614 ἡμῶν.
3235 1544 3449 1609 Ἔδειξα
3496 1546 3577 1598 ὅτι

1999 1623 2059 1674 οὑ
2097 1623 2297 1693 μικράς
2321 1626 2468 1693 ἡμᾶς
2496 1627 2813 1697 εὐεργεσίας
2863 1627 3242 1695 εὐεργετοῦσιν
3266 1668 3280 1690 ,
3334 1627 3449 1679 ἀλλ’
3478 1629 3577 1681 ἐάν

1996 1704 2238 1773 θέλωμεν
2263 1708 2320 1757 ἐν
2355 1709 2467 1769 τοῖς
2516 1712 2901 1777 πνευματικοῖς
2954 1710 3135 1763 δοῦναι
3162 1711 3259 1780 τὴν
3289 1711 3574 1776 ἀντίδοσιν,

2009 1790 2169 1857 ἡμεῖς
2190 1789 2453 1859 νικῶμεψ
2476 1792 2599 1844 ἐπεὶ
2638 1795 2694 1845 ἐν
2718 1796 2832 1855 τοῖς
2867 1798 3198 1863 σωματικοῖς
3246 1796 3576 1866 ἀντίρῥοπόν

1992 1888 2044 1924 τι
2075 1873 2388 1939 εἰσαγαγεῖν
2426 1875 2484 1927 οὑ
2517 1876 2757 1928 δυνατόν.
2816 1876 2964 1947 [545]
3001 1878 3067 1929 Τί
3123 1878 3266 1945 γάρ;
3329 1880 3573 1945 εἰσάγετε

1996 1955 2166 2007 πολλὰ
2218 1959 2509 2026 χρήματα;
2577 1960 2717 2013 Ἀλλ’
2754 1962 2936 2030 ἐκείνη
2991 1962 3268 2029 φυλάττει·
3323 1962 3574 2033 ἀντίρῥο-

1996 2055 2095 2100 πος
2125 2039 2181 2091 δὲ
2203 2040 2341 2109 αὕτη
2371 2042 2638 2111 ἐκείνηςή
2674 2044 2920 2112 πρόνοια,
2953 2045 3048 2098 καὶ
3076 2044 3248 2107 οὕτως
3280 2046 3451 2113 αὑτῆς
3465 2046 3572 2097 δεῖ-

1992 2135 2103 2172 ται.
2137 2122 2235 2174 Διά
2263 2122 2346 2187 τίς
2382 2124 2505 2176 Ὅτι
2556 2124 2744 2178 πολλοί
2775 2126 2944 2179 πολλά
3002 2128 3349 2197 κεκτημένοι.
3386 2127 3571 2197 ἐπειδὴ

1994 2202 2364 2269 φυλάττουσαν
2396 2205 2495 2258 οὑκ
2524 2207 2894 2276 ἔσχον,πάντα
2919 2208 3229 2264 ἀπώλεσαν.
3276 2210 3437 2265 Ἀλλά
3458 2210 3571 2263 τῶν

1994 2284 2200 2337 παίδων
2246 2286 2430 2341 ἕνεκεν
2467 2292 2771 2342 κοινωνεῖτε
2801 2291 3121 2361 ἀμφότεροι,
3173 2293 3266 2344 καὶ
3294 2292 3380 2362 ἴση
3438 2296 3569 2362 παρ’

1994 2366 2311 2439 ἐκατέρουή
2344 2370 2652 2440 εὐεργεσίασ
2690 2372 2889 2441 μᾶλλον
2923 2373 2979 2425 δὲ
3019 2375 3202 2444 ἐκείνη
3253 2376 3567 2429 πολυπονω-

1993 2449 2157 2517 τέραν
2194 2451 2251 2501 ἐν
2279 2451 2487 2515 τούτοις
2548 2453 2660 2524 ἔχει
2688 2455 2786 2525 τὴν
2824 2456 3123 2521 διακονίαν,
3157 2458 3444 2521 διαπαντὸς
3473 2461 3570 2527 φέ-

1995 2549 2166 2601 ρουσα
2198 2533 2259 2584 τὸ
2309 2536 2591 2604 κυόμενον,
2630 2542 2724 2591 καὶ
2761 2542 2882 2601 ταῖς
2943 2540 3094 2593 ὠδῖσι
3147 2540 3564 2613 διακοπτομένη.

1995 2614 2156 2696 ξᾭστε
2183 2616 2241 2668 ἐν
2264 2619 2377 2679 τοῖς
2405 2623 2794 2688 πνευματικοῖς
2823 2622 3004 2691 μόνοις
3033 2624 3237 2696 δυνήσῃ
3265 2627 3438 2694 νικᾷν.
3475 2627 3565 2692 Μὴ

1989 2694 2052 2763 δὴ
2085 2696 2457 2767 φροντίζωμεν
2520 2701 2669 2765 ὅπως
2721 2704 2851 2771 ἡμῖν
2918 2706 3177 2774 χρήματα
3211 2694 3399 2768 ἢέσται,
3450 2706 3567 2760 ἀλλ’

1988 2778 2135 2861 δπως
2162 2778 2228 2842 ἃς
2254 2781 2716 2854 ἐνεπιστεύθημεν
2736 2786 2935 2855 ψυχὰς,
2974 2788 3111 2857 μετά
3149 2790 3457 2860 παρῥησίας
3489 2790 3568 2861 τῷ

1988 2860 2106 2929 Θεῷ
2127 2865 2589 2934 παραστήσωμεν
2640 2868 2697 2919 ἐν
2730 2868 2807 2937 τῷ
2863 2869 2968 2938 γάρ
3020 2872 3298 2941 ῥυθμίζειν
3354 2860 3566 2936 ἐκείνας

1989 2944 2082 2994 καὶ
2112 2946 2338 3008 ἑαυτοὺς
2367 2947 2433 3000 τὰ
2453 2948 2690 3018 μέγιστα
2726 2950 3013 3021 ὀνήσομεν.
3053 2954 3110 3005 ’0
3133 2953 3239 3023 γάρ
3271 2956 3354 3007 ἐτε
3365 2972 3455 3020 ρον
3483 2955 3563 3008 δι-

1990 3025 2220 3089 δάσκων,
2251 3028 2298 3078 εἰ
2329 3027 2422 3081 καὶ
2453 3030 2619 3100 μηδὲν
2655 3032 2860 3102 ἕτερον,
2898 3035 3011 3087 ἀλλ’
3045 3038 3103 3088 ἐν
3156 3036 3233 3105 τῷ
3264 3036 3438 3104 λέγειν
3462 3054 3564 3090 κα-

1988 3106 2331 3172 τανύσσεται,
2385 3112 2479 3163 καὶ
2515 3112 2747 3181 μάλιστα
2778 3116 2903 3169 ὅταν
2930 3116 3011 3187 ίδῃ
3046 3119 3234 3171 ἑαυτὸν
3264 3118 3561 3173 ὑπεύθυνον

1989 3189 2117 3243 ὄντα
2145 3190 2375 3257 τούτοις,
2433 3195 2573 3267 ὑπὲρ
2629 3190 2700 3250 ὧν
2750 3200 2955 3271 ἑτέροις
2990 3204 3236 3274 ἐπιτιμᾷ.
3291 3205 3441 3257 Ἐπεὶ
3468 3200 3561 3258 οὖν

1988 3273 2083 3326 καὶ
2110 3276 2258 3344 ἡμᾶς
2293 3277 2508 3343 αὐτοὺς,
2558 3281 2815 3346 κάκείνας
2843 3273 3301 3355 ὡφελοῦμεν,ίκαὶ
3325 3288 3393 3339 δι’
3419 3288 3561 3340 ἐκεί-

1989 3375 2094 3410 νων
2126 3360 2215 3410 τὸν
2242 3357 2413 3426 οἷκον,
2440 3364 2533 3415 καὶ
2571 3363 2648 3434 τῷ
2676 3364 2797 3435 Θεῷ
2850 3367 3008 3421 τοῦτο
3038 3370 3184 3422 δοκεῖ
3216 3372 3560 3440 προηγουμέ-

1990 3457 2114 3502 νως,
2148 3439 2222 3511 μὴ
2245 3443 2621 3513 ἀποκάμωμεν
2677 3449 2773 3500 καὶ
2800 3449 2899 3517 τῆς
2926 3451 3152 3512 ἑαυτῶν,
3207 3439 3299 3504 καὶ
3320 3439 3418 3522 τῆς
3449 3439 3559 3505 τῶν

1988 3522 2415 3593 διακονουμένων
2442 3528 2573 3597 ἡμῖν
2598 3528 2777 3598 ψυχῆς
2800 3532 3103 3601 κηδόμενοι,
3137 3534 3205 3585 ἵν’
3235 3536 3372 3603 ὑπὲρ
3394 3536 3560 3588 ἁπάνο

1988 3620 2097 3657 των
2154 3604 2407 3675 λάϐωμεν
2460 3610 2559 3678 τὴν
2617 3611 2871 3682 ἀμοιϐὴν,
2933 3616 3027 3666 καὶ
3058 3616 3194 3684 μετά
3238 3617 3433 3669 πολλοῦ
3462 3617 3556 3671 τοῦ

1991 3686 2222 3771 πλούτου
2256 3690 2682 3771 καταντήσωμεν
2710 3693 2790 3755 εἰς
2819 3695 2917 3764 τὴν
2963 3697 3125 3763 ἁγίαν
3159 3698 3309 3752 Μλιν
3328 3699 3424 3769 τὴν
3450 3718 3554 3771 μη-

1990 3768 2127 3838 τέρα
2185 3769 2361 3839 ήμῶν,
2396 3772 2495 3841 τὴν
2521 3843 2533 3852 .
2560 3774 2671 3827 ἀνω
2725 3774 3098 3849 Ἰερουσαλήμ
3149 3776 3217 3851 ἦς
3246 3781 3320 3851 μὴ
3348 3768 3556 3849 γένοιτό

1991 3866 2121 3932 ποτε
2152 3852 2424 3915 ἐκπεσεῖν,
2459 3854 2572 3907 ἀλλ’
2604 3858 2663 3909 ἐν
2707 3861 2773 3928 τῇ
2805 3859 3003 3932 ἀρίστῃ
3035 3862 3355 3932 λάμψαντας
3406 3866 3556 3919 πολι-

1989 3931 2107 4003 τείᾳ
2137 3933 2275 4003 μετά
2304 3935 2501 4005 πολλῆς
2532 3937 2630 4006 τῆς
2659 3931 3285 4015 παρῥησίαςάξιωθῆναι
3312 3946 3435 3999 ἰδεῖν
3463 3949 3554 4003 τὸν

1991 4015 2209 4103 [ἱύριονμ
2244 4019 2397 4103 ήμῶν
2441 4021 2650 4092 Ἰησοῦν
2694 4024 2949 4093 Χριστὸν,
3013 4027 3133 4096 μεθ’
3161 4024 3221 4083 οὗ
3270 4030 3349 4096 τῷ
3380 4032 3554 4103 Πατρὶ

1992 4098 2107 4169 ἅμα
2140 4098 2219 4170 τῷ
2248 4101 2387 4172 ἁγίῳ
2409 4102 2686 4173 Πνεύματι
2710 4104 2856 4169 δόξα,
2906 4108 3123 4178 κράτος,
3149 4112 3304 4181 τιμὴ,
3331 4112 3424 4166 νῦν
3455 4098 3551 4168 καὶ

1990 4186 2098 4252 ἀεὶ,
2134 4188 2227 4241 καὶ
2250 4189 2329 4252 εἰς
2356 4189 2482 4255 τοὺς
2507 4192 2709 4257 αἰῶνας
2734 4192 2844 4247 τῶν
2866 4194 3095 4251 αἰώνων.
3146 4198 3335 4271 Ἀμήν.
