4114 6396
1208 314 1264 371 S.
1302 311 1586 372 .IOANNIS
1621 311 2107 370 CHRYSOSTOMI
2147 309 2463 368 ARCHIEP.
2503 311 3039 371 CONSTANTINOP.
3643 311 3750 368 ΜΞ

526 507 3736 538 W31!

1931 767 2357 830 PBIEFATIO

592 976 868 1045 Nusquam
899 978 1159 1047 majorem
1203 989 1366 1046 quam
1406 975 1498 1029 hic
1525 970 1898 1027 dillicultatem
1929 973 2196 1036 offendas,
2231 966 2526 1027 deﬁniendi
2555 985 2751 1039 nempe
2779 967 3152 1024 Antiochiaene
3174 983 3242 1023 an
3266 967 3746 1039 Constantinopoli

517 1064 618 1120 has
643 1066 892 1121 homilias
916 1068 1168 1122 habuerit
1191 1067 1631 1138 Chrysostomus.
1659 1065 2044 1119 Tillemontius
2067 1061 2539 1132 ConstantinOpoli
2566 1062 2778 1115 habitas
2800 1061 3135 1130 suspicatur,
3162 1060 3326 1116 nixus
3352 1061 3529 1116 Photii
3554 1062 3762 1132 judicio

517 1159 612 1228 qui
643 1160 902 1228 opinatur
935 1162 1229 1216 conciones
1271 1162 1414 1227 illas,
1461 1176 1598 1230 quas
1627 1159 2102 1229 Constantinopoli
2143 1159 2336 1213 habuit
2378 1165 2599 1212 sanctus
2632 1157 2848 1220 doctor,
2881 1157 3063 1212 minus
3095 1166 3350 1212 accurate
3391 1167 3449 1212 et
3487 1157 3761 1228 eleganter

519 1249 874 1305 concinnatas
901 1268 1043 1316 esse,
1070 1269 1234 1322 quam
1264 1270 1356 1308 eas
1383 1269 1504 1323 quae
1536 1253 1841 1312 Antiochiae
1867 1253 2267 1322 pronunciavit.
2297 1253 2520 1315 Verum,
2554 1260 2614 1306 ut
2638 1251 2753 1321 ipse
2783 1250 2987 1306 fatetur
3010 1250 3411 1316 Tillemontius,
3445 1253 3560 1306 hac
3585 1249 3764 1306 Photii

521 1356 734 1408 norma,
769 1345 873 1401 hoc
900 1346 1187 1412 indicium,
1220 1364 1330 1402 non
1362 1349 1435 1402 ita
1465 1347 1679 1402 firmum
1714 1356 1818 1412 est,
1861 1357 1921 1402 ut
1966 1348 2130 1403 liceat
2171 1348 2273 1418 ipsi
2313 1349 2432 1403 sine
2466 1347 2716 1402 examine
2751 1346 3058 1416 astipulari.
3105 1347 3226 1416 Ipse
3273 1363 3512 1417 namque
3538 1347 3765 1402 Photius

523 1434 776 1490 homilias
800 1437 986 1493 laudat
1031 1440 1251 1503 multas,
1285 1455 1406 1509 quae
1442 1439 1918 1509 Constantinopoli
1956 1440 2158 1494 habila:
2193 1448 2354 1502 sunt;
2387 1440 2649 1509 aliasque,
2687 1439 2833 1494 haud
2865 1440 3031 1494 dubie
3067 1439 3454 1504 Antiochenas,
3486 1440 3767 1511 deprimit,

521 1537 579 1582 et
607 1530 973 1600 negligentius
1011 1531 1303 1588 adornatas
1333 1545 1539 1588 censet.
1574 1532 1689 1602 Ego
1727 1549 1860 1588 vero
1891 1533 2148 1587 omnibus
2180 1532 2470 1602 diligenter
2511 1532 2790 1596 excussis,
2844 1541 3164 1602 argumenta
3207 1531 3316 1586 duo
3355 1531 3600 1602 proferre
3640 1548 3754 1602 pos-

522 1639 666 1686 sum,
693 1625 847 1694 queis
880 1624 1204 1680 inducamur
1233 1625 1300 1680 ad
1333 1612 1670 1694 opinandum
1707 1643 1801 1682 eas
1825 1626 2125 1681 Antiochiae
2165 1625 2334 1680 fuisse
2374 1625 2570 1680 dictas.
2616 1625 2858 1680 Primum
2890 1627 3098 1695 petitur
3123 1641 3190 1679 ex
3217 1625 3471 1680 laudibus
3511 1625 3622 1680 illis
3649 1641 3768 1679 mo-

522 1716 888 1771 nasteriorum
914 1727 969 1772 et
997 1719 1413 1784 monachorum,
1443 1719 1497 1773 in
1529 1719 1686 1788 queis
1721 1719 2009 1773 maximam
2055 1726 2266 1788 partem
2302 1717 2539 1772 homiliae
2577 1732 2784 1787 quartae
2829 1717 3052 1772 decimae
3088 1717 3333 1772 insumit.
3360 1716 3477 1783 Qua
3498 1717 3566 1771 de
3589 1732 3647 1772 re
3677 1717 3771 1774 ille

523 1823 665 1876 saepe
697 1816 896 1863 tractat
931 1809 987 1863 in
1032 1809 1153 1864 aliis
1196 1811 1460 1878 operibus
1482 1851 1495 1872 ,
1546 1810 1641 1864 sed
1675 1826 1893 1880 semper
1936 1810 1991 1863 in
2024 1808 2414 1874 Antiochenis,
2461 1808 2577 1863 fere
2623 1824 2903 1878 nunquam
2935 1808 3012 1862 'in
3044 1807 3680 1878 Constantinopolitanis.
3710 1809 3771 1861 ιιι

523 1901 802 1955 montibus
826 1904 973 1958 enim
1002 1902 1306 1958 Antiochiae
1330 1904 1526 1958 vicinis
1554 1905 1808 1960 monachi
1843 1905 2000 1959 multi
2032 1914 2211 1970 erant,
2245 1907 2337 1976 qui
2369 1904 2658 1960 severioris
2687 1905 2994 1973 disciplinae
3017 1903 3178 1958 laude
3203 1903 3490 1969 ﬂorebant,
3524 1913 3581 1959 et
3612 1920 3677 1958 ea
3705 1905 3774 1958 de

523 2009 688 2049 causa
714 2012 744 2050 a
773 1998 959 2052 multis
993 1998 1392 2054 invisebantur.
1423 2000 1589 2055 Aliud
1616 2010 1998 2072 argumentum
2028 2001 2153 2056 inde
2182 2011 2521 2065 mutuamur,
2548 1999 2694 2069 quod
2729 1999 2858 2053 licet
2890 2000 2946 2053 in
2974 1997 3063 2052 his
3091 1999 3450 2054 concionibns
3471 1999 3539 2052 de
3562 1998 3774 2068 episco-

523 2104 724 2160 porum
752 2090 929 2146 oﬂicio
957 2095 1158 2163 passim
1193 2105 1406 2166 agatur,
1443 2097 1569 2166 quia
1617 2098 1818 2152 Paulus
1858 2098 2207 2152 Timotheum
2238 2098 2743 2175 episcopi_munere
2773 2095 3086 2166 fungentem
3119 2096 3422 2164 alloquens,
3452 2093 3580 2163 quid
3606 2109 3770 2148 exer-

523 2198 651 2239 cere
689 2187 998 2257 episcopus,
1047 2191 1179 2259 quid
1208 2192 1384 2247 vitare
1419 2192 1637 2255 debeat,
1674 2202 1943 2262 perpetuo
1970 2193 2258 2256 decantat;
2307 2193 2442 2247 nihil
2476 2203 2654 2247 tamen
2689 2191 2870 2245 innuit
2896 2191 3338 2261 Chrysostomus,
3365 2189 3503 2244 nihil
3540 2190 3594 2244 in
3624 2198 3777 2243 tanto

525 2281 853 2336 concionum
897 2283 1134 2339 decursu
1183 2287 1268 2340 vel
1311 2288 1543 2357 carptim
1595 2289 1785 2358 tangit,
1819 2302 1929 2358 quo
1961 2289 2233 2358 possimus
2262 2289 2345 2343 vel
2382 2287 2646 2358 suspicari
2677 2287 2829 2341 illum
2873 2295 3006 2340 tunc
3046 2285 3364 2355 episcopum
3394 2283 3583 2339 fuisse.
3617 2282 3776 2348 Quod

525 2382 709 2430 tamen
742 2377 796 2431 in
824 2379 946 2434 aliis
979 2383 1410 2446 commentariis,
1442 2383 1537 2437 ubi
1566 2399 1665 2452 par
1705 2384 1920 2438 occasio
1948 2401 2059 2439 non
2085 2384 2412 2447 habebatur,
2446 2399 2588 2452 saepe
2615 2382 2761 2437 fecit.
2791 2381 2853 2435 In
2879 2382 3023 2434 hanc
3048 2389 3196 2434 certe
3223 2390 3454 2449 partem,
3484 2387 3544 2433 ut
3582 2393 3778 2447 nempe

528 2467 707 2525 dicam
739 2486 832 2527 eas
855 2473 1158 2530 Antiochia:
1191 2476 1404 2532 habitas
1445 2478 1615 2533 fuisse
1644 2519 1659 2545 ,
1689 2479 1861 2549 magis
1896 2495 1982 2534 me
2020 2479 2361 2550 propendere
2405 2478 2601 2534 fateor.
2635 2479 2837 2532 Verum
2866 2493 2931 2532 ea
2971 2475 3038 2530 de
3072 2492 3130 2530 re
3159 2474 3362 2530 eruditi
3392 2474 3610 2530 lectoris
3630 2473 3784 2544 judi-

528 2577 676 2619 cmm
726 2578 1004 2636 exspecto.

604 2659 757 2715 Licet
797 2669 980 2716 autem
1020 2663 1232 2733 aliquot
1271 2665 1326 2719 in
1366 2665 1502 2722 locis
1538 2666 1904 2739 negligentius
1929 2681 2126 2737 agere,
2160 2674 2217 2720 et
2245 2681 2637 2734 nonnunquam
2685 2665 2810 2720 vilia
2852 2679 2953 2719 nec
2978 2672 3281 2718 memoratu
3310 2660 3528 2730 quidem
3552 2659 3788 2716 honesta

557 2947 3768 3024 Μ

1157 3261 1161 3265 ,
1271 3187 1497 3274 ΤΟΥ
1568 3187 1712 3271 ΕΝ
1785 3183 2147 3270 ΑΓΙΟΙΣ
2218 3179 2650 3267 ΠΑΤΡΟΣ
2724 3173 3043 3263 ΗΜΩΝ

1655 3406 2663 3582 ΙΩΑΝΝΟΥ

1453 3702 2017 3756 ΛΡΧΙΕΠΙΣΚΟΠΟΥ
2056 3695 2865 3754 ΚΩΝΣΤΑΝΤΙΝΟΥΠΟΛΕΩΣ

1607 3885 1834 3972 ΤΟΥ
1904 3881 2726 3969 ΧΡΥΣΟΣΤΟΜΟΥ

1101 4093 1499 4149 ΥΠΟΜΝΗΜΑ
1533 4092 1647 4146 ΕΙΣ
1693 4092 1834 4147 ΤΗΝ
1870 4093 2060 4145 ΠΡΟΣ
2101 4090 2466 4144 ΤΙΜΟΘΕΟΝ
2501 4086 2934 4140 ΕΠΙΣΤΟΛΠΝ
2969 4082 3270 4137 ΠΡΩῚἩΝ.

1983 4437 2331 4496 ΥΠΟΘΕΣΙΣ.

631 4588 781 4665 [547]
805 4588 923 4642 Τῶν
951 4587 1043 4641 τοῦ
1072 4585 1389 4640 Ἀποστόλου
1421 4584 1674 4655 μαθητῶν
1699 4580 1780 4648 εἷς
1797 4583 1889 4637 καὶ
1907 4585 1936 4636 ὁ
1951 4580 2115 4665 Τιμύο

560 4663 680 4740 θεὸς
707 4670 796 4745 ἦν.
836 4671 944 4726 Καὶ
969 4672 1232 4740 μαρτυρεῖ
1267 4670 1363 4738 μὲν
1391 4672 1420 4722 ὁ
1441 4670 1670 4733 Λουκᾶς,
1697 4669 1779 4720 ὅτι
1807 4663 2114 4745 θαυμαστός

559 4776 643 4822 τις
670 4744 785 4818 νέος
805 4750 896 4824 ἦν,
933 4750 1370 4823 μαρτυρούμενος
1418 4750 1522 4803 ὑπὸ
1557 4750 1666 4802 τῶν
1695 4752 1752 4802 ἐν
1777 4749 1995 4818 Λύστρᾳ
2027 4744 2117 4797 καὶ

573 4839 775 4908 Ἰκονίῳ
792 4835 1032 4905 ἀδελφῶν
1055 4852 1068 4865 ·
1105 4835 1163 4897 ὃς
1203 4835 1318 4903 ἅμα
1359 4850 1419 4885 τε
1472 4832 1716 4903 μαθητὴς
1757 4832 1992 4900 ἐγένετο,
2025 4827 2118 4881 καὶ

528 4909 914 4982 Ϊδιδὰσκαλοςο
977 4917 1069 4970 καὶ
1127 4915 1267 4968 οὕτω
1325 4915 1530 4984 σφόδρα
1600 4915 1815 4978 συνετὸς
1887 4909 1989 4983 ἦν,
2043 4910 2118 4971 ὡς

561 5005 774 5059 ἀκούων
803 5001 1014 5056 Παύλου
1047 5001 1215 5070 χωρὶς
1265 4999 1563 5068 περιτομῆς
1611 4997 1995 5068 κηρύσσοντος,
2024 4993 2119 5046 καὶ

566 5085 752 5157 μαθὼν
770 5087 851 5138 ὅτι
879 5084 974 5137 καὶ
993 5083 1183 5152 Πέτρῳ
1211 5083 1438 5151 ἀντέστη
1461 5081 1647 5135 τούτου
1675 5081 1878 5143 ἕνεκεν,
1905 5076 2117 5134 ἑλέσθαι

567 5171 640 5242 μὴ
677 5171 832 5242 μόνον
854 5168 915 5221 τὸ
942 5167 1178 5220 ἐναντίον
1215 5167 1288 5236 μὴ
1332 5165 1584 5236 κηρῦξαι,
1615 5165 1750 5220 ἀλλὰ
1777 5166 1870 5218 καὶ
1902 5161 2114 5215 παθεῖν’

565 5257 776 5328 περιέτε
786 5274 851 5327 με
871 5255 978 5326 γὰρ
995 5254 1177 5316 αὐτὸν,
1199 5255 1382 5322 φησὶν,
1411 5255 1466 5304 ὲν
1490 5252 1673 5323 ἡλικίᾳ
1690 5252 1912 5322 τοιαύτῃ
1927 5269 1944 5285 ο
1977 5247 2121 5300 οὕτω

534 5368 539 5393 r
566 5361 626 5399 τε
658 5344 807 5415 αὐτῷ
840 5344 1016 5397 πᾶσαν
1031 5341 1130 5410 τὴν
1149 5340 1457 5407 οἰκονομίαν
1484 5338 1880 5392 ὲνεπίστευσεν.
1916 5336 2117 5404 Ἤρκει

567 5436 668 5506 μὲν
697 5430 788 5489 οὖν
813 5435 841 5487 ὁ
866 5431 959 5486 τοῦ
992 5430 1203 5484 Παύλου
1241 5428 1402 5491 πόθος
1427 5427 1594 5495 δεῖξαι
1621 5427 1712 5480 τὸν
1751 5426 1938 5496 ἄνδρα,
1974 5425 2117 5488 ὅστις

566 5521 701 5573 ὲστί.
723 5519 836 5572 Καὶ
853 5517 962 5589 γὰρ
991 5517 1085 5569 καὶ
1119 5513 1350 5584 ἀλλαχοῦ
1379 5512 1526 5583 αὐτῷ
1563 5513 1828 5582 μαρτυρεῖ
1854 5509 2078 5580 γράφων
2102 5516 2119 5530 '

566 5601 686 5672 [καὶ
708 5600 925 5672 λέγων],
979 5599 1097 5666 Τὴν·
1143 5599 1212 5650 δὲ
1239 5596 1493 5665 δοκιμὴν
1543 5594 1728 5649 αὑτοῦ
1780 5592 2118 5662 γινώσκετε,

565 5686 656 5739 ὅτι
683 5684 763 5750 ὡς
785 5683 957 5751 πατρὶ
985 5683 1201 5736 τέκνον
1231 5681 1352 5734 σὺν
1387 5678 1515 5748 ἐμοὶ
1555 5678 1920 5731 ἐδούλευσεν
1945 5677 2030 5740 εἰς
2054 5673 2121 5727 τὸ

567 5767 958 5836 Εύατγέλιονο
981 5767 1074 5822 καὶ
1092 5764 1394 5837 Κορινθίοις
1419 5761 1575 5818 πάλιν
1599 5759 1896 5814 ἐπιστέλλει
1924 5758 2116 5828 λέγων,

2229 4579 2509 4644 Ἕπεμψα
2577 4571 2718 4641 ὑμῖν
2776 4569 3068 4636 Τιμόθεον,
3103 4562 3170 4627 ὅς
3205 4559 3352 4644 ἑστίῃ
3391 4575 3510 4644 μου
3558 4557 3791 4614 τέκνον

2221 4641 2527 4728 ἀγαπ-ητὸν
2555 4655 2652 4708 ναὶ
2675 4651 2892 4706 πιστὸν
2905 4648 2974 4702 ἐν
3005 4647 3196 4712 Κυρίῳ
3215 4662 3228 4675 ·
3276 4642 3379 4728 καὶΔ
3417 4641 3595 4728 παλιν,
3628 4645 3794 4698 Βλέ-

2223 4723 2360 4795 nete
2387 4723 2470 4808 μή
2489 4755 2576 4802 τις
2591 4733 2776 4789 αὐτὸν
2797 4728 3167 4795 ἐξουθενήσῃ
3189 4742 3200 4754 ·
3234 4725 3300 4808 τὸ
3319 4723 3428 4808 γὰρ
3450 4724 3624 4808 ἔργον
3641 4807 3644 4808 ν
3657 4729 3792 4780 κυ-

2215 4827 2352 4892 ρίου
2375 4806 2691 4890 ἐργάζεται,
2724 4817 2804 4881 ὡς
2828 4812 3004 4881 κάγὼ.
3036 4812 3144 4865 Καὶ
3171 4807 3441 4876 Ἑϐραίοις
3469 4806 3524 4858 δὲ
3549 4807 3797 4892 γράφων

2223 4891 2392 4972 ἔλεγε,
2433 4901 2766 4956 Γινώσκετε
2797 4897 2903 4950 τὸν
2939 4893 3204 4961 ἀδελφὸν
3250 4892 3524 4972 Τιμόᾷεον
3559 4891 3802 4945 duale-

2223 4971 2488 5057 λυμένον
2513 5001 2526 5012 ·
2582 4984 2675 5035 καὶ.
2724 4979 2924 5048 πολλὴν
2979 4973 3311 5057 πανταχόθεν
3358 4971 3506 5057 εὖροι
3562 4989 3670 5057 τις-
3721 4975 3803 5028 ἂν

2223 5054 2383 5127 αὐτοῦ
2451 5066 2549 5137 τὴν
2588 5064 2830 5132 ἀγάπην.
2875 5059 2984 5113 Καὶ
3029 5057 3099 5110 τὰ
3137 5054 3230 5108 νῦν
3257 5055 3314 5107 δὲ
3355 5054 3618 5124 γενόμενα
3645 5054 3804 5110 Gai)-

2227 5171 2370 5224 ματα
2401 5151 2674 5204 δείκνυσιν
2697 5143 2862 5199 αὑτοῦ
2901 5143 2998 5212 τὴν
3031 5138 3356 5212 παρρησίαν.

2293 5262 2356 5313 Ei
2385 5259 2540 5320 δέτϊς
2583 5253 2848 5322 ἐξετάζοι,
2891 5251 2944 5302 τί
2980 5249 3177 5319 δήποτε
3222 5246 3365 5316 Τίτῳ
3391 5246 3485 5298 καὶ
3528 5245 3809 5323 Τιμοθέῳ

2224 5345 2424 5416 γράφει
2455 5341 2655 5411 μόνοις,
2683 5337 2860 5391 καίτοι
2887 5350 2949 5401 γε
2994 5333 3085 5386 καὶ
3134 5329 3292 5416 Σίλας
3327 5330 3810 5416 τῷν-εὐδοκίμων

2223 5411 2310 5496 ἦν,
2349 5411 2459 5478 -καὶ
2504 5421 2717 5481 Λουκᾶς
2767 5416 2997 5487 ὁμοίως·
3030 5415 3163 5484 φησὶ
3195 5413 3305 5496 γὰρ
3346 5411 3506 5474 αὐτὸς
3529 5412 3804 5481 γράφων,

2226 5495 2333 5566 Kal
2369 5505 2602 5570 Λουκᾶς
2639 5502 2769 5555 ἑστι
2809 5499 2995 5568 μόνος
3019 5498 3145 5566 μετ’
3178 5495 3357 5565 ἐμοῦ]
3407 5497 3503 5550 καὶ
3545 5497 3806 5574 Κλήμης

2225 5595 2280 5647 δὲ
2309 5588 2389 5654 εἷς
2418 5589 2525 5643 τῶν
2555 5586 2819 5639 συνόντων
2846 5580 2992 5651 αὐτῷ
3018 5581 3276 5648 ἐτύγχανε
3303 5594 3318 5609 ⁸
3347 5579 3478 5649 φησὶ
3529 5582 3636 5652 γὰρ
3693 5589 3808 5640 καὶ

2227 5678 2357 5745 περὶ
2383 5668 2570 5730 αὐτοῦ,
2601 5667 2759 5722 Μετὰ
2794 5664 2889 5718 καὶ
2919 5657 3809 5745 ﬁliiysrtogxal213510135».

2229 5741 2533 5824 συννεργῶν
2549 5769 2693 5820 μου·
2727 5751 2866 5812 τίνος
2887 5742 2975 5800 οὖν
3007 5744 3189 5798 ἕνεκεν
3217 5741 3359 5813 Τίτῳ
3402 5744 3489 5798 καὶ
3529 5743 3810 5820 Τιμοθέῳ
