4112 6398
385 320 484 375 ΒΜ
1269 322 1337 379 IN
1374 321 1754 381 EPISTOLAS
1787 326 1879 381 AD
1916 323 2004 381 Tll

2062 324 2201 382 ΠΗ.
2242 324 2754 384 Αιιαωίεκτωι.
3518 325 3622 381 502

376 510 3623 547 mm

862 775 939 836 IN
982 774 1417 836 EPISTOLAS
1464 775 1774 837 I’IIIMAM
1831 775 1936 835 ET
1997 772 2427 837 SECUNDAM
2478 774 2582 834 AD
2627 759 3140 838 TIMOTHEUM.

366 997 603 1046 tractare
648 987 1130 1058 deprehendatur,
1164 986 1365 1056 passim
1412 994 1595 1039 tamen
1638 984 1765 1047 τοὺς
1794 982 2143 1059 πλεονέκτας,
2186 998 2402 1048 avaros,
2433 993 2490 1040 et
2532 1000 2631 1040 eos
2676 986 2773 1056 qui
2818 986 3095 1043 facultatis
3140 986 3401 1058 augenda:
3444 985 3629 1043 studio

366 1094 693 1142 ceterorum
718 1084 862 1139 bona
888 1083 1130 1154 diripere
1160 1082 1501 1153 satagebant,
1525 1079 1745 1151 egregie
1784 1080 1960 1150 carpit
1996 1090 2052 1135 et
2086 1082 2413 1144 insectatur,
2438 1096 2711 1151 nusquam
2736 1082 2901 1136 ﬁnem
2926 1082 3060 1137 facit
3088 1081 3409 1153 impetendi.
3438 1081 3630 1152 Neque

366 1178 535 1233 alium
578 1178 699 1248 ejus
737 1176 1192 1232 commentarium
1238 1175 1505 1245 reperias,
1534 1175 1628 1229 ubi
1666 1174 1796 1229 huic
1829 1174 2135 1229 amovendo
2167 1174 2311 1229 malo
2354 1189 2542 1244 parem
2573 1174 2929 1245 insumpserit
2959 1189 3205 1245 operam.
3239 1175 3396 1232 Unde
3428 1175 3631 1231 inferas

369 1277 577 1341 pestem
622 1270 771 1323 illam
799 1270 1106 1324 manavisse
1152 1268 1206 1322 in
1252 1267 1371 1323 dies
1412 1268 1598 1331 latius,
1630 1269 1941 1337 multosque
1974 1276 2106 1322 tune
2138 1266 2329 1331 fuisse,
2356 1269 2453 1337 qui
2482 1267 2719 1322 aliorum
2764 1268 3055 1338 dispendio
3098 1284 3215 1325 rem
3242 1284 3399 1325 suam
3428 1284 3631 1341 augere

368 1360 678 1425 studerent,
703 1374 984 1428 novosque
1011 1358 1375 1413 insurrexisse
1404 1357 1673 1427 quotidie,
1704 1357 1798 1427 qui
1826 1357 1930 1410 hac
1951 1356 2253 1426 cupiditate
2286 1357 2455 1426 capti,
2485 1357 2541 1412 in
2566 1357 2798 1412 aliorum
2823 1373 2958 1429 Opes
2982 1359 3312 1417 involarent.

439 1457 571 1511 Erat
607 1465 665 1510 et
691 1453 840 1508 aliud
874 1450 1049 1505 morbi
1079 1465 1273 1521 genus,
1314 1450 1460 1520 quod
1494 1457 1625 1504 tunc
1656 1450 1822 1505 latius
1852 1449 2204 1519 grassabatur
2233 1450 2519 1519 magisque
2563 1450 2938 1519 periculosum
2984 1460 3140 1517 erat;
3172 1452 3632 1522 praestigiatorum

369 1547 627 1603 videlicet
649 1556 953 1613 eorumque
977 1540 1072 1611 qui
1104 1542 1214 1611 fato
1248 1549 1305 1595 et
1329 1542 1504 1611 genesi
1537 1541 1721 1595 omnia
1749 1540 2089 1606 tribuebant,
2130 1540 2644 1611 praestigiarumque
2668 1556 2871 1611 genera
2898 1543 3084 1598 omnia
3115 1542 3469 1608 inducebant,
3496 1560 3636 1614 qua-

368 1655 496 1698 rum
531 1636 756 1693 nomina
799 1634 881 1688 sic
919 1632 1010 1687 ille
1041 1641 1290 1687 recenset
1324 1632 1381 1685 in
1408 1631 1516 1685 ﬁne
1545 1630 1784 1685 homilite
1808 1630 2033 1685 decima:
2063 1648 2076 1684 :
2109 1631 2231 1685 Alia
2264 1634 2421 1686 mitto
2452 1632 2643 1703 grandi
2676 1632 2819 1686 luctu
2850 1633 3033 1704 digna,
3065 1635 3316 1705 auguria,
3358 1637 3628 1704 vaticinia,

368 1735 777 1796 observationes,
824 1730 1074 1803 genesim,
1122 1727 1382 1799 symbola,
1430 1726 1708 1797 ligamina,
1745 1727 2114 1790 divinationes,
2157 1728 2568 1792 incantationes,
2615 1729 2877 1798 magicam
2924 1734 3116 1781 artem.
3151 1729 3277 1783 Ilaec
3312 1728 3496 1783 omnia
3528 1727 3632 1783 isto

368 1839 617 1898 tempore
645 1826 785 1881 adeo
813 1823 1327 1895 frequentabantur,
1360 1831 1422 1879 ut
1449 1837 1721 1892 nusquam
1751 1821 1997 1893 reperias
2037 1822 2189 1877 illum
2232 1831 2342 1878 tam
2377 1823 2697 1893 frequenter
2734 1833 2790 1880 et
2818 1823 2997 1878 valide
3024 1824 3281 1879 morbum
3319 1824 3632 1895 hujusmodi

370 1924 749 1977 insectantem.

441 2016 620 2072 Aliam
664 2027 885 2084 quoque
935 2027 1052 2066 rem
1096 2011 1437 2082 aggreditur,
1480 2026 1603 2082 qua:
1646 2020 1779 2067 tunc
1826 2012 2084 2082 serpebat
2132 2012 2190 2067 in
2229 2012 2487 2070 Ecclesiae
2517 2014 2801 2079 damnum,
2830 2012 2975 2083 quod
3022 2028 3219 2084 nempe
3251 2012 3495 2083 virgines
3519 2011 3633 2068 Deo

371 2111 566 2167 dicata:
613 2108 849 2163 vestium
880 2106 1053 2162 cultui
1102 2106 1337 2160 nimium
1375 2106 1682 2172 studerent,
1730 2116 1786 2162 et
1831 2123 1901 2163 ex
1949 2108 2168 2164 incessu
2206 2117 2263 2163 et
2310 2118 2508 2164 ornatu
2553 2109 2691 2164 viris
2735 2110 2955 2179 placere
3004 2115 3293 2179 cuperent.
3328 2106 3471 2173 Quid
3506 2105 3634 2162 inde

373 2208 516 2263 tabis
555 2217 612 2263 et
639 2204 825 2260 damni
853 2216 1201 2258 emersurum
1231 2210 1399 2268 esset,
1432 2210 1550 2256 tum
1595 2203 1712 2273 ipse
1738 2203 1992 2274 pluribus
2019 2204 2390 2274 persequitur,
2419 2214 2537 2259 tum
2579 2203 2745 2259 etiam
2778 2203 2961 2274 quivis
3000 2202 3187 2257 statim
3219 2202 3634 2273 deprehendere

372 2299 567 2371 possit.

444 2394 619 2449 Hasce
646 2389 1072 2447 commentarios
1096 2388 1289 2444 Latine
1320 2397 1671 2445 converterat
1699 2389 1783 2445 vir
1805 2389 2077 2457 eruditus,
2110 2393 2267 2462 cujus
2297 2406 2498 2445 nomen
2532 2390 2803 2460 ignotum,
2839 2398 2895 2444 et
2936 2388 3029 2458 qui
3070 2388 3375 2459 elegantem
3404 2400 3634 2444 accura-

374 2494 595 2555 tamque
629 2482 1137 2555 interpretationem
1180 2480 1451 2535 adornare
1480 2482 1771 2552 potuisset,
1806 2481 1912 2536 nisi
1943 2483 1999 2536 in
2031 2485 2276 2538 animum
2311 2482 2618 2537 induxisset
2649 2482 2835 2537 omnia
2864 2482 2933 2537 ad
2975 2490 3169 2537 nutum
3203 2495 3364 2537 suum
3395 2488 3631 2548 mutare,

378 2578 581 2648 ﬁguras
609 2584 666 2631 et
700 2586 885 2646 trepos
914 2571 1336 2644 praetermittere
1357 2612 1372 2637 ,
1414 2580 1472 2627 et
1500 2572 1739 2625 auctoris
1771 2573 2055 2627 sententiae
2085 2572 2177 2627 illa
2206 2573 2445 2644 adjicere
2475 2586 2574 2641 pro
2618 2571 2818 2637 lubito,
2849 2586 2971 2642 quae
2999 2571 3104 2627 sibi
3132 2570 3305 2643 magis
3331 2570 3632 2643 placerent.

379 2668 489 2724 Ilac
520 2669 689 2739 igitur
718 2667 885 2722 missa
920 2664 1393 2736 interpretatione,
1432 2677 1628 2719 novam
1661 2663 1995 2735 paravimus.

378 2955 3632 3012 Μ

1270 2989 1855 3000 ᾑ-ῌκ

1362 3180 1738 3254 SANCTI
1778 3178 2164 3252 PATRIS
2205 3179 2594 3253 NOSTBI

786 3349 1632 3499 JOANNIS
1701 3345 3240 3514 CHRYSOSTOMI,

1192 3576 1796 3640 ARCHIEPISCOPI
1852 3574 2822 3650 CONSTA‘NTINOPOLITANI,

936 3728 1002 3785 IN
1039 3723 1423 3784 EPISTOLAM
1460 3722 1727 3780 PRIMAM
1764 3723 1857 3778 ΔΙ)
1896 3721 2302 3778 TIMOTIIEUM
2340 3719 2879 3780 COMMENTARIUS
2914 3720 3019 3791 (η).

1932 3858 2091 3915 Em

1736 4009 2319 4072 ARGUMENTUM.

2065 4154 2241 4225 ipsum
2272 4153 2492 4211 aﬁ‘ectus
2514 4154 2582 4210 ad
2611 4122 2948 4210 indicandum
2975 4161 3205 4224 quantus
3227 4153 3309 4208 vir
3331 4161 3493 4210 esset.
3514 4152 3647 4209 Natu

2097 3878 2423 3902 ~—

445 4175 527 4230 Es
558 4184 781 4228 numero
803 4164 1183 4236 discipulorum
1203 4156 1447 4233 Apostoli
1466 4163 1585 4213 erat
1614 4153 1954 4221 Timotheus,

373 4283 534 4338 quem
565 4262 879 4320 testiﬁcatur
910 4259 1086 4314 Lucas
1126 4252 1427 4311 mirabilem
1466 4250 1635 4306 fuisse
1679 4248 1955 4319 juvenem,

377 4356 696 4414 testimoniis
724 4366 909 4407 eorum
947 4350 1039 4420 qui
1064 4346 1274 4419 Lystris
1300 4352 1359 4399 et
1382 4339 1547 4398 Iconii
1575 4348 1732 4396 erant
1755 4340 1955 4409 proba-

376 4461 489 4505 tum
518 4448 657 4515 (Act.
690 4444 778 4500 16.
806 4442 887 4514 2),
911 4442 1001 4511 qui
1026 4437 1184 4494 simul
1212 4436 1312 4490 fuit
1335 4432 1635 4503 discipulus
1665 4439 1722 4486 et
1744 4431 1953 4498 doctor,

378 4549 629 4609 tantaque
669 4534 951 4607 prudentia
990 4539 1150 4601 atque
1178 4526 1458 4598 sapientia,
1491 4532 1551 4579 ut
1591 4538 1716 4578 cum
1744 4521 1956 4577 audiret

378 4632 601 4687 Paulum
644 4628 809 4683 missa
848 4621 1257 4680 circumcisione
1304 4616 1704 4688 praedicantem,
1736 4613 1956 4669 didicis-

378 4731 565 4793 setque
610 4720 762 4775 illum
802 4731 867 4772 ea
907 4714 977 4770 de
1003 4728 1161 4769 causa
1204 4710 1364 4765 Petro
1400 4707 1694 4773 obstitisse,
1735 4706 1956 4775 eligeret

379 4832 485 4872 non
516 4813 679 4870 modo
716 4819 903 4865 contra
948 4807 1096 4863 illam
1140 4818 1249 4859 non
1294 4800 1608 4873 praedicare,
1656 4797 1757 4854 sed
1794 4798 1956 4853 etiam

377 4908 524 4961 illam
570 4902 681 4974 pati
711 4918 726 4955 ;
754 4880 1090 4955 circumcidit
1136 4894 1281 4950 enim
1326 4892 1477 4946 illum
1535 4887 1697 4956 (Ibid.
1738 4901 1789 4943 υ.
1837 4886 1953 4959 23),

380 4998 571 5070 inquit,
605 4997 657 5051 iu
682 4989 946 5065 ejusmodi
974 4996 1166 5051 aetate;
1196 4985 1379 5054 sicque
1406 4981 1483 5037 illi
1511 4988 1683 5035 totum
1713 4978 1955 5033 ministe-

378 5093 517 5148 rium
564 5086 783 5144 tradidit
824 5082 922 5155 (b).
963 5080 1106 5137 Satis
1150 5085 1299 5133 certe
1343 5083 1457 5131 erat
1501 5072 1591 5128 ille
1632 5070 1783 5126 Pauli
1830 5084 1955 5141 erga

408 5228 482 5292 (α)
501 5224 695 5279 Com
717 5227 831 5292 εξιηι
852 5220 930 5292 hs
952 5212 1165 5292 comica
1188 5225 1303 5292 ΨΒ
1320 5203 1949 5292 amatamam-

503 5262 695 5339 ‘éi'aiﬁ
712 5262 1179 5347 altero—Eolbertinq
1193 5262 1325 5324 num.
1453 5267 1841 5347 Δεξὶὲξξᾳξιξξξιιθιιι
1856 5262 1956 5313 Mo-

377 5335 646 5401 relliaitatit.
668 5347 857 5420 Neuter
880 5342 1044 5415 Qodex
1068 5337 1296 5411 adﬁnem
1317 5344 1474 5443 usage
1496 5335 1753 5413 pertingit.
1824 5387 1835 5397 .

434 5414 508 5443 rm
537 5410 673 5443 (\nmI
698 5409 774 5443 hm
796 5408 859 5443 {In
875 5399 1368 5443 mrmimmsmnedimt
1448 5398 1758 5443 nsostomus,
1774 5385 1954 5443 ahquid

434 5398 676 5476 (biQuod
698 5409 775 5457 hic
796 5408 860 5455 de
875 5398 1758 5475 circumcisionedicitChrysostomus,
1774 5398 1954 5498 angnia

434 5473 685 5512 ιςοιιι-ίιειιὶς
708 5470 856 5512 habet
873 5501 890 5512 .
913 5472 965 5512 et
987 5478 1061 5512 sne
1085 5469 1164 5511 est
1194 5455 1565 5512 intelligendum
1586 5465 1600 5500 :
1626 5451 1713 5501 Illa
1746 5463 1833 5512 pru
1868 5463 1956 5512 ett-

376 5468 685 5523 obscuri—uitis
708 5470 890 5526 habet,
913 5472 965 5515 et
987 5468 1061 5513 sic
1085 5469 1164 5511 est
1194 5468 1565 5518 intemgenuum
1586 5468 1600 5500 :
1626 5468 1713 5501 tua
1746 5468 1954 5522 pruuen-

378 5537 443 5587 tis
464 5544 569 5585 erat
582 5531 887 5587 Timotheus,
905 5532 961 5576 ut
980 5526 1101 5576 licet
1121 5523 1311 5572 videret
1334 5514 1534 5587 Paulum
1549 5528 1658 5586 cum
1682 5511 1954 5587 Par-opis:-

629 5571 967 5656 'éii'ciinsci‘hié
982 5571 1199 5650 cogeret
1237 5586 1418 5656 gentes
1444 5576 1723 5656 indagare:
1750 5571 1954 5656 fatiget

400 5635 1126 5709 λῖἶιῖἶξέὶιῗξυιῖιὲἷῶοῆὲὶιιῖὥίι
1166 5635 1420 5709 probaret;
1445 5635 1527 5709 ἠς
1551 5645 1713 5709 tamen
1744 5635 1900 5685 Judaei
1925 5649 1952 5683 a

374 5699 642 5773 iit—tristiam
652 5699 907 5776 religione
930 5699 1293 5768 averterentur,
1313 5699 1473 5768 ipse,a
1493 5699 1677 5754 iudicis
1732 5711 1822 5763 per
1844 5711 1947 5750 ma-

692 5793 964 5854 ΡΑτιιοι..
1011 5791 1127 5851 Gn.
1180 5787 1368 5847 LXII.

2064 4248 2191 4304 alibi
2221 4263 2433 4319 quoque
2470 4248 2540 4304 de
2584 4249 2675 4303 illo
2706 4246 3025 4303 testiﬁcatur
3068 4246 3313 4301 scribens
3337 4256 3391 4301 et
3415 4246 3599 4301 dicens
3628 4263 3645 4303 :

2064 4337 2484 4410 Experimentum
2519 4350 2691 4395 autem
2729 4340 2841 4410 ejus
2866 4339 3191 4409 cognoscitis,
3233 4338 3472 4409 quoniant
3516 4347 3650 4391 tam-

2060 4450 2212 4505 quam
2239 4434 2374 4504 patri
2402 4432 2541 4502 ﬁlius
2566 4448 2763 4487 mecum
2787 4433 2987 4487 servivit
3011 4432 3066 4486 in
3091 4431 3349 4502 evangelio
3380 4429 3644 4501 (Philipp.

2060 4526 2114 4579 2.
2143 4526 2237 4592 2?.)
2265 4543 2280 4592 ;
2310 4536 2362 4580 et
2384 4524 2678 4581 Corinthiis
2701 4538 2892 4579 rursus
2917 4523 3163 4580 scribens
3183 4522 3334 4586 dicit,
3364 4521 3489 4577 Misi
3509 4520 3649 4575 vobis

2062 4614 2401 4679 Timotheum,
2425 4614 2511 4685 qui
2536 4623 2609 4670 est
2635 4615 2775 4684 ﬁlius
2805 4630 2944 4668 meus
2990 4613 3290 4668 carissimus
3330 4621 3377 4667 et
3403 4613 3568 4681 ﬁdelis
3592 4612 3649 4667 in

2061 4704 2329 4770 Domino;
2358 4714 2412 4760 et
2452 4706 2670 4770 iterum,
2706 4703 2885 4759 Videte
2924 4720 2986 4757 ne
3018 4703 3130 4771 quis
3163 4720 3277 4757 eum
3314 4713 3602 4757 contemnat
3630 4725 3649 4757 .-

2063 4812 2196 4867 Opus
2227 4798 2360 4851 enim
2395 4795 2604 4851 Domini
2633 4806 2895 4868 operatur,
2927 4796 3057 4851 sicut
3105 4806 3153 4850 et
3197 4812 3288 4867 ego
3332 4794 3410 4867 (Ι.
3441 4795 3558 4851 t'or.
3589 4796 3646 4853 ι.

2064 4891 2151 4945 17.
2189 4899 2238 4945 et
2284 4889 2372 4945 16.
2420 4889 2508 4946 10.
2559 4890 2671 4963 11).
2708 4889 2952 4945 Hebraeis
2990 4903 3205 4960 quoque
3247 4888 3493 4945 scribens
3524 4888 3645 4943 ait:

2063 4984 2360 5055 Cognoscite
2402 4986 2613 5053 fratrem
2655 4979 2971 5035 Timotheum
3013 4981 3276 5036 dimissum
3317 4979 3505 5050 (Hebr.
3555 4979 3646 5037 13.

2062 5075 2196 5148 25);
2244 5074 2573 5145 multamque
2610 5072 2727 5143 ejus
2762 5072 3104 5127 dilectionem
3145 5071 3343 5142 passim
3385 5068 3646 5139 reperias.

2065 5168 2247 5239 anue
2271 5167 2432 5222 etiam
2460 5180 2580 5236 quae
2604 5156 2747 5219 nunc
2769 5162 2903 5217 ﬁunt
2930 5162 3213 5230 miracula,
3244 5160 3361 5232 ejus
3393 5159 3647 5214 ﬁduciam

2064 5268 2120 5316 et
2143 5260 2396 5314 virtutem
2426 5256 2743 5312 annuntiant
2772 5251 2876 5326 (α).

2134 5350 2238 5406 Cur
2264 5348 2525 5403 Timotheo
2550 5358 2597 5403 et
2625 5345 2740 5402 Tito
2766 5354 2963 5401 tantum
2989 5344 3175 5401 scribat
3200 5340 3441 5407 Paulus;
3467 5350 3515 5397 et
3543 5357 3646 5397 non

2063 5515 2191 5558 trem
2211 5511 2370 5554 ortum
2393 5503 2656 5558 habens,se
2674 5498 2947 5551 circumcidi
2970 5509 3142 5562 passus
3163 5494 3504 5562 est.__Ejusque
3527 5505 3647 5544 seu-

2062 5555 2265 5635 tentiam
2291 5555 2590 5635 probavit-BL
2609 5563 2895 5635 Paulus_qui

2125 5631 2198 5693 (α)
2223 5619 2303 5693 De'
2322 5626 2762 5693 miraculisossium
2782 5619 3421 5693 [imotheividqhmniliam

2060 5681 2372 5756 ad‘populum
2394 5689 2768 5750 Antiochenam,
2788 5686 2927 5738 Tom.
2945 5684 2997 5747 2,
3019 5681 3112 5734 col.
3132 5682 3276 5827 18.32

3443 5616 3649 5681 primam
