4114 6396
484 268 592 326 505

484 384 602 439 aliis
644 374 1091 451 discipulis.—Si
1132 373 1252 445 quis
1294 387 1422 443 ergo
1467 376 1671 441 quzerat
1713 380 1808 421 cur
1848 364 1971 419 Tito
2013 370 2068 417 et

484 469 1018 531 Timotheo'tantum
1060 465 1280 531 scribat,
1329 460 1543 517 etiamsi
1572 458 1708 514 Silas
1747 457 1887 510 inter
1931 467 2063 524 pro-

488 568 639 621 batos
680 573 735 619 et
789 562 987 616 virtute
1028 556 1285 627 prieditos
1332 561 1500 616 esset,
1556 548 1910 617 similiterque
1955 543 2067 597 Lu-

484 674 618 724 cas;
650 657 727 710 ait
766 654 964 726 quippe
1009 651 1120 717 ille,
1165 647 1233 702 Et
1264 645 1430 700 Lucas
1474 652 1547 697 est
1591 656 1789 694 mecum
1824 637 1962 692 solus
1988 636 2065 704 (2.

486 750 625 804 Tim.
651 748 706 802 1.
738 744 832 816 11)
861 761 875 797 :
904 742 1154 798 Clemens
1181 751 1393 808 quoque
1428 751 1495 789 ex
1540 745 1766 787 numero
1801 729 2069 783 sociorum

488 842 659 913 ipsius
685 830 838 901 erat;
875 835 943 890 de
981 833 1075 887 illo
1117 844 1345 899 namque
1374 826 1523 888 dicit,
1562 822 1691 879 Cum
1730 819 1981 874 Clemente
2022 827 2070 872 et

486 933 683 988 cwteris
727 926 1045 999 adjutoribus
1088 923 1212 976 meis
1260 920 1517 994 (Philipp.
1571 918 1625 970 4.
1672 915 1730 985 5)
1762 930 1777 967 :
1809 928 1904 967 cur
1942 926 2071 981 ergo

490 1026 613 1080 Tito
644 1032 700 1078 et
723 1018 1008 1076 Timotheo
1036 1026 1243 1070 tantum
1269 1012 1455 1068 scribit
1474 1012 1497 1062 ’ἔ
1516 1008 1651 1077 Quia
1684 1006 1767 1060 his
1801 1003 2071 1058 Ecclesias

484 1117 597 1186 jam
624 1110 888 1183 regendas
915 1106 1157 1173 dederat,
1187 1105 1306 1159 illos
1346 1110 1525 1156 autem
1556 1096 1732 1152 adhuc
1759 1108 1944 1150 secum
1968 1092 2074 1147 cir-

490 1204 847 1264 cumducebat
874 1219 887 1256 :
917 1200 1001 1255 his
1032 1198 1145 1255 loca
1172 1194 1415 1267 quaadam
1444 1191 1732 1261 conspicua
1759 1188 2070 1257 assignave-

490 1312 593 1359 rat.
626 1300 799 1355 Tanta
827 1296 969 1351 enim
998 1301 1115 1349 erat
1140 1287 1459 1346 Timotheus
1485 1286 1681 1340 virtute
1708 1280 1987 1353 praeditus,
2014 1286 2074 1333 ut

492 1392 623 1447 nihil
649 1390 901 1460 juventus
920 1383 1226 1455 impediret.
1246 1378 1373 1435 Ideo
1394 1375 1581 1433 scribit
1610 1374 1723 1441 ille,
1758 1371 1923 1426 Nemo
1944 1369 2073 1423 ado-

491 1480 783 1536 lescentiam
828 1485 970 1530 tuam
1011 1479 1341 1533 contemnat;
1390 1467 1469 1541 [et
1506 1480 1743 1529 rursum,
1770 1462 2074 1517 Adolescen-

492 1574 627 1626 tulas
662 1580 920 1635 tamquam
946 1579 1144 1621 sorores
1166 1562 1243 1632 (1.
1274 1559 1407 1615 Tim.
1438 1558 1496 1613 4.
1531 1555 1619 1611 12.
1650 1567 1697 1610 et
1720 1554 1774 1609 5.
1801 1551 1905 1625 2)].
1934 1550 2074 1605 Cum

492 1664 647 1717 adest
689 1660 834 1716 enim
863 1658 1053 1721 virtus,
1094 1652 1276 1709 omnia
1322 1646 1781 1720 superabundant,
1836 1642 2077 1711 nihilque

494 1751 882 1823 impedimento
907 1755 1011 1802 est.
1042 1744 1257 1800 Etenim
1287 1756 1433 1812 saepe
1459 1739 1530 1795 de
1557 1736 1825 1808 episcopis
1850 1735 2077 1804 loquens

493 1861 556 1900 ac
582 1844 648 1900 de
667 1843 771 1899 illis
792 1838 1020 1914 plurima
1037 1833 1336 1910 proferens,
1359 1845 1622 1903 nusquam
1644 1828 1714 1884 de
1736 1835 1895 1884 aetate
1919 1825 2073 1897 plura

496 1956 2746 1997 Ν

1226 256 1285 313 S.
1323 251 1601 313 JOANNIS
1634 244 2114 309 CHRYSOSTOMI
2151 243 2467 302 ARCHIEP.
2508 239 3045 300 CONSTANTINOP.

3648 242 3757 303 ωε

2175 360 2531 431 persequitur.
2563 358 2717 426 Quod
2755 360 2800 413 si
2840 357 3125 415 scribendo
3149 356 3312 426 dicat,
3343 356 3510 413 Filios
3556 359 3752 417 haben-

2176 462 2273 505 tem
2303 451 2566 515 subditos;
2595 459 2667 513 et,
2705 449 2869 506 Unius
2904 450 3081 504 uxoris
3118 449 3281 503 virum
3310 450 3386 521 (1.
3426 449 3563 505 Tim.
3608 451 3665 508 5.
3692 454 3749 509 ὖ.

2174 541 2256 610 2),
2289 557 2393 596 non
2422 541 2524 597 hoc
2552 541 2685 597 dicit
2723 542 2875 611 quasi
2917 556 3139 596 necesse
3167 541 3238 596 sit
3277 542 3427 597 illum
3447 551 3504 599 et
3529 559 3757 600 uxorem

2176 642 2232 688 et
2259 633 2398 688 ﬁlios
2426 632 2626 688 habere
2653 648 2668 700 ;
2696 633 2791 689 sed
2818 641 2877 687 ut
2901 633 2947 687 si
2976 633 3261 703 contigerit
3300 648 3368 689 ex
3408 635 3759 691 saecularibus

2176 728 2481 796 quempiam
2521 726 2588 780 ad
2633 726 2735 781 hoc
2775 741 2969 780 munus
3008 726 3186 790 evehi,
3234 736 3292 780 ut
3337 726 3468 781 tales
3517 727 3623 781 sint
3665 728 3760 797 qui

2178 818 2349 872 sciant
2372 828 2425 872 et
2447 818 2627 871 domui
2657 832 2887 886 praeesse
2912 827 2966 870 et
2994 816 3116 872 filiis
3159 826 3214 870 et
3244 818 3456 872 czrteris
3484 818 3757 874 omnibus.

2178 909 2309 963 Nam
2334 910 2377 963 si
2406 908 2674 964 smcularis
2696 923 2816 963 cum
2834 909 2923 974 sit,
2953 909 3004 961 in
3033 908 3116 963 his
3134 908 3291 963 rebus
3321 909 3466 964 utilis
3480 918 3535 963 et
3559 924 3760 979 oppor-

2180 1009 2340 1054 tunus
2358 1016 2462 1056 non
2482 999 2664 1065 fuerit,
2693 999 2963 1070 quomodo
2988 1000 3064 1054 illi
3084 1000 3341 1055 Ecclesiae
3368 1016 3493 1055 cura
3514 1002 3757 1057 commit-

2180 1092 2364 1147 tatur?
2405 1092 2513 1147 Cur
2550 1103 2727 1148 autem
2756 1093 3038 1163 epistolam
3085 1093 3329 1148 mittebat
3356 1093 3638 1164 discipulo,
3668 1097 3756 1150 cui

2175 1184 2286 1254 jam
2313 1183 2540 1240 docendi
2566 1199 2758 1239 munus
2783 1184 3033 1240 traditum
3052 1184 3260 1240 fuerat?
3288 1200 3465 1241 nonne
3478 1186 3760 1256 oportebat

2181 1276 2353 1347 primo
2389 1276 2537 1330 illum
2563 1276 2795 1345 perfecte
2826 1276 3123 1341 instituere,
3152 1290 3215 1330 ac
3243 1276 3436 1332 deinde
3464 1277 3610 1332 illum
3634 1282 3756 1332 mit-

2182 1366 2338 1423 tere?
2369 1369 2441 1422 At
2468 1367 2558 1423 ille
2586 1367 2829 1423 doctrina
2856 1383 2991 1439 opus
3035 1368 3264 1424 habebat
3289 1385 3395 1424 non
3417 1370 3627 1435 eadem,
3651 1387 3757 1441 qua

2179 1458 2450 1529 discipuli,
2477 1458 2570 1513 scd
2592 1473 2653 1513 ea
2678 1474 2798 1529 quae
2822 1459 3028 1515 doctori
3055 1468 3393 1530 congrueret.
3436 1460 3571 1516 Vide
3600 1463 3760 1531 igitur

2182 1551 2330 1606 illum
2374 1566 2469 1621 per
2494 1558 2662 1606 totam
2701 1552 2981 1621 epistolam
3021 1552 3228 1607 doctori
3257 1564 3634 1624 congruentem
3662 1554 3759 1608 do-

2182 1643 2409 1697 ctrinam
2450 1640 2779 1698 eiferentem.
2810 1643 3109 1715 Statimque
3140 1644 3207 1699 ab
3236 1646 3457 1700 exordio
3477 1661 3583 1701 non
3607 1644 3757 1708 dicit,

2182 1732 2261 1788 Ne
2285 1733 2532 1788 attendas
2556 1733 2619 1789 iis
2652 1734 2741 1803 qui
2771 1735 2927 1790 aliter
2948 1735 3183 1803 docent;
3214 1737 3310 1792 sed
3351 1737 3517 1808 quid?
3564 1737 3632 1794 Ut
3658 1740 3762 1794 illis

2184 1825 2509 1880 denuntiares
2539 1842 2602 1879 ne
2628 1826 2839 1881 doceant
2867 1828 3015 1882 aliter
3042 1830 3120 1900 (1.
3152 1829 3284 1884 Tim.
3318 1832 3373 1887 1.
3396 1829 3477 1904 5).

2761 1956 3767 1982 _I_-——-———————

1872 2033 2222 2097 HOMILIA
2262 2036 2314 2097 Ι.

498 2206 626 2261 CAP.
657 2203 707 2257 1.
736 2217 789 2256 v.
823 2202 875 2255 1.
907 2198 1107 2252 Paulus
1132 2191 1393 2264 apostolus
1417 2187 1545 2244 Iesu
1578 2184 1766 2243 Christi
1804 2182 2080 2237 secundum

566 2294 835 2366 imperium
882 2289 979 2343 Dei
1020 2284 1306 2344 Saluatoris
1350 2279 1545 2347 nostri,
1598 2286 1644 2333 et
1692 2274 1904 2329 Domini
1954 2271 2080 2327 Iesu

574 2386 783 2449 Christi,
828 2383 936 2454 spei
964 2389 1170 2442 nostraz,
1196 2377 1252 2432 2.
1287 2374 1547 2430 Timotheo
1585 2369 1848 2424 carissimo
1879 2367 1987 2436 ﬁlio
2026 2366 2082 2419 in

567 2480 690 2549 ﬁde.
731 2476 914 2548 gratia,
960 2470 1329 2534 misericordia,
1380 2482 1483 2538 pax
1509 2481 1542 2518 a
1573 2463 1678 2518 Deo
1713 2461 1870 2516 Patre
1911 2468 2081 2513 nostro

570 2581 616 2625 et
643 2569 846 2626 Christo
874 2565 1001 2619 Iesu
1028 2562 1250 2617 Domino
1291 2569 1480 2613 nostra.

570 2664 621 2716 1.
665 2657 898 2730 Apostoli
936 2655 1156 2725 dignitas
1193 2647 1684 2722 quantm—Magna
1715 2652 1830 2698 erat
1857 2638 2081 2710 apostoli

500 2753 750 2822 dignitas,
798 2762 987 2818 magna
1029 2754 1084 2801 et
1129 2741 1430 2806 mirabilis;
1489 2748 1545 2794 et
1588 2736 1786 2805 ubique
1838 2734 2083 2787 videmus

494 2843 723 2904 Paulum
766 2838 1037 2910 dignitatis
1080 2847 1270 2890 causas
1316 2829 1752 2902 prmmittentetn,
1785 2840 1890 2879 non
1929 2824 2083 2894 quasi

505 2942 726 3004 usurpet
754 2934 1034 2995 honorem,
1066 2926 1161 2983 sed
1190 2926 1339 2996 quasi
1380 2922 1482 2979 sibi
1512 2920 1791 2983 traditum,
1819 2926 1874 2973 et
1902 2916 1954 2971 id
1984 2930 2082 2970 ne-

503 3026 739 3082 cessario
785 3032 1054 3093 agentem.
1106 3018 1317 3073 Etenim
1366 3028 1489 3069 cum
1541 3026 1600 3067 se
1651 3011 1780 3065 dicit
1833 3016 2083 3063 vocatum

504 3118 678 3190 (Rom.
728 3117 779 3170 1.
812 3114 889 3186 1),
921 3123 974 3168 et
1018 3126 1138 3165 cum
1169 3108 1320 3172 dicit,
1374 3105 1476 3160 Per
1513 3104 1816 3157 voluntatem
1864 3099 1997 3163 Dei;
2031 3106 2087 3153 et

506 3222 692 3263 rursus
720 3205 868 3272 alibi,
897 3203 1187 3257 Necessitas
1208 3198 1331 3251 mihi
1357 3196 1599 3250 incumbit
1630 3192 1704 3264 (1.
1735 3192 1852 3248 Cor.
1877 3192 1929 3246 1.
1963 3191 2014 3244 1.
2038 3199 2086 3243 et

506 3304 560 3359 9.
583 3302 673 3372 16)
696 3320 711 3367 ;
732 3313 959 3369 cumque
975 3296 1123 3360 dicit,
1151 3293 1220 3348 In
1240 3294 1333 3347 hoc
1349 3298 1638 3362 segregatus
1661 3304 1773 3341 sum
1792 3305 1809 3341 .'
1834 3288 1947 3340 haec
1964 3299 2085 3338 om-

507 3396 591 3449 nia
640 3392 986 3446 ambitionem
1030 3401 1243 3442 omnem
1281 3393 1336 3438 et
1380 3380 1743 3452 arrogantiam
1786 3377 2083 3434 eliminant.

507 3489 576 3544 Ut
601 3486 744 3543 enim
775 3486 819 3539 is
844 3482 933 3555 qui
961 3496 1068 3536 non
1096 3480 1275 3533 datum
1306 3476 1407 3532 sibi
1432 3490 1462 3529 a
1495 3476 1605 3529 Deo
1633 3473 1893 3527 honorem
1933 3470 2085 3524 inva-

504 3582 604 3645 dit,
638 3586 894 3633 extremae
923 3585 1006 3630 est
1032 3573 1201 3642 culpae
1236 3580 1290 3625 et
1328 3566 1735 3639 reprehensioni
1778 3564 2084 3619 obnoxius:

509 3676 579 3728 ita
606 3672 697 3742 qui
725 3671 959 3726 oblatum
988 3666 1211 3736 depellit
1241 3673 1295 3719 et
1321 3663 1509 3727 resilit,
1555 3661 1713 3715 aliam
1740 3667 1794 3713 et
1819 3658 2087 3712 diversam

508 3767 717 3833 culpam
737 3759 1023 3823 contrahit,
1047 3755 1465 3825 inobsequentize
1477 3765 1670 3821 nempe
1684 3760 1739 3805 et
1752 3747 2083 3804 rebellionis.

509 3858 623 3913 lloc
637 3859 811 3924 itaque
822 3867 963 3907 nunc
979 3864 1190 3921 quoque
1209 3849 1262 3902 in
1282 3845 1538 3917 principio
1561 3844 1814 3912 Epistolze
1826 3840 1890 3895 ad
1907 3840 2089 3895 Timo-

510 3948 691 4002 theum
722 3944 914 3998 Paulus
940 3941 1023 3996 his
1053 3938 1229 3994 verbis
1266 3934 1521 4007 exprimit
1550 3952 1563 3988 :
1600 3932 1798 3986 Paulus
1825 3930 2089 4002 apostolus

509 4040 635 4093 Iesu
671 4036 859 4091 Christi
887 4032 1165 4088 secundum
1199 4028 1466 4098 imperium
1498 4024 1612 4078 Dei.
1656 4023 1773 4077 Non
1815 4022 1950 4077 dixit
1980 4020 2087 4086 hic,

510 4128 708 4184 Paulus
736 4134 978 4187 vocatus,
1008 4120 1125 4187 sed,
1175 4118 1469 4175 Secundum
1510 4115 1795 4185 imperium.
1848 4112 1980 4166 Nam
2024 4126 2093 4167 ne

512 4221 801 4275 humanum
854 4214 979 4286 quid
1033 4220 1305 4283 pateretur
1366 4204 1720 4271 Timotheus,
1776 4210 2092 4273 putaretque

512 4312 661 4366 illum
709 4324 766 4363 se
802 4305 1022 4376 perinde
1062 4301 1261 4371 alloqui
1303 4307 1465 4368 atque
1493 4303 1718 4351 caeteros
1759 4292 2091 4362 discipulos;

512 4402 636 4456 ideo
662 4399 740 4454 sic
768 4398 949 4467 coepit.
987 4394 1216 4451 Ubinam
1245 4389 1532 4461 imperavit
1562 4388 1663 4442 hoc
1692 4387 1765 4440 illi
1797 4384 1973 4439 Deus?
2001 4383 2091 4438 ln-

512 4492 724 4547 venitur
748 4490 980 4559 Spiritus
1008 4494 1224 4541 sanctus
1269 4482 1454 4537 dicens
1483 4481 1537 4535 in
1564 4478 1785 4534 Actibus
1825 4477 2096 4546 apostolo-

514 4600 654 4650 rum,
688 4583 958 4652 Segregatc
992 4579 1118 4632 mihi
1153 4574 1378 4630 Paulum
1407 4582 1454 4628 et
1492 4571 1782 4626 Barnabam
1820 4570 1957 4640 (Act.
2001 4570 2092 4625 15.

513 4679 573 4749 2)
605 4697 616 4731 :
648 4686 701 4731 et
743 4677 937 4745 ubique
980 4673 1070 4728 ille
1099 4671 1341 4727 scribens
1380 4664 1605 4737 apostoli
1649 4677 1845 4733 nomen
1888 4660 2092 4730 adjicit,

514 4768 813 4825 auditorem
860 4764 1134 4830 erudiens,
1182 4774 1292 4816 non
1338 4758 1567 4813 humana
1598 4769 1719 4810 esse
1748 4769 1866 4824 quae
1904 4752 2095 4806 dicun-

516 4873 604 4918 tur
636 4878 649 4915 :
680 4874 801 4913 nam
826 4855 1103 4927 apostolus
1128 4853 1257 4907 nihil
1284 4866 1349 4907 ex
1380 4865 1440 4905 se
1466 4846 1695 4906 dixerit;
1721 4853 1917 4899 etcum
1940 4841 2094 4907 dixit,

518 4953 811 5025 Apostolus,
856 4948 1038 5005 statim
1076 4945 1337 5000 auditoris
1366 4950 1600 4996 mentem
1644 4937 1710 4991 ad
1752 4951 1873 4991 eum
1914 4931 2004 5003 qui
2038 4948 2099 4988 se

518 5044 686 5110 misit,
719 5038 959 5097 remittit.
989 5037 1114 5093 ldeo
1137 5036 1189 5090 in
1215 5032 1462 5089 omnibus
1487 5029 1727 5100 epistolis
1762 5027 1864 5080 hoc
1892 5038 2101 5095 priapo-

519 5142 619 5205 nit,
649 5138 751 5192 fide
775 5134 991 5205 dignum
1015 5129 1250 5187 reddens
1276 5139 1577 5182 sermonem
1606 5135 1668 5175 ac
1693 5121 1878 5175 dicens
1908 5135 1921 5170 :
1952 5117 2100 5171 Pau-

521 5236 601 5286 tus
641 5228 901 5299 apostolus
946 5224 1071 5278 Iesu
1121 5220 1311 5278 Christi
1353 5217 1627 5272 secundum
1678 5212 1948 5282 imperium
2000 5206 2101 5262 Dei

523 5320 806 5378 Saluatoris
850 5316 1027 5371 nostri.
1057 5312 1218 5382 Atqui
1258 5311 1414 5366 Pater
1440 5321 1701 5378 nusquam
1731 5306 1804 5360 illi
1835 5304 2101 5373 imperare

520 5410 962 5483 deprehenditur,
1008 5406 1103 5462 sed
1143 5402 1338 5473 ubique
1377 5400 1625 5456 Christus
1666 5398 1838 5467 ipsum
1876 5393 2105 5463 alloqui-

526 5515 655 5585 tur;
686 5502 813 5573 quid
842 5502 984 5556 enim
1016 5498 1180 5553 dicit?
1218 5494 1377 5557 Vade,
1406 5493 1521 5560 quia
1540 5508 1632 5561 ego
1658 5489 1726 5543 ad
1758 5497 1930 5569 gentes
1957 5485 2105 5555 longe

524 5570 719 5650 mitiam
747 5605 831 5659 te;
858 5602 912 5648 et
937 5604 1142 5657 rursus,
1174 5587 1363 5642 Cwsari
1390 5594 1435 5637 te
1473 5590 1671 5653 aportet
1699 5564 1811 5634 sisti
1837 5578 1970 5651 (Act.
1998 5574 2096 5629 22.

524 5689 618 5745 21.
646 5700 691 5743 et
724 5689 815 5743 27.
855 5687 968 5755 24).
1009 5684 1112 5742 Sed
1143 5693 1489 5754 quaecumque
1529 5675 1693 5731 Filius
1724 5670 2098 5744 imperaverit,

2185 2200 2249 2240 ea
2278 2186 2393 2254 ipsa
2434 2184 2605 2240 Patris
2645 2180 2905 2257 praecepta
2941 2202 3061 2243 esse
3101 2187 3273 2244 dicit:
3302 2189 3443 2245 sicut
3466 2198 3522 2245 et
3545 2205 3605 2246 ea
3632 2205 3754 2261 qua:

2186 2277 2416 2346 Spiritus
2457 2276 2605 2341 dicit,
2652 2276 2772 2332 Filii
2820 2288 2964 2333 sunt.
3009 2278 3150 2335 Ecce
3187 2280 3331 2334 enim
3373 2280 3569 2335 missus
3610 2289 3691 2335 est
3733 2296 3767 2335 a

2187 2368 2410 2438 Spiritu,
2454 2379 2766 2439 segregatus
2795 2379 2877 2425 est
2905 2386 2935 2425 a
2973 2369 3195 2440 Spiritu,
3221 2371 3458 2442 dicitque
3483 2372 3767 2441 imperium

2187 2474 2306 2514 esse
2349 2460 2466 2514 Dei.
2494 2459 2630 2527 Quid
2666 2459 2833 2530 ergo?
2860 2478 2987 2516 num
3030 2462 3149 2516 Filii
3189 2473 3507 2533 potestatem
3550 2465 3767 2531 minuit,

2186 2549 2327 2619 quod
2351 2551 2623 2620 apostolus
2651 2552 2770 2620 ejus
2796 2552 3091 2606 secundum
3126 2554 3410 2623 imperium
3439 2555 3611 2610 Patris
3640 2556 3769 2610 mit-

2190 2643 2371 2696 tatur?
2395 2642 2735 2713 Nequaquam
2766 2661 2779 2696 :
2808 2644 2932 2699 vide
2974 2660 3204 2715 namque
3228 2645 3497 2715 quomodo
3527 2657 3770 2717 potesta-

2188 2740 2295 2787 tem
2335 2748 2672 2788 communem
2705 2734 2882 2789 faciat.
2930 2734 3063 2790 Cum
3107 2736 3333 2793 dixisset
3368 2738 3533 2802 enim,
3570 2737 3775 2792 Secun-

2189 2826 2312 2878 dum
2352 2826 2621 2896 imperium
2666 2824 2763 2879 Dei
2807 2826 3090 2881 Saluatoris
3143 2828 3325 2894 nostri,
3367 2828 3659 2897 subiunxit,
3699 2828 3775 2882 Et

2189 2916 2399 2972 Domini
2424 2916 2610 2971 Christi
2648 2915 2793 2983 Iesu,
2824 2919 2933 2988 spei
2958 2928 3161 2973 nostris.
3206 2919 3340 2974 Vide
3369 2935 3527 2990 quam
3558 2922 3778 2989 proprie

2190 3010 2405 3065 nomina
2436 3010 2689 3079 posuerit.
2720 3010 2891 3064 Etiam
2923 3011 3199 3066 Psalmista
3223 3011 3290 3068 de
3320 3012 3477 3068 Patre
3502 3013 3572 3067 ita
3596 3013 3777 3083 loqui-

2193 3112 2277 3158 tur
2308 3120 2320 3157 :
2351 3102 2481 3173 Spes
2504 3103 2731 3156 omnium
2754 3104 2931 3171 ﬁnium
2961 3112 3108 3158 terra:
3128 3102 3302 3173 (Psal.
3332 3104 3421 3159 64.
3448 3104 3502 3172 6)
3526 3121 3541 3171 ;
3573 3113 3628 3159 et
3652 3120 3778 3160 rur-

2190 3209 2307 3248 sum
2338 3194 2522 3249 beatus
2544 3193 2737 3249 Paulus
2761 3194 2866 3249 alio
2888 3194 2939 3248 in
2961 3194 3082 3249 loco
3112 3196 3181 3249 ita
3206 3196 3411 3264 scribit,
3437 3196 3501 3251 In
3524 3199 3617 3251 hoc
3636 3199 3777 3251 enim

2192 3285 2478 3340 laboramus
2506 3294 2551 3337 et
2579 3285 2964 3356 exprobramur,
2998 3286 3117 3357 quia
3157 3304 3418 3357 speramus
3443 3289 3497 3341 in
3530 3288 3637 3342 Deo
3660 3290 3777 3343 viro

2191 3387 2238 3430 et
2267 3391 2380 3429 vero
2407 3374 2485 3445 (1.
2508 3374 2643 3429 Tim.
2678 3377 2731 3430 4.
2766 3375 2877 3447 10).
2912 3376 3145 3433 Necesse
3187 3387 3268 3432 est
3299 3388 3357 3433 ut
3400 3379 3588 3435 doctor
3624 3383 3775 3450 peri-

2191 3467 2306 3523 Cula
2337 3467 2525 3522 subeat
2548 3467 2730 3535 .multo
2774 3468 2943 3537 plura,
2976 3484 3136 3539 quam
3168 3468 3417 3539 discipuli
3449 3489 3462 3526 :
3494 3470 3780 3535 nam,Per—

2192 3558 2378 3611 cutiam
2409 3568 2681 3628 pastorem,
2716 3559 2908 3628 inquit,
2942 3570 2987 3613 et
3008 3560 3359 3631 dispergentur
3385 3578 3499 3617 oves
3526 3562 3778 3632 (Zachar.

2195 3651 2283 3705 15.
2316 3650 2366 3702 7.
2404 3649 2588 3703 Matth.
2619 3650 2710 3705 26.
2738 3651 2855 3721 '51).
2895 3650 3157 3718 Quoniam
3187 3652 3346 3722 igitur
3374 3668 3462 3708 res
3488 3653 3558 3708 ita
3594 3670 3655 3710 se
3680 3655 3781 3709 ha-

2194 3742 2303 3807 bet,
2340 3740 2710 3797 vehementius
2748 3751 2933 3796 contra
2965 3741 3237 3797 doctorem
3279 3744 3449 3812 spirat
3489 3744 3778 3811 diabolus;

2195 3831 2287 3885 illo
2314 3830 2511 3900 quippe
2545 3846 2706 3897 caeso,
2752 3846 2880 3900 grex
2932 3832 3275 3903 dispergitur.
3318 3833 3451 3889 Nam
3495 3851 3615 3890 cum
3645 3852 3781 3891 oves

2196 3929 2409 3983 mactat,
2440 3936 2569 3991 grex
2592 3922 2882 3989 minuitur;
2915 3938 3036 3979 cum
3066 3935 3243 3979 autem
3276 3935 3547 3995 pastorem
3570 3928 3639 3982 de
3664 3944 3782 3981 me-

2195 4015 2285 4069 dio
2312 4016 2466 4081 tollit,
2492 4023 2661 4069 totum
2680 4031 2898 4086 gregem
2926 4017 3254 4087 pessumdat.
3281 4019 3412 4073 Cum
3435 4036 3559 4091 ergo
3579 4020 3782 4077 minori

2195 4106 2379 4161 labore
2403 4107 2605 4177 majora
2634 4116 2906 4177 operetur,
2947 4118 3002 4164 et
3030 4110 3082 4163 in
3109 4110 3284 4163 anima
3310 4127 3414 4164 una
3454 4121 3623 4167 totum
3651 4129 3781 4183 per-

2196 4198 2308 4262 dat,
2337 4197 2585 4253 doctores
2614 4200 2782 4269 magis
2828 4199 3155 4270 aggreditur.
3202 4201 3326 4255 ldeo
3363 4203 3540 4257 statim
3567 4218 3597 4257 a
3625 4206 3780 4274 prin-

2196 4288 2337 4357 cipio
2361 4288 2476 4358 ejus
2496 4291 2732 4344 animum
2756 4291 2911 4360 erigit
2933 4290 3140 4358 dicens,
3168 4290 3497 4349 Salvatorem
3518 4294 3785 4352 habemus

2198 4380 2390 4448 Deum,
2416 4391 2470 4437 et
2500 4397 2648 4453 spem
2677 4382 2973 4438 Christum.
3002 4383 3164 4439 Multa
3191 4384 3445 4455 patimur,
3490 4387 3583 4441 sed
3623 4403 3781 4457 spem

2198 4488 2442 4543 magnam
2467 4474 2724 4529 habemus
2755 4492 2767 4528 :
2795 4475 3180 4545 periclitamur,
3207 4476 3416 4532 insidiis
3443 4480 3781 4549 appetimur;

2198 4566 2295 4621 scd
2324 4565 2653 4622 Salvatorem
2686 4567 2966 4634 habemus,
3002 4583 3107 4623 non
3141 4568 3435 4634 hominem,
3460 4571 3554 4625 sed
3586 4571 3781 4626 Deum.

2199 4657 2381 4729 Neque
2408 4660 2568 4729 igitur
2588 4659 2833 4751 Salvator
2858 4660 3100 4716 inﬁrmus
3128 4672 3245 4729 est;
3277 4663 3415 4718 Deus
3449 4664 3647 4734 quippe
3670 4677 3781 4731 est,

2200 4758 2256 4805 et
2284 4762 2710 4821 quantacumque
2749 4751 2944 4806 fuerint
2972 4752 3229 4823 pericula,
3262 4768 3369 4808 non
3409 4769 3508 4809 nos
3552 4769 3782 4825 supera-

2200 4839 2370 4906 bunt;
2413 4856 2589 4911 neque
2630 4856 2754 4911 spes
2796 4842 3160 4909 confunditur,
3205 4844 3452 4899 Christus
3490 4846 3631 4901 enim
3670 4858 3784 4902 est.

2204 4930 2296 4987 His
2323 4931 2531 4986 duobus
2560 4931 2677 4987 fulti
2699 4930 2933 5003 pericu'la
2971 4933 3211 5001 ferimus,
3234 4949 3298 4989 ac
3330 4934 3413 4989 vel
3441 4936 3551 4989 cito
3580 4936 3790 4991 libera-

2203 5038 2345 5089 mur,
2380 5022 2468 5077 vel
2496 5024 2635 5080 bona
2673 5037 2771 5093 spe
2812 5024 3023 5079 alimur.
3064 5025 3172 5081 Cur
3214 5034 3393 5080 autem
3423 5042 3679 5097 nusquam
3726 5042 3792 5084 se

2206 5114 2379 5170 Patris
2398 5114 2700 5185 apostolum
2722 5129 2844 5171 esse
2878 5115 3027 5182 dicit,
3053 5115 3147 5172 sed
3167 5115 3362 5171 Christi
3382 5117 3610 5172 ?Umnia
3630 5132 3792 5172 com-

2205 5205 2386 5261 munia
2400 5205 2943 5277 facit,etevangelium
2962 5207 3133 5277 ipsum
3150 5207 3406 5263 dicitesse
3426 5208 3795 5276 Dei.Quanta-

2206 5312 2435 5367 cumque
2460 5297 2747 5366 patiamur,
2789 5298 2982 5368 inquit,
3015 5298 3145 5353 nihil
3188 5307 3313 5355 sunt
3351 5300 3655 5369 praesentia.
3693 5298 3796 5354 Ti-

2207 5388 2429 5454 motheo,
2456 5388 2717 5443 carissimo
2738 5389 2846 5458 ﬁlio
2868 5391 2923 5443 in
2944 5390 3064 5459 ﬁde.
3089 5389 3201 5446 Hoc
3222 5390 3435 5460 plenum
3460 5391 3798 5445 consolatio-

2211 5484 2294 5538 nis
2328 5494 2431 5539 est.
2475 5483 2533 5540 Si
2571 5485 2717 5539 enim
2756 5492 2957 5539 tantam
2997 5484 3309 5539 exhibuerat
3338 5485 3518 5551 fidem,
3551 5493 3611 5539 ut
3638 5486 3799 5542 Pauli

2212 5573 2354 5629 filius
2383 5573 2556 5643 fieret,
2580 5582 2636 5630 et
2660 5589 2768 5630 non
2791 5574 2950 5629 modo
2978 5574 3136 5640 illius,
3179 5576 3273 5630 sed
3302 5576 3613 5631 carissimus
3648 5574 3800 5631 ﬁlius

2212 5676 2374 5735 esset,
2403 5669 2469 5725 de
2496 5669 2673 5725 futuro
2699 5682 2849 5740 spem
2871 5667 3150 5725 habiturus
3170 5676 3308 5725 erat.
3340 5667 3491 5724 Fidei
3516 5682 3646 5723 vero
3665 5684 3805 5739 pro-
