4114 6396
345 370 453 430 503

344 486 547 558 γράφει
575 485 789 557 μόνοις;
819 488 941 541 Ὅτι
960 489 1165 554 τούτοις
1208 492 1310 562 ἥδη
1352 493 1675 564 Ἐκκλησίας
1713 491 1783 566 ἦν
1814 497 1908 563 ἐγ-

345 568 687 640 κεχειρικὼς,
720 570 961 634 ἐκείνους
1001 574 1058 627 δέ
1099 574 1177 626 ἔτι
1215 576 1334 643 μεθ’
1377 576 1569 628 ἐαυτοῦ
1634 578 1865 648 περιῆγε
1894 592 1906 606 °

347 652 569 713 τούτους
597 650 654 703 δέ
687 663 711 691 ο
737 657 989 726 φανεροῖς
1018 672 1129 708 τισι
1162 658 1349 721 τόποις
1368 657 1632 728 ἀφώρισε.
1663 660 1910 729 Τοσαύτη

348 734 453 804 γάρ
468 731 535 805 ἦν
546 734 711 787 αὐτοῦ
737 737 770 806 ή
794 736 1063 809 ὑπερϐολὴ
1084 739 1112 779 δ
1133 742 1231 810 τῆς
1247 739 1395 812 [548]
1417 744 1633 812 ἀρετῆς,
1654 742 1728 804 ὡς
1751 741 1913 812 μηδὲν

347 816 446 885 τὴν
473 816 698 887 νεότητα
753 819 1064 889 ἐμποδίσαι.
1118 823 1215 876 Διά
1260 823 1418 877 τοῦτο
1470 824 1695 894 γράφων
1740 824 1871 893 φησί
1896 841 1909 854 ο

350 898 581 966 Μηδείς
631 914 748 955 σου
796 902 906 970 τῆς
952 906 1234 972 νεότητος
1280 909 1738 976 καταφρονείτω.
1796 907 1911 979 [καὶ

351 982 534 1047 πάλιν,
568 984 677 1051 Τὰς
714 984 1022 1054 νεωτέρας,
1068 989 1252 1058 φησὶν,
1300 991 1379 1055 ὡς
1403 990 1718 1062 ἀδελφάς.]
1746 991 1913 1043 Ὅταν

352 1063 520 1139 γάρῇ
565 1068 762 1138 ἀρετὴ,
804 1069 985 1124 πάντα
1043 1073 1291 1142 περιττά,
1336 1076 1429 1125 καὶ
1470 1074 1623 1126 οὐδὲν
1664 1073 1912 1143 ἐμποδὼν

352 1148 547 1216 γένοιτ’
576 1150 663 1206 ἀν.
696 1151 806 1205 Kal
853 1151 962 1222 γάρ
1008 1156 1137 1224 περὶ
1171 1155 1485 1209 ἐπισκόπων
1513 1156 1910 1224 διαλεγόμενος,

354 1232 449 1285 καὶ
484 1232 655 1285 πολλά
696 1237 825 1305 περὶ
889 1237 1067 1291 αὐτῶν
1116 1237 1304 1304 εἰπὼν,
1356 1239 1590 1309 οὐδαμοῦ
1634 1238 1762 1308 περὶ
1820 1239 1912 1308 τῆς

355 1314 572 1383 ἡλικίας
598 1316 1049 1389 ἀκριϐολογεῖται.
1085 1321 1145 1373 Εί
1175 1322 1232 1375 δέ
1265 1322 1414 1390 λέγοι
1444 1321 1689 1392 γράφων,
1729 1322 1914 1375 Τέκνα

353 1395 424 1449 ἐν
458 1398 729 1467 ὑποταγῇ
764 1400 1004 1469 ἔχοντα,
1047 1403 1161 1464 καὶ,
1193 1403 1351 1470 Μιᾶς
1390 1402 1673 1473 γυναικὸς
1701 1402 1909 1473 ἄνδρα,

352 1481 413 1532 ού
447 1479 602 1534 τοῦτό
632 1499 814 1553 φησιν,
865 1483 941 1548 ὡς
969 1486 1264 1553 ἀναγκαῖον
1306 1488 1402 1543 καὶ
1431 1487 1597 1541 τέκνα
1634 1486 1774 1557 ἐχειν
1817 1488 1913 1541 καὶ

421 1624 446 1687 _'
474 1623 760 1687 gonjeclum
784 1631 863 1674 εει
879 1626 1075 1683 τούτους
1092 1629 1167 1687 δή.

418 1684 444 1722 δ
469 1684 586 1735 Mss;
602 1686 660 1746 ἦν
686 1688 815 1752 αύτῷ
836 1689 1093 1752 ὑπερϐολή.

1209 376 1275 432 ΙΝ
1315 378 1581 435 ΕΡΙΞΤ.1
1620 381 1712 436 AD
1750 380 2036 437 ΤΙΜΟΤΙΙ.
2080 383 2232 437 CAP.
2268 382 2309 435 l.
2340 382 2569 436 IIOMIL.
2614 381 2653 435 l.

3469 379 3575 433 504

2010 498 2259 561 γυναῖκα,
2332 494 2469 555 ἀλλ’,
2532 498 2579 547 εἰ
2628 494 2865 565 συμϐαίη
2943 492 3070 546 ποτέ
3131 491 3238 544 ἀπὸ
3297 493 3577 560 κοσμικῶν

2009 578 2255 645 ἄγεσθαι,
2307 579 2394 630 ἵνα
2444 577 2669 630 τοιοῦτοι
2713 571 2865 640 ὦσιν,
2919 576 2995 639 ὡς
3040 575 3131 627 καὶ¹
3183 576 3357 636 οἰκίας
3379 574 3575 628 εἰδέναι

2009 662 2444 730 προεστάναικαὶ
2480 660 2683 713 παίδων
2736 662 2831 720 καῖι
2858 660 2966 711 τῶν
3004 658 3179 711 ἄλλων
3210 658 3483 711 ἁπάντων.
3516 660 3578 710 Εἰ

2008 744 2115 812 γὰρ
2144 744 2236 796 καὶ
2261 744 2522 812 κοσμικὸς
2551 745 2658 812 εἴη,
2693 743 2787 795 καὶ
2812 742 2947 811 μηδέ
2973 742 3030 792 ἐν
3058 740 3267 802 τούτοις
3312 741 3579 809 χρήσιμος

2008 824 2264 892 γεγονὼς.
2320 826 2436 888 πῶς
2473 825 2539 879 ἂν
2570 825 2861 892 ἐπιστεύθη
2914 822 3167 894 φροντίδα
3208 822 3577 890 Ἐκκλησίας;

2009 909 2162 971 Τίνος
2186 909 2243 961 δὲ
2267 908 2451 962 ἕνεκεν
2477 908 2786 973 ἐπέστελλε,
2815 908 2971 977 φησι,
3008 905 3086 976 τῷ
3115 905 3330 975 μαθητῇ
3378 907 3458 967 είς
3497 906 3576 957 δι-

2008 993 2302 1046 δασκαλίαν
2334 992 2651 1063 τεταγμένῳ
2688 991 2871 1044 λοιπόν
2894 1006 2909 1055 ;
2930 990 2990 1041 οὐ
3016 989 3124 1059 γὰρ
3166 988 3273 1041 ἐδει
3308 987 3579 1058 πρότερον

2008 1079 2409 1148 ἀπαρτισθῆναι
2467 1081 2649 1143 αὐτὸν,
2679 1077 2795 1131 εἶτα
2850 1076 3198 1147 πέμπεσθαις
3243 1075 3382 1128 Ἀλλ’
3410 1075 3579 1127 ἐδεῖτο

2008 1167 2349 1230 διδασκαλίας
2386 1169 2445 1220 οὐ
2475 1167 2575 1235 τῆς
2602 1168 2793 1237 αὐτῆς,
2835 1162 2903 1238 ἧς
2934 1166 2983 1218 οί
3034 1164 3291 1235 μαθηταὶ,
3320 1162 3455 1216 άλλά
3480 1161 3579 1228 τῆς

2008 1254 2311 1325 διδασκάλῳ
2341 1253 2678 1325 πρεπούσης.
2726 1254 2872 1323 Ὅρα
2923 1248 3015 1305 οῦν
3047 1252 3207 1305 αὐτὸν
3236 1251 3302 1303 δι’
3328 1250 3454 1321 ὅλης
3479 1249 3577 1316 τῆς

2010 1342 2294 1411 ἐπιπολῆς
2343 1342 2647 1410 διδασκάλῳ
2682 1341 3066 1412 προσήκουσαν
3110 1338 3433 1408 ποιούμενον
3481 1342 3578 1411 τὴν

2009 1428 2370 1483 διδασκαλίαν.
2405 1430 2514 1482 Καὶ
2542 1427 2744 1490 εὐθέως
2761 1429 2824 1480 ἐκ
2852 1426 2949 1480 τοῦ
2976 1427 3259 1496 προοιμίου
3276 1428 3377 1479 οὐκ
3400 1422 3574 1492 εἶπεν,

2011 1518 2097 1570 ἴνα
2159 1516 2233 1587 μὴ
2311 1516 2587 1587 προσέχῃς
2622 1518 2733 1578 τοῖς
2779 1514 3368 1580 ἐτεροδιδασκαλοῦσιν,
3441 1516 3578 1569 ἀλλὰ

2009 1600 2091 1666 τί;
2130 1600 2254 1653 ἰνα
2294 1599 2700 1669 παραγγείλῃς
2746 1598 2949 1665 αὐτοῖς
2990 1597 3075 1667 μὴ
3115 1596 3568 1665 ἑτεροδιδασκα-

2010 1681 2161 1736 λεῖν.

1780 2026 2027 2081 ΟΜῘΛΙΛ
2066 2026 2144 2081 Α’.

356 2174 591 2249 Παῦλος
604 2176 945 2249 ἀπόστολος
983 2176 1179 2249 ’ζησοῦ
1202 2179 1453 2247 Χριστοῦ
1480 2179 1605 2233 κατ’
1624 2180 1912 2249 ἐπιταγὴν

426 2245 574 2318 Θεοῦ
603 2245 877 2318 Σωτῆρος
910 2246 1079 2318 ἡμῶν
1133 2245 1487 2318 καίᾞυρίου
1538 2251 1731 2315 Ἰησοῦ
1777 2245 1910 2318 Χρι-

420 2315 601 2388 στοῦ,
665 2315 777 2388 τῆς
800 2315 1045 2388 ἐλπίδος
1098 2317 1307 2388 ᾑμῶν,
1350 2315 1613 2388 Τιμοθέῳ
1682 2315 1912 2388 γνησίῳ

420 2386 607 2451 τέκνῳ
652 2386 723 2439 ἐν
773 2386 993 2456 πίστει,
1040 2386 1230 2455 χάρις,
1274 2386 1465 2454 ἕλεος,
1529 2386 1727 2456 είρήνη
1792 2390 1912 2443 ἀπὸ

421 2456 571 2527 Θεοῦ
617 2454 843 2527 Πατρός
902 2454 1073 2525 ἡμῶν
1118 2454 1221 2511 καί
1261 2458 1518 2525 Χριστοῦ
1577 2454 1769 2527 Ἰησοῦ
1805 2459 1910 2513 τοῦ

422 2526 646 2593 Κυρίου
700 2523 886 2595 ἡμῶν.

421 2665 492 2712 α’.
523 2658 680 2727 Μέγα
720 2657 782 2712 τὺ
812 2658 905 2712 τοῦ
933 2659 1255 2714 Ἀποστόλου
1279 2660 1493 2731 ἀξίωμα
1529 2656 1618 2732 ῆν,
1649 2662 1791 2732 μέγα
1816 2662 1911 2717 καὶ

351 2740 687 2811 θαυμαστόνο
721 2742 815 2795 καὶ
848 2741 1119 2812 πανταχοῦ
1148 2743 1361 2814 ὁρῶμεν
1382 2745 1473 2798 τὸν
1492 2744 1701 2798 Παῦλον
1727 2762 1910 2815 προτι-

351 2824 509 2879 θέντα
528 2823 628 2887 τὰς
655 2823 833 2887 αἰτίας
861 2823 953 2877 τοῦ
991 2824 1317 2895 ἀξιώματος,
1347 2828 1443 2897 οὐχ
1488 2828 1566 2891 ὡς
1595 2826 1909 2899 ἁρπάζοντα

350 2910 451 2979 τὴν
493 2909 679 2979 τιμὴν,
745 2908 861 2962 ἀλλ’
901 2908 977 2971 ὡς
1034 2910 1458 2981 ἐγχειρισθέντα,
1507 2913 1601 2966 καὶ
1662 2913 1908 2980 ἀνάγκην

350 2991 561 3062 ἔχοντα.
596 2991 704 3044 Kal
723 2993 831 3061 γὰρ
858 2991 985 3043 ὅταν
1016 2990 1147 3064 λέγῃ
1170 2993 1364 3064 κλητὸν
1399 2995 1612 3057 ἐαυτὸν,
1646 2997 1742 3047 καὶ
1778 2994 1907 3046 ὅταν

350 3074 505 3147 λέγῃ,
557 3074 662 3127 Διά
716 3072 1048 3142 θελήματος
1087 3075 1257 3139 Θεοῦ,
1304 3077 1400 3130 καὶ
1432 3076 1593 3131 πάλιν
1649 3077 1904 3147 ἀλλαχοῦ,

363 3158 606 3227 Ἀνάγκη
640 3155 748 3225 τάρ
782 3174 885 3225 μοι
916 3157 1224 3224 ἐπίκειται,
1268 3159 1364 3212 καί
1416 3159 1559 3213 ὅταν
1610 3161 1695 3225 είς
1732 3160 1908 3213 τοῦτο

347 3240 677 3309 ἀφωρίσθαι
696 3238 865 3309 λέγῃ,
898 3239 1069 3293 ταῦτα
1094 3242 1267 3295 πάντα
1300 3242 1578 3313 ἀναίρεσις
1601 3243 1907 3312 φιλοτιμίας

348 3324 443 3377 καὶ
470 3321 781 3385 ἀλαζονείας
804 3322 969 3377 ἐστίν.
1002 3322 1210 3394 Ὠσπερ
1233 3324 1380 3395 γὰρὸ
1407 3325 1684 3394 ἐπιπηδῶν
1718 3325 1793 3396 μὴ
1820 3326 1905 3377 δε-

347 3406 545 3477 δομένῃ
562 3404 710 3475 παρά
730 3403 864 3457 Θεοῦ
886 3407 1038 3477 τιμῇ,
1060 3405 1319 3477 μέμψεως
1345 3408 1493 3473 ἄξιος
1523 3409 1621 3478 τῆς
1649 3410 1902 3479 ἐσχάτης·

348 3489 520 3553 οὕτως
546 3490 574 3541 6
601 3488 1016 3559 διακρουόμενος
1056 3490 1151 3543 καὶ
1182 3491 1494 3562 ἀποπηδῶν,
1525 3493 1725 3564 ἐτέρων
1756 3493 1903 3546 ἐστὶν

348 3571 706 3641 ἐγκλημάτων
719 3570 1035 3637 ὑπεύθυνος,
1057 3573 1343 3644 παρακοῆς
1358 3576 1451 3629 καὶ
1464 3576 1569 3628 ἀπε
1577 3575 1905 3636 ιθείας.Τοῦ-

345 3672 407 3707 το
430 3655 560 3723 γοῦν
586 3654 679 3708 καὶ
695 3653 791 3708 νῦν
805 3655 863 3707 ἐν
889 3657 1030 3726 ἀρχῇ
1051 3656 1149 3726 τῆς
1175 3656 1309 3728 πρὸς
1331 3657 1591 3727 Τιμόθεον
1614 3658 1902 3728 ἐπιστολῆς

346 3739 375 3791 6
412 3738 620 3801 Παῦλός
668 3754 853 3809 φησιν,
884 3737 1027 3791 οὕτω
1070 3739 1266 3808 λέγων,
1300 3740 1541 3807 Παῦλος
1564 3742 1905 3807 ἀπόστολος

359 3821 562 3890 Ἰησοῦ
592 3820 849 3890 Χριστοῦ
884 3822 1012 3877 κατ’
1037 3823 1327 3893 ἐπιταγὴν
1379 3824 1547 3879 Θεοῦ.
1594 3826 1708 3879 Οὐκ
1751 3821 1904 3881 εἶπεν

346 3904 603 3969 ἐνταῦθα,
635 3903 847 3966 Παῦλος
861 3902 1077 3974 κλητὸς,
1105 3906 1260 3971 ἀλλὰ,
1282 3909 1420 3961 Κατ’
1453 3907 1761 3977 ἐπιταγήν.
1785 3909 1903 3962 Ἵνα

345 3987 455 4058 γάρ
486 3989 559 4058 μή
579 4004 632 4040 τι
657 3985 993 4057 ἀνθρώπινον
1033 3988 1179 4060 πάθη
1199 3990 1229 4043 6
1261 3988 1544 4060 Τιμόθεος,
1576 3990 1811 4060 νομίζων
1843 3989 1903 4055 ἐξ

348 4071 470 4140 ίσης
499 4069 646 4139 αὐτῷ
683 4069 1023 4137 διαλέγεσθαι
1049 4071 1144 4123 καὶ
1168 4074 1281 4135 τοῖς
1307 4072 1596 4143 μαθηταῖς,
1630 4073 1718 4127 διά
1745 4072 1902 4128 τοῦτο

342 4154 513 4218 οὕτως
545 4153 692 4224 [549]
710 4152 930 4225 ἤρξατο.
949 4154 1061 4207 Kal
1076 4153 1178 4208 ποῦ
1207 4156 1465 4220 ἐπέταξεν
1496 4155 1645 4226 αύτῷ
1664 4160 1692 4211 6
1722 4156 1855 4221 Θεός
1881 4176 1897 4224 ;

343 4237 667 4308 Εὑρίσκεται
713 4236 774 4289 τδ
807 4235 1027 4306 Πνεῦμα
1085 4237 1237 4305 λέγον
1269 4240 1327 4291 ἐν
1369 4242 1487 4302 ταῖς
1518 4239 1752 4309 Πράξεσι
1789 4241 1899 4293 τῶν

341 4319 674 4384 ἀποστόλων,
718 4319 1066 4389 Ἀφορίσατέ
1098 4338 1201 4389 μοι
1250 4321 1360 4375 τὸν
1388 4322 1631 4376 Παῦλον
1667 4323 1764 4376 καί
1795 4324 1901 4376 τὸν

341 4403 669 4474 Βαρνάϐαν.
704 4403 815 4457 Καὶ
843 4403 1115 4473 πανταχοῦ
1144 4404 1202 4457 δὲ
1230 4406 1455 4477 γράφων
1494 4407 1816 4478 προστίθησι
1842 4408 1902 4461 τὸ

342 4489 515 4558 ὄνομα
560 4486 659 4541 τοῦ
697 4486 1042 4552 Ἀποστόλου,
1073 4487 1339 4541 παιδεύων
1368 4488 1459 4541 τὸν
1512 4489 1780 4543 ἀκούοντα
1826 4490 1900 4561 μὴ

341 4570 580 4643 νομίζειν
602 4568 914 4642 ἀνθρώπινα
947 4565 1086 4622 εἶναι
1116 4570 1183 4623 τὰ
1213 4570 1477 4642 λεγόμενα
1499 4589 1514 4603 ⁸
1547 4576 1575 4625 ό
1608 4574 1713 4644 γὰρ
1746 4574 1901 4627 Ἀπό-

344 4654 527 4717 στολος
555 4653 704 4706 οὐδὲν
733 4652 800 4704 ἂν
823 4652 950 4705 ῐδιον
975 4653 1155 4720 λέγοι·
1187 4654 1283 4706 καὶ
1304 4653 1472 4708 εἰπὼν
1503 4656 1896 4721 Ἀπόστολον,

340 4738 542 4800 εὐθέως
568 4734 664 4789 τοῦ
689 4735 957 4805 ἀκροατοῦ
990 4736 1087 4805 τὴν
1123 4736 1360 4790 διάνοιαν
1395 4740 1476 4802 είς
1530 4739 1622 4791 τὸν
1652 4740 1901 4793 ἀποστεί-

339 4822 507 4874 λαντα
560 4819 941 4889 παραπέμπει.
974 4818 1071 4872 Διά
1128 4819 1288 4873 τοῦτο
1321 4822 1510 4875 πασῶν
1542 4821 1650 4875 τῶν
1679 4824 1898 4877 ἐπιστο-

338 4904 448 4957 λῶν
498 4901 658 4955 τοῦτο
688 4901 1028 4971 προτίθησιν,
1062 4901 1375 4967 ἀξιόπιστον
1400 4903 1491 4957 τὸν
1507 4903 1664 4972 λόγον
1697 4904 1897 4969 ποιῶν,

339 4986 435 5040 καὶ
490 4984 634 5039 οὕτω
664 4984 838 5053 λέγων
859 5000 874 5014 ·
901 4984 1142 5050 Παῦλος
1162 4985 1503 5052 ἀπόστολος
1546 4988 1740 5054 Ἰησοῦ
1768 4990 1901 5055 Χρι-

338 5068 489 5125 στοῦ
511 5068 638 5122 κατ’
660 5066 951 5137 ἐπιταγὴν
974 5068 1121 5122 Θεοῦ
1143 5069 1416 5138 Σωτῆρος
1439 5069 1626 5141 ἡμῶν.
1657 5071 1765 5125 Καὶ
1794 5074 1901 5141 μὴν

338 5150 574 5222 οὐδαμοῦ
608 5151 857 5220 φαίνεται
904 5152 933 5204 ὁ
976 5152 1163 5223 Πατὴρ
1206 5152 1485 5218 ἐπιτάξας,
1524 5154 1659 5207 ἀλλά
1692 5173 1895 5209 πανται

339 5236 494 5305 χοῦό
549 5236 783 5306 Χριστὸς
858 5234 1009 5305 αύτῷ
1074 5236 1419 5304 διαλέγεταιο
1473 5239 1525 5290 τί
1572 5239 1679 5308 γάρ
1730 5256 1897 5309 φησι;

338 5320 627 5387 Πορεύου,
654 5316 741 5370 ὅτι
759 5317 873 5385 ἐγὼ
905 5320 991 5385 είς
1012 5318 1155 5387 ἔθνη
1181 5323 1419 5388 μακρὰν
1452 5322 1770 5376 ἀποστελῶ
1792 5338 1896 5397 qs.

338 5403 433 5457 καὶ
470 5401 649 5466 πάλιν,
672 5402 925 5469 Καίσαρί
944 5418 1018 5455 σε
1042 5402 1137 5455 δεῖ
1164 5403 1560 5472 παραστῆναι.
1599 5406 1735 5459 Ἀλλ’
1758 5407 1899 5479 ἆπερ

336 5485 455 5539 ἂνό
508 5486 637 5549 Υίδς
694 5485 942 5555 ἐπιτάξῃ,
1002 5485 1139 5558 [καὶ]
1190 5497 1216 5526 ο
1277 5488 1448 5541 ταῦτα
1527 5490 1620 5543 τοῦ
1689 5493 1899 5562 Πατρὸς

337 5565 687 5639 ἐπιτάγματα
710 5567 856 5637 λέγει
892 5565 1053 5636 εἶναι,
1095 5569 1280 5640 ὥσπερ
1331 5572 1424 5626 καὶ
1468 5572 1535 5626 τά
1584 5572 1680 5627 τοῦ
1729 5575 1898 5628 Πνεύ-

393 5802 702 5883 έ-[Ιιυάκαῇ
720 5808 1020 5883 ροιοετιίῃξε
1061 5812 1197 5862 codd.
1234 5810 1475 5876 ignotum,
1515 5816 1593 5866 vel
1634 5816 1771 5880 dele,
1815 5816 1895 5869 vel

340 5878 468 5930 pone
485 5874 598 5917 ante
618 5872 703 5917 τοῦ
728 5872 927 5934 Πατρός.
952 5873 1084 5923 Enn.

2017 2197 2183 2250 ματος
2199 2180 2295 2234 τοῦ
2328 2180 2478 2237 Υίοῦ.
2509 2182 2637 2236 Ἰδοὺ
2664 2182 2771 2253 γάρ
2787 2181 3121 2252 ἐξεπέμφθη,
3154 2183 3259 2235 ὑπὸ
3273 2182 3366 2235 τοῦ
3400 2184 3573 2236 Πνεύ-

2012 2281 2201 2332 ματος,
2247 2266 2530 2336 ἀφωρίσθη
2591 2268 2695 2320 ὑπὸ
2743 2266 2837 2319 τοῦ
2891 2265 3223 2336 Πνεύματος,
3282 2267 3376 2321 καί
3407 2283 3572 2338 φησιν

2009 2347 2273 2418 ἐπιταγὴν
2324 2344 2459 2400 εἶναι
2505 2349 2659 2402 Θεοῦ.
2692 2348 2757 2402 Τί
2784 2343 2917 2415 οὖνς
2956 2350 3031 2419 μὴ
3064 2348 3176 2419 ἄρα
3213 2350 3427 2401 ἐλαττοῖ
3475 2350 3573 2402 τοῦ

2009 2428 2139 2481 Υίοῦ
2166 2431 2263 2499 τὴν
2284 2429 2530 2494 ἐξουσίαν
2549 2431 2610 2483 τὸ
2632 2430 2723 2484 τὸν
2762 2431 3084 2485 ’Λπόστολον
3118 2430 3283 2484 αὑτοῦ
3303 2434 3423 2484 κατ’
3454 2434 3574 2484 ἐπι-

2008 2512 2179 2581 ταγὴν
2218 2512 2311 2565 τοῦ
2341 2514 2553 2583 Πατρδς
2596 2512 2951 2584 πεπέμφθαι;
3005 2514 3266 2584 Οὐδαμῶς
3288 2530 3303 2545 ⁸
3333 2515 3435 2585 δρα
3466 2516 3576 2587 γὰρ

2008 2596 2124 2657 πῶς
2152 2594 2321 2663 αὐτὴν
2350 2596 2532 2666 κοινὴν
2565 2597 2838 2665 ἐποίησεν.
2859 2594 3041 2649 Εἰπὼν
3062 2596 3189 2667 γὰρ,
3224 2597 3361 2650 Κατ’
3377 2597 3578 2650 ἐπιτα-

2008 2675 2126 2746 γὴν
2145 2677 2294 2731 Θεοῦ
2326 2680 2599 2746 Σωτῆρος
2625 2678 2811 2747 ἡμῶν,
2871 2680 3136 2749 ἐπήγαγε,
3188 2679 3297 2734 Καὶ
3354 2682 3576 2747 Κυρίου

2007 2759 2264 2829 Χριστοῦ
2325 2761 2549 2827 Ἰησοῦ,
2602 2760 2711 2827 τῆς
2755 2761 3000 2827 ἐλπίδος
3047 2760 3236 2830 ήμῶν.
3271 2762 3413 2832 Ὅρα
3458 2763 3577 2821 πῶς

2007 2842 2297 2913 κυρίωςτά
2321 2841 2581 2912 ἐπώνυμα
2630 2844 2863 2897 τέθεικε.
2902 2845 3013 2896 Kal
3064 2843 3169 2915 μὴν
3217 2846 3245 2896 6
3273 2844 3577 2914 Ψαλμῳδὸς

2006 2928 2135 2997 περὶ
2166 2925 2261 2979 τοῦ
2290 2926 2501 2996 Πατρδς
2529 2925 2686 2980 τοῦτό
2711 2944 2865 2997 φησι,
2905 2926 3098 2996 λέγων,
3144 2927 3403 2993 Ἦὲλπίς
3426 2926 3577 2980 πάν-

2007 3026 2122 3062 των
2150 3008 2269 3061 τῶν
2297 3008 2563 3075 περάτων
2587 3008 2697 3075 τῆς
2724 3008 2839 3078 γῆς
2863 3026 2878 3042 ο
2910 3012 3005 3063 καὶ
3033 3010 3196 3064 πάλιν
3233 3011 3261 3063 6
3302 3011 3575 3081 μακάριος

2007 3091 2216 3154 Παῦλος
2252 3092 2476 3160 γράφων
2524 3091 2749 3162 ἑτέρωθί
2776 3109 2961 3161 φησιν,
2987 3094 3089 3158 Είς
3116 3093 3292 3147 τοῦτο
3330 3094 3442 3161 γὰρ
3473 3110 3577 3147 κο·-

2005 3172 2230 3243 πιῶμεν
2262 3176 2361 3229 καὶ
2405 3174 2818 3243 ὀνειδιζόμεθα,
2841 3176 2929 3230 ὅτι
2961 3176 3304 3245 ἠλπίκαμεν
3331 3177 3426 3229 ἐπὶ
3455 3175 3577 3240 Θεῷ

2005 3257 2170 3319 ζῶντι
2223 3261 2320 3313 καὶ
2393 3258 2677 3326 ἀληθινῷ.
2729 3261 2832 3312 Τὸν
2906 3260 3227 3314 διδάσκαλον
3282 3261 3578 3328 ἀναγκαῖον

2004 3342 2281 3405 κινδύνους
2307 3342 2614 3412 ὑπομένειν,
2651 3344 2744 3395 καὶ
2770 3342 2945 3413 πολλῷ
2969 3343 3078 3396 τῶν
3110 3343 3366 3413 μαθητῶν
3391 3343 3577 3396 πλείο-

2003 3442 2117 3488 νας.
2153 3424 2401 3488 Πατάξω
2433 3426 2561 3497 γὰρ,
2615 3428 2767 3497 φησὶ,
2818 3426 2927 3479 τὸν
2990 3427 3268 3495 ποιμένα,
3300 3426 3401 3481 καὶ
3455 3427 3577 3480 δια-

2004 3508 2517 3576 σκορπισθήσετιιι
2565 3508 2638 3561 τὰ
2691 3511 2974 3576 πρόϐατα.
3045 3510 3199 3562 Ἐπεὶ
3266 3504 3360 3563 οὖν
3414 3508 3578 3562 τοῦτο

2002 3593 2231 3661 γίνεται,
2262 3593 2578 3662 σφοδότερον
2596 3592 2717 3646 κατ’
2749 3594 2927 3647 αὐτῶν
2957 3596 2986 3648 6
3012 3594 3258 3657 διάϐολος
3299 3594 3442 3657 πνεῖ,
3473 3594 3570 3647 ᾰτε

2003 3678 2061 3730 ἐν
2087 3678 2154 3746 τῇ
2180 3676 2383 3728 τούτων
2400 3676 2677 3747 ἀναιρέσει
2728 3678 2821 3730 καὶ
2847 3676 2942 3729 τοῦ
2976 3676 3226 3748 ποιμνίου
3261 3676 3577 3746 διασπειρο-

2006 3758 2189 3828 μένου.
2229 3758 2483 3830 Πρόὸατα
2531 3760 2633 3830 μέν
2682 3758 2791 3829 γάρ
2840 3759 3192 3825 ἀποκτείνας,
3238 3760 3298 3813 τὸ
3325 3760 3573 3830 ποίμνιον

2003 3842 2283 3911 ἠλάττωσε
2309 3857 2325 3872 ο
2376 3842 2470 3895 τὸν
2510 3841 2570 3895 δέ
2614 3842 2849 3912 ποιμένα
2867 3844 2933 3897 ἐκ
2972 3842 3139 3913 μέσου
3185 3843 3435 3915 ποιήσας,
3466 3842 3577 3896 όλό-

2001 3925 2202 3997 κληρον
2244 3924 2346 3997 τὴν
2390 3924 2629 3997 ποίμνην
2654 3924 2979 3997 ἐλυμήνατο.
3014 3927 3147 3980 Ἀτε
3178 3922 3272 3981 οὖν
3314 3926 3374 3980 ἐν
3419 3926 3574 3980 ἐλάτο

1998 4027 2112 4063 τονι
2157 4008 2304 4080 πόνῳ
2357 4007 2580 4079 μείζονα
2633 4009 3024 4081 ἐργαζόμενος,
3072 4011 3167 4065 καὶ
3206 4012 3265 4066 ἐν
3304 4013 3402 4081 μιᾷ
3426 4011 3572 4080 ψυχῇ

1998 4092 2061 4146 τὸ
2089 4093 2197 4146 πᾶν
2212 4091 2623 4164 λυμαινόμενος,
2654 4092 2864 4157 τούτοις
2900 4093 3188 4163 ἐφίσταται
3220 4094 3441 4164 μᾶλλον.
3474 4093 3574 4146 Διὰ

2000 4174 2158 4228 τοῦτο
2191 4173 2392 4238 εὐθέως
2418 4176 2481 4227 ἐκ
2523 4176 2824 4245 προοιμίων
2853 4176 3018 4229 αὑτοῦ
3048 4177 3145 4246 τὴν
3174 4176 3349 4247 ψυχὴν
3382 4177 3573 4247 ἅνιστᾷ

2000 4257 2195 4327 λέγων,
2224 4259 2449 4329 Σωτῆρα
2483 4259 2572 4311 τὸν
2588 4258 2720 4311 Θεὸν
2742 4260 2955 4329 ἔχομεν,
2988 4262 3080 4313 καὶ
3108 4261 3300 4314 ἐλπίδα
3316 4259 3407 4312 τὸν
3434 4261 3573 4329 Χρι-

2002 4341 2144 4393 στόν.
2167 4341 2347 4394 Πολλὰ
2366 4342 2669 4410 πάσχομεν.
2694 4341 2807 4393 ἀλλ’
2826 4341 3020 4411 ἔχομεν
3047 4341 3270 4404 ἐλπίδας
3296 4342 3536 4411 μεγάλας
3553 4356 3569 4372 ·

1999 4424 2399 4494 κινδυνεύομεν,
2431 4425 2912 4495 ἐπιϐουλευόμεθα,
2938 4426 3051 4477 ἀλλ’
3080 4425 3275 4495 ἔχομεν
3309 4424 3569 4489 σώζοντα,

2000 4507 2099 4560 ούκ
2130 4507 2224 4560 ἀνθ
2235 4524 2436 4577 ρωπον,
2457 4506 2592 4560 ἀλλά
2612 4506 2765 4559 Θεόν.
2786 4506 2925 4559 Οῦτε
2944 4504 3037 4561 οῦν
3057 4510 3086 4559 ὁ
3108 4507 3296 4570 σώζων
3321 4506 3536 4560 ἀσθενεῖ
3552 4524 3568 4539 ⁸

2000 4591 2130 4654 Θεὸς
2155 4591 2264 4659 γάρ
2292 4593 2424 4651 ἐστι,
2465 4592 2558 4643 καὶ
2603 4585 2707 4642 οἷοι
2739 4590 2834 4643 ἐὰν
2864 4583 2997 4645 ὧσιν
3027 4591 3075 4644 οί
3098 4591 3353 4653 κίνδυνοι,
3378 4592 3440 4643 οὐ
3474 4608 3574 4644 πε-

2004 4672 2275 4742 ριέσονται
2299 4672 2459 4741 ἡμῶν
2488 4686 2503 4700 °
2550 4671 2671 4723 οὔτε
2708 4673 2739 4741 ὴ
2769 4672 2922 4736 ἐλπὶς
2951 4672 3370 4742 καταισχύνεται
3390 4689 3402 4701 ’
3438 4674 3572 4741 Χρι-

2003 4756 2125 4819 στὺς
2157 4756 2264 4825 γάρ
2284 4756 2419 4807 ἐστι.
2452 4754 2555 4806 Δύο
2597 4755 2705 4826 γάρ
2727 4756 2934 4819 τούτοις
2968 4757 3206 4827 φέρομεν
3242 4758 3369 4818 τοὺς
3390 4755 3573 4809 κινδύ-

2001 4839 2202 4909 νους,ἢ
2248 4838 2453 4908 ταχέως
2494 4838 2674 4891 αὐτῶν
2706 4838 3193 4908 ἀπαλλαττόμενοι,
3237 4841 3270 4911 ἢ
3308 4840 3571 4909 χρησταῖς

2002 4916 2179 4969 ἐλπίσι
2200 4916 2545 4986 τρεφόμενοι.
2565 4917 2688 4979 Πῶς
2706 4916 2763 4968 δὲ
2791 4917 3027 4987 οὐδαμοῦ
3048 4919 3142 4971 τοῦ
3165 4918 3379 4986 Πατρὸς
3418 4916 3573 4968 Ἀπό-

2002 5000 2187 5053 στολον
2214 4999 2403 5052 ἐαυτὸν
2425 4994 2563 5052 εἶναί
2583 5017 2768 5070 φησιν.
2794 4999 2930 5054 ἀλλὰ
2957 5000 3057 5053 τοῦ
3083 5001 3347 5070 Χριστοῦ;
3386 4998 3571 5053 Πάντα

2000 5086 2309 5143 κοινοποιεί,
2357 5084 2453 5136 καὶ
2493 5084 2825 5152 Εύαγγέλιον
2858 5084 2917 5136 δὲ
2946 5085 3077 5138 αὐτὸ
3102 5085 3249 5153 λέγει
3274 5084 3369 5137 τοῦ
3410 5082 3565 5136 Θεοῦ·

2002 5171 2142 5222 Ὅσα
2156 5168 2263 5237 γὰρ
2278 5167 2344 5221 ἂν
2360 5166 2641 5238 πάθωμεν,
2662 5170 2843 5239 φησὶν,
2861 5170 3017 5223 οὐδέν
3039 5172 3154 5223 ἐστι
3174 5170 3243 5223 τὰ
3260 5167 3492 5222 ἐνταῦθα
3515 5167 3564 5221 ά,

2006 5249 2279 5319 Τιμοθέῳ,
2308 5252 2539 5320 γνησίῳ
2568 5252 2756 5316 τέκνῳ
2785 5252 2857 5305 ἐν
2880 5253 3102 5306 πίστει.
3138 5254 3248 5305 Kal
3276 5250 3434 5304 τοῦτο
3461 5267 3569 5301 πα-

2002 5333 2355 5403 ρακλητικόν.
2380 5334 2443 5385 EE
2466 5333 2572 5403 γὰρ
2603 5334 2869 5404 τοσαύτην
2914 5335 3227 5399 ἐπεδείξατο
3254 5334 3454 5389 πίστιν.
3492 5332 3567 5394 ὡς

2000 5415 2212 5469 Παύλου
2249 5414 2501 5483 γενέσθαι
2529 5415 2737 5481 τέκνον,
2780 5419 2878 5487 οὐχ
2908 5418 3115 5482 ἁπλῶς,
3157 5416 3292 5469 ἀλλά
3319 5416 3564 5483 γνήσιον,

2000 5498 2259 5569 θαρρήσει
2289 5499 2382 5551 καὶ
2416 5500 2541 5568 περὶ
2577 5500 2685 5552 τῶν
2744 5500 3066 5568 μελλόντων.
3124 5501 3366 5558 Πίστεως
3398 5499 3455 5550 δὲ
3484 5498 3564 5562 τὸ,

2174 5584 2277 5636 κᾶν
2302 5582 2516 5643 ἐναντία
2538 5586 2651 5647 ταῖς
2673 5584 3025 5653 ἐπαγγελίαις
3092 5583 3159 5637 τὰ
3185 5583 3461 5653 γινόμενα,
3491 5584 3566 5653 μὴ

2061 5825 2240 5905 {liga
2268 5826 2437 5905 δαιτὶ
2454 5826 3043 5905 ἐνταῦϐακῐτερςροῐιετο,
3056 5827 3199 5888 jubet
3220 5828 3430 5881 Damus
3456 5832 3565 5889 putt

1998 5888 2251 5952 superiora
2279 5888 2423 5937 verba
2449 5889 2478 5947 ἢ
2500 5891 2725 5952 χρησταῖς
2744 5888 2897 5939 ἐλπίσι
2907 5891 3196 5954 τρεφόμενοι.
