4114 6396
348 349 454 408 505

352 466 525 536 prium
554 470 658 529 est,
688 470 749 516 ut
785 455 1027 530 quamvis
1053 451 1334 527 promissis
1370 436 1640 507 contraria
1681 446 1822 501 facta
1848 445 1928 500 vi-

352 558 600 622 deantur,
632 568 737 609 non
766 549 1017 607 concidat
1042 547 1132 603 ille
1160 559 1337 616 neque
1379 543 1641 599 turbetur.
1670 539 1777 595 Sed
1805 552 1932 594 ecce

355 648 510 713 ﬁlius,
543 654 600 701 et
622 643 881 716 genuinus
906 642 1073 707 ﬁlius,
1110 652 1285 709 neque
1311 643 1489 691 tamen
1532 649 1599 690 ex
1629 633 1773 688 illius
1801 629 1930 686 sub-

355 738 552 794 stantia
578 745 714 792 erat.
740 734 848 792 Sed
870 732 1042 804 quid?
1066 745 1134 786 an
1164 730 1381 786 brutum
1420 724 1618 782 animal
1640 723 1795 781 erat?
1825 720 1933 777 Sed

359 843 465 886 non
493 844 561 885 ex
588 827 755 884 Paulo
781 823 1076 897 prodierat,
1106 820 1335 890 inquies.
1376 817 1560 888 Itaque
1596 829 1703 870 non
1742 811 1935 883 signiﬁ-

357 928 443 977 cat
464 918 569 974 hoc
586 933 654 974 ex
672 915 965 987 cuiuspiam
989 911 1286 969 substantia
1310 908 1592 979 prodiisse.
1617 904 1754 973 Quid
1777 902 1936 974 ergo?

358 1028 426 1067 an
454 1009 677 1066 alterius
714 1005 1027 1064 substantiae
1054 1000 1214 1059 erat?
1242 1000 1426 1070 Neque
1464 996 1588 1054 hoc.
1618 996 1753 1051 Cum
1793 994 1936 1050 enim

362 1102 529 1156 tilium
558 1099 803 1164 dixisset,
828 1095 1053 1161 addidit,
1092 1092 1161 1147 In
1191 1092 1293 1161 ﬁde
1310 1106 1331 1156 ,'
1358 1090 1431 1145 ita
1457 1098 1518 1146 ut
1543 1088 1869 1158 signiﬁcaret
1886 1093 1942 1141 et

360 1192 649 1263 genuinum
674 1203 796 1245 esse
824 1197 879 1244 et
903 1201 968 1243 ex
998 1200 1057 1241 se
1098 1183 1363 1254 prodiisse
1391 1198 1406 1236 :
1434 1181 1487 1251 in
1520 1179 1667 1234 nullo
1694 1177 1942 1233 diversus

361 1292 479 1340 erat
499 1279 790 1339 secundum
817 1278 976 1333 ﬁdem
1001 1293 1014 1329 :
1041 1274 1095 1330 id
1138 1272 1280 1345 quod
1303 1271 1465 1328 etiam
1492 1270 1546 1325 in
1569 1267 1817 1324 humanis
1841 1265 1941 1322 ob-

363 1383 626 1442 servatur,
671 1370 863 1429 similis
899 1376 984 1425 est
1021 1366 1158 1438 patri
1202 1365 1364 1431 ﬁlius,
1423 1360 1518 1419 sed
1565 1375 1674 1416 non
1721 1355 1945 1429 perinde

365 1477 524 1537 atque
549 1468 604 1519 in
635 1464 783 1527 Deo;
829 1460 940 1515 illic
977 1457 1120 1514 enim
1153 1454 1323 1526 major
1351 1461 1437 1509 est
1464 1449 1854 1524 propinquitas.
1884 1446 1944 1503 ln

366 1556 672 1613 hominibus
700 1554 864 1619 enim,
905 1551 1008 1606 etsi
1042 1547 1233 1604 eadem
1266 1544 1566 1601 substantia
1609 1550 1713 1609 est,
1744 1541 1798 1596 in
1828 1539 1945 1596 aliis

367 1648 553 1704 multis
592 1647 732 1702 inter
756 1660 815 1699 se
842 1641 1117 1707 dill‘erunt,
1147 1639 1351 1700 colore,
1382 1634 1593 1701 habitu,
1636 1630 1944 1703 prudentia,

370 1752 629 1812 tempore,
660 1736 902 1798 arbitrio.
946 1735 1012 1790 iis
1053 1748 1171 1805 quae
1198 1731 1458 1795 animum,
1498 1727 1565 1783 iis
1606 1741 1726 1797 quae
1754 1739 1949 1794 corpus

370 1842 634 1904 spectant,
681 1827 1061 1889 exterioribus,
1110 1826 1336 1895 aliisque
1384 1821 1627 1892 plurimis
1673 1819 1755 1874 vel
1798 1817 1950 1874 diﬁ’e-

371 1934 518 1992 runt,
546 1923 629 1980 vel
658 1921 861 1977 similes
903 1927 1027 1975 sunt
1052 1935 1067 1974 :
1096 1917 1207 1973 illic
1236 1923 1415 1971 autem
1458 1913 1603 1967 nulla
1644 1909 1951 1981 hujusmodi

371 2017 654 2073 diversitas
679 2022 785 2071 est.
823 2011 959 2067 Illud
988 2024 1171 2080 porro,
1204 2005 1497 2063 Secundum
1520 2003 1804 2075 imperium,
1837 2001 1967 2057 δαί--

372 2109 553 2165 racius
599 2115 683 2163 est
725 2120 884 2176 quam
930 2102 1102 2169 illud,
1156 2101 1376 2155 Vocatus
1428 2096 1607 2167 (Rom.
1665 2096 1718 2151 1.
1773 2093 1852 2167 1),
1896 2102 1955 2149 ut

375 2201 592 2258 aliunde
619 2200 751 2257 disci
780 2206 975 2269 potest.
1005 2194 1193 2259 Simile
1218 2200 1397 2248 autem
1422 2191 1539 2245 loco
1570 2188 1667 2253 illi,
1691 2186 1955 2241 Timotheo

376 2297 638 2349 carissimo
668 2293 796 2364 ﬁlio,
825 2289 1119 2347 Corinthiis
1144 2301 1357 2357 quoque
1384 2285 1479 2349 ait,
1514 2281 1581 2336 In
1606 2281 1805 2337 Christo
1827 2276 1955 2334 Jesu

377 2403 468 2457 ego
489 2401 576 2440 vos
601 2384 752 2456 genui
781 2384 858 2452 (1.
890 2380 1011 2437 Cor.
1037 2381 1092 2435 4.
1121 2377 1211 2449 15)
1236 2395 1251 2441 ;
1277 2376 1328 2432 id
1354 2385 1456 2443 est,
1490 2375 1542 2429 in
1572 2373 1698 2427 lide.
1726 2370 1958 2426 Carissi-

381 2493 526 2532 mum
552 2485 728 2531 autem
753 2473 958 2543 adjicit,
990 2479 1047 2526 ut
1071 2478 1373 2525 accuratam
1414 2475 1470 2522 et
1506 2465 1761 2536 majorem
1797 2476 1956 2533 quam

382 2572 434 2625 in
472 2568 592 2624 aliis
618 2565 1019 2622 similitudinem
1063 2560 1353 2618 ostendat:
1384 2574 1559 2629 neque
1587 2557 1691 2611 hoc
1730 2564 1959 2622 tantum,

383 2661 475 2714 sed
503 2658 843 2715 dilectionem
885 2656 1045 2712 etiam
1089 2653 1449 2721 allectumque
1485 2665 1611 2720 erga
1651 2649 1800 2703 illum
1840 2660 1958 2700 ma-

280 2780 285 2783 -
382 2766 567 2819 gnum.
598 2748 738 2804 Ecce
764 2745 915 2813 illud,
946 2746 1022 2811 in,
1058 2757 1247 2799 rursus
1274 2742 1327 2796 in
1359 2741 1464 2795 ﬁde
1498 2746 1785 2808 usurpatur
1816 2753 1831 2789 :
1860 2735 1959 2790 Ca-

384 2844 583 2896 rissimo
609 2841 750 2896 cnim
784 2839 891 2909 ﬁlio
928 2838 982 2891 in
1028 2836 1148 2906 ﬁde,
1181 2834 1370 2905 inquit.
1406 2833 1541 2889 Vide
1568 2842 1825 2902 quantum
1863 2844 1962 2885 en-

386 2932 617 2986 comium
663 2948 677 2983 :
727 2944 832 2984 non
879 2927 1041 2983 modo
1069 2926 1260 2991 lilium,
1301 2925 1396 2980 sed
1434 2924 1768 2978 carissimum
1797 2922 1964 2975 ﬁlium

387 3030 563 3077 vocat.
593 3021 791 3079 Gratia.
818 3017 1184 3083 misericordia,
1219 3032 1321 3087 pax
1357 3032 1389 3069 a
1433 3013 1543 3069 Deo
1578 3012 1734 3067 Patre
1770 3021 1963 3078 nostro,

386 3129 432 3171 et
462 3115 662 3169 Christo
685 3111 716 3166 J
725 3130 810 3166 esu
839 3110 1058 3166 Domino
1085 3118 1277 3163 nostra.

458 3206 511 3260 2.
543 3206 648 3261 Cur
677 3205 728 3258 in
750 3203 957 3259 caeteris
979 3201 1221 3271 epistolis
1246 3213 1515 3268 nuSquam
1540 3196 1966 3252 misericordiam

391 3295 669 3366 pra‘misit,
720 3294 815 3349 sed
866 3293 951 3347 hic
998 3291 1243 3345 tantum?
1288 3289 1398 3343 Hoc
1434 3304 1501 3342 ex
1530 3286 1725 3343 affectu
1776 3301 1969 3356 magno

392 3388 592 3460 prodiit
619 3404 632 3439 :
662 3386 810 3455 plura
842 3384 983 3438 enim
1008 3390 1328 3453 apprecatur
1362 3381 1494 3447 lilio,
1525 3395 1620 3449 pro
1653 3379 1744 3433 illo
1776 3377 1969 3433 timens

393 3493 455 3531 ae
514 3487 767 3531 tremens.
818 3473 893 3528 lta
944 3474 1088 3528 enim
1142 3472 1407 3535 timebat,
1468 3479 1565 3534 ut,
1632 3467 1776 3539 quod
1841 3484 1969 3523 nus-

393 3583 552 3636 quam
582 3565 727 3627 fecit,
756 3564 825 3620 de
849 3562 1125 3632 corporeis
1151 3562 1251 3632 ipsi
1280 3561 1556 3625 scriberet,
1584 3570 1640 3614 ut
1662 3576 1784 3615 cum
1804 3559 1931 3614 dicit
1956 3577 1970 3613 :

407 3660 534 3713 Vino
560 3658 757 3712 modico
786 3668 923 3711 utere
968 3664 1171 3726 propter
1206 3655 1523 3707 stomachunt
1566 3662 1729 3719 tuum,
1778 3660 1825 3706 et
1865 3654 1971 3723 fre-

394 3760 597 3822 quentes
652 3758 764 3802 tuas
815 3747 1135 3816 inﬁrmitates
1188 3745 1265 3815 (1.
1319 3739 1452 3797 Tim.
1512 3742 1567 3798 5.
1622 3741 1739 3813 25).
1787 3741 1973 3811 Majori

398 3856 631 3913 namque
655 3842 906 3895 doctores
933 3846 1092 3907 egent
1119 3834 1509 3892 misericordia.
1542 3835 1587 3888 Α
1615 3830 1747 3900 Deo,
1777 3832 1970 3903 inquit,

401 3932 557 3987 Patre
586 3941 758 3986 nostro
786 3938 830 3984 et
869 3928 1070 3983 Christo
1105 3926 1231 3981 Jesu
1268 3923 1491 3979 Domino
1532 3934 1724 3978 nostra.
1772 3923 1974 3977 Rursus

400 4025 486 4080 hic
505 4021 821 4079 consolatio.
850 4019 905 4076 Si
935 4019 1079 4075 enim
1110 4018 1249 4074 Deus
1274 4017 1433 4072 Pater
1457 4022 1561 4080 est,
1593 4015 1716 4070 illos
1740 4024 1801 4069 ut
1840 4013 1975 4069 ﬁlios

397 4126 553 4172 curat
582 4133 593 4168 :
622 4114 747 4169 audi
775 4115 918 4168 enim
948 4110 1225 4166 Christum
1253 4108 1523 4163 dicentem
1550 4124 1565 4161 :
1601 4107 1726 4171 Quis
1753 4121 1815 4159 ea:
1840 4104 1975 4159 vobis

402 4209 551 4261 homo
571 4214 662 4266 est.
694 4204 797 4275 qui,
833 4204 877 4257 si
909 4202 1104 4271 petierit
1133 4200 1273 4269 ﬁlius
1312 4214 1517 4269 panem,
1557 4197 1800 4264 numquid
1840 4196 1976 4266 lapi-

399 4303 515 4355 dem
536 4296 675 4351 dabit
704 4296 781 4349 illi
805 4293 1018 4366 (Matth.
1052 4293 1103 4345 7.
1129 4284 1295 4362 9)?5.
1343 4288 1489 4345 Sicut
1525 4291 1698 4360 rogavi
1739 4297 1865 4342 teut
1894 4304 1977 4342 re-

401 4406 629 4446 maneres
647 4386 861 4457 Ephesi,
884 4402 1000 4439 cum
1027 4383 1152 4437 irent
1176 4382 1228 4435 in
1254 4380 1632 4435 Macedoniam.
1658 4378 1795 4435 Audi
1821 4392 1979 4449 quam

406 4479 638 4552 placide,
665 4476 934 4548 quomodo
958 4490 1063 4529 non
1086 4472 1325 4543 magistri
1355 4480 1537 4527 utatur
1562 4486 1716 4537 voce,
1748 4470 1842 4526 sed
1871 4470 1981 4525 lere

404 4570 705 4627 domestici.
751 4567 870 4623 Non
911 4566 1073 4633 dixit,
1124 4564 1398 4633 Prtecepi,
1442 4578 1540 4618 nec
1580 4561 1756 4628 Jussi,
1806 4577 1982 4631 neque

404 4657 669 4713 llortatus
688 4673 828 4722 sum,
872 4656 966 4711 sed
989 4654 1154 4726 quid?
1176 4654 1371 4724 [iugavi
1394 4662 1458 4707 te.
1492 4650 1609 4708 Non
1640 4664 1820 4709 tamen
1856 4667 1981 4723 erga

404 4763 594 4806 omnes
637 4746 1025 4818 discipulosita
1056 4760 1154 4799 nos
1179 4743 1404 4799 affectos
1444 4758 1565 4798 esse
1603 4752 1831 4813 oportet,
1888 4743 1980 4798 sed

404 4858 531 4913 erga
570 4847 881 4897 mansuetos
915 4846 970 4894 et
1008 4838 1207 4891 virtute
1248 4834 1537 4905 praeditos;
1571 4849 1695 4905 erga
1723 4833 1857 4889 alios
1884 4850 1983 4889 au-

407 4943 537 4996 tem,
580 4931 672 5002 qui
720 4929 807 4986 vel
852 4926 1215 4999 corrupti‘vel
1261 4942 1366 4979 non
1425 4925 1641 4995 genuini
1688 4933 1832 4988 sunt,
1878 4925 1985 4979 alio

407 5023 604 5089 modo;
638 5032 697 5076 ut
724 5023 883 5077 etiam
913 5020 1027 5090 ipse
1054 5018 1183 5075 alibi
1228 5018 1411 5073 scribit
1440 5017 1647 5081 dicens,
1678 5016 1849 5081 Argue
1868 5016 1985 5071 illos

401 5130 522 5169 cum
547 5113 681 5168 omni
706 5113 913 5183 imperio
945 5110 1073 5183 (Tit.
1116 5109 1173 5162 2.
1207 5108 1319 5180 15).
1352 5107 1450 5163 Hic
1479 5116 1654 5162 autem
1698 5108 1819 5162 vide
1862 5108 1985 5178 quid

405 5207 549 5263 dicat
578 5223 592 5260 :
629 5205 694 5261 Ut
726 5204 1048 5259 denuntiares
1073 5201 1419 5273 quibusdam:
1446 5217 1551 5256 non
1574 5243 1589 5266 ,
1643 5200 1708 5257 Ut
1744 5216 1983 5271 rogares,

407 5298 525 5365 sed,
555 5297 623 5353 Ut
649 5297 970 5351 denuntiares
1010 5311 1111 5348 non
1153 5293 1303 5347 aliter
1336 5294 1532 5349 docere.
1560 5292 1697 5359 Quid
1729 5291 1829 5346 hoc
1873 5294 1988 5348 est?

407 5404 584 5444 annon
631 5387 930 5442 sufﬁciebat
969 5382 1121 5440 Pauli
1162 5383 1408 5453 epistola,
1454 5398 1611 5453 quam
1648 5383 1752 5439 illis
1800 5384 1989 5437 misit?

408 5479 723 5535 Sul‘liciebat
763 5479 977 5548 quidem
1005 5493 1017 5528 :
1041 5474 1134 5530 sed
1170 5473 1424 5530 homines
1448 5474 1629 5530 literas
1655 5474 1831 5529 solent
1855 5489 1986 5529 con-

410 5581 669 5625 temnere.
704 5568 799 5624 Vel
845 5568 947 5622 ltoc
982 5564 1271 5621 dicendum
1329 5573 1447 5626 est;
1496 5564 1579 5620 vel
1621 5565 1859 5620 fortassis
1894 5581 1990 5621 an.

411 5671 622 5732 tequam
672 5661 853 5715 literas
904 5658 1143 5714 mitteret
1200 5671 1287 5712 res
1343 5657 1415 5711 ita
1459 5668 1518 5712 se
1570 5655 1820 5712 habebat.
1872 5654 1989 5726 lpse

410 5763 587 5811 autem
631 5755 686 5810 in
722 5753 822 5811 hac
854 5752 1065 5811 civitate
1098 5750 1333 5807 multum
1372 5758 1579 5821 tempus
1610 5754 1937 5820 transegerat
1966 5770 1982 5809 :

1230 338 1294 394 ΙΝ
1335 334 1611 401 ΕΡΙΒΤ.1
1677 333 1768 387 AD
1805 326 2086 387 TIMOTH.
2129 328 2280 387 CAP.
2321 332 2362 388 l.
2405 332 2635 391 HOMIL.
2675 336 2715 391 l.

3509 341 3615 399 506

2043 443 2130 502 hic
2169 458 2287 505 erat
2328 450 2510 507 Dianae
2564 453 2841 523 templum,
2883 453 2970 511 hic
3005 454 3186 524 gravia
3208 456 3296 509 illa
3327 470 3616 528 perpessus

2036 552 2139 598 est.
2176 543 2467 614 Postquam
2506 546 2651 602 enim
2691 547 2957 603 theatrum
2988 547 3122 603 illud
3153 549 3385 603 solutum
3417 547 3613 616 fuerat,

2034 643 2317 707 postquam
2369 644 2621 693 evocatos
2661 637 2957 709 discipulos
3005 638 3252 694 hortatus
3296 638 3492 708 fuerat,
3538 641 3619 695 sic

2037 730 2216 798 solvit,
2249 738 2306 787 et
2340 744 2528 787 rursus
2563 730 2633 786 ad
2672 731 2796 787 illos
2827 746 3075 787 reversus
3120 739 3223 786 est.
3268 729 3397 786 Jure
3436 740 3617 786 autem

2037 832 2330 894 quaeratur,
2369 838 2439 880 an
2480 838 2629 880 nunc
2662 824 2773 881 illic
2801 824 3143 880 Timotheum
3170 824 3459 894 praesulem
3485 838 3621 879 con-

2039 916 2274 973 stituerit
2302 932 2317 971 :
2343 916 2419 972 ait
2469 917 2635 984 enim,
2676 916 2747 971 Ut
2812 917 3137 972 denuntiares
3173 915 3474 988 quibusdam
3521 932 3625 972 non

2041 1010 2191 1064 aliter
2234 1010 2433 1067 docere.
2480 1009 2597 1067 Non
2636 1010 2757 1066 illos
2801 1010 3117 1066 nominatim
3162 1018 3429 1079 recenset,
3458 1025 3526 1066 ne
3555 1025 3625 1065 ex

2042 1109 2227 1171 aperta
2266 1100 2683 1172 reprehensione
2731 1102 3155 1173 impudentiores
3200 1101 3473 1158 redderet.
3527 1101 3625 1157 Hic

2046 1202 2199 1249 erant
2220 1192 2437 1265 quidam
2478 1207 2546 1249 ex
2580 1192 2780 1250 Judteis
2832 1192 2952 1249 l‘alsi
2998 1193 3251 1264 apostoli,
3301 1193 3393 1265 qui
3437 1191 3625 1250 ﬁdeles

2046 1304 2233 1346 rursus
2259 1291 2508 1346 volebant
2536 1290 2605 1346 ad
2631 1291 2804 1362 legem
2832 1290 3068 1355 trahere,
3098 1302 3203 1361 qua
3223 1288 3292 1345 de
3315 1302 3476 1344 causa
3502 1288 3624 1342 illos

2048 1382 2102 1439 in
2127 1382 2367 1454 epistolis
2394 1382 2593 1453 passim
2613 1381 2949 1439 criminatur.
2992 1382 3104 1437 Hoc
3140 1388 3319 1437 autem
3362 1378 3631 1435 iaciebant

2048 1488 2155 1531 non
2188 1484 2296 1530 tam
2322 1486 2389 1531 ex
2415 1475 2759 1531 conscientiae
2788 1473 3028 1537 stimulo,
3055 1486 3218 1542 quam
3246 1486 3318 1527 ex
3344 1485 3481 1525 vana
3512 1468 3628 1540 glo-

2051 1567 2153 1636 ria,
2197 1575 2253 1624 et
2292 1569 2433 1637 quod
2472 1568 2670 1624 vellent
2712 1567 3004 1637 discipulos
3031 1566 3251 1630 habere,
3280 1576 3337 1621 et
3372 1564 3630 1620 adversus

2050 1660 2263 1717 beatum
2291 1660 2514 1716 Paulum
2553 1660 2882 1716 contendere
2911 1676 2979 1715 ex
3010 1660 3128 1715 zelo
3153 1667 3209 1713 et
3241 1659 3445 1712 invidia
3476 1657 3627 1712 moti.

2053 1752 2170 1808 Hoc
2197 1752 2439 1808 sibirvult
2466 1752 2617 1817 illud,
2651 1753 2812 1807 Aliter
2835 1754 3035 1807 docere.
3059 1754 3107 1807 4.
3138 1750 3319 1821 Neque
3346 1750 3625 1815 intendere,

2058 1847 2248 1916 inquit,
2270 1847 2461 1916 fabulis
2480 1854 2527 1900 et
2552 1846 2857 1916 genealogits
2878 1844 3233 1899 interminatis.
3262 1841 3493 1896 Fabulas
3516 1856 3621 1894 non

2059 1944 2230 2015 legem
2273 1944 2437 2013 dicit,
2481 1944 2651 2011 absit;
2691 1945 2785 2000 sed
2829 1944 2990 1999 falsas
3022 1942 3357 2005 traditiones,
3388 1950 3443 1997 et
3472 1955 3632 2009 prava

2058 2050 2413 2107 perversaque
2434 2037 2702 2106 dogmata.
2734 2036 3037 2092 Verisimile
3059 2049 3290 2104 namque
3317 2044 3397 2089 est
3416 2032 3633 2088 Judaeos

2058 2130 2177 2184 illos
2215 2129 2283 2185 de
2312 2129 2586 2185 inutilibus
2612 2129 2775 2186 rebus
2801 2141 3078 2183 sermones
3104 2127 3374 2191 habuisse,
3407 2139 3539 2179 avos
3583 2135 3636 2178 et

2059 2237 2288 2293 proavos
2335 2231 2697 2288 numerantes,
2744 2230 2803 2277 ut
2847 2220 3050 2289 peritia:
3091 2222 3143 2274 in
3189 2219 3411 2273 historia
3441 2218 3637 2271 tantam

2060 2314 2160 2371 sibi
2190 2315 2555 2371 conciliarent.
2607 2314 2673 2370 Ut
2712 2314 3035 2368 denuntiares
3073 2311 3393 2380 quibusdam,
3441 2310 3635 2379 inquit,

2060 2423 2163 2461 non
2182 2407 2329 2461 aliter
2358 2408 2556 2476 docere,
2579 2423 2735 2477 neque
2755 2405 3013 2459 intendere
3044 2404 3231 2477 fabulis
3259 2414 3305 2457 et
3335 2402 3642 2474 genealogiis

2060 2500 2415 2555 interminatis.
2449 2498 2584 2566 Quid
2616 2498 2717 2553 sibi
2748 2498 2862 2551 vult
2898 2496 3049 2563 illud,
3089 2493 3483 2548 Interminatis?
3512 2496 3644 2559 Qua:

2062 2590 2264 2646 nullum
2294 2589 2475 2656 ﬁnem,
2509 2590 2709 2645 nullam
2748 2589 3026 2644 utilitatem
3071 2587 3323 2650 habeant,
3364 2586 3448 2640 vel
3490 2585 3643 2640 nobis

2065 2694 2318 2755 perceptu
2347 2684 2582 2740 difﬁcilia
2608 2685 2738 2739 sint.

2142 2777 2292 2832 Fidei
2314 2794 2391 2832 res
2430 2776 2785 2846 quwstionibus
2805 2787 2951 2848 'Opus
2980 2790 3083 2830 non
3124 2774 3326 2829 habent.
3359 2803 3429 2813 —
3458 2770 3645 2826 Viden‘

2066 2885 2224 2941 quam
2257 2871 2354 2925 has
2380 2869 2703 2940 quaestiones
2732 2866 3037 2937 improbet?
3069 2865 3166 2923 Ubi
3194 2866 3336 2921 enim
3372 2862 3504 2918 ﬁdes
3543 2871 3646 2924 est,

2069 2963 2363 3033 quaestione
2390 2978 2494 3017 non
2522 2971 2605 3016 est
2630 2976 2765 3031 Opus
2789 2978 2802 3015 :
2840 2962 2930 3015 ubi
2956 2961 3094 3015 nihil
3123 2962 3334 3015 curiose
3359 2958 3643 3027 inquiren-

2069 3055 2218 3120 dum,
2249 3054 2373 3124 quid
2396 3069 2531 3125 Opus
2556 3063 2639 3110 est
2669 3053 3011 3124 qumstione?
3041 3052 3265 3122 quarstio
3298 3050 3456 3104 ﬁdem
3488 3046 3645 3103 tollit.

2070 3147 2204 3203 Nam
2234 3148 2322 3218 qui
2352 3147 2563 3217 quaerit,
2610 3144 2846 3202 nondum
2882 3144 3085 3200 invenit
3114 3161 3128 3199 :
3176 3142 3266 3213 qui
3294 3142 3513 3211 quaerit,
3544 3155 3652 3195 non

2070 3249 2249 3315 potest
2269 3240 2508 3296 credere.
2537 3237 2663 3293 Ideo
2699 3238 2792 3303 ait,
2817 3237 2893 3292 Ne
2924 3235 3226 3307 hujusmodi
3260 3233 3646 3303 quaestionibus

2072 3350 2291 3406 Operam
2317 3334 2506 3388 demus
2533 3351 2548 3388 :
2578 3346 2699 3387 nam
2722 3332 2768 3387 si
2797 3333 3108 3401 qumrimus,
3134 3327 3187 3382 id
3217 3326 3346 3381 lidcs
3392 3342 3495 3380 non
3524 3334 3609 3378 est
3638 3342 3651 3375 :

2074 3429 2207 3486 ﬁdes
2233 3430 2377 3485 enim
2401 3427 2738 3482 ratiocinium
2761 3424 2930 3478 sedat.
2959 3421 3067 3477 Cur
3110 3436 3209 3490 ego
3244 3419 3318 3472 ait
3359 3417 3605 3473 Christus
3636 3433 3649 3466 :

2079 3522 2299 3589 Qumrite
2320 3530 2366 3576 et
2395 3519 2675 3584 invenietis,
2700 3516 2897 3587 pulsate
2918 3524 2967 3569 et
2991 3514 3249 3584 aperietur
3265 3511 3401 3565 vobis
3427 3508 3644 3581 (Matth.

2076 3617 2130 3670 7.
2160 3616 2191 3668 7
2224 3615 2265 3685 ),
2297 3622 2372 3679 et,
2408 3610 2722 3667 Scrutamini
2756 3608 3074 3676 Scripturas,
3108 3604 3347 3676 quoniam
3383 3603 3434 3655 in
3462 3601 3532 3654 eis
3563 3616 3659 3668 pu-

2080 3711 2197 3764 tatis
2219 3708 2399 3763 habere
2424 3706 2578 3761 vitam
2602 3713 2841 3758 teternam
2866 3700 3044 3773 (Joan.
3074 3699 3127 3754 5.
3160 3696 3294 3766 59)?
3324 3694 3476 3759 Illud,
3510 3694 3659 3759 Qua:-

2077 3802 2192 3866 rite,
2240 3801 2309 3855 de
2355 3795 2709 3869 posmlatione
2749 3793 2945 3848 dicitur
2987 3802 3042 3846 et
3080 3789 3287 3844 ardenti
3339 3786 3608 3841 desiderio
3645 3803 3657 3837 :

2080 3892 2171 3948 hic
2220 3898 2397 3946 autem
2439 3887 2613 3955 illud,
2670 3885 2983 3943 Serutamini
3037 3880 3371 3953 Scripturas,
3432 3894 3536 3933 non
3591 3879 3659 3932 ad

2079 3984 2437 4062 quzestionum
2473 3982 2689 4040 labores
2719 3978 3051 4037 inducendos
3076 3977 3289 4040 dicitur,
3325 3971 3417 4027 sed
3453 3972 3517 4025 ad
3560 3972 3664 4024 tol-

2081 4082 2291 4138 lendos.
2324 4080 2464 4135 Dixit
2485 4077 2652 4143 enim,
2680 4071 2996 4130 Scrutamini
3026 4069 3362 4137 Scripturas;
3412 4064 3512 4118 hoc
3556 4072 3659 4128 est,
3708 4066 3711 4069 “

2083 4186 2139 4228 ut
2165 4181 2413 4228 accurate
2439 4169 2556 4224 illas
2579 4168 2849 4223 discamus
2870 4172 2924 4219 et
2944 4166 3174 4219 sciamus
3199 4174 3212 4223 ;
3239 4171 3345 4213 non
3371 4170 3429 4215 ut
3451 4170 3661 4224 semper

2089 4279 2415 4337 quaeramus,
2438 4262 2533 4320 sed
2554 4270 2613 4317 ut
2639 4259 2912 4332 quaerendi
2937 4259 3098 4313 ﬁnem
3130 4255 3404 4309 faciamus.
3434 4253 3497 4305 lit
3518 4259 3663 4303 recte

2084 4360 2259 4414 dixit:
2314 4356 2579 4411 Denunlia
2636 4350 3006 4423 quisbusdam,
3071 4346 3194 4401 Non
3248 4346 3397 4399 aliter
3450 4342 3664 4402 docere,

2089 4464 2247 4519 neque
2299 4447 2556 4502 intendere
2604 4442 2793 4515 fabulis
2840 4452 2887 4496 et
2934 4438 3241 4510 genealogiis
3286 4432 3663 4495 internu’natis,

2085 4560 2199 4616 qua:
2234 4541 2533 4615 quaestiones
2582 4544 2825 4607 prtestant
2872 4534 3033 4605 magis
3079 4547 3231 4600 quam
3276 4526 3667 4595 wrliﬁcationem

2090 4615 2206 4705 Dei,
2233 4653 2346 4708 qua:
2370 4635 2512 4691 estin
2542 4633 2662 4703 fide.
2696 4630 2865 4685 Recte
2891 4627 3045 4691 dixit,
3074 4621 3496 4690 Ediﬁcationem
3529 4615 3623 4669 Dei
3648 4632 3664 4669 :

2089 4707 2279 4802 magna
2306 4728 2503 4801 quippe
2538 4724 2667 4779 dare
2696 4720 2850 4776 nobis
2872 4717 3044 4773 voluit
3067 4716 3238 4776 Deus;
3266 4712 3360 4767 sed
3390 4726 3495 4764 non
3522 4707 3669 4778 capit

2090 4801 2340 4895 cogitatio
2392 4817 2812 4890 magnitudinem
2870 4808 3330 4882 dispensationum
3373 4804 3511 4874 ejus.
3563 4801 3667 4856 Per

2091 4916 2251 4973 ﬁdem
2281 4929 2408 4984 ergo
2437 4917 2651 4982 oportet
2678 4909 2781 4962 hoc
2812 4904 2947 4971 ﬁeri,
2976 4902 3115 4974 quod
3145 4900 3434 4954 maximum
3456 4897 3666 4951 anima-

2091 5024 2208 5065 rum
2244 5010 2610 5076 pltarmacum.
2643 4999 2880 5067 Qumstio
2911 4996 3068 5065 igitur
3091 5002 3175 5049 est
3216 4989 3532 5047 oeconomiae
3577 4987 3674 5041 Dei

2091 5075 2381 5155 contraria.
2434 5094 2573 5163 Quid
2621 5094 2763 5148 enim
2816 5104 2910 5160 per
2956 5086 3114 5142 ﬁdem
3167 5078 3545 5154 dispensatur?
3601 5075 3671 5132 Ut

2094 5192 2209 5262 ejus
2236 5187 2491 5245 beneﬁcia
2514 5184 2862 5255 excipiamus,
2892 5180 3141 5235 meliores
3162 5174 3478 5239 evadamus,
3511 5184 3574 5224 ac
3603 5169 3670 5224 de

2095 5285 2243 5339 nullo
2288 5280 2592 5336 dubitemus
2636 5286 2693 5332 et
2739 5272 3147 5335 contendamus,
3186 5267 3280 5323 sed
3310 5266 3670 5337 quiescamus.

2092 5378 2222 5445 Quae
2273 5375 2416 5430 enim
2465 5370 2596 5425 ﬁdes
2637 5366 2859 5437 perfecit
2900 5372 2957 5421 et
3000 5360 3302 5422 aediﬁcavit,
3347 5372 3408 5411 ea
3450 5353 3679 5423 qumstio

2093 5470 2308 5536 evertit,
2339 5463 2773 5534 investigationes
2813 5471 3055 5522 movens,
3084 5464 3139 5509 et
3166 5451 3325 5507 ﬁdem
3365 5446 3677 5503 eliminatis.

2096 5563 2273 5632 Neque
2296 5558 2572 5622 intendere,
2595 5555 2789 5625 inquit,
2834 5551 3021 5623 fabulis
3045 5557 3091 5603 et
3118 5543 3424 5619 genealogiis
3450 5541 3679 5632 intermi:

2096 5628 2245 5710 natis.
2279 5653 2347 5707 Et
2371 5650 2495 5722 quid
2527 5662 2726 5705 nocere
2762 5650 3002 5715 possunt,
3041 5638 3275 5709 inquies,
3306 5628 3677 5707 genealogite‘?

2100 5746 2315 5803 Dicebat
2338 5742 2581 5801 Christus
2612 5754 2706 5813 per
2735 5737 2898 5795 ﬁdem
2926 5742 3176 5806 Oportere
3208 5731 3434 5789 salutem
3478 5740 3675 5785 conse—
