  <div class='ocr_page' id='page_1' title='image "/cluster/home/n/w/nwhite01/storage/ocr_20150623/62/nnc1.0046979654/513.png"; bbox 0 0 4090 6396; ppageno 0'>
   <div class='ocr_carea' id='block_1_1' title="bbox 447 314 548 370">
    <p class='ocr_par' dir='ltr' id='par_1_1' title="bbox 447 314 548 370">
     <span class='ocr_line' id='line_1_1' title="bbox 447 314 548 370; baseline -0.03 0"><span class='ocrx_word' id='word_1_1' title='bbox 447 314 548 370; x_wconf 75' lang='grc'><strong>507</strong></span> 
     </span>
    </p>
   </div>
   <div class='ocr_carea' id='block_1_2' title="bbox 445 420 2023 497">
    <p class='ocr_par' dir='ltr' id='par_1_2' title="bbox 445 420 2023 497">
     <span class='ocr_line' id='line_1_2' title="bbox 445 420 2023 497; baseline -0.006 -15"><span class='ocrx_word' id='word_1_2' title='bbox 445 428 579 497; x_wconf 90' lang='lat' dir='ltr'><strong>qui:</strong></span> <span class='ocrx_word' id='word_1_3' title='bbox 642 425 718 480; x_wconf 85' lang='lat' dir='ltr'><strong>illi</strong></span> <span class='ocrx_word' id='word_1_4' title='bbox 764 433 951 480; x_wconf 90' lang='lat' dir='ltr'><strong>contra</strong></span> <span class='ocrx_word' id='word_1_5' title='bbox 988 423 1313 493; x_wconf 60' lang='lat' dir='ltr'><strong>quaestiones</strong></span> <span class='ocrx_word' id='word_1_6' title='bbox 1357 422 1644 477; x_wconf 82' lang='lat' dir='ltr'><strong>movebant</strong></span> <span class='ocrx_word' id='word_1_7' title='bbox 1670 420 2023 489; x_wconf 77' lang='lat' dir='ltr'><strong>dicebantque</strong></span> 
     </span>
    </p>
   </div>
   <div class='ocr_carea' id='block_1_3' title="bbox 450 514 2029 582">
    <p class='ocr_par' dir='ltr' id='par_1_3' title="bbox 450 514 2029 582">
     <span class='ocr_line' id='line_1_3' title="bbox 450 514 2029 582; baseline -0.005 -10"><span class='ocrx_word' id='word_1_8' title='bbox 450 519 555 573; x_wconf 89' lang='lat' dir='ltr'><strong>hoc</strong></span> <span class='ocrx_word' id='word_1_9' title='bbox 586 532 693 573; x_wconf 88' lang='lat' dir='ltr'><strong>non</strong></span> <span class='ocrx_word' id='word_1_10' title='bbox 716 518 789 572; x_wconf 88' lang='lat' dir='ltr'><strong>ita</strong></span> <span class='ocrx_word' id='word_1_11' title='bbox 811 532 870 571; x_wconf 93' lang='lat' dir='ltr'><strong>se</strong></span> <span class='ocrx_word' id='word_1_12' title='bbox 898 515 1118 570; x_wconf 87' lang='lat' dir='ltr'><strong>habere.</strong></span> <span class='ocrx_word' id='word_1_13' title='bbox 1148 515 1252 570; x_wconf 85' lang='lat' dir='ltr'><strong>Sed</strong></span> <span class='ocrx_word' id='word_1_14' title='bbox 1280 514 1421 569; x_wconf 89' lang='lat' dir='ltr'><strong>enim</strong></span> <span class='ocrx_word' id='word_1_15' title='bbox 1447 514 1569 582; x_wconf 87' lang='lat' dir='ltr'><strong>quia</strong></span> <span class='ocrx_word' id='word_1_16' title='bbox 1596 514 1861 568; x_wconf 77' lang='lat' dir='ltr'><strong>sententia</strong></span> <span class='ocrx_word' id='word_1_17' title='bbox 1892 525 2029 579; x_wconf 69' lang='lat' dir='ltr'><strong>pI‘IB-</strong></span> 
     </span>
    </p>
   </div>
   <div class='ocr_carea' id='block_1_4' title="bbox 451 600 2029 677">
    <p class='ocr_par' dir='ltr' id='par_1_4' title="bbox 451 600 2029 677">
     <span class='ocr_line' id='line_1_4' title="bbox 451 600 2029 677; baseline -0.006 -14"><span class='ocrx_word' id='word_1_18' title='bbox 451 610 621 663; x_wconf 87' lang='lat' dir='ltr'><strong>sentis</strong></span> <span class='ocrx_word' id='word_1_19' title='bbox 671 608 932 677; x_wconf 89' lang='lat' dir='ltr'><strong>temporis</strong></span> <span class='ocrx_word' id='word_1_20' title='bbox 978 616 1114 670; x_wconf 89' lang='lat' dir='ltr'><strong>erat,</strong></span> <span class='ocrx_word' id='word_1_21' title='bbox 1172 615 1396 660; x_wconf 83' lang='lat' dir='ltr'><strong>eventus</strong></span> <span class='ocrx_word' id='word_1_22' title='bbox 1452 619 1582 659; x_wconf 88' lang='lat' dir='ltr'><strong>vero</strong></span> <span class='ocrx_word' id='word_1_23' title='bbox 1637 602 1919 657; x_wconf 67' lang='lat' dir='ltr'><strong>sententia:</strong></span> <span class='ocrx_word' id='word_1_24' title='bbox 1974 600 2029 654; x_wconf 91' lang='lat' dir='ltr'><strong>in</strong></span> 
     </span>
    </p>
   </div>
   <div class='ocr_carea' id='block_1_5' title="bbox 450 693 2032 768">
    <p class='ocr_par' dir='ltr' id='par_1_5' title="bbox 450 693 2032 768">
     <span class='ocr_line' id='line_1_5' title="bbox 450 693 2032 768; baseline -0.008 -13"><span class='ocrx_word' id='word_1_25' title='bbox 450 702 651 767; x_wconf 83' lang='lat' dir='ltr'><strong>futuro,</strong></span> <span class='ocrx_word' id='word_1_26' title='bbox 686 700 789 754; x_wconf 92' lang='lat' dir='ltr'><strong>ﬁde</strong></span> <span class='ocrx_word' id='word_1_27' title='bbox 822 713 958 768; x_wconf 86' lang='lat' dir='ltr'><strong>Opus</strong></span> <span class='ocrx_word' id='word_1_28' title='bbox 996 708 1131 752; x_wconf 88' lang='lat' dir='ltr'><strong>erat.</strong></span> <span class='ocrx_word' id='word_1_29' title='bbox 1174 695 1251 750; x_wconf 92' lang='lat' dir='ltr'><strong>llli</strong></span> <span class='ocrx_word' id='word_1_30' title='bbox 1299 710 1429 749; x_wconf 90' lang='lat' dir='ltr'><strong>vero</strong></span> <span class='ocrx_word' id='word_1_31' title='bbox 1473 694 1733 764; x_wconf 79' lang='lat' dir='ltr'><strong>legalibus</strong></span> <span class='ocrx_word' id='word_1_32' title='bbox 1775 693 2032 748; x_wconf 89' lang='lat' dir='ltr'><strong>observa-</strong></span> 
     </span>
    </p>
   </div>
   <div class='ocr_carea' id='block_1_6' title="bbox 453 782 2032 858">
    <p class='ocr_par' dir='ltr' id='par_1_6' title="bbox 453 782 2032 858">
     <span class='ocr_line' id='line_1_6' title="bbox 453 782 2032 858; baseline -0.007 -12"><span class='ocrx_word' id='word_1_33' title='bbox 453 792 686 846; x_wconf 82' lang='lat' dir='ltr'><strong>tionibus</strong></span> <span class='ocrx_word' id='word_1_34' title='bbox 736 790 1038 858; x_wconf 88' lang='lat' dir='ltr'><strong>intercepti,</strong></span> <span class='ocrx_word' id='word_1_35' title='bbox 1091 788 1213 842; x_wconf 88' lang='lat' dir='ltr'><strong>ﬁdei</strong></span> <span class='ocrx_word' id='word_1_36' title='bbox 1256 785 1642 856; x_wconf 88' lang='lat' dir='ltr'><strong>impedimento</strong></span> <span class='ocrx_word' id='word_1_37' title='bbox 1686 794 1859 839; x_wconf 88' lang='lat' dir='ltr'><strong>erant.</strong></span> <span class='ocrx_word' id='word_1_38' title='bbox 1895 782 2032 837; x_wconf 90' lang='lat' dir='ltr'><strong>Puto</strong></span> 
     </span>
    </p>
   </div>
   <div class='ocr_carea' id='block_1_7' title="bbox 450 874 2031 938">
    <p class='ocr_par' dir='ltr' id='par_1_7' title="bbox 450 874 2031 938">
     <span class='ocr_line' id='line_1_7' title="bbox 450 874 2031 938; baseline -0.007 -1"><span class='ocrx_word' id='word_1_39' title='bbox 450 892 627 938; x_wconf 84' lang='lat' dir='ltr'><strong>autem</strong></span> <span class='ocrx_word' id='word_1_40' title='bbox 678 882 829 936; x_wconf 93' lang='lat' dir='ltr'><strong>illum</strong></span> <span class='ocrx_word' id='word_1_41' title='bbox 886 880 972 934; x_wconf 92' lang='lat' dir='ltr'><strong>hic</strong></span> <span class='ocrx_word' id='word_1_42' title='bbox 1024 879 1241 934; x_wconf 63' lang='lat' dir='ltr'><strong>Graecos</strong></span> <span class='ocrx_word' id='word_1_43' title='bbox 1290 879 1453 932; x_wconf 90' lang='lat' dir='ltr'><strong>etiam</strong></span> <span class='ocrx_word' id='word_1_44' title='bbox 1500 874 1859 937; x_wconf 85' lang='lat' dir='ltr'><strong>subindicare,</strong></span> <span class='ocrx_word' id='word_1_45' title='bbox 1910 887 2031 927; x_wconf 91' lang='lat' dir='ltr'><strong>cum</strong></span> 
     </span>
    </p>
   </div>
   <div class='ocr_carea' id='block_1_8' title="bbox 453 967 2034 1045">
    <p class='ocr_par' dir='ltr' id='par_1_8' title="bbox 453 967 2034 1045">
     <span class='ocr_line' id='line_1_8' title="bbox 453 967 2034 1045; baseline -0.005 -16"><span class='ocrx_word' id='word_1_46' title='bbox 453 976 603 1039; x_wconf 91' lang='lat' dir='ltr'><strong>dicit,</strong></span> <span class='ocrx_word' id='word_1_47' title='bbox 631 975 845 1029; x_wconf 79' lang='lat' dir='ltr'><strong>Fabulis</strong></span> <span class='ocrx_word' id='word_1_48' title='bbox 872 984 917 1028; x_wconf 83' lang='lat' dir='ltr'><strong>et</strong></span> <span class='ocrx_word' id='word_1_49' title='bbox 940 973 1267 1045; x_wconf 68' lang='lat' dir='ltr'><strong>geneaiagiis,</strong></span> <span class='ocrx_word' id='word_1_50' title='bbox 1294 979 1479 1041; x_wconf 85' lang='lat' dir='ltr'><strong>utpote</strong></span> <span class='ocrx_word' id='word_1_51' title='bbox 1506 983 1626 1025; x_wconf 88' lang='lat' dir='ltr'><strong>cum</strong></span> <span class='ocrx_word' id='word_1_52' title='bbox 1652 968 1727 1025; x_wconf 85' lang='lat' dir='ltr'><strong>illi</strong></span> <span class='ocrx_word' id='word_1_53' title='bbox 1748 967 1877 1023; x_wconf 90' lang='lat' dir='ltr'><strong>deos</strong></span> <span class='ocrx_word' id='word_1_54' title='bbox 1906 979 2034 1023; x_wconf 87' lang='lat' dir='ltr'><strong>suos</strong></span> 
     </span>
    </p>
   </div>
   <div class='ocr_carea' id='block_1_9' title="bbox 451 1077 853 1123">
    <p class='ocr_par' dir='ltr' id='par_1_9' title="bbox 451 1077 853 1123">
     <span class='ocr_line' id='line_1_9' title="bbox 451 1077 853 1123; baseline -0.005 0"><span class='ocrx_word' id='word_1_55' title='bbox 451 1077 853 1123; x_wconf 87' lang='lat' dir='ltr'><strong>enumerarent.</strong></span> 
     </span>
    </p>
   </div>
   <div class='ocr_carea' id='block_1_10' title="bbox 522 1150 2034 1230">
    <p class='ocr_par' dir='ltr' id='par_1_10' title="bbox 522 1150 2034 1230">
     <span class='ocr_line' id='line_1_10' title="bbox 522 1150 2034 1230; baseline -0.007 -14"><span class='ocrx_word' id='word_1_56' title='bbox 522 1162 577 1216; x_wconf 77' lang='grc'><strong>5.</strong></span> <span class='ocrx_word' id='word_1_57' title='bbox 619 1159 696 1215; x_wconf 89' lang='lat' dir='ltr'><strong>Ne</strong></span> <span class='ocrx_word' id='word_1_58' title='bbox 731 1160 890 1230; x_wconf 79' lang='lat' dir='ltr'><strong>igitur</strong></span> <span class='ocrx_word' id='word_1_59' title='bbox 918 1157 1253 1214; x_wconf 90' lang='lat' dir='ltr'><strong>attendamus</strong></span> <span class='ocrx_word' id='word_1_60' title='bbox 1283 1154 1664 1226; x_wconf 67' lang='lat' dir='ltr'><strong>quaestionibus</strong></span> <span class='ocrx_word' id='word_1_61' title='bbox 1692 1171 1706 1208; x_wconf 90' lang='lat'>:</span> <span class='ocrx_word' id='word_1_62' title='bbox 1736 1151 1861 1208; x_wconf 90' lang='lat' dir='ltr'><strong>ideo</strong></span> <span class='ocrx_word' id='word_1_63' title='bbox 1887 1150 2034 1206; x_wconf 88' lang='lat' dir='ltr'><strong>enim</strong></span> 
     </span>
    </p>
   </div>
   <div class='ocr_carea' id='block_1_11' title="bbox 456 1242 2033 1316">
    <p class='ocr_par' dir='ltr' id='par_1_11' title="bbox 456 1242 2033 1316">
     <span class='ocr_line' id='line_1_11' title="bbox 456 1242 2033 1316; baseline -0.007 -10"><span class='ocrx_word' id='word_1_64' title='bbox 456 1253 640 1309; x_wconf 88' lang='lat' dir='ltr'><strong>lideles</strong></span> <span class='ocrx_word' id='word_1_65' title='bbox 663 1266 943 1316; x_wconf 85' lang='lat' dir='ltr'><strong>vocamur,</strong></span> <span class='ocrx_word' id='word_1_66' title='bbox 969 1259 1029 1304; x_wconf 92' lang='lat' dir='ltr'><strong>ut</strong></span> <span class='ocrx_word' id='word_1_67' title='bbox 1056 1249 1175 1304; x_wconf 89' lang='lat' dir='ltr'><strong>sine</strong></span> <span class='ocrx_word' id='word_1_68' title='bbox 1215 1248 1322 1304; x_wconf 89' lang='lat' dir='ltr'><strong>ulla</strong></span> <span class='ocrx_word' id='word_1_69' title='bbox 1359 1245 1693 1302; x_wconf 79' lang='lat' dir='ltr'><strong>dubitatione</strong></span> <span class='ocrx_word' id='word_1_70' title='bbox 1730 1242 1889 1299; x_wconf 89' lang='lat' dir='ltr'><strong>dictis</strong></span> <span class='ocrx_word' id='word_1_71' title='bbox 1914 1256 2033 1296; x_wconf 84' lang='lat' dir='ltr'><strong>cre-</strong></span> 
     </span>
    </p>
   </div>
   <div class='ocr_carea' id='block_1_12' title="bbox 452 1336 2034 1411">
    <p class='ocr_par' dir='ltr' id='par_1_12' title="bbox 452 1336 2034 1411">
     <span class='ocr_line' id='line_1_12' title="bbox 452 1336 2034 1411; baseline -0.007 -12"><span class='ocrx_word' id='word_1_72' title='bbox 452 1346 665 1411; x_wconf 86' lang='lat' dir='ltr'><strong>damus,</strong></span> <span class='ocrx_word' id='word_1_73' title='bbox 694 1352 750 1400; x_wconf 91' lang='lat' dir='ltr'><strong>et</strong></span> <span class='ocrx_word' id='word_1_74' title='bbox 778 1343 914 1398; x_wconf 89' lang='lat' dir='ltr'><strong>nihil</strong></span> <span class='ocrx_word' id='word_1_75' title='bbox 940 1342 1265 1397; x_wconf 89' lang='lat' dir='ltr'><strong>dubitemus.</strong></span> <span class='ocrx_word' id='word_1_76' title='bbox 1297 1340 1354 1396; x_wconf 87' lang='lat' dir='ltr'><strong>Si</strong></span> <span class='ocrx_word' id='word_1_77' title='bbox 1380 1339 1524 1395; x_wconf 90' lang='lat' dir='ltr'><strong>enim</strong></span> <span class='ocrx_word' id='word_1_78' title='bbox 1552 1338 1642 1393; x_wconf 89' lang='lat' dir='ltr'><strong>illa</strong></span> <span class='ocrx_word' id='word_1_79' title='bbox 1676 1336 1906 1391; x_wconf 89' lang='lat' dir='ltr'><strong>humana</strong></span> <span class='ocrx_word' id='word_1_80' title='bbox 1943 1348 2034 1389; x_wconf 90' lang='lat' dir='ltr'><strong>es-</strong></span> 
     </span>
    </p>
   </div>
   <div class='ocr_carea' id='block_1_13' title="bbox 454 1426 2037 1506">
    <p class='ocr_par' dir='ltr' id='par_1_13' title="bbox 454 1426 2037 1506">
     <span class='ocr_line' id='line_1_13' title="bbox 454 1426 2037 1506; baseline -0.007 -15"><span class='ocrx_word' id='word_1_81' title='bbox 454 1446 597 1503; x_wconf 92' lang='lat' dir='ltr'><strong>sent,</strong></span> <span class='ocrx_word' id='word_1_82' title='bbox 638 1442 913 1506; x_wconf 88' lang='lat' dir='ltr'><strong>oporteret</strong></span> <span class='ocrx_word' id='word_1_83' title='bbox 955 1434 1043 1488; x_wconf 87' lang='lat' dir='ltr'><strong>illa</strong></span> <span class='ocrx_word' id='word_1_84' title='bbox 1090 1440 1339 1487; x_wconf 89' lang='lat' dir='ltr'><strong>accurate</strong></span> <span class='ocrx_word' id='word_1_85' title='bbox 1378 1428 1608 1485; x_wconf 90' lang='lat' dir='ltr'><strong>scrutari</strong></span> <span class='ocrx_word' id='word_1_86' title='bbox 1641 1444 1657 1484; x_wconf 89' lang='lat'><strong>:</strong></span> <span class='ocrx_word' id='word_1_87' title='bbox 1688 1426 1735 1481; x_wconf 87' lang='lat' dir='ltr'><strong>si</strong></span> <span class='ocrx_word' id='word_1_88' title='bbox 1765 1440 1895 1482; x_wconf 91' lang='lat' dir='ltr'><strong>vero</strong></span> <span class='ocrx_word' id='word_1_89' title='bbox 1938 1426 2037 1481; x_wconf 88' lang='lat' dir='ltr'><strong>Dei</strong></span> 
     </span>
    </p>
   </div>
   <div class='ocr_carea' id='block_1_14' title="bbox 455 1518 2036 1593">
    <p class='ocr_par' dir='ltr' id='par_1_14' title="bbox 455 1518 2036 1593">
     <span class='ocr_line' id='line_1_14' title="bbox 455 1518 2036 1593; baseline -0.006 -11"><span class='ocrx_word' id='word_1_90' title='bbox 455 1536 599 1593; x_wconf 90' lang='lat' dir='ltr'><strong>sunt,</strong></span> <span class='ocrx_word' id='word_1_91' title='bbox 632 1527 723 1582; x_wconf 91' lang='lat' dir='ltr'><strong>illa</strong></span> <span class='ocrx_word' id='word_1_92' title='bbox 753 1527 1018 1581; x_wconf 91' lang='lat' dir='ltr'><strong>honorare</strong></span> <span class='ocrx_word' id='word_1_93' title='bbox 1049 1533 1253 1579; x_wconf 88' lang='lat' dir='ltr'><strong>tantum</strong></span> <span class='ocrx_word' id='word_1_94' title='bbox 1281 1530 1513 1593; x_wconf 88' lang='lat' dir='ltr'><strong>oportet,</strong></span> <span class='ocrx_word' id='word_1_95' title='bbox 1546 1529 1602 1576; x_wconf 91' lang='lat' dir='ltr'><strong>et</strong></span> <span class='ocrx_word' id='word_1_96' title='bbox 1642 1519 1903 1585; x_wconf 88' lang='lat' dir='ltr'><strong>credere;</strong></span> <span class='ocrx_word' id='word_1_97' title='bbox 1949 1518 2036 1572; x_wconf 91' lang='lat' dir='ltr'><strong>sin</strong></span> 
     </span>
    </p>
   </div>
   <div class='ocr_carea' id='block_1_15' title="bbox 456 1609 2035 1686">
    <p class='ocr_par' dir='ltr' id='par_1_15' title="bbox 456 1609 2035 1686">
     <span class='ocr_line' id='line_1_15' title="bbox 456 1609 2035 1686; baseline -0.005 -13"><span class='ocrx_word' id='word_1_98' title='bbox 456 1634 564 1673; x_wconf 89' lang='lat' dir='ltr'><strong>non</strong></span> <span class='ocrx_word' id='word_1_99' title='bbox 602 1618 908 1684; x_wconf 90' lang='lat' dir='ltr'><strong>credamus,</strong></span> <span class='ocrx_word' id='word_1_100' title='bbox 953 1633 1129 1686; x_wconf 92' lang='lat' dir='ltr'><strong>neque</strong></span> <span class='ocrx_word' id='word_1_101' title='bbox 1162 1616 1326 1670; x_wconf 90' lang='lat' dir='ltr'><strong>Deum</strong></span> <span class='ocrx_word' id='word_1_102' title='bbox 1371 1627 1491 1669; x_wconf 92' lang='lat' dir='ltr'><strong>esse</strong></span> <span class='ocrx_word' id='word_1_103' title='bbox 1521 1626 1834 1683; x_wconf 86' lang='lat' dir='ltr'><strong>persuasum</strong></span> <span class='ocrx_word' id='word_1_104' title='bbox 1879 1609 2035 1665; x_wconf 91' lang='lat' dir='ltr'><strong>nobis</strong></span> 
     </span>
    </p>
   </div>
   <div class='ocr_carea' id='block_1_16' title="bbox 455 1699 2037 1777">
    <p class='ocr_par' dir='ltr' id='par_1_16' title="bbox 455 1699 2037 1777">
     <span class='ocr_line' id='line_1_16' title="bbox 455 1699 2037 1777; baseline -0.007 -11"><span class='ocrx_word' id='word_1_105' title='bbox 455 1713 576 1766; x_wconf 87' lang='lat' dir='ltr'><strong>erit.</strong></span> <span class='ocrx_word' id='word_1_106' title='bbox 609 1709 890 1777; x_wconf 82' lang='lat' dir='ltr'><strong>Quomodo</strong></span> <span class='ocrx_word' id='word_1_107' title='bbox 918 1709 1061 1765; x_wconf 90' lang='lat' dir='ltr'><strong>enim</strong></span> <span class='ocrx_word' id='word_1_108' title='bbox 1088 1707 1227 1761; x_wconf 90' lang='lat' dir='ltr'><strong>nosti</strong></span> <span class='ocrx_word' id='word_1_109' title='bbox 1256 1706 1419 1761; x_wconf 90' lang='lat' dir='ltr'><strong>Deum</strong></span> <span class='ocrx_word' id='word_1_110' title='bbox 1450 1718 1592 1769; x_wconf 91' lang='lat' dir='ltr'><strong>esse,</strong></span> <span class='ocrx_word' id='word_1_111' title='bbox 1620 1704 1665 1758; x_wconf 87' lang='lat' dir='ltr'><strong>si</strong></span> <span class='ocrx_word' id='word_1_112' title='bbox 1693 1702 1931 1757; x_wconf 85' lang='lat' dir='ltr'><strong>rationes</strong></span> <span class='ocrx_word' id='word_1_113' title='bbox 1968 1699 2037 1755; x_wconf 89' lang='lat' dir='ltr'><strong>ab</strong></span> 
     </span>
    </p>
   </div>
   <div class='ocr_carea' id='block_1_17' title="bbox 457 1797 2038 1873">
    <p class='ocr_par' dir='ltr' id='par_1_17' title="bbox 457 1797 2038 1873">
     <span class='ocr_line' id='line_1_17' title="bbox 457 1797 2038 1873; baseline -0.006 -15"><span class='ocrx_word' id='word_1_114' title='bbox 457 1805 548 1860; x_wconf 89' lang='lat' dir='ltr'><strong>illo</strong></span> <span class='ocrx_word' id='word_1_115' title='bbox 596 1802 851 1873; x_wconf 88' lang='lat' dir='ltr'><strong>repetas?</strong></span> <span class='ocrx_word' id='word_1_116' title='bbox 904 1802 1019 1858; x_wconf 82' lang='lat' dir='ltr'><strong>Hoc</strong></span> <span class='ocrx_word' id='word_1_117' title='bbox 1062 1801 1292 1871; x_wconf 90' lang='lat' dir='ltr'><strong>primum</strong></span> <span class='ocrx_word' id='word_1_118' title='bbox 1338 1797 1593 1852; x_wconf 91' lang='lat' dir='ltr'><strong>indicium</strong></span> <span class='ocrx_word' id='word_1_119' title='bbox 1641 1803 1726 1851; x_wconf 89' lang='lat' dir='ltr'><strong>est</strong></span> <span class='ocrx_word' id='word_1_120' title='bbox 1767 1804 1821 1850; x_wconf 94' lang='lat' dir='ltr'><strong>te</strong></span> <span class='ocrx_word' id='word_1_121' title='bbox 1876 1806 2038 1849; x_wconf 91' lang='lat' dir='ltr'><strong>nosse</strong></span> 
     </span>
    </p>
   </div>
   <div class='ocr_carea' id='block_1_18' title="bbox 458 1886 2034 1961">
    <p class='ocr_par' dir='ltr' id='par_1_18' title="bbox 458 1886 2034 1961">
     <span class='ocr_line' id='line_1_18' title="bbox 458 1886 2034 1961; baseline -0.008 -11"><span class='ocrx_word' id='word_1_122' title='bbox 458 1898 646 1959; x_wconf 86' lang='lat' dir='ltr'><strong>Deum,</strong></span> <span class='ocrx_word' id='word_1_123' title='bbox 681 1895 725 1949; x_wconf 90' lang='lat' dir='ltr'><strong>si</strong></span> <span class='ocrx_word' id='word_1_124' title='bbox 752 1893 943 1949; x_wconf 89' lang='lat' dir='ltr'><strong>credas</strong></span> <span class='ocrx_word' id='word_1_125' title='bbox 972 1893 1036 1947; x_wconf 93' lang='lat' dir='ltr'><strong>iis</strong></span> <span class='ocrx_word' id='word_1_126' title='bbox 1066 1906 1184 1961; x_wconf 77' lang='lat' dir='ltr'><strong>qum</strong></span> <span class='ocrx_word' id='word_1_127' title='bbox 1212 1890 1298 1943; x_wconf 89' lang='lat' dir='ltr'><strong>ille</strong></span> <span class='ocrx_word' id='word_1_128' title='bbox 1325 1889 1453 1943; x_wconf 88' lang='lat' dir='ltr'><strong>dicit</strong></span> <span class='ocrx_word' id='word_1_129' title='bbox 1481 1888 1597 1943; x_wconf 90' lang='lat' dir='ltr'><strong>sine</strong></span> <span class='ocrx_word' id='word_1_130' title='bbox 1624 1886 1953 1955; x_wconf 77' lang='lat' dir='ltr'><strong>argumentis</strong></span> <span class='ocrx_word' id='word_1_131' title='bbox 1979 1893 2034 1939; x_wconf 89' lang='lat' dir='ltr'><strong>et</strong></span> 
     </span>
    </p>
   </div>
   <div class='ocr_carea' id='block_1_19' title="bbox 458 1975 2035 2054">
    <p class='ocr_par' dir='ltr' id='par_1_19' title="bbox 458 1975 2035 2054">
     <span class='ocr_line' id='line_1_19' title="bbox 458 1975 2035 2054; baseline -0.006 -15"><span class='ocrx_word' id='word_1_132' title='bbox 458 1984 885 2054; x_wconf 87' lang='lat' dir='ltr'><strong>probationibus.</strong></span> <span class='ocrx_word' id='word_1_133' title='bbox 909 1983 1023 2037; x_wconf 84' lang='lat' dir='ltr'><strong>Hoc</strong></span> <span class='ocrx_word' id='word_1_134' title='bbox 1049 1991 1103 2036; x_wconf 90' lang='lat' dir='ltr'><strong>et</strong></span> <span class='ocrx_word' id='word_1_135' title='bbox 1129 1980 1300 2036; x_wconf 86' lang='lat' dir='ltr'><strong>Graeci</strong></span> <span class='ocrx_word' id='word_1_136' title='bbox 1322 1981 1497 2034; x_wconf 87' lang='lat' dir='ltr'><strong>sciunt</strong></span> <span class='ocrx_word' id='word_1_137' title='bbox 1528 1996 1541 2032; x_wconf 92' lang='lat'>:</span> <span class='ocrx_word' id='word_1_138' title='bbox 1571 1978 1863 2034; x_wconf 89' lang='lat' dir='ltr'><strong>credebant</strong></span> <span class='ocrx_word' id='word_1_139' title='bbox 1892 1975 2035 2032; x_wconf 91' lang='lat' dir='ltr'><strong>enim</strong></span> 
     </span>
    </p>
   </div>
   <div class='ocr_carea' id='block_1_20' title="bbox 457 2070 2036 2143">
    <p class='ocr_par' dir='ltr' id='par_1_20' title="bbox 457 2070 2036 2143">
     <span class='ocr_line' id='line_1_20' title="bbox 457 2070 2036 2143; baseline -0.005 -10"><span class='ocrx_word' id='word_1_140' title='bbox 457 2079 561 2133; x_wconf 90' lang='lat' dir='ltr'><strong>diis</strong></span> <span class='ocrx_word' id='word_1_141' title='bbox 605 2078 765 2133; x_wconf 91' lang='lat' dir='ltr'><strong>etiam</strong></span> <span class='ocrx_word' id='word_1_142' title='bbox 814 2078 934 2132; x_wconf 90' lang='lat' dir='ltr'><strong>sine</strong></span> <span class='ocrx_word' id='word_1_143' title='bbox 984 2074 1181 2130; x_wconf 89' lang='lat' dir='ltr'><strong>indicio</strong></span> <span class='ocrx_word' id='word_1_144' title='bbox 1220 2083 1276 2129; x_wconf 89' lang='lat' dir='ltr'><strong>et</strong></span> <span class='ocrx_word' id='word_1_145' title='bbox 1318 2073 1635 2143; x_wconf 86' lang='lat' dir='ltr'><strong>probatione</strong></span> <span class='ocrx_word' id='word_1_146' title='bbox 1671 2070 2036 2142; x_wconf 86' lang='lat' dir='ltr'><strong>loquentibus.</strong></span> 
     </span>
    </p>
   </div>
   <div class='ocr_carea' id='block_1_21' title="bbox 457 2159 2040 2237">
    <p class='ocr_par' dir='ltr' id='par_1_21' title="bbox 457 2159 2040 2237">
     <span class='ocr_line' id='line_1_21' title="bbox 457 2159 2040 2237; baseline -0.005 -14"><span class='ocrx_word' id='word_1_147' title='bbox 457 2169 680 2237; x_wconf 84' lang='lat' dir='ltr'><strong>Quare?</strong></span> <span class='ocrx_word' id='word_1_148' title='bbox 706 2168 841 2236; x_wconf 85' lang='lat' dir='ltr'><strong>Quia</strong></span> <span class='ocrx_word' id='word_1_149' title='bbox 879 2167 955 2222; x_wconf 88' lang='lat' dir='ltr'><strong>illi</strong></span> <span class='ocrx_word' id='word_1_150' title='bbox 986 2181 1055 2221; x_wconf 79' lang='lat' dir='ltr'><strong>ex</strong></span> <span class='ocrx_word' id='word_1_151' title='bbox 1080 2165 1184 2220; x_wconf 91' lang='lat' dir='ltr'><strong>diis</strong></span> <span class='ocrx_word' id='word_1_152' title='bbox 1213 2165 1319 2219; x_wconf 91' lang='lat' dir='ltr'><strong>orti</strong></span> <span class='ocrx_word' id='word_1_153' title='bbox 1348 2171 1522 2219; x_wconf 90' lang='lat' dir='ltr'><strong>erant.</strong></span> <span class='ocrx_word' id='word_1_154' title='bbox 1554 2161 1743 2219; x_wconf 83' lang='lat' dir='ltr'><strong>Viden’</strong></span> <span class='ocrx_word' id='word_1_155' title='bbox 1769 2159 2040 2233; x_wconf 91' lang='lat' dir='ltr'><strong>quomodo</strong></span> 
     </span>
    </p>
   </div>
   <div class='ocr_carea' id='block_1_22' title="bbox 460 2250 2042 2329">
    <p class='ocr_par' dir='ltr' id='par_1_22' title="bbox 460 2250 2042 2329">
     <span class='ocr_line' id='line_1_22' title="bbox 460 2250 2042 2329; baseline -0.005 -15"><span class='ocrx_word' id='word_1_156' title='bbox 460 2260 631 2315; x_wconf 82' lang='lat' dir='ltr'><strong>Graeci</strong></span> <span class='ocrx_word' id='word_1_157' title='bbox 658 2273 875 2329; x_wconf 91' lang='lat' dir='ltr'><strong>quoque</strong></span> <span class='ocrx_word' id='word_1_158' title='bbox 914 2256 969 2313; x_wconf 91' lang='lat' dir='ltr'><strong>id</strong></span> <span class='ocrx_word' id='word_1_159' title='bbox 1016 2254 1309 2311; x_wconf 90' lang='lat' dir='ltr'><strong>noverint?</strong></span> <span class='ocrx_word' id='word_1_160' title='bbox 1340 2253 1545 2324; x_wconf 90' lang='lat' dir='ltr'><strong>Ecquid</strong></span> <span class='ocrx_word' id='word_1_161' title='bbox 1573 2253 1641 2309; x_wconf 92' lang='lat' dir='ltr'><strong>de</strong></span> <span class='ocrx_word' id='word_1_162' title='bbox 1685 2252 1791 2307; x_wconf 89' lang='lat' dir='ltr'><strong>diis</strong></span> <span class='ocrx_word' id='word_1_163' title='bbox 1818 2250 2042 2322; x_wconf 86' lang='lat' dir='ltr'><strong>loquor?</strong></span> 
     </span>
    </p>
   </div>
   <div class='ocr_carea' id='block_1_23' title="bbox 462 2343 2040 2420">
    <p class='ocr_par' dir='ltr' id='par_1_23' title="bbox 462 2343 2040 2420">
     <span class='ocr_line' id='line_1_23' title="bbox 462 2343 2040 2420; baseline -0.005 -17"><span class='ocrx_word' id='word_1_164' title='bbox 462 2350 666 2404; x_wconf 89' lang='lat' dir='ltr'><strong>homini</strong></span> <span class='ocrx_word' id='word_1_165' title='bbox 688 2363 900 2420; x_wconf 93' lang='lat' dir='ltr'><strong>quoque</strong></span> <span class='ocrx_word' id='word_1_166' title='bbox 920 2346 1080 2403; x_wconf 89' lang='lat' dir='ltr'><strong>ﬁdem</strong></span> <span class='ocrx_word' id='word_1_167' title='bbox 1103 2344 1368 2401; x_wconf 86' lang='lat' dir='ltr'><strong>habebant</strong></span> <span class='ocrx_word' id='word_1_168' title='bbox 1392 2343 1762 2415; x_wconf 65' lang='lat' dir='ltr'><strong>prmstigiatori</strong></span> <span class='ocrx_word' id='word_1_169' title='bbox 1783 2351 1839 2399; x_wconf 89' lang='lat' dir='ltr'><strong>et</strong></span> <span class='ocrx_word' id='word_1_170' title='bbox 1859 2356 2040 2413; x_wconf 85' lang='lat' dir='ltr'><strong>mago,</strong></span> 
     </span>
    </p>
   </div>
   <div class='ocr_carea' id='block_1_24' title="bbox 463 2434 2041 2510">
    <p class='ocr_par' dir='ltr' id='par_1_24' title="bbox 463 2434 2041 2510">
     <span class='ocr_line' id='line_1_24' title="bbox 463 2434 2041 2510; baseline -0.005 -16"><span class='ocrx_word' id='word_1_171' title='bbox 463 2441 785 2510; x_wconf 69' lang='lat' dir='ltr'><strong>Pythagora:</strong></span> <span class='ocrx_word' id='word_1_172' title='bbox 812 2452 1036 2508; x_wconf 89' lang='lat' dir='ltr'><strong>nempe;</strong></span> <span class='ocrx_word' id='word_1_173' title='bbox 1065 2435 1177 2492; x_wconf 82' lang='lat' dir='ltr'><strong>Hoc</strong></span> <span class='ocrx_word' id='word_1_174' title='bbox 1205 2436 1295 2491; x_wconf 89' lang='lat' dir='ltr'><strong>ille</strong></span> <span class='ocrx_word' id='word_1_175' title='bbox 1322 2434 1456 2491; x_wconf 81' lang='lat' dir='ltr'><strong>dixit</strong></span> <span class='ocrx_word' id='word_1_176' title='bbox 1487 2435 1564 2506; x_wconf 91' lang='lat' dir='ltr'><strong>(a)</strong></span> <span class='ocrx_word' id='word_1_177' title='bbox 1591 2451 1605 2488; x_wconf 89' lang='lat'><strong>:</strong></span> <span class='ocrx_word' id='word_1_178' title='bbox 1634 2442 1793 2503; x_wconf 90' lang='lat' dir='ltr'><strong>atque</strong></span> <span class='ocrx_word' id='word_1_179' title='bbox 1820 2434 1875 2488; x_wconf 91' lang='lat' dir='ltr'><strong>in</strong></span> <span class='ocrx_word' id='word_1_180' title='bbox 1902 2441 2041 2487; x_wconf 86' lang='lat' dir='ltr'><strong>tem-</strong></span> 
     </span>
    </p>
   </div>
   <div class='ocr_carea' id='block_1_25' title="bbox 463 2523 2043 2604">
    <p class='ocr_par' dir='ltr' id='par_1_25' title="bbox 463 2523 2043 2604">
     <span class='ocr_line' id='line_1_25' title="bbox 463 2523 2043 2604; baseline -0.006 -18"><span class='ocrx_word' id='word_1_181' title='bbox 463 2533 568 2604; x_wconf 90' lang='lat' dir='ltr'><strong>plis</strong></span> <span class='ocrx_word' id='word_1_182' title='bbox 598 2545 833 2602; x_wconf 90' lang='lat' dir='ltr'><strong>superne</strong></span> <span class='ocrx_word' id='word_1_183' title='bbox 861 2530 1134 2586; x_wconf 90' lang='lat' dir='ltr'><strong>silentium</strong></span> <span class='ocrx_word' id='word_1_184' title='bbox 1166 2528 1478 2596; x_wconf 86' lang='lat' dir='ltr'><strong>inscriptum</strong></span> <span class='ocrx_word' id='word_1_185' title='bbox 1507 2534 1662 2591; x_wconf 90' lang='lat' dir='ltr'><strong>erat;</strong></span> <span class='ocrx_word' id='word_1_186' title='bbox 1703 2523 2043 2580; x_wconf 85' lang='lat' dir='ltr'><strong>continebat-</strong></span> 
     </span>
    </p>
   </div>
   <div class='ocr_carea' id='block_1_26' title="bbox 463 2617 2045 2692">
    <p class='ocr_par' dir='ltr' id='par_1_26' title="bbox 463 2617 2045 2692">
     <span class='ocr_line' id='line_1_26' title="bbox 463 2617 2045 2692; baseline -0.003 -17"><span class='ocrx_word' id='word_1_187' title='bbox 463 2638 568 2691; x_wconf 86' lang='lat' dir='ltr'><strong>que</strong></span> <span class='ocrx_word' id='word_1_188' title='bbox 595 2622 762 2692; x_wconf 84' lang='lat' dir='ltr'><strong>digito</strong></span> <span class='ocrx_word' id='word_1_189' title='bbox 813 2636 894 2687; x_wconf 91' lang='lat' dir='ltr'><strong>os,</strong></span> <span class='ocrx_word' id='word_1_190' title='bbox 943 2629 997 2676; x_wconf 89' lang='lat' dir='ltr'><strong>et</strong></span> <span class='ocrx_word' id='word_1_191' title='bbox 1024 2620 1161 2674; x_wconf 88' lang='lat' dir='ltr'><strong>labia</strong></span> <span class='ocrx_word' id='word_1_192' title='bbox 1208 2617 1615 2686; x_wconf 89' lang='lat' dir='ltr'><strong>comprimebat,</strong></span> <span class='ocrx_word' id='word_1_193' title='bbox 1660 2623 2045 2686; x_wconf 69' lang='lat' dir='ltr'><strong>praetereuntes</strong></span> 
     </span>
    </p>
   </div>
   <div class='ocr_carea' id='block_1_27' title="bbox 461 2706 2038 2779">
    <p class='ocr_par' dir='ltr' id='par_1_27' title="bbox 461 2706 2038 2779">
     <span class='ocr_line' id='line_1_27' title="bbox 461 2706 2038 2779; baseline -0.006 -10"><span class='ocrx_word' id='word_1_194' title='bbox 461 2729 651 2769; x_wconf 84' lang='lat' dir='ltr'><strong>omnes</strong></span> <span class='ocrx_word' id='word_1_195' title='bbox 678 2722 735 2768; x_wconf 90' lang='lat' dir='ltr'><strong>ut</strong></span> <span class='ocrx_word' id='word_1_196' title='bbox 763 2714 984 2768; x_wconf 89' lang='lat' dir='ltr'><strong>silerent</strong></span> <span class='ocrx_word' id='word_1_197' title='bbox 1026 2710 1304 2769; x_wconf 79' lang='lat' dir='ltr'><strong>monebat.</strong></span> <span class='ocrx_word' id='word_1_198' title='bbox 1329 2709 1545 2779; x_wconf 83' lang='lat' dir='ltr'><strong>Ergone</strong></span> <span class='ocrx_word' id='word_1_199' title='bbox 1574 2708 1667 2761; x_wconf 91' lang='lat' dir='ltr'><strong>illa</strong></span> <span class='ocrx_word' id='word_1_200' title='bbox 1703 2706 2038 2762; x_wconf 88' lang='lat' dir='ltr'><strong>honorabilia</strong></span> 
     </span>
    </p>
   </div>
   <div class='ocr_carea' id='block_1_28' title="bbox 464 2797 2046 2873">
    <p class='ocr_par' dir='ltr' id='par_1_28' title="bbox 464 2797 2046 2873">
     <span class='ocr_line' id='line_1_28' title="bbox 464 2797 2046 2873; baseline -0.004 -13"><span class='ocrx_word' id='word_1_201' title='bbox 464 2813 610 2871; x_wconf 90' lang='lat' dir='ltr'><strong>sunt,</strong></span> <span class='ocrx_word' id='word_1_202' title='bbox 661 2813 716 2860; x_wconf 92' lang='lat' dir='ltr'><strong>et</strong></span> <span class='ocrx_word' id='word_1_203' title='bbox 744 2819 851 2858; x_wconf 89' lang='lat' dir='ltr'><strong>non</strong></span> <span class='ocrx_word' id='word_1_204' title='bbox 880 2802 1101 2873; x_wconf 89' lang='lat' dir='ltr'><strong>perinde</strong></span> <span class='ocrx_word' id='word_1_205' title='bbox 1144 2809 1347 2864; x_wconf 88' lang='lat' dir='ltr'><strong>nostra,</strong></span> <span class='ocrx_word' id='word_1_206' title='bbox 1396 2800 1489 2854; x_wconf 85' lang='lat' dir='ltr'><strong>sed</strong></span> <span class='ocrx_word' id='word_1_207' title='bbox 1540 2798 1803 2854; x_wconf 90' lang='lat' dir='ltr'><strong>ridicula?</strong></span> <span class='ocrx_word' id='word_1_208' title='bbox 1852 2797 2046 2867; x_wconf 91' lang='lat' dir='ltr'><strong>Ecquis</strong></span> 
     </span>
    </p>
   </div>
   <div class='ocr_carea' id='block_1_29' title="bbox 464 2889 2045 2961">
    <p class='ocr_par' dir='ltr' id='par_1_29' title="bbox 464 2889 2045 2961">
     <span class='ocr_line' id='line_1_29' title="bbox 464 2889 2045 2961; baseline -0.003 -9"><span class='ocrx_word' id='word_1_209' title='bbox 464 2896 665 2952; x_wconf 88' lang='lat' dir='ltr'><strong>furoris</strong></span> <span class='ocrx_word' id='word_1_210' title='bbox 713 2909 968 2952; x_wconf 84' lang='lat' dir='ltr'><strong>excessus</strong></span> <span class='ocrx_word' id='word_1_211' title='bbox 1014 2894 1106 2951; x_wconf 90' lang='lat' dir='ltr'><strong>ille</strong></span> <span class='ocrx_word' id='word_1_212' title='bbox 1154 2908 1261 2946; x_wconf 88' lang='lat' dir='ltr'><strong>non</strong></span> <span class='ocrx_word' id='word_1_213' title='bbox 1301 2890 1501 2949; x_wconf 80' lang='lat' dir='ltr'><strong>fuerit?</strong></span> <span class='ocrx_word' id='word_1_214' title='bbox 1545 2890 1675 2961; x_wconf 58' lang='lat' dir='ltr'><strong>Quae</strong></span> <span class='ocrx_word' id='word_1_215' title='bbox 1717 2890 1784 2947; x_wconf 89' lang='lat' dir='ltr'><strong>ad</strong></span> <span class='ocrx_word' id='word_1_216' title='bbox 1828 2889 2045 2949; x_wconf 74' lang='lat' dir='ltr'><strong>Graecos</strong></span> 
     </span>
    </p>
   </div>
   <div class='ocr_carea' id='block_1_30' title="bbox 465 2988 2043 3060">
    <p class='ocr_par' dir='ltr' id='par_1_30' title="bbox 465 2988 2043 3060">
     <span class='ocr_line' id='line_1_30' title="bbox 465 2988 2043 3060; baseline -0.004 -16"><span class='ocrx_word' id='word_1_217' title='bbox 465 2998 713 3059; x_wconf 88' lang='lat' dir='ltr'><strong>spectant</strong></span> <span class='ocrx_word' id='word_1_218' title='bbox 735 2989 856 3060; x_wconf 91' lang='lat' dir='ltr'><strong>jure</strong></span> <span class='ocrx_word' id='word_1_219' title='bbox 884 2989 1277 3053; x_wconf 89' lang='lat' dir='ltr'><strong>discutiuntur;</strong></span> <span class='ocrx_word' id='word_1_220' title='bbox 1310 2988 1431 3041; x_wconf 90' lang='lat' dir='ltr'><strong>talia</strong></span> <span class='ocrx_word' id='word_1_221' title='bbox 1458 3002 1652 3057; x_wconf 88' lang='lat' dir='ltr'><strong>nempe</strong></span> <span class='ocrx_word' id='word_1_222' title='bbox 1691 2997 1837 3052; x_wconf 91' lang='lat' dir='ltr'><strong>sunt,</strong></span> <span class='ocrx_word' id='word_1_223' title='bbox 1871 3001 2043 3056; x_wconf 89' lang='lat' dir='ltr'><strong>pugna</strong></span> 
     </span>
    </p>
   </div>
   <div class='ocr_carea' id='block_1_31' title="bbox 468 3079 2046 3151">
    <p class='ocr_par' dir='ltr' id='par_1_31' title="bbox 468 3079 2046 3151">
     <span class='ocr_line' id='line_1_31' title="bbox 468 3079 2046 3151; baseline -0.003 -13"><span class='ocrx_word' id='word_1_224' title='bbox 468 3083 901 3147; x_wconf 87' lang='lat' dir='ltr'><strong>ratiociniorum,</strong></span> <span class='ocrx_word' id='word_1_225' title='bbox 930 3082 1339 3151; x_wconf 87' lang='lat' dir='ltr'><strong>disputationes,</strong></span> <span class='ocrx_word' id='word_1_226' title='bbox 1369 3079 1782 3149; x_wconf 85' lang='lat' dir='ltr'><strong>disceptationes</strong></span> <span class='ocrx_word' id='word_1_227' title='bbox 1808 3097 1821 3134; x_wconf 91' lang='lat'>:</span> <span class='ocrx_word' id='word_1_228' title='bbox 1861 3088 2046 3133; x_wconf 89' lang='lat' dir='ltr'><strong>nostra</strong></span> 
     </span>
    </p>
   </div>
   <div class='ocr_carea' id='block_1_32' title="bbox 466 3172 2048 3243">
    <p class='ocr_par' dir='ltr' id='par_1_32' title="bbox 466 3172 2048 3243">
     <span class='ocr_line' id='line_1_32' title="bbox 466 3172 2048 3243; baseline 0.001 -16"><span class='ocrx_word' id='word_1_229' title='bbox 466 3190 597 3230; x_wconf 90' lang='lat' dir='ltr'><strong>vero</strong></span> <span class='ocrx_word' id='word_1_230' title='bbox 625 3175 693 3229; x_wconf 90' lang='lat' dir='ltr'><strong>ab</strong></span> <span class='ocrx_word' id='word_1_231' title='bbox 718 3174 803 3229; x_wconf 92' lang='lat' dir='ltr'><strong>his</strong></span> <span class='ocrx_word' id='word_1_232' title='bbox 824 3174 1071 3228; x_wconf 89' lang='lat' dir='ltr'><strong>omnibus</strong></span> <span class='ocrx_word' id='word_1_233' title='bbox 1099 3173 1256 3243; x_wconf 90' lang='lat' dir='ltr'><strong>longe</strong></span> <span class='ocrx_word' id='word_1_234' title='bbox 1284 3180 1487 3227; x_wconf 85' lang='lat' dir='ltr'><strong>remota</strong></span> <span class='ocrx_word' id='word_1_235' title='bbox 1518 3180 1665 3227; x_wconf 92' lang='lat' dir='ltr'><strong>sunt.</strong></span> <span class='ocrx_word' id='word_1_236' title='bbox 1697 3172 1790 3227; x_wconf 91' lang='lat' dir='ltr'><strong>Illa</strong></span> <span class='ocrx_word' id='word_1_237' title='bbox 1818 3186 2048 3242; x_wconf 86' lang='lat' dir='ltr'><strong>namque</strong></span> 
     </span>
    </p>
   </div>
   <div class='ocr_carea' id='block_1_33' title="bbox 467 3263 2047 3336">
    <p class='ocr_par' dir='ltr' id='par_1_33' title="bbox 467 3263 2047 3336">
     <span class='ocr_line' id='line_1_33' title="bbox 467 3263 2047 3336; baseline -0.002 -17"><span class='ocrx_word' id='word_1_238' title='bbox 467 3266 670 3320; x_wconf 87' lang='lat' dir='ltr'><strong>invenit</strong></span> <span class='ocrx_word' id='word_1_239' title='bbox 697 3266 927 3319; x_wconf 89' lang='lat' dir='ltr'><strong>humana</strong></span> <span class='ocrx_word' id='word_1_240' title='bbox 953 3265 1236 3336; x_wconf 86' lang='lat' dir='ltr'><strong>sapientia,</strong></span> <span class='ocrx_word' id='word_1_241' title='bbox 1268 3264 1383 3319; x_wconf 67' lang='lat' dir='ltr'><strong>haec</strong></span> <span class='ocrx_word' id='word_1_242' title='bbox 1421 3265 1591 3335; x_wconf 82' lang='lat' dir='ltr'><strong>gratia</strong></span> <span class='ocrx_word' id='word_1_243' title='bbox 1619 3263 1910 3333; x_wconf 90' lang='lat' dir='ltr'><strong>spiritualis</strong></span> <span class='ocrx_word' id='word_1_244' title='bbox 1946 3263 2047 3317; x_wconf 93' lang='lat' dir='ltr'><strong>do-</strong></span> 
     </span>
    </p>
   </div>
   <div class='ocr_carea' id='block_1_34' title="bbox 466 3355 2045 3426">
    <p class='ocr_par' dir='ltr' id='par_1_34' title="bbox 466 3355 2045 3426">
     <span class='ocr_line' id='line_1_34' title="bbox 466 3355 2045 3426; baseline -0.003 -13"><span class='ocrx_word' id='word_1_245' title='bbox 466 3361 606 3423; x_wconf 87' lang='lat' dir='ltr'><strong>cuit;</strong></span> <span class='ocrx_word' id='word_1_246' title='bbox 639 3358 727 3413; x_wconf 89' lang='lat' dir='ltr'><strong>illa</strong></span> <span class='ocrx_word' id='word_1_247' title='bbox 758 3357 997 3412; x_wconf 65' lang='lat' dir='ltr'><strong>stultitiae</strong></span> <span class='ocrx_word' id='word_1_248' title='bbox 1026 3365 1080 3412; x_wconf 90' lang='lat' dir='ltr'><strong>et</strong></span> <span class='ocrx_word' id='word_1_249' title='bbox 1116 3356 1455 3426; x_wconf 57' lang='lat' dir='ltr'><strong>insipientia,</strong></span> <span class='ocrx_word' id='word_1_250' title='bbox 1491 3355 1609 3410; x_wconf 85' lang='lat' dir='ltr'><strong>haec</strong></span> <span class='ocrx_word' id='word_1_251' title='bbox 1646 3371 1785 3410; x_wconf 73' lang='lat' dir='ltr'><strong>vera:</strong></span> <span class='ocrx_word' id='word_1_252' title='bbox 1830 3355 2045 3424; x_wconf 86' lang='lat' dir='ltr'><strong>sapien-</strong></span> 
     </span>
    </p>
   </div>
   <div class='ocr_carea' id='block_1_35' title="bbox 468 3447 2049 3518">
    <p class='ocr_par' dir='ltr' id='par_1_35' title="bbox 468 3447 2049 3518">
     <span class='ocr_line' id='line_1_35' title="bbox 468 3447 2049 3518; baseline 0 -15"><span class='ocrx_word' id='word_1_253' title='bbox 468 3451 557 3503; x_wconf 82' lang='lat' dir='ltr'><strong>tiae</strong></span> <span class='ocrx_word' id='word_1_254' title='bbox 596 3448 847 3517; x_wconf 86' lang='lat' dir='ltr'><strong>dogmata</strong></span> <span class='ocrx_word' id='word_1_255' title='bbox 896 3459 1040 3503; x_wconf 90' lang='lat' dir='ltr'><strong>sunt.</strong></span> <span class='ocrx_word' id='word_1_256' title='bbox 1088 3447 1199 3503; x_wconf 92' lang='lat' dir='ltr'><strong>lllic</strong></span> <span class='ocrx_word' id='word_1_257' title='bbox 1242 3466 1347 3502; x_wconf 93' lang='lat' dir='ltr'><strong>non</strong></span> <span class='ocrx_word' id='word_1_258' title='bbox 1389 3458 1472 3504; x_wconf 91' lang='lat' dir='ltr'><strong>est</strong></span> <span class='ocrx_word' id='word_1_259' title='bbox 1513 3448 1829 3518; x_wconf 89' lang='lat' dir='ltr'><strong>discipulus,</strong></span> <span class='ocrx_word' id='word_1_260' title='bbox 1873 3462 2049 3517; x_wconf 91' lang='lat' dir='ltr'><strong>neque</strong></span> 
     </span>
    </p>
   </div>
   <div class='ocr_carea' id='block_1_36' title="bbox 470 3538 2049 3610">
    <p class='ocr_par' dir='ltr' id='par_1_36' title="bbox 470 3538 2049 3610">
     <span class='ocr_line' id='line_1_36' title="bbox 470 3538 2049 3610; baseline -0.001 -15"><span class='ocrx_word' id='word_1_261' title='bbox 470 3542 744 3610; x_wconf 87' lang='lat' dir='ltr'><strong>magister,</strong></span> <span class='ocrx_word' id='word_1_262' title='bbox 776 3539 871 3595; x_wconf 91' lang='lat' dir='ltr'><strong>sed</strong></span> <span class='ocrx_word' id='word_1_263' title='bbox 899 3555 1087 3595; x_wconf 90' lang='lat' dir='ltr'><strong>omnes</strong></span> <span class='ocrx_word' id='word_1_264' title='bbox 1112 3539 1492 3609; x_wconf 80' lang='lat' dir='ltr'><strong>quaestionibus</strong></span> <span class='ocrx_word' id='word_1_265' title='bbox 1520 3547 1760 3604; x_wconf 89' lang='lat' dir='ltr'><strong>certant;</strong></span> <span class='ocrx_word' id='word_1_266' title='bbox 1804 3538 1890 3593; x_wconf 92' lang='lat' dir='ltr'><strong>hic</strong></span> <span class='ocrx_word' id='word_1_267' title='bbox 1930 3539 2049 3594; x_wconf 87' lang='lat' dir='ltr'><strong>sive</strong></span> 
     </span>
    </p>
   </div>
   <div class='ocr_carea' id='block_1_37' title="bbox 472 3630 2051 3703">
    <p class='ocr_par' dir='ltr' id='par_1_37' title="bbox 472 3630 2051 3703">
     <span class='ocr_line' id='line_1_37' title="bbox 472 3630 2051 3703; baseline -0.002 -16"><span class='ocrx_word' id='word_1_268' title='bbox 472 3634 681 3699; x_wconf 84' lang='lat' dir='ltr'><strong>doctor,</strong></span> <span class='ocrx_word' id='word_1_269' title='bbox 728 3633 843 3687; x_wconf 84' lang='lat' dir='ltr'><strong>sive</strong></span> <span class='ocrx_word' id='word_1_270' title='bbox 885 3632 1178 3703; x_wconf 85' lang='lat' dir='ltr'><strong>discipulus</strong></span> <span class='ocrx_word' id='word_1_271' title='bbox 1206 3631 1362 3685; x_wconf 80' lang='lat' dir='ltr'><strong>fuerit</strong></span> <span class='ocrx_word' id='word_1_272' title='bbox 1389 3646 1419 3685; x_wconf 90' lang='lat' dir='ltr'><strong>a</strong></span> <span class='ocrx_word' id='word_1_273' title='bbox 1457 3646 1563 3702; x_wconf 93' lang='lat' dir='ltr'><strong>quo</strong></span> <span class='ocrx_word' id='word_1_274' title='bbox 1586 3630 1794 3685; x_wconf 90' lang='lat' dir='ltr'><strong>discere</strong></span> <span class='ocrx_word' id='word_1_275' title='bbox 1831 3638 2051 3699; x_wconf 88' lang='lat' dir='ltr'><strong>oportet</strong></span> 
     </span>
    </p>
   </div>
   <div class='ocr_carea' id='block_1_38' title="bbox 466 3721 2051 3794">
    <p class='ocr_par' dir='ltr' id='par_1_38' title="bbox 466 3721 2051 3794">
     <span class='ocr_line' id='line_1_38' title="bbox 466 3721 2051 3794; baseline -0.001 -17"><span class='ocrx_word' id='word_1_276' title='bbox 466 3725 581 3777; x_wconf 88' lang='lat' dir='ltr'><strong>vult</strong></span> <span class='ocrx_word' id='word_1_277' title='bbox 622 3724 861 3790; x_wconf 89' lang='lat' dir='ltr'><strong>discere;</strong></span> <span class='ocrx_word' id='word_1_278' title='bbox 903 3723 1145 3794; x_wconf 90' lang='lat' dir='ltr'><strong>obsequi,</strong></span> <span class='ocrx_word' id='word_1_279' title='bbox 1188 3739 1291 3777; x_wconf 92' lang='lat' dir='ltr'><strong>non</strong></span> <span class='ocrx_word' id='word_1_280' title='bbox 1321 3722 1604 3789; x_wconf 89' lang='lat' dir='ltr'><strong>dubitare;</strong></span> <span class='ocrx_word' id='word_1_281' title='bbox 1651 3721 1894 3789; x_wconf 92' lang='lat' dir='ltr'><strong>credere,</strong></span> <span class='ocrx_word' id='word_1_282' title='bbox 1946 3736 2051 3775; x_wconf 91' lang='lat' dir='ltr'><strong>non</strong></span> 
     </span>
    </p>
   </div>
   <div class='ocr_carea' id='block_1_39' title="bbox 471 3813 2052 3886">
    <p class='ocr_par' dir='ltr' id='par_1_39' title="bbox 471 3813 2052 3886">
     <span class='ocr_line' id='line_1_39' title="bbox 471 3813 2052 3886; baseline -0.001 -16"><span class='ocrx_word' id='word_1_283' title='bbox 471 3817 805 3886; x_wconf 88' lang='lat' dir='ltr'><strong>argumentis</strong></span> <span class='ocrx_word' id='word_1_284' title='bbox 849 3825 1076 3870; x_wconf 84' lang='lat' dir='ltr'><strong>certare.</strong></span> <span class='ocrx_word' id='word_1_285' title='bbox 1112 3815 1211 3869; x_wconf 83' lang='lat' dir='ltr'><strong>Per</strong></span> <span class='ocrx_word' id='word_1_286' title='bbox 1254 3814 1412 3869; x_wconf 89' lang='lat' dir='ltr'><strong>ﬁdem</strong></span> <span class='ocrx_word' id='word_1_287' title='bbox 1454 3813 1596 3869; x_wconf 90' lang='lat' dir='ltr'><strong>enim</strong></span> <span class='ocrx_word' id='word_1_288' title='bbox 1626 3822 1837 3868; x_wconf 87' lang='lat' dir='ltr'><strong>veteres</strong></span> <span class='ocrx_word' id='word_1_289' title='bbox 1864 3827 2052 3868; x_wconf 86' lang='lat' dir='ltr'><strong>omnes</strong></span> 
     </span>
    </p>
   </div>
   <div class='ocr_carea' id='block_1_40' title="bbox 470 3903 1906 3974">
    <p class='ocr_par' dir='ltr' id='par_1_40' title="bbox 470 3903 1906 3974">
     <span class='ocr_line' id='line_1_40' title="bbox 470 3903 1906 3974; baseline -0.005 -13"><span class='ocrx_word' id='word_1_290' title='bbox 470 3908 801 3973; x_wconf 83' lang='lat' dir='ltr'><strong>claruerunt,</strong></span> <span class='ocrx_word' id='word_1_291' title='bbox 830 3914 885 3961; x_wconf 91' lang='lat' dir='ltr'><strong>et</strong></span> <span class='ocrx_word' id='word_1_292' title='bbox 913 3907 1029 3960; x_wconf 91' lang='lat' dir='ltr'><strong>sine</strong></span> <span class='ocrx_word' id='word_1_293' title='bbox 1056 3904 1159 3959; x_wconf 93' lang='lat' dir='ltr'><strong>ﬁde</strong></span> <span class='ocrx_word' id='word_1_294' title='bbox 1188 3903 1527 3974; x_wconf 87' lang='lat' dir='ltr'><strong>pessumdata</strong></span> <span class='ocrx_word' id='word_1_295' title='bbox 1553 3903 1736 3959; x_wconf 91' lang='lat' dir='ltr'><strong>omnia</strong></span> <span class='ocrx_word' id='word_1_296' title='bbox 1761 3910 1906 3958; x_wconf 93' lang='lat' dir='ltr'><strong>sunt.</strong></span> 
     </span>
    </p>
   </div>
   <div class='ocr_carea' id='block_1_41' title="bbox 541 3993 2053 4071">
    <p class='ocr_par' dir='ltr' id='par_1_41' title="bbox 541 3993 2053 4071">
     <span class='ocr_line' id='line_1_41' title="bbox 541 3993 2053 4071; baseline -0.004 -16"><span class='ocrx_word' id='word_1_297' title='bbox 541 4001 730 4055; x_wconf 80' lang='lat' dir='ltr'><strong>Contra</strong></span> <span class='ocrx_word' id='word_1_298' title='bbox 759 4000 979 4071; x_wconf 82' lang='lat' dir='ltr'><strong>genesim</strong></span> <span class='ocrx_word' id='word_1_299' title='bbox 1005 4007 1049 4052; x_wconf 84' lang='lat' dir='ltr'><strong>et</strong></span> <span class='ocrx_word' id='word_1_300' title='bbox 1088 3998 1273 4067; x_wconf 77' lang='lat' dir='ltr'><strong>fatum.</strong></span> <span class='ocrx_word' id='word_1_301' title='bbox 1304 4026 1378 4036; x_wconf 94' lang='lat'><strong>—</strong></span> <span class='ocrx_word' id='word_1_302' title='bbox 1400 3997 1467 4051; x_wconf 90' lang='lat' dir='ltr'><strong>Et</strong></span> <span class='ocrx_word' id='word_1_303' title='bbox 1496 3994 1623 4065; x_wconf 87' lang='lat' dir='ltr'><strong>quid</strong></span> <span class='ocrx_word' id='word_1_304' title='bbox 1653 3993 1721 4049; x_wconf 89' lang='lat' dir='ltr'><strong>de</strong></span> <span class='ocrx_word' id='word_1_305' title='bbox 1744 3994 2053 4049; x_wconf 59' lang='lat' dir='ltr'><strong>caelestibus</strong></span> 
     </span>
    </p>
   </div>
   <div class='ocr_carea' id='block_1_42' title="bbox 472 4085 2051 4161">
    <p class='ocr_par' dir='ltr' id='par_1_42' title="bbox 472 4085 2051 4161">
     <span class='ocr_line' id='line_1_42' title="bbox 472 4085 2051 4161; baseline -0.004 -15"><span class='ocrx_word' id='word_1_306' title='bbox 472 4092 696 4161; x_wconf 87' lang='lat' dir='ltr'><strong>loquor?</strong></span> <span class='ocrx_word' id='word_1_307' title='bbox 717 4093 761 4145; x_wconf 92' lang='lat' dir='ltr'><strong>si</strong></span> <span class='ocrx_word' id='word_1_308' title='bbox 789 4100 999 4145; x_wconf 86' lang='lat' dir='ltr'><strong>terrena</strong></span> <span class='ocrx_word' id='word_1_309' title='bbox 1020 4089 1181 4145; x_wconf 88' lang='lat' dir='ltr'><strong>etiam</strong></span> <span class='ocrx_word' id='word_1_310' title='bbox 1210 4088 1599 4152; x_wconf 80' lang='lat' dir='ltr'><strong>exaniinemus,</strong></span> <span class='ocrx_word' id='word_1_311' title='bbox 1630 4085 1733 4141; x_wconf 89' lang='lat' dir='ltr'><strong>ﬁde</strong></span> <span class='ocrx_word' id='word_1_312' title='bbox 1764 4086 1850 4139; x_wconf 86' lang='lat' dir='ltr'><strong>illa</strong></span> <span class='ocrx_word' id='word_1_313' title='bbox 1879 4086 2051 4140; x_wconf 89' lang='lat' dir='ltr'><strong>teneri</strong></span> 
     </span>
    </p>
   </div>
   <div class='ocr_carea' id='block_1_43' title="bbox 470 4177 2052 4254">
    <p class='ocr_par' dir='ltr' id='par_1_43' title="bbox 470 4177 2052 4254">
     <span class='ocr_line' id='line_1_43' title="bbox 470 4177 2052 4254; baseline -0.003 -16"><span class='ocrx_word' id='word_1_314' title='bbox 470 4184 735 4254; x_wconf 85' lang='lat' dir='ltr'><strong>reperias,</strong></span> <span class='ocrx_word' id='word_1_315' title='bbox 787 4197 963 4252; x_wconf 91' lang='lat' dir='ltr'><strong>neque</strong></span> <span class='ocrx_word' id='word_1_316' title='bbox 1016 4190 1188 4251; x_wconf 91' lang='lat' dir='ltr'><strong>pacta,</strong></span> <span class='ocrx_word' id='word_1_317' title='bbox 1242 4194 1414 4249; x_wconf 90' lang='lat' dir='ltr'><strong>neque</strong></span> <span class='ocrx_word' id='word_1_318' title='bbox 1462 4186 1626 4242; x_wconf 91' lang='lat' dir='ltr'><strong>artes,</strong></span> <span class='ocrx_word' id='word_1_319' title='bbox 1679 4192 1851 4247; x_wconf 87' lang='lat' dir='ltr'><strong>neque</strong></span> <span class='ocrx_word' id='word_1_320' title='bbox 1905 4177 2052 4233; x_wconf 89' lang='lat' dir='ltr'><strong>aliud</strong></span> 
     </span>
    </p>
   </div>
   <div class='ocr_carea' id='block_1_44' title="bbox 472 4268 2049 4346">
    <p class='ocr_par' dir='ltr' id='par_1_44' title="bbox 472 4268 2049 4346">
     <span class='ocr_line' id='line_1_44' title="bbox 472 4268 2049 4346; baseline -0.005 -16"><span class='ocrx_word' id='word_1_321' title='bbox 472 4276 741 4346; x_wconf 86' lang='lat' dir='ltr'><strong>quidpiam</strong></span> <span class='ocrx_word' id='word_1_322' title='bbox 773 4275 891 4329; x_wconf 89' lang='lat' dir='ltr'><strong>sine</strong></span> <span class='ocrx_word' id='word_1_323' title='bbox 920 4274 1011 4329; x_wconf 91' lang='lat' dir='ltr'><strong>illa</strong></span> <span class='ocrx_word' id='word_1_324' title='bbox 1052 4272 1233 4328; x_wconf 88' lang='lat' dir='ltr'><strong>stabit.</strong></span> <span class='ocrx_word' id='word_1_325' title='bbox 1287 4272 1342 4326; x_wconf 88' lang='lat' dir='ltr'><strong>Si</strong></span> <span class='ocrx_word' id='word_1_326' title='bbox 1388 4280 1564 4324; x_wconf 90' lang='lat' dir='ltr'><strong>autem</strong></span> <span class='ocrx_word' id='word_1_327' title='bbox 1611 4270 1716 4335; x_wconf 89' lang='lat' dir='ltr'><strong>hic,</strong></span> <span class='ocrx_word' id='word_1_328' title='bbox 1751 4268 1842 4323; x_wconf 91' lang='lat' dir='ltr'><strong>ubi</strong></span> <span class='ocrx_word' id='word_1_329' title='bbox 1870 4268 2049 4323; x_wconf 89' lang='lat' dir='ltr'><strong>omnia</strong></span> 
     </span>
    </p>
   </div>
   <div class='ocr_carea' id='block_1_45' title="bbox 471 4361 2050 4434">
    <p class='ocr_par' dir='ltr' id='par_1_45' title="bbox 471 4361 2050 4434">
     <span class='ocr_line' id='line_1_45' title="bbox 471 4361 2050 4434; baseline -0.003 -15"><span class='ocrx_word' id='word_1_330' title='bbox 471 4366 593 4421; x_wconf 80' lang='lat' dir='ltr'><strong>falsi</strong></span> <span class='ocrx_word' id='word_1_331' title='bbox 618 4375 671 4420; x_wconf 90' lang='lat' dir='ltr'><strong>et</strong></span> <span class='ocrx_word' id='word_1_332' title='bbox 694 4365 924 4419; x_wconf 72' lang='lat' dir='ltr'><strong>fallaciae</strong></span> <span class='ocrx_word' id='word_1_333' title='bbox 952 4365 1130 4434; x_wconf 89' lang='lat' dir='ltr'><strong>plena,</strong></span> <span class='ocrx_word' id='word_1_334' title='bbox 1160 4362 1263 4417; x_wconf 92' lang='lat' dir='ltr'><strong>ﬁde</strong></span> <span class='ocrx_word' id='word_1_335' title='bbox 1294 4378 1429 4432; x_wconf 87' lang='lat' dir='ltr'><strong>opus</strong></span> <span class='ocrx_word' id='word_1_336' title='bbox 1467 4371 1570 4427; x_wconf 89' lang='lat' dir='ltr'><strong>est,</strong></span> <span class='ocrx_word' id='word_1_337' title='bbox 1606 4361 1772 4416; x_wconf 92' lang='lat' dir='ltr'><strong>multo</strong></span> <span class='ocrx_word' id='word_1_338' title='bbox 1800 4361 1969 4431; x_wconf 89' lang='lat' dir='ltr'><strong>magis</strong></span> <span class='ocrx_word' id='word_1_339' title='bbox 1997 4361 2050 4415; x_wconf 92' lang='lat' dir='ltr'><strong>in</strong></span> 
     </span>
    </p>
   </div>
   <div class='ocr_carea' id='block_1_46' title="bbox 470 4454 2052 4529">
    <p class='ocr_par' dir='ltr' id='par_1_46' title="bbox 470 4454 2052 4529">
     <span class='ocr_line' id='line_1_46' title="bbox 470 4454 2052 4529; baseline -0.005 -15"><span class='ocrx_word' id='word_1_340' title='bbox 470 4461 598 4514; x_wconf 88' lang='lat' dir='ltr'><strong>illis.</strong></span> <span class='ocrx_word' id='word_1_341' title='bbox 626 4459 760 4514; x_wconf 86' lang='lat' dir='ltr'><strong>Huic</strong></span> <span class='ocrx_word' id='word_1_342' title='bbox 795 4473 923 4529; x_wconf 88' lang='lat' dir='ltr'><strong>ergo</strong></span> <span class='ocrx_word' id='word_1_343' title='bbox 949 4457 1269 4517; x_wconf 65' lang='lat' dir='ltr'><strong>haireamus,</strong></span> <span class='ocrx_word' id='word_1_344' title='bbox 1299 4455 1436 4508; x_wconf 84' lang='lat' dir='ltr'><strong>hanc</strong></span> <span class='ocrx_word' id='word_1_345' title='bbox 1474 4454 1728 4509; x_wconf 87' lang='lat' dir='ltr'><strong>adeamus</strong></span> <span class='ocrx_word' id='word_1_346' title='bbox 1760 4472 1772 4507; x_wconf 91' lang='lat'><strong>:</strong></span> <span class='ocrx_word' id='word_1_347' title='bbox 1804 4454 1883 4508; x_wconf 92' lang='lat' dir='ltr'><strong>sic</strong></span> <span class='ocrx_word' id='word_1_348' title='bbox 1928 4468 2052 4522; x_wconf 89' lang='lat' dir='ltr'><strong>per-</strong></span> 
     </span>
    </p>
   </div>
   <div class='ocr_carea' id='block_1_47' title="bbox 471 4544 2051 4619">
    <p class='ocr_par' dir='ltr' id='par_1_47' title="bbox 471 4544 2051 4619">
     <span class='ocr_line' id='line_1_47' title="bbox 471 4544 2051 4619; baseline -0.006 -13"><span class='ocrx_word' id='word_1_349' title='bbox 471 4551 677 4606; x_wconf 88' lang='lat' dir='ltr'><strong>niciosa</strong></span> <span class='ocrx_word' id='word_1_350' title='bbox 711 4551 890 4605; x_wconf 91' lang='lat' dir='ltr'><strong>omnia</strong></span> <span class='ocrx_word' id='word_1_351' title='bbox 919 4548 1164 4619; x_wconf 85' lang='lat' dir='ltr'><strong>dogmata</strong></span> <span class='ocrx_word' id='word_1_352' title='bbox 1193 4547 1259 4602; x_wconf 89' lang='lat' dir='ltr'><strong>ab</strong></span> <span class='ocrx_word' id='word_1_353' title='bbox 1299 4547 1476 4600; x_wconf 90' lang='lat' dir='ltr'><strong>anima</strong></span> <span class='ocrx_word' id='word_1_354' title='bbox 1522 4554 1704 4599; x_wconf 87' lang='lat' dir='ltr'><strong>nostra</strong></span> <span class='ocrx_word' id='word_1_355' title='bbox 1748 4544 2051 4599; x_wconf 83' lang='lat' dir='ltr'><strong>eliminabi-</strong></span> 
     </span>
    </p>
   </div>
   <div class='ocr_carea' id='block_1_48' title="bbox 470 4635 2052 4712">
    <p class='ocr_par' dir='ltr' id='par_1_48' title="bbox 470 4635 2052 4712">
     <span class='ocr_line' id='line_1_48' title="bbox 470 4635 2052 4712; baseline -0.006 -15"><span class='ocrx_word' id='word_1_356' title='bbox 470 4657 614 4707; x_wconf 87' lang='lat' dir='ltr'><strong>mus,</strong></span> <span class='ocrx_word' id='word_1_357' title='bbox 645 4643 883 4712; x_wconf 85' lang='lat' dir='ltr'><strong>genesim</strong></span> <span class='ocrx_word' id='word_1_358' title='bbox 915 4655 1107 4711; x_wconf 89' lang='lat' dir='ltr'><strong>nempe</strong></span> <span class='ocrx_word' id='word_1_359' title='bbox 1135 4648 1190 4694; x_wconf 90' lang='lat' dir='ltr'><strong>et</strong></span> <span class='ocrx_word' id='word_1_360' title='bbox 1218 4639 1402 4692; x_wconf 85' lang='lat' dir='ltr'><strong>fatum.</strong></span> <span class='ocrx_word' id='word_1_361' title='bbox 1444 4636 1498 4693; x_wconf 91' lang='lat' dir='ltr'><strong>Si</strong></span> <span class='ocrx_word' id='word_1_362' title='bbox 1525 4637 1698 4691; x_wconf 90' lang='lat' dir='ltr'><strong>credis</strong></span> <span class='ocrx_word' id='word_1_363' title='bbox 1726 4635 1841 4690; x_wconf 86' lang='lat' dir='ltr'><strong>fore</strong></span> <span class='ocrx_word' id='word_1_364' title='bbox 1869 4651 2052 4689; x_wconf 90' lang='lat' dir='ltr'><strong>resur-</strong></span> 
     </span>
    </p>
   </div>
   <div class='ocr_carea' id='block_1_49' title="bbox 472 4726 2052 4802">
    <p class='ocr_par' dir='ltr' id='par_1_49' title="bbox 472 4726 2052 4802">
     <span class='ocr_line' id='line_1_49' title="bbox 472 4726 2052 4802; baseline -0.004 -14"><span class='ocrx_word' id='word_1_365' title='bbox 472 4734 764 4788; x_wconf 89' lang='lat' dir='ltr'><strong>rectionem</strong></span> <span class='ocrx_word' id='word_1_366' title='bbox 793 4731 1145 4802; x_wconf 89' lang='lat' dir='ltr'><strong>etjudicium,</strong></span> <span class='ocrx_word' id='word_1_367' title='bbox 1180 4730 1293 4784; x_wconf 68' lang='lat' dir='ltr'><strong>haec</strong></span> <span class='ocrx_word' id='word_1_368' title='bbox 1335 4728 1512 4782; x_wconf 84' lang='lat' dir='ltr'><strong>omnia</strong></span> <span class='ocrx_word' id='word_1_369' title='bbox 1551 4728 1619 4781; x_wconf 91' lang='lat' dir='ltr'><strong>ab</strong></span> <span class='ocrx_word' id='word_1_370' title='bbox 1646 4728 1831 4781; x_wconf 90' lang='lat' dir='ltr'><strong>animo</strong></span> <span class='ocrx_word' id='word_1_371' title='bbox 1857 4726 2052 4796; x_wconf 86' lang='lat' dir='ltr'><strong>ejicere</strong></span> 
     </span>
    </p>
   </div>
   <div class='ocr_carea' id='block_1_50' title="bbox 474 4818 2052 4895">
    <p class='ocr_par' dir='ltr' id='par_1_50' title="bbox 474 4818 2052 4895">
     <span class='ocr_line' id='line_1_50' title="bbox 474 4818 2052 4895; baseline -0.003 -18"><span class='ocrx_word' id='word_1_372' title='bbox 474 4824 696 4895; x_wconf 90' lang='lat' dir='ltr'><strong>poteris.</strong></span> <span class='ocrx_word' id='word_1_373' title='bbox 720 4823 891 4877; x_wconf 91' lang='lat' dir='ltr'><strong>Crede</strong></span> <span class='ocrx_word' id='word_1_374' title='bbox 920 4838 1041 4878; x_wconf 91' lang='lat' dir='ltr'><strong>esse</strong></span> <span class='ocrx_word' id='word_1_375' title='bbox 1069 4822 1236 4876; x_wconf 89' lang='lat' dir='ltr'><strong>Deum</strong></span> <span class='ocrx_word' id='word_1_376' title='bbox 1256 4821 1479 4890; x_wconf 87' lang='lat' dir='ltr'><strong>justum,</strong></span> <span class='ocrx_word' id='word_1_377' title='bbox 1506 4828 1561 4873; x_wconf 90' lang='lat' dir='ltr'><strong>et</strong></span> <span class='ocrx_word' id='word_1_378' title='bbox 1588 4834 1691 4872; x_wconf 91' lang='lat' dir='ltr'><strong>non</strong></span> <span class='ocrx_word' id='word_1_379' title='bbox 1722 4818 1909 4873; x_wconf 83' lang='lat' dir='ltr'><strong>credes</strong></span> <span class='ocrx_word' id='word_1_380' title='bbox 1932 4832 2052 4872; x_wconf 86' lang='lat' dir='ltr'><strong>esse</strong></span> 
     </span>
    </p>
   </div>
   <div class='ocr_carea' id='block_1_51' title="bbox 474 4910 2054 4987">
    <p class='ocr_par' dir='ltr' id='par_1_51' title="bbox 474 4910 2054 4987">
     <span class='ocr_line' id='line_1_51' title="bbox 474 4910 2054 4987; baseline -0.006 -15"><span class='ocrx_word' id='word_1_381' title='bbox 474 4917 714 4987; x_wconf 86' lang='lat' dir='ltr'><strong>genesim</strong></span> <span class='ocrx_word' id='word_1_382' title='bbox 744 4916 997 4983; x_wconf 82' lang='lat' dir='ltr'><strong>injustam</strong></span> <span class='ocrx_word' id='word_1_383' title='bbox 1027 4931 1040 4966; x_wconf 88' lang='lat'><strong>:</strong></span> <span class='ocrx_word' id='word_1_384' title='bbox 1068 4913 1227 4968; x_wconf 91' lang='lat' dir='ltr'><strong>crede</strong></span> <span class='ocrx_word' id='word_1_385' title='bbox 1248 4928 1367 4967; x_wconf 89' lang='lat' dir='ltr'><strong>esse</strong></span> <span class='ocrx_word' id='word_1_386' title='bbox 1391 4914 1555 4965; x_wconf 85' lang='lat' dir='ltr'><strong>Deum</strong></span> <span class='ocrx_word' id='word_1_387' title='bbox 1579 4910 1971 4980; x_wconf 87' lang='lat' dir='ltr'><strong>providentem,</strong></span> <span class='ocrx_word' id='word_1_388' title='bbox 1998 4918 2054 4964; x_wconf 90' lang='lat' dir='ltr'><strong>et</strong></span> 
     </span>
    </p>
   </div>
   <div class='ocr_carea' id='block_1_52' title="bbox 473 4999 2053 5075">
    <p class='ocr_par' dir='ltr' id='par_1_52' title="bbox 473 4999 2053 5075">
     <span class='ocr_line' id='line_1_52' title="bbox 473 4999 2053 5075; baseline -0.005 -12"><span class='ocrx_word' id='word_1_389' title='bbox 473 5023 580 5064; x_wconf 92' lang='lat' dir='ltr'><strong>non</strong></span> <span class='ocrx_word' id='word_1_390' title='bbox 609 5007 800 5061; x_wconf 89' lang='lat' dir='ltr'><strong>credes</strong></span> <span class='ocrx_word' id='word_1_391' title='bbox 837 5020 958 5061; x_wconf 93' lang='lat' dir='ltr'><strong>esse</strong></span> <span class='ocrx_word' id='word_1_392' title='bbox 995 5005 1233 5075; x_wconf 85' lang='lat' dir='ltr'><strong>genesim</strong></span> <span class='ocrx_word' id='word_1_393' title='bbox 1263 5003 1439 5057; x_wconf 89' lang='lat' dir='ltr'><strong>omnia</strong></span> <span class='ocrx_word' id='word_1_394' title='bbox 1467 5003 1826 5056; x_wconf 88' lang='lat' dir='ltr'><strong>continentem</strong></span> <span class='ocrx_word' id='word_1_395' title='bbox 1854 5018 1868 5053; x_wconf 90' lang='lat'><strong><em>:</em></strong></span> <span class='ocrx_word' id='word_1_396' title='bbox 1893 4999 2053 5055; x_wconf 87' lang='lat' dir='ltr'><strong>crede</strong></span> 
     </span>
    </p>
   </div>
   <div class='ocr_carea' id='block_1_53' title="bbox 472 5091 2052 5170">
    <p class='ocr_par' dir='ltr' id='par_1_53' title="bbox 472 5091 2052 5170">
     <span class='ocr_line' id='line_1_53' title="bbox 472 5091 2052 5170; baseline -0.009 -15"><span class='ocrx_word' id='word_1_397' title='bbox 472 5100 788 5170; x_wconf 89' lang='lat' dir='ltr'><strong>supplicium</strong></span> <span class='ocrx_word' id='word_1_398' title='bbox 815 5112 935 5152; x_wconf 89' lang='lat' dir='ltr'><strong>esse</strong></span> <span class='ocrx_word' id='word_1_399' title='bbox 960 5105 1015 5150; x_wconf 92' lang='lat' dir='ltr'><strong>et</strong></span> <span class='ocrx_word' id='word_1_400' title='bbox 1044 5110 1287 5164; x_wconf 85' lang='lat' dir='ltr'><strong>regnum,</strong></span> <span class='ocrx_word' id='word_1_401' title='bbox 1316 5101 1371 5147; x_wconf 92' lang='lat' dir='ltr'><strong>et</strong></span> <span class='ocrx_word' id='word_1_402' title='bbox 1401 5107 1504 5146; x_wconf 92' lang='lat' dir='ltr'><strong>non</strong></span> <span class='ocrx_word' id='word_1_403' title='bbox 1530 5091 1718 5145; x_wconf 90' lang='lat' dir='ltr'><strong>credes</strong></span> <span class='ocrx_word' id='word_1_404' title='bbox 1742 5105 1861 5145; x_wconf 90' lang='lat' dir='ltr'><strong>esse</strong></span> <span class='ocrx_word' id='word_1_405' title='bbox 1885 5105 2052 5159; x_wconf 87' lang='lat' dir='ltr'><strong>gene-</strong></span> 
     </span>
    </p>
   </div>
   <div class='ocr_carea' id='block_1_54' title="bbox 472 5182 2049 5261">
    <p class='ocr_par' dir='ltr' id='par_1_54' title="bbox 472 5182 2049 5261">
     <span class='ocr_line' id='line_1_54' title="bbox 472 5182 2049 5261; baseline -0.008 -14"><span class='ocrx_word' id='word_1_406' title='bbox 472 5193 576 5247; x_wconf 88' lang='lat' dir='ltr'><strong>sim</strong></span> <span class='ocrx_word' id='word_1_407' title='bbox 610 5189 831 5261; x_wconf 90' lang='lat' dir='ltr'><strong>quodin</strong></span> <span class='ocrx_word' id='word_1_408' title='bbox 874 5189 1025 5242; x_wconf 90' lang='lat' dir='ltr'><strong>nobis</strong></span> <span class='ocrx_word' id='word_1_409' title='bbox 1068 5198 1151 5241; x_wconf 91' lang='lat' dir='ltr'><strong>est</strong></span> <span class='ocrx_word' id='word_1_410' title='bbox 1190 5184 1541 5249; x_wconf 81' lang='lat' dir='ltr'><strong>auferentem,</strong></span> <span class='ocrx_word' id='word_1_411' title='bbox 1578 5198 1781 5251; x_wconf 82' lang='lat' dir='ltr'><strong>nosque</strong></span> <span class='ocrx_word' id='word_1_412' title='bbox 1812 5182 2049 5236; x_wconf 79' lang='lat' dir='ltr'><strong>neceSSi-</strong></span> 
     </span>
    </p>
   </div>
   <div class='ocr_carea' id='block_1_55' title="bbox 474 5273 2053 5348">
    <p class='ocr_par' dir='ltr' id='par_1_55' title="bbox 474 5273 2053 5348">
     <span class='ocr_line' id='line_1_55' title="bbox 474 5273 2053 5348; baseline -0.008 -10"><span class='ocrx_word' id='word_1_413' title='bbox 474 5284 567 5338; x_wconf 92' lang='lat' dir='ltr'><strong>tati</strong></span> <span class='ocrx_word' id='word_1_414' title='bbox 610 5298 673 5335; x_wconf 90' lang='lat' dir='ltr'><strong>ac</strong></span> <span class='ocrx_word' id='word_1_415' title='bbox 702 5281 751 5334; x_wconf 91' lang='lat' dir='ltr'><strong>vi</strong></span> <span class='ocrx_word' id='word_1_416' title='bbox 783 5278 1174 5348; x_wconf 71' lang='lat' dir='ltr'><strong>snlijicicntem.</strong></span> <span class='ocrx_word' id='word_1_417' title='bbox 1205 5275 1283 5329; x_wconf 84' lang='lat' dir='ltr'><strong>Ne</strong></span> <span class='ocrx_word' id='word_1_418' title='bbox 1322 5277 1579 5338; x_wconf 91' lang='lat' dir='ltr'><strong>semincs,</strong></span> <span class='ocrx_word' id='word_1_419' title='bbox 1613 5289 1680 5327; x_wconf 90' lang='lat' dir='ltr'><strong>ne</strong></span> <span class='ocrx_word' id='word_1_420' title='bbox 1723 5273 1951 5342; x_wconf 89' lang='lat' dir='ltr'><strong>plantes,</strong></span> <span class='ocrx_word' id='word_1_421' title='bbox 1987 5287 2053 5325; x_wconf 91' lang='lat' dir='ltr'><strong>ne</strong></span> 
     </span>
    </p>
   </div>
   <div class='ocr_carea' id='block_1_56' title="bbox 477 5365 2051 5440">
    <p class='ocr_par' dir='ltr' id='par_1_56' title="bbox 477 5365 2051 5440">
     <span class='ocr_line' id='line_1_56' title="bbox 477 5365 2051 5440; baseline -0.01 -9"><span class='ocrx_word' id='word_1_422' title='bbox 477 5378 698 5440; x_wconf 86' lang='lat' dir='ltr'><strong>milites,</strong></span> <span class='ocrx_word' id='word_1_423' title='bbox 732 5374 863 5429; x_wconf 86' lang='lat' dir='ltr'><strong>nihil</strong></span> <span class='ocrx_word' id='word_1_424' title='bbox 900 5372 1121 5426; x_wconf 90' lang='lat' dir='ltr'><strong>omnino</strong></span> <span class='ocrx_word' id='word_1_425' title='bbox 1152 5370 1311 5423; x_wconf 82' lang='lat' dir='ltr'><strong>facias</strong></span> <span class='ocrx_word' id='word_1_426' title='bbox 1339 5386 1352 5420; x_wconf 91' lang='lat'>:</span> <span class='ocrx_word' id='word_1_427' title='bbox 1386 5384 1505 5436; x_wconf 76' lang='lat' dir='ltr'><strong>qua:</strong></span> <span class='ocrx_word' id='word_1_428' title='bbox 1533 5367 1675 5421; x_wconf 89' lang='lat' dir='ltr'><strong>enim</strong></span> <span class='ocrx_word' id='word_1_429' title='bbox 1705 5368 1772 5421; x_wconf 89' lang='lat' dir='ltr'><strong>ad</strong></span> <span class='ocrx_word' id='word_1_430' title='bbox 1810 5365 2051 5435; x_wconf 85' lang='lat' dir='ltr'><strong>genesim</strong></span> 
     </span>
    </p>
   </div>
   <div class='ocr_carea' id='block_1_57' title="bbox 478 5456 2053 5540">
    <p class='ocr_par' dir='ltr' id='par_1_57' title="bbox 478 5456 2053 5540">
     <span class='ocr_line' id='line_1_57' title="bbox 478 5456 2053 5540; baseline -0.01 -15"><span class='ocrx_word' id='word_1_431' title='bbox 478 5476 738 5540; x_wconf 81' lang='lat' dir='ltr'><strong>spectant,</strong></span> <span class='ocrx_word' id='word_1_432' title='bbox 784 5465 918 5519; x_wconf 88' lang='lat' dir='ltr'><strong>velis</strong></span> <span class='ocrx_word' id='word_1_433' title='bbox 958 5462 1096 5519; x_wconf 90' lang='lat' dir='ltr'><strong>nolis</strong></span> <span class='ocrx_word' id='word_1_434' title='bbox 1139 5473 1357 5532; x_wconf 84' lang='lat' dir='ltr'><strong>prorsus</strong></span> <span class='ocrx_word' id='word_1_435' title='bbox 1401 5458 1671 5513; x_wconf 89' lang='lat' dir='ltr'><strong>evenient.</strong></span> <span class='ocrx_word' id='word_1_436' title='bbox 1718 5456 1855 5525; x_wconf 89' lang='lat' dir='ltr'><strong>Quid</strong></span> <span class='ocrx_word' id='word_1_437' title='bbox 1898 5456 2053 5511; x_wconf 90' lang='lat' dir='ltr'><strong>nobis</strong></span> 
     </span>
    </p>
   </div>
   <div class='ocr_carea' id='block_1_58' title="bbox 455 5658 2058 5731">
    <p class='ocr_par' dir='ltr' id='par_1_58' title="bbox 455 5658 2058 5731">
     <span class='ocr_line' id='line_1_58' title="bbox 455 5658 2058 5731; baseline -0.008 -13"><span class='ocrx_word' id='word_1_438' title='bbox 455 5675 469 5729; x_wconf 65' lang='grc' dir='ltr'><em>ί</em></span> <span class='ocrx_word' id='word_1_439' title='bbox 555 5670 628 5730; x_wconf 89' lang='lat' dir='ltr'><strong>(a)</strong></span> <span class='ocrx_word' id='word_1_440' title='bbox 668 5667 958 5731; x_wconf 70' lang='lat' dir='ltr'><strong>Pythagora:</strong></span> <span class='ocrx_word' id='word_1_441' title='bbox 992 5661 1211 5731; x_wconf 75' lang='lat' dir='ltr'><strong>discipuli</strong></span> <span class='ocrx_word' id='word_1_442' title='bbox 1260 5660 1491 5731; x_wconf 73' lang='lat' dir='ltr'><strong>magistro</strong></span> <span class='ocrx_word' id='word_1_443' title='bbox 1522 5659 1751 5731; x_wconf 45' lang='lat' dir='ltr'><strong>itahdicto</strong></span> <span class='ocrx_word' id='word_1_444' title='bbox 1784 5658 2058 5731; x_wconf 66' lang='lat' dir='ltr'><strong>audientes</strong></span> 
     </span>
    </p>
   </div>
   <div class='ocr_carea' id='block_1_59' title="bbox 474 5721 2056 5793">
    <p class='ocr_par' dir='ltr' id='par_1_59' title="bbox 474 5721 2056 5793">
     <span class='ocr_line' id='line_1_59' title="bbox 474 5721 2056 5793; baseline -0.011 -14"><span class='ocrx_word' id='word_1_445' title='bbox 474 5721 631 5789; x_wconf 70' lang='lat' dir='ltr'><strong>erant,</strong></span> <span class='ocrx_word' id='word_1_446' title='bbox 654 5721 1343 5793; x_wconf 42' lang='lat' dir='ltr'><strong>ut&#39;postvquamuilleloquutus</strong></span> <span class='ocrx_word' id='word_1_447' title='bbox 1383 5722 1543 5793; x_wconf 80' lang='lat' dir='ltr'><strong>fuerat</strong></span> <span class='ocrx_word' id='word_1_448' title='bbox 1576 5721 1795 5772; x_wconf 79' lang='lat' dir='ltr'><strong>dicerent</strong></span> <span class='ocrx_word' id='word_1_449' title='bbox 1817 5727 2056 5782; x_wconf 60' lang='grc' dir='ltr'><strong>,αὑτάςῑςη</strong></span> 
     </span>
    </p>
   </div>
   <div class='ocr_carea' id='block_1_60' title="bbox 477 5786 1591 5857">
    <p class='ocr_par' dir='ltr' id='par_1_60' title="bbox 477 5786 1591 5857">
     <span class='ocr_line' id='line_1_60' title="bbox 477 5786 1591 5857; baseline -0.01 -15"><span class='ocrx_word' id='word_1_450' title='bbox 477 5800 523 5842; x_wconf 81' lang='lat' dir='ltr'><strong>et</strong></span> <span class='ocrx_word' id='word_1_451' title='bbox 544 5786 795 5857; x_wconf 59' lang='lat' dir='ltr'><strong>quaerendi</strong></span> <span class='ocrx_word' id='word_1_452' title='bbox 814 5786 962 5840; x_wconf 77' lang='lat' dir='ltr'><strong>ﬁnem</strong></span> <span class='ocrx_word' id='word_1_453' title='bbox 984 5788 1220 5838; x_wconf 82' lang='lat' dir='ltr'><strong>facerent.</strong></span> <span class='ocrx_word' id='word_1_454' title='bbox 1240 5786 1338 5835; x_wconf 79' lang='lat' dir='ltr'><strong>Res</strong></span> <span class='ocrx_word' id='word_1_455' title='bbox 1363 5792 1437 5834; x_wconf 86' lang='lat' dir='ltr'><strong>est</strong></span> <span class='ocrx_word' id='word_1_456' title='bbox 1465 5786 1591 5834; x_wconf 84' lang='lat' dir='ltr'><strong>trita.</strong></span> 
     </span>
    </p>
   </div>
   <div class='ocr_carea' id='block_1_61' title="bbox 1166 275 2955 364">
    <p class='ocr_par' dir='ltr' id='par_1_61' title="bbox 1166 275 2955 364">
     <span class='ocr_line' id='line_1_61' title="bbox 1166 275 2955 364; baseline 0 -1"><span class='ocrx_word' id='word_1_457' title='bbox 1166 304 1226 363; x_wconf 92' lang='lat' dir='ltr'><strong>s.</strong></span> <span class='ocrx_word' id='word_1_458' title='bbox 1265 275 1542 363; x_wconf 66' lang='lat' dir='ltr'><strong>Joauuis</strong></span> <span class='ocrx_word' id='word_1_459' title='bbox 1564 300 2034 361; x_wconf 78' lang='lat' dir='ltr'><strong>cuuvsos&#39;roui</strong></span> <span class='ocrx_word' id='word_1_460' title='bbox 2071 301 2387 361; x_wconf 69' lang='lat' dir='ltr'><strong>ancump.</strong></span> <span class='ocrx_word' id='word_1_461' title='bbox 2426 302 2955 364; x_wconf 82' lang='lat' dir='ltr'><strong>CONSTANTINOP.</strong></span> 
     </span>
    </p>
   </div>
   <div class='ocr_carea' id='block_1_62' title="bbox 3605 310 3711 369">
    <p class='ocr_par' dir='ltr' id='par_1_62' title="bbox 3605 310 3711 369">
     <span class='ocr_line' id='line_1_62' title="bbox 3605 310 3711 369; baseline 0 0"><span class='ocrx_word' id='word_1_462' title='bbox 3605 310 3711 369; x_wconf 70' lang='lat'><strong>508</strong></span> 
     </span>
    </p>
   </div>
   <div class='ocr_carea' id='block_1_63' title="bbox 2134 419 3713 499">
    <p class='ocr_par' dir='ltr' id='par_1_63' title="bbox 2134 419 3713 499">
     <span class='ocr_line' id='line_1_63' title="bbox 2134 419 3713 499; baseline 0.009 -24"><span class='ocrx_word' id='word_1_463' title='bbox 2134 419 2391 493; x_wconf 89' lang='lat' dir='ltr'><strong>deinceps</strong></span> <span class='ocrx_word' id='word_1_464' title='bbox 2414 438 2550 494; x_wconf 91' lang='lat' dir='ltr'><strong>opus</strong></span> <span class='ocrx_word' id='word_1_465' title='bbox 2574 433 2657 480; x_wconf 89' lang='lat' dir='ltr'><strong>est</strong></span> <span class='ocrx_word' id='word_1_466' title='bbox 2685 426 2973 495; x_wconf 85' lang='lat' dir='ltr'><strong>precibus?</strong></span> <span class='ocrx_word' id='word_1_467' title='bbox 3000 441 3095 482; x_wconf 91' lang='lat' dir='ltr'><strong>cur</strong></span> <span class='ocrx_word' id='word_1_468' title='bbox 3122 442 3251 499; x_wconf 85' lang='lat' dir='ltr'><strong>ergo</strong></span> <span class='ocrx_word' id='word_1_469' title='bbox 3276 428 3356 485; x_wconf 89' lang='lat' dir='ltr'><strong>vis</strong></span> <span class='ocrx_word' id='word_1_470' title='bbox 3377 429 3713 490; x_wconf 86' lang='lat' dir='ltr'><strong>Christianus</strong></span> 
     </span>
    </p>
   </div>
   <div class='ocr_carea' id='block_1_64' title="bbox 2135 517 3704 587">
    <p class='ocr_par' dir='ltr' id='par_1_64' title="bbox 2135 517 3704 587">
     <span class='ocr_line' id='line_1_64' title="bbox 2135 517 3704 587; baseline 0.01 -18"><span class='ocrx_word' id='word_1_471' title='bbox 2135 530 2276 579; x_wconf 89' lang='lat' dir='ltr'><strong>esse,</strong></span> <span class='ocrx_word' id='word_1_472' title='bbox 2304 517 2348 570; x_wconf 92' lang='lat' dir='ltr'><strong>si</strong></span> <span class='ocrx_word' id='word_1_473' title='bbox 2375 519 2586 587; x_wconf 89' lang='lat' dir='ltr'><strong>genesis</strong></span> <span class='ocrx_word' id='word_1_474' title='bbox 2606 520 2712 574; x_wconf 91' lang='lat' dir='ltr'><strong>sit?</strong></span> <span class='ocrx_word' id='word_1_475' title='bbox 2737 536 2843 575; x_wconf 86' lang='lat' dir='ltr'><strong>non</strong></span> <span class='ocrx_word' id='word_1_476' title='bbox 2869 522 3015 577; x_wconf 91' lang='lat' dir='ltr'><strong>enim</strong></span> <span class='ocrx_word' id='word_1_477' title='bbox 3045 522 3258 579; x_wconf 89' lang='lat' dir='ltr'><strong>crimini</strong></span> <span class='ocrx_word' id='word_1_478' title='bbox 3285 525 3394 580; x_wconf 92' lang='lat' dir='ltr'><strong>eris</strong></span> <span class='ocrx_word' id='word_1_479' title='bbox 3418 524 3704 584; x_wconf 77' lang='lat' dir='ltr'><strong>obnoxius.</strong></span> 
     </span>
    </p>
   </div>
   <div class='ocr_carea' id='block_1_65' title="bbox 2139 607 3708 686">
    <p class='ocr_par' dir='ltr' id='par_1_65' title="bbox 2139 607 3708 686">
     <span class='ocr_line' id='line_1_65' title="bbox 2139 607 3708 686; baseline 0.008 -23"><span class='ocrx_word' id='word_1_480' title='bbox 2139 607 2293 663; x_wconf 91' lang='lat' dir='ltr'><strong>Unde</strong></span> <span class='ocrx_word' id='word_1_481' title='bbox 2331 609 2512 665; x_wconf 89' lang='lat' dir='ltr'><strong>artes?</strong></span> <span class='ocrx_word' id='word_1_482' title='bbox 2537 626 2605 665; x_wconf 92' lang='lat' dir='ltr'><strong>an</strong></span> <span class='ocrx_word' id='word_1_483' title='bbox 2635 626 2701 667; x_wconf 82' lang='lat' dir='ltr'><strong>ex</strong></span> <span class='ocrx_word' id='word_1_484' title='bbox 2727 613 2952 682; x_wconf 84' lang='lat' dir='ltr'><strong>genesi?</strong></span> <span class='ocrx_word' id='word_1_485' title='bbox 2975 614 3169 683; x_wconf 87' lang='lat' dir='ltr'><strong>Etiam,</strong></span> <span class='ocrx_word' id='word_1_486' title='bbox 3203 616 3392 686; x_wconf 90' lang='lat' dir='ltr'><strong>inquit,</strong></span> <span class='ocrx_word' id='word_1_487' title='bbox 3424 630 3482 674; x_wconf 91' lang='lat' dir='ltr'><strong>et</strong></span> <span class='ocrx_word' id='word_1_488' title='bbox 3502 619 3574 675; x_wconf 91' lang='lat' dir='ltr'><strong>illi</strong></span> <span class='ocrx_word' id='word_1_489' title='bbox 3599 622 3708 675; x_wconf 71' lang='lat' dir='ltr'><strong>fato</strong></span> 
     </span>
    </p>
   </div>
   <div class='ocr_carea' id='block_1_66' title="bbox 2133 696 3709 773">
    <p class='ocr_par' dir='ltr' id='par_1_66' title="bbox 2133 696 3709 773">
     <span class='ocr_line' id='line_1_66' title="bbox 2133 696 3709 773; baseline 0.008 -23"><span class='ocrx_word' id='word_1_490' title='bbox 2133 696 2456 768; x_wconf 72' lang='lat' dir='ltr'><strong>praeﬁnitum</strong></span> <span class='ocrx_word' id='word_1_491' title='bbox 2499 709 2603 768; x_wconf 92' lang='lat' dir='ltr'><strong>est,</strong></span> <span class='ocrx_word' id='word_1_492' title='bbox 2649 711 2708 756; x_wconf 94' lang='lat' dir='ltr'><strong>ut</strong></span> <span class='ocrx_word' id='word_1_493' title='bbox 2737 702 2828 758; x_wconf 86' lang='lat' dir='ltr'><strong>ﬁat</strong></span> <span class='ocrx_word' id='word_1_494' title='bbox 2873 704 3087 773; x_wconf 87' lang='lat' dir='ltr'><strong>sapiens</strong></span> <span class='ocrx_word' id='word_1_495' title='bbox 3130 719 3254 760; x_wconf 91' lang='lat' dir='ltr'><strong>cum</strong></span> <span class='ocrx_word' id='word_1_496' title='bbox 3294 706 3590 763; x_wconf 89' lang='lat' dir='ltr'><strong>laboribus.</strong></span> <span class='ocrx_word' id='word_1_497' title='bbox 3640 712 3709 763; x_wconf 79' lang='lat' dir='ltr'><strong>At</strong></span> 
     </span>
    </p>
   </div>
   <div class='ocr_carea' id='block_1_67' title="bbox 2137 789 3705 864">
    <p class='ocr_par' dir='ltr' id='par_1_67' title="bbox 2137 789 3705 864">
     <span class='ocr_line' id='line_1_67' title="bbox 2137 789 3705 864; baseline 0.006 -21"><span class='ocrx_word' id='word_1_498' title='bbox 2137 789 2364 846; x_wconf 92' lang='lat' dir='ltr'><strong>ostende</strong></span> <span class='ocrx_word' id='word_1_499' title='bbox 2390 790 2519 845; x_wconf 92' lang='lat' dir='ltr'><strong>mihi</strong></span> <span class='ocrx_word' id='word_1_500' title='bbox 2547 795 2852 863; x_wconf 88' lang='lat' dir='ltr'><strong>quempiam</strong></span> <span class='ocrx_word' id='word_1_501' title='bbox 2878 795 2970 864; x_wconf 92' lang='lat' dir='ltr'><strong>qui</strong></span> <span class='ocrx_word' id='word_1_502' title='bbox 3005 796 3121 850; x_wconf 92' lang='lat' dir='ltr'><strong>sine</strong></span> <span class='ocrx_word' id='word_1_503' title='bbox 3164 796 3346 851; x_wconf 92' lang='lat' dir='ltr'><strong>labore</strong></span> <span class='ocrx_word' id='word_1_504' title='bbox 3370 805 3541 853; x_wconf 85' lang='lat' dir='ltr'><strong>artem</strong></span> <span class='ocrx_word' id='word_1_505' title='bbox 3568 798 3705 853; x_wconf 87' lang='lat' dir='ltr'><strong>didi-</strong></span> 
     </span>
    </p>
   </div>
   <div class='ocr_carea' id='block_1_68' title="bbox 2137 882 3707 958">
    <p class='ocr_par' dir='ltr' id='par_1_68' title="bbox 2137 882 3707 958">
     <span class='ocr_line' id='line_1_68' title="bbox 2137 882 3707 958; baseline 0.008 -24"><span class='ocrx_word' id='word_1_506' title='bbox 2137 882 2304 946; x_wconf 89' lang='lat' dir='ltr'><strong>cerit;</strong></span> <span class='ocrx_word' id='word_1_507' title='bbox 2334 897 2519 937; x_wconf 82' lang='lat' dir='ltr'><strong>verum</strong></span> <span class='ocrx_word' id='word_1_508' title='bbox 2553 898 2658 938; x_wconf 90' lang='lat' dir='ltr'><strong>non</strong></span> <span class='ocrx_word' id='word_1_509' title='bbox 2688 886 2890 955; x_wconf 91' lang='lat' dir='ltr'><strong>poteris</strong></span> <span class='ocrx_word' id='word_1_510' title='bbox 2917 904 2931 940; x_wconf 94' lang='lat'>:</span> <span class='ocrx_word' id='word_1_511' title='bbox 2961 887 3039 942; x_wconf 87' lang='lat' dir='ltr'><strong>sic</strong></span> <span class='ocrx_word' id='word_1_512' title='bbox 3058 901 3162 941; x_wconf 91' lang='lat' dir='ltr'><strong>non</strong></span> <span class='ocrx_word' id='word_1_513' title='bbox 3188 902 3253 943; x_wconf 87' lang='lat' dir='ltr'><strong>ex</strong></span> <span class='ocrx_word' id='word_1_514' title='bbox 3282 890 3488 958; x_wconf 87' lang='lat' dir='ltr'><strong>genesi,</strong></span> <span class='ocrx_word' id='word_1_515' title='bbox 3518 889 3611 945; x_wconf 91' lang='lat' dir='ltr'><strong>sed</strong></span> <span class='ocrx_word' id='word_1_516' title='bbox 3642 906 3707 946; x_wconf 81' lang='lat' dir='ltr'><strong>ex</strong></span> 
     </span>
    </p>
   </div>
   <div class='ocr_carea' id='block_1_69' title="bbox 2138 972 3711 1050">
    <p class='ocr_par' dir='ltr' id='par_1_69' title="bbox 2138 972 3711 1050">
     <span class='ocr_line' id='line_1_69' title="bbox 2138 972 3711 1050; baseline 0.006 -24"><span class='ocrx_word' id='word_1_517' title='bbox 2138 972 2408 1029; x_wconf 91' lang='lat' dir='ltr'><strong>laboribus</strong></span> <span class='ocrx_word' id='word_1_518' title='bbox 2446 974 2498 1029; x_wconf 90' lang='lat' dir='ltr'><strong>id</strong></span> <span class='ocrx_word' id='word_1_519' title='bbox 2546 988 2756 1045; x_wconf 90' lang='lat' dir='ltr'><strong>partum</strong></span> <span class='ocrx_word' id='word_1_520' title='bbox 2799 986 2904 1032; x_wconf 89' lang='lat' dir='ltr'><strong>est.</strong></span> <span class='ocrx_word' id='word_1_521' title='bbox 2946 976 3224 1034; x_wconf 86' lang='lat' dir='ltr'><strong>Undenam</strong></span> <span class='ocrx_word' id='word_1_522' title='bbox 3252 994 3380 1050; x_wconf 86' lang='lat' dir='ltr'><strong>ergo</strong></span> <span class='ocrx_word' id='word_1_523' title='bbox 3410 980 3499 1035; x_wconf 90' lang='lat' dir='ltr'><strong>ille</strong></span> <span class='ocrx_word' id='word_1_524' title='bbox 3541 982 3711 1036; x_wconf 87' lang='lat' dir='ltr'><strong>scele-</strong></span> 
     </span>
    </p>
   </div>
   <div class='ocr_carea' id='block_1_70' title="bbox 2139 1067 3708 1144">
    <p class='ocr_par' dir='ltr' id='par_1_70' title="bbox 2139 1067 3708 1144">
     <span class='ocr_line' id='line_1_70' title="bbox 2139 1067 3708 1144; baseline 0.006 -25"><span class='ocrx_word' id='word_1_525' title='bbox 2139 1074 2273 1130; x_wconf 90' lang='lat' dir='ltr'><strong>stus,</strong></span> <span class='ocrx_word' id='word_1_526' title='bbox 2320 1067 2508 1137; x_wconf 89' lang='lat' dir='ltr'><strong>inquit,</strong></span> <span class='ocrx_word' id='word_1_527' title='bbox 2550 1069 2641 1139; x_wconf 91' lang='lat' dir='ltr'><strong>qui</strong></span> <span class='ocrx_word' id='word_1_528' title='bbox 2685 1084 2714 1123; x_wconf 90' lang='lat' dir='ltr'><strong>a</strong></span> <span class='ocrx_word' id='word_1_529' title='bbox 2758 1080 2907 1139; x_wconf 90' lang='lat' dir='ltr'><strong>patre</strong></span> <span class='ocrx_word' id='word_1_530' title='bbox 2938 1071 3284 1128; x_wconf 88' lang='lat' dir='ltr'><strong>hereditatem</strong></span> <span class='ocrx_word' id='word_1_531' title='bbox 3330 1088 3436 1130; x_wconf 88' lang='lat' dir='ltr'><strong>non</strong></span> <span class='ocrx_word' id='word_1_532' title='bbox 3481 1076 3708 1144; x_wconf 89' lang='lat' dir='ltr'><strong>accepit,</strong></span> 
     </span>
    </p>
   </div>
   <div class='ocr_carea' id='block_1_71' title="bbox 2138 1157 3707 1234">
    <p class='ocr_par' dir='ltr' id='par_1_71' title="bbox 2138 1157 3707 1234">
     <span class='ocr_line' id='line_1_71' title="bbox 2138 1157 3707 1234; baseline 0.006 -23"><span class='ocrx_word' id='word_1_533' title='bbox 2138 1157 2289 1213; x_wconf 89' lang='lat' dir='ltr'><strong>dives</strong></span> <span class='ocrx_word' id='word_1_534' title='bbox 2327 1167 2502 1215; x_wconf 92' lang='lat' dir='ltr'><strong>tamen</strong></span> <span class='ocrx_word' id='word_1_535' title='bbox 2530 1170 2612 1216; x_wconf 92' lang='lat' dir='ltr'><strong>est</strong></span> <span class='ocrx_word' id='word_1_536' title='bbox 2636 1179 2651 1227; x_wconf 89' lang='lat'><strong>;</strong></span> <span class='ocrx_word' id='word_1_537' title='bbox 2697 1161 2834 1217; x_wconf 91' lang='lat' dir='ltr'><strong>alius</strong></span> <span class='ocrx_word' id='word_1_538' title='bbox 2859 1176 2991 1218; x_wconf 88' lang='lat' dir='ltr'><strong>vero</strong></span> <span class='ocrx_word' id='word_1_539' title='bbox 3017 1173 3136 1234; x_wconf 92' lang='lat' dir='ltr'><strong>post</strong></span> <span class='ocrx_word' id='word_1_540' title='bbox 3159 1164 3467 1221; x_wconf 91' lang='lat' dir='ltr'><strong>innumeros</strong></span> <span class='ocrx_word' id='word_1_541' title='bbox 3496 1165 3707 1221; x_wconf 76' lang='lat' dir='ltr'><strong>labores</strong></span> 
     </span>
    </p>
   </div>
   <div class='ocr_carea' id='block_1_72' title="bbox 2138 1250 3709 1325">
    <p class='ocr_par' dir='ltr' id='par_1_72' title="bbox 2138 1250 3709 1325">
     <span class='ocr_line' id='line_1_72' title="bbox 2138 1250 3709 1325; baseline 0.006 -22"><span class='ocrx_word' id='word_1_542' title='bbox 2138 1258 2222 1305; x_wconf 88' lang='lat' dir='ltr'><strong>est</strong></span> <span class='ocrx_word' id='word_1_543' title='bbox 2247 1251 2484 1320; x_wconf 88' lang='lat' dir='ltr'><strong>pauper?</strong></span> <span class='ocrx_word' id='word_1_544' title='bbox 2520 1250 2636 1307; x_wconf 67' lang='lat' dir='ltr'><strong>haec</strong></span> <span class='ocrx_word' id='word_1_545' title='bbox 2662 1252 2806 1308; x_wconf 90' lang='lat' dir='ltr'><strong>enim</strong></span> <span class='ocrx_word' id='word_1_546' title='bbox 2833 1251 3141 1324; x_wconf 81' lang='lat' dir='ltr'><strong>frequenter</strong></span> <span class='ocrx_word' id='word_1_547' title='bbox 3181 1255 3401 1325; x_wconf 88' lang='lat' dir='ltr'><strong>agitant,</strong></span> <span class='ocrx_word' id='word_1_548' title='bbox 3429 1258 3609 1312; x_wconf 90' lang='lat' dir='ltr'><strong>omnia</strong></span> <span class='ocrx_word' id='word_1_549' title='bbox 3637 1258 3709 1314; x_wconf 92' lang='lat' dir='ltr'><strong>de</strong></span> 
     </span>
    </p>
   </div>
   <div class='ocr_carea' id='block_1_73' title="bbox 2139 1338 3705 1411">
    <p class='ocr_par' dir='ltr' id='par_1_73' title="bbox 2139 1338 3705 1411">
     <span class='ocr_line' id='line_1_73' title="bbox 2139 1338 3705 1411; baseline 0.006 -18"><span class='ocrx_word' id='word_1_550' title='bbox 2139 1338 2337 1394; x_wconf 88' lang='lat' dir='ltr'><strong>divitiis</strong></span> <span class='ocrx_word' id='word_1_551' title='bbox 2360 1350 2415 1395; x_wconf 89' lang='lat' dir='ltr'><strong>et</strong></span> <span class='ocrx_word' id='word_1_552' title='bbox 2445 1351 2755 1411; x_wconf 88' lang='lat' dir='ltr'><strong>paupertate</strong></span> <span class='ocrx_word' id='word_1_553' title='bbox 2783 1353 3080 1409; x_wconf 88' lang='lat' dir='ltr'><strong>moventes,</strong></span> <span class='ocrx_word' id='word_1_554' title='bbox 3113 1344 3244 1401; x_wconf 85' lang='lat' dir='ltr'><strong>nihil</strong></span> <span class='ocrx_word' id='word_1_555' title='bbox 3277 1355 3453 1402; x_wconf 91' lang='lat' dir='ltr'><strong>autem</strong></span> <span class='ocrx_word' id='word_1_556' title='bbox 3481 1347 3549 1404; x_wconf 85' lang='lat' dir='ltr'><strong>de</strong></span> <span class='ocrx_word' id='word_1_557' title='bbox 3575 1349 3705 1403; x_wconf 79' lang='lat' dir='ltr'><strong>vitio</strong></span> 
     </span>
    </p>
   </div>
   <div class='ocr_carea' id='block_1_74' title="bbox 2139 1432 3712 1508">
    <p class='ocr_par' dir='ltr' id='par_1_74' title="bbox 2139 1432 3712 1508">
     <span class='ocr_line' id='line_1_74' title="bbox 2139 1432 3712 1508; baseline 0.006 -22"><span class='ocrx_word' id='word_1_558' title='bbox 2139 1438 2195 1486; x_wconf 89' lang='lat' dir='ltr'><strong>et</strong></span> <span class='ocrx_word' id='word_1_559' title='bbox 2232 1432 2446 1486; x_wconf 91' lang='lat' dir='ltr'><strong>virtute.</strong></span> <span class='ocrx_word' id='word_1_560' title='bbox 2480 1432 2674 1487; x_wconf 84' lang='lat' dir='ltr'><strong>Verum</strong></span> <span class='ocrx_word' id='word_1_561' title='bbox 2719 1433 2816 1488; x_wconf 88' lang='lat' dir='ltr'><strong>hac</strong></span> <span class='ocrx_word' id='word_1_562' title='bbox 2843 1434 2912 1489; x_wconf 92' lang='lat' dir='ltr'><strong>de</strong></span> <span class='ocrx_word' id='word_1_563' title='bbox 2954 1451 3013 1489; x_wconf 90' lang='lat' dir='ltr'><strong>re</strong></span> <span class='ocrx_word' id='word_1_564' title='bbox 3046 1435 3157 1504; x_wconf 86' lang='lat' dir='ltr'><strong>jam</strong></span> <span class='ocrx_word' id='word_1_565' title='bbox 3200 1451 3268 1492; x_wconf 92' lang='lat' dir='ltr'><strong>ne</strong></span> <span class='ocrx_word' id='word_1_566' title='bbox 3311 1437 3567 1508; x_wconf 89' lang='lat' dir='ltr'><strong>loquare,</strong></span> <span class='ocrx_word' id='word_1_567' title='bbox 3615 1440 3712 1495; x_wconf 87' lang='lat' dir='ltr'><strong>sed</strong></span> 
     </span>
    </p>
   </div>
   <div class='ocr_carea' id='block_1_75' title="bbox 2141 1522 3710 1596">
    <p class='ocr_par' dir='ltr' id='par_1_75' title="bbox 2141 1522 3710 1596">
     <span class='ocr_line' id='line_1_75' title="bbox 2141 1522 3710 1596; baseline 0.005 -20"><span class='ocrx_word' id='word_1_568' title='bbox 2141 1522 2363 1579; x_wconf 88' lang='lat' dir='ltr'><strong>ostende</strong></span> <span class='ocrx_word' id='word_1_569' title='bbox 2392 1538 2461 1578; x_wconf 89' lang='lat' dir='ltr'><strong>an</strong></span> <span class='ocrx_word' id='word_1_570' title='bbox 2486 1524 2677 1595; x_wconf 89' lang='lat' dir='ltr'><strong>aliquis</strong></span> <span class='ocrx_word' id='word_1_571' title='bbox 2716 1525 2840 1580; x_wconf 90' lang='lat' dir='ltr'><strong>boni</strong></span> <span class='ocrx_word' id='word_1_572' title='bbox 2881 1525 3172 1594; x_wconf 88' lang='lat' dir='ltr'><strong>studiosus,</strong></span> <span class='ocrx_word' id='word_1_573' title='bbox 3200 1528 3389 1596; x_wconf 88' lang='lat' dir='ltr'><strong>malus,</strong></span> <span class='ocrx_word' id='word_1_574' title='bbox 3429 1537 3484 1584; x_wconf 91' lang='lat' dir='ltr'><strong>et</strong></span> <span class='ocrx_word' id='word_1_575' title='bbox 3505 1544 3575 1584; x_wconf 86' lang='lat' dir='ltr'><strong>an</strong></span> <span class='ocrx_word' id='word_1_576' title='bbox 3614 1530 3710 1584; x_wconf 85' lang='lat' dir='ltr'><strong>ali-</strong></span> 
     </span>
    </p>
   </div>
   <div class='ocr_carea' id='block_1_76' title="bbox 2141 1615 3713 1686">
    <p class='ocr_par' dir='ltr' id='par_1_76' title="bbox 2141 1615 3713 1686">
     <span class='ocr_line' id='line_1_76' title="bbox 2141 1615 3713 1686; baseline 0.005 -19"><span class='ocrx_word' id='word_1_577' title='bbox 2141 1615 2261 1684; x_wconf 89' lang='lat' dir='ltr'><strong>quis</strong></span> <span class='ocrx_word' id='word_1_578' title='bbox 2286 1629 2472 1670; x_wconf 93' lang='lat' dir='ltr'><strong>socors</strong></span> <span class='ocrx_word' id='word_1_579' title='bbox 2495 1630 2558 1669; x_wconf 92' lang='lat' dir='ltr'><strong>ac</strong></span> <span class='ocrx_word' id='word_1_580' title='bbox 2585 1616 2884 1686; x_wconf 87' lang='lat' dir='ltr'><strong>negligens,</strong></span> <span class='ocrx_word' id='word_1_581' title='bbox 2918 1617 3090 1672; x_wconf 91' lang='lat' dir='ltr'><strong>bonus</strong></span> <span class='ocrx_word' id='word_1_582' title='bbox 3107 1619 3336 1674; x_wconf 89' lang='lat' dir='ltr'><strong>evaserit</strong></span> <span class='ocrx_word' id='word_1_583' title='bbox 3364 1636 3377 1673; x_wconf 90' lang='lat'><strong>:</strong></span> <span class='ocrx_word' id='word_1_584' title='bbox 3412 1635 3536 1674; x_wconf 89' lang='lat' dir='ltr'><strong>nam</strong></span> <span class='ocrx_word' id='word_1_585' title='bbox 3564 1622 3610 1676; x_wconf 92' lang='lat' dir='ltr'><strong>si</strong></span> <span class='ocrx_word' id='word_1_586' title='bbox 3637 1620 3713 1675; x_wconf 81' lang='lat' dir='ltr'><strong>l&#39;a-</strong></span> 
     </span>
    </p>
   </div>
   <div class='ocr_carea' id='block_1_77' title="bbox 2143 1706 3712 1781">
    <p class='ocr_par' dir='ltr' id='par_1_77' title="bbox 2143 1706 3712 1781">
     <span class='ocr_line' id='line_1_77' title="bbox 2143 1706 3712 1781; baseline 0.005 -20"><span class='ocrx_word' id='word_1_587' title='bbox 2143 1716 2254 1761; x_wconf 92' lang='lat' dir='ltr'><strong>tum</strong></span> <span class='ocrx_word' id='word_1_588' title='bbox 2285 1708 2391 1762; x_wconf 90' lang='lat' dir='ltr'><strong>vim</strong></span> <span class='ocrx_word' id='word_1_589' title='bbox 2425 1706 2604 1772; x_wconf 88' lang='lat' dir='ltr'><strong>habet,</strong></span> <span class='ocrx_word' id='word_1_590' title='bbox 2650 1710 2702 1762; x_wconf 92' lang='lat' dir='ltr'><strong>in</strong></span> <span class='ocrx_word' id='word_1_591' title='bbox 2733 1709 2979 1763; x_wconf 78' lang='lat' dir='ltr'><strong>maximis</strong></span> <span class='ocrx_word' id='word_1_592' title='bbox 3005 1719 3327 1781; x_wconf 89' lang='lat' dir='ltr'><strong>potestatem</strong></span> <span class='ocrx_word' id='word_1_593' title='bbox 3353 1725 3502 1767; x_wconf 90' lang='lat' dir='ltr'><strong>suam</strong></span> <span class='ocrx_word' id='word_1_594' title='bbox 3528 1723 3712 1769; x_wconf 90' lang='lat' dir='ltr'><strong>osten-</strong></span> 
     </span>
    </p>
   </div>
   <div class='ocr_carea' id='block_1_78' title="bbox 2142 1800 3714 1871">
    <p class='ocr_par' dir='ltr' id='par_1_78' title="bbox 2142 1800 3714 1871">
     <span class='ocr_line' id='line_1_78' title="bbox 2142 1800 3714 1871; baseline 0.004 -16"><span class='ocrx_word' id='word_1_595' title='bbox 2142 1800 2255 1867; x_wconf 90' lang='lat' dir='ltr'><strong>dat,</strong></span> <span class='ocrx_word' id='word_1_596' title='bbox 2286 1802 2338 1855; x_wconf 93' lang='lat' dir='ltr'><strong>in</strong></span> <span class='ocrx_word' id='word_1_597' title='bbox 2388 1802 2585 1856; x_wconf 92' lang='lat' dir='ltr'><strong>virtute</strong></span> <span class='ocrx_word' id='word_1_598' title='bbox 2631 1817 2825 1871; x_wconf 91' lang='lat' dir='ltr'><strong>nempe</strong></span> <span class='ocrx_word' id='word_1_599' title='bbox 2868 1811 2924 1857; x_wconf 90' lang='lat' dir='ltr'><strong>et</strong></span> <span class='ocrx_word' id='word_1_600' title='bbox 2962 1804 3113 1870; x_wconf 90' lang='lat' dir='ltr'><strong>vitio,</strong></span> <span class='ocrx_word' id='word_1_601' title='bbox 3164 1818 3272 1859; x_wconf 91' lang='lat' dir='ltr'><strong>non</strong></span> <span class='ocrx_word' id='word_1_602' title='bbox 3315 1805 3371 1859; x_wconf 87' lang='lat' dir='ltr'><strong>in</strong></span> <span class='ocrx_word' id='word_1_603' title='bbox 3417 1805 3616 1861; x_wconf 87' lang='lat' dir='ltr'><strong>divitiis</strong></span> <span class='ocrx_word' id='word_1_604' title='bbox 3658 1815 3714 1862; x_wconf 87' lang='lat' dir='ltr'><strong>et</strong></span> 
     </span>
    </p>
   </div>
   <div class='ocr_carea' id='block_1_79' title="bbox 2141 1892 3711 1964">
    <p class='ocr_par' dir='ltr' id='par_1_79' title="bbox 2141 1892 3711 1964">
     <span class='ocr_line' id='line_1_79' title="bbox 2141 1892 3711 1964; baseline 0.006 -19"><span class='ocrx_word' id='word_1_605' title='bbox 2141 1900 2474 1961; x_wconf 88' lang='lat' dir='ltr'><strong>paupertate.</strong></span> <span class='ocrx_word' id='word_1_606' title='bbox 2500 1892 2567 1947; x_wconf 89' lang='lat' dir='ltr'><strong>Et</strong></span> <span class='ocrx_word' id='word_1_607' title='bbox 2597 1892 2884 1960; x_wconf 90' lang='lat' dir='ltr'><strong>undenam,</strong></span> <span class='ocrx_word' id='word_1_608' title='bbox 2911 1894 3139 1964; x_wconf 90' lang='lat' dir='ltr'><strong>inquies,</strong></span> <span class='ocrx_word' id='word_1_609' title='bbox 3171 1895 3263 1952; x_wconf 88' lang='lat' dir='ltr'><strong>ille</strong></span> <span class='ocrx_word' id='word_1_610' title='bbox 3291 1896 3343 1950; x_wconf 90' lang='lat' dir='ltr'><strong>in</strong></span> <span class='ocrx_word' id='word_1_611' title='bbox 3373 1896 3591 1964; x_wconf 90' lang='lat' dir='ltr'><strong>morbis,</strong></span> <span class='ocrx_word' id='word_1_612' title='bbox 3622 1896 3711 1954; x_wconf 88' lang='lat' dir='ltr'><strong>hic</strong></span> 
     </span>
    </p>
   </div>
   <div class='ocr_carea' id='block_1_80' title="bbox 2144 1982 3715 2044">
    <p class='ocr_par' dir='ltr' id='par_1_80' title="bbox 2144 1982 3715 2044">
     <span class='ocr_line' id='line_1_80' title="bbox 2144 1982 3715 2044; baseline 0.004 -7"><span class='ocrx_word' id='word_1_613' title='bbox 2144 1982 2196 2037; x_wconf 92' lang='lat' dir='ltr'><strong>in</strong></span> <span class='ocrx_word' id='word_1_614' title='bbox 2228 1982 2363 2038; x_wconf 90' lang='lat' dir='ltr'><strong>bona</strong></span> <span class='ocrx_word' id='word_1_615' title='bbox 2412 1982 2722 2039; x_wconf 88' lang='lat' dir='ltr'><strong>valetudine</strong></span> <span class='ocrx_word' id='word_1_616' title='bbox 2763 1986 3049 2040; x_wconf 88' lang='lat' dir='ltr'><strong>versatur?</strong></span> <span class='ocrx_word' id='word_1_617' title='bbox 3089 1985 3355 2042; x_wconf 88' lang='lat' dir='ltr'><strong>undenam</strong></span> <span class='ocrx_word' id='word_1_618' title='bbox 3402 1987 3494 2044; x_wconf 91' lang='lat' dir='ltr'><strong>ille</strong></span> <span class='ocrx_word' id='word_1_619' title='bbox 3540 1989 3715 2044; x_wconf 88' lang='lat' dir='ltr'><strong>clarus</strong></span> 
     </span>
    </p>
   </div>
   <div class='ocr_carea' id='block_1_81' title="bbox 2143 2071 3718 2143">
    <p class='ocr_par' dir='ltr' id='par_1_81' title="bbox 2143 2071 3718 2143">
     <span class='ocr_line' id='line_1_81' title="bbox 2143 2071 3718 2143; baseline 0.006 -17"><span class='ocrx_word' id='word_1_620' title='bbox 2143 2080 2247 2140; x_wconf 92' lang='lat' dir='ltr'><strong>est,</strong></span> <span class='ocrx_word' id='word_1_621' title='bbox 2291 2072 2427 2127; x_wconf 86' lang='lat' dir='ltr'><strong>alius</strong></span> <span class='ocrx_word' id='word_1_622' title='bbox 2468 2071 2521 2127; x_wconf 91' lang='lat' dir='ltr'><strong>in</strong></span> <span class='ocrx_word' id='word_1_623' title='bbox 2551 2075 2878 2143; x_wconf 91' lang='lat' dir='ltr'><strong>turpitudine</strong></span> <span class='ocrx_word' id='word_1_624' title='bbox 2905 2077 3193 2133; x_wconf 83' lang='lat' dir='ltr'><strong>versatur?</strong></span> <span class='ocrx_word' id='word_1_625' title='bbox 3232 2077 3493 2134; x_wconf 88' lang='lat' dir='ltr'><strong>undenam</strong></span> <span class='ocrx_word' id='word_1_626' title='bbox 3533 2079 3611 2135; x_wconf 91' lang='lat' dir='ltr'><strong>illi</strong></span> <span class='ocrx_word' id='word_1_627' title='bbox 3649 2096 3718 2136; x_wconf 79' lang='lat' dir='ltr'><strong>ex</strong></span> 
     </span>
    </p>
   </div>
   <div class='ocr_carea' id='block_1_82' title="bbox 2143 2165 3719 2243">
    <p class='ocr_par' dir='ltr' id='par_1_82' title="bbox 2143 2165 3719 2243">
     <span class='ocr_line' id='line_1_82' title="bbox 2143 2165 3719 2243; baseline 0.006 -25"><span class='ocrx_word' id='word_1_628' title='bbox 2143 2165 2408 2219; x_wconf 82' lang='lat' dir='ltr'><strong>sententia</strong></span> <span class='ocrx_word' id='word_1_629' title='bbox 2444 2179 2532 2221; x_wconf 82' lang='lat' dir='ltr'><strong>res</strong></span> <span class='ocrx_word' id='word_1_630' title='bbox 2562 2168 2839 2236; x_wconf 86' lang='lat' dir='ltr'><strong>eveniunt,</strong></span> <span class='ocrx_word' id='word_1_631' title='bbox 2868 2170 2959 2225; x_wconf 88' lang='lat' dir='ltr'><strong>alii</strong></span> <span class='ocrx_word' id='word_1_632' title='bbox 2981 2184 3110 2226; x_wconf 88' lang='lat' dir='ltr'><strong>vero</strong></span> <span class='ocrx_word' id='word_1_633' title='bbox 3139 2170 3415 2227; x_wconf 87' lang='lat' dir='ltr'><strong>innumera</strong></span> <span class='ocrx_word' id='word_1_634' title='bbox 3447 2172 3499 2226; x_wconf 90' lang='lat' dir='ltr'><strong>in</strong></span> <span class='ocrx_word' id='word_1_635' title='bbox 3525 2188 3719 2243; x_wconf 87' lang='lat' dir='ltr'><strong>quam-</strong></span> 
     </span>
    </p>
   </div>
   <div class='ocr_carea' id='block_1_83' title="bbox 2148 2258 3717 2334">
    <p class='ocr_par' dir='ltr' id='par_1_83' title="bbox 2148 2258 3717 2334">
     <span class='ocr_line' id='line_1_83' title="bbox 2148 2258 3717 2334; baseline 0.004 -21"><span class='ocrx_word' id='word_1_636' title='bbox 2148 2258 2395 2329; x_wconf 88' lang='lat' dir='ltr'><strong>plurimis</strong></span> <span class='ocrx_word' id='word_1_637' title='bbox 2436 2270 2730 2317; x_wconf 91' lang='lat' dir='ltr'><strong>occurrunt</strong></span> <span class='ocrx_word' id='word_1_638' title='bbox 2756 2262 3178 2333; x_wconf 83' lang='lat' dir='ltr'><strong>impedimenta?</strong></span> <span class='ocrx_word' id='word_1_639' title='bbox 3201 2270 3246 2319; x_wconf 88' lang='lat' dir='ltr'><strong>A</strong></span> <span class='ocrx_word' id='word_1_640' title='bbox 3270 2267 3452 2334; x_wconf 84' lang='lat' dir='ltr'><strong>genesi</strong></span> <span class='ocrx_word' id='word_1_641' title='bbox 3492 2267 3717 2333; x_wconf 80' lang='lat' dir='ltr'><strong>absiste,</strong></span> 
     </span>
    </p>
   </div>
   <div class='ocr_carea' id='block_1_84' title="bbox 2146 2349 3721 2427">
    <p class='ocr_par' dir='ltr' id='par_1_84' title="bbox 2146 2349 3721 2427">
     <span class='ocr_line' id='line_1_84' title="bbox 2146 2349 3721 2427; baseline 0.006 -22"><span class='ocrx_word' id='word_1_642' title='bbox 2146 2358 2206 2405; x_wconf 89' lang='lat' dir='ltr'><strong>et</strong></span> <span class='ocrx_word' id='word_1_643' title='bbox 2231 2349 2355 2405; x_wconf 71' lang='lat' dir='ltr'><strong>haec</strong></span> <span class='ocrx_word' id='word_1_644' title='bbox 2399 2351 2581 2407; x_wconf 89' lang='lat' dir='ltr'><strong>scies:</strong></span> <span class='ocrx_word' id='word_1_645' title='bbox 2615 2352 2839 2409; x_wconf 85' lang='lat' dir='ltr'><strong>ﬁrmiter</strong></span> <span class='ocrx_word' id='word_1_646' title='bbox 2885 2353 3047 2411; x_wconf 83' lang='lat' dir='ltr'><strong>crede</strong></span> <span class='ocrx_word' id='word_1_647' title='bbox 3084 2354 3251 2410; x_wconf 90' lang='lat' dir='ltr'><strong>Deum</strong></span> <span class='ocrx_word' id='word_1_648' title='bbox 3281 2370 3401 2411; x_wconf 88' lang='lat' dir='ltr'><strong>esse</strong></span> <span class='ocrx_word' id='word_1_649' title='bbox 3428 2358 3517 2427; x_wconf 91' lang='lat' dir='ltr'><strong>qui</strong></span> <span class='ocrx_word' id='word_1_650' title='bbox 3544 2360 3721 2427; x_wconf 91' lang='lat' dir='ltr'><strong>provi-</strong></span> 
     </span>
    </p>
   </div>
   <div class='ocr_carea' id='block_1_85' title="bbox 2144 2440 3724 2517">
    <p class='ocr_par' dir='ltr' id='par_1_85' title="bbox 2144 2440 3724 2517">
     <span class='ocr_line' id='line_1_85' title="bbox 2144 2440 3724 2517; baseline 0.004 -21"><span class='ocrx_word' id='word_1_651' title='bbox 2144 2440 2254 2505; x_wconf 92' lang='lat' dir='ltr'><strong>det,</strong></span> <span class='ocrx_word' id='word_1_652' title='bbox 2298 2451 2352 2497; x_wconf 89' lang='lat' dir='ltr'><strong>et</strong></span> <span class='ocrx_word' id='word_1_653' title='bbox 2392 2446 2506 2497; x_wconf 75' lang='lat' dir='ltr'><strong>hazc</strong></span> <span class='ocrx_word' id='word_1_654' title='bbox 2545 2443 2690 2499; x_wconf 92' lang='lat' dir='ltr'><strong>clare</strong></span> <span class='ocrx_word' id='word_1_655' title='bbox 2735 2458 3048 2515; x_wconf 82' lang='lat' dir='ltr'><strong>cognosces.</strong></span> <span class='ocrx_word' id='word_1_656' title='bbox 3076 2445 3183 2501; x_wconf 88' lang='lat' dir='ltr'><strong>Sed</strong></span> <span class='ocrx_word' id='word_1_657' title='bbox 3225 2462 3331 2501; x_wconf 87' lang='lat' dir='ltr'><strong>non</strong></span> <span class='ocrx_word' id='word_1_658' title='bbox 3364 2462 3598 2517; x_wconf 90' lang='lat' dir='ltr'><strong>possum,</strong></span> <span class='ocrx_word' id='word_1_659' title='bbox 3642 2449 3724 2503; x_wconf 91' lang='lat' dir='ltr'><strong>in-</strong></span> 
     </span>
    </p>
   </div>
   <div class='ocr_carea' id='block_1_86' title="bbox 2147 2536 3727 2603">
    <p class='ocr_par' dir='ltr' id='par_1_86' title="bbox 2147 2536 3727 2603">
     <span class='ocr_line' id='line_1_86' title="bbox 2147 2536 3727 2603; baseline 0.006 -15"><span class='ocrx_word' id='word_1_660' title='bbox 2147 2536 2334 2603; x_wconf 88' lang='lat' dir='ltr'><strong>quies;</strong></span> <span class='ocrx_word' id='word_1_661' title='bbox 2373 2550 2479 2590; x_wconf 90' lang='lat' dir='ltr'><strong>non</strong></span> <span class='ocrx_word' id='word_1_662' title='bbox 2508 2536 2649 2590; x_wconf 91' lang='lat' dir='ltr'><strong>enim</strong></span> <span class='ocrx_word' id='word_1_663' title='bbox 2691 2537 2818 2593; x_wconf 88' lang='lat' dir='ltr'><strong>sinit</strong></span> <span class='ocrx_word' id='word_1_664' title='bbox 2856 2547 3003 2593; x_wconf 89' lang='lat' dir='ltr'><strong>tanta</strong></span> <span class='ocrx_word' id='word_1_665' title='bbox 3033 2554 3209 2594; x_wconf 85' lang='lat' dir='ltr'><strong>rerum</strong></span> <span class='ocrx_word' id='word_1_666' title='bbox 3238 2539 3485 2596; x_wconf 77' lang='lat' dir='ltr'><strong>conlusio</strong></span> <span class='ocrx_word' id='word_1_667' title='bbox 3513 2541 3593 2597; x_wconf 88' lang='lat' dir='ltr'><strong>vel</strong></span> <span class='ocrx_word' id='word_1_668' title='bbox 3634 2556 3727 2597; x_wconf 88' lang='lat' dir='ltr'><strong>su-</strong></span> 
     </span>
    </p>
   </div>
   <div class='ocr_carea' id='block_1_87' title="bbox 2154 2629 3723 2702">
    <p class='ocr_par' dir='ltr' id='par_1_87' title="bbox 2154 2629 3723 2702">
     <span class='ocr_line' id='line_1_87' title="bbox 2154 2629 3723 2702; baseline 0.003 -19"><span class='ocrx_word' id='word_1_669' title='bbox 2154 2629 2356 2698; x_wconf 80' lang='lat' dir='ltr'><strong>Spicari</strong></span> <span class='ocrx_word' id='word_1_670' title='bbox 2405 2643 2526 2685; x_wconf 90' lang='lat' dir='ltr'><strong>esse</strong></span> <span class='ocrx_word' id='word_1_671' title='bbox 2555 2629 2962 2698; x_wconf 89' lang='lat' dir='ltr'><strong>providentiam.</strong></span> <span class='ocrx_word' id='word_1_672' title='bbox 3015 2632 3072 2688; x_wconf 88' lang='lat' dir='ltr'><strong>Si</strong></span> <span class='ocrx_word' id='word_1_673' title='bbox 3115 2631 3231 2688; x_wconf 59' lang='lat' dir='ltr'><strong>haec</strong></span> <span class='ocrx_word' id='word_1_674' title='bbox 3266 2648 3427 2702; x_wconf 86' lang='lat' dir='ltr'><strong>opera</strong></span> <span class='ocrx_word' id='word_1_675' title='bbox 3460 2633 3553 2688; x_wconf 90' lang='lat' dir='ltr'><strong>Dei</strong></span> <span class='ocrx_word' id='word_1_676' title='bbox 3593 2636 3723 2699; x_wconf 89' lang='lat' dir='ltr'><strong>sint,</strong></span> 
     </span>
    </p>
   </div>
   <div class='ocr_carea' id='block_1_88' title="bbox 2149 2721 3722 2793">
    <p class='ocr_par' dir='ltr' id='par_1_88' title="bbox 2149 2721 3722 2793">
     <span class='ocr_line' id='line_1_88' title="bbox 2149 2721 3722 2793; baseline 0.003 -19"><span class='ocrx_word' id='word_1_677' title='bbox 2149 2721 2417 2791; x_wconf 90' lang='lat' dir='ltr'><strong>quomodo</strong></span> <span class='ocrx_word' id='word_1_678' title='bbox 2442 2721 2664 2778; x_wconf 90' lang='lat' dir='ltr'><strong>credere</strong></span> <span class='ocrx_word' id='word_1_679' title='bbox 2708 2738 2923 2793; x_wconf 89' lang='lat' dir='ltr'><strong>possum</strong></span> <span class='ocrx_word' id='word_1_680' title='bbox 2953 2724 3119 2779; x_wconf 89' lang='lat' dir='ltr'><strong>Deum</strong></span> <span class='ocrx_word' id='word_1_681' title='bbox 3150 2724 3372 2791; x_wconf 91' lang='lat' dir='ltr'><strong>bonum,</strong></span> <span class='ocrx_word' id='word_1_682' title='bbox 3416 2726 3722 2792; x_wconf 89' lang='lat' dir='ltr'><strong>scortatori,</strong></span> 
     </span>
    </p>
   </div>
   <div class='ocr_carea' id='block_1_89' title="bbox 2149 2813 3720 2885">
    <p class='ocr_par' dir='ltr' id='par_1_89' title="bbox 2149 2813 3720 2885">
     <span class='ocr_line' id='line_1_89' title="bbox 2149 2813 3720 2885; baseline 0.003 -18"><span class='ocrx_word' id='word_1_683' title='bbox 2149 2813 2431 2880; x_wconf 90' lang='lat' dir='ltr'><strong>scelerato,</strong></span> <span class='ocrx_word' id='word_1_684' title='bbox 2469 2815 2673 2883; x_wconf 91' lang='lat' dir='ltr'><strong>raptori</strong></span> <span class='ocrx_word' id='word_1_685' title='bbox 2702 2816 2957 2885; x_wconf 92' lang='lat' dir='ltr'><strong>pecunias</strong></span> <span class='ocrx_word' id='word_1_686' title='bbox 2993 2815 3160 2879; x_wconf 87' lang='lat' dir='ltr'><strong>dare;</strong></span> <span class='ocrx_word' id='word_1_687' title='bbox 3192 2816 3358 2885; x_wconf 88' lang='lat' dir='ltr'><strong>probo</strong></span> <span class='ocrx_word' id='word_1_688' title='bbox 3407 2833 3512 2871; x_wconf 92' lang='lat' dir='ltr'><strong>non</strong></span> <span class='ocrx_word' id='word_1_689' title='bbox 3552 2818 3720 2871; x_wconf 86' lang='lat' dir='ltr'><strong>item?</strong></span> 
     </span>
    </p>
   </div>
   <div class='ocr_carea' id='block_1_90' title="bbox 2153 2905 3728 2985">
    <p class='ocr_par' dir='ltr' id='par_1_90' title="bbox 2153 2905 3728 2985">
     <span class='ocr_line' id='line_1_90' title="bbox 2153 2905 3728 2985; baseline 0.004 -21"><span class='ocrx_word' id='word_1_690' title='bbox 2153 2905 2417 2964; x_wconf 86' lang='lat' dir='ltr'><strong>undenam</strong></span> <span class='ocrx_word' id='word_1_691' title='bbox 2434 2906 2691 2964; x_wconf 83' lang='lat' dir='ltr'><strong>credam?</strong></span> <span class='ocrx_word' id='word_1_692' title='bbox 2721 2923 2788 2964; x_wconf 72' lang='lat' dir='ltr'><strong>ex</strong></span> <span class='ocrx_word' id='word_1_693' title='bbox 2814 2908 2973 2967; x_wconf 89' lang='lat' dir='ltr'><strong>rebus</strong></span> <span class='ocrx_word' id='word_1_694' title='bbox 2996 2910 3137 2969; x_wconf 86' lang='lat' dir='ltr'><strong>cnim</strong></span> <span class='ocrx_word' id='word_1_695' title='bbox 3169 2909 3299 2983; x_wconf 87' lang='lat' dir='ltr'><strong>ipsis</strong></span> <span class='ocrx_word' id='word_1_696' title='bbox 3320 2910 3535 2968; x_wconf 87' lang='lat' dir='ltr'><strong>credere</strong></span> <span class='ocrx_word' id='word_1_697' title='bbox 3563 2927 3728 2985; x_wconf 84' lang='lat' dir='ltr'><strong>Opor-</strong></span> 
     </span>
    </p>
   </div>
   <div class='ocr_carea' id='block_1_91' title="bbox 2150 3003 3730 3078">
    <p class='ocr_par' dir='ltr' id='par_1_91' title="bbox 2150 3003 3730 3078">
     <span class='ocr_line' id='line_1_91' title="bbox 2150 3003 3730 3078; baseline 0.003 -21"><span class='ocrx_word' id='word_1_698' title='bbox 2150 3011 2247 3058; x_wconf 90' lang='lat' dir='ltr'><strong>tet.</strong></span> <span class='ocrx_word' id='word_1_699' title='bbox 2269 3003 2465 3060; x_wconf 85' lang='lat' dir='ltr'><strong>Recte:</strong></span> <span class='ocrx_word' id='word_1_700' title='bbox 2496 3020 2623 3075; x_wconf 89' lang='lat' dir='ltr'><strong>ergo</strong></span> <span class='ocrx_word' id='word_1_701' title='bbox 2653 3006 2740 3061; x_wconf 89' lang='lat' dir='ltr'><strong>illa</strong></span> <span class='ocrx_word' id='word_1_702' title='bbox 2767 3021 2832 3061; x_wconf 82' lang='lat' dir='ltr'><strong>ex</strong></span> <span class='ocrx_word' id='word_1_703' title='bbox 2858 3006 3042 3077; x_wconf 87' lang='lat' dir='ltr'><strong>genesi</strong></span> <span class='ocrx_word' id='word_1_704' title='bbox 3072 3015 3197 3060; x_wconf 91' lang='lat' dir='ltr'><strong>sunt</strong></span> <span class='ocrx_word' id='word_1_705' title='bbox 3220 3007 3434 3076; x_wconf 88' lang='lat' dir='ltr'><strong>justane</strong></span> <span class='ocrx_word' id='word_1_706' title='bbox 3476 3023 3543 3061; x_wconf 89' lang='lat' dir='ltr'><strong>an</strong></span> <span class='ocrx_word' id='word_1_707' title='bbox 3585 3008 3730 3078; x_wconf 86' lang='lat' dir='ltr'><strong>inju-</strong></span> 
     </span>
    </p>
   </div>
   <div class='ocr_carea' id='block_1_92' title="bbox 2152 3095 3729 3169">
    <p class='ocr_par' dir='ltr' id='par_1_92' title="bbox 2152 3095 3729 3169">
     <span class='ocr_line' id='line_1_92' title="bbox 2152 3095 3729 3169; baseline 0.003 -20"><span class='ocrx_word' id='word_1_708' title='bbox 2152 3096 2273 3149; x_wconf 87' lang='lat' dir='ltr'><strong>sta?</strong></span> <span class='ocrx_word' id='word_1_709' title='bbox 2292 3095 2508 3166; x_wconf 87' lang='lat' dir='ltr'><strong>lnjusta,</strong></span> <span class='ocrx_word' id='word_1_710' title='bbox 2529 3097 2723 3168; x_wconf 90' lang='lat' dir='ltr'><strong>inquis.</strong></span> <span class='ocrx_word' id='word_1_711' title='bbox 2738 3097 2869 3164; x_wconf 85' lang='lat' dir='ltr'><strong>Quis</strong></span> <span class='ocrx_word' id='word_1_712' title='bbox 2896 3113 3024 3169; x_wconf 86' lang='lat' dir='ltr'><strong>ergo</strong></span> <span class='ocrx_word' id='word_1_713' title='bbox 3047 3098 3189 3153; x_wconf 92' lang='lat' dir='ltr'><strong>illam</strong></span> <span class='ocrx_word' id='word_1_714' title='bbox 3211 3097 3337 3153; x_wconf 81' lang='lat' dir='ltr'><strong>fecit</strong></span> <span class='ocrx_word' id='word_1_715' title='bbox 3352 3100 3516 3154; x_wconf 90' lang='lat' dir='ltr'><strong>?.num</strong></span> <span class='ocrx_word' id='word_1_716' title='bbox 3547 3099 3729 3155; x_wconf 79' lang='lat' dir='ltr'><strong>Deus?</strong></span> 
     </span>
    </p>
   </div>
   <div class='ocr_carea' id='block_1_93' title="bbox 2152 3185 3729 3264">
    <p class='ocr_par' dir='ltr' id='par_1_93' title="bbox 2152 3185 3729 3264">
     <span class='ocr_line' id='line_1_93' title="bbox 2152 3185 3729 3264; baseline 0.005 -24"><span class='ocrx_word' id='word_1_717' title='bbox 2152 3185 2291 3254; x_wconf 84' lang='lat' dir='ltr'><strong>Non,</strong></span> <span class='ocrx_word' id='word_1_718' title='bbox 2318 3187 2508 3258; x_wconf 91' lang='lat' dir='ltr'><strong>inquit,</strong></span> <span class='ocrx_word' id='word_1_719' title='bbox 2536 3189 2631 3244; x_wconf 92' lang='lat' dir='ltr'><strong>sed</strong></span> <span class='ocrx_word' id='word_1_720' title='bbox 2666 3189 2896 3259; x_wconf 88' lang='lat' dir='ltr'><strong>ingenita</strong></span> <span class='ocrx_word' id='word_1_721' title='bbox 2927 3198 3031 3245; x_wconf 90' lang='lat' dir='ltr'><strong>est.</strong></span> <span class='ocrx_word' id='word_1_722' title='bbox 3059 3189 3165 3245; x_wconf 93' lang='lat' dir='ltr'><strong>Sed</strong></span> <span class='ocrx_word' id='word_1_723' title='bbox 3194 3192 3463 3258; x_wconf 90' lang='lat' dir='ltr'><strong>quomodo</strong></span> <span class='ocrx_word' id='word_1_724' title='bbox 3490 3192 3729 3264; x_wconf 83' lang='lat' dir='ltr'><strong>ingenita</strong></span> 
     </span>
    </p>
   </div>
   <div class='ocr_carea' id='block_1_94' title="bbox 2152 3280 3726 3349">
    <p class='ocr_par' dir='ltr' id='par_1_94' title="bbox 2152 3280 3726 3349">
     <span class='ocr_line' id='line_1_94' title="bbox 2152 3280 3726 3349; baseline 0.001 -16"><span class='ocrx_word' id='word_1_725' title='bbox 2152 3293 2273 3333; x_wconf 92' lang='lat' dir='ltr'><strong>cum</strong></span> <span class='ocrx_word' id='word_1_726' title='bbox 2319 3282 2409 3347; x_wconf 88' lang='lat' dir='ltr'><strong>sit,</strong></span> <span class='ocrx_word' id='word_1_727' title='bbox 2453 3280 2577 3334; x_wconf 90' lang='lat' dir='ltr'><strong>talia</strong></span> <span class='ocrx_word' id='word_1_728' title='bbox 2604 3281 2900 3349; x_wconf 84' lang='lat' dir='ltr'><strong>operatur?</strong></span> <span class='ocrx_word' id='word_1_729' title='bbox 2939 3280 3056 3337; x_wconf 66' lang='lat' dir='ltr'><strong>haec</strong></span> <span class='ocrx_word' id='word_1_730' title='bbox 3085 3282 3230 3336; x_wconf 90' lang='lat' dir='ltr'><strong>enim</strong></span> <span class='ocrx_word' id='word_1_731' title='bbox 3271 3283 3539 3337; x_wconf 89' lang='lat' dir='ltr'><strong>contraria</strong></span> <span class='ocrx_word' id='word_1_732' title='bbox 3582 3293 3726 3338; x_wconf 90' lang='lat' dir='ltr'><strong>sunt.</strong></span> 
     </span>
    </p>
   </div>
   <div class='ocr_carea' id='block_1_95' title="bbox 2154 3373 3731 3445">
    <p class='ocr_par' dir='ltr' id='par_1_95' title="bbox 2154 3373 3731 3445">
     <span class='ocr_line' id='line_1_95' title="bbox 2154 3373 3731 3445; baseline 0.001 -18"><span class='ocrx_word' id='word_1_733' title='bbox 2154 3373 2281 3428; x_wconf 66' lang='lat' dir='ltr'><strong>Haec</strong></span> <span class='ocrx_word' id='word_1_734' title='bbox 2322 3373 2484 3443; x_wconf 89' lang='lat' dir='ltr'><strong>igitur</strong></span> <span class='ocrx_word' id='word_1_735' title='bbox 2526 3374 2747 3429; x_wconf 90' lang='lat' dir='ltr'><strong>omnino</strong></span> <span class='ocrx_word' id='word_1_736' title='bbox 2792 3374 2886 3429; x_wconf 90' lang='lat' dir='ltr'><strong>Dei</strong></span> <span class='ocrx_word' id='word_1_737' title='bbox 2914 3389 3021 3428; x_wconf 92' lang='lat' dir='ltr'><strong>nou</strong></span> <span class='ocrx_word' id='word_1_738' title='bbox 3063 3383 3204 3429; x_wconf 91' lang='lat' dir='ltr'><strong>sunt.</strong></span> <span class='ocrx_word' id='word_1_739' title='bbox 3240 3374 3573 3445; x_wconf 87' lang='lat' dir='ltr'><strong>Inquiramus</strong></span> <span class='ocrx_word' id='word_1_740' title='bbox 3602 3390 3731 3445; x_wconf 85' lang='lat' dir='ltr'><strong>ergo</strong></span> 
     </span>
    </p>
   </div>
   <div class='ocr_carea' id='block_1_96' title="bbox 2155 3465 3727 3536">
    <p class='ocr_par' dir='ltr' id='par_1_96' title="bbox 2155 3465 3727 3536">
     <span class='ocr_line' id='line_1_96' title="bbox 2155 3465 3727 3536; baseline 0.001 -17"><span class='ocrx_word' id='word_1_741' title='bbox 2155 3465 2273 3535; x_wconf 90' lang='lat' dir='ltr'><strong>quis</strong></span> <span class='ocrx_word' id='word_1_742' title='bbox 2313 3465 2503 3520; x_wconf 76' lang='lat' dir='ltr'><strong>caelum</strong></span> <span class='ocrx_word' id='word_1_743' title='bbox 2548 3467 2754 3522; x_wconf 81' lang='lat' dir='ltr'><strong>fecerit.</strong></span> <span class='ocrx_word' id='word_1_744' title='bbox 2798 3466 3042 3533; x_wconf 87' lang='lat' dir='ltr'><strong>Genesis,</strong></span> <span class='ocrx_word' id='word_1_745' title='bbox 3081 3466 3309 3536; x_wconf 90' lang='lat' dir='ltr'><strong>inquies.</strong></span> <span class='ocrx_word' id='word_1_746' title='bbox 3349 3467 3479 3534; x_wconf 90' lang='lat' dir='ltr'><strong>Quis</strong></span> <span class='ocrx_word' id='word_1_747' title='bbox 3511 3476 3727 3531; x_wconf 83' lang='lat' dir='ltr'><strong>terrain,</strong></span> 
     </span>
    </p>
   </div>
   <div class='ocr_carea' id='block_1_97' title="bbox 2153 3558 3731 3629">
    <p class='ocr_par' dir='ltr' id='par_1_97' title="bbox 2153 3558 3731 3629">
     <span class='ocr_line' id='line_1_97' title="bbox 2153 3558 3731 3629; baseline 0.001 -17"><span class='ocrx_word' id='word_1_748' title='bbox 2153 3558 2273 3627; x_wconf 92' lang='lat' dir='ltr'><strong>quis</strong></span> <span class='ocrx_word' id='word_1_749' title='bbox 2293 3572 2459 3623; x_wconf 90' lang='lat' dir='ltr'><strong>mare,</strong></span> <span class='ocrx_word' id='word_1_750' title='bbox 2488 3558 2606 3629; x_wconf 91' lang='lat' dir='ltr'><strong>quis</strong></span> <span class='ocrx_word' id='word_1_751' title='bbox 2624 3572 2828 3613; x_wconf 91' lang='lat' dir='ltr'><strong>annuas</strong></span> <span class='ocrx_word' id='word_1_752' title='bbox 2851 3559 3231 3627; x_wconf 87' lang='lat' dir='ltr'><strong>tempestates?</strong></span> <span class='ocrx_word' id='word_1_753' title='bbox 3256 3559 3465 3629; x_wconf 87' lang='lat' dir='ltr'><strong>Ergone</strong></span> <span class='ocrx_word' id='word_1_754' title='bbox 3493 3560 3544 3613; x_wconf 93' lang='lat' dir='ltr'><strong>in</strong></span> <span class='ocrx_word' id='word_1_755' title='bbox 3568 3559 3731 3614; x_wconf 88' lang='lat' dir='ltr'><strong>rebus</strong></span> 
     </span>
    </p>
   </div>
   <div class='ocr_carea' id='block_1_98' title="bbox 2158 3646 3729 3718">
    <p class='ocr_par' dir='ltr' id='par_1_98' title="bbox 2158 3646 3729 3718">
     <span class='ocr_line' id='line_1_98' title="bbox 2158 3646 3729 3718; baseline 0 -16"><span class='ocrx_word' id='word_1_756' title='bbox 2158 3647 2464 3703; x_wconf 86' lang='lat' dir='ltr'><strong>inanimatis</strong></span> <span class='ocrx_word' id='word_1_757' title='bbox 2493 3656 2601 3701; x_wconf 91' lang='lat' dir='ltr'><strong>tam</strong></span> <span class='ocrx_word' id='word_1_758' title='bbox 2649 3647 2844 3702; x_wconf 87' lang='lat' dir='ltr'><strong>bonum</strong></span> <span class='ocrx_word' id='word_1_759' title='bbox 2874 3646 3120 3704; x_wconf 91' lang='lat' dir='ltr'><strong>ordinem</strong></span> <span class='ocrx_word' id='word_1_760' title='bbox 3159 3648 3359 3718; x_wconf 91' lang='lat' dir='ltr'><strong>posuit,</strong></span> <span class='ocrx_word' id='word_1_761' title='bbox 3393 3656 3593 3702; x_wconf 90' lang='lat' dir='ltr'><strong>tantam</strong></span> <span class='ocrx_word' id='word_1_762' title='bbox 3637 3663 3729 3702; x_wconf 87' lang='lat' dir='ltr'><strong>re-</strong></span> 
     </span>
    </p>
   </div>
   <div class='ocr_carea' id='block_1_99' title="bbox 2155 3740 3733 3811">
    <p class='ocr_par' dir='ltr' id='par_1_99' title="bbox 2155 3740 3733 3811">
     <span class='ocr_line' id='line_1_99' title="bbox 2155 3740 3733 3811; baseline 0 -16"><span class='ocrx_word' id='word_1_763' title='bbox 2155 3757 2272 3795; x_wconf 90' lang='lat' dir='ltr'><strong>rum</strong></span> <span class='ocrx_word' id='word_1_764' title='bbox 2316 3742 2773 3807; x_wconf 86' lang='lat' dir='ltr'><strong>concinnitatem;</strong></span> <span class='ocrx_word' id='word_1_765' title='bbox 2823 3742 2877 3795; x_wconf 89' lang='lat' dir='ltr'><strong>in</strong></span> <span class='ocrx_word' id='word_1_766' title='bbox 2920 3740 3075 3795; x_wconf 89' lang='lat' dir='ltr'><strong>nobis</strong></span> <span class='ocrx_word' id='word_1_767' title='bbox 3116 3750 3294 3795; x_wconf 90' lang='lat' dir='ltr'><strong>autem</strong></span> <span class='ocrx_word' id='word_1_768' title='bbox 3336 3750 3556 3811; x_wconf 91' lang='lat' dir='ltr'><strong>propter</strong></span> <span class='ocrx_word' id='word_1_769' title='bbox 3594 3756 3733 3811; x_wconf 87' lang='lat' dir='ltr'><strong>quos</strong></span> 
     </span>
    </p>
   </div>
   <div class='ocr_carea' id='block_1_100' title="bbox 2154 3832 3733 3902">
    <p class='ocr_par' dir='ltr' id='par_1_100' title="bbox 2154 3832 3733 3902">
     <span class='ocr_line' id='line_1_100' title="bbox 2154 3832 3733 3902; baseline 0.001 -17"><span class='ocrx_word' id='word_1_770' title='bbox 2154 3832 2332 3886; x_wconf 89' lang='lat' dir='ltr'><strong>omnia</strong></span> <span class='ocrx_word' id='word_1_771' title='bbox 2376 3832 2522 3899; x_wconf 86' lang='lat' dir='ltr'><strong>fecit,</strong></span> <span class='ocrx_word' id='word_1_772' title='bbox 2559 3842 2666 3888; x_wconf 91' lang='lat' dir='ltr'><strong>tam</strong></span> <span class='ocrx_word' id='word_1_773' title='bbox 2712 3834 2981 3888; x_wconf 89' lang='lat' dir='ltr'><strong>inversum</strong></span> <span class='ocrx_word' id='word_1_774' title='bbox 3010 3832 3299 3888; x_wconf 89' lang='lat' dir='ltr'><strong>ordinem?</strong></span> <span class='ocrx_word' id='word_1_775' title='bbox 3330 3848 3393 3888; x_wconf 91' lang='lat' dir='ltr'><strong>ac</strong></span> <span class='ocrx_word' id='word_1_776' title='bbox 3436 3833 3482 3887; x_wconf 93' lang='lat' dir='ltr'><strong>si</strong></span> <span class='ocrx_word' id='word_1_777' title='bbox 3512 3833 3633 3902; x_wconf 89' lang='lat' dir='ltr'><strong>quis</strong></span> <span class='ocrx_word' id='word_1_778' title='bbox 3672 3841 3733 3887; x_wconf 84' lang='lat' dir='ltr'><strong>ut</strong></span> 
     </span>
    </p>
   </div>
   <div class='ocr_carea' id='block_1_101' title="bbox 2155 3923 3736 3996">
    <p class='ocr_par' dir='ltr' id='par_1_101' title="bbox 2155 3923 3736 3996">
     <span class='ocr_line' id='line_1_101' title="bbox 2155 3923 3736 3996; baseline 0.001 -18"><span class='ocrx_word' id='word_1_779' title='bbox 2155 3923 2345 3978; x_wconf 84' lang='lat' dir='ltr'><strong>domus</strong></span> <span class='ocrx_word' id='word_1_780' title='bbox 2376 3925 2511 3979; x_wconf 93' lang='lat' dir='ltr'><strong>mire</strong></span> <span class='ocrx_word' id='word_1_781' title='bbox 2555 3934 2739 3979; x_wconf 90' lang='lat' dir='ltr'><strong>ornata</strong></span> <span class='ocrx_word' id='word_1_782' title='bbox 2785 3939 2904 3980; x_wconf 91' lang='lat' dir='ltr'><strong>esse</strong></span> <span class='ocrx_word' id='word_1_783' title='bbox 2941 3925 3266 3996; x_wconf 90' lang='lat' dir='ltr'><strong>provideret,</strong></span> <span class='ocrx_word' id='word_1_784' title='bbox 3313 3935 3366 3979; x_wconf 88' lang='lat' dir='ltr'><strong>et</strong></span> <span class='ocrx_word' id='word_1_785' title='bbox 3404 3923 3736 3980; x_wconf 89' lang='lat' dir='ltr'><strong>domesticos</strong></span> 
     </span>
    </p>
   </div>
   <div class='ocr_carea' id='block_1_102' title="bbox 2156 4016 3738 4086">
    <p class='ocr_par' dir='ltr' id='par_1_102' title="bbox 2156 4016 3738 4086">
     <span class='ocr_line' id='line_1_102' title="bbox 2156 4016 3738 4086; baseline 0.002 -17"><span class='ocrx_word' id='word_1_786' title='bbox 2156 4016 2288 4069; x_wconf 91' lang='lat' dir='ltr'><strong>nihil</strong></span> <span class='ocrx_word' id='word_1_787' title='bbox 2328 4025 2556 4070; x_wconf 81' lang='lat' dir='ltr'><strong>curaret.</strong></span> <span class='ocrx_word' id='word_1_788' title='bbox 2586 4016 2714 4084; x_wconf 92' lang='lat' dir='ltr'><strong>Quis</strong></span> <span class='ocrx_word' id='word_1_789' title='bbox 2759 4025 3133 4086; x_wconf 82' lang='lat' dir='ltr'><strong>tempestatum</strong></span> <span class='ocrx_word' id='word_1_790' title='bbox 3175 4017 3571 4072; x_wconf 88' lang='lat' dir='ltr'><strong>successionem</strong></span> <span class='ocrx_word' id='word_1_791' title='bbox 3616 4032 3738 4073; x_wconf 89' lang='lat' dir='ltr'><strong>ser-</strong></span> 
     </span>
    </p>
   </div>
   <div class='ocr_carea' id='block_1_103' title="bbox 2156 4106 3737 4178">
    <p class='ocr_par' dir='ltr' id='par_1_103' title="bbox 2156 4106 3737 4178">
     <span class='ocr_line' id='line_1_103' title="bbox 2156 4106 3737 4178; baseline 0.001 -17"><span class='ocrx_word' id='word_1_792' title='bbox 2156 4106 2282 4161; x_wconf 90' lang='lat' dir='ltr'><strong>vat?</strong></span> <span class='ocrx_word' id='word_1_793' title='bbox 2312 4107 2429 4176; x_wconf 89' lang='lat' dir='ltr'><strong>quis</strong></span> <span class='ocrx_word' id='word_1_794' title='bbox 2460 4115 2637 4161; x_wconf 88' lang='lat' dir='ltr'><strong>rectas</strong></span> <span class='ocrx_word' id='word_1_795' title='bbox 2677 4117 2884 4162; x_wconf 87' lang='lat' dir='ltr'><strong>naturae</strong></span> <span class='ocrx_word' id='word_1_796' title='bbox 2913 4107 3059 4177; x_wconf 88' lang='lat' dir='ltr'><strong>leges</strong></span> <span class='ocrx_word' id='word_1_797' title='bbox 3094 4107 3311 4178; x_wconf 91' lang='lat' dir='ltr'><strong>posuit?</strong></span> <span class='ocrx_word' id='word_1_798' title='bbox 3337 4108 3470 4175; x_wconf 85' lang='lat' dir='ltr'><strong>Quis</strong></span> <span class='ocrx_word' id='word_1_799' title='bbox 3499 4107 3604 4163; x_wconf 90' lang='lat' dir='ltr'><strong>diei</strong></span> <span class='ocrx_word' id='word_1_800' title='bbox 3634 4123 3737 4162; x_wconf 85' lang='lat' dir='ltr'><strong>no-</strong></span> 
     </span>
    </p>
   </div>
   <div class='ocr_carea' id='block_1_104' title="bbox 2156 4197 3734 4271">
    <p class='ocr_par' dir='ltr' id='par_1_104' title="bbox 2156 4197 3734 4271">
     <span class='ocr_line' id='line_1_104' title="bbox 2156 4197 3734 4271; baseline 0.002 -21"><span class='ocrx_word' id='word_1_801' title='bbox 2156 4197 2363 4268; x_wconf 88' lang='lat' dir='ltr'><strong>ctisque</strong></span> <span class='ocrx_word' id='word_1_802' title='bbox 2389 4213 2603 4253; x_wconf 90' lang='lat' dir='ltr'><strong>cursum</strong></span> <span class='ocrx_word' id='word_1_803' title='bbox 2630 4199 2952 4254; x_wconf 89' lang='lat' dir='ltr'><strong>constituit?</strong></span> <span class='ocrx_word' id='word_1_804' title='bbox 2980 4200 3105 4254; x_wconf 63' lang='lat' dir='ltr'><strong>Haec</strong></span> <span class='ocrx_word' id='word_1_805' title='bbox 3127 4200 3213 4254; x_wconf 90' lang='lat' dir='ltr'><strong>illa</strong></span> <span class='ocrx_word' id='word_1_806' title='bbox 3242 4200 3425 4271; x_wconf 88' lang='lat' dir='ltr'><strong>genesi</strong></span> <span class='ocrx_word' id='word_1_807' title='bbox 3457 4200 3734 4269; x_wconf 83' lang='lat' dir='ltr'><strong>superiora</strong></span> 
     </span>
    </p>
   </div>
   <div class='ocr_carea' id='block_1_105' title="bbox 2156 4290 3738 4361">
    <p class='ocr_par' dir='ltr' id='par_1_105' title="bbox 2156 4290 3738 4361">
     <span class='ocr_line' id='line_1_105' title="bbox 2156 4290 3738 4361; baseline -0.002 -16"><span class='ocrx_word' id='word_1_808' title='bbox 2156 4298 2300 4345; x_wconf 91' lang='lat' dir='ltr'><strong>sunt.</strong></span> <span class='ocrx_word' id='word_1_809' title='bbox 2345 4290 2483 4354; x_wconf 88' lang='lat' dir='ltr'><strong>Non,</strong></span> <span class='ocrx_word' id='word_1_810' title='bbox 2526 4290 2755 4361; x_wconf 88' lang='lat' dir='ltr'><strong>inquies,</strong></span> <span class='ocrx_word' id='word_1_811' title='bbox 2806 4291 2900 4346; x_wconf 91' lang='lat' dir='ltr'><strong>sed</strong></span> <span class='ocrx_word' id='word_1_812' title='bbox 2928 4291 3144 4346; x_wconf 80' lang='lat' dir='ltr'><strong>fortuito</strong></span> <span class='ocrx_word' id='word_1_813' title='bbox 3187 4291 3341 4346; x_wconf 79' lang='lat' dir='ltr'><strong>facta.</strong></span> <span class='ocrx_word' id='word_1_814' title='bbox 3375 4292 3439 4344; x_wconf 89' lang='lat' dir='ltr'><strong>Et</strong></span> <span class='ocrx_word' id='word_1_815' title='bbox 3466 4292 3738 4360; x_wconf 88' lang='lat' dir='ltr'><strong>quomodo</strong></span> 
     </span>
    </p>
   </div>
   <div class='ocr_carea' id='block_1_106' title="bbox 2157 4380 3738 4439">
    <p class='ocr_par' dir='ltr' id='par_1_106' title="bbox 2157 4380 3738 4439">
     <span class='ocr_line' id='line_1_106' title="bbox 2157 4380 3738 4439; baseline 0.001 -2"><span class='ocrx_word' id='word_1_816' title='bbox 2157 4391 2265 4437; x_wconf 88' lang='lat' dir='ltr'><strong>tam</strong></span> <span class='ocrx_word' id='word_1_817' title='bbox 2293 4382 2465 4437; x_wconf 91' lang='lat' dir='ltr'><strong>bonus</strong></span> <span class='ocrx_word' id='word_1_818' title='bbox 2506 4398 2685 4437; x_wconf 90' lang='lat' dir='ltr'><strong>rerum</strong></span> <span class='ocrx_word' id='word_1_819' title='bbox 2725 4383 2856 4438; x_wconf 92' lang='lat' dir='ltr'><strong>ordo</strong></span> <span class='ocrx_word' id='word_1_820' title='bbox 2883 4382 3103 4438; x_wconf 87' lang='lat' dir='ltr'><strong>fortuito</strong></span> <span class='ocrx_word' id='word_1_821' title='bbox 3135 4380 3312 4439; x_wconf 81' lang='lat' dir='ltr'><strong>factus</strong></span> <span class='ocrx_word' id='word_1_822' title='bbox 3371 4380 3537 4437; x_wconf 76' lang='lat' dir='ltr'><strong>fuerit</strong></span> <span class='ocrx_word' id='word_1_823' title='bbox 3565 4381 3589 4437; x_wconf 92' lang='lat'><strong>?</strong></span> <span class='ocrx_word' id='word_1_824' title='bbox 3621 4381 3738 4438; x_wconf 88' lang='lat' dir='ltr'><strong>Un-</strong></span> 
     </span>
    </p>
   </div>
   <div class='ocr_carea' id='block_1_107' title="bbox 2156 4473 3736 4547">
    <p class='ocr_par' dir='ltr' id='par_1_107' title="bbox 2156 4473 3736 4547">
     <span class='ocr_line' id='line_1_107' title="bbox 2156 4473 3736 4547; baseline 0.001 -18"><span class='ocrx_word' id='word_1_825' title='bbox 2156 4473 2348 4529; x_wconf 86' lang='lat' dir='ltr'><strong>denam</strong></span> <span class='ocrx_word' id='word_1_826' title='bbox 2382 4476 2561 4545; x_wconf 88' lang='lat' dir='ltr'><strong>igitur,</strong></span> <span class='ocrx_word' id='word_1_827' title='bbox 2590 4476 2819 4546; x_wconf 88' lang='lat' dir='ltr'><strong>inquies,</strong></span> <span class='ocrx_word' id='word_1_828' title='bbox 2848 4475 3059 4540; x_wconf 90' lang='lat' dir='ltr'><strong>divites,</strong></span> <span class='ocrx_word' id='word_1_829' title='bbox 3099 4477 3237 4543; x_wconf 90' lang='lat' dir='ltr'><strong>sani,</strong></span> <span class='ocrx_word' id='word_1_830' title='bbox 3267 4477 3524 4543; x_wconf 90' lang='lat' dir='ltr'><strong>illustres,</strong></span> <span class='ocrx_word' id='word_1_831' title='bbox 3550 4478 3637 4547; x_wconf 91' lang='lat' dir='ltr'><strong>qui</strong></span> <span class='ocrx_word' id='word_1_832' title='bbox 3668 4493 3736 4532; x_wconf 80' lang='lat' dir='ltr'><strong>ex</strong></span> 
     </span>
    </p>
   </div>
   <div class='ocr_carea' id='block_1_108' title="bbox 2157 4568 3740 4641">
    <p class='ocr_par' dir='ltr' id='par_1_108' title="bbox 2157 4568 3740 4641">
     <span class='ocr_line' id='line_1_108' title="bbox 2157 4568 3740 4641; baseline 0.001 -19"><span class='ocrx_word' id='word_1_833' title='bbox 2157 4570 2375 4623; x_wconf 89' lang='lat' dir='ltr'><strong>avaritia</strong></span> <span class='ocrx_word' id='word_1_834' title='bbox 2389 4568 2602 4636; x_wconf 91' lang='lat' dir='ltr'><strong>divites,</strong></span> <span class='ocrx_word' id='word_1_835' title='bbox 2615 4570 2706 4641; x_wconf 92' lang='lat' dir='ltr'><strong>qui</strong></span> <span class='ocrx_word' id='word_1_836' title='bbox 2722 4585 2786 4624; x_wconf 83' lang='lat' dir='ltr'><strong>ex</strong></span> <span class='ocrx_word' id='word_1_837' title='bbox 2806 4570 3121 4637; x_wconf 91' lang='lat' dir='ltr'><strong>hereditate,</strong></span> <span class='ocrx_word' id='word_1_838' title='bbox 3139 4572 3230 4641; x_wconf 89' lang='lat' dir='ltr'><strong>qui</strong></span> <span class='ocrx_word' id='word_1_839' title='bbox 3247 4586 3311 4627; x_wconf 83' lang='lat' dir='ltr'><strong>ex</strong></span> <span class='ocrx_word' id='word_1_840' title='bbox 3330 4570 3621 4626; x_wconf 89' lang='lat' dir='ltr'><strong>violentia?</strong></span> <span class='ocrx_word' id='word_1_841' title='bbox 3641 4586 3740 4625; x_wconf 88' lang='lat' dir='ltr'><strong>cur</strong></span> 
     </span>
    </p>
   </div>
   <div class='ocr_carea' id='block_1_109' title="bbox 2157 4660 3736 4733">
    <p class='ocr_par' dir='ltr' id='par_1_109' title="bbox 2157 4660 3736 4733">
     <span class='ocr_line' id='line_1_109' title="bbox 2157 4660 3736 4733; baseline 0 -18"><span class='ocrx_word' id='word_1_842' title='bbox 2157 4676 2285 4731; x_wconf 86' lang='lat' dir='ltr'><strong>ergo</strong></span> <span class='ocrx_word' id='word_1_843' title='bbox 2305 4660 2451 4716; x_wconf 88' lang='lat' dir='ltr'><strong>Deus</strong></span> <span class='ocrx_word' id='word_1_844' title='bbox 2463 4662 2732 4731; x_wconf 85' lang='lat' dir='ltr'><strong>improbos</strong></span> <span class='ocrx_word' id='word_1_845' title='bbox 2745 4678 3000 4732; x_wconf 89' lang='lat' dir='ltr'><strong>prospere</strong></span> <span class='ocrx_word' id='word_1_846' title='bbox 3015 4678 3125 4718; x_wconf 92' lang='lat' dir='ltr'><strong>rem</strong></span> <span class='ocrx_word' id='word_1_847' title='bbox 3137 4677 3295 4733; x_wconf 85' lang='lat' dir='ltr'><strong>agere</strong></span> <span class='ocrx_word' id='word_1_848' title='bbox 3306 4663 3433 4718; x_wconf 91' lang='lat' dir='ltr'><strong>sinit</strong></span> <span class='ocrx_word' id='word_1_849' title='bbox 3447 4664 3471 4716; x_wconf 93' lang='lat'><strong>?</strong></span> <span class='ocrx_word' id='word_1_850' title='bbox 3486 4663 3615 4730; x_wconf 91' lang='lat' dir='ltr'><strong>Quia</strong></span> <span class='ocrx_word' id='word_1_851' title='bbox 3629 4678 3736 4717; x_wconf 90' lang='lat' dir='ltr'><strong>non</strong></span> 
     </span>
    </p>
   </div>
   <div class='ocr_carea' id='block_1_110' title="bbox 2159 4751 3743 4823">
    <p class='ocr_par' dir='ltr' id='par_1_110' title="bbox 2159 4751 3743 4823">
     <span class='ocr_line' id='line_1_110' title="bbox 2159 4751 3743 4823; baseline 0.004 -19"><span class='ocrx_word' id='word_1_852' title='bbox 2159 4751 2245 4806; x_wconf 90' lang='lat' dir='ltr'><strong>hic</strong></span> <span class='ocrx_word' id='word_1_853' title='bbox 2262 4753 2546 4821; x_wconf 89' lang='lat' dir='ltr'><strong>promerita</strong></span> <span class='ocrx_word' id='word_1_854' title='bbox 2562 4754 2752 4823; x_wconf 91' lang='lat' dir='ltr'><strong>cuique</strong></span> <span class='ocrx_word' id='word_1_855' title='bbox 2765 4753 3045 4809; x_wconf 88' lang='lat' dir='ltr'><strong>retributio</strong></span> <span class='ocrx_word' id='word_1_856' title='bbox 3060 4754 3236 4817; x_wconf 87' lang='lat' dir='ltr'><strong>datur,</strong></span> <span class='ocrx_word' id='word_1_857' title='bbox 3258 4754 3351 4810; x_wconf 89' lang='lat' dir='ltr'><strong>sed</strong></span> <span class='ocrx_word' id='word_1_858' title='bbox 3369 4755 3420 4809; x_wconf 91' lang='lat' dir='ltr'><strong>in</strong></span> <span class='ocrx_word' id='word_1_859' title='bbox 3439 4753 3614 4807; x_wconf 80' lang='lat' dir='ltr'><strong>futuro</strong></span> <span class='ocrx_word' id='word_1_860' title='bbox 3632 4769 3743 4810; x_wconf 66' lang='lat' dir='ltr'><strong>sm-</strong></span> 
     </span>
    </p>
   </div>
   <div class='ocr_carea' id='block_1_111' title="bbox 2158 4844 3735 4916">
    <p class='ocr_par' dir='ltr' id='par_1_111' title="bbox 2158 4844 3735 4916">
     <span class='ocr_line' id='line_1_111' title="bbox 2158 4844 3735 4916; baseline -0.001 -18"><span class='ocrx_word' id='word_1_861' title='bbox 2158 4845 2310 4899; x_wconf 91' lang='lat' dir='ltr'><strong>culo:</strong></span> <span class='ocrx_word' id='word_1_862' title='bbox 2339 4844 2445 4899; x_wconf 89' lang='lat' dir='ltr'><strong>illic</strong></span> <span class='ocrx_word' id='word_1_863' title='bbox 2467 4845 2599 4899; x_wconf 91' lang='lat' dir='ltr'><strong>mihi</strong></span> <span class='ocrx_word' id='word_1_864' title='bbox 2623 4846 2844 4901; x_wconf 91' lang='lat' dir='ltr'><strong>ostende</strong></span> <span class='ocrx_word' id='word_1_865' title='bbox 2870 4846 2998 4916; x_wconf 93' lang='lat' dir='ltr'><strong>quid</strong></span> <span class='ocrx_word' id='word_1_866' title='bbox 3010 4845 3214 4907; x_wconf 82' lang='lat' dir='ltr'><strong>simile.</strong></span> <span class='ocrx_word' id='word_1_867' title='bbox 3242 4844 3476 4909; x_wconf 88' lang='lat' dir='ltr'><strong>Interim,</strong></span> <span class='ocrx_word' id='word_1_868' title='bbox 3508 4845 3735 4914; x_wconf 85' lang='lat' dir='ltr'><strong>inquies,</strong></span> 
     </span>
    </p>
   </div>
   <div class='ocr_carea' id='block_1_112' title="bbox 2159 4935 3741 5007">
    <p class='ocr_par' dir='ltr' id='par_1_112' title="bbox 2159 4935 3741 5007">
     <span class='ocr_line' id='line_1_112' title="bbox 2159 4935 3741 5007; baseline -0.001 -17"><span class='ocrx_word' id='word_1_869' title='bbox 2159 4936 2209 4990; x_wconf 91' lang='lat' dir='ltr'><strong>id</strong></span> <span class='ocrx_word' id='word_1_870' title='bbox 2229 4936 2357 4990; x_wconf 85' lang='lat' dir='ltr'><strong>milii</strong></span> <span class='ocrx_word' id='word_1_871' title='bbox 2379 4936 2466 4991; x_wconf 91' lang='lat' dir='ltr'><strong>hic</strong></span> <span class='ocrx_word' id='word_1_872' title='bbox 2484 4935 2720 4991; x_wconf 91' lang='lat' dir='ltr'><strong>concede</strong></span> <span class='ocrx_word' id='word_1_873' title='bbox 2737 4953 2752 4992; x_wconf 90' lang='lat'><strong>:</strong></span> <span class='ocrx_word' id='word_1_874' title='bbox 2769 4952 2886 5006; x_wconf 65' lang='lat' dir='ltr'><strong>quae</strong></span> <span class='ocrx_word' id='word_1_875' title='bbox 2912 4937 3022 4993; x_wconf 89' lang='lat' dir='ltr'><strong>illic</strong></span> <span class='ocrx_word' id='word_1_876' title='bbox 3041 4948 3163 4991; x_wconf 90' lang='lat' dir='ltr'><strong>sunt</strong></span> <span class='ocrx_word' id='word_1_877' title='bbox 3183 4952 3287 4991; x_wconf 91' lang='lat' dir='ltr'><strong>non</strong></span> <span class='ocrx_word' id='word_1_878' title='bbox 3309 4951 3512 5007; x_wconf 66' lang='lat' dir='ltr'><strong>quaero.</strong></span> <span class='ocrx_word' id='word_1_879' title='bbox 3543 4936 3741 4989; x_wconf 83' lang='lat' dir='ltr'><strong>Verum</strong></span> 
     </span>
    </p>
   </div>
   <div class='ocr_carea' id='block_1_113' title="bbox 2158 5028 3747 5099">
    <p class='ocr_par' dir='ltr' id='par_1_113' title="bbox 2158 5028 3747 5099">
     <span class='ocr_line' id='line_1_113' title="bbox 2158 5028 3747 5099; baseline -0.003 -16"><span class='ocrx_word' id='word_1_880' title='bbox 2158 5029 2279 5083; x_wconf 87' lang='lat' dir='ltr'><strong>ideo</strong></span> <span class='ocrx_word' id='word_1_881' title='bbox 2302 5045 2406 5084; x_wconf 90' lang='lat' dir='ltr'><strong>non</strong></span> <span class='ocrx_word' id='word_1_882' title='bbox 2433 5029 2649 5098; x_wconf 89' lang='lat' dir='ltr'><strong>accipis,</strong></span> <span class='ocrx_word' id='word_1_883' title='bbox 2679 5029 2800 5099; x_wconf 89' lang='lat' dir='ltr'><strong>quia</strong></span> <span class='ocrx_word' id='word_1_884' title='bbox 2825 5029 3038 5099; x_wconf 63' lang='lat' dir='ltr'><strong>quaeris.</strong></span> <span class='ocrx_word' id='word_1_885' title='bbox 3068 5028 3125 5084; x_wconf 92' lang='lat' dir='ltr'><strong>Si</strong></span> <span class='ocrx_word' id='word_1_886' title='bbox 3152 5029 3292 5085; x_wconf 91' lang='lat' dir='ltr'><strong>enim</strong></span> <span class='ocrx_word' id='word_1_887' title='bbox 3322 5038 3471 5084; x_wconf 80' lang='lat' dir='ltr'><strong>extra</strong></span> <span class='ocrx_word' id='word_1_888' title='bbox 3500 5029 3747 5097; x_wconf 75' lang='lat' dir='ltr'><strong>volupta-</strong></span> 
     </span>
    </p>
   </div>
   <div class='ocr_carea' id='block_1_114' title="bbox 2161 5122 3747 5193">
    <p class='ocr_par' dir='ltr' id='par_1_114' title="bbox 2161 5122 3747 5193">
     <span class='ocr_line' id='line_1_114' title="bbox 2161 5122 3747 5193; baseline 0.001 -18"><span class='ocrx_word' id='word_1_889' title='bbox 2161 5132 2267 5177; x_wconf 89' lang='lat' dir='ltr'><strong>tem</strong></span> <span class='ocrx_word' id='word_1_890' title='bbox 2290 5138 2531 5189; x_wconf 88' lang='lat' dir='ltr'><strong>versans,</strong></span> <span class='ocrx_word' id='word_1_891' title='bbox 2572 5123 2686 5177; x_wconf 64' lang='lat' dir='ltr'><strong>hate</strong></span> <span class='ocrx_word' id='word_1_892' title='bbox 2713 5123 2783 5177; x_wconf 90' lang='lat' dir='ltr'><strong>ita</strong></span> <span class='ocrx_word' id='word_1_893' title='bbox 2804 5123 3018 5193; x_wconf 86' lang='lat' dir='ltr'><strong>quaeris,</strong></span> <span class='ocrx_word' id='word_1_894' title='bbox 3036 5131 3095 5176; x_wconf 90' lang='lat' dir='ltr'><strong>ut</strong></span> <span class='ocrx_word' id='word_1_895' title='bbox 3115 5122 3216 5176; x_wconf 91' lang='lat' dir='ltr'><strong>illis</strong></span> <span class='ocrx_word' id='word_1_896' title='bbox 3236 5131 3546 5192; x_wconf 90' lang='lat' dir='ltr'><strong>anteponas,</strong></span> <span class='ocrx_word' id='word_1_897' title='bbox 3571 5123 3747 5176; x_wconf 82' lang='lat' dir='ltr'><strong>multo</strong></span> 
     </span>
    </p>
   </div>
   <div class='ocr_carea' id='block_1_115' title="bbox 2160 5210 3734 5283">
    <p class='ocr_par' dir='ltr' id='par_1_115' title="bbox 2160 5210 3734 5283">
     <span class='ocr_line' id='line_1_115' title="bbox 2160 5210 3734 5283; baseline 0 -17"><span class='ocrx_word' id='word_1_898' title='bbox 2160 5216 2330 5283; x_wconf 85' lang='lat' dir='ltr'><strong>magis</strong></span> <span class='ocrx_word' id='word_1_899' title='bbox 2365 5228 2665 5282; x_wconf 84' lang='lat' dir='ltr'><strong>quaereres,</strong></span> <span class='ocrx_word' id='word_1_900' title='bbox 2706 5214 2751 5267; x_wconf 87' lang='lat' dir='ltr'><strong>si</strong></span> <span class='ocrx_word' id='word_1_901' title='bbox 2794 5215 3066 5283; x_wconf 89' lang='lat' dir='ltr'><strong>voluptate</strong></span> <span class='ocrx_word' id='word_1_902' title='bbox 3111 5228 3241 5283; x_wconf 88' lang='lat' dir='ltr'><strong>pura</strong></span> <span class='ocrx_word' id='word_1_903' title='bbox 3282 5213 3558 5268; x_wconf 83' lang='lat' dir='ltr'><strong>fruereris.</strong></span> <span class='ocrx_word' id='word_1_904' title='bbox 3602 5210 3734 5266; x_wconf 88' lang='lat' dir='ltr'><strong>Ideo</strong></span> 
     </span>
    </p>
   </div>
   <div class='ocr_carea' id='block_1_116' title="bbox 2160 5303 3744 5359">
    <p class='ocr_par' dir='ltr' id='par_1_116' title="bbox 2160 5303 3744 5359">
     <span class='ocr_line' id='line_1_116' title="bbox 2160 5303 3744 5359; baseline 0 -2"><span class='ocrx_word' id='word_1_905' title='bbox 2160 5303 2276 5358; x_wconf 89' lang='lat' dir='ltr'><strong>haec</strong></span> <span class='ocrx_word' id='word_1_906' title='bbox 2303 5304 2393 5358; x_wconf 90' lang='lat' dir='ltr'><strong>tibi</strong></span> <span class='ocrx_word' id='word_1_907' title='bbox 2424 5303 2657 5358; x_wconf 91' lang='lat' dir='ltr'><strong>ostendit</strong></span> <span class='ocrx_word' id='word_1_908' title='bbox 2683 5304 2813 5357; x_wconf 91' lang='lat' dir='ltr'><strong>nihil</strong></span> <span class='ocrx_word' id='word_1_909' title='bbox 2840 5319 2961 5359; x_wconf 89' lang='lat' dir='ltr'><strong>esse</strong></span> <span class='ocrx_word' id='word_1_910' title='bbox 2986 5312 3040 5359; x_wconf 93' lang='lat' dir='ltr'><strong>et</strong></span> <span class='ocrx_word' id='word_1_911' title='bbox 3071 5304 3427 5359; x_wconf 79' lang='lat' dir='ltr'><strong>indilferenlia</strong></span> <span class='ocrx_word' id='word_1_912' title='bbox 3448 5318 3568 5359; x_wconf 91' lang='lat' dir='ltr'><strong>esse</strong></span> <span class='ocrx_word' id='word_1_913' title='bbox 3596 5322 3609 5356; x_wconf 89' lang='lat'>:</span> <span class='ocrx_word' id='word_1_914' title='bbox 3636 5320 3744 5357; x_wconf 84' lang='lat' dir='ltr'><strong>ne-</strong></span> 
     </span>
    </p>
   </div>
   <div class='ocr_carea' id='block_1_117' title="bbox 2161 5394 3741 5464">
    <p class='ocr_par' dir='ltr' id='par_1_117' title="bbox 2161 5394 3741 5464">
     <span class='ocr_line' id='line_1_117' title="bbox 2161 5394 3741 5464; baseline 0.001 -15"><span class='ocrx_word' id='word_1_915' title='bbox 2161 5410 2265 5464; x_wconf 89' lang='lat' dir='ltr'><strong>que</strong></span> <span class='ocrx_word' id='word_1_916' title='bbox 2291 5397 2433 5451; x_wconf 90' lang='lat' dir='ltr'><strong>enim</strong></span> <span class='ocrx_word' id='word_1_917' title='bbox 2461 5397 2562 5451; x_wconf 90' lang='lat' dir='ltr'><strong>nisi</strong></span> <span class='ocrx_word' id='word_1_918' title='bbox 2591 5395 2951 5452; x_wconf 80' lang='lat' dir='ltr'><strong>indiﬂ‘erentia</strong></span> <span class='ocrx_word' id='word_1_919' title='bbox 2975 5405 3177 5463; x_wconf 89' lang='lat' dir='ltr'><strong>essent,</strong></span> <span class='ocrx_word' id='word_1_920' title='bbox 3205 5396 3321 5452; x_wconf 86' lang='lat' dir='ltr'><strong>haec</strong></span> <span class='ocrx_word' id='word_1_921' title='bbox 3345 5396 3452 5451; x_wconf 83' lang='lat' dir='ltr'><strong>illis</strong></span> <span class='ocrx_word' id='word_1_922' title='bbox 3476 5394 3741 5451; x_wconf 89' lang='lat' dir='ltr'><strong>dedisset.</strong></span> 
     </span>
    </p>
   </div>
   <div class='ocr_carea' id='block_1_118' title="bbox 2164 5487 3745 5560">
    <p class='ocr_par' dir='ltr' id='par_1_118' title="bbox 2164 5487 3745 5560">
     <span class='ocr_line' id='line_1_118' title="bbox 2164 5487 3745 5560; baseline 0.001 -19"><span class='ocrx_word' id='word_1_923' title='bbox 2164 5487 2421 5556; x_wconf 86' lang='lat' dir='ltr'><strong>Dicmihi,</strong></span> <span class='ocrx_word' id='word_1_924' title='bbox 2449 5503 2628 5544; x_wconf 90' lang='lat' dir='ltr'><strong>annon</strong></span> <span class='ocrx_word' id='word_1_925' title='bbox 2658 5488 2965 5544; x_wconf 78' lang='lat' dir='ltr'><strong>indilferens</strong></span> <span class='ocrx_word' id='word_1_926' title='bbox 2995 5498 3097 5555; x_wconf 87' lang='lat' dir='ltr'><strong>est,</strong></span> <span class='ocrx_word' id='word_1_927' title='bbox 3124 5490 3212 5545; x_wconf 93' lang='lat' dir='ltr'><strong>vel</strong></span> <span class='ocrx_word' id='word_1_928' title='bbox 3242 5489 3450 5560; x_wconf 91' lang='lat' dir='ltr'><strong>nigrum</strong></span> <span class='ocrx_word' id='word_1_929' title='bbox 3481 5504 3621 5556; x_wconf 91' lang='lat' dir='ltr'><strong>esse,</strong></span> <span class='ocrx_word' id='word_1_930' title='bbox 3653 5489 3745 5543; x_wconf 81' lang='lat' dir='ltr'><strong>vel</strong></span> 
     </span>
    </p>
   </div>
   <div class='ocr_carea' id='block_1_119' title="bbox 2164 5579 3746 5653">
    <p class='ocr_par' dir='ltr' id='par_1_119' title="bbox 2164 5579 3746 5653">
     <span class='ocr_line' id='line_1_119' title="bbox 2164 5579 3746 5653; baseline -0.003 -15"><span class='ocrx_word' id='word_1_931' title='bbox 2164 5584 2401 5653; x_wconf 84' lang='lat' dir='ltr'><strong>longum,</strong></span> <span class='ocrx_word' id='word_1_932' title='bbox 2447 5584 2533 5639; x_wconf 82' lang='lat' dir='ltr'><strong>vel</strong></span> <span class='ocrx_word' id='word_1_933' title='bbox 2576 5582 2835 5652; x_wconf 90' lang='lat' dir='ltr'><strong>parvum?</strong></span> <span class='ocrx_word' id='word_1_934' title='bbox 2890 5583 2968 5638; x_wconf 90' lang='lat' dir='ltr'><strong>sic</strong></span> <span class='ocrx_word' id='word_1_935' title='bbox 3015 5591 3070 5637; x_wconf 92' lang='lat' dir='ltr'><strong>et</strong></span> <span class='ocrx_word' id='word_1_936' title='bbox 3116 5582 3316 5636; x_wconf 77' lang='lat' dir='ltr'><strong>divitia:</strong></span> <span class='ocrx_word' id='word_1_937' title='bbox 3366 5579 3746 5636; x_wconf 81' lang='lat' dir='ltr'><strong>indiil&#39;erentes</strong></span> 
     </span>
    </p>
   </div>
   <div class='ocr_carea' id='block_1_120' title="bbox 2163 5672 3747 5744">
    <p class='ocr_par' dir='ltr' id='par_1_120' title="bbox 2163 5672 3747 5744">
     <span class='ocr_line' id='line_1_120' title="bbox 2163 5672 3747 5744; baseline -0.003 -15"><span class='ocrx_word' id='word_1_938' title='bbox 2163 5684 2308 5729; x_wconf 88' lang='lat' dir='ltr'><strong>sunt.</strong></span> <span class='ocrx_word' id='word_1_939' title='bbox 2354 5674 2449 5728; x_wconf 89' lang='lat' dir='ltr'><strong>Dic</strong></span> <span class='ocrx_word' id='word_1_940' title='bbox 2490 5672 2635 5729; x_wconf 91' lang='lat' dir='ltr'><strong>enim</strong></span> <span class='ocrx_word' id='word_1_941' title='bbox 2664 5672 2815 5739; x_wconf 90' lang='lat' dir='ltr'><strong>mihi,</strong></span> <span class='ocrx_word' id='word_1_942' title='bbox 2846 5688 2964 5744; x_wconf 86' lang='lat' dir='ltr'><strong>quae</strong></span> <span class='ocrx_word' id='word_1_943' title='bbox 3014 5672 3321 5728; x_wconf 87' lang='lat' dir='ltr'><strong>necessaria</strong></span> <span class='ocrx_word' id='word_1_944' title='bbox 3369 5678 3513 5735; x_wconf 88' lang='lat' dir='ltr'><strong>sunt,</strong></span> <span class='ocrx_word' id='word_1_945' title='bbox 3555 5685 3747 5725; x_wconf 79' lang='lat' dir='ltr'><strong>nonne</strong></span> 
     </span>
    </p>
   </div>
   <div class='ocr_carea' id='block_1_121' title="bbox 2165 5760 3741 5835">
    <p class='ocr_par' dir='ltr' id='par_1_121' title="bbox 2165 5760 3741 5835">
     <span class='ocr_line' id='line_1_121' title="bbox 2165 5760 3741 5835; baseline -0.004 -13"><span class='ocrx_word' id='word_1_946' title='bbox 2165 5765 2410 5822; x_wconf 89' lang='lat' dir='ltr'><strong>omnibus</strong></span> <span class='ocrx_word' id='word_1_947' title='bbox 2438 5779 2587 5835; x_wconf 70' lang='lat' dir='ltr'><strong>teque</strong></span> <span class='ocrx_word' id='word_1_948' title='bbox 2615 5763 2738 5820; x_wconf 86' lang='lat' dir='ltr'><strong>data</strong></span> <span class='ocrx_word' id='word_1_949' title='bbox 2774 5762 2924 5820; x_wconf 80' lang='lat' dir='ltr'><strong>fuere</strong></span> <span class='ocrx_word' id='word_1_950' title='bbox 2957 5781 2968 5818; x_wconf 84' lang='lat'><strong>:</strong></span> <span class='ocrx_word' id='word_1_951' title='bbox 2997 5772 3055 5818; x_wconf 91' lang='lat' dir='ltr'><strong>ut</strong></span> <span class='ocrx_word' id='word_1_952' title='bbox 3095 5771 3219 5817; x_wconf 89' lang='lat' dir='ltr'><strong>sunt</strong></span> <span class='ocrx_word' id='word_1_953' title='bbox 3250 5761 3459 5817; x_wconf 88' lang='lat' dir='ltr'><strong>habitus</strong></span> <span class='ocrx_word' id='word_1_954' title='bbox 3505 5760 3741 5816; x_wconf 81' lang='lat' dir='ltr'><strong>idoneus</strong></span> 
     </span>
    </p>
   </div>
  </div>
