4090 6396
445 292 556 351 509

439 414 506 485 δὴ
532 413 732 486 τρόπον
750 412 844 467 καὶ
869 414 899 469 6
919 412 1157 478 τοιοῦτος
1183 415 1359 485 μάτην
1376 416 1469 469 ἐπὶ
1494 415 1701 481 τούτοις
1723 418 1864 487 μέγα
1880 431 2011 485 φρο-

442 502 547 563 νεῖ,
596 501 684 569 ἐφ’
722 494 805 561 οἷς
853 498 954 569 τὴν
998 499 1301 554 ἀπόλαυσιν
1346 501 1679 572 πρόσκαιρον
1728 501 1861 570 ἔχει.
1911 498 2012 551 Διά

442 582 614 637 ταῦτα
642 583 791 652 ἡμᾶς
822 581 1114 652 ἀφίστησιν
1141 582 1343 648 αὑτῶν,
1369 583 1458 637 ἵνα
1489 582 1589 652 τὴν
1634 583 1830 654 μανίαν
1880 578 2013 634 ταύ-

442 682 545 737 την
578 664 769 735 σϐέσῃ,
799 664 888 717 ῐνα
916 662 1200 735 μεταγάγῃ
1222 664 1314 717 τὸν
1346 664 1485 734 πρὸς
1524 665 1667 719 αύτά
1721 664 1885 719 πόθον
1932 663 2014 725 εἰς

440 749 537 803 τὸν
562 748 808 819 οὐρανόν.
850 748 1039 817 Ἡμεῖς
1077 748 1135 800 δέ
1184 748 1305 802 οὑδὲ
1356 748 1500 802 οὕτω
1545 748 2011 820 σωφρονιζόμεθα.

456 831 545 896 Ὧς
578 833 687 900 γὰρ
717 832 779 885 τὸ
811 830 1022 885 παιδίον
1037 832 1090 885 εί
1119 848 1173 885 τι
1201 834 1455 887 παιδικὸν
1484 834 1619 904 έχοι,
1648 835 1742 889 καὶ
1771 833 2017 904 προτιμᾷ

444 914 605 968 τοῦτο
616 915 726 969 τῶν
751 914 1088 983 ἀναγκαίων,
1115 915 1408 987 ἀποστερεῖ
1434 916 1568 970 αὑτὸ
1612 920 1642 971 6
1679 917 1861 987 πατὴρ
1906 916 2016 970 τῶν

446 997 737 1064 παιδικῶν,
759 998 846 1052 ῖνα
867 997 962 1052 καὶ
989 1000 1192 1053 ἄκοντα
1225 999 1513 1072 μεταγάγῃ
1540 1000 1676 1072 πρὸς
1701 1000 1763 1055 τὸ
1787 1000 2013 1054 τέλειον.

446 1081 591 1135 οὕτω
620 1082 713 1135 καὶ
751 1081 781 1134 6
831 1080 963 1143 Θεὸς
1008 1082 1189 1137 πάντα
1220 1084 1385 1146 ποιεῖ,
1414 1083 1501 1135 ἵνα
1531 1084 1681 1153 ἡμᾶς
1718 1083 2009 1155 μεταγάγῃ

448 1167 529 1229 είς
552 1164 642 1219 τὸν
666 1163 913 1234 οὐρανόν.
938 1163 1065 1227 Πῶς
1088 1160 1183 1217 οῦν
1196 1165 1321 1227 τοὺς
1332 1167 1605 1236 πονηροὺς
1631 1166 1826 1236 ἀφίησι
1852 1163 2018 1219 πλου-

446 1250 582 1313 τεῖν,
612 1248 814 1319 φησίν;
843 1248 967 1301 Ὂτι
986 1248 1048 1301 ού
1071 1247 1237 1311 πολὺς
1256 1248 1403 1316 αὑτῷ
1429 1249 1585 1317 λόγος
1616 1250 1861 1304 ἐκείνων.
1892 1248 2017 1313 Πῶς

449 1328 543 1385 οῦν
570 1332 664 1384 καὶ
689 1331 815 1393 τοὺς
836 1328 1109 1395 δικαίους;
1148 1330 1262 1384 Οὑκ
1290 1332 1473 1396 αὐτὸς,
1507 1332 1624 1385 ἀλλ’
1651 1332 1835 1396 ἁπλῶς
1885 1350 2017 1402 συγ-

450 1416 636 1488 χωρεῖ.
665 1414 776 1468 Καὶ
794 1413 969 1468 ταῦτα
1002 1415 1105 1484 μὲν
1129 1413 1223 1468 νῦν
1261 1414 1592 1479 ἐπιπολαίως
1620 1416 1753 1486 ἡμῖν
1781 1416 2015 1484 εἴρηται,

452 1497 529 1562 ὡς
561 1497 697 1569 πρὸς
723 1497 1053 1566 ἀγνοοῦντας
1080 1497 1179 1561 τὰς
1235 1498 1489 1569 Γραφάς·
1531 1500 1579 1551 εί
1622 1498 1680 1551 δέ
1732 1497 2019 1551 ἐϐούλεσθε

453 1580 732 1636 πιστεύειν
762 1581 857 1636 καὶ
892 1581 1181 1652 προσέχειν
1208 1583 1321 1644 τοῖς
1354 1580 1520 1643 θείοις
1542 1580 1743 1649 λόγοις,
1779 1581 1930 1635 οὑδέν
1953 1582 2019 1636 ἂν
2043 1588 2057 1603 ’

1074 293 1135 349 s.
1168 291 1449 352 JOANNIS
1481 293 1973 358 ιιιιειγεοετοιιι
2005 287 2323 351 Αειοηιει».
2356 260 2898 346 consummat).

3568 284 3674 341 510

2110 410 2245 479 ἡμῖν
2266 405 2473 461 τούτων
2494 404 2684 479 ἐδέησε
2702 401 2812 457 τῶν
2834 401 3024 469 λόγων·
3065 401 3131 453 ἐκ
3151 399 3354 453 τούτων
3376 398 3484 471 7&9
3503 401 3677 454 πάντα

2207 490 2447 560 ᾔδειμεν.
2486 470 2739 558 Ἵνα-’γὰρ
2780 486 2977 558 μάθῃς,
3005 484 3088 538 ὅτι
3117 483 3269 537 οὐδέν
3295 470 3495 537 ἐστινίό
3512 485 3675 537 πλοῦ-

2111 589 2221 636 τος,
2268 570 2391 625 οὔτε
2438 573 2474 642 ή
2527 570 2705 639 ὑγεία,
2756 567 2880 622 οὕτε
2926 570 2961 638 ἡ
3002 566 3151 632 δόξα,
3178 565 3289 634 ἐγώ
3327 583 3410 618 σοι
3430 566 3678 635 δείκνυμι

2112 655 2363 718 πολλοὺς,
2392 651 2475 718 οἷς
2496 653 2615 718 ἐξὸν
2659 652 2982 723 κερδαίνειν,
3040 652 3102 704 ού
3138 650 3536 721 κερδαίνουσιν,
3594 645 3676 712 οἷς

2111 739 2230 804 ἐξὸν
2260 738 2411 810 [555]
2452 737 2735 805 ὑγιαίνειν,
2763 734 3163 805 κατατήκουσιν
3194 734 3401 789 ἑαυτῶν
3445 734 3516 787 τά
3574 732 3678 785 σώ-

2116 839 2282 893 ματα,
2315 817 2397 885 οἷς
2424 820 2724 890 ἐξὸνδόξης
2769 817 3085 885 ἀπολαύειν,
3132 819 3309 871 πάντα
3352 818 3679 887 πράττουσιν

2113 904 2255 958 ὥστε
2308 902 2788 973 καταφρονεῖσθαι.
2839 901 3030 964 Οὐδεὶς
3096 900 3280 969 μέντοι
3333 898 3534 967 ἀγαθὸς
3578 899 3676 964 ὢν,

2116 986 2407 1052 σπουδάζει
2434 983 2572 1040 εἶναι
2603 984 2792 1048 κακός.
2825 981 3035 1037 Οὐκοῦν
3055 982 3396 1053 παυσώμεθα
3438 982 3533 1037 τοῦ
3583 982 3679 1051 ζη-

2113 1072 2311 1125 τεῖντά
2330 1070 2564 1124 ἐνταῦθα
2580 1069 2781 1138 ἀγαθά,
2804 1069 2899 1121 καὶ
2935 1067 3261 1137 ζητήσωμεν
3307 1067 3377 1121 τά
3414 1068 3473 1119 ἐν
3516 1066 3679 1135 οὐρα-

2115 1157 2245 1217 νοῖς.
2275 1154 2433 1207 υῦτω
2468 1153 2579 1224 7&9
2605 1152 2788 1208 αὑτῶν
2817 1155 2913 1207 καὶ
2957 1154 3138 1223 τυχεῖν
3174 1150 3538 1221 δυνησόμεθα,
3586 1150 3684 1203 καὶ

2114 1236 2215 1306 τῆς
2244 1237 2415 1291 ἀϊδίου
2446 1237 2653 1309 τροφῆς
2681 1234 3082 1305 ἀπολαύσομεν,
3136 1234 3318 1304 χάριτι
3357 1234 3453 1287 καὶ
3495 1232 3683 1309 φιλανῖ

2117 1319 2336 1392 θρωπίά
2377 1307 2490 1374 τοῦ
2519 1320 2726 1391 Κυρίου
2770 1318 2927 1389 ήμῶν
2973 1316 3150 1388 Ἰησοῦ
3183 1314 3446 1387 Χριστοῦ,
3476 1315 3593 1385 μεθ’
3622 1307 3684 1367 οῦ

2115 1408 2193 1480 τῷ
2226 1408 2401 1479 Πατρὶ
2424 1410 2539 1479 άμα
2552 1409 2631 1480 τῷ
2647 1408 2786 1477 ἁγίῳ
2800 1407 2939 1461 Πνεύ
2950 1424 3077 1477 ματι
3105 1405 3251 1469 δόξα,
3282 1405 3504 1475 κράτος,
3528 1402 3681 1474 τιμὴ,

2118 1496 2214 1550 νῦν
2267 1496 2364 1549 καὶ
2416 1496 2523 1561 ἀεὶ,
2580 1496 2676 1550 καὶ
2731 1496 2812 1559 εἰς
2853 1495 2983 1558 τοὺς
3042 1492 3243 1555 αἰῶνας
3291 1492 3403 1544 τῶν
3452 1490 3683 1544 αἰώνων.

2131 1579 2328 1649 ’Δμὴν.

459 1746 3651 1775 MM

1919 1924 2164 1979 OMIAIA
2200 1925 2269 1983 B'.

460 2063 532 2121 Τὸ
568 2064 638 2118 δὲ
677 2062 851 2135 τέλος
898 2063 1009 2135 τῆς
1048 2064 1675 2135 παραηελίαςγέστίν
1714 2065 1916 2135 ἀγάπη
1953 2064 2021 2135 ἐκ

525 2133 787 2203 καθαρᾶς
822 2134 1065 2202 καρδίας
1095 2133 1194 2188 καὶ
1219 2133 1643 2203 συνειδήσεως
1677 2133 1903 2203 ἀγαθῆς
1925 2134 2022 2187 καί

525 2196 783 2274 πίστεως
827 2196 1266 2274 ἀνυποκρίτου·
1307 2196 1395 2258 ὧν
1439 2196 2026 2274 τἰνες’ἀο’τοχήσαν-

520 2289 639 2345 τες,
677 2273 1094 2345 ἐξετράπησαν
1137 2276 1224 2340 εἰς
1265 2274 1710 2345 ματαιολογίας,
1746 2273 2027 2345 θέλοντες

523 2292 639 2339 τες,
677 2292 932 2342 εςετραπ
973 2292 1094 2327 σαν
1137 2292 1224 2340 εις
1265 2292 1710 2345 ματαιολογίας,
1746 2292 2027 2339 σελοντες

523 2340 676 2413 εἶναι
732 2292 1274 2413 νομοδιδάσκαλοι,
1322 2344 1409 2413 μὴ
1455 2343 1743 2410 νοοῦντες
1794 2344 1948 2413 μήτε
1989 2342 2028 2397 d

527 2412 813 2484 λέγουσι,
820 2414 973 2483 μήτε
993 2415 1127 2483 περί
1157 2412 1338 2469 τίνων
1366 2412 1861 2470 διαϐεϐαιοῦνται.

527 2544 598 2594 α’.
617 2539 783 2594 Ούδέν
798 2538 942 2596 οὕτω
961 2540 1279 2613 λυμαίνεται
1297 2542 1358 2596 τὸ
1378 2542 1488 2597 τῶν
1521 2541 1617 2596 ἀνθ
1627 2541 1825 2613 ρώπων
1850 2541 2027 2610 γένος,

459 2619 536 2686 ὡς
568 2622 630 2676 τὸ
664 2621 842 2691 φιλίας
863 2627 1243 2696 καταφρονεῖν,
1266 2625 1359 2679 καὶ
1384 2624 1458 2697 μὴ
1484 2626 1622 2696 μετά
1644 2625 1845 2696 πολλῆς
1862 2624 2031 2695 αὐτὴν

461 2705 756 2776 κατορθοῦν
770 2707 870 2776 τῆς
896 2707 1150 2779 σπουδῆς·
1176 2708 1326 2761 ὥσπε
1335 2725 1365 2779 ρ
1396 2703 1488 2762 οὖν
1507 2709 1659 2763 οὐδὲν
1681 2708 1842 2763 πάλιν
1861 2708 2030 2780 ὀρθοῖ,

462 2786 538 2851 ὡς
584 2789 645 2842 τὸ
686 2788 850 2843 παντὶ
895 2789 1071 2844 σθένει
1114 2790 1470 2861 μεταδιώκειν
1514 2792 1704 2863 αὑτήν.
1738 2794 1848 2846 Καὶ
1874 2790 2037 2845 τοῦτο

461 2874 634 2944 δηλῶν
660 2875 689 2928 6
723 2876 954 2947 Χριστός
991 2893 1179 2947 φησιν,
1222 2877 1367 2932 Ἐὰν
1394 2877 1505 2931 δύο
1538 2878 2036 2949 συμφωνήσωσιν

462 2961 560 3015 ἐπὶ
592 2963 658 3017 τὸ
686 2964 851 3028 αὐτὸ,
873 2962 1017 3028 πᾶν,
1050 2964 1082 3017 6
1101 2964 1210 3019 ἐὰν
1237 2963 1552 3033 αἰτήσωσι,
1571 2965 1872 3035 λήψονται
1900 2982 1917 2999 ·
1943 2967 2038 3021 καὶ

464 3046 649 3113 πάλιν,
692 3050 877 3103 Ὅταν
911 3049 1229 3119 πληθυνθῇ
1268 3041 1317 3120 ἦ
1348 3051 1585 3123 ἀνομία,
1616 3053 1959 3124 ψυγήσεται
1996 3054 2037 3123 ἠ

464 3134 692 3206 ἀγάπη.

537 3223 709 3279 Τοῦτο
749 3225 848 3289 τὰς
886 3226 1127 3299 αἱρέσεις
1154 3227 1309 3283 ἔτεκε
1349 3230 1548 3294 πάσας.
1575 3230 1673 3284 Ἐκ
1697 3229 1806 3303 7&9
1836 3229 1928 3284 τοῦ
1961 3230 2038 3301 μὴ

467 3311 642 3381 φιλεῖν
662 3312 788 3376 τοὺς
806 3313 1071 3382 ἀδελφοὺς
1088 3315 1213 3379 τοὺς
1236 3316 1445 3371 ἐαυτῶν
1460 3316 1717 3387 ἐφθόνουν
1733 3315 2040 3387 εὐδοκιμοῦ-

468 3412 573 3461 σιν,
604 3398 669 3449 ἐκ
692 3396 748 3451 δὲ
784 3396 879 3452 τοῦ
917 3397 1130 3467 φθονεῖν
1167 3399 1513 3470 ἐφιλάρχουν,
1542 3402 1607 3454 ἐκ
1636 3400 1695 3453 δέ
1719 3398 1814 3453 τοῦ
1845 3401 2041 3469 φιλαρ-

468 3476 584 3544 χεῖν
607 3475 847 3545 αἱρέσεις
879 3477 1082 3533 ἔτεκον.
1122 3478 1221 3533 Διά
1242 3479 1398 3533 τοῦτο
1429 3479 1524 3532 καὶ
1550 3479 1579 3531 6
1609 3478 1821 3541 Παῦλος
1849 3478 2039 3544 εἰπὼν,

472 3559 608 3612 Ἵνα
635 3561 1041 3630 παραγγείλῃς
1069 3561 1193 3616 τισί
1216 3561 1303 3631 μὴ
1346 3561 1929 3631 ἑτεροδιδασκαλεῖν,
1949 3565 2043 3616 καὶ

467 3642 561 3695 τὸν
591 3642 792 3714 τρόπον
825 3644 1138 3713 ὑφηγεῖται,
1162 3647 1287 3699 καθ’
1333 3644 1393 3700 δν
1424 3646 1581 3700 τοῦτο
1606 3647 1859 3716 γενέσθαι
1883 3646 2044 3701 δυνα-

469 3726 584 3781 τόν.
616 3727 714 3790 Τίς
755 3726 801 3780 δ’
843 3725 937 3780 οῦν
970 3722 1124 3799 οῦτός
1153 3732 1340 3797 ἐστιν;
1380 3730 1441 3784 Ἥ
1473 3730 1683 3801 ἀγάπη.
1709 3728 1920 3802 ⁴Ὠσπερ
1951 3727 2045 3786 οὖν

470 3810 600 3863 ὅταν
640 3809 810 3884 λέγῃ,
860 3811 1040 3879 Τέλος
1066 3814 1254 3883 νόμου
1281 3813 1557 3881 Χριστὸς,
1591 3814 1856 3880 τουτέστι,
1903 3831 2045 3885 συμ-

473 3893 765 3963 πλήρωμα,
791 3895 884 3948 καὶ
906 3895 1064 3949 τοῦτο
1089 3896 1314 3951 ἐκείνων
1338 3898 1729 3968 ἐχεται,οὑτως
1756 3901 1790 3969 ἡ
1821 3914 2044 3969 παραγ-ο

474 3976 631 4045 γελία
655 3977 795 4047 αὕτη
821 3977 1149 4050 ἐνέχεταιτῇ
1177 3979 1390 4050 ἀγάπῃ.
1409 3980 1575 4046 Τέλος
1598 3981 1840 4049 ἰατρείας
1866 3982 2043 4049 ὑγεία·

476 4056 617 4111 ὥστε
647 4059 836 4127 ὑγείας
872 4058 1059 4132 οῦσης,
1093 4063 1155 4114 ού
1196 4060 1401 4131 πολλῆς
1435 4062 1516 4115 δεῖ
1553 4064 1923 4132 κατασκευῆς·
1954 4062 2048 4116 καὶ

476 4143 697 4210 ἀγάπης
720 4142 909 4213 οὔσης,
938 4145 998 4196 οὑ
1033 4143 1232 4211 πολλῆς
1260 4145 1340 4198 δεῖ
1368 4145 1763 4215 παραγγελίας.
1804 4146 2048 4216 ’Δγάπην

475 4227 533 4280 δέ
559 4226 716 4281 ποίαν
754 4227 921 4297 φησί;
952 4226 1064 4298 Τὴν
1095 4226 1382 4297 εἰλικρινῆ,
1415 4230 1475 4282 οὑ
1509 4230 1610 4300 τὴν
1662 4229 1824 4301 μέχρι
1872 4231 2049 4300 ῥημά-

476 4327 603 4375 των,
656 4310 791 4365 ἀλλά
818 4310 925 4382 ητὴν
969 4312 1077 4365 ἀπὸ
1103 4311 1415 4377 διαθέσεως,
1450 4314 1541 4366 καὶ
1574 4313 1799 4385 γνώμης
1827 4316 1922 4368 καὶ
1953 4314 2048 4368 τοῦ

479 4395 784 4465 συναλγεῖν,
829 4395 931 4450 Ἐκ
968 4395 1247 4464 καθαρᾶς,
1281 4397 1433 4466 φησὶ,
1460 4398 1707 4466 καρδίας
1736 4414 1748 4427 ·
1781 4398 1898 4468 ἦτοι
1923 4398 2052 4470 περὶ

478 4476 757 4543 πολιτείας
777 4479 941 4549 φησὶν
966 4478 1153 4549 ὀρθῆς,
1184 4479 1217 4551 ἢ
1242 4481 1371 4550 περὶ
1411 4481 1640 4551 γνησίας
1672 4481 1874 4550 φιλίας.
1903 4482 2055 4535 Ποιεῖ

479 4563 589 4633 γὰρ
616 4564 708 4616 καὶ
732 4562 844 4632 βίος
866 4562 1173 4631 ἀκάθαρτος
1203 4563 1495 4633 σχίσματα·
1518 4562 1643 4630 Πᾶς
1665 4566 1775 4634 γὰρ
1791 4569 1825 4620 ό
1847 4566 2052 4635 φαῦλα

483 4646 793 4715 πράσσων,
806 4647 978 4715 μισεῖ
996 4646 1061 4699 τὸ
1092 4646 1238 4715 φῶς.
1262 4647 1419 4700 Ἐστι
1442 4646 1550 4717 γὰρ
1582 4648 1732 4716 φιλία
1764 4649 1860 4702 καὶ
1888 4650 1921 4720 ἡ
1944 4650 2051 4704 τῶν

483 4731 722 4800 φαύλων,
753 4728 863 4786 οίον
894 4731 990 4785 καὶ
1021 4730 1215 4802 λῃσταὶ
1231 4731 1433 4801 λῃστάς
1456 4730 1719 4800 φιλοῦσιν,
1750 4732 1845 4785 καὶ
1862 4733 2052 4803 ἀνδροσι

484 4815 634 4886 φόνοι
658 4814 1047 4885 ἀνδροφόνους·
1077 4815 1192 4869 ἀλλ’
1220 4816 1321 4868 οὐκ
1352 4816 1467 4868 ἐστι
1494 4816 1652 4869 τοῦτο
1681 4817 1789 4870 ἀπὸ
1812 4817 2055 4888 συνειδή-

487 4915 626 4962 σεως
669 4898 901 4967 ἀγαθῆς,
944 4898 1059 4951 ἀλλ’
1096 4898 1205 4952 ἀπὸ
1252 4899 1481 4970 φαύλης,
1535 4899 1645 4953 οὐδ’
1698 4902 1763 4954 ἐκ
1810 4902 2055 4973 καθαρᾶς

484 4984 733 5054 καρδίας,
771 4981 886 5035 ἀλλ’
924 4981 985 5045 ἐξ
1026 4978 1360 5051 ἀκαθάρτου,
1410 4982 1530 5035 οὑδὲ
1566 4984 1632 5035 ἐκ
1689 4984 1928 5046 πίστεως
1956 4985 2054 5037 ἀν-

487 5065 808 5136 υποκρίτου,
845 5062 967 5118 ἀλλ’
989 5062 1322 5126 ἐπιπλάστου
1345 5066 1439 5117 καὶ
1465 5065 1921 5135 ὑποκεκριμένης.
1955 5065 2055 5118 Πί-

488 5167 604 5209 στις
629 5150 738 5219 γάρ
767 5149 831 5201 τὸ
859 5148 1056 5217 ἀληθὲς
1089 5147 1362 5201 δείκνυσιν
1395 5163 1409 5177 ·
1440 5148 1548 5201 ἀπὸ
1572 5149 1630 5200 δὲ
1656 5148 1891 5212 πίστεως
1928 5149 2058 5202 εἰλι-

485 5232 707 5305 κρινοῦς
761 5236 796 5303 ἡ
847 5231 1036 5303 ἀγάπη
1063 5230 1393 5286 τίκτεται·ὁ
1420 5232 1529 5303 γὰρ
1575 5232 1744 5296 ὅντως
1790 5235 1871 5298 εἰς
1925 5234 2063 5289 Θεὸν

488 5318 784 5385 πιστεύων,
825 5317 925 5371 ούκ
971 5317 1225 5387 ἀνέχεταί
1279 5333 1410 5370 ποτε
1442 5317 1644 5388 ταύτην
1676 5318 1914 5387 ἀφεῖναι.
1944 5310 2060 5372 Ὧν

486 5413 680 5467 τινες,
736 5400 937 5469 φησὶν,
988 5399 1466 5469 ἀστοχήσαντες,
1516 5400 1935 5470 ἐξετράπησαν
1973 5404 2061 5467 εἰς

484 5486 934 5555 ματαιολογίας.
972 5484 1169 5547 Καλῶς
1197 5479 1373 5549 εἶπεν,
1410 5485 1893 5553 Ἀστοχήσαντες
1919 5502 1934 5517 ·
1969 5487 2061 5540 τέ-

491 5584 626 5638 χνης
664 5568 773 5639 7&9
806 5568 907 5631 δεῖ,
970 5566 1114 5621 ὥστε
1372 5568 1537 5622 εὑθέα
1576 5569 1813 5637 βάλλειν,
1862 5571 2063 5641 καὶμὴ

494 5647 599 5713 ἐξω
627 5648 721 5700 τοῦ
751 5646 1152 5701 σκοποῦ.“Ὠστε
1177 5660 1202 5687 ει
1228 5649 1332 5701 ὑπὸ
1376 5648 1471 5701 τοῦ
1502 5648 1816 5720 ῐΙνεύματος
1849 5650 2064 5704 εὐθύνε-

560 5784 583 5819 ⁶
610 5783 898 5851 Legendum
922 5750 1046 5836 ac}.
1070 5788 1137 5836 δεῖ
1155 5789 1279 5851 conj.
1307 5787 1453 5837 Savil.

2124 2062 2270 2117 σθαι·
2304 2062 2476 2117 πολλά
2496 2062 2605 2134 γάρ
2637 2062 2706 2118 τά
2730 2062 2831 2133 τῆς
2865 2060 3077 2124 εὐθείας
3108 2062 3573 2133 παρεκτρέποντα·
3601 2064 3697 2115 καὶ

2121 2146 2203 2199 δεῖ
2229 2146 2367 2218 πρὸς
2406 2146 2465 2201 ἓν
2508 2148 2660 2216 ὁρᾷν.
2705 2146 3017 2211 Θέλοντες,
3056 2145 3242 2214 φησὶν,
3280 2140 3432 2199 εἶναι
3463 2146 3698 2215 νομοδι-

2123 2230 2437 2285 δάσκαλοι.
2479 2231 2643 2300 Ὁρᾷς
2680 2230 2775 2284 καὶ
2811 2229 2979 2300 ἀλλην
3005 2228 3220 2293 αἰτίαν,
3246 2229 3346 2300 τὴν
3365 2230 3465 2298 τῆς
3500 2228 3696 2298 φιλαρ-

2126 2312 2283 2383 χίας;
2316 2312 2416 2366 Διά
2448 2312 2609 2367 τοῦτο
2645 2313 2741 2367 καὶ
2773 2313 2803 2365 6
2862 2311 3098 2383 Χριστὸς
3151 2311 3360 2377 ἐλεγεν,
3406 2312 3601 2381 Ὑμεῖς
3629 2312 3700 2366 δὲ

2120 2394 2356 2464 μηδένα
2380 2395 2681 2463 καλέσητε
2711 2396 2911 2450 Ῥαϐϐί
2943 2411 2959 2426 ·
2988 2395 3083 2448 καὶ
3105 2394 3267 2448 πάλιν
3286 2395 3315 2447 6
3354 2394 3697 2460 ’Ᾱπὸστολος,

2131 2478 2288 2532 Οὐδὲ
2307 2478 2420 2548 γὰρ
2473 2478 2643 2532 αὐτοὶ
2680 2477 2788 2533 τὸν
2829 2478 3016 2547 νόμον
3065 2476 3517 2547 φυλάσσουσιν,
3559 2476 3700 2531 ἀλλ’

2128 2562 2227 2616 ἵνα
2248 2561 2317 2615 ἐν
2336 2560 2412 2630 τῇ
2437 2559 2689 2631 ὑμετέρᾳ
2717 2561 2897 2629 σαρκί
2923 2560 3367 2629 καυχήσωνται.
3396 2560 3504 2613 Τοῦ
3534 2558 3701 2625 ἀξιώ-

2133 2662 2300 2716 ματος
2326 2644 2585 2713 ἐφίενται,
2622 2643 2754 2716 φησί
2782 2659 2796 2675 ·
2835 2644 2924 2698 διά
2966 2643 3126 2698 τοῦτο
3154 2644 3289 2714 πρὸς
3313 2644 3413 2713 τὴν
3438 2643 3699 2714 ἀλήθειαν

2130 2728 2227 2797 οὐχ
2246 2727 2436 2800 ὁρῶσι.
2471 2726 2567 2794 Μὴ
2605 2725 2911 2793 νοοῦντες,
2962 2728 3117 2797 φησὶ,
3151 2726 3305 2795 μήτε
3352 2725 3391 2781 d
3430 2726 3700 2795 λέγουσι,

2126 2811 2279 2882 μήτε
2319 2810 2454 2877 περὶ
2500 2810 2681 2864 τίνων
2718 2810 3213 2865 διαϐεϐαιοῦνται.
3275 2810 3540 2866 Ἐνταῦθα
3588 2809 3706 2862 δια-

2133 2892 2318 2948 ϐάλλει
2355 2893 2574 2958 αὐτοὺς,
2616 2892 2691 2956 ὡς
2740 2892 2841 2946 οὑκ
2885 2893 3095 2956 εἰδότας
3131 2892 3223 2947 τὸν
3264 2892 3359 2947 τοῦ
3391 2893 3557 2961 νόμου
3586 2910 3707 2945 σκο-

2135 2977 2260 3043 πὸν,
2292 2975 2412 3029 ούδέ
2438 2974 2531 3028 τὸν
2568 2975 2759 3047 καιρὸν
2802 2976 2965 3046 μέχρι
3007 2976 3150 3038 τίνος
3172 2974 3362 3046 κύριον
3382 2976 3543 3029 αὑτὸν
3567 2970 3708 3028 εἶναι

2136 3062 2323 3132 ἐχρῆν.
2366 3058 2492 3123 Πῶς
2537 3057 2653 3125 οὖν,
2694 3060 2744 3113 εί
2795 3059 2857 3124 ἐξ
2906 3060 3147 3128 ἀγνοίας,
3198 3058 3501 3131 ἁμάρτημα
3548 3058 3709 3112 τοῦτο

2136 3144 2351 3214 λέγεις;
2387 3144 2513 3196 ’Ότι
2540 3142 2602 3195 οὑ
2629 3142 2717 3196 διὰ
2747 3142 2808 3195 τὸ
2846 3141 3021 3197 θέλειν
3052 3142 3537 3213 νομοδιδασκάλους
3568 3139 3707 3195 εἶναι

2143 3229 2327 3301 μόνον.
2390 3227 2527 3281 ἀλλά
2567 3227 2663 3280 καὶ
2713 3224 2803 3279 διὰ
2850 3227 2913 3278 τὸ
2958 3225 3033 3297 μὴ
3075 3225 3327 3295 κατέχειν
3358 3226 3458 3295 τὴν
3488 3224 3708 3294 ἀγάπην

2139 3312 2298 3367 τοῦτο
2348 3309 2551 3365 ιπαθον
2574 3326 2589 3340 ·
2641 3306 2816 3372 άλλως
2854 3309 2913 3362 δὲ
2966 3308 3062 3364 καὶ
3103 3310 3137 3379 ἡ
3183 3309 3374 3375 ἄγνοια
3412 3311 3477 3362 ἐκ
3506 3306 3707 3361 τούτων

2139 3394 2357 3467 ἐτέχθη.
2395 3394 2563 3448 Ὅταν
2600 3392 2710 3462 γὰρ
2745 3394 2781 3463 ἡ
2806 3391 2954 3464 ψυχὴ
2987 3392 3310 3461 πράγμασιν
3340 3390 3538 3460 ἑαυτὴν
3566 3390 3709 3460 ἐκδῷ

2142 3480 2461 3550 σαρκικοῖς,
2498 3475 2768 3548 πηροῦται
2817 3475 2991 3544 αὑτῆς
3039 3473 3102 3527 τὸ
3150 3474 3459 3544 διορατικόν
3490 3490 3504 3503 ·
3548 3477 3710 3545 ἐκπε-

2143 3561 2310 3616 σοῦσα
2344 3562 2402 3615 δὲ
2429 3562 2528 3632 τῆς
2565 3560 2786 3631 ἀγάπης
2820 3558 3083 3629 ἐμπίπτει
3114 3560 3195 3622 εἰς
3225 3556 3574 3627 φιλονεικίαν,
3616 3555 3711 3609 καὶ

2140 3647 2410 3717 πηροῦται
2442 3645 2504 3699 τὸ
2545 3645 2642 3715 τῆς
2693 3642 2931 3705 διανοίας
2962 3641 3136 3711 ὄμμα.
3176 3641 3235 3693 '0
3275 3641 3383 3710 7&9
3416 3641 3519 3694 ὑπό
3565 3656 3710 3705 τινος

2142 3728 2437 3799 ἐπιθυμίας
2488 3726 2695 3780 τούτων
2744 3725 2856 3778 τῶν
2895 3723 3247 3796 προσκαίρων
3305 3723 3709 3796 κατεχόμενος,

2147 3815 2359 3888 μεθύων
2394 3813 2472 3886 τῷ
2488 3813 2681 3875 πάθει,
2720 3813 2821 3882 τῆς
2853 3812 3109 3883 ἀληθείας
3146 3811 3246 3867 ούκ
3275 3813 3339 3867 ἂν
3362 3813 3572 3879 γένοιτο
3599 3828 3715 3881 κρι-

2143 3904 2239 3969 τὴς
2270 3900 2585 3963 ἀδέκαστος.
2629 3899 2751 3952 Οὐκ
2785 3898 2994 3961 ῖσασι,
3027 3898 3181 3967 φησὶ,
3212 3896 3344 3964 περί
3370 3898 3551 3949 τίνων
3583 3895 3711 3950 διαο

2148 3984 2535 4039 ϐεϐαιοῦνται.
2589 3981 2754 4044 Εἰκὸς
2785 3980 2896 4052 7&9
2926 3976 2994 4051 ἦν
3031 3981 3228 4042 αὐτοὺς
3254 3979 3382 4048 περὶ
3416 3978 3509 4031 τοῦ
3548 3978 3713 4046 νόμου

2147 4066 2504 4137 φθέγγεσθαι,
2560 4065 2657 4119 καὶ
2706 4063 2878 4118 πολλὰ
2922 4064 3052 4134 περὶ
3096 4062 3410 4133 καθαρσίων
3455 4060 3550 4115 καὶ
3606 4061 3715 4113 τῶν

2148 4152 2323 4206 ἀλλων
2380 4150 2490 4205 τῶν
2540 4147 2865 4218 σωματικῶν
2909 4147 3110 4215 λέγειν.
3167 4142 3299 4199 Εἶτα
3341 4144 3502 4215 ἀφεὶς
3532 4145 3717 4195 ἐκεῖνα

2149 4232 2387 4303 ἐλέγξαι,
2437 4232 2514 4295 ὡς
2554 4232 2706 4285 οὐδὲν
2753 4230 2881 4285 ὅντα
2921 4230 2955 4301 ἢ
3005 4229 3163 4285 σκιάν
3192 4230 3303 4283 τῶν
3331 4228 3716 4298 πνευματικῶν

2149 4318 2244 4373 καὶ
2278 4317 2663 4387 ὑπογραμμὸν,
2695 4315 2725 4368 δ
2753 4314 2954 4386 μᾶλλον
2979 4315 3411 4384 προσηνέστερον
3438 4308 3530 4381 ἦν,
3558 4311 3720 4364 τοῦτο

2150 4402 2464 4474 ἐργάζεται.
2520 4400 2678 4451 Ποῖον
2734 4398 2800 4468 δὴ
2853 4395 3046 4463 τοῦτο;
3105 4398 3350 4450 Ἐπαινεί
3401 4395 3494 4447 τὸν
3531 4395 3715 4463 νόμον,

2151 4485 2315 4553 νόμον
2352 4481 2588 4537 ἐνταῦθα
2637 4481 2729 4535 τὸν
2773 4481 3066 4550 δεκάλογον
3109 4479 3309 4533 καλῶν.
3359 4479 3492 4531 Ἀπὸ
3518 4478 3574 4529 δὲ
3601 4477 3722 4529 τού-

2150 4584 2247 4621 του
2285 4567 2515 4621 κάκεῖνα
2546 4564 2823 4629 ἐξέϐαλεν.
2863 4565 2928 4618 El
2967 4564 3076 4634 7&9
3118 4560 3293 4616 ταῦτα
3328 4561 3470 4614 αύτά
3505 4561 3721 4622 κολάζει

2150 4651 2277 4713 τοὺς
2304 4648 2650 4721 παραϐάτας,
2685 4649 2781 4701 καὶ
2816 4648 3065 4718 ἀχρηστα
3096 4648 3230 4718 ἡμῖν
3258 4646 3473 4715 γίνεται
3492 4683 3506 4709 ,
3540 4644 3722 4713 πολλῷ

2155 4734 2354 4805 μᾶλλον
2405 4735 2607 4787 ἐκεῖνα.
2648 4732 2907 4801 Οἴδαμεν
2955 4731 3041 4796 δὲ,
3100 4732 3286 4802 φησὶν,
3329 4730 3421 4784 ὅτι
3465 4728 3653 4792 καλὸς
3692 4728 3726 4779 6

2151 4820 2368 4888 νόμος,
2405 4818 2516 4871 ἐάν
2558 4834 2649 4882 τις
2684 4815 2847 4881 αὐτῷ
2900 4816 3163 4885 νομίμως
3212 4814 3460 4884 χρῆται,
3505 4811 3677 4875 εἰδὼς

2151 4902 2361 4964 τοῦτο,
2401 4900 2493 4954 ὅτι
2521 4901 2729 4965 δικαίῳ
2761 4901 2945 4968 νόμος
2984 4901 3058 4953 οὐ
3091 4898 3297 4951 κεῖται.
3335 4896 3535 4961 Καλὸς,
3562 4894 3722 4966 φησὶ,

2154 4986 2248 5038 καὶ
2275 4987 2335 5037 οὑ
2372 4984 2556 5046 καλός.
2594 4984 2659 5035 Τί
2687 4984 2793 5048 δαὶ,
2833 4984 3041 5052 φησίν;
3085 4983 3180 5036 ἐὰν
3234 4983 3309 5052 μὴ
3358 4982 3599 5050 νομίμως
3637 4997 3727 5043 τις

2154 5071 2381 5141 χρῆται,
2436 5069 2537 5121 οὐκ
2590 5067 2707 5120 ἐστι
2742 5066 2907 5130 καλός
2935 5085 2950 5132 ;
2995 5068 3104 5119 Καὶ
3151 5066 3294 5119 οὕτω
3327 5066 3520 5126 καλός·
3550 5063 3669 5115 ἀλλ’
3695 5065 3728 5115 ὃ

2156 5154 2305 5221 λέγει
2339 5151 2498 5205 τοῦτὸ
2544 5152 2692 5204 ἐστιν
2710 5166 2726 5181 ·
2770 5150 2901 5204 ὅταν
2932 5149 3197 5220 ἐκπληροῖ
3224 5148 3385 5202 αὑτὸν
3414 5148 3481 5200 δι’
3502 5146 3681 5215 ἔργων
3708 5162 3723 5175 ·

2156 5236 2219 5291 τὸ
2247 5236 2380 5305 γὰρ,
2448 5234 2583 5288 Ἐάν
2630 5249 2719 5299 τις
2762 5233 2923 5299 αὐτῷ
2975 5235 3235 5303 νομίμως
3278 5231 3519 5302 χρῆται,
3568 5232 3732 5284 τοῦτό

2158 5322 2307 5374 ἐστιν
2334 5318 2566 5372 ἐνταῦθα
2591 5320 2876 5388 σημαῖνον.
2908 5318 3075 5370 Ὅταν
3094 5317 3150 5370 δὲ
3173 5316 3471 5383 ἐξηγῶνται
3499 5314 3594 5383 μὲν
3625 5316 3732 5366 αὑ-

2158 5405 2250 5457 τὸν
2298 5402 2386 5455 διὰ
2430 5403 2711 5473 ῥημάτων,
2755 5399 2843 5453 διὰ
2884 5400 2939 5453 δέ
2972 5399 3079 5453 τῶν
3102 5399 3279 5468 ἔργων
3323 5397 3733 5468 παραϐαίνωσι,

2160 5487 2320 5541 τοῦτό
2355 5487 2502 5538 ἐστιν
2546 5484 2763 5554 ἀνόμως
2798 5482 3035 5553 χρῆσθαι
3070 5497 3083 5511 ·
3108 5481 3307 5550 χρῆται
3334 5479 3433 5549 μέν
3470 5479 3576 5549 γὰρ
3633 5479 3739 5532 καὶ

2162 5566 2339 5633 οὗτος,
2375 5567 2492 5622 ἀλλ’
2528 5569 2628 5620 οὑκ
2664 5568 2743 5628 εἰς
2780 5567 2989 5620 οἰκείαν
3020 5566 3311 5633 ὠφέλειαν.

2236 5720 2255 5757 f
2282 5722 2363 5830 ἓίι·
2384 5718 2641 5780 Commel.,
2678 5714 2827 5769 Savil.
2850 5714 2987 5767 Colb.
3013 5728 3123 5765 cum
3148 5714 3272 5764 Bibl.
3304 5711 3583 5776 Legebatur
3605 5709 3745 5762 εἰ.εὸ-

2236 5802 2256 5830 ;.
2323 5793 2415 5829 ωτ.
2810 5818 2813 5821 .

2166 5798 2256 5838 τις.
2288 5793 2415 5830 non.
2810 5818 2813 5821 .
