4090 6396
365 371 471 429 509

363 487 431 542 ad
466 486 740 545 virtutem,
789 478 1150 550 spiritualium
1199 475 1463 530 donorum
1500 472 1845 529 distributio?
1884 470 1942 525 Si

365 592 553 634 nosses
593 571 1018 636 Dei‘beneﬁcia,
1075 583 1197 622 eum
1245 566 1329 621 his
1376 564 1601 634 perinde
1645 572 1803 631 atque
1850 562 1942 614 alii

368 668 580 733 fruaris,
612 668 833 721 istorum
865 662 1098 733 inopiam
1148 676 1252 714 non
1284 657 1498 729 indigne
1540 656 1728 717 ferres,
1771 668 1944 721 neque

366 761 505 816 hanc
537 774 712 813 rerum
738 757 945 825 copiam
969 753 1301 823 esquireres,
1337 751 1380 803 si
1412 750 1554 803 illam
1584 747 1941 816 :equalitatem

368 866 574 907 nosses.
607 845 1071 917 Quemadmodum
1101 844 1244 898 enim
1287 841 1536 903 famulus,
1565 838 1655 908 qui
1696 837 1768 893 ab
1814 836 1945 889 hero

365 958 536 1009 escas,
564 943 871 998 indumenta
900 950 954 995 et
974 936 1334 993 habitaculum
1360 933 1574 1003 accipit,
1606 941 1661 986 et
1679 945 1798 984 cum
1827 928 1947 983 aliis

366 1037 615 1092 omnibus
643 1034 728 1088 his
757 1047 909 1104 teque
939 1030 1152 1094 fruitur,
1184 1028 1229 1082 si
1255 1026 1433 1081 crines
1462 1024 1515 1077 in
1545 1022 1722 1092 capite
1750 1034 1946 1089 super-

367 1128 505 1185 ﬂuos
526 1126 736 1190 habeat,
767 1138 1072 1194 unguesque
1102 1119 1352 1189 majores,
1382 1132 1442 1172 se
1466 1116 1586 1186 plus
1625 1114 1825 1169 habere
1848 1127 1947 1181 pu-

372 1230 448 1277 tet
466 1235 623 1289 quam
645 1219 736 1274 alii
762 1234 775 1272 :
796 1217 986 1273 eodem
1013 1214 1174 1270 modo
1193 1212 1283 1283 qui
1308 1219 1394 1267 est
1421 1207 1728 1280 bujusmodi
1753 1205 1947 1275 frustra

368 1313 535 1366 altum
577 1310 737 1382 sapit,
782 1317 999 1379 propter
1045 1321 1129 1370 ea,
1180 1304 1338 1375 queis
1378 1301 1444 1356 ad
1486 1311 1697 1369 tempus
1735 1297 1946 1352 fruitur.

376 1404 581 1460 Idcirco
608 1403 749 1457 Deus
775 1414 873 1455 nos
910 1399 1014 1454 illis
1038 1399 1227 1467 privat,
1275 1404 1333 1449 ut
1374 1394 1511 1448 hanc
1537 1391 1811 1447 vesaniam
1851 1404 1948 1444 ex-

379 1495 632 1564 stinguat,
675 1502 730 1546 et
767 1491 953 1546 harum
997 1504 1175 1543 rerum
1222 1484 1547 1541 desiderium
1596 1480 1664 1537 ad
1715 1480 1948 1535 caelestia

373 1588 675 1640 transferat.
706 1582 816 1639 Nos
859 1590 1037 1637 autem
1080 1594 1149 1634 ne
1188 1579 1268 1635 sic
1299 1576 1513 1647 quidem
1557 1572 1946 1642 resipiscimus.

373 1677 525 1731 Sicut
551 1676 692 1730 enim
732 1673 1006 1744 puerulus,
1055 1670 1252 1741 siquid
1280 1668 1484 1740 puerile
1531 1666 1742 1727 habeat,
1792 1663 1953 1733 idque

375 1770 536 1824 rebus
567 1766 885 1824 necessariis
912 1763 1183 1835 praeferat,
1216 1773 1367 1832 pater
1396 1762 1568 1828 ipsum
1599 1775 1629 1813 a
1658 1757 1954 1827 puerilibus

342 1908 343 1911 η
376 1862 567 1930 privat,
602 1869 660 1914 ut
688 1860 772 1914 vel
799 1859 1021 1912 invitum
1050 1857 1117 1910 ad
1155 1853 1470 1924 perfectiora
1505 1850 1791 1905 transferat
1824 1866 1837 1902 :
1866 1850 1945 1902 sic

381 1953 520 2006 Deus
549 1951 728 2005 omnia
775 1950 899 2004 facit
941 1961 998 2003 ut
1039 1963 1138 2002 nos
1171 1948 1221 1999 in
1272 1945 1463 1999 exulum
1498 1941 1800 1997 transferat.
1846 1940 1956 1993 Cttr

378 2062 528 2116 ergo,
562 2045 788 2114 inquies,
835 2043 1027 2103 malos,
1066 2039 1258 2095 divites
1300 2052 1419 2092 esse
1448 2035 1614 2088 sinit?
1661 2033 1791 2101 Quia
1834 2031 1952 2085 illos

1254 360 1318 415 IN
1356 359 1575 415 EPIST.
1614 358 1636 413 Ι
1698 357 1792 412 AD
1828 354 2105 410 ΤΙΜΟἸΉ.
2147 356 2301 411 CAP.
2342 356 2383 409 Ι.
2426 356 2656 412 1101111...
2699 354 2765 412 ΙΙ.

3527 359 3630 413 510

2052 486 2157 525 non
2202 471 2427 526 multum
2473 480 2644 526 curat.
2692 471 2973 539 Quomodo
3016 472 3176 527 etiam
3210 472 3382 541 justus
3438 473 3629 528 divites

2054 563 2360 618 facit?Non
2393 565 2505 633 ipse
2535 564 2683 629 facit,
2734 564 2827 618 sed
2874 565 3045 619 solum
3093 566 3369 635 permittit.
3403 566 3469 618 Et
3515 565 3630 620 haec

2053 656 2266 726 quidem
2289 658 2514 726 carptim
2545 673 2683 711 nunc
2710 673 2739 711 a
2765 658 2917 711 nobis
2942 658 3080 711 dicta
3100 666 3244 721 sunt,
3275 670 3541 728 tamquam
3567 660 3632 713 ad

2053 763 2147 803 eos
2164 749 2251 817 qui
2284 750 2587 817 Scriptttras
2620 751 2884 819 ignorant.
2912 751 3062 815 Quod
3105 751 3148 805 si
3177 751 3395 805 credere
3423 753 3632 806 velletis

2054 852 2111 896 et
2140 843 2335 896 divinis
2375 843 2551 896 verbis
2597 841 2895 905 attendere,
2948 842 3061 898 hazc
3111 842 3294 897 dicere
3349 859 3452 896 non
3499 859 3634 911 opus

2054 933 2279 998 fuisset;
2324 951 2388 989 ex
2437 934 2726 1003 Scripturis
2787 936 2930 987 enim
2978 934 3154 988 omnia
3212 949 3513 988 nossemus.
3568 934 3651 995 Ut.

2053 1026 2196 1080 enim
2243 1025 2422 1079 discas
2470 1025 2601 1079 nihil
2640 1040 2759 1079 esse
2794 1025 3029 1091 divitias,
3071 1034 3162 1079 aut
3202 1026 3504 1088 sanitatem,
3545 1036 3637 1079 aut

2052 1118 2300 1187 gloriam,
2329 1116 2420 1172 tibi
2450 1133 2549 1187 ego
2570 1117 2827 1187 plurimos
2856 1116 3154 1183 ostendam,
3177 1119 3266 1187 qui
3292 1133 3412 1171 cum
3444 1119 3637 1173 lucrari

2056 1220 2297 1279 possent,
2348 1225 2455 1264 non
2504 1210 2689 1265 luerati
2740 1219 2905 1275 sunt;
2937 1210 3026 1279 qui
3070 1226 3194 1264 cum
3232 1226 3459 1279 corpore
3500 1211 3639 1265 bene

2056 1304 2287 1367 valeant,
2316 1303 2443 1357 illud
2480 1311 2781 1368 macerant;
2804 1304 2892 1373 qui
2917 1318 3037 1358 eunt
3069 1303 3234 1373 gloria
3268 1303 3366 1357 frui
3393 1305 3632 1373 possint,

2057 1395 2189 1453 nihil
2218 1412 2323 1450 non
2354 1406 2515 1475 agunt
2546 1406 2604 1449 ut
2641 1406 3074 1451 contemnantur.
3108 1395 3274 1449 Nemo
3300 1407 3443 1451 certe
3468 1396 3639 1451 boans

2058 1490 2229 1542 malus
2246 1504 2366 1543 esse
2390 1488 2588 1543 studet.
2620 1488 2807 1543 Finem
2831 1506 2958 1559 ergo
2987 1488 3243 1543 faciamus
3267 1498 3478 1543 terrena
3502 1491 3640 1543 bona

2058 1581 2352 1651 quaarendi,
2397 1591 2449 1636 et
2476 1582 2711 1636 ctelestia
2742 1596 3067 1651 qurcramus.
3099 1580 3188 1635 Sic
3222 1582 3364 1634 enim
3397 1581 3481 1634 illa
3514 1597 3641 1635 con-

2060 1679 2211 1747 sequi
2256 1676 2582 1746 poterimus,
2627 1685 2680 1730 et
2722 1675 3063 1746 sempiternis
3108 1674 3313 1729 deliciis
3359 1673 3638 1741 fruemur,

2059 1774 2227 1839 gratia
2260 1780 2313 1823 et
2336 1770 2661 1838 benignitate
2695 1769 2904 1823 Domini
2932 1768 3099 1822 nostri
3126 1768 3250 1822 Jesu
3277 1767 3497 1828 Christi,
3525 1766 3643 1836 qni-

2059 1880 2179 1917 cum
2213 1864 2350 1918 Patri
2378 1875 2431 1918 et
2450 1862 2670 1933 Spiritui
2701 1870 2887 1916 sancto
2912 1861 3101 1931 gloria,
3126 1860 3426 1929 imperium,
3447 1859 3641 1926 honor,

2061 1973 2201 2011 nunc
2228 1964 2284 2010 et
2307 1970 2539 2015 semper,
2562 1965 2616 2007 et
2642 1953 2693 2006 in
2716 1952 2910 2006 smeula
2939 1951 3277 2006 szeculorum.
3308 1951 3499 2006 Amen.

384 2137 2932 2178 ,_____________________________——————

1781 2213 2122 2275 HOMlLlA
2164 2212 2245 2273 ΙΙ.

372 2377 502 2432 CAP.
538 2378 588 2431 l.
621 2391 676 2429 v.
699 2375 751 2430 5.
796 2372 944 2426 Finis
972 2380 1139 2425 autem
1164 2366 1402 2439 praecepti
1422 2373 1491 2419 est
1514 2365 1701 2418 caritas
1729 2378 1790 2415 ea:
1810 2360 1961 2414 corde

448 2488 576 2543 puro
602 2480 647 2524 et
682 2468 989 2524 conscientia
1029 2468 1157 2519 bona
1187 2476 1232 2519 et
1263 2463 1363 2531 [ide
1392 2478 1492 2514 non
1516 2460 1636 2528 ﬁcta
1668 2473 1686 2511 :
1714 2457 1768 2511 6.
1792 2472 1824 2508 a
1845 2455 1960 2525 qni-

449 2561 541 2615 bus
569 2561 775 2627 quidam
803 2560 1090 2611 aberrantes
1118 2554 1341 2609 conversi
1368 2558 1483 2605 sunt
1517 2550 1570 2602 in
1597 2545 1957 2613 vaniloquium,

448 2654 500 2706 7.
530 2652 749 2705 volentes
766 2666 870 2702 esse
898 2648 1020 2718 legis
1050 2647 1297 2707 doctores,
1326 2660 1427 2695 non
1448 2639 1779 2709 intelligentes
1807 2650 1963 2705 neque

445 2762 508 2799 ea
534 2758 646 2812 qua:
666 2742 859 2805 dicunt,
884 2755 1042 2809 neque
1071 2739 1133 2791 de
1167 2737 1345 2808 quibus
1373 2734 1642 2803 aﬂirmant.
1736 2728 1739 2735 ’

445 2837 498 2893 1.
532 2836 672 2891 Nihil
695 2836 765 2889 ita
794 2834 1027 2887 humano
1047 2830 1227 2901 generi
1251 2834 1491 2889 nocet,ut
1514 2821 1798 2876 amicitiam
1827 2833 1956 2871 con-

377 2940 636 2995 temnere,
672 2942 845 2996 neque
896 2925 1037 2980 illam
1070 2937 1189 2977 cum
1239 2934 1433 2989 magno
1480 2915 1655 2969 studio
1699 2927 1958 2966 servare:

376 3033 435 3078 ut
460 3030 645 3077 contra
677 3020 809 3075 nihil
852 3016 1103 3087 estquod
1145 3016 1216 3068 ita
1261 3022 1407 3067 recte
1445 3011 1607 3063 vitam
1651 3006 1863 3074 dirigat,
1904 3011 1963 3057 ut

377 3117 524 3170 illam
553 3115 680 3168 totis
719 3113 923 3166 viribus
963 3107 1211 3181 persequi
1247 3125 1260 3160 :
1292 3105 1435 3175 quod
1458 3103 1696 3157 indicans
1718 3099 1963 3154 Christus

376 3206 506 3261 dicit
535 3225 548 3261 :
586 3206 647 3261 Si
679 3205 780 3258 duo
805 3202 1145 3257 consenserint
1183 3201 1236 3252 in
1264 3200 1506 3268 idipsum,
1532 3192 1776 3263 quidquid
1802 3190 1962 3261 petie-

376 3300 478 3352 rint
510 3297 798 3367 accipient;
828 3303 882 3349 et
930 3307 1141 3355 rursus,
1172 3287 1297 3344 Cum
1334 3287 1660 3341 abundaverit
1687 3283 1925 3353 iniquitas
1944 3321 1961 3349 ,

378 3392 668 3463 refrigescet
693 3390 880 3441 caritas
907 3384 1118 3459 (Matth.
1150 3384 1235 3438 18.
1266 3381 1355 3437 19.
1388 3388 1433 3434 et
1456 3378 1547 3433 24.
1578 3379 1670 3447 15)
1701 3415 1711 3430 .

455 3481 690 3535 Ilwreses
739 3478 873 3533 unde
916 3487 1050 3531 natae
1091 3484 1228 3530 sunt.
1252 3472 1458 3527 ——lloc
1500 3483 1691 3524 omnes
1728 3468 1965 3521 haereses

378 3572 581 3643 genuit.
610 3571 742 3624 Cum
771 3569 912 3623 enim
940 3566 1135 3621 fratres
1162 3578 1288 3618 suos
1313 3576 1417 3617 non
1447 3568 1712 3621 amarent,
1746 3558 1810 3611 iis
1837 3560 1960 3610 eum

387 3666 524 3720 bene
547 3679 659 3717 rem
696 3670 947 3732 gererent
976 3657 1317 3719 invidebant;
1348 3671 1414 3709 ex
1446 3651 1643 3708 invidia
1670 3659 1848 3704 autem
1869 3647 1967 3702 do-

382 3754 688 3810 minationis
713 3752 994 3817 ambitum,
1013 3765 1079 3804 ex
1106 3743 1700 3803 dominationisambitu
1725 3741 1966 3794 ltmreses

380 3855 724 3918 pepererunt.
768 3844 894 3899 ldeo
940 3842 1138 3897 Paulus
1180 3855 1302 3895 cum
1327 3837 1571 3901 dixisset,
1609 3832 1677 3889 Ut
1701 3831 1964 3885 denunties

379 3940 676 4010 quibusdam
703 3955 801 3991 non
823 3935 971 3989 aliter
992 3936 1209 3997 docere;
1240 3930 1456 3985 modum
1486 3929 1537 3983 id
1568 3926 1758 3998 agendi
1784 3925 1968 3979 subin-

380 4037 542 4089 dicat.
573 4033 828 4101 Quisnam
856 4031 945 4085 ille
978 4028 1101 4083 est?
1133 4027 1358 4081 Caritas.
1388 4024 1537 4079 Sicut
1561 4036 1688 4090 ergo
1717 4034 1839 4075 cum
1882 4018 1965 4071 di-

382 4129 475 4194 cit,
506 4126 655 4181 Finis
682 4126 806 4196 legis
836 4122 1066 4177 Christus
1097 4120 1288 4189 (Rom.
1321 4116 1408 4171 10.
1438 4114 1542 4186 4);
1574 4113 1676 4169 hoc
1697 4121 1800 4175 est,
1829 4124 1969 4164 eom-

386 4222 748 4290 plemcntum;
784 4224 839 4271 et
868 4215 970 4270 hoc
997 4215 1101 4268 illis
1141 4212 1308 4266 hzeret
1338 4227 1352 4264 :
1378 4210 1450 4263 ita
1493 4214 1816 4279 praeceptum
1865 4202 1970 4257 hoc

385 4311 594 4365 caritati
626 4307 985 4378 conjungitur.
1018 4303 1292 4358 Medicinae
1326 4300 1447 4354 ﬁnis
1474 4299 1678 4352 sanitas
1706 4305 1787 4350 est
1818 4312 1831 4347 :
1866 4295 1969 4347 ita-

385 4420 491 4475 que
515 4418 635 4457 eum
657 4402 810 4456 adest
830 4399 1050 4463 sanitas,
1077 4414 1182 4451 non
1209 4395 1373 4450 multa
1401 4408 1537 4463 opus
1562 4399 1645 4446 est
1667 4388 1971 4453 curatione;

387 4505 443 4550 et
469 4510 588 4549 eum
617 4492 771 4548 adest
797 4492 995 4546 caritas
1020 4533 1033 4554 ,
1063 4503 1168 4542 non
1199 4486 1366 4541 multo
1392 4498 1526 4554 opus
1552 4490 1637 4537 est
1673 4489 1967 4551 praecepto.

388 4586 676 4640 Caritatem
706 4593 884 4637 autem
907 4596 1064 4652 quam
1097 4579 1262 4633 dicit?
1290 4577 1568 4632 Siueeram
1587 4590 1705 4644 quae
1728 4588 1834 4625 non
1851 4587 1973 4625 ver-

389 4677 576 4733 borum
607 4685 761 4730 tenus
787 4674 885 4738 sit,
914 4672 1008 4727 sed
1032 4687 1094 4726 ex
1127 4668 1322 4724 aﬂ‘ectu
1348 4676 1402 4722 et
1430 4667 1610 4720 animo
1638 4680 1700 4719 ac
1743 4662 1971 4718 commi-

391 4768 683 4833 seratione,
717 4766 797 4820 Ea:
825 4765 996 4831 corde,
1025 4762 1215 4833 inquit,
1246 4775 1408 4832 puro;
1437 4760 1552 4813 sive
1577 4773 1643 4811 ex
1674 4765 1823 4811 recta
1853 4770 1975 4808 con-

390 4864 712 4925 versatione,
751 4860 937 4929 inquit,
971 4868 1024 4913 et
1050 4859 1257 4911 sincera
1287 4852 1541 4907 amicitia.
1584 4849 1715 4904 Nam
1766 4850 1973 4917 impura

393 4968 607 5023 quoque
636 4952 741 5005 vita
765 4950 1052 5005 schismata
1098 4948 1280 5018 parit:
1310 4943 1488 4998 Omnis
1530 4942 1665 4997 enim
1709 4939 1795 5008 qui
1842 4939 1977 4990 mala

394 5057 654 5120 operatur,
685 5046 790 5099 odit
818 5046 977 5097 lucem
1002 5041 1179 5113 (Joan.
1206 5042 1259 5095 5.
1286 5038 1403 5109 20).
1430 5037 1568 5092 Sunt
1590 5035 1786 5105 quippe
1815 5033 1977 5087 etiam

396 5140 762 5210 improborum
792 5136 1073 5200 amicitiae;
1106 5148 1298 5202 nempe
1326 5132 1560 5185 latrones
1587 5137 1771 5183 amant
1811 5127 1979 5179 Iatro-

397 5250 534 5300 ncs,
583 5241 637 5287 et
686 5228 968 5286 homicidae
1010 5226 1310 5281 homicidas
1342 5244 1354 5278 :
1383 5233 1438 5278 at
1482 5223 1585 5277 hoc
1635 5236 1741 5276 non
1781 5229 1864 5275 est
1915 5234 1981 5273 ex

399 5322 728 5379 conscientia
754 5322 913 5386 bona,
946 5318 1039 5374 sed
1061 5334 1129 5373 ex
1156 5318 1292 5371 mala
1324 5332 1339 5381 ;
1368 5330 1541 5384 neque
1571 5328 1637 5367 ex
1667 5326 1798 5381 puro
1823 5353 1838 5376 ,
1887 5309 1983 5363 sed

403 5434 473 5473 ex
504 5418 713 5485 impuro
742 5412 935 5477 corde;
966 5426 1137 5482 neque
1166 5425 1234 5464 ex
1264 5408 1369 5463 fide
1414 5423 1520 5462 non
1573 5405 1691 5459 ficta
1718 5445 1732 5469 ,
1776 5403 1871 5457 sed
1916 5418 1984 5457 ex

401 5509 648 5563 simulata
681 5525 693 5559 :
724 5505 856 5560 fides
882 5505 1026 5559 enim
1053 5500 1195 5572 quod
1218 5514 1403 5555 verum
1426 5507 1510 5553 est
1534 5495 1770 5559 exhibet,
1799 5509 1864 5546 ex
1884 5490 1987 5545 fide

404 5610 582 5655 autem
634 5599 840 5651 sincera
890 5596 1085 5649 caritas
1136 5593 1413 5647 nascitur:
1452 5604 1574 5642 nam
1624 5586 1712 5655 qui
1764 5582 1889 5637 vere
1936 5583 1986 5635 in

404 5691 576 5746 Deum
609 5688 801 5751 credit,
831 5700 1122 5757 numquam
1146 5684 1215 5737 ab
1246 5697 1307 5737 ea
1337 5680 1565 5735 desistit.
1594 5678 1636 5730 A
1671 5675 1849 5746 quibus
1878 5673 1990 5743 qui-

406 5783 547 5846 dam,
575 5780 767 5849 inquit,
800 5779 1119 5842 aberrantes,
1150 5774 1373 5829 conversi
1400 5779 1515 5825 sunt
1543 5771 1595 5822 in
1622 5767 1984 5835 vaniloquium.

407 5875 572 5930 Recte
600 5873 697 5941 ait,
722 5871 1024 5927 Aberrantes
1049 5886 1068 5925 :
1101 5878 1217 5925 arte
1245 5866 1440 5939 quippe
1463 5876 1600 5933 opus
1629 5870 1731 5929 est,
1762 5868 1819 5914 ut
1841 5868 1985 5913 recte

2069 2359 2170 2413 tela
2199 2354 2512 2423 dirigantur,
2541 2361 2594 2405 et
2622 2366 2725 2405 non
2755 2349 2893 2403 ultra
2918 2362 3140 2419 sc0pum
3166 2365 3180 2414 ;
3211 2346 3279 2401 ita
3322 2356 3381 2400 ttt
3416 2360 3550 2416 opus
3577 2344 3651 2400 sit

2067 2458 2121 2503 ut
2163 2465 2193 2503 a
2240 2446 2441 2516 Spiritu
2485 2452 2787 2513 regantur:
2818 2441 2985 2495 multa
3030 2454 3262 2509 uanique
3304 2448 3428 2492 sunt
3459 2454 3578 2507 quae
3618 2453 3649 2489 a

2064 2553 2207 2599 recta
2239 2543 2321 2595 via
2351 2546 2631 2604 avertant,
2679 2546 2735 2591 et
2782 2535 2849 2589 ad
2896 2549 3059 2588 unum
3106 2546 3329 2601 scapum
3381 2531 3650 2598 respicere

2064 2644 2295 2704 oportet.
2337 2631 2594 2694 Volentes,
2625 2627 2818 2697 inquit,
2847 2642 2954 2680 esse
2996 2625 3119 2696 legis
3161 2624 3412 2676 doctores.
3459 2621 3645 2675 Viden‘

2065 2729 2223 2781 aliaat
2252 2738 2492 2785 causam,
2522 2736 2716 2789 nempe
2744 2717 3053 2775 dominandi
3080 2717 3337 2769 ambitum
3364 2717 3387 2769 ?
3426 2715 3547 2770 Ideo
3569 2715 3650 2767 di-

2064 2819 2218 2873 ccbat
2265 2816 2507 2871 Christus
2539 2832 2554 2869 :
2588 2812 2690 2866 Vos
2749 2821 2915 2864 autem
2970 2809 3218 2862 neminem
3264 2807 3444 2861 vocetis
3491 2805 3652 2859 ltabbi

2066 2909 2294 2980 (Matth.
2326 2909 2416 2962 25.
2451 2907 2514 2974 8)
2544 2924 2557 2971 ;
2590 2914 2645 2959 et
2674 2919 2885 2958 rursum
2923 2896 3213 2973 Apostolus
3237 2942 3251 2965 ,
3304 2898 3482 2970 Neque
3518 2901 3652 2952 enim

2066 3003 2164 3068 ipsi
2195 3002 2352 3071 legem
2379 2999 2695 3064 custodiunt,
2728 2996 2816 3050 sed
2843 3002 2896 3047 ut
2920 2994 2973 3047 in
2998 3002 3162 3047 vestra
3187 3008 3338 3045 carne
3374 2992 3652 3061 glorientur

2071 3094 2231 3165 (Cal.
2260 3093 2312 3146 6.
2348 3092 2415 3145 15
2439 3091 2478 3162 ).
2512 3089 2834 3159 Dignitatem
2864 3085 3139 3148 ambiunt,
3177 3085 3381 3152 inquit,
3429 3084 3651 3152 ideoque

2066 3185 2133 3240 ad
2158 3186 2432 3238 veritatem
2461 3197 2567 3236 non
2598 3179 2917 3250 respiciunt.
2944 3177 3066 3231 Non
3084 3178 3435 3247 intelligenles,
3458 3176 3648 3246 inquit,

2062 3293 2227 3346 neque
2253 3292 2313 3328 ea
2342 3290 2457 3341 quae
2482 3274 2683 3337 dicunt,
2714 3287 2876 3340 neque
2903 3270 2967 3323 de
3011 3269 3189 3336 quibus
3237 3270 3508 3338 aﬂirmant.
3558 3269 3654 3322 llic

2068 3367 2189 3422 illos
2214 3366 2547 3427 criminatur,
2579 3375 2637 3417 ut
2663 3364 2752 3432 qui
2780 3362 2912 3431 legis
2934 3376 3154 3428 scopum
3184 3360 3449 3429 ignorent,
3481 3376 3653 3429 neque

2068 3460 2134 3514 ad
2163 3459 2301 3529 quod
2322 3472 2491 3526 usque
2517 3466 2727 3524 tempus
2752 3455 2897 3507 illam
2916 3452 3181 3506 dominari
3206 3460 3494 3519 oporteret.
3518 3451 3655 3518 Quo-

2068 3550 2228 3606 modo
2257 3552 2431 3621 igitur,
2462 3549 2505 3601 si
2534 3564 2599 3602 ex
2625 3545 2919 3616 ignorantia
2946 3545 3055 3608 fiat,
3087 3543 3138 3597 id
3165 3553 3437 3612 peccatum
3459 3546 3654 3597 vocas?

2069 3642 2200 3709 Quia
2230 3659 2332 3697 non
2363 3640 2523 3694 modo
2551 3639 2691 3708 quod
2728 3638 2858 3707 legis
2883 3636 3132 3690 doctores
3159 3650 3278 3688 esse
3308 3634 3526 3697 vellent,
3559 3636 3652 3689 sed

2070 3736 2230 3791 etiam
2260 3733 2402 3801 quod
2432 3730 2708 3786 caritatem
2758 3746 2861 3783 non
2907 3727 3199 3793 haberent,
3245 3726 3294 3781 id
3340 3726 3650 3781 faciebant:

2071 3828 2305 3897 alioquin
2336 3827 2494 3878 etiam
2524 3823 2647 3877 hinc
2668 3823 2940 3876 oriebatur
2983 3820 3301 3889 ignorantia.
3351 3818 3481 3873 Nam
3532 3836 3652 3873 cum

2072 3924 2245 3977 anima
2277 3918 2528 3989 operibus
2558 3917 2736 3971 carnis
2765 3930 2885 3969 sese
2906 3913 3192 3978 dediderit,
3222 3912 3362 3965 illius
3387 3912 3529 3965 acies
3558 3913 3658 3966 he.

2072 4015 2282 4068 betatur
2317 4029 2330 4065 :
2362 4028 2390 4064 a
2418 4010 2640 4064 caritate
2668 4018 2845 4061 autem
2874 4006 3093 4075 delapsa
3118 4047 3133 4071 ,
3168 4005 3218 4058 in
3259 4004 3656 4058 contentionem

2072 4103 2269 4159 decidit
2297 4110 2351 4156 et
2379 4100 2573 4154 mentis
2592 4100 2779 4153 oculus
2805 4096 3103 4152 obturatur.
3142 4095 3272 4149 Nam
3316 4095 3406 4164 qui
3450 4094 3658 4163 cupidi-

2076 4206 2183 4249 tate
2211 4204 2676 4263 temporanearum
2721 4188 3075 4260 quarumdam
3121 4202 3301 4242 rerum
3346 4187 3656 4249 detinetur,

2075 4304 2139 4342 ex
2170 4288 2362 4342 affectu
2391 4285 2603 4347 ebrius,
2637 4283 2748 4337 veri
2791 4281 2952 4351 judex
3000 4280 3243 4334 sincerus
3286 4293 3408 4333 esse
3450 4277 3656 4347 nequit.

2079 4380 2362 4443 Nesciunt,
2396 4376 2601 4447 inquit,
2633 4375 2696 4427 de
2720 4373 2902 4444 quibus
2928 4372 3202 4442 affirmant.
3241 4370 3538 4425 Verisimile
3556 4386 3656 4423 au-

2079 4480 2183 4525 tem
2214 4481 2295 4523 est
2325 4469 2444 4522 illos
2466 4468 2534 4521 de
2564 4467 2680 4535 lege
2705 4465 2983 4533 loquentes
3004 4503 3019 4527 ,
3049 4462 3213 4515 multa
3241 4460 3306 4514 de
3332 4460 3662 4529 purgationi-

2079 4563 2179 4617 bus
2204 4561 2378 4631 deque
2407 4559 2526 4613 aliis
2556 4557 2720 4611 rebus
2758 4555 3034 4624 corporeis
3059 4554 3280 4607 dixisse.
3328 4553 3529 4607 Deinde
3576 4554 3664 4608 illa

2080 4653 2405 4721 redarguere
2429 4650 2705 4712 omittens,
2739 4657 2795 4700 ut
2821 4661 2941 4715 qua:
2971 4644 3105 4698 nihil
3135 4652 3316 4699 essent
3336 4686 3351 4709 ,
3402 4644 3505 4697 nisi
3543 4660 3665 4699 um-

2080 4745 2175 4799 bra
2204 4752 2260 4797 et
2285 4741 2555 4811 signacula
2585 4739 2938 4807 spiritualium
2962 4778 2975 4799 ,
3008 4735 3150 4805 quod
3181 4736 3381 4805 gratius
3409 4744 3525 4789 erat
3548 4774 3564 4800 ,
3612 4736 3665 4789 id

2082 4836 2407 4907 aggreditur.
2451 4833 2733 4901 Quodnam
2780 4830 2955 4883 illud?
3000 4828 3205 4882 Laudat
3244 4828 3414 4898 legem
3448 4846 3460 4880 :
3497 4827 3668 4898 legem

2083 4946 2213 4985 vero
2242 4928 2329 4982 hic
2355 4936 2511 4981 vocat
2534 4924 2869 4993 decalogum.
2904 4922 2983 4975 Ex
3002 4920 3103 4975 hoc
3132 4929 3311 4974 autent
3340 4919 3429 4973 illa
3456 4934 3671 4988 quoque

2086 5022 2290 5093 abjicit.
2318 5020 2450 5075 Nam
2481 5020 2526 5074 si
2558 5020 2672 5071 haec
2699 5017 2810 5086 ipsa
2848 5024 3274 5084 transgressores
3318 5013 3576 5082 puniunt,
3619 5022 3674 5065 et

2090 5114 2294 5169 inutilia
2325 5111 2478 5166 nobis
2506 5118 2669 5172 sunt;
2700 5106 2873 5161 multo
2899 5108 3070 5175 magis
3100 5104 3209 5159 illa.
3240 5105 3295 5159 8.
3329 5104 3536 5157 Scimus
3577 5118 3673 5154 au-

2090 5219 2188 5261 tem
2212 5248 2225 5270 ,
2256 5204 2426 5273 inquit
2444 5244 2459 5269 ,
2486 5202 2607 5270 quia
2636 5200 2768 5253 bona
2792 5207 2866 5251 est
2890 5198 2993 5259 lex,
3024 5197 3068 5249 si
3091 5196 3202 5265 quis
3230 5212 3291 5248 ea
3321 5193 3538 5262 legitime
3562 5202 3676 5243 uta-

2092 5298 2299 5353 tur:9.
2364 5298 2534 5353 sciens
2597 5293 2723 5356 hoc,
2775 5291 2894 5360 quia
2940 5289 3077 5359 justo
3130 5289 3213 5341 (ea:
3256 5302 3359 5338 non
3384 5294 3456 5338 est
3488 5286 3673 5352 posita.

2098 5394 2261 5451 Ilona,
2291 5389 2481 5457 inquit,
2512 5395 2616 5450 est,
2648 5393 2702 5438 et
2729 5400 2834 5438 non
2859 5383 3020 5436 bona.
3052 5380 3188 5447 Quid
3213 5395 3342 5433 vero
3367 5420 3382 5444 ,
3429 5376 3678 5446 inquies?

2095 5485 2138 5537 si
2166 5483 2283 5550 quis
2315 5496 2379 5534 ea
2409 5479 2643 5547 legitime
2668 5490 2771 5557 non
2798 5484 2976 5527 utatur
2995 5515 3009 5536 ,
3038 5488 3141 5525 non
3172 5481 3257 5525 est
3284 5471 3422 5525 bona
3441 5469 3466 5512 ν
3508 5471 3679 5522 Etiam

2097 5579 2173 5631 sic
2204 5586 2286 5629 est
2315 5575 2452 5629 bona
2486 5590 2497 5625 :
2532 5572 2625 5626 sed
2668 5570 2771 5625 hoe
2814 5569 2927 5623 vult
2971 5567 3277 5634 significare
3320 5584 3334 5620 :
3367 5580 3490 5619 eum
3536 5565 3679 5618 illam

2097 5667 2351 5737 operibus
2384 5664 2568 5733 implet
2595 5679 2607 5714 :
2638 5661 2769 5715 illud
2792 5660 2934 5714 enim
2956 5700 2971 5723 ,
2997 5659 3057 5712 Si
3085 5658 3199 5727 quis
3227 5674 3291 5712 ea
3315 5658 3535 5729 legitime
3564 5666 3680 5709 uta-

2100 5771 2202 5824 tur,
2233 5760 2333 5811 hoc
2361 5755 2644 5826 significat.
2671 5751 2805 5807 Cum
2832 5759 3010 5805 autem
3039 5750 3183 5804 illam
3214 5751 3368 5806 vobis
3413 5749 3639 5805 efferunt
3665 5788 3682 5815 ,

2103 5852 2354 5923 operibus
2384 5860 2563 5905 autem
2590 5843 3051 5920 transgrediuntur
3069 5886 3085 5916 ,
3114 5844 3214 5902 hoc
3242 5853 3325 5903 est
3353 5860 3459 5901 non
3502 5844 3679 5915 legiti-
