4090 6396
386 375 484 430 δη

386 508 472 543 me
494 489 565 543 uti
596 506 608 542 :
640 489 803 543 utitur
827 486 1043 560 quidem
1074 488 1160 544 hic
1181 505 1423 561 quoque,
1454 487 1548 544 sed
1575 504 1683 544 non
1713 486 1780 543 ad
1809 486 1953 541 utili-

388 590 550 637 tatem
572 596 749 636 suam.

457 672 591 745 Lege
615 673 866 743 quomodo
891 673 1387 728 utendum—Aliud
1416 682 1593 728 autem
1621 671 1724 727 dici
1758 679 1929 741 potest
1952 688 1966 725 :

388 764 547 833 quale
572 765 741 819 illud?
772 765 828 819 Si
860 767 1093 835 legitime
1120 767 1282 819 utaris
1312 765 1449 835 lege,
1481 773 1533 819 te
1563 763 1877 818 transmittit
1900 762 1967 816 ad

384 856 673 911 Christum.
705 856 836 911 Cum
866 858 1008 911 enim
1039 855 1174 927 legis
1199 871 1394 925 scopus
1423 856 1511 909 ille
1540 856 1610 909 sit
1634 864 1690 908 ut
1712 854 1969 925 justilicet

386 946 675 1013 hominem,
709 963 879 1017 neque
910 948 961 1002 id
994 948 1200 1017 possit,
1234 946 1549 1002 transmittit
1595 945 1663 999 ad
1712 960 1835 1000 eum
1875 945 1966 1014 qui

324 1067 328 1075 ι
382 1038 587 1111 possit.
604 1045 724 1098 Alio
749 1059 959 1113 quoque
985 1043 1144 1099 modo
1166 1044 1402 1115 legitime
1424 1046 1619 1098 utimur
1638 1045 1757 1114 lege
1780 1086 1794 1110 ,
1842 1060 1964 1099 cum

384 1134 527 1188 illam
581 1150 644 1190 ex
698 1150 888 1206 magna
940 1136 1431 1205 superabundantia
1479 1151 1775 1190 servamus.
1827 1136 1966 1205 Quid

380 1235 464 1280 est
492 1225 643 1293 illud,
674 1242 739 1281 ex
767 1226 1300 1296 superabundantia?
1338 1227 1489 1283 Sicut
1522 1227 1673 1283 freno
1722 1228 1966 1297 apposite

382 1321 547 1375 utitur
562 1335 748 1390 equus.
777 1335 882 1374 non
913 1320 1003 1390 qui
1031 1320 1231 1383 exsilit,
1259 1335 1360 1376 nec
1386 1321 1476 1391 qui
1500 1319 1727 1386 mordet,
1758 1320 1857 1395 sed
1872 1320 1963 1391 qui

379 1413 472 1468 illo
498 1413 563 1469 ad
589 1413 845 1469 decorum
867 1414 1071 1468 utitur:
1095 1414 1174 1469 sic
1203 1414 1321 1485 lege
1349 1416 1580 1485 legitime
1623 1416 1789 1469 utitur
1809 1454 1824 1480 ,
1872 1414 1965 1486 qui

380 1522 488 1561 non
515 1521 580 1562 ex
612 1506 777 1561 litera:
794 1507 1112 1562 necessitate
1130 1515 1490 1577 temperanter
1506 1508 1632 1579 agit.
1654 1509 1782 1576 Quis
1806 1523 1965 1578 porro

380 1598 468 1651 illa
499 1598 733 1667 legitime
760 1598 977 1653 utetur?
1004 1597 1105 1666 Qui
1136 1599 1281 1653 novit
1303 1614 1361 1653 se
1405 1598 1493 1653 illa
1543 1615 1650 1654 non
1702 1600 1959 1671 indigere.

379 1688 480 1753 Qui
507 1689 647 1742 enim
675 1704 741 1742 eo
769 1703 940 1758 usque
968 1689 1180 1744 virtutis
1209 1690 1493 1758 processit,
1519 1698 1580 1743 ut
1607 1705 1711 1744 non
1744 1700 1965 1759 propter

378 1780 496 1849 ejus
517 1790 716 1835 metum
748 1780 892 1834 illam
920 1781 1160 1850 impleat,
1191 1781 1284 1835 sed
1327 1793 1546 1852 propter
1586 1783 1753 1852 ipsam
1796 1784 1963 1839 virtu-

378 1882 507 1933 tem.
540 1872 585 1926 is
614 1873 848 1942 legitime
876 1882 933 1927 et
957 1888 1147 1928 secure
1168 1873 1258 1928 illa
1290 1881 1467 1928 utetur
1496 1890 1509 1925 :
1543 1876 1587 1928 si
1617 1875 1735 1943 quis
1763 1874 1855 1929 illa
1883 1876 1960 1929 sic

379 1973 575 2027 utatur,
607 1978 714 2017 non
740 1972 797 2017 ut
822 1964 963 2018 illam
987 1963 1201 2028 timens,
1225 1963 1318 2019 sed
1340 1965 1448 2020 illic
1464 1966 1683 2034 repositi
1712 1966 1958 2035 supplicii

375 2054 770 2109 damnationem
810 2064 935 2109 ante
979 2054 1163 2111 oculos
1206 2054 1432 2110 habens.
1482 2056 1730 2127 Alioquin
1780 2066 1958 2112 autem

376 2148 463 2202 hic
484 2147 686 2216 justum
717 2156 875 2203 vocat
904 2148 1171 2218 eum,-qui
1204 2148 1453 2204 virtutem
1480 2158 1713 2204 exercet.
1746 2148 1840 2204 llle
1863 2149 1958 2220 igi-

374 2246 464 2292 tur
492 2237 711 2308 pulchre
736 2237 855 2309 lege
881 2239 1068 2303 utitur,
1092 2239 1181 2308 qui
1202 2238 1270 2294 ab
1291 2238 1378 2293 illa
1416 2239 1620 2294 erudiri
1671 2255 1806 2309 opus
1851 2256 1956 2295 non

374 2330 555 2388 habet.

444 2423 500 2476 Ξ.
530 2422 993 2490 Quemadmodum
1034 2424 1179 2480 enim
1226 2424 1502 2480 literarum
1548 2426 1728 2495 apices
1776 2427 1958 2497 pueris

374 2524 744 2583 proponuntur
765 2531 779 2579 ;
804 2516 893 2585 qui
922 2525 1099 2570 autem
1132 2516 1184 2570 id
1209 2516 1413 2585 implet,
1437 2531 1542 2571 non
1573 2534 1640 2573 ex
1670 2518 1774 2573 illis
1795 2520 1958 2587 apici-

374 2608 496 2672 bus,
531 2607 624 2661 sed
650 2623 715 2662 ex
747 2608 865 2661 aliis
886 2649 900 2673 ,
930 2608 1190 2679 majorem
1219 2609 1379 2664 habet
1399 2610 1646 2680 peritiam
1672 2654 1688 2679 ,
1732 2613 1959 2668 melius-

373 2714 478 2769 que
508 2699 678 2753 literis
706 2699 872 2754 utitur
899 2716 914 2755 :
942 2702 1022 2755 sic
1046 2700 1138 2770 qui
1169 2701 1343 2771 legem
1369 2703 1739 2771 transcendit,
1771 2720 1877 2760 non
1924 2721 1956 2760 a

375 2793 493 2863 lege
521 2794 834 2848 instituitur.
867 2793 998 2848 Nam
1024 2794 1112 2863 qui
1138 2810 1247 2849 non
1272 2809 1338 2849 ex
1364 2804 1512 2849 metu
1554 2797 1696 2850 illam
1728 2797 1913 2867 implet
1936 2839 1955 2865 ,

374 2885 468 2939 sed
491 2901 554 2938 ex
580 2884 790 2938 virtutis
820 2884 1020 2950 studio,
1053 2884 1136 2940 hic
1159 2886 1389 2941 maxime
1411 2888 1580 2957 legem
1606 2888 1813 2958 implet.
1837 2890 1952 2944 Non

374 2977 515 3028 enim
551 2975 772 3043 perinde
803 2977 846 3029 is
874 2975 963 3044 qui
1003 2976 1325 3045 supplicium
1358 2976 1548 3042 timet,
1577 2988 1737 3049 atque
1782 2981 1828 3035 is
1865 2982 1954 3051 qui

373 3068 634 3122 honorem
661 3067 897 3136 appetit,
930 3068 1103 3137 legem
1134 3068 1351 3137 implet;
1384 3084 1483 3125 nec
1513 3071 1735 3140 perinde
1776 3073 1820 3127 is
1864 3073 1955 3143 qui

372 3160 471 3213 sub
495 3161 611 3229 lege
633 3169 734 3224 est,
768 3170 928 3229 atque
958 3162 1001 3216 is
1031 3161 1120 3230 qui
1147 3177 1306 3231 supra
1345 3162 1517 3232 legem
1562 3179 1576 3216 :
1624 3180 1747 3217 nam
1793 3181 1952 3235 supra

372 3253 541 3321 legem
569 3253 770 3317 vivere,
798 3264 881 3306 est
910 3269 972 3307 ea
1002 3254 1239 3323 legitime
1267 3256 1364 3309 uti.
1395 3255 1443 3310 ls
1469 3256 1615 3311 enim
1661 3257 1778 3327 lege
1820 3260 1955 3315 bene

373 3346 556 3410 utitur,
592 3345 867 3414 ipsamque
898 3346 1164 3413 custodit,
1196 3348 1290 3417 qui
1339 3348 1544 3418 majora
1568 3390 1584 3414 ,
1628 3366 1788 3420 quam
1836 3352 1948 3422 ipsa

369 3437 666 3505 pra-cipiat,
698 3436 900 3505 perlicit
928 3454 942 3501 ;
972 3437 1060 3505 qui
1087 3437 1153 3492 ab
1183 3438 1295 3507 ipsa
1318 3439 1516 3494 erudiri
1550 3455 1654 3497 non
1682 3441 1948 3510 dignatur.

370 3528 477 3582 Lex
507 3529 648 3583 enim
674 3539 729 3581 ut
750 3529 1036 3598 plurimum
1067 3531 1268 3585 scelera
1297 3531 1580 3601 prohibet;
1616 3534 1668 3589 id
1696 3551 1822 3591 vero
1846 3553 1951 3592 non

366 3620 569 3689 justum
598 3619 796 3686 efﬁcit,
827 3619 922 3674 sed
953 3620 1092 3675 bona
1120 3636 1303 3689 opera.
1337 3620 1521 3693 Itaque
1551 3624 1879 3695 quicumque
1922 3642 1950 3679 a

369 3713 525 3766 malis
553 3712 823 3766 abstinent
852 3721 907 3766 ut
938 3714 1101 3780 servi,
1135 3713 1191 3766 hi
1237 3712 1369 3783 legis
1416 3728 1638 3784 scopum
1687 3730 1795 3771 non
1849 3718 1953 3771 im-

368 3804 518 3873 plent
546 3820 558 3855 :
592 3802 713 3858 ideo
742 3803 884 3858 enim
917 3803 1006 3857 illa
1036 3804 1207 3873 posita
1236 3803 1354 3872 l'uit,
1385 3814 1444 3860 ut
1470 3807 1951 3877 transgressionem

370 3895 576 3965 puniat.
605 3893 962 3961 Quamobrem
1009 3894 1085 3948 illi
1125 3909 1337 3965 quoque
1378 3895 1497 3967 lege
1546 3905 1805 3963 utuntur,
1855 3899 1952 3954 sed

366 3986 491 4053 quia
518 3985 832 4052 supplicium
863 3985 1054 4039 timent
1087 4002 1100 4037 :
1134 3984 1380 4051 nam,Vis
1426 4003 1528 4039 non
1571 3988 1745 4042 timere
1781 3998 1952 4058 potes-

369 4080 571 4133 tatem?
599 4078 788 4148 inquit,
822 4079 906 4148 fac
933 4078 1118 4132 bonum
1149 4078 1167 4149 (
1191 4077 1342 4132 Rom.
1380 4080 1468 4135 l5.
1501 4080 1577 4151 '5)
1608 4096 1623 4134 :
1652 4096 1716 4136 ac
1743 4082 1788 4135 si
1834 4082 1955 4150 quis

366 4172 572 4227 diceret
602 4188 615 4224 :
649 4171 760 4225 Lex
788 4171 933 4226 enim
965 4171 1117 4225 malis
1147 4178 1353 4225 tantum
1390 4170 1711 4241 supplicium
1735 4171 1951 4227 denun-

369 4268 465 4320 tiat
485 4307 500 4331 ,
527 4265 577 4322 ei
603 4275 782 4321 autem
811 4266 900 4336 qui
925 4263 1141 4321 coronis
1162 4260 1325 4334 digna
1356 4273 1565 4335 patrat,
1594 4264 1811 4320 ubinam
1838 4266 1955 4319 uti-

371 4359 436 4413 lis
465 4359 553 4413 lex
578 4359 695 4413 est?
719 4358 860 4414 sicut
882 4365 937 4412 et
961 4356 1199 4413 medicus
1220 4356 1270 4412 ei
1298 4358 1391 4427 qui
1424 4357 1640 4412 saucius
1685 4357 1769 4412 vel
1810 4373 1953 4428 aeger

368 4462 485 4515 est,
512 4466 619 4505 non
644 4458 821 4505 autem
845 4449 895 4503 ei
917 4448 1008 4519 qui
1039 4447 1180 4503 bene
1208 4447 1391 4513 valet,
1419 4448 1568 4503 utilis
1595 4456 1700 4503 cst.
1750 4446 1952 4518 Iniquis

368 4554 558 4609 autent,
589 4543 781 4613 inquit,
806 4551 853 4596 et
880 4558 979 4595 non
1008 4539 1223 4595 subditis
1243 4582 1257 4606 ,
1291 4541 1461 4612 impiis
1486 4550 1535 4595 et
1584 4542 1947 4611 peccatoribus.

370 4636 585 4706 lniquos
608 4634 822 4690 ludteos
848 4642 1005 4688 vocat
1026 4632 1350 4702 eosdemque
1376 4647 1485 4688 non
1532 4631 1795 4687 subditos.
1845 4632 1955 4687 Lex

368 4729 500 4781 iram
545 4735 784 4795 operatur
812 4764 828 4789 ,
870 4724 1060 4793 inquit.
1102 4723 1215 4779 Hoc
1261 4731 1469 4794 spectat
1511 4738 1605 4779 eos
1634 4722 1725 4794 qui
1752 4723 1952 4777 malum

370 4827 679 4888 operantur.
708 4817 846 4885 Quid
877 4828 1056 4873 autem
1087 4817 1152 4871 ad
1174 4832 1298 4872 eum
1323 4858 1341 4883 ,
1373 4817 1465 4886 qui
1494 4816 1685 4885 dignus
1729 4825 1812 4870 cst
1850 4816 1950 4870 ho-

372 4909 541 4964 nore?
574 4908 673 4961 Per
701 4909 894 4978 legem,
920 4908 1124 4977 inquit,
1172 4909 1364 4977 peccati
1399 4908 1621 4977 cognitio
1655 4907 1673 4978 (
1701 4905 1850 4960 Rom.
1894 4907 1950 4961 '5.

369 5004 440 5058 20
461 5005 499 5073 ).
529 5001 667 5070 Quid
694 5000 795 5057 hoc
817 5000 881 5053 ad
907 5001 1153 5069 justum?
1182 4999 1349 5065 Justo,
1384 5000 1590 5068 inquit,
1623 5000 1707 5054 lea;
1729 5017 1829 5054 non
1857 5017 1950 5070 po-

369 5098 468 5150 sita
494 5105 585 5149 est.
619 5094 837 5161 Quare?
863 5093 999 5159 Quia
1024 5100 1179 5146 extra
1204 5092 1521 5161 supplicium
1552 5101 1634 5147 est
1656 5134 1672 5158 ,
1717 5108 1890 5161 neque
1920 5109 1950 5146 a

370 5190 488 5259 lit-ge
515 5202 633 5255 quae
660 5186 767 5240 sint
795 5182 1006 5254 agenda
1039 5182 1249 5237 discere
1297 5193 1604 5252 exspectat,
1645 5198 1767 5237 cum
1807 5182 1953 5237 intus

372 5281 565 5335 habeat
591 5277 881 5332 dictantem
913 5274 1141 5343 Spiritus
1188 5275 1434 5344 gratiam.
1474 5274 1588 5329 Lex
1635 5274 1779 5328 enim
1824 5273 1951 5329 data

368 5380 451 5425 est
480 5378 539 5425 ut
564 5378 710 5423 metu
738 5378 796 5423 et
822 5368 983 5421 minis
1020 5375 1393 5422 coerceantur.
1438 5365 1551 5419 Non
1592 5366 1754 5435 igitur
1799 5365 1953 5420 freno

371 5476 507 5530 opus
526 5468 610 5514 est
635 5457 1023 5527 obtemperauti
1051 5472 1211 5527 equo,
1237 5472 1408 5526 neque
1434 5456 1766 5511 institutione
1791 5457 1839 5510 ei
1863 5457 1954 5526 qui

372 5567 477 5605 non
509 5558 630 5621 eget
654 5548 965 5619 paedagogo.
988 5547 1191 5615 lniquis
1207 5558 1397 5614 autem,
1424 5548 1615 5616 inquit,
1642 5557 1689 5600 et
1714 5563 1816 5600 non
1836 5546 1955 5600 sub-

373 5644 512 5709 ditis,
544 5642 713 5713 impiis
739 5650 785 5696 et
812 5640 1179 5712 peccatoribus,
1210 5640 1465 5692 sceleratis
1494 5650 1541 5692 et
1571 5639 1949 5701 contaminatis,

375 5733 633 5806 putricidis
676 5743 723 5789 et
774 5732 1075 5788 matricidis.
1130 5732 1312 5802 Neque
1364 5730 1621 5786 hactenus
1667 5731 1948 5794 substitit,

376 5842 546 5900 neque
572 5835 785 5898 peccata
813 5825 985 5882 solum
1015 5824 1367 5892 memoravit;
1401 5825 1495 5882 sed
1537 5825 1707 5882 ctiam
1753 5841 1815 5881 ca
1860 5841 1953 5895 per

1124 371 1183 429 S.
1209 371 1486 431 JOANNIS
1512 369 1982 429 CHRYSOSTOMI
2017 369 2335 429 ARCHIEP.
2363 373 2891 435 CONSTANTINOP.

3551 389 3657 447 5ίῖ

2080 489 2287 556 species
2317 495 2621 558 recensuit,
2657 504 2716 550 ttt
2742 497 2875 569 legis
2914 501 3225 572 magisterio
3275 504 3537 574 pudorem
3574 510 3654 562 in-

2074 589 2298 635 cuteret.
2332 582 2533 640 Deinde
2558 596 2839 655 postquam
2868 606 2966 662 per
2989 596 3199 663 species
3224 610 3650 667 ennmeraverat,

2073 669 2141 724 de
2187 672 2418 729 vitandis
2443 674 2552 731 illis
2578 676 2732 741 dixit,
2762 679 2864 734 etsi
2905 698 2999 747 ea,
3033 699 3153 754 qua:
3194 685 3423 753 dixerat,
3468 705 3654 748 arcere

2072 770 2337 829 poterant.
2368 764 2448 820 De
2466 766 2784 837 quibusnam
2813 786 2941 842 ergo
2971 775 3084 830 haec
3106 776 3278 831 dicit?
3307 779 3383 833 De
3407 780 3605 836 Judaeis
3635 803 3648 837 :

2072 853 2143 907 illi
2172 856 2312 909 enim
2338 844 2393 911 et
2414 859 2685 927 patricidre
2708 872 2763 916 et
2782 865 3074 921 matricida:
3101 879 3273 933 erant,
3302 870 3378 924 illi
3402 874 3651 929 scelerati

2069 953 2124 998 et
2150 948 2496 1003 contaminati
2527 966 2543 1005 :
2575 949 2676 1007 hos
2701 954 2845 1008 enim
2879 955 3320 1014 subindicatcum
3352 962 3513 1031 dicit,
3542 963 3649 1016 Im-

2069 1038 2165 1107 piis
2194 1049 2240 1092 et
2265 1044 2630 1109 peccatoribus.
2669 1045 2801 1101 Cum
2835 1049 2973 1105 tales
2998 1066 3127 1121 ergo
3166 1053 3244 1107 illi
3283 1066 3465 1111 essent
3489 1099 3504 1124 ,
3557 1060 3644 1114 lex

2070 1131 2372 1187 necessario
2398 1131 2521 1188 data
2546 1134 2663 1190 fuit.
2699 1138 2792 1194 Dic
2814 1141 2954 1194 enim
2986 1142 3150 1208 mihi,
3179 1159 3356 1201 annon
3396 1147 3648 1218 frequen-

2071 1230 2152 1276 ter
2177 1221 2314 1277 idola
2344 1224 2680 1282 adorabant?
2705 1245 2883 1286 annon
2913 1232 3147 1305 Moysem
3178 1236 3518 1306 lapidarunt?
3545 1257 3645 1295 an—

2067 1327 2173 1368 non
2199 1324 2546 1385 cognatorum
2578 1320 2727 1375 cmde
2754 1338 2941 1378 manus
2967 1340 3152 1380 eorum
3182 1331 3647 1389 cruentabantur?

2066 1419 2242 1459 annon
2263 1416 2518 1479 perpetuo
2530 1409 2630 1466 hoc
2644 1411 2748 1468 illis
2767 1415 3090 1483 exprobrant
3109 1418 3385 1487 propheta:
3399 1421 3423 1475 ?
3436 1420 3647 1481 lis~vero

2064 1496 2152 1565 qui
2176 1498 2407 1553 caelestia
2434 1500 2878 1573 philosophantur
2904 1505 3019 1561 hmo
3034 1508 3323 1577 superﬂua.
3345 1509 3642 1583 Patricidis,

2064 1586 2255 1657 inquit,
2286 1598 2332 1643 et
2358 1592 2658 1659 matricidis,
2688 1595 2971 1661 homicidis,
2993 1598 3080 1653 l0.
3110 1601 3417 1671 fornicariis,
3444 1621 3645 1661 mascu-

2065 1679 2230 1733 lorum
2260 1681 2691 1751 concubitoribus,
2721 1686 3002 1757 plagiarit's,
3032 1690 3374 1759 mendacibus,
3401 1698 3640 1767 perjuris,

2062 1785 2108 1826 et
2135 1773 2177 1826 si
2205 1774 2327 1843 quid
2352 1775 2495 1827 aliud
2517 1791 2658 1829 sana:
2681 1777 2927 1833 doctrina:
2950 1780 3264 1837 adversatur.
3296 1783 3461 1840 Recte
3486 1787 3639 1855 dixit,

2065 1867 2223 1921 Same
2261 1867 2509 1923 doctrina:
2538 1884 2558 1923 :
2588 1870 2675 1925 illa
2723 1872 2865 1925 enim
2913 1875 3092 1928 omnia
3139 1889 3407 1947 corruptas
3447 1881 3641 1936 animat

2063 1958 2186 2012 vitia
2211 1968 2382 2014 erant.
2415 1960 2501 2014 ll.
2532 1959 2825 2015 Secundum
2857 1965 3195 2035 euangelium,
3225 1966 3427 2038 inquit,
3465 1971 3644 2041 gloria:

2062 2051 2193 2105 beati
2235 2051 2333 2105 Dei
2351 2092 2365 2117 ,
2394 2052 2528 2122 quod
2556 2054 2681 2107 mihi
2706 2055 2949 2109 traditum
2974 2066 3065 2112 est.
3096 2058 3278 2130 Itaque
3307 2076 3446 2117 nunc
3474 2064 3638 2121 etiam

2060 2142 2125 2196 ad
2150 2142 2611 2198 conﬁrmationem
2638 2146 2898 2215 evangelii
2929 2146 3014 2202 lex
3041 2151 3343 2205 necessaria
3373 2161 3487 2217 est;
3526 2169 3641 2211 cre-

2061 2231 2308 2287 dentibus
2335 2248 2462 2287 vero
2486 2250 2595 2289 non
2621 2244 2702 2291 est
2728 2250 2880 2306 Opus.
2916 2236 3271 2309 Evangelium
3305 2252 3482 2297 autem
3518 2245 3638 2314 glo-

2061 2325 2155 2378 riae
2184 2323 2311 2378 illud
2342 2332 2499 2379 vocat
2522 2365 2538 2392 ,
2572 2341 2679 2380 non
2703 2327 2864 2381 aliam
2890 2329 2958 2384 ob
2986 2344 3202 2385 causam
3228 2373 3246 2399 ,
3274 2333 3378 2388 nisi
3421 2347 3641 2406 pmpter

2060 2430 2154 2469 eos
2179 2415 2266 2484 qui
2293 2415 2361 2471 de
2389 2419 2895 2489 persequutionibus
2933 2434 2989 2477 et
3032 2423 3101 2478 de
3144 2424 3343 2481 Christi
3388 2430 3640 2498 passione

2059 2507 2397 2561 erubescunt.
2429 2506 2593 2578 Igitur
2623 2518 2729 2564 tum
2758 2523 2975 2581 propter
3003 2514 3125 2579 alia,
3151 2525 3258 2570 tum
3282 2528 3500 2588 propter
3526 2520 3640 2576 haec

2059 2599 2392 2669 evangelium
2414 2602 2598 2671 gloria:
2620 2601 2773 2667 dixit,
2802 2605 3090 2661 ostendens
3119 2607 3313 2664 Christi
3336 2612 3638 2681 passionem

2059 2706 2179 2746 esse
2203 2692 2424 2762 gloriam
2446 2732 2463 2759 ,
2494 2694 2581 2749 vel
2613 2696 2772 2750 etiam
2801 2697 2971 2752 futura
3003 2699 3322 2756 subindicat.
3365 2702 3498 2758 Nam
3538 2705 3639 2761 etsi

2060 2783 2343 2852 praesentia
2372 2786 2706 2855 turpitudine
2732 2796 2788 2842 et
2833 2790 3136 2859 opprobriis
3179 2791 3332 2861 plena
3382 2801 3539 2861 sunt,
3584 2803 3641 2851 at

2058 2874 2235 2931 futura
2262 2892 2371 2931 non
2400 2887 2524 2933 sunt
2554 2879 2858 2949 hujusmodi
2892 2899 2908 2938 :
2934 2884 3265 2954 evangelium
3296 2896 3473 2941 autem
3502 2890 3641 2942 futu-

2059 2986 2241 3027 rorum
2265 2979 2368 3038 est,
2398 2988 2504 3027 non
2533 2975 2905 3043 praesentium.
2929 2976 3037 3030 Cur
3066 2993 3193 3045 ergo
3220 2977 3350 3033 dicit
3372 2980 3591 3049 angelus
3621 2998 3637 3037 :

2060 3062 2192 3117 Ecce
2212 3064 2497 3134 evangelizo
2525 3065 2705 3132 vobis,
2736 3067 2853 3135 quia
2900 3076 3047 3121 natus
3093 3078 3165 3122 est
3211 3068 3349 3124 vobis
3402 3070 3639 3125 Salvator

2058 3156 2222 3227 (Luc.
2252 3156 2307 3212 2.
2341 3157 2480 3229 10)?
2508 3157 2641 3226 Quia
2668 3169 2821 3214 natus
2852 3158 3096 3216 Salvator
3122 3161 3329 3219 futurus
3357 3178 3474 3220 erat
3502 3183 3515 3219 :
3545 3182 3639 3222 ne-

2057 3264 2161 3319 que
2185 3249 2326 3304 enim
2347 3249 2525 3305 statim
2548 3260 2707 3320 atque
2732 3260 2885 3306 natus
2907 3262 3007 3316 est,
3036 3253 3185 3322 signa
3210 3254 3394 3309 edidit.
3438 3256 3636 3311 Secun-

2058 3340 2180 3393 dum
2206 3340 2544 3409 evangelium,
2571 3340 2762 3409 inquit,
2787 3341 2965 3412 gloria:
2989 3341 3123 3395 beati
3149 3342 3263 3398 Dei.
3293 3344 3482 3400 Gloriae
3509 3363 3529 3401 :
3554 3348 3638 3403 vel

2038 3418 2255 3485 lcultum
2276 3431 2370 3485 Dei
2389 3430 2539 3499 dicit,
2562 3433 2645 3487 vel
2672 3432 2872 3488 iudicat
2898 3434 2940 3489 si
2971 3436 3249 3503 praesentia
3277 3438 3455 3493 omnia
3482 3439 3638 3509 plena

2057 3530 2181 3576 sunt
2202 3522 2320 3591 ejus
2337 3522 2526 3593 gloria,
2557 3524 2723 3578 multo
2744 3524 2913 3595 magis
2939 3524 3150 3581 futura:
3181 3527 3313 3582 Cum
3343 3530 3499 3600 positi
3522 3531 3636 3586 lue-

2057 3613 2183 3679 rint,
2216 3611 2404 3683 inquit,
2434 3613 2637 3669 inimici
2669 3615 2785 3684 ejus
2811 3616 2910 3670 sub
2936 3616 3159 3687 pedibus
3184 3618 3331 3688 ejus;
3361 3636 3479 3675 cum
3503 3622 3636 3678 nihil

2057 3703 2155 3773 ipsi
2178 3702 2545 3759 adversabitur
2563 3721 2576 3769 ;
2596 3720 2717 3759 cum
2733 3705 2965 3762 viderint
2979 3707 3107 3777 justi
3133 3707 3440 3765 beatissima
3459 3715 3638 3769 omnia

2056 3793 2168 3859 illa,
2197 3810 2315 3864 quae
2346 3809 2444 3850 nec
2470 3795 2661 3851 oculus
2687 3795 2840 3863 vidit,
2874 3812 2973 3853 nec
2999 3798 3145 3854 auris
3165 3799 3403 3870 audivit,
3436 3818 3537 3859 nec
3578 3803 3638 3860 in

2056 3900 2151 3941 cor
2176 3884 2409 3941 hominis
2430 3887 2806 3943 ascenderunt.
2850 3888 2972 3944 Volo
3000 3891 3143 3946 enim
3167 3932 3185 3959 ,
3227 3894 3434 3964 inquit,
3475 3905 3529 3949 ut
3553 3898 3638 3951 ubi

2056 3994 2145 4049 ego
2183 3996 2295 4033 sum
2315 4020 2329 4044 ,
2364 3988 2409 4034 et
2434 3980 2511 4034 illi
2532 3982 2633 4034 sint
2656 4023 2671 4048 ,
2700 3992 2754 4034 ut
2779 3983 2981 4037 videant
3000 3983 3220 4055 gloriam
3248 4003 3448 4057 meam,
3484 4006 3639 4058 quant

2057 4070 2243 4126 dedisti
2269 4073 2395 4126 mihi
2427 4072 2616 4142 (Ioan.
2653 4075 2737 4130 l7.
2766 4075 2837 4130 24
2857 4075 2899 4146 ).

2139 4162 2268 4217 Vera
2290 4164 2455 4235 gloria
2482 4182 2734 4234 quantum.
2757 4197 2828 4207 —
2852 4152 3131 4224 Discamus
3158 4183 3289 4241 ergo
3328 4170 3543 4243 quinam
3579 4171 3636 4228 hi

2057 4266 2203 4323 sunt,
2231 4266 2285 4311 et
2312 4258 2497 4313 beatos
2524 4259 2644 4315 illos
2665 4260 3023 4330 praedicemus
3042 4302 3057 4327 ,
3088 4263 3384 4333 cogitantes
3424 4266 3637 4336 quantis

2057 4348 2135 4402 illi
2166 4348 2373 4403 lruituri
2403 4350 2511 4405 sint
2535 4351 2689 4405 bonis
2713 4391 2729 4418 ,
2757 4363 2969 4421 quantae
2992 4353 3211 4424 glorize,
3253 4364 3467 4425 quantae
3504 4356 3640 4412 lucis

2057 4442 2345 4510 participes
2387 4442 2552 4498 l'uturi
2590 4444 2717 4499 sint.
2760 4444 3006 4501 Praesens
3026 4447 3221 4518 quippe
3246 4449 3417 4518 gloria
3444 4450 3638 4505 nullius

2057 4533 2215 4602 pretii
2243 4542 2327 4588 est
2346 4543 2400 4589 et
2426 4535 2734 4591 instabilis:
2760 4537 2803 4591 si
2827 4548 3039 4593 maneat
3062 4579 3077 4600 ,
3105 4539 3171 4593 ad
3199 4550 3424 4596 mortem
3472 4556 3641 4612 usque

2059 4636 2263 4681 tantum
2294 4637 2493 4694 manet,
2522 4644 2583 4684 ac
2611 4629 2804 4686 deinde
2829 4632 3075 4702 protinus
3102 4634 3459 4705 exstinguitur
3490 4653 3504 4687 :
3533 4634 3642 4690 Ne-

2057 4734 2150 4786 que
2172 4718 2312 4772 enim
2342 4719 2605 4774 descendet
2630 4736 2745 4775 cum
2768 4737 2825 4776 eo
2849 4723 3013 4793 gloria
3042 4725 3153 4795 ejus
3185 4723 3359 4795 (Psal.
3394 4726 3485 4782 48.
3521 4727 3638 4797 l8).

2058 4812 2273 4882 inquit:
2307 4814 2565 4882 plurimos
2592 4824 2774 4870 autem
2799 4816 2885 4871 hic
2932 4832 3107 4887 neque
3149 4817 3215 4872 ad
3264 4816 3425 4873 linem
3474 4836 3644 4890 usque

2058 4905 2362 4960 comitatur.
2392 4905 2465 4960 De
2487 4906 2575 4959 illa
2604 4922 2732 4963 vero
2766 4907 2937 4978 gloria
2976 4910 3105 4962 nihil
3133 4910 3236 4963 tale
3262 4910 3523 4981 suspicari
3568 4913 3644 4967 li-

2059 5004 2176 5060 cet;
2207 4996 2299 5049 sed
2326 4997 2561 5051 manebit
2590 4998 2680 5051 illa
2706 5038 2722 5061 ,
2767 5013 2868 5052 nec
2912 5014 3163 5069 umquam
3203 5002 3361 5055 linem
3405 5001 3643 5062 habebit.

2060 5085 2205 5140 Talia
2239 5095 2415 5140 autem
2446 5095 2600 5141 erunt
2625 5087 2713 5142 illa
2738 5104 2857 5158 qua:
2888 5088 2982 5143 Dei
3004 5099 3151 5152 sunt,
3183 5090 3356 5157 lirtna,
3386 5108 3484 5147 nec
3529 5110 3648 5147 mu—

2061 5177 2248 5232 tationi
2275 5193 2373 5233 nec
2404 5177 2493 5231 ﬁni
2522 5178 2771 5234 obnoxia.
2798 5179 2914 5234 Non
2940 5181 3085 5237 enim
3111 5181 3200 5236 illa
3228 5182 3399 5252 gloria
3416 5184 3484 5238 ab
3504 5193 3648 5239 exte-

2061 5269 2323 5336 rioribus,
2352 5269 2446 5324 sed
2492 5269 2560 5323 ab
2610 5270 2952 5327 interioribus
2988 5282 3169 5328 manat
3198 5291 3211 5326 :
3244 5275 3391 5330 verbi
3440 5275 3645 5346 gratia,

2062 5378 2168 5417 non
2199 5376 2229 5414 a
2252 5363 2577 5430 sutnptuosis
2606 5363 2842 5417 vestibus
2867 5404 2882 5428 ,
2910 5380 3016 5420 non
3043 5380 3073 5419 a
3100 5365 3420 5421 famulorum
3464 5367 3649 5421 multi-

2064 5454 2269 5517 tudine,
2300 5469 2404 5507 non
2432 5468 2462 5506 a
2491 5454 2760 5518 curribus,
2790 5454 2960 5524 gloria
2988 5455 3078 5510 illa
3116 5456 3255 5523 erit;
3304 5458 3396 5512 sed
3447 5458 3652 5528 absque

2066 5545 2170 5599 illis
2198 5545 2277 5598 vir
2298 5544 2467 5615 gloria
2495 5545 2848 5601 circumlluet.
2873 5546 3026 5601 Nunc
3054 5547 3221 5613 enim,
3245 5549 3287 5603 si
3315 5549 3427 5604 inec
3450 5549 3648 5614 ahsint,

2065 5638 2233 5707 gloria
2262 5653 2459 5691 vacuus
2484 5638 2607 5703 erit,
2642 5639 2748 5694 illic
2779 5654 2910 5694 vero
2941 5655 3117 5695 secus.
3146 5641 3203 5696 ln
3232 5640 3439 5698 balneis
3477 5644 3656 5699 nudos

2069 5729 2310 5783 videmus
2331 5730 2505 5785 claros
2530 5732 2687 5785 simul
2707 5739 2761 5786 ct
2782 5731 2976 5785 nullius
2997 5733 3154 5804 pretii
3172 5733 3335 5798 viros,
3361 5734 3467 5790 imo
3490 5734 3655 5789 etiam

2072 5822 2241 5880 malos
2270 5821 2326 5877 lu
2343 5821 2456 5879 loro
2474 5833 2651 5880 autem
2669 5838 2810 5895 s-rpc
2823 5822 3017 5882 divites
3035 5824 3185 5882 multi
3201 5825 3484 5898 periclitati
3506 5828 3661 5889 sunt,
