4090 6396
272 432 324 537 '1

386 362 487 423 5H

455 477 614 531 Ἐστι
644 474 738 529 καὶ
764 471 892 527 ἀλλο
919 471 1054 545 πρὸς
1078 469 1252 539 τούτῳ
1272 470 1467 523 εἰπεῖν.
1491 468 1647 521 Ποῖον
1674 467 1738 536 δὴ
1757 466 1936 530 τοῦτο;

384 557 510 617 Οίον
539 558 634 613 ἐὰν
664 558 906 628 νομίμως
946 558 1125 627 χρήσῃ
1154 554 1234 626 τῷ
1279 554 1452 624 νόμῳ,
1488 551 1848 622 παραπέμπει
1880 565 1941 601 σε

386 642 523 713 πρὸς
555 641 646 694 τὸν
697 638 953 711 Χριστόν.
1007 640 1176 693 Ὅταν
1214 636 1322 708 γὰρ
1371 634 1537 691 αὐτοῦ
1593 628 1946 704 ποπὸςῇδι-

385 724 734 779 καιῶσαιτόν
770 722 1072 793 ἄνθρωπον,
1105 720 1178 791 μὴ
1209 720 1428 788 δύνηται
1465 719 1543 782 δὲ,
1584 716 1945 787 παραπέμπει

383 806 524 877 πρὸς
540 806 631 859 τὸν
654 805 970 875 δυνάμενον.
988 804 1098 858 Καὶ
1119 803 1292 866 ἄλλως
1306 802 1364 855 66
1376 801 1620 871 νομίμως
1639 797 1943 869 χρήσασθαι

383 889 463 958 τῷ
504 889 653 959 νόμῳ
690 887 860 953 ἔστιν,
884 888 1012 941 ὅταν
1042 890 1106 941 ἐκ
1128 887 1327 954 πολλῆς
1350 884 1512 940 αὐτὸν
1538 883 1811 953 φυλάττῃς
1845 880 1945 950 τῆς

383 972 724 1044 περιουσίας.
786 972 852 1025 Τί
908 972 965 1026 δέ
1005 968 1183 1035 ἐστιν,
1238 973 1303 1025 ἐκ
1350 967 1707 1041 περιουσίαςς
1736 967 1946 1035 Ὥσπερ

384 1054 463 1124 τῷ
487 1054 703 1126 χαλινῷ,
736 1056 920 1125 φησὶν,
952 1054 1222 1117 εὐτάκτως
1267 1052 1556 1124 κέχρηται,
1594 1051 1692 1120 οὐχ
1723 1050 1752 1103 6
1797 1066 1947 1115 σκιρο

383 1138 493 1191 τῶν
547 1138 713 1201 ἵππος
740 1178 757 1203 ,
798 1137 904 1190 οὐδ’
944 1139 972 1191 6
1026 1136 1263 1200 δάκνων,
1308 1135 1421 1188 ἀλλ’
1465 1134 1495 1187 6
1549 1132 1735 1195 ἁπλῶς
1784 1131 1947 1185 αὑτὸν

385 1220 765 1291 περικείμενος
829 1221 1104 1291 σχήματος
1160 1219 1345 1272 ἐνεκεν
1386 1234 1403 1248 ·
1453 1216 1597 1270 οὕτω
1646 1214 1745 1269 καὶ
1795 1214 1947 1284 νόμῳ

384 1303 631 1373 νομίμως
668 1303 917 1373 χρῆταιό
945 1301 1021 1373 μὴ
1064 1301 1151 1355 διὰ
1188 1300 1287 1371 τὴν
1340 1300 1405 1352 ἐκ
1450 1299 1558 1352 τῶν
1598 1296 1946 1367 γραμμάτων

385 1386 630 1455 ἀνάγκην
681 1385 994 1456 σωφρονῶν.
1039 1384 1134 1447 Τίς
1165 1382 1222 1435 δέ
1265 1380 1415 1451 αύτῷ
1460 1380 1706 1450 νομίμως
1748 1380 1948 1449 χρήσει

386 1483 516 1534 ται;
574 1469 631 1521 Ὀ
691 1467 864 1533 εἰδὼς,
911 1469 994 1522 ὅτι
1043 1468 1104 1521 06
1130 1466 1301 1520 δεῖται
1343 1464 1529 1520 αὐτοῦ.
1572 1463 1631 1516 Ὁ
1659 1462 1769 1533 γὰρ
1811 1461 1947 1531 πρὸς

382 1550 635 1604 τοσοῦτον
693 1546 894 1622 ἀρετῆς
935 1549 1173 1618 φθάσας.
1217 1548 1359 1603 ὥστε
1410 1546 1486 1617 μὴ
1531 1545 1618 1599 διὰ
1656 1544 1748 1597 τὸν
1804 1543 1948 1596 ἐκεί-

386 1649 481 1686 νου
537 1631 701 1702 φόϐον
746 1632 909 1685 αύτὺν
954 1629 1250 1704 κατορθοῦν
1270 1671 1286 1697 ,
1338 1628 1475 1684 ἀλλά
1521 1626 1610 1681 6:6
1651 1624 1802 1700 [557]
1848 1625 1949 1694 τὴν

268 1740 274 1751 ~
387 1715 609 1787 ἀρετὴν,
658 1709 811 1778 οὗτος
847 1714 1092 1786 νομίμως
1123 1713 1321 1785 χρῆται
1363 1709 1509 1781 αὐτῷ
1532 1710 1626 1763 καὶ
1656 1707 1947 1777 ἀσφαλῶςο

385 1800 483 1852 ἐάν
507 1816 589 1862 τις
614 1797 763 1869 αύτῷ
798 1797 939 1850 οὕτω
965 1799 1182 1869 χρῆται,
1214 1796 1290 1859 ὡς
1319 1794 1393 1866 μὴ
1416 1792 1744 1864 φοϐούμενος
1765 1790 1947 1855 αὑτὸν,

387 1882 525 1937 ἀλλὰ
554 1884 654 1953 τῆς
697 1883 813 1935 ἐκεῖ
848 1880 1118 1952 τιμωρίας
1148 1879 1408 1950 κειμένης
1434 1876 1633 1945 μᾶλλον
1652 1873 1751 1946 τὴν
1780 1871 1951 1927 κατά-

386 1981 588 2034 γνωσιν
620 1964 760 2035 ἔχων
786 1963 893 2035 7:96
943 1961 1260 2033 ὀφθαλμῶν.
1302 1961 1415 2016 Καὶ
1445 1959 1619 2022 ἄλλως
1645 1957 1705 2012 δὲ
1744 1956 1952 2011 δίκαιον

388 2047 623 2101 ἐνταῦθα
650 2046 807 2101 καλεῖ
844 2045 937 2100 τὸν
976 2043 1374 2115 κατωρθωκότα
1393 2042 1493 2114 τὴν
1514 2042 1733 2112 ἀρετήν.
1779 2040 1952 2094 Ἐκεῖ-

386 2149 478 2194 νος
507 2131 685 2186 τοίνυν
712 2129 977 2201 κέχρηται
1004 2128 1082 2199 τῷ
1108 2128 1258 2200 νόμῳ
1287 2125 1489 2192 καλῶς,
1515 2127 1545 2180 ό
1575 2125 1651 2196 μὴ
1680 2122 1951 2191 καταξιῶν

387 2214 483 2268 ἀπ’
509 2213 674 2267 αὑτοῦ
706 2210 1078 2266 παιδεύεσθαι.

462 2295 704 2366 β¹.”Ωσπε
711 2313 742 2366 ρ
757 2295 866 2366 769
888 2296 943 2347 αἱ
963 2292 1185 2362 στιγμαί
1198 2290 1305 2345 τῶν
1322 2290 1663 2362 γραμμάτων
1675 2292 1784 2354 τοῖς
1800 2288 1954 2344 παισὶ

388 2383 614 2443 κεῖνται,
630 2379 658 2430 6
687 2378 744 2431 66
766 2378 832 2431 :6
851 2378 945 2430 ἀπ’
973 2375 1152 2429 αὐτῶν
1180 2373 1406 2445 πληρῶν
1430 2374 1505 2444 μὴ
1526 2372 1588 2438 ἐξ
1615 2372 1811 2437 αὐτῶν,
1836 2372 1953 2425 ἀλλ’

388 2461 445 2525 ἐξ
478 2460 699 2530 ἐτέρων,
733 2459 978 2530 μείζονος
1002 2457 1314 2527 ἐπιστήμης
1346 2456 1412 2509 ἂν
1438 2456 1525 2524 είη
1559 2454 1956 2526 ἐμπειρος,καὶ

388 2547 632 2613 κρεῖττον
656 2543 854 2612 μᾶλλον
883 2542 1150 2612 κέχρηται
1186 2544 1298 2604 τοῖς
1321 2540 1644 2611 γράμμασιν
1671 2556 1685 2570 ·
1722 2538 1896 2601 οὕτως
1925 2540 1955 2593 6

389 2626 528 2698 67:69
562 2626 654 2679 τὸν
680 2627 866 2697 νόμον,
901 2627 960 2677 06
993 2624 1422 2692 παιδαγωγεῖται
1450 2622 1528 2693 τῷ
1554 2625 1724 2695 νόμῳ.
1761 2625 1820 2677 '0
1847 2622 1955 2694 769

390 2710 466 2780 μὴ
497 2710 604 2762 ἀπὸ
630 2708 722 2763 τοῦ
757 2707 923 2780 φόϐου
956 2707 1117 2760 αὐτὸν
1146 2705 1391 2776 πληρῶν,
1418 2705 1532 2759 ἀλλ’
1562 2706 1671 2760 67:6
1694 2708 1790 2778 τῆς
1814 2707 1957 2759 κατὰ

386 2793 486 2862 τὴν
517 2793 720 2864 ἀρετὴν
748 2790 1067 2862 ἐπιθυμίας,
1096 2790 1358 2854 πλειόνως
1372 2785 1525 2854 06:0;
1548 2790 1780 2860 μάλιστα
1796 2789 1956 2843 αὑτὸν

389 2875 661 2946 κατορθοῖ.
695 2875 769 2928 06
795 2875 904 2945 769
929 2873 1127 2944 ὁμοίως
1172 2874 1200 2926 6
1232 2874 1453 2926 κόλασιν
1496 2872 1769 2936 δεδοικὼς,
1806 2873 1899 2926 καὶ
1929 2875 1957 2925 6

387 2963 554 3033 τιμῆς
580 2961 871 3030 ἐφιέμενος
897 2958 987 3012 τὸν
1007 2958 1171 3028 νόμον
1197 2957 1399 3028 πληροῖ
1417 2974 1429 2988 ο
1455 2958 1554 3027 οὐχ
1582 2958 1778 3027 ὁμοίως
1804 2959 1833 3009 6
1854 2957 1956 3009 67:6

387 3045 477 3099 τὸν
498 3046 660 3114 νόμον
691 3045 786 3109 ὢν,
815 3045 910 3097 καὶ
934 3045 962 3095 6
990 3042 1127 3113 67:69
1159 3042 1250 3095 τὸν
1280 3041 1472 3110 νόμον’
1499 3040 1559 3093 τὸ
1580 3040 1688 3109 γάρ
1715 3040 1853 3110 ὑπὲρ
1880 3039 1957 3093 νό-

393 3147 492 3199 μον
533 3130 717 3199 ζῆσαι,
748 3127 905 3181 τοῦτό
933 3129 1051 3180 ἐστι
1079 3125 1324 3195 νομίμως
1350 3122 1603 3195 χρῆσθαι.
1646 3124 1815 3193 Νόμῳ
1849 3122 1956 3192 γὰρ

388 3215 594 3277 ἐκεῖνος
623 3213 820 3283 χρῆται
850 3210 1030 3275 καλῶς
1080 3209 1174 3264 καὶ
1216 3207 1495 3278 φυλάττει,
1530 3208 1558 3260 6
1607 3206 1829 3277 μείζονα
1861 3204 1953 3258 τοῦ

388 3299 553 3368 νόμου
588 3296 902 3366 κατορθῶν,
934 3296 964 3347 6
1012 3294 1086 3365 μὴ
1126 3292 1398 3357 καταξιῶν
1449 3289 1741 3358 παιδευτὴν
1789 3288 1953 3342 αὑτὸν

391 3382 551 3451 ἔχειν.
577 3380 634 3432 '0
662 3378 770 3448 769
790 3378 971 3447 νόμος.
1001 3376 1076 3439 ὡς
1104 3374 1172 3429 :6
1200 3373 1389 3437 πολλὰ,
1428 3373 1617 3426 κακῶν
1650 3372 1958 3441 ἀπαγόρευ-

393 3465 477 3527 σίς
510 3465 660 3515 ἐστι·
686 3462 891 3513 δίκαιον
918 3459 975 3511 66
1008 3459 1069 3511 06
1103 3461 1248 3511 ποιεῖ
1275 3456 1454 3523 τοῦτο,
1473 3455 1610 3509 ἀλλά
1629 3456 1722 3509 καὶ
1738 3454 1958 3523 ἀγαθῶν

393 3545 642 3618 ἐργασία.
681 3545 842 3596 Ὥστε
874 3544 986 3596 ὅσοι
1013 3541 1201 3595 κακῶν
1230 3540 1525 3610 ἀπέχονται
1558 3539 1633 3602 ὡς
1653 3538 1847 3599 δοῦλοι,
1866 3531 1958 3591 06-

391 3649 475 3684 :0:
523 3631 583 3683 06
633 3626 929 3698 πληροῦσιν
970 3625 1136 3679 αύτοῦ
1160 3626 1252 3676 τὸν
1282 3623 1481 3676 σκοπόν
1505 3636 1519 3650 °
1557 3620 1645 3675 6:6
1670 3625 1778 3691 769
1802 3620 1961 3673 τοῦτο

395 3716 588 3779 κεῖται,
620 3712 705 3763 ἵνα
728 3708 1041 3779 παράϐασιν
1072 3706 1296 3776 κολάζῃ.
1333 3707 1493 3758 Ὥστε
1517 3704 1612 3758 καὶ
1641 3704 1837 3756 ἐκεῖνοι
1866 3704 1959 3755 κέ-

392 3815 619 3869 χρηνται
650 3794 817 3864 αὐτῷ,
849 3792 964 3846 ἀλλ’
999 3794 1057 3846 ἐν
1101 3790 1179 3859 τῷ
1224 3790 1443 3843 κόλασιν
1492 3787 1809 3842 δεδοικέναι.
1856 3786 1961 3841 Θέ-

392 3885 521 3946 λεις
556 3879 684 3950 γὰρ,
717 3877 869 3947 φησὶ,
899 3874 985 3945 μὴ
1026 3874 1334 3943 φοϐεῖσθαι
1376 3871 1493 3941 τὴν
1518 3871 1846 3936 ἐξουσίαν;
1893 3869 1961 3924 τὸ

393 3964 612 4034 ἀγαθὸν
671 3962 826 4014 ποίει
859 3975 875 3990 ο
910 3958 986 4020 ὡς
1044 3956 1110 4009 ἂν
1154 3957 1297 4008 εἰποι
1332 3972 1435 4017 τιςο
1480 3955 1678 4017 Μόνοις
1704 3953 1815 4025 γάρ
1850 3955 1962 4016 τοῖς

395 4046 649 4118 πονηροῖς
677 4041 955 4114 τιμωριῶν
991 4038 1395 4110 διαγορευτικός
1431 4038 1585 4091 ἐστι·
1624 4036 1703 4108 τῷ
1734 4037 1793 4091 δὲ
1838 4054 1961 4090 στε-

396 4132 579 4199 φάνων
603 4128 728 4194 ἀξια
762 4126 1047 4195 ποιήσαντι
1067 4123 1171 4176 ποῦ
1203 4124 1471 4194 χρήσιμος
1501 4125 1529 4177 ὀ
1550 4123 1747 4193 νόμος;
1775 4121 1963 4193 ῶσπερ

394 4211 488 4267 οὖν
531 4215 560 4266 ὀ
613 4210 795 4281 ἰατρὸς
840 4209 920 4278 τῷ
970 4206 1191 4279 τραῦμά
1224 4225 1278 4261 τι
1328 4206 1541 4277 ἔχοντι,
1578 4207 1638 4260 06
1677 4206 1754 4275 τῷ
1785 4205 1962 4273 ὑγιαί-

396 4313 559 4359 νοντι,
587 4294 707 4347 ούδέ
735 4291 811 4361 τῷ
832 4291 1013 4355 καλῶς
1040 4290 1387 4360 διακειμένῳ.
1406 4290 1677 4358 Ἀνόμοις
1695 4288 1783 4352 δὲ,
1806 4287 1962 4358 φησὶ,

396 4383 495 4436 καὶ
532 4378 985 4441 ἀνυποτάκτοις,
1008 4374 1254 4429 ἀσεϐέσι
1276 4375 1376 4427 καί
1399 4372 1787 4443 ἁμαρτωλοῖς.
1818 4373 1965 4425 Ἀνό-

412 4482 545 4537 μους
597 4460 880 4523 Ἰουδαίους
929 4460 1104 4521 καλεῖ,
1152 4459 1281 4521 τοὺς
1327 4459 1524 4521 αὐτοὺς
1553 4457 1611 4510 66
1640 4456 1736 4511 καὶ
1760 4458 1965 4510 ἀνυπο-

409 4552 661 4610 τάκτους,
704 4546 756 4599 '0
801 4548 1004 4614 νόμος,
1052 4544 1236 4613 φησὶν,
1289 4541 1481 4610 ὀργὴν
1536 4537 1961 4610 κατεργάζεται.

410 4631 579 4686 Τοῦτο
600 4631 733 4699 πρὸς
757 4628 883 4690 :06;
911 4625 1195 4688 ποιοῦντας
1213 4625 1273 4678 :6
1294 4624 1484 4678 κακόν.
1516 4623 1582 4677 Τί
1611 4622 1669 4677 δὲ
1701 4621 1839 4693 πρὸς
1872 4622 1966 4674 τὸν

405 4716 569 4785 τιμῆς
583 4713 731 4777 ἄξιον
749 4728 763 4776 ;
780 4710 884 4763 Διὰ
903 4710 1113 4778 νόμου,
1132 4708 1644 4778 φησὶν,ἐπίγνωσις
1658 4706 1963 4774 ἁμαρτίας.

406 4800 471 4851 Τί
514 4796 602 4849 δαὶ
652 4796 787 4865 πρὸς
831 4794 922 4847 τὸν
950 4792 1156 4846 δίκαιον
1184 4810 1197 4855 ;
1241 4791 1473 4854 Δικαίῳ,
1497 4790 1647 4859 φησὶ,
1675 4789 1859 4856 νόμος
1894 4788 1968 4841 οὐ

402 4882 605 4936 κεῖται.
637 4879 736 4931 Διά
766 4878 816 4931 τί
843 4894 858 4943 ;
900 4879 1022 4931 Ὀτι
1047 4874 1319 4938 κολάσεως
1368 4876 1515 4927 ἐστιν
1547 4873 1724 4937 ἐκτὸς,
1761 4873 1855 4926 καὶ
1886 4872 1970 4924 ὅτι

401 4968 463 5019 o6
502 4964 785 5035 περιμένει
816 4961 884 5014 τὰ
908 4960 1155 5032 πρακτέα
1180 4959 1309 5027 παρ’
1340 4957 1550 5010 ἐκείνου
1588 4955 1798 5026 μαθεῖν,
1830 4954 1971 5025 ἔχων

404 5048 551 5102 ἔνδον
601 5048 1049 5116 ὑπαγορεύουσαν
1109 5044 1208 5114 τὴν
1258 5042 1353 5095 τοῦ
1411 5042 1731 5108 Πνεύματος
1786 5040 1966 5108 χάριν.

403 5133 584 5203 Νόμος
616 5133 725 5203 γάρ
755 5131 931 5201 ἐδόθη,
974 5131 1062 5183 ἵνα
1100 5128 1180 5199 τῷ
1221 5127 1370 5197 φόϐῳ
1416 5125 1749 5189 κολάζωνται
1778 5125 1871 5176 καὶ
1902 5124 1968 5193 τῇ

403 5217 618 5286 ἀπειλῇ.
639 5217 713 5268 Οὐ
741 5216 822 5269 δεῖ
855 5214 1032 5268 τοίνυν
1063 5211 1279 5283 χαλινοῦ
1312 5211 1405 5263 ἐπὶ
1428 5210 1519 5262 τὸν
1540 5209 1752 5279 εὐήνιον
1783 5208 1966 5274 ἵππον,

318 5368 329 5379 ο
403 5301 523 5354 ούδέ
559 5298 937 5367 παιδαγωγίας
980 5300 1072 5351 ἐπὶ
1096 5297 1189 5349 τὸν
1220 5296 1281 5348 06
1303 5294 1558 5379 δεόμενον
1592 5291 1967 5379 παιδαγωγοῦ.

416 5385 685 5453 Ἀνόμοις
722 5382 822 5447 δὲ,
861 5381 1015 5453 φησὶ,
1078 5380 1176 5434 καί
1212 5376 1669 5441 ἀνυποτάκτοις,
1724 5375 1972 5430 ἀσεϐέσι

406 5467 503 5519 καὶ
537 5464 921 5535 ἁμαρτωλοῖς,
951 5465 1223 5529 ἀνοσίοις
1279 5459 1377 5515 καί
1411 5459 1722 5527 βεϐήλοις,
1750 5475 1971 5526 πατρα-

405 5551 597 5614 λοίαις
625 5549 723 5602 καί
746 5546 1157 5617 μητραλοίαις.
1186 5545 1295 5599 Καὶ
1326 5544 1385 5597 06
1411 5543 1572 5612 μέχρι
1601 5540 1789 5593 τούτου
1818 5541 1969 5609 ἔστη,

406 5632 527 5685 ούδέ
560 5632 722 5701 μέχρι
752 5631 861 5683 τῶν
882 5628 1299 5699 ἁμαρτημάτων
1327 5626 1510 5694 μόνον,
1546 5623 1681 5676 ἀλλά
1719 5624 1813 5677 καὶ
1850 5622 1971 5675 κατ’

407 5712 545 5777 εἶδος
569 5714 828 5783 ἐπεξῆλθε
866 5714 933 5767 :6
966 5712 1360 5784 ἁμαρτήματα,
1401 5709 1541 5761 ῶστε
1585 5711 1767 5761 πεῖσαι
1816 5710 1972 5761 ἐπαι-

412 5800 702 5869 σχυνθῆναι
751 5799 850 5869 τὴν
892 5798 986 5850 τοῦ
1036 5799 1199 5866 νόμου
1240 5793 1582 5847 ἐπιστασίαν.
1638 5789 1769 5845 Εἶτα
1800 5808 1971 5844 κατα-

410 5883 565 5948 λέξας
594 5884 713 5935 κατ’
742 5877 900 5950 εἶδος,
935 5877 1053 5934 εἷπε
1096 5880 1188 5933 καὶ
1222 5878 1361 5931 κατά
1398 5875 1744 5947 παράλειψιν,
1793 5874 1967 5927 καίτοι

1255 351 1321 407 ΙΝ
1359 349 1575 408 EPIST.
1611 350 1633 405 ἰ
1665 349 1759 409 AD
1794 343 2080 403 TlMOTll.
2121 344 2269 401 CAP.
2310 343 2351 399 l.
2394 340 2625 398 HOMIL.
2665 340 2734 397 11.

3490 343 3595 401 512

2043 462 2138 518 καὶ
2158 461 2226 515 :6
2254 459 2519 533 εἰρημένα
2546 459 2706 513 ἰκανά
2734 453 2804 530 ἦν
2832 458 3158 529 ἀπαγαγεῖν.
3182 459 3318 531 Περὶ
3337 460 3498 515 τίνων
3511 459 3606 515 οὖν

2044 556 2216 611 ταῦτά
2252 574 2419 627 φησις
2458 556 2594 626 Περὶ
2639 554 2936 608 Ἰουδαίων’
2974 546 3118 607 οῦτοι
3147 553 3253 623 γάρ
3281 556 3375 610 7:0:1
3401 572 3613 626 πατρα-

2043 642 2183 694 λοῖαι
2220 642 2315 694 7:0:1
2366 640 2731 711 μητραλοῖαι,
2766 638 2870 695 ,καὶ
2907 638 3062 692 αὐτοὶ
3109 639 3200 692 καὶ
3251 638 3467 709 βέϐηλοι
3512 650 3610 699 καὶ

2043 725 2249 778 ἀνόσιοι
2271 739 2286 753 ·
2310 724 2532 787 τούτους
2559 724 2670 793 γὰρ
2701 723 3015 786 αἰνίττεται,
3058 722 3389 788 Ἀσεϐέσιν,
3414 721 3606 788 εἰπὼν,

2040 810 2138 863 καί
2159 807 2544 878 ἁμαρτωλοῖς.
2562 807 2831 859 Τοιούτων
2851 804 2907 857 δὲ
2922 804 3089 858 ὄντων
3104 805 3282 859 αὐτῶν
3299 807 3612 873 ἀναγκαίως

2043 892 2139 945 καὶ
2175 894 2204 944 6
2242 893 2404 962 νόμος
2460 890 2637 960 ἐδόθη.
2677 889 2812 943 Εἰπέ
2843 890 2953 960 γάρ
2986 906 3097 959 μοι,
3132 887 3282 961 [558]
3319 891 3440 960 οὐχὶ
3482 907 3615 943 συν-

2046 976 2186 1047 εχῶς
2212 974 2451 1038 εἰδώλοις
2473 973 2836 1045 προσεκύνουν
2853 990 2866 1039 ;
2883 974 2943 1027 o6
2966 976 3056 1027 τὸν
3081 974 3320 1029 Μωῦσέα
3341 974 3615 1038 ἐλίθαςον;

2044 1061 2105 1114 06
2131 1060 2307 1130 φόνων
2334 1059 2512 1113 αὐτῶν
2549 1059 2604 1112 αἰ
2634 1061 2815 1130 χεῖρες
2855 1059 3051 1129 ἔγεμον
3091 1060 3461 1128 συγγενικῶν;
3490 1057 3613 1125 ούχὶ

2044 1146 2157 1200 ἀνω
2193 1146 2289 1197 καὶ
2315 1143 2467 1196 κάτω
2495 1142 2667 1196 ταῦτα
2692 1144 2873 1205 αὐτοῖς
2898 1142 3220 1211 ἐγκαλοῦσιν
3246 1144 3295 1197 οἰ
3311 1144 3610 1213 προφῆται;

2043 1228 2168 1290 Τοῖς
2218 1227 2275 1280 66
2313 1228 2384 1281 :6
2420 1229 2476 1281 ἐν
2511 1225 2725 1297 οὐρανῷ
2759 1225 3108 1294 φιλοσοφοῦσι
3150 1227 3378 1297 περιττὰ
3412 1225 3609 1279 ταῦτα.

2044 1310 2623 1380 Πατραλοίαις,φησὶ,
2644 1308 2743 1365 καί
2760 1309 3173 1377 μητραλοίαις,
3193 1302 3610 1378 ἀνδροφόνοις,

2045 1395 2290 1462 πόρνοις
2315 1432 2329 1457 ,
2364 1392 2815 1461 ἀρσενοκοίταις
2834 1433 2846 1454 ,
2891 1391 3394 1459 ἀνδραποδισταῖς
3414 1432 3429 1455 ,
3471 1395 3614 1461 ψεύ-

2046 1492 2237 1543 σταις,
2257 1477 2580 1545 ἐπιόρκοις,
2600 1473 2699 1528 καὶ
2735 1475 2791 1528 εί
2833 1492 2893 1528 τι
2914 1474 3120 1543 ἕτερον
3152 1475 3226 1543 τῇ
3254 1478 3612 1546 ὑγιαινούσῃ

2045 1557 2403 1626 διδασκαλίᾳ
2427 1559 2769 1614 ἀντίκειται.
2781 1557 2978 1623 Καλῶς
2995 1554 3137 1619 εἷπε.
3157 1558 3237 1627 Τῇ
3254 1561 3611 1629 ὑγιαινούσῃ

2046 1641 2424 1709 διδασκαλίᾳ.
2493 1642 2706 1694 Ἐκεῖνα
2756 1641 2865 1714 γὰρ
2918 1644 3097 1696 πάντα
3142 1643 3288 1713 πάθη
3315 1642 3496 1713 ψυχῆς
3542 1639 3613 1712 ἦν

2047 1725 2471 1797 διεφθαρμένης.
2532 1724 2696 1777 Κατὰ
2737 1724 2806 1778 τὸ
2854 1724 3254 1795 Εὐαγγέλιον,
3295 1727 3449 1797 φησὶ,
3501 1720 3614 1793 τῆς

2048 1808 2235 1875 δόξης
2281 1807 2389 1861 τοῦ
2434 1810 2728 1876 μακαρίου
2786 1808 2967 1870 Θεοῦ,
3000 1807 3032 1861 6
3067 1808 3431 1876 ἐπιστεύθην
3478 1808 3610 1878 ἐγώ.

2050 1887 2214 1941 Ὥστε
2265 1887 2359 1939 καὶ
2413 1885 2507 1939 νῦν
2553 1887 2645 1939 ἐπὶ
2686 1885 2977 1956 βεϐαιώσει
3017 1886 3110 1939 τοῦ
3146 1886 3478 1955 Εὑαγγέλίου
3534 1888 3617 1940 δεῖ

2050 1970 2217 2040 νόμου
2243 1986 2257 2000 ³
2286 1972 2398 2033 τοῖς
2452 1970 2635 2038 μέντοι
2679 1970 3021 2039 πειθομένοις
3048 1970 3107 2022 06
3139 1971 3236 2023 δεῖ.
3284 1969 3617 2038 Εὐαγγέλιον

2050 2053 2107 2106 δέ
2128 2052 2282 2121 δόξης
2316 2051 2447 2104 αὐτὸ
2464 2051 2639 2115 καλεῖ,
2670 2051 2739 2104 δι’
2763 2052 2913 2105 οὐδὲν
2942 2052 3147 2124 ἕτερον,
3182 2052 3352 2123 ἀλλ’ἢ
3375 2053 3463 2107 6:6
3490 2054 3615 2117 τοὺς

2050 2134 2472 2205 αἰσχυνομένους
2498 2134 2590 2186 67:1
2621 2136 2733 2197 τοῖς
2769 2134 3047 2204 διωγμοῖς,
3079 2135 3176 2188 καὶ
3205 2136 3296 2188 ἐπὶ
3340 2135 3419 2206 τῷ
3453 2134 3618 2193 πάθει

2050 2217 2144 2269 τοῦ
2177 2215 2436 2287 Χριστοῦ.
2480 2216 2602 2270 Τῶν
2648 2232 2707 2268 τε
2750 2211 2842 2269 οὖν
2872 2216 3045 2270 ἄλλων
3073 2217 3259 2270 ἕνεκεν
3290 2220 3384 2270 καὶ
3414 2216 3619 2269 τούτων

2052 2300 2231 2355 αὐτῶν
2276 2299 2608 2369 Εὑαγγέλιον
2665 2298 2823 2370 δόξης
2865 2301 3085 2372 εἴρηκε,
3140 2299 3315 2370 δηλῶν
3357 2300 3439 2353 ὅτι
3494 2298 3621 2364 δόξα

2052 2384 2169 2436 63:1
2192 2383 2252 2436 :6
2282 2382 2452 2446 πάθος
2480 2382 2574 2436 τοῦ
2614 2382 2870 2453 Χριστοῦ·
2921 2383 2955 2453 ἢ
2998 2383 3091 2437 καὶ
3123 2384 3191 2437 :6
3226 2383 3488 2453 μέλλοντα
3529 2386 3619 2437 αἰ-

2051 2467 2306 2521 νίττεται.
2367 2467 2431 2519 Εἰ
2481 2466 2590 2537 γὰρ
2634 2468 2704 2519 :6
2766 2466 3009 2536 παρόντα
3046 2465 3307 2537 αἰσχύνης
3335 2466 3495 2536 γέμει
3525 2468 3621 2520 καὶ

2052 2549 2290 2616 ὀνειδῶν,
2320 2548 2458 2603 ἀλλά
2488 2550 2558 2602 τὰ
2591 2548 2852 2619 μέλλοντα
2878 2550 2939 2601 06
2970 2548 3192 2602 τοιαῦτα
3216 2563 3232 2579 ο
3280 2549 3342 2601 :6
3368 2549 3424 2602 66
3446 2550 3622 2618 Εὐαγ-

2052 2632 2228 2701 γέλιον
2266 2632 2566 2702 μελλόντων
2592 2631 2760 2697 ἐστὶν,
2798 2632 2860 2684 06
2910 2631 3212 2703 παρόντων.
3260 2630 3385 2694 Πῶς
3440 2626 3535 2685 οὖν
3586 2634 3617 2687 ὁ

2053 2717 2301 2787 ἄγγελος,
2363 2717 2516 2771 ἰδοὺ
2574 2715 3021 2785 εὐαγγελίζομαι
3056 2716 3217 2785 ὑμῖν,
3268 2715 3359 2769 ὅτι
3406 2715 3621 2785 ἐτέχθη

2060 2802 2197 2872 ὑμῖν
2247 2799 2447 2868 Σωτήρ
2472 2816 2491 2863 ;
2529 2801 2650 2852 Ὅτι
2686 2798 2899 2868 τεχθεὶς
2930 2799 3120 2869 ἔμελλε
3146 2799 3303 2852 τοῦτο
3334 2799 3583 2867 γίνεσθαι
3602 2814 3619 2831 ο

2055 2886 2117 2936 06
2143 2884 2251 2952 γὰρ
2285 2884 2400 2953 ἅμα
2430 2881 2719 2952 ἐγεννήθη,
2751 2881 3036 2952 εἰργάζετο
3059 2895 3087 2923 ι
3111 2882 3177 2935 τὰ
3208 2885 3428 2953 σημεῖα.
3462 2883 3624 2938 Κατὰ

2054 2969 2120 3021 τὸ
2168 2967 2553 3037 Εὺαγγέλιον,
2601 2968 2755 3034 φησὶ,
2802 2966 2911 3033 τῆς
2949 2965 3138 3034 δόξης
3174 2965 3281 3020 τοῦ
3324 2968 3622 3035 μακαρίου

2058 3052 2226 3105 Θεοῦ.
2252 3080 2322 3090 —-
2344 3049 2457 3117 Τῆς
2483 3048 2738 3119 δόξης’ἢ
2775 3048 2872 3119 τὴν
2894 3049 3149 3119 λατρείαν
3178 3049 3312 3118 φησὶ
3340 3049 3434 3102 τοῦ
3462 3050 3621 3114 Θεοῦ,

2056 3134 2088 3205 ἢ
2113 3136 2192 3187 ὅτι
2224 3137 2271 3186 εἰ
2302 3132 2371 3185 τὰ
2414 3133 2657 3201 παρόντα
2702 3131 2876 3184 πάντα
2906 3131 3285 3201 ἐμπέπλησται
3315 3132 3414 3203 τῆς
3465 3132 3624 3203 δόξης

2056 3216 2240 3282 αὑτοῦ,
2282 3214 2462 3284 πολλῷ
2495 3214 2552 3266 66
2586 3214 2785 3283 μᾶλλον
2813 3213 2880 3266 :6
2919 3213 3201 3282 μέλλονταο
3229 3214 3358 3267 ὅταν
3399 3213 3622 3278 τεθῶσι,

2057 3303 2242 3372 φησὶν,
2275 3300 2378 3353 67:6
2398 3300 2523 3362 τοὺς
2549 3298 2715 3359 πόδας
2745 3297 2910 3352 αὐτοῦ
2938 3299 2988 3351 οί
3034 3297 3219 3370 ἐχθροὶ
3254 3298 3416 3351 αὑτοῦ
3441 3315 3455 3331 ο
3497 3299 3625 3352 ὅταν

2057 3385 2431 3454 ἀντικείμενον
2539 3380 2726 3452 μηδὲν,
2754 3381 2883 3433 ὅταν
2915 3380 3096 3433 ἴδωσιν
3124 3382 3175 3433 οἱ
3204 3380 3402 3434 δίκαιοι
3444 3380 3624 3434 πάντα

2056 3468 2125 3521 :6
2144 3466 2456 3537 μακαριστὰ
2470 3468 2671 3526 ἐκεῖνα,
2696 3462 2731 3516 6
2749 3464 2885 3533 μήτε
2906 3463 3183 3533 ὀφθαλμὸς
3208 3459 3335 3528 εἶδε,
3365 3465 3503 3535 μήτε
3530 3460 3623 3528 06;

2058 3552 2280 3623 ἤκουσε,
2313 3552 2446 3620 μήτε
2484 3550 2575 3601 ἐπὶ
2621 3548 2848 3619 καρδίαν
2884 3546 3173 3618 ἀνθρώπου
3219 3547 3406 3616 ἀνέϐη.
3460 3547 3626 3603 Θέλω

2057 3636 2186 3706 γὰρ,
2216 3634 2397 3704 φησὶν,
2418 3633 2495 3684 ἵν’
2517 3631 2669 3686 ὅπου
2690 3630 2807 3699 εἰμὶ
2829 3629 2963 3699 ἐγὼ,
2986 3629 3082 3683 καὶ
3106 3624 3271 3684 οὗτοι
3304 3625 3476 3695 ὦσιν,
3522 3632 3625 3685 ἵνα

2059 3714 2315 3785 θεωρῶσι
2344 3714 2456 3782 τὴν
2486 3714 2673 3779 δόξαν
2693 3712 2808 3781 τὴν
2826 3712 2999 3781 ἐμὴν,
3019 3712 3099 3781 ἢν
3113 3712 3338 3778 ἔδωκάς
3357 3731 3479 3782 μοι.

2132 3800 2409 3868 Μάθωμεν
2449 3798 2590 3861 τίνες
2624 3798 2733 3867 ἄρα
2764 3791 2907 3850 οὖτοί
2937 3798 3065 3863 εἰσι,
3100 3798 3193 3851 7:0:1
3227 3798 3626 3869 μακαρίσωμεν

2060 3886 2275 3946 αὐτοὺς,
2300 3883 2767 3943 ἐννοοῦντες-ὅσων
2796 3882 3194 3937 ἀπολαύσονται
3222 3883 3343 3935 τότε
3376 3882 3622 3953 ἀγαθῶν,

2060 3970 2191 4036 ὅσης
2220 3966 2505 4038 μεθέξουσι
2539 3964 2716 4035 δόξης,
2741 3966 2867 4018 ὅσου
2914 3965 3111 4035 φωτός.
3161 3966 3225 4018 Ἦ
3268 3966 3365 4036 μὲν
3393 3968 3505 4039 γὰρ
3540 3970 3627 4021 ὲν-

2060 4052 2231 4106 ταῦθα
2253 4049 2379 4115 δόξα
2411 4049 2670 4120 ούδαμινή
2700 4049 2759 4102 τέ
2784 4051 2900 4102 ἐστι
2934 4049 3028 4102 7:0.1
3070 4051 3333 4113 ἄστατος·
3370 4051 3477 4105 κᾶν
3523 4068 3627 4105 πα-

2065 4137 2299 4208 ραμείνῃ
2339 4134 2426 4197 δέ,
2466 4133 2571 4196 ἓως
2613 4132 2872 4203 τελευτῆς
2924 4133 3251 4203 παραμένει,
3302 4135 3395 4187 καὶ
3441 4134 3628 4188 λοιπὸν

2063 4219 2342 4281 παντελῶς
2365 4218 2647 4271 σϐέννυται
2667 4232 2681 4248 ⁸
2717 4219 2799 4271 Οὐ
2826 4216 2935 4285 γὰρ
2977 4215 3495 4285 συγκαταϐήσεται
3523 4219 3628 4271 αὺ-

2063 4302 2163 4369 τῷ,
2196 4303 2379 4373 φησὶν,
2406 4302 2444 4369 ἡ
2475 4301 2625 4366 δόξα
2647 4301 2836 4354 αὑτοῦ
2873 4300 3065 4353 ὀπίσω
3089 4299 3303 4353 αὑτοῦ·
3336 4299 3548 4363 πολλοῖς
3572 4299 3630 4354 66

2064 4387 2186 4441 0666
2208 4385 2441 4440 ἐνταῦθα
2473 4385 2630 4456 μέχρι
2658 4383 2846 4446 τέλους
2883 4384 3178 4454 παρέμεινε
3206 4400 3219 4414 ο
3258 4383 3385 4455 περὶ
3411 4382 3469 4436 66
3488 4383 3631 4437 ἐκεί-

2065 4486 2163 4540 νης
2196 4470 2296 4523 οὐκ
2334 4468 2481 4521 ἐστιν
2530 4465 2867 4521 ὑποπτεῦσαι
2914 4483 2967 4519 τι
3015 4466 3288 4529 τοιοῦτον,
3341 4466 3477 4520 ἀλλὰ
3519 4468 3633 4519 πᾶν

2065 4553 2393 4618 τούναντίον,
2448 4551 2531 4604 ὅτι
2582 4549 2765 4620 μένει,
2810 4550 2905 4603 καὶ
2957 4550 3077 4602 0666
3119 4550 3270 4612 τέλος
3314 4548 3425 4617 ἐξει
3474 4550 3627 4604 ποτέ.

2066 4639 2303 4694 Τοιαῦτα
2353 4636 2463 4706 γὰρ
2504 4634 2574 4687 :6
2600 4633 2694 4686 :06
2732 4633 2895 4693 Θεοῦ,
2939 4633 3142 4703 μόνιμα
3192 4632 3285 4685 καὶ
3328 4632 3631 4703 μεταϐολῆς

2068 4722 2303 4792 κρείττω
2352 4720 2532 4788 πάσης
2593 4718 2686 4769 καί⁸
2725 4716 2929 4778 τέλους.
2982 4716 3057 4768 06
3110 4716 3216 4787 γάρ
3252 4717 3465 4787 ἐστινὴ
3503 4716 3631 4781 δόξα

2067 4806 2187 4858 τότε
2212 4807 2276 4858 ἐκ
2305 4802 2416 4855 τῶν
2442 4803 2567 4869 ἔξω,
2587 4800 2702 4853 ἀλλ’
2749 4801 2813 4853 ἐκ
2855 4799 2964 4851 τῶν
2988 4799 3134 4852 ἔνδον
3156 4815 3170 4829 ’
3205 4794 3317 4852 οἷόν
3359 4817 3412 4851 τι
3464 4800 3629 4867 λέγωσ

2069 4890 2184 4943 O67:
2216 4889 2323 4942 67:6
2384 4884 2614 4956 ἱματίων
2654 4884 2980 4946 πολυτελῶν,
3027 4884 3126 4935 067:
3156 4883 3261 4935 ἀπὸ
3288 4882 3523 4953 πλήθους
3553 4881 3633 4933 θε-

2072 4972 2373 5044 ραπόντων,
2393 4971 2493 5024 067:
2518 4970 2625 5023 67:6
2656 4970 2948 5039 ὀχημάτων
2986 4968 3013 5007 b
3045 4970 3078 5037 ἡ
3106 4966 3232 5031 δόξα
3256 4967 3375 5019 τότε
3402 4966 3630 5035 γίνεται,

2070 5057 2206 5111 ἀλλά
2236 5057 2440 5110 τούτων
2469 5057 2636 5126 χωρὶς
2670 5055 2830 5117 0:676;
2855 5056 2883 5106 6
2914 5052 3052 5123 ἀνὴρ
3097 5052 3396 5121 ἠμφίεσται
3431 5052 3529 5120 τὴν
3549 5050 3634 5102 δό-

2073 5142 2187 5207 ξαν.
2214 5140 2329 5193 Νῦν
2363 5140 2461 5210 μὲν
2488 5138 2616 5209 γὰρ,
2648 5139 2714 5192 ἂν
2741 5136 2917 5191 ταῦτα
2952 5139 3088 5207 ἀπῇ,
3113 5134 3319 5205 γυμνὸς
3345 5136 3447 5203 τῆς
3475 5134 3634 5203 δόξης

2069 5226 2244 5287 ἔσται,
2276 5226 2394 5277 ἐκεῖ
2424 5223 2482 5276 δὲ
2515 5223 2617 5292 οὐχ
2646 5221 2839 5285 οὕτως.
2890 5223 2978 5274 Ἐν
3019 5220 3149 5289 γοῦν
3186 5218 3488 5289 βαλανείοις
3537 5235 3634 5286 70-

2075 5311 2238 5379 μνοὺς
2271 5308 2486 5377 ὁρῶμεν
2516 5306 2769 5376 ἐντίμους
2797 5304 2892 5359 καὶ
2936 5303 3185 5375 ἀτίμους,
3221 5303 3438 5373 ὁρῶμεν
3458 5302 3513 5354 δέ
3541 5302 3637 5355 καὶ

2071 5392 2326 5462 φαύλους.
2354 5392 2475 5443 Τῶν
2500 5391 2558 5443 ἐν
2579 5390 2801 5459 ἀγοραῖς
2829 5387 3015 5441 πολλοὶ
3047 5387 3175 5455 γοῦν
3202 5385 3454 5446 πολλάκις
3495 5386 3636 5438 ἐκιν-

2071 5478 2330 5532 δύνευσαν
2354 5519 2368 5543 ,
2394 5476 2503 5529 τῶν
2536 5475 2740 5527 παίδων
2758 5474 2955 5536 αὐτοὺς
2976 5472 3118 5526 κατά
3140 5488 3261 5523 τινα
3282 5469 3472 5539 χρείαν
3501 5470 3635 5521 ἀπο·

2071 5565 2338 5619 λιπόντων
2361 5576 2377 5592 ⁸
2403 5564 2520 5615 ἐκεῖ
2547 5562 2606 5615 δὲ
2635 5562 2753 5632 μεθ’
2792 5559 2984 5614 ἐαυτοῦ
3024 5561 3122 5627 τὴν
3154 5557 3308 5621 δόξαν
3348 5556 3461 5625 ἔχει
3496 5571 3634 5606 παν-

2072 5650 2258 5722 ταχοῦ.
2301 5650 2453 5724 [559]
2489 5651 2599 5703 Καὶ
2650 5646 2901 5716 καθάπερ
2935 5645 2985 5697 οἰ
3027 5642 3268 5711 ἄγγελοι,
3298 5641 3542 5711 ὅπουπερ
3567 5637 3637 5693 ἂν

2134 5821 2160 5849 ⁸
2183 5820 2465 5877 Conjectum
2485 5824 2561 5865 est
2579 5818 2658 5864 καὶ
2678 5815 2928 5877 εἰργάζετο.

2140 5879 2169 5919 δ
2191 5871 2339 5932 δωτίι.
2376 5882 2426 5930 in
2448 5878 2685 5942 margine,
2707 5871 2793 5926 οὐκ
2815 5876 2909 5925 ἀπὸ
2934 5871 3209 5938 σχημάτων.
