  <div class='ocr_page' id='page_1' title='image "/cluster/home/n/w/nwhite01/storage/ocr_20150623/62/nnc1.0046979654/519.png"; bbox 0 0 4112 6398; ppageno 0'>
   <div class='ocr_carea' id='block_1_1' title="bbox 496 330 602 386">
    <p class='ocr_par' dir='ltr' id='par_1_1' title="bbox 496 330 602 386">
     <span class='ocr_line' id='line_1_1' title="bbox 496 330 602 386; baseline 0.028 -3"><span class='ocrx_word' id='word_1_1' title='bbox 496 330 602 386; x_wconf 78' lang='grc'>515</span> 
     </span>
    </p>
   </div>
   <div class='ocr_carea' id='block_1_2' title="bbox 481 442 2052 521">
    <p class='ocr_par' dir='ltr' id='par_1_2' title="bbox 481 442 2052 521">
     <span class='ocr_line' id='line_1_2' title="bbox 481 442 2052 521; baseline -0.008 -14"><span class='ocrx_word' id='word_1_2' title='bbox 481 452 743 521; x_wconf 82' lang='grc' dir='ltr'>φανῶσιν,</span> <span class='ocrx_word' id='word_1_3' title='bbox 771 450 831 503; x_wconf 85' lang='grc' dir='ltr'>ἐν</span> <span class='ocrx_word' id='word_1_4' title='bbox 860 452 1069 512; x_wconf 78' lang='grc' dir='ltr'>ἑαυτοῖς</span> <span class='ocrx_word' id='word_1_5' title='bbox 1104 451 1203 521; x_wconf 82' lang='grc' dir='ltr'>τὴν</span> <span class='ocrx_word' id='word_1_6' title='bbox 1251 449 1409 517; x_wconf 83' lang='grc' dir='ltr'>δόξαν</span> <span class='ocrx_word' id='word_1_7' title='bbox 1439 448 1675 519; x_wconf 75' lang='grc' dir='ltr'>ἔχουσιν,</span> <span class='ocrx_word' id='word_1_8' title='bbox 1705 445 1849 499; x_wconf 83' lang='grc' dir='ltr'>οὕτω</span> <span class='ocrx_word' id='word_1_9' title='bbox 1881 443 1977 497; x_wconf 75' lang='grc' dir='ltr'>καὶ</span> <span class='ocrx_word' id='word_1_10' title='bbox 2002 442 2052 495; x_wconf 85' lang='grc' dir='ltr'>οἰ</span> 
     </span>
    </p>
   </div>
   <div class='ocr_carea' id='block_1_3' title="bbox 478 525 2053 603">
    <p class='ocr_par' dir='ltr' id='par_1_3' title="bbox 478 525 2053 603">
     <span class='ocr_line' id='line_1_3' title="bbox 478 525 2053 603; baseline -0.008 -16"><span class='ocrx_word' id='word_1_11' title='bbox 478 536 624 603; x_wconf 79' lang='grc' dir='ltr'>ἀγιοι</span> <span class='ocrx_word' id='word_1_12' title='bbox 652 550 667 564; x_wconf 83' lang='lat'><strong><em>°</em></strong></span> <span class='ocrx_word' id='word_1_13' title='bbox 698 532 900 602; x_wconf 78' lang='grc' dir='ltr'>μᾶλλον</span> <span class='ocrx_word' id='word_1_14' title='bbox 930 534 987 586; x_wconf 83' lang='grc' dir='ltr'>δὲ</span> <span class='ocrx_word' id='word_1_15' title='bbox 1015 533 1266 603; x_wconf 82' lang='grc' dir='ltr'>καθάπερ</span> <span class='ocrx_word' id='word_1_16' title='bbox 1293 535 1321 584; x_wconf 85' lang='grc' dir='ltr'>ὁ</span> <span class='ocrx_word' id='word_1_17' title='bbox 1348 532 1497 602; x_wconf 76' lang='grc' dir='ltr'>ἥλιος</span> <span class='ocrx_word' id='word_1_18' title='bbox 1519 531 1580 582; x_wconf 84' lang='grc' dir='ltr'>οὐ</span> <span class='ocrx_word' id='word_1_19' title='bbox 1613 530 1783 583; x_wconf 89' lang='grc' dir='ltr'>δεῖται</span> <span class='ocrx_word' id='word_1_20' title='bbox 1814 525 2053 596; x_wconf 75' lang='grc' dir='ltr'>ἱματίου,</span> 
     </span>
    </p>
   </div>
   <div class='ocr_carea' id='block_1_4' title="bbox 476 608 2055 685">
    <p class='ocr_par' dir='ltr' id='par_1_4' title="bbox 476 608 2055 685">
     <span class='ocr_line' id='line_1_4' title="bbox 476 608 2055 685; baseline -0.006 -15"><span class='ocrx_word' id='word_1_21' title='bbox 476 621 536 670; x_wconf 75' lang='grc' dir='ltr'>οὐ</span> <span class='ocrx_word' id='word_1_22' title='bbox 584 617 755 671; x_wconf 85' lang='grc' dir='ltr'>δεῖται</span> <span class='ocrx_word' id='word_1_23' title='bbox 794 616 984 685; x_wconf 82' lang='grc' dir='ltr'>ἑτέρου</span> <span class='ocrx_word' id='word_1_24' title='bbox 1035 617 1204 679; x_wconf 79' lang='grc' dir='ltr'>τινὸς,</span> <span class='ocrx_word' id='word_1_25' title='bbox 1246 616 1361 668; x_wconf 86' lang='grc' dir='ltr'>ἀλλ’</span> <span class='ocrx_word' id='word_1_26' title='bbox 1388 616 1508 685; x_wconf 76' lang='grc' dir='ltr'>ἅμα</span> <span class='ocrx_word' id='word_1_27' title='bbox 1543 630 1601 664; x_wconf 90' lang='grc' dir='ltr'>τε</span> <span class='ocrx_word' id='word_1_28' title='bbox 1627 612 1801 680; x_wconf 85' lang='grc' dir='ltr'>ἐφάνη</span> <span class='ocrx_word' id='word_1_29' title='bbox 1830 609 1925 663; x_wconf 79' lang='grc' dir='ltr'>καὶ</span> <span class='ocrx_word' id='word_1_30' title='bbox 1956 608 2055 679; x_wconf 80' lang='grc' dir='ltr'>τὴν</span> 
     </span>
    </p>
   </div>
   <div class='ocr_carea' id='block_1_5' title="bbox 477 696 1861 773">
    <p class='ocr_par' dir='ltr' id='par_1_5' title="bbox 477 696 1861 773">
     <span class='ocr_line' id='line_1_5' title="bbox 477 696 1861 773; baseline -0.005 -19"><span class='ocrx_word' id='word_1_31' title='bbox 477 701 676 773; x_wconf 59' lang='grc' dir='ltr'>ἑαυτοῦ</span> <span class='ocrx_word' id='word_1_32' title='bbox 704 701 864 765; x_wconf 80' lang='grc' dir='ltr'>δόξαν</span> <span class='ocrx_word' id='word_1_33' title='bbox 888 701 1217 772; x_wconf 76' lang='grc' dir='ltr'>ἐξέλαμψεν,</span> <span class='ocrx_word' id='word_1_34' title='bbox 1252 700 1397 753; x_wconf 74' lang='grc' dir='ltr'>οὓτω</span> <span class='ocrx_word' id='word_1_35' title='bbox 1420 700 1514 751; x_wconf 79' lang='grc' dir='ltr'>καὶ</span> <span class='ocrx_word' id='word_1_36' title='bbox 1546 698 1669 750; x_wconf 87' lang='grc' dir='ltr'>τότε</span> <span class='ocrx_word' id='word_1_37' title='bbox 1686 696 1861 748; x_wconf 74' lang='grc' dir='ltr'>ἔσται.</span> 
     </span>
    </p>
   </div>
   <div class='ocr_carea' id='block_1_6' title="bbox 549 831 2056 915">
    <p class='ocr_par' dir='ltr' id='par_1_6' title="bbox 549 831 2056 915">
     <span class='ocr_line' id='line_1_6' title="bbox 549 831 2056 915; baseline -0.005 -16"><span class='ocrx_word' id='word_1_38' title='bbox 549 853 598 913; x_wconf 91' lang='grc' dir='ltr'>γ’</span> <span class='ocrx_word' id='word_1_39' title='bbox 606 844 1066 915; x_wconf 82' lang='grc' dir='ltr'>,Μεταδιώκωμεν</span> <span class='ocrx_word' id='word_1_40' title='bbox 1083 844 1261 897; x_wconf 85' lang='grc' dir='ltr'>τοίνυν</span> <span class='ocrx_word' id='word_1_41' title='bbox 1278 844 1376 912; x_wconf 80' lang='grc' dir='ltr'>τὴν</span> <span class='ocrx_word' id='word_1_42' title='bbox 1392 842 1551 906; x_wconf 78' lang='grc' dir='ltr'>δόξαν</span> <span class='ocrx_word' id='word_1_43' title='bbox 1568 840 1801 909; x_wconf 87' lang='grc' dir='ltr'>ἐκείνην,</span> <span class='ocrx_word' id='word_1_44' title='bbox 1823 831 1891 908; x_wconf 83' lang='grc' dir='ltr'>ἦς</span> <span class='ocrx_word' id='word_1_45' title='bbox 1907 836 2056 891; x_wconf 73' lang='grc' dir='ltr'>οὐδὲν</span> 
     </span>
    </p>
   </div>
   <div class='ocr_carea' id='block_1_7' title="bbox 480 917 2056 996">
    <p class='ocr_par' dir='ltr' id='par_1_7' title="bbox 480 917 2056 996">
     <span class='ocr_line' id='line_1_7' title="bbox 480 917 2056 996; baseline -0.006 -15"><span class='ocrx_word' id='word_1_46' title='bbox 480 927 906 996; x_wconf 81' lang='grc' dir='ltr'>αἰδεσιμώτερον</span> <span class='ocrx_word' id='word_1_47' title='bbox 938 944 953 957; x_wconf 75' lang='grc' dir='ltr'><strong><em>ο</em></strong></span> <span class='ocrx_word' id='word_1_48' title='bbox 1009 925 1426 995; x_wconf 80' lang='grc' dir='ltr'>καταλείπωμεν</span> <span class='ocrx_word' id='word_1_49' title='bbox 1488 923 1728 991; x_wconf 90' lang='grc' dir='ltr'>ταύτην,</span> <span class='ocrx_word' id='word_1_50' title='bbox 1788 917 1855 992; x_wconf 87' lang='grc' dir='ltr'>ἦς</span> <span class='ocrx_word' id='word_1_51' title='bbox 1905 920 2056 973; x_wconf 84' lang='grc' dir='ltr'>οὐδὲν</span> 
     </span>
    </p>
   </div>
   <div class='ocr_carea' id='block_1_8' title="bbox 478 1002 2055 1078">
    <p class='ocr_par' dir='ltr' id='par_1_8' title="bbox 478 1002 2055 1078">
     <span class='ocr_line' id='line_1_8' title="bbox 478 1002 2055 1078; baseline -0.004 -15"><span class='ocrx_word' id='word_1_52' title='bbox 478 1008 927 1078; x_wconf 70' lang='grc' dir='ltr'>οὐὼμινιῦτερον.</span> <span class='ocrx_word' id='word_1_53' title='bbox 966 1009 1068 1063; x_wconf 82' lang='grc' dir='ltr'><em>Ἔν</em></span> <span class='ocrx_word' id='word_1_54' title='bbox 1097 1006 1407 1075; x_wconf 74' lang='grc' dir='ltr'>περιϐολῇ,</span> <span class='ocrx_word' id='word_1_55' title='bbox 1450 1007 1634 1076; x_wconf 68' lang='grc' dir='ltr'>φησιν,</span> <span class='ocrx_word' id='word_1_56' title='bbox 1686 1004 1929 1073; x_wconf 73' lang='grc' dir='ltr'>ἱματίων</span> <span class='ocrx_word' id='word_1_57' title='bbox 1969 1002 2055 1072; x_wconf 82' lang='grc' dir='ltr'>μὴ</span> 
     </span>
    </p>
   </div>
   <div class='ocr_carea' id='block_1_9' title="bbox 479 1085 2054 1159">
    <p class='ocr_par' dir='ltr' id='par_1_9' title="bbox 479 1085 2054 1159">
     <span class='ocr_line' id='line_1_9' title="bbox 479 1085 2054 1159; baseline -0.004 -15"><span class='ocrx_word' id='word_1_58' title='bbox 479 1090 787 1159; x_wconf 76' lang='grc' dir='ltr'>καυχήσῃ.</span> <span class='ocrx_word' id='word_1_59' title='bbox 829 1090 1013 1143; x_wconf 84' lang='grc' dir='ltr'>Ταῦτα</span> <span class='ocrx_word' id='word_1_60' title='bbox 1063 1090 1270 1141; x_wconf 82' lang='grc' dir='ltr'>ἄνωθεν</span> <span class='ocrx_word' id='word_1_61' title='bbox 1313 1088 1638 1158; x_wconf 89' lang='grc' dir='ltr'>προελέγετο</span> <span class='ocrx_word' id='word_1_62' title='bbox 1666 1090 1779 1149; x_wconf 91' lang='grc' dir='ltr'>τοῖς</span> <span class='ocrx_word' id='word_1_63' title='bbox 1822 1085 2054 1156; x_wconf 84' lang='grc' dir='ltr'>νηπίοις.</span> 
     </span>
    </p>
   </div>
   <div class='ocr_carea' id='block_1_10' title="bbox 481 1168 2058 1243">
    <p class='ocr_par' dir='ltr' id='par_1_10' title="bbox 481 1168 2058 1243">
     <span class='ocr_line' id='line_1_10' title="bbox 481 1168 2058 1243; baseline -0.001 -18"><span class='ocrx_word' id='word_1_64' title='bbox 481 1175 591 1225; x_wconf 75' lang='grc' dir='ltr'>Καὶ</span> <span class='ocrx_word' id='word_1_65' title='bbox 616 1177 725 1242; x_wconf 82' lang='grc' dir='ltr'>γάρ</span> <span class='ocrx_word' id='word_1_66' title='bbox 754 1173 784 1224; x_wconf 82' lang='grc' dir='ltr'>ὁ</span> <span class='ocrx_word' id='word_1_67' title='bbox 813 1172 1085 1243; x_wconf 81' lang='grc' dir='ltr'>ὀρχηστὴς</span> <span class='ocrx_word' id='word_1_68' title='bbox 1115 1173 1209 1225; x_wconf 80' lang='grc' dir='ltr'>καί</span> <span class='ocrx_word' id='word_1_69' title='bbox 1235 1173 1268 1241; x_wconf 82' lang='grc' dir='ltr'>ἡ</span> <span class='ocrx_word' id='word_1_70' title='bbox 1300 1172 1473 1242; x_wconf 86' lang='grc' dir='ltr'>πόρνη</span> <span class='ocrx_word' id='word_1_71' title='bbox 1506 1171 1643 1224; x_wconf 80' lang='grc' dir='ltr'>καὶὸ</span> <span class='ocrx_word' id='word_1_72' title='bbox 1668 1168 1923 1240; x_wconf 76' lang='grc' dir='ltr'>σκηνικὸς</span> <span class='ocrx_word' id='word_1_73' title='bbox 1960 1186 2058 1238; x_wconf 84' lang='grc' dir='ltr'>χα-</span> 
     </span>
    </p>
   </div>
   <div class='ocr_carea' id='block_1_11' title="bbox 483 1252 2059 1330">
    <p class='ocr_par' dir='ltr' id='par_1_11' title="bbox 483 1252 2059 1330">
     <span class='ocr_line' id='line_1_11' title="bbox 483 1252 2059 1330; baseline -0.005 -18"><span class='ocrx_word' id='word_1_74' title='bbox 483 1260 734 1330; x_wconf 85' lang='grc' dir='ltr'>ριέστερά</span> <span class='ocrx_word' id='word_1_75' title='bbox 779 1276 873 1311; x_wconf 89' lang='grc' dir='ltr'>σου</span> <span class='ocrx_word' id='word_1_76' title='bbox 932 1258 1236 1328; x_wconf 79' lang='grc' dir='ltr'>ἠμφίεσται</span> <span class='ocrx_word' id='word_1_77' title='bbox 1287 1261 1381 1310; x_wconf 75' lang='grc' dir='ltr'>καὶ</span> <span class='ocrx_word' id='word_1_78' title='bbox 1438 1254 1885 1327; x_wconf 88' lang='grc' dir='ltr'>πολυτελέστερα.</span> <span class='ocrx_word' id='word_1_79' title='bbox 1948 1252 2059 1305; x_wconf 79' lang='grc' dir='ltr'>Καὶ</span> 
     </span>
    </p>
   </div>
   <div class='ocr_carea' id='block_1_12' title="bbox 478 1332 2058 1413">
    <p class='ocr_par' dir='ltr' id='par_1_12' title="bbox 478 1332 2058 1413">
     <span class='ocr_line' id='line_1_12' title="bbox 478 1332 2058 1413; baseline -0.003 -18"><span class='ocrx_word' id='word_1_80' title='bbox 478 1344 644 1413; x_wconf 81' lang='grc' dir='ltr'>χωρὶς</span> <span class='ocrx_word' id='word_1_81' title='bbox 675 1343 732 1395; x_wconf 79' lang='grc' dir='ltr'>δὲ</span> <span class='ocrx_word' id='word_1_82' title='bbox 776 1343 1003 1405; x_wconf 87' lang='grc' dir='ltr'>τούτων,</span> <span class='ocrx_word' id='word_1_83' title='bbox 1053 1342 1365 1410; x_wconf 71' lang='grc' dir='ltr'>καυχᾶσαια</span> <span class='ocrx_word' id='word_1_84' title='bbox 1394 1341 1488 1393; x_wconf 72' lang='grc' dir='ltr'>ἐπὶ</span> <span class='ocrx_word' id='word_1_85' title='bbox 1538 1339 1824 1408; x_wconf 75' lang='grc' dir='ltr'>πράγματι</span> <span class='ocrx_word' id='word_1_86' title='bbox 1849 1376 1865 1402; x_wconf 92' lang='grc'>,</span> <span class='ocrx_word' id='word_1_87' title='bbox 1902 1332 1947 1405; x_wconf 82' lang='grc' dir='ltr'>ᾧ</span> <span class='ocrx_word' id='word_1_88' title='bbox 1988 1333 2058 1391; x_wconf 63' lang='grc' dir='ltr'>ἂν</span> 
     </span>
    </p>
   </div>
   <div class='ocr_carea' id='block_1_13' title="bbox 477 1420 2053 1493">
    <p class='ocr_par' dir='ltr' id='par_1_13' title="bbox 477 1420 2053 1493">
     <span class='ocr_line' id='line_1_13' title="bbox 477 1420 2053 1493; baseline -0.001 -19"><span class='ocrx_word' id='word_1_89' title='bbox 477 1424 771 1477; x_wconf 75' lang='grc' dir='ltr'>ἐπίθωνται</span> <span class='ocrx_word' id='word_1_90' title='bbox 822 1423 1004 1493; x_wconf 86' lang='grc' dir='ltr'>σῆτες,</span> <span class='ocrx_word' id='word_1_91' title='bbox 1035 1421 1423 1493; x_wconf 74' lang='grc' dir='ltr'>ἀπεστέρησαν</span> <span class='ocrx_word' id='word_1_92' title='bbox 1453 1438 1513 1473; x_wconf 90' lang='grc' dir='ltr'>σε</span> <span class='ocrx_word' id='word_1_93' title='bbox 1541 1421 1641 1491; x_wconf 84' lang='grc' dir='ltr'>τῆς</span> <span class='ocrx_word' id='word_1_94' title='bbox 1681 1420 2053 1481; x_wconf 79' lang='grc' dir='ltr'>ἀπολαύσεως.</span> 
     </span>
    </p>
   </div>
   <div class='ocr_carea' id='block_1_14' title="bbox 489 1501 2058 1577">
    <p class='ocr_par' dir='ltr' id='par_1_14' title="bbox 489 1501 2058 1577">
     <span class='ocr_line' id='line_1_14' title="bbox 489 1501 2058 1577; baseline -0.004 -18"><span class='ocrx_word' id='word_1_95' title='bbox 489 1508 661 1577; x_wconf 79' lang='grc' dir='ltr'>Ὁρᾷς</span> <span class='ocrx_word' id='word_1_96' title='bbox 713 1505 829 1569; x_wconf 83' lang='grc' dir='ltr'>πῶς</span> <span class='ocrx_word' id='word_1_97' title='bbox 870 1506 1126 1559; x_wconf 77' lang='grc' dir='ltr'>ἀϐέϐαιόν</span> <span class='ocrx_word' id='word_1_98' title='bbox 1164 1507 1279 1558; x_wconf 89' lang='grc' dir='ltr'>ἐστι</span> <span class='ocrx_word' id='word_1_99' title='bbox 1312 1506 1563 1575; x_wconf 74' lang='grc' dir='ltr'>πρᾶγμα,</span> <span class='ocrx_word' id='word_1_100' title='bbox 1589 1505 1623 1575; x_wconf 81' lang='grc' dir='ltr'><strong>ἡ</strong></span> <span class='ocrx_word' id='word_1_101' title='bbox 1647 1502 1742 1556; x_wconf 82' lang='grc' dir='ltr'>τοῦ</span> <span class='ocrx_word' id='word_1_102' title='bbox 1794 1501 2058 1571; x_wconf 84' lang='grc' dir='ltr'>παρόντος</span> 
     </span>
    </p>
   </div>
   <div class='ocr_carea' id='block_1_15' title="bbox 480 1585 2058 1659">
    <p class='ocr_par' dir='ltr' id='par_1_15' title="bbox 480 1585 2058 1659">
     <span class='ocr_line' id='line_1_15' title="bbox 480 1585 2058 1659; baseline -0.003 -17"><span class='ocrx_word' id='word_1_103' title='bbox 480 1590 593 1659; x_wconf 84' lang='grc' dir='ltr'>βίου</span> <span class='ocrx_word' id='word_1_104' title='bbox 641 1589 805 1655; x_wconf 82' lang='grc' dir='ltr'>δόξα;</span> <span class='ocrx_word' id='word_1_105' title='bbox 842 1590 1033 1659; x_wconf 78' lang='grc' dir='ltr'>Καυχᾷ</span> <span class='ocrx_word' id='word_1_106' title='bbox 1078 1590 1171 1641; x_wconf 75' lang='grc' dir='ltr'>ἐπὶ</span> <span class='ocrx_word' id='word_1_107' title='bbox 1214 1589 1521 1659; x_wconf 83' lang='grc' dir='ltr'>πράγματι,</span> <span class='ocrx_word' id='word_1_108' title='bbox 1560 1587 1590 1639; x_wconf 86' lang='grc' dir='ltr'><strong>ὃ</strong></span> <span class='ocrx_word' id='word_1_109' title='bbox 1644 1586 1925 1654; x_wconf 76' lang='grc' dir='ltr'>σκώληκες</span> <span class='ocrx_word' id='word_1_110' title='bbox 1974 1585 2058 1638; x_wconf 83' lang='grc' dir='ltr'>τί·</span> 
     </span>
    </p>
   </div>
   <div class='ocr_carea' id='block_1_16' title="bbox 479 1669 2057 1741">
    <p class='ocr_par' dir='ltr' id='par_1_16' title="bbox 479 1669 2057 1741">
     <span class='ocr_line' id='line_1_16' title="bbox 479 1669 2057 1741; baseline -0.005 -13"><span class='ocrx_word' id='word_1_111' title='bbox 479 1691 700 1741; x_wconf 88' lang='grc' dir='ltr'>κτουσι,</span> <span class='ocrx_word' id='word_1_112' title='bbox 764 1674 857 1727; x_wconf 73' lang='grc' dir='ltr'>καὶ</span> <span class='ocrx_word' id='word_1_113' title='bbox 912 1673 1238 1726; x_wconf 80' lang='grc' dir='ltr'>ἀπολλύουσι</span> <span class='ocrx_word' id='word_1_114' title='bbox 1263 1691 1275 1701; x_wconf 75' lang='grc' dir='ltr'><strong><em>ο</em></strong></span> <span class='ocrx_word' id='word_1_115' title='bbox 1301 1671 1545 1740; x_wconf 87' lang='grc' dir='ltr'>λέγονται</span> <span class='ocrx_word' id='word_1_116' title='bbox 1570 1670 1677 1741; x_wconf 80' lang='grc' dir='ltr'>γάρ</span> <span class='ocrx_word' id='word_1_117' title='bbox 1714 1669 1908 1722; x_wconf 81' lang='grc' dir='ltr'>Ἰνδικά</span> <span class='ocrx_word' id='word_1_118' title='bbox 1940 1686 2057 1721; x_wconf 89' lang='grc' dir='ltr'>τινα</span> 
     </span>
    </p>
   </div>
   <div class='ocr_carea' id='block_1_17' title="bbox 479 1752 2053 1826">
    <p class='ocr_par' dir='ltr' id='par_1_17' title="bbox 479 1752 2053 1826">
     <span class='ocr_line' id='line_1_17' title="bbox 479 1752 2053 1826; baseline -0.001 -19"><span class='ocrx_word' id='word_1_119' title='bbox 479 1756 695 1826; x_wconf 80' lang='grc' dir='ltr'>ζωΰφια</span> <span class='ocrx_word' id='word_1_120' title='bbox 710 1752 868 1821; x_wconf 80' lang='grc' dir='ltr'>εἶναι,</span> <span class='ocrx_word' id='word_1_121' title='bbox 892 1755 1014 1809; x_wconf 85' lang='grc' dir='ltr'>ὅθεν</span> <span class='ocrx_word' id='word_1_122' title='bbox 1030 1755 1099 1807; x_wconf 70' lang='grc' dir='ltr'>τὰ</span> <span class='ocrx_word' id='word_1_123' title='bbox 1121 1756 1338 1825; x_wconf 87' lang='grc' dir='ltr'>νήματα</span> <span class='ocrx_word' id='word_1_124' title='bbox 1365 1752 1536 1807; x_wconf 78' lang='grc' dir='ltr'>ταῦτα</span> <span class='ocrx_word' id='word_1_125' title='bbox 1563 1752 2053 1814; x_wconf 73' lang='grc' dir='ltr'>κατασκευάζεται.</span> 
     </span>
    </p>
   </div>
   <div class='ocr_carea' id='block_1_18' title="bbox 479 1836 2054 1912">
    <p class='ocr_par' dir='ltr' id='par_1_18' title="bbox 479 1836 2054 1912">
     <span class='ocr_line' id='line_1_18' title="bbox 479 1836 2054 1912; baseline -0.005 -16"><span class='ocrx_word' id='word_1_126' title='bbox 479 1842 695 1912; x_wconf 57' lang='grc' dir='ltr'>Ξίτῆσαι</span> <span class='ocrx_word' id='word_1_127' title='bbox 714 1841 949 1910; x_wconf 82' lang='grc' dir='ltr'>ἱμάτιον,</span> <span class='ocrx_word' id='word_1_128' title='bbox 981 1842 1028 1891; x_wconf 87' lang='grc' dir='ltr'>εί</span> <span class='ocrx_word' id='word_1_129' title='bbox 1062 1838 1262 1905; x_wconf 78' lang='grc' dir='ltr'>βούλει,</span> <span class='ocrx_word' id='word_1_130' title='bbox 1286 1837 1347 1890; x_wconf 84' lang='grc' dir='ltr'>τὸ</span> <span class='ocrx_word' id='word_1_131' title='bbox 1366 1839 1429 1891; x_wconf 89' lang='grc' dir='ltr'>ἐκ</span> <span class='ocrx_word' id='word_1_132' title='bbox 1449 1836 1555 1890; x_wconf 90' lang='grc' dir='ltr'>τῶν</span> <span class='ocrx_word' id='word_1_133' title='bbox 1572 1837 1778 1890; x_wconf 83' lang='grc' dir='ltr'>ἄνωθεν</span> <span class='ocrx_word' id='word_1_134' title='bbox 1801 1836 2054 1905; x_wconf 79' lang='grc' dir='ltr'>ὑφαντὺν,</span> 
     </span>
    </p>
   </div>
   <div class='ocr_carea' id='block_1_19' title="bbox 477 1917 2057 1994">
    <p class='ocr_par' dir='ltr' id='par_1_19' title="bbox 477 1917 2057 1994">
     <span class='ocr_line' id='line_1_19' title="bbox 477 1917 2057 1994; baseline -0.002 -19"><span class='ocrx_word' id='word_1_135' title='bbox 477 1924 579 1994; x_wconf 84' lang='grc' dir='ltr'>τὴν</span> <span class='ocrx_word' id='word_1_136' title='bbox 626 1922 919 1993; x_wconf 73' lang='grc' dir='ltr'>περιϐολὴν</span> <span class='ocrx_word' id='word_1_137' title='bbox 966 1921 1065 1991; x_wconf 84' lang='grc' dir='ltr'>τὴν</span> <span class='ocrx_word' id='word_1_138' title='bbox 1115 1920 1425 1989; x_wconf 76' lang='grc' dir='ltr'>θαυμασίαν</span> <span class='ocrx_word' id='word_1_139' title='bbox 1479 1918 1576 1971; x_wconf 75' lang='grc' dir='ltr'>καὶ</span> <span class='ocrx_word' id='word_1_140' title='bbox 1628 1917 1918 1989; x_wconf 76' lang='grc' dir='ltr'>λαμπράν,</span> <span class='ocrx_word' id='word_1_141' title='bbox 1966 1919 2057 1972; x_wconf 85' lang='grc' dir='ltr'>τὸν</span> 
     </span>
    </p>
   </div>
   <div class='ocr_carea' id='block_1_20' title="bbox 481 2000 2058 2076">
    <p class='ocr_par' dir='ltr' id='par_1_20' title="bbox 481 2000 2058 2076">
     <span class='ocr_line' id='line_1_20' title="bbox 481 2000 2058 2076; baseline -0.003 -19"><span class='ocrx_word' id='word_1_142' title='bbox 481 2006 781 2076; x_wconf 85' lang='grc' dir='ltr'>ίματισμὸν</span> <span class='ocrx_word' id='word_1_143' title='bbox 826 2005 917 2057; x_wconf 81' lang='grc' dir='ltr'>τὸν</span> <span class='ocrx_word' id='word_1_144' title='bbox 972 2003 1259 2074; x_wconf 86' lang='grc' dir='ltr'>διάχρυσον</span> <span class='ocrx_word' id='word_1_145' title='bbox 1294 2002 1482 2064; x_wconf 79' lang='grc' dir='ltr'>ὅντως.</span> <span class='ocrx_word' id='word_1_146' title='bbox 1531 2001 1765 2063; x_wconf 87' lang='grc' dir='ltr'>Ἐκεῖνος</span> <span class='ocrx_word' id='word_1_147' title='bbox 1791 2002 1819 2052; x_wconf 88' lang='grc' dir='ltr'>ὁ</span> <span class='ocrx_word' id='word_1_148' title='bbox 1857 2000 2058 2071; x_wconf 85' lang='grc' dir='ltr'>χρυσὸς</span> 
     </span>
    </p>
   </div>
   <div class='ocr_carea' id='block_1_21' title="bbox 478 2082 2054 2159">
    <p class='ocr_par' dir='ltr' id='par_1_21' title="bbox 478 2082 2054 2159">
     <span class='ocr_line' id='line_1_21' title="bbox 478 2082 2054 2159; baseline -0.003 -18"><span class='ocrx_word' id='word_1_149' title='bbox 478 2089 579 2152; x_wconf 80' lang='grc' dir='ltr'>ρύκ</span> <span class='ocrx_word' id='word_1_150' title='bbox 600 2089 707 2141; x_wconf 75' lang='grc' dir='ltr'>ἀπὸ</span> <span class='ocrx_word' id='word_1_151' title='bbox 729 2087 1011 2159; x_wconf 87' lang='grc' dir='ltr'>μετάλλων</span> <span class='ocrx_word' id='word_1_152' title='bbox 1034 2086 1200 2148; x_wconf 83' lang='grc' dir='ltr'>ἐστὶν,</span> <span class='ocrx_word' id='word_1_153' title='bbox 1227 2084 1264 2139; x_wconf 78' lang='grc' dir='ltr'>ἃ</span> <span class='ocrx_word' id='word_1_154' title='bbox 1282 2084 1589 2138; x_wconf 78' lang='grc' dir='ltr'>καταδίκων</span> <span class='ocrx_word' id='word_1_155' title='bbox 1612 2087 1789 2155; x_wconf 86' lang='grc' dir='ltr'>χεῖρες</span> <span class='ocrx_word' id='word_1_156' title='bbox 1817 2082 2054 2154; x_wconf 79' lang='grc' dir='ltr'>ὤρυξαν,</span> 
     </span>
    </p>
   </div>
   <div class='ocr_carea' id='block_1_22' title="bbox 477 2165 2057 2241">
    <p class='ocr_par' dir='ltr' id='par_1_22' title="bbox 477 2165 2057 2241">
     <span class='ocr_line' id='line_1_22' title="bbox 477 2165 2057 2241; baseline -0.003 -18"><span class='ocrx_word' id='word_1_157' title='bbox 477 2170 594 2223; x_wconf 89' lang='grc' dir='ltr'>ἀλλ’</span> <span class='ocrx_word' id='word_1_158' title='bbox 649 2170 759 2223; x_wconf 84' lang='grc' dir='ltr'>ἀπὸ</span> <span class='ocrx_word' id='word_1_159' title='bbox 808 2169 1008 2241; x_wconf 84' lang='grc' dir='ltr'>ἀρετῆς</span> <span class='ocrx_word' id='word_1_160' title='bbox 1063 2168 1326 2222; x_wconf 82' lang='grc' dir='ltr'>τίκτεται.</span> <span class='ocrx_word' id='word_1_161' title='bbox 1388 2165 1775 2236; x_wconf 78' lang='grc' dir='ltr'>Περιδάλωμεν</span> <span class='ocrx_word' id='word_1_162' title='bbox 1832 2167 2057 2231; x_wconf 79' lang='grc' dir='ltr'>ἑαυτοὺς</span> 
     </span>
    </p>
   </div>
   <div class='ocr_carea' id='block_1_23' title="bbox 478 2248 2057 2322">
    <p class='ocr_par' dir='ltr' id='par_1_23' title="bbox 478 2248 2057 2322">
     <span class='ocr_line' id='line_1_23' title="bbox 478 2248 2057 2322; baseline -0.003 -18"><span class='ocrx_word' id='word_1_163' title='bbox 478 2252 665 2322; x_wconf 79' lang='grc' dir='ltr'>ἐκείνῃ</span> <span class='ocrx_word' id='word_1_164' title='bbox 686 2254 751 2322; x_wconf 78' lang='grc' dir='ltr'>τῇ</span> <span class='ocrx_word' id='word_1_165' title='bbox 785 2250 966 2320; x_wconf 82' lang='grc' dir='ltr'>στολῇ,</span> <span class='ocrx_word' id='word_1_166' title='bbox 995 2249 1176 2320; x_wconf 79' lang='grc' dir='ltr'>ἢνούκ</span> <span class='ocrx_word' id='word_1_167' title='bbox 1194 2249 1473 2318; x_wconf 80' lang='grc' dir='ltr'>ἄνθρωποι</span> <span class='ocrx_word' id='word_1_168' title='bbox 1502 2248 1732 2319; x_wconf 83' lang='grc' dir='ltr'>πένητες</span> <span class='ocrx_word' id='word_1_169' title='bbox 1762 2248 1855 2301; x_wconf 74' lang='grc' dir='ltr'>καὶ</span> <span class='ocrx_word' id='word_1_170' title='bbox 1882 2248 2057 2301; x_wconf 78' lang='grc' dir='ltr'>δοῦλοι</span> 
     </span>
    </p>
   </div>
   <div class='ocr_carea' id='block_1_24' title="bbox 478 2331 2056 2402">
    <p class='ocr_par' dir='ltr' id='par_1_24' title="bbox 478 2331 2056 2402">
     <span class='ocr_line' id='line_1_24' title="bbox 478 2331 2056 2402; baseline -0.004 -13"><span class='ocrx_word' id='word_1_171' title='bbox 478 2333 1001 2397; x_wconf 76' lang='grc' dir='ltr'>κατασκευάζουσιν,</span> <span class='ocrx_word' id='word_1_172' title='bbox 1032 2333 1146 2386; x_wconf 84' lang='grc' dir='ltr'>ἀλλ’</span> <span class='ocrx_word' id='word_1_173' title='bbox 1172 2332 1334 2395; x_wconf 85' lang='grc' dir='ltr'>αὐτὸς</span> <span class='ocrx_word' id='word_1_174' title='bbox 1359 2334 1387 2385; x_wconf 87' lang='grc' dir='ltr'>ό</span> <span class='ocrx_word' id='word_1_175' title='bbox 1404 2332 1696 2402; x_wconf 62' lang='grc' dir='ltr'>Δεσπότης.</span> <span class='ocrx_word' id='word_1_176' title='bbox 1730 2331 1888 2384; x_wconf 86' lang='grc' dir='ltr'>Ἀλλά</span> <span class='ocrx_word' id='word_1_177' title='bbox 1912 2333 2056 2400; x_wconf 85' lang='grc' dir='ltr'>ἐρεῖς</span> 
     </span>
    </p>
   </div>
   <div class='ocr_carea' id='block_1_25' title="bbox 476 2414 2056 2487">
    <p class='ocr_par' dir='ltr' id='par_1_25' title="bbox 476 2414 2056 2487">
     <span class='ocr_line' id='line_1_25' title="bbox 476 2414 2056 2487; baseline -0.003 -16"><span class='ocrx_word' id='word_1_178' title='bbox 476 2419 560 2471; x_wconf 84' lang='grc' dir='ltr'>ὅτι</span> <span class='ocrx_word' id='word_1_179' title='bbox 596 2418 972 2487; x_wconf 84' lang='grc' dir='ltr'>κατέσπαρται</span> <span class='ocrx_word' id='word_1_180' title='bbox 1006 2417 1086 2486; x_wconf 85' lang='grc' dir='ltr'>τῷ</span> <span class='ocrx_word' id='word_1_181' title='bbox 1124 2416 1326 2487; x_wconf 87' lang='grc' dir='ltr'>ίματίῳ</span> <span class='ocrx_word' id='word_1_182' title='bbox 1382 2415 1557 2485; x_wconf 88' lang='grc' dir='ltr'>τούτῳ</span> <span class='ocrx_word' id='word_1_183' title='bbox 1609 2415 1839 2484; x_wconf 88' lang='grc' dir='ltr'>χρυσός;</span> <span class='ocrx_word' id='word_1_184' title='bbox 1870 2415 1980 2467; x_wconf 80' lang='grc' dir='ltr'>Καὶ</span> <span class='ocrx_word' id='word_1_185' title='bbox 2002 2414 2056 2466; x_wconf 89' lang='grc' dir='ltr'>τί</span> 
     </span>
    </p>
   </div>
   <div class='ocr_carea' id='block_1_26' title="bbox 474 2496 2057 2569">
    <p class='ocr_par' dir='ltr' id='par_1_26' title="bbox 474 2496 2057 2569">
     <span class='ocr_line' id='line_1_26' title="bbox 474 2496 2057 2569; baseline -0.002 -17"><span class='ocrx_word' id='word_1_186' title='bbox 474 2499 634 2552; x_wconf 80' lang='grc' dir='ltr'>τοῦτο</span> <span class='ocrx_word' id='word_1_187' title='bbox 654 2498 789 2567; x_wconf 75' lang='grc' dir='ltr'>πρὸς</span> <span class='ocrx_word' id='word_1_188' title='bbox 819 2504 914 2566; x_wconf 69' lang='lat' dir='ltr'>at;</span> <span class='ocrx_word' id='word_1_189' title='bbox 949 2498 1040 2551; x_wconf 80' lang='grc' dir='ltr'>τὸν</span> <span class='ocrx_word' id='word_1_190' title='bbox 1065 2499 1172 2569; x_wconf 87' lang='grc' dir='ltr'>γάρ</span> <span class='ocrx_word' id='word_1_191' title='bbox 1200 2496 1574 2568; x_wconf 76' lang='grc' dir='ltr'>ἐργασάμενον</span> <span class='ocrx_word' id='word_1_192' title='bbox 1615 2498 1815 2559; x_wconf 82' lang='grc' dir='ltr'>πάντες</span> <span class='ocrx_word' id='word_1_193' title='bbox 1846 2496 2057 2566; x_wconf 84' lang='grc' dir='ltr'>θαυμά-</span> 
     </span>
    </p>
   </div>
   <div class='ocr_carea' id='block_1_27' title="bbox 475 2578 2057 2651">
    <p class='ocr_par' dir='ltr' id='par_1_27' title="bbox 475 2578 2057 2651">
     <span class='ocr_line' id='line_1_27' title="bbox 475 2578 2057 2651; baseline -0.002 -16"><span class='ocrx_word' id='word_1_194' title='bbox 475 2584 678 2649; x_wconf 90' lang='grc' dir='ltr'>ζουσιν,</span> <span class='ocrx_word' id='word_1_195' title='bbox 703 2582 765 2634; x_wconf 85' lang='grc' dir='ltr'>οὺ</span> <span class='ocrx_word' id='word_1_196' title='bbox 794 2582 888 2635; x_wconf 87' lang='grc' dir='ltr'>τὸν</span> <span class='ocrx_word' id='word_1_197' title='bbox 935 2582 1319 2651; x_wconf 82' lang='grc' dir='ltr'>περικείμενον</span> <span class='ocrx_word' id='word_1_198' title='bbox 1340 2595 1355 2610; x_wconf 77' lang='grc'><strong><em>⁸</em></strong></span> <span class='ocrx_word' id='word_1_199' title='bbox 1403 2580 1614 2633; x_wconf 81' lang='grc' dir='ltr'>ἐκείνου</span> <span class='ocrx_word' id='word_1_200' title='bbox 1658 2580 1765 2649; x_wconf 78' lang='grc' dir='ltr'>γὰρ</span> <span class='ocrx_word' id='word_1_201' title='bbox 1808 2578 1976 2641; x_wconf 73' lang='grc' dir='ltr'>ὅντως</span> <span class='ocrx_word' id='word_1_202' title='bbox 1997 2579 2057 2632; x_wconf 85' lang='grc' dir='ltr'>τὸ</span> 
     </span>
    </p>
   </div>
   <div class='ocr_carea' id='block_1_28' title="bbox 474 2661 2057 2735">
    <p class='ocr_par' dir='ltr' id='par_1_28' title="bbox 474 2661 2057 2735">
     <span class='ocr_line' id='line_1_28' title="bbox 474 2661 2057 2735; baseline -0.002 -18"><span class='ocrx_word' id='word_1_203' title='bbox 474 2665 680 2735; x_wconf 84' lang='grc' dir='ltr'>θαῦμα.</span> <span class='ocrx_word' id='word_1_204' title='bbox 715 2665 926 2734; x_wconf 82' lang='grc' dir='ltr'>Ὥσπερ</span> <span class='ocrx_word' id='word_1_205' title='bbox 944 2665 1050 2733; x_wconf 87' lang='grc' dir='ltr'>γὰρ</span> <span class='ocrx_word' id='word_1_206' title='bbox 1083 2664 1177 2715; x_wconf 82' lang='grc' dir='ltr'>ἐπὶ</span> <span class='ocrx_word' id='word_1_207' title='bbox 1196 2663 1304 2715; x_wconf 88' lang='grc' dir='ltr'>τῶν</span> <span class='ocrx_word' id='word_1_208' title='bbox 1332 2663 1560 2731; x_wconf 81' lang='grc' dir='ltr'>ἱματίων</span> <span class='ocrx_word' id='word_1_209' title='bbox 1585 2661 1691 2714; x_wconf 78' lang='grc' dir='ltr'>τῶν</span> <span class='ocrx_word' id='word_1_210' title='bbox 1721 2663 1881 2715; x_wconf 83' lang='grc' dir='ltr'>λιτῶν</span> <span class='ocrx_word' id='word_1_211' title='bbox 1910 2663 1969 2714; x_wconf 89' lang='grc' dir='ltr'>ού</span> <span class='ocrx_word' id='word_1_212' title='bbox 1996 2662 2057 2715; x_wconf 86' lang='grc' dir='ltr'>τὸ</span> 
     </span>
    </p>
   </div>
   <div class='ocr_carea' id='block_1_29' title="bbox 474 2741 2051 2813">
    <p class='ocr_par' dir='ltr' id='par_1_29' title="bbox 474 2741 2051 2813">
     <span class='ocr_line' id='line_1_29' title="bbox 474 2741 2051 2813; baseline -0.003 -14"><span class='ocrx_word' id='word_1_213' title='bbox 474 2746 631 2812; x_wconf 77' lang='grc' dir='ltr'>ξύλον</span> <span class='ocrx_word' id='word_1_214' title='bbox 653 2785 668 2809; x_wconf 95' lang='grc'>,</span> <span class='ocrx_word' id='word_1_215' title='bbox 718 2747 777 2797; x_wconf 84' lang='grc' dir='ltr'>ἐν</span> <span class='ocrx_word' id='word_1_216' title='bbox 804 2741 848 2813; x_wconf 81' lang='grc' dir='ltr'>ᾧ</span> <span class='ocrx_word' id='word_1_217' title='bbox 898 2746 1182 2797; x_wconf 76' lang='grc' dir='ltr'>ἐντέταται</span> <span class='ocrx_word' id='word_1_218' title='bbox 1218 2744 1275 2796; x_wconf 86' lang='grc' dir='ltr'>τὸ</span> <span class='ocrx_word' id='word_1_219' title='bbox 1307 2743 1519 2813; x_wconf 82' lang='grc' dir='ltr'>ἱμάτιον</span> <span class='ocrx_word' id='word_1_220' title='bbox 1553 2746 1647 2796; x_wconf 76' lang='grc' dir='ltr'>ἐπὶ</span> <span class='ocrx_word' id='word_1_221' title='bbox 1691 2744 1749 2795; x_wconf 85' lang='grc' dir='ltr'>τὸ</span> <span class='ocrx_word' id='word_1_222' title='bbox 1784 2747 2051 2812; x_wconf 75' lang='grc' dir='ltr'>κναφεῖον,</span> 
     </span>
    </p>
   </div>
   <div class='ocr_carea' id='block_1_30' title="bbox 474 2828 2055 2900">
    <p class='ocr_par' dir='ltr' id='par_1_30' title="bbox 474 2828 2055 2900">
     <span class='ocr_line' id='line_1_30' title="bbox 474 2828 2055 2900; baseline 0.001 -19"><span class='ocrx_word' id='word_1_223' title='bbox 474 2830 847 2900; x_wconf 80' lang='grc' dir='ltr'>θαυμάζομεν,</span> <span class='ocrx_word' id='word_1_224' title='bbox 893 2828 1029 2881; x_wconf 90' lang='grc' dir='ltr'>ἀλλά</span> <span class='ocrx_word' id='word_1_225' title='bbox 1067 2828 1159 2881; x_wconf 82' lang='grc' dir='ltr'>τὸν</span> <span class='ocrx_word' id='word_1_226' title='bbox 1209 2829 1618 2899; x_wconf 83' lang='grc' dir='ltr'>ἐργαζόμενον,</span> <span class='ocrx_word' id='word_1_227' title='bbox 1678 2828 1854 2881; x_wconf 85' lang='grc' dir='ltr'>καίτοι</span> <span class='ocrx_word' id='word_1_228' title='bbox 1899 2829 2055 2892; x_wconf 78' lang='grc' dir='ltr'>ξύλον</span> 
     </span>
    </p>
   </div>
   <div class='ocr_carea' id='block_1_31' title="bbox 474 2908 2055 2981">
    <p class='ocr_par' dir='ltr' id='par_1_31' title="bbox 474 2908 2055 2981">
     <span class='ocr_line' id='line_1_31' title="bbox 474 2908 2055 2981; baseline 0.001 -18"><span class='ocrx_word' id='word_1_229' title='bbox 474 2912 614 2964; x_wconf 82' lang='grc' dir='ltr'>αύτά</span> <span class='ocrx_word' id='word_1_230' title='bbox 658 2914 835 2981; x_wconf 82' lang='grc' dir='ltr'>φορεῖ,</span> <span class='ocrx_word' id='word_1_231' title='bbox 865 2910 962 2963; x_wconf 76' lang='grc' dir='ltr'>καὶ</span> <span class='ocrx_word' id='word_1_232' title='bbox 992 2909 1134 2980; x_wconf 80' lang='grc' dir='ltr'>ξύλῳ</span> <span class='ocrx_word' id='word_1_233' title='bbox 1165 2908 1461 2962; x_wconf 85' lang='grc' dir='ltr'>ἐνδέδεται.</span> <span class='ocrx_word' id='word_1_234' title='bbox 1510 2911 1717 2980; x_wconf 79' lang='grc' dir='ltr'>Ὠσπερ</span> <span class='ocrx_word' id='word_1_235' title='bbox 1733 2908 1825 2962; x_wconf 80' lang='grc' dir='ltr'>οὖν</span> <span class='ocrx_word' id='word_1_236' title='bbox 1871 2913 2055 2964; x_wconf 79' lang='grc' dir='ltr'>ἐκεῖνα</span> 
     </span>
    </p>
   </div>
   <div class='ocr_carea' id='block_1_32' title="bbox 473 2989 2055 3065">
    <p class='ocr_par' dir='ltr' id='par_1_32' title="bbox 473 2989 2055 3065">
     <span class='ocr_line' id='line_1_32' title="bbox 473 2989 2055 3065; baseline 0 -17"><span class='ocrx_word' id='word_1_237' title='bbox 473 2997 534 3049; x_wconf 66' lang='grc' dir='ltr'>οὔ</span> <span class='ocrx_word' id='word_1_238' title='bbox 566 2995 757 3065; x_wconf 87' lang='grc' dir='ltr'>χρείας</span> <span class='ocrx_word' id='word_1_239' title='bbox 789 2995 975 3047; x_wconf 83' lang='grc' dir='ltr'>ἐνεκεν</span> <span class='ocrx_word' id='word_1_240' title='bbox 1000 2994 1288 3057; x_wconf 81' lang='grc' dir='ltr'>ἐνδέδεται,</span> <span class='ocrx_word' id='word_1_241' title='bbox 1324 2993 1498 3057; x_wconf 75' lang='grc' dir='ltr'>οὕτως</span> <span class='ocrx_word' id='word_1_242' title='bbox 1538 2995 1659 3046; x_wconf 76' lang='grc' dir='ltr'>οὐδὲ</span> <span class='ocrx_word' id='word_1_243' title='bbox 1703 2989 1883 3057; x_wconf 72' lang='grc' dir='ltr'>αὗται,</span> <span class='ocrx_word' id='word_1_244' title='bbox 1919 2994 2055 3048; x_wconf 88' lang='grc' dir='ltr'>ἀλλά</span> 
     </span>
    </p>
   </div>
   <div class='ocr_carea' id='block_1_33' title="bbox 473 3076 2052 3148">
    <p class='ocr_par' dir='ltr' id='par_1_33' title="bbox 473 3076 2052 3148">
     <span class='ocr_line' id='line_1_33' title="bbox 473 3076 2052 3148; baseline -0.001 -17"><span class='ocrx_word' id='word_1_245' title='bbox 473 3082 573 3147; x_wconf 82' lang='grc' dir='ltr'>τῆς</span> <span class='ocrx_word' id='word_1_246' title='bbox 598 3077 693 3130; x_wconf 79' lang='grc' dir='ltr'>τοῦ</span> <span class='ocrx_word' id='word_1_247' title='bbox 715 3077 929 3148; x_wconf 79' lang='grc' dir='ltr'>ἱματίου</span> <span class='ocrx_word' id='word_1_248' title='bbox 947 3077 1156 3148; x_wconf 88' lang='grc' dir='ltr'>χρείας,</span> <span class='ocrx_word' id='word_1_249' title='bbox 1180 3076 1268 3129; x_wconf 80' lang='grc' dir='ltr'>ἵνα</span> <span class='ocrx_word' id='word_1_250' title='bbox 1287 3077 1630 3147; x_wconf 90' lang='grc' dir='ltr'>τινάσσηται,</span> <span class='ocrx_word' id='word_1_251' title='bbox 1651 3077 1834 3145; x_wconf 68' lang='grc' dir='ltr'>φησὶν,</span> <span class='ocrx_word' id='word_1_252' title='bbox 1860 3077 1947 3129; x_wconf 81' lang='grc' dir='ltr'>ἵνα</span> <span class='ocrx_word' id='word_1_253' title='bbox 1977 3078 2052 3147; x_wconf 87' lang='grc' dir='ltr'>μὴ</span> 
     </span>
    </p>
   </div>
   <div class='ocr_carea' id='block_1_34' title="bbox 476 3155 2053 3231">
    <p class='ocr_par' dir='ltr' id='par_1_34' title="bbox 476 3155 2053 3231">
     <span class='ocr_line' id='line_1_34' title="bbox 476 3155 2053 3231; baseline 0 -17"><span class='ocrx_word' id='word_1_254' title='bbox 476 3162 602 3231; x_wconf 84' lang='grc' dir='ltr'>σητί</span> <span class='ocrx_word' id='word_1_255' title='bbox 637 3160 1047 3230; x_wconf 88' lang='grc' dir='ltr'>κατατείνηται.</span> <span class='ocrx_word' id='word_1_256' title='bbox 1072 3161 1195 3223; x_wconf 85' lang='grc' dir='ltr'>Πῶς</span> <span class='ocrx_word' id='word_1_257' title='bbox 1212 3155 1304 3213; x_wconf 81' lang='grc' dir='ltr'>οὖν</span> <span class='ocrx_word' id='word_1_258' title='bbox 1318 3160 1418 3213; x_wconf 84' lang='grc' dir='ltr'>οὐκ</span> <span class='ocrx_word' id='word_1_259' title='bbox 1432 3160 1668 3231; x_wconf 89' lang='grc' dir='ltr'>ἐσχάτης</span> <span class='ocrx_word' id='word_1_260' title='bbox 1692 3159 1849 3213; x_wconf 79' lang='grc' dir='ltr'>τοῦτο</span> <span class='ocrx_word' id='word_1_261' title='bbox 1868 3161 2053 3224; x_wconf 86' lang='grc' dir='ltr'>ἀνοίας</span> 
     </span>
    </p>
   </div>
   <div class='ocr_carea' id='block_1_35' title="bbox 471 3243 2050 3315">
    <p class='ocr_par' dir='ltr' id='par_1_35' title="bbox 471 3243 2050 3315">
     <span class='ocr_line' id='line_1_35' title="bbox 471 3243 2050 3315; baseline 0.001 -18"><span class='ocrx_word' id='word_1_262' title='bbox 471 3246 640 3310; x_wconf 84' lang='grc' dir='ltr'>ἐστὶν,</span> <span class='ocrx_word' id='word_1_263' title='bbox 667 3244 806 3315; x_wconf 81' lang='grc' dir='ltr'>ὑπὲρ</span> <span class='ocrx_word' id='word_1_264' title='bbox 826 3243 920 3297; x_wconf 84' lang='grc' dir='ltr'>τοῦ</span> <span class='ocrx_word' id='word_1_265' title='bbox 950 3243 1179 3315; x_wconf 82' lang='grc' dir='ltr'>μηδενὸς</span> <span class='ocrx_word' id='word_1_266' title='bbox 1198 3244 1467 3314; x_wconf 89' lang='grc' dir='ltr'>τοσαύτην</span> <span class='ocrx_word' id='word_1_267' title='bbox 1500 3244 1767 3297; x_wconf 88' lang='grc' dir='ltr'>ποιεῖσθαι</span> <span class='ocrx_word' id='word_1_268' title='bbox 1792 3244 2050 3315; x_wconf 84' lang='grc' dir='ltr'>σπουδὴν,</span> 
     </span>
    </p>
   </div>
   <div class='ocr_carea' id='block_1_36' title="bbox 473 3326 2051 3400">
    <p class='ocr_par' dir='ltr' id='par_1_36' title="bbox 473 3326 2051 3400">
     <span class='ocr_line' id='line_1_36' title="bbox 473 3326 2051 3400; baseline 0.002 -20"><span class='ocrx_word' id='word_1_269' title='bbox 473 3330 568 3381; x_wconf 81' lang='grc' dir='ltr'>καὶ</span> <span class='ocrx_word' id='word_1_270' title='bbox 598 3328 774 3380; x_wconf 88' lang='grc' dir='ltr'>πάντα</span> <span class='ocrx_word' id='word_1_271' title='bbox 805 3326 1170 3398; x_wconf 80' lang='grc' dir='ltr'>μηχανᾶσθαι,</span> <span class='ocrx_word' id='word_1_272' title='bbox 1207 3328 1303 3381; x_wconf 75' lang='grc' dir='ltr'>καὶ</span> <span class='ocrx_word' id='word_1_273' title='bbox 1342 3327 1442 3399; x_wconf 84' lang='grc' dir='ltr'>τὴν</span> <span class='ocrx_word' id='word_1_274' title='bbox 1476 3327 1687 3380; x_wconf 90' lang='grc' dir='ltr'>ἐαυτῶν</span> <span class='ocrx_word' id='word_1_275' title='bbox 1738 3328 2051 3400; x_wconf 84' lang='grc' dir='ltr'>προδιδόναι</span> 
     </span>
    </p>
   </div>
   <div class='ocr_carea' id='block_1_37' title="bbox 471 3411 2053 3483">
    <p class='ocr_par' dir='ltr' id='par_1_37' title="bbox 471 3411 2053 3483">
     <span class='ocr_line' id='line_1_37' title="bbox 471 3411 2053 3483; baseline 0.001 -18"><span class='ocrx_word' id='word_1_276' title='bbox 471 3412 786 3481; x_wconf 86' lang='grc' dir='ltr'>σωτηρίαν,</span> <span class='ocrx_word' id='word_1_277' title='bbox 833 3412 925 3463; x_wconf 78' lang='grc' dir='ltr'>καὶ</span> <span class='ocrx_word' id='word_1_278' title='bbox 964 3412 1065 3481; x_wconf 83' lang='grc' dir='ltr'>τῆς</span> <span class='ocrx_word' id='word_1_279' title='bbox 1108 3411 1334 3482; x_wconf 83' lang='grc' dir='ltr'>γεέννης</span> <span class='ocrx_word' id='word_1_280' title='bbox 1380 3414 1779 3483; x_wconf 87' lang='grc' dir='ltr'>καταφρονεῖν,</span> <span class='ocrx_word' id='word_1_281' title='bbox 1834 3412 1928 3466; x_wconf 82' lang='grc' dir='ltr'>καὶ</span> <span class='ocrx_word' id='word_1_282' title='bbox 1970 3413 2053 3477; x_wconf 89' lang='grc' dir='ltr'>εἰς</span> 
     </span>
    </p>
   </div>
   <div class='ocr_carea' id='block_1_38' title="bbox 470 3493 2048 3566">
    <p class='ocr_par' dir='ltr' id='par_1_38' title="bbox 470 3493 2048 3566">
     <span class='ocr_line' id='line_1_38' title="bbox 470 3493 2048 3566; baseline 0.002 -20"><span class='ocrx_word' id='word_1_283' title='bbox 470 3493 602 3547; x_wconf 75' lang='grc' dir='ltr'>Θεὸν</span> <span class='ocrx_word' id='word_1_284' title='bbox 635 3493 900 3564; x_wconf 79' lang='grc' dir='ltr'>ὑϐρίζειν,</span> <span class='ocrx_word' id='word_1_285' title='bbox 927 3495 1024 3547; x_wconf 79' lang='grc' dir='ltr'>καὶ</span> <span class='ocrx_word' id='word_1_286' title='bbox 1058 3496 1320 3565; x_wconf 81' lang='grc' dir='ltr'>περιορᾷν</span> <span class='ocrx_word' id='word_1_287' title='bbox 1352 3495 1445 3547; x_wconf 85' lang='grc' dir='ltr'>τὸν</span> <span class='ocrx_word' id='word_1_288' title='bbox 1468 3496 1702 3566; x_wconf 77' lang='grc' dir='ltr'>Χριστὸν</span> <span class='ocrx_word' id='word_1_289' title='bbox 1748 3494 2048 3561; x_wconf 75' lang='grc' dir='ltr'>πεινῶντας</span> 
     </span>
    </p>
   </div>
   <div class='ocr_carea' id='block_1_39' title="bbox 470 3577 2049 3649">
    <p class='ocr_par' dir='ltr' id='par_1_39' title="bbox 470 3577 2049 3649">
     <span class='ocr_line' id='line_1_39' title="bbox 470 3577 2049 3649; baseline 0.002 -18"><span class='ocrx_word' id='word_1_290' title='bbox 470 3579 536 3631; x_wconf 91' lang='grc' dir='ltr'>Τί</span> <span class='ocrx_word' id='word_1_291' title='bbox 566 3578 633 3633; x_wconf 85' lang='grc' dir='ltr'>ἀν</span> <span class='ocrx_word' id='word_1_292' title='bbox 656 3595 741 3641; x_wconf 90' lang='grc' dir='ltr'>τις</span> <span class='ocrx_word' id='word_1_293' title='bbox 771 3578 913 3630; x_wconf 83' lang='grc' dir='ltr'>εἴποι</span> <span class='ocrx_word' id='word_1_294' title='bbox 941 3577 1041 3648; x_wconf 83' lang='grc' dir='ltr'>τὴν</span> <span class='ocrx_word' id='word_1_295' title='bbox 1067 3578 1174 3631; x_wconf 89' lang='grc' dir='ltr'>τῶν</span> <span class='ocrx_word' id='word_1_296' title='bbox 1199 3578 1510 3649; x_wconf 81' lang='grc' dir='ltr'>ἀρωμάτων</span> <span class='ocrx_word' id='word_1_297' title='bbox 1537 3578 1907 3644; x_wconf 87' lang='grc' dir='ltr'>πολυτέλειαν,</span> <span class='ocrx_word' id='word_1_298' title='bbox 1940 3579 2049 3634; x_wconf 90' lang='grc' dir='ltr'>τῶν</span> 
     </span>
    </p>
   </div>
   <div class='ocr_carea' id='block_1_40' title="bbox 484 3661 2048 3733">
    <p class='ocr_par' dir='ltr' id='par_1_40' title="bbox 484 3661 2048 3733">
     <span class='ocr_line' id='line_1_40' title="bbox 484 3661 2048 3733; baseline 0.001 -19"><span class='ocrx_word' id='word_1_299' title='bbox 484 3662 737 3726; x_wconf 82' lang='grc' dir='ltr'>Ἰνδικῶν,</span> <span class='ocrx_word' id='word_1_300' title='bbox 763 3661 873 3714; x_wconf 87' lang='grc' dir='ltr'>τῶν</span> <span class='ocrx_word' id='word_1_301' title='bbox 923 3662 1255 3732; x_wconf 78' lang='grc' dir='ltr'>Ἀραϐικῶν,</span> <span class='ocrx_word' id='word_1_302' title='bbox 1298 3662 1408 3716; x_wconf 87' lang='grc' dir='ltr'>τῶν</span> <span class='ocrx_word' id='word_1_303' title='bbox 1452 3663 1761 3733; x_wconf 88' lang='grc' dir='ltr'>Περσικῶν.</span> <span class='ocrx_word' id='word_1_304' title='bbox 1804 3662 1915 3716; x_wconf 87' lang='grc' dir='ltr'>τῶν</span> <span class='ocrx_word' id='word_1_305' title='bbox 1950 3661 2048 3732; x_wconf 78' lang='grc' dir='ltr'>ξη-</span> 
     </span>
    </p>
   </div>
   <div class='ocr_carea' id='block_1_41' title="bbox 469 3743 2048 3817">
    <p class='ocr_par' dir='ltr' id='par_1_41' title="bbox 469 3743 2048 3817">
     <span class='ocr_line' id='line_1_41' title="bbox 469 3743 2048 3817; baseline 0.001 -21"><span class='ocrx_word' id='word_1_306' title='bbox 469 3745 604 3815; x_wconf 87' lang='grc' dir='ltr'>ρῶν,</span> <span class='ocrx_word' id='word_1_307' title='bbox 624 3745 733 3799; x_wconf 88' lang='grc' dir='ltr'>τῶν</span> <span class='ocrx_word' id='word_1_308' title='bbox 756 3743 960 3814; x_wconf 84' lang='grc' dir='ltr'>ὑγρῶν,</span> <span class='ocrx_word' id='word_1_309' title='bbox 985 3744 1093 3797; x_wconf 91' lang='grc' dir='ltr'>τῶν</span> <span class='ocrx_word' id='word_1_310' title='bbox 1117 3744 1324 3815; x_wconf 88' lang='grc' dir='ltr'>μύρων,</span> <span class='ocrx_word' id='word_1_311' title='bbox 1354 3744 1465 3797; x_wconf 88' lang='grc' dir='ltr'>τῶν</span> <span class='ocrx_word' id='word_1_312' title='bbox 1488 3744 1872 3815; x_wconf 89' lang='grc' dir='ltr'>θυμιαμάτων,</span> <span class='ocrx_word' id='word_1_313' title='bbox 1902 3744 2048 3817; x_wconf 81' lang='grc' dir='ltr'>ἅπερ</span> 
     </span>
    </p>
   </div>
   <div class='ocr_carea' id='block_1_42' title="bbox 470 3827 2047 3899">
    <p class='ocr_par' dir='ltr' id='par_1_42' title="bbox 470 3827 2047 3899">
     <span class='ocr_line' id='line_1_42' title="bbox 470 3827 2047 3899; baseline -0.001 -18"><span class='ocrx_word' id='word_1_314' title='bbox 470 3828 686 3881; x_wconf 73' lang='grc' dir='ltr'>ἅπαντα</span> <span class='ocrx_word' id='word_1_315' title='bbox 732 3827 979 3899; x_wconf 85' lang='grc' dir='ltr'>δαπάνην</span> <span class='ocrx_word' id='word_1_316' title='bbox 1007 3827 1120 3897; x_wconf 84' lang='grc' dir='ltr'>έχει</span> <span class='ocrx_word' id='word_1_317' title='bbox 1146 3827 1345 3898; x_wconf 83' lang='grc' dir='ltr'>πολλὴν</span> <span class='ocrx_word' id='word_1_318' title='bbox 1372 3828 1467 3881; x_wconf 75' lang='grc' dir='ltr'>καὶ</span> <span class='ocrx_word' id='word_1_319' title='bbox 1493 3828 1719 3898; x_wconf 87' lang='grc' dir='ltr'>ἀνόητον</span> <span class='ocrx_word' id='word_1_320' title='bbox 1748 3846 1763 3893; x_wconf 85' lang='lat'><strong>;</strong></span> <span class='ocrx_word' id='word_1_321' title='bbox 1796 3828 1861 3880; x_wconf 93' lang='grc' dir='ltr'>Τί</span> <span class='ocrx_word' id='word_1_322' title='bbox 1887 3827 2047 3898; x_wconf 89' lang='grc' dir='ltr'>μυρί-</span> 
     </span>
    </p>
   </div>
   <div class='ocr_carea' id='block_1_43' title="bbox 467 3905 2043 3982">
    <p class='ocr_par' dir='ltr' id='par_1_43' title="bbox 467 3905 2043 3982">
     <span class='ocr_line' id='line_1_43' title="bbox 467 3905 2043 3982; baseline -0.003 -17"><span class='ocrx_word' id='word_1_323' title='bbox 467 3912 602 3976; x_wconf 89' lang='grc' dir='ltr'>ζεις,</span> <span class='ocrx_word' id='word_1_324' title='bbox 630 3905 675 3965; x_wconf 80' lang='grc' dir='ltr'><strong>ὦ</strong></span> <span class='ocrx_word' id='word_1_325' title='bbox 707 3910 890 3979; x_wconf 85' lang='grc' dir='ltr'>γύναι,</span> <span class='ocrx_word' id='word_1_326' title='bbox 922 3912 983 3964; x_wconf 87' lang='grc' dir='ltr'>τὸ</span> <span class='ocrx_word' id='word_1_327' title='bbox 1006 3913 1167 3982; x_wconf 88' lang='grc' dir='ltr'>σῶμα</span> <span class='ocrx_word' id='word_1_328' title='bbox 1220 3910 1423 3965; x_wconf 77' lang='grc' dir='ltr'>ἔσωθεν</span> <span class='ocrx_word' id='word_1_329' title='bbox 1463 3910 1807 3981; x_wconf 82' lang='grc' dir='ltr'>ἀκαθαρσίας</span> <span class='ocrx_word' id='word_1_330' title='bbox 1839 3914 2043 3981; x_wconf 87' lang='grc' dir='ltr'>γέμον;</span> 
     </span>
    </p>
   </div>
   <div class='ocr_carea' id='block_1_44' title="bbox 465 3993 2045 4065">
    <p class='ocr_par' dir='ltr' id='par_1_44' title="bbox 465 3993 2045 4065">
     <span class='ocr_line' id='line_1_44' title="bbox 465 3993 2045 4065; baseline 0.001 -19"><span class='ocrx_word' id='word_1_331' title='bbox 465 3994 521 4046; x_wconf 84' lang='grc' dir='ltr'>τί</span> <span class='ocrx_word' id='word_1_332' title='bbox 552 3996 679 4065; x_wconf 84' lang='grc' dir='ltr'>περὶ</span> <span class='ocrx_word' id='word_1_333' title='bbox 698 3994 758 4046; x_wconf 83' lang='grc' dir='ltr'>τὸ</span> <span class='ocrx_word' id='word_1_334' title='bbox 779 3994 1013 4057; x_wconf 72' lang='grc' dir='ltr'>δυσῶδες</span> <span class='ocrx_word' id='word_1_335' title='bbox 1044 3994 1330 4064; x_wconf 84' lang='grc' dir='ltr'>ἀναλίσκῃ,</span> <span class='ocrx_word' id='word_1_336' title='bbox 1359 3995 1454 4047; x_wconf 78' lang='grc' dir='ltr'>καὶ</span> <span class='ocrx_word' id='word_1_337' title='bbox 1484 3994 1649 4047; x_wconf 86' lang='grc' dir='ltr'>ταυτὸ</span> <span class='ocrx_word' id='word_1_338' title='bbox 1710 3996 1904 4059; x_wconf 86' lang='grc' dir='ltr'>ποιεῖς,</span> <span class='ocrx_word' id='word_1_339' title='bbox 1940 3993 2045 4047; x_wconf 85' lang='grc' dir='ltr'>ῶσ-</span> 
     </span>
    </p>
   </div>
   <div class='ocr_carea' id='block_1_45' title="bbox 467 4075 2041 4148">
    <p class='ocr_par' dir='ltr' id='par_1_45' title="bbox 467 4075 2041 4148">
     <span class='ocr_line' id='line_1_45' title="bbox 467 4075 2041 4148; baseline -0.001 -18"><span class='ocrx_word' id='word_1_340' title='bbox 467 4092 575 4146; x_wconf 82' lang='grc' dir='ltr'>περ</span> <span class='ocrx_word' id='word_1_341' title='bbox 603 4078 668 4131; x_wconf 81' lang='grc' dir='ltr'>ἂν</span> <span class='ocrx_word' id='word_1_342' title='bbox 698 4078 751 4130; x_wconf 86' lang='grc' dir='ltr'>εί</span> <span class='ocrx_word' id='word_1_343' title='bbox 768 4094 850 4141; x_wconf 90' lang='grc' dir='ltr'>τις</span> <span class='ocrx_word' id='word_1_344' title='bbox 876 4078 1127 4132; x_wconf 80' lang='grc' dir='ltr'>ἐπιϐάλοι</span> <span class='ocrx_word' id='word_1_345' title='bbox 1155 4078 1399 4147; x_wconf 80' lang='grc' dir='ltr'>βορϐόρῳ</span> <span class='ocrx_word' id='word_1_346' title='bbox 1423 4075 1666 4148; x_wconf 80' lang='grc' dir='ltr'>μύρον,ἧ</span> <span class='ocrx_word' id='word_1_347' title='bbox 1694 4076 1898 4148; x_wconf 82' lang='grc' dir='ltr'>πλίνθῳ</span> <span class='ocrx_word' id='word_1_348' title='bbox 1925 4077 2041 4130; x_wconf 88' lang='grc' dir='ltr'>δια-</span> 
     </span>
    </p>
   </div>
   <div class='ocr_carea' id='block_1_46' title="bbox 468 4159 2043 4233">
    <p class='ocr_par' dir='ltr' id='par_1_46' title="bbox 468 4159 2043 4233">
     <span class='ocr_line' id='line_1_46' title="bbox 468 4159 2043 4233; baseline -0.001 -19"><span class='ocrx_word' id='word_1_349' title='bbox 468 4162 654 4233; x_wconf 78' lang='grc' dir='ltr'>ϐρέχοι</span> <span class='ocrx_word' id='word_1_350' title='bbox 685 4162 1043 4232; x_wconf 68' lang='grc' dir='ltr'>βάλσαμονδ;</span> <span class='ocrx_word' id='word_1_351' title='bbox 1075 4163 1282 4223; x_wconf 87' lang='grc' dir='ltr'>Ἔστιν,</span> <span class='ocrx_word' id='word_1_352' title='bbox 1314 4163 1362 4213; x_wconf 89' lang='grc' dir='ltr'>εἰ</span> <span class='ocrx_word' id='word_1_353' title='bbox 1399 4160 1598 4230; x_wconf 81' lang='grc' dir='ltr'>βούλει,</span> <span class='ocrx_word' id='word_1_354' title='bbox 1653 4160 1844 4230; x_wconf 87' lang='grc' dir='ltr'>μύρον,</span> <span class='ocrx_word' id='word_1_355' title='bbox 1895 4159 2043 4213; x_wconf 80' lang='grc' dir='ltr'>ἐστιν</span> 
     </span>
    </p>
   </div>
   <div class='ocr_carea' id='block_1_47' title="bbox 466 4240 2041 4317">
    <p class='ocr_par' dir='ltr' id='par_1_47' title="bbox 466 4240 2041 4317">
     <span class='ocr_line' id='line_1_47' title="bbox 466 4240 2041 4317; baseline -0.003 -17"><span class='ocrx_word' id='word_1_356' title='bbox 466 4247 689 4316; x_wconf 79' lang='grc' dir='ltr'>ἀρωμα,</span> <span class='ocrx_word' id='word_1_357' title='bbox 713 4240 757 4313; x_wconf 85' lang='grc' dir='ltr'>ᾧ</span> <span class='ocrx_word' id='word_1_358' title='bbox 789 4246 994 4317; x_wconf 81' lang='grc' dir='ltr'>δυνήσῃ</span> <span class='ocrx_word' id='word_1_359' title='bbox 1050 4247 1237 4315; x_wconf 90' lang='grc' dir='ltr'>χρῖσαι</span> <span class='ocrx_word' id='word_1_360' title='bbox 1283 4244 1383 4314; x_wconf 79' lang='grc' dir='ltr'>τὴν</span> <span class='ocrx_word' id='word_1_361' title='bbox 1425 4244 1622 4313; x_wconf 72' lang='grc' dir='ltr'>ψυχὴν,</span> <span class='ocrx_word' id='word_1_362' title='bbox 1652 4243 1753 4295; x_wconf 76' lang='grc' dir='ltr'>οὐκ</span> <span class='ocrx_word' id='word_1_363' title='bbox 1779 4242 1840 4306; x_wconf 77' lang='grc' dir='ltr'><strong>ἐξ</strong></span> <span class='ocrx_word' id='word_1_364' title='bbox 1880 4241 2041 4313; x_wconf 86' lang='grc' dir='ltr'>Ἀρα-</span> 
     </span>
    </p>
   </div>
   <div class='ocr_carea' id='block_1_48' title="bbox 466 4325 2035 4397">
    <p class='ocr_par' dir='ltr' id='par_1_48' title="bbox 466 4325 2035 4397">
     <span class='ocr_line' id='line_1_48' title="bbox 466 4325 2035 4397; baseline -0.001 -17"><span class='ocrx_word' id='word_1_365' title='bbox 466 4330 609 4391; x_wconf 74' lang='grc' dir='ltr'>δὶας,</span> <span class='ocrx_word' id='word_1_366' title='bbox 637 4328 758 4381; x_wconf 81' lang='grc' dir='ltr'>οὐδὲ</span> <span class='ocrx_word' id='word_1_367' title='bbox 787 4329 847 4392; x_wconf 78' lang='grc' dir='ltr'>ἐξ</span> <span class='ocrx_word' id='word_1_368' title='bbox 872 4328 1177 4392; x_wconf 79' lang='grc' dir='ltr'>Αἰθιοπίας,</span> <span class='ocrx_word' id='word_1_369' title='bbox 1207 4327 1319 4379; x_wconf 75' lang='grc' dir='ltr'>οὐδ’</span> <span class='ocrx_word' id='word_1_370' title='bbox 1348 4326 1457 4379; x_wconf 71' lang='grc' dir='ltr'>ἀπὸ</span> <span class='ocrx_word' id='word_1_371' title='bbox 1492 4326 1775 4397; x_wconf 84' lang='grc' dir='ltr'>Περσίδος,</span> <span class='ocrx_word' id='word_1_372' title='bbox 1827 4325 1944 4379; x_wconf 87' lang='grc' dir='ltr'>ἀλλ’</span> <span class='ocrx_word' id='word_1_373' title='bbox 1974 4328 2035 4392; x_wconf 79' lang='grc' dir='ltr'>ἐξ</span> 
     </span>
    </p>
   </div>
   <div class='ocr_carea' id='block_1_49' title="bbox 466 4408 2038 4481">
    <p class='ocr_par' dir='ltr' id='par_1_49' title="bbox 466 4408 2038 4481">
     <span class='ocr_line' id='line_1_49' title="bbox 466 4408 2038 4481; baseline -0.003 -16"><span class='ocrx_word' id='word_1_374' title='bbox 466 4413 631 4465; x_wconf 80' lang='grc' dir='ltr'>αὑτοῦ</span> <span class='ocrx_word' id='word_1_375' title='bbox 668 4413 964 4481; x_wconf 88' lang='grc' dir='ltr'>φερόμενον</span> <span class='ocrx_word' id='word_1_376' title='bbox 994 4411 1087 4464; x_wconf 72' lang='grc' dir='ltr'>τοῦ</span> <span class='ocrx_word' id='word_1_377' title='bbox 1138 4410 1389 4481; x_wconf 78' lang='grc' dir='ltr'>ούρανοῦ,</span> <span class='ocrx_word' id='word_1_378' title='bbox 1437 4408 1784 4478; x_wconf 89' lang='grc' dir='ltr'>πωλούμενον</span> <span class='ocrx_word' id='word_1_379' title='bbox 1812 4409 1872 4462; x_wconf 82' lang='grc' dir='ltr'>ού</span> <span class='ocrx_word' id='word_1_380' title='bbox 1904 4426 2038 4479; x_wconf 90' lang='grc' dir='ltr'>χρυ-</span> 
     </span>
    </p>
   </div>
   <div class='ocr_carea' id='block_1_50' title="bbox 467 4492 2041 4566">
    <p class='ocr_par' dir='ltr' id='par_1_50' title="bbox 467 4492 2041 4566">
     <span class='ocr_line' id='line_1_50' title="bbox 467 4492 2041 4566; baseline -0.001 -20"><span class='ocrx_word' id='word_1_381' title='bbox 467 4496 603 4559; x_wconf 91' lang='grc' dir='ltr'>σίου,</span> <span class='ocrx_word' id='word_1_382' title='bbox 626 4496 760 4549; x_wconf 87' lang='grc' dir='ltr'>ἀλλά</span> <span class='ocrx_word' id='word_1_383' title='bbox 781 4496 1151 4566; x_wconf 83' lang='grc' dir='ltr'>προαιρέσεως</span> <span class='ocrx_word' id='word_1_384' title='bbox 1180 4494 1389 4563; x_wconf 84' lang='grc' dir='ltr'>ἀγαθῆς</span> <span class='ocrx_word' id='word_1_385' title='bbox 1428 4493 1522 4546; x_wconf 79' lang='grc' dir='ltr'>καὶ</span> <span class='ocrx_word' id='word_1_386' title='bbox 1550 4492 1784 4555; x_wconf 85' lang='grc' dir='ltr'>πίστεως</span> <span class='ocrx_word' id='word_1_387' title='bbox 1838 4492 2041 4545; x_wconf 83' lang='grc' dir='ltr'>ἀνυπο-</span> 
     </span>
    </p>
   </div>
   <div class='ocr_carea' id='block_1_51' title="bbox 466 4568 2038 4649">
    <p class='ocr_par' dir='ltr' id='par_1_51' title="bbox 466 4568 2038 4649">
     <span class='ocr_line' id='line_1_51' title="bbox 466 4568 2038 4649; baseline -0.001 -19"><span class='ocrx_word' id='word_1_388' title='bbox 466 4580 674 4649; x_wconf 87' lang='grc' dir='ltr'>κρίτου.</span> <span class='ocrx_word' id='word_1_389' title='bbox 720 4581 889 4633; x_wconf 81' lang='grc' dir='ltr'>Τοῦτο</span> <span class='ocrx_word' id='word_1_390' title='bbox 933 4579 1202 4648; x_wconf 87' lang='grc' dir='ltr'>ἁγὸρασαι</span> <span class='ocrx_word' id='word_1_391' title='bbox 1224 4576 1286 4629; x_wconf 84' lang='grc' dir='ltr'>τὸ</span> <span class='ocrx_word' id='word_1_392' title='bbox 1334 4576 1540 4647; x_wconf 78' lang='grc' dir='ltr'>μύρον,</span> <span class='ocrx_word' id='word_1_393' title='bbox 1570 4568 1631 4628; x_wconf 77' lang='grc' dir='ltr'>οὗ</span> <span class='ocrx_word' id='word_1_394' title='bbox 1665 4575 1699 4645; x_wconf 78' lang='grc' dir='ltr'><strong>ἡ</strong></span> <span class='ocrx_word' id='word_1_395' title='bbox 1736 4575 1881 4645; x_wconf 86' lang='grc' dir='ltr'>ὀσμὴ</span> <span class='ocrx_word' id='word_1_396' title='bbox 1937 4576 2038 4645; x_wconf 83' lang='grc' dir='ltr'>τὴν</span> 
     </span>
    </p>
   </div>
   <div class='ocr_carea' id='block_1_52' title="bbox 465 4657 2036 4731">
    <p class='ocr_par' dir='ltr' id='par_1_52' title="bbox 465 4657 2036 4731">
     <span class='ocr_line' id='line_1_52' title="bbox 465 4657 2036 4731; baseline -0.002 -19"><span class='ocrx_word' id='word_1_397' title='bbox 465 4661 787 4731; x_wconf 74' lang='grc' dir='ltr'>οἰκουμένην</span> <span class='ocrx_word' id='word_1_398' title='bbox 811 4661 1089 4730; x_wconf 77' lang='grc' dir='ltr'>ἐμπλῆσαι</span> <span class='ocrx_word' id='word_1_399' title='bbox 1144 4658 1366 4711; x_wconf 88' lang='grc' dir='ltr'>δύναται</span> <span class='ocrx_word' id='word_1_400' title='bbox 1393 4675 1407 4688; x_wconf 91' lang='grc'><strong>·</strong></span> <span class='ocrx_word' id='word_1_401' title='bbox 1440 4657 1633 4711; x_wconf 83' lang='grc' dir='ltr'>τούτου</span> <span class='ocrx_word' id='word_1_402' title='bbox 1687 4657 1958 4711; x_wconf 86' lang='grc' dir='ltr'>ἀπέπνεον</span> <span class='ocrx_word' id='word_1_403' title='bbox 1987 4659 2036 4709; x_wconf 86' lang='grc' dir='ltr'>οἰ</span> 
     </span>
    </p>
   </div>
   <div class='ocr_carea' id='block_1_53' title="bbox 463 4733 2038 4811">
    <p class='ocr_par' dir='ltr' id='par_1_53' title="bbox 463 4733 2038 4811">
     <span class='ocr_line' id='line_1_53' title="bbox 463 4733 2038 4811; baseline -0.002 -17"><span class='ocrx_word' id='word_1_404' title='bbox 463 4743 750 4795; x_wconf 85' lang='grc' dir='ltr'>ἀπόστολοι</span> <span class='ocrx_word' id='word_1_405' title='bbox 773 4760 787 4773; x_wconf 77' lang='grc' dir='ltr'><strong><em>ο</em></strong></span> <span class='ocrx_word' id='word_1_406' title='bbox 826 4743 1004 4811; x_wconf 83' lang='grc' dir='ltr'>Ὀσμὴ</span> <span class='ocrx_word' id='word_1_407' title='bbox 1030 4742 1138 4811; x_wconf 90' lang='grc' dir='ltr'>γάρ</span> <span class='ocrx_word' id='word_1_408' title='bbox 1184 4741 1371 4809; x_wconf 81' lang='grc' dir='ltr'>ἐσμεν</span> <span class='ocrx_word' id='word_1_409' title='bbox 1400 4739 1671 4805; x_wconf 86' lang='grc' dir='ltr'>εὐωδίας,</span> <span class='ocrx_word' id='word_1_410' title='bbox 1707 4737 1892 4809; x_wconf 73' lang='grc' dir='ltr'>φησὶν,</span> <span class='ocrx_word' id='word_1_411' title='bbox 1946 4733 2038 4805; x_wconf 82' lang='grc' dir='ltr'>οἷς</span> 
     </span>
    </p>
   </div>
   <div class='ocr_carea' id='block_1_54' title="bbox 458 4819 2037 4894">
    <p class='ocr_par' dir='ltr' id='par_1_54' title="bbox 458 4819 2037 4894">
     <span class='ocr_line' id='line_1_54' title="bbox 458 4819 2037 4894; baseline -0.002 -16"><span class='ocrx_word' id='word_1_412' title='bbox 458 4826 576 4894; x_wconf 83' lang='grc' dir='ltr'>μὲν</span> <span class='ocrx_word' id='word_1_413' title='bbox 633 4830 722 4891; x_wconf 86' lang='grc' dir='ltr'>εις</span> <span class='ocrx_word' id='word_1_414' title='bbox 757 4825 1038 4889; x_wconf 77' lang='grc' dir='ltr'>θάνατον,</span> <span class='ocrx_word' id='word_1_415' title='bbox 1072 4819 1164 4889; x_wconf 79' lang='grc' dir='ltr'>οἷς</span> <span class='ocrx_word' id='word_1_416' title='bbox 1212 4822 1281 4876; x_wconf 83' lang='grc' dir='ltr'>δὲ</span> <span class='ocrx_word' id='word_1_417' title='bbox 1336 4826 1425 4888; x_wconf 87' lang='grc' dir='ltr'>εἰς</span> <span class='ocrx_word' id='word_1_418' title='bbox 1478 4821 1653 4887; x_wconf 72' lang='grc' dir='ltr'>ζωήν.</span> <span class='ocrx_word' id='word_1_419' title='bbox 1684 4822 1750 4873; x_wconf 88' lang='grc' dir='ltr'>Τί</span> <span class='ocrx_word' id='word_1_420' title='bbox 1781 4820 1846 4891; x_wconf 86' lang='grc' dir='ltr'>δὴ</span> <span class='ocrx_word' id='word_1_421' title='bbox 1878 4820 2037 4875; x_wconf 81' lang='grc' dir='ltr'>τοῦτό</span> 
     </span>
    </p>
   </div>
   <div class='ocr_carea' id='block_1_55' title="bbox 464 4902 2037 4975">
    <p class='ocr_par' dir='ltr' id='par_1_55' title="bbox 464 4902 2037 4975">
     <span class='ocr_line' id='line_1_55' title="bbox 464 4902 2037 4975; baseline -0.005 -13"><span class='ocrx_word' id='word_1_422' title='bbox 464 4913 640 4975; x_wconf 87' lang='grc' dir='ltr'>ἐστιν;</span> <span class='ocrx_word' id='word_1_423' title='bbox 675 4909 796 4963; x_wconf 87' lang='grc' dir='ltr'>Ὅτι</span> <span class='ocrx_word' id='word_1_424' title='bbox 820 4910 914 4961; x_wconf 74' lang='grc' dir='ltr'>καὶ</span> <span class='ocrx_word' id='word_1_425' title='bbox 940 4902 1003 4971; x_wconf 72' lang='grc' dir='ltr'>ὗς</span> <span class='ocrx_word' id='word_1_426' title='bbox 1033 4904 1662 4973; x_wconf 84' lang='grc' dir='ltr'>ἀποπνίγεσθαιλέγεται</span> <span class='ocrx_word' id='word_1_427' title='bbox 1690 4904 1798 4958; x_wconf 85' lang='grc' dir='ltr'>ἀπὸ</span> <span class='ocrx_word' id='word_1_428' title='bbox 1830 4903 1929 4972; x_wconf 83' lang='grc' dir='ltr'>τῆς</span> <span class='ocrx_word' id='word_1_429' title='bbox 1949 4902 2037 4955; x_wconf 84' lang='grc' dir='ltr'>εὐ-</span> 
     </span>
    </p>
   </div>
   <div class='ocr_carea' id='block_1_56' title="bbox 456 4986 2035 5059">
    <p class='ocr_par' dir='ltr' id='par_1_56' title="bbox 456 4986 2035 5059">
     <span class='ocr_line' id='line_1_56' title="bbox 456 4986 2035 5059; baseline -0.005 -14"><span class='ocrx_word' id='word_1_430' title='bbox 456 4993 643 5055; x_wconf 83' lang='grc' dir='ltr'>ωδίας.</span> <span class='ocrx_word' id='word_1_431' title='bbox 667 4991 744 5045; x_wconf 83' lang='grc' dir='ltr'><strong>Οὐ</strong></span> <span class='ocrx_word' id='word_1_432' title='bbox 779 4992 840 5043; x_wconf 84' lang='grc' dir='ltr'>τὸ</span> <span class='ocrx_word' id='word_1_433' title='bbox 862 4990 1019 5059; x_wconf 90' lang='grc' dir='ltr'>σῶμα</span> <span class='ocrx_word' id='word_1_434' title='bbox 1036 4990 1093 5042; x_wconf 83' lang='grc' dir='ltr'>δὲ</span> <span class='ocrx_word' id='word_1_435' title='bbox 1118 4988 1277 5059; x_wconf 89' lang='grc' dir='ltr'>μόνον</span> <span class='ocrx_word' id='word_1_436' title='bbox 1297 4988 1403 5040; x_wconf 87' lang='grc' dir='ltr'>τῶν</span> <span class='ocrx_word' id='word_1_437' title='bbox 1421 4986 1758 5050; x_wconf 85' lang='grc' dir='ltr'>ἀποστόλων,</span> <span class='ocrx_word' id='word_1_438' title='bbox 1783 4986 1916 5039; x_wconf 83' lang='grc' dir='ltr'>ἀλλὰ</span> <span class='ocrx_word' id='word_1_439' title='bbox 1940 4986 2035 5038; x_wconf 85' lang='grc' dir='ltr'>καὶ</span> 
     </span>
    </p>
   </div>
   <div class='ocr_carea' id='block_1_57' title="bbox 461 5068 2029 5146">
    <p class='ocr_par' dir='ltr' id='par_1_57' title="bbox 461 5068 2029 5146">
     <span class='ocr_line' id='line_1_57' title="bbox 461 5068 2029 5146; baseline -0.003 -18"><span class='ocrx_word' id='word_1_440' title='bbox 461 5078 528 5128; x_wconf 75' lang='grc' dir='ltr'>τὰ</span> <span class='ocrx_word' id='word_1_441' title='bbox 546 5077 732 5146; x_wconf 81' lang='grc' dir='ltr'>ἱμάτια</span> <span class='ocrx_word' id='word_1_442' title='bbox 755 5075 847 5127; x_wconf 75' lang='grc' dir='ltr'>τοῦ</span> <span class='ocrx_word' id='word_1_443' title='bbox 872 5075 1043 5144; x_wconf 84' lang='grc' dir='ltr'>μύρου</span> <span class='ocrx_word' id='word_1_444' title='bbox 1067 5072 1161 5126; x_wconf 82' lang='grc' dir='ltr'>τοῦ</span> <span class='ocrx_word' id='word_1_445' title='bbox 1178 5070 1550 5142; x_wconf 88' lang='grc' dir='ltr'>πνευματικοῦ</span> <span class='ocrx_word' id='word_1_446' title='bbox 1571 5069 1725 5142; x_wconf 76' lang='grc'>[560]</span> <span class='ocrx_word' id='word_1_447' title='bbox 1742 5068 2029 5124; x_wconf 85' lang='grc' dir='ltr'>ἀπέπνεον.</span> 
     </span>
    </p>
   </div>
   <div class='ocr_carea' id='block_1_58' title="bbox 456 5152 2034 5230">
    <p class='ocr_par' dir='ltr' id='par_1_58' title="bbox 456 5152 2034 5230">
     <span class='ocr_line' id='line_1_58' title="bbox 456 5152 2034 5230; baseline -0.005 -17"><span class='ocrx_word' id='word_1_448' title='bbox 456 5160 615 5213; x_wconf 75' lang='grc' dir='ltr'>Οὕτω</span> <span class='ocrx_word' id='word_1_449' title='bbox 639 5162 746 5230; x_wconf 76' lang='grc' dir='ltr'>γὰρ</span> <span class='ocrx_word' id='word_1_450' title='bbox 775 5160 927 5211; x_wconf 87' lang='grc' dir='ltr'>έπνει</span> <span class='ocrx_word' id='word_1_451' title='bbox 957 5159 1116 5212; x_wconf 81' lang='grc' dir='ltr'>καλὸν</span> <span class='ocrx_word' id='word_1_452' title='bbox 1148 5158 1216 5209; x_wconf 74' lang='grc' dir='ltr'>τὰ</span> <span class='ocrx_word' id='word_1_453' title='bbox 1248 5158 1438 5226; x_wconf 81' lang='grc' dir='ltr'>ἱμάτια</span> <span class='ocrx_word' id='word_1_454' title='bbox 1476 5155 1710 5217; x_wconf 89' lang='grc' dir='ltr'>Παύλου,</span> <span class='ocrx_word' id='word_1_455' title='bbox 1749 5155 1823 5216; x_wconf 85' lang='grc' dir='ltr'>ὡς</span> <span class='ocrx_word' id='word_1_456' title='bbox 1845 5152 2034 5223; x_wconf 89' lang='grc' dir='ltr'>δαίμο-</span> 
     </span>
    </p>
   </div>
   <div class='ocr_carea' id='block_1_59' title="bbox 455 5237 2031 5310">
    <p class='ocr_par' dir='ltr' id='par_1_59' title="bbox 455 5237 2031 5310">
     <span class='ocr_line' id='line_1_59' title="bbox 455 5237 2031 5310; baseline -0.006 -12"><span class='ocrx_word' id='word_1_457' title='bbox 455 5262 552 5305; x_wconf 82' lang='grc' dir='ltr'>νας</span> <span class='ocrx_word' id='word_1_458' title='bbox 576 5242 918 5297; x_wconf 72' lang='grc' dir='ltr'>ἀπελαύνειν.</span> <span class='ocrx_word' id='word_1_459' title='bbox 954 5242 1113 5295; x_wconf 80' lang='grc' dir='ltr'>Ποίου</span> <span class='ocrx_word' id='word_1_460' title='bbox 1145 5241 1366 5310; x_wconf 84' lang='grc' dir='ltr'>φύλλου,</span> <span class='ocrx_word' id='word_1_461' title='bbox 1414 5240 1571 5302; x_wconf 80' lang='grc' dir='ltr'>ποίας</span> <span class='ocrx_word' id='word_1_462' title='bbox 1602 5237 1818 5301; x_wconf 85' lang='grc' dir='ltr'>κασίας,</span> <span class='ocrx_word' id='word_1_463' title='bbox 1874 5239 2031 5301; x_wconf 88' lang='grc' dir='ltr'>ποίας</span> 
     </span>
    </p>
   </div>
   <div class='ocr_carea' id='block_1_60' title="bbox 458 5319 2026 5397">
    <p class='ocr_par' dir='ltr' id='par_1_60' title="bbox 458 5319 2026 5397">
     <span class='ocr_line' id='line_1_60' title="bbox 458 5319 2026 5397; baseline -0.005 -18"><span class='ocrx_word' id='word_1_464' title='bbox 458 5328 707 5397; x_wconf 81' lang='grc' dir='ltr'>σμύρνης</span> <span class='ocrx_word' id='word_1_465' title='bbox 735 5328 859 5396; x_wconf 75' lang='grc' dir='ltr'>οὐχὶ</span> <span class='ocrx_word' id='word_1_466' title='bbox 905 5328 1002 5379; x_wconf 77' lang='grc' dir='ltr'>καὶ</span> <span class='ocrx_word' id='word_1_467' title='bbox 1034 5325 1198 5395; x_wconf 86' lang='grc' dir='ltr'>ἡδίων</span> <span class='ocrx_word' id='word_1_468' title='bbox 1245 5324 1337 5377; x_wconf 80' lang='grc' dir='ltr'>καὶ</span> <span class='ocrx_word' id='word_1_469' title='bbox 1369 5322 1762 5393; x_wconf 89' lang='grc' dir='ltr'>χρησιμωτέρα</span> <span class='ocrx_word' id='word_1_470' title='bbox 1827 5319 1965 5389; x_wconf 77' lang='grc' dir='ltr'>αὕτη</span> <span class='ocrx_word' id='word_1_471' title='bbox 1994 5323 2026 5389; x_wconf 87' lang='grc' dir='ltr'>ή</span> 
     </span>
    </p>
   </div>
   <div class='ocr_carea' id='block_1_61' title="bbox 455 5405 2029 5479">
    <p class='ocr_par' dir='ltr' id='par_1_61' title="bbox 455 5405 2029 5479">
     <span class='ocr_line' id='line_1_61' title="bbox 455 5405 2029 5479; baseline -0.002 -21"><span class='ocrx_word' id='word_1_472' title='bbox 455 5410 684 5476; x_wconf 55' lang='lat' dir='ltr'>emata;</span> <span class='ocrx_word' id='word_1_473' title='bbox 716 5412 779 5463; x_wconf 86' lang='grc' dir='ltr'>Εἰ</span> <span class='ocrx_word' id='word_1_474' title='bbox 807 5411 914 5479; x_wconf 81' lang='grc' dir='ltr'>γὰρ</span> <span class='ocrx_word' id='word_1_475' title='bbox 931 5410 1189 5479; x_wconf 83' lang='grc' dir='ltr'>δαίμονας</span> <span class='ocrx_word' id='word_1_476' title='bbox 1218 5408 1519 5476; x_wconf 85' lang='grc' dir='ltr'>ἀπήλαυνε,</span> <span class='ocrx_word' id='word_1_477' title='bbox 1555 5405 1608 5457; x_wconf 88' lang='grc' dir='ltr'>τί</span> <span class='ocrx_word' id='word_1_478' title='bbox 1628 5407 1726 5457; x_wconf 77' lang='grc' dir='ltr'>οὐκ</span> <span class='ocrx_word' id='word_1_479' title='bbox 1759 5405 1823 5458; x_wconf 84' lang='grc' dir='ltr'>ἂν</span> <span class='ocrx_word' id='word_1_480' title='bbox 1846 5406 2029 5473; x_wconf 77' lang='grc' dir='ltr'>ἕτερον</span> 
     </span>
    </p>
   </div>
   <div class='ocr_carea' id='block_1_62' title="bbox 454 5498 2035 5569">
    <p class='ocr_par' dir='ltr' id='par_1_62' title="bbox 454 5498 2035 5569">
     <span class='ocr_line' id='line_1_62' title="bbox 454 5498 2035 5569; baseline 0.003 -20"><span class='ocrx_word' id='word_1_481' title='bbox 454 5498 776 5562; x_wconf 76' lang='grc' dir='ltr'>εὶργάσατος</span> <span class='ocrx_word' id='word_1_482' title='bbox 807 5501 977 5552; x_wconf 77' lang='grc' dir='ltr'>Τοῦτο</span> <span class='ocrx_word' id='word_1_483' title='bbox 1004 5500 1501 5569; x_wconf 72' lang='grc' dir='ltr'>κατασκευάζωμεν</span> <span class='ocrx_word' id='word_1_484' title='bbox 1528 5498 1588 5551; x_wconf 77' lang='grc' dir='ltr'>τὸ</span> <span class='ocrx_word' id='word_1_485' title='bbox 1628 5498 1798 5567; x_wconf 85' lang='grc' dir='ltr'>μύρον</span> <span class='ocrx_word' id='word_1_486' title='bbox 1827 5519 1839 5529; x_wconf 74' lang='grc'><em>’</em></span> <span class='ocrx_word' id='word_1_487' title='bbox 1871 5517 2035 5554; x_wconf 82' lang='grc' dir='ltr'>κατα-</span> 
     </span>
    </p>
   </div>
   <div class='ocr_carea' id='block_1_63' title="bbox 471 5578 2037 5653">
    <p class='ocr_par' dir='ltr' id='par_1_63' title="bbox 471 5578 2037 5653">
     <span class='ocr_line' id='line_1_63' title="bbox 471 5578 2037 5653; baseline 0.006 -26"><span class='ocrx_word' id='word_1_488' title='bbox 471 5578 725 5641; x_wconf 77' lang='grc' dir='ltr'>σκευάζει</span> <span class='ocrx_word' id='word_1_489' title='bbox 749 5580 805 5633; x_wconf 79' lang='grc' dir='ltr'>δὲ</span> <span class='ocrx_word' id='word_1_490' title='bbox 826 5583 956 5635; x_wconf 77' lang='grc' dir='ltr'>αὐτὸ</span> <span class='ocrx_word' id='word_1_491' title='bbox 978 5584 1040 5635; x_wconf 86' lang='grc' dir='ltr'>δι’</span> <span class='ocrx_word' id='word_1_492' title='bbox 1061 5581 1428 5652; x_wconf 82' lang='grc' dir='ltr'>ἐλεημοσύνης</span> <span class='ocrx_word' id='word_1_493' title='bbox 1448 5584 1481 5652; x_wconf 82' lang='grc' dir='ltr'><strong>ἡ</strong></span> <span class='ocrx_word' id='word_1_494' title='bbox 1502 5582 2037 5653; x_wconf 77' lang='grc' dir='ltr'>πνευματικὴχάρις.</span> 
     </span>
    </p>
   </div>
   <div class='ocr_carea' id='block_1_64' title="bbox 535 5783 1487 5853">
    <p class='ocr_par' dir='ltr' id='par_1_64' title="bbox 535 5783 1487 5853">
     <span class='ocr_line' id='line_1_64' title="bbox 535 5783 1487 5853; baseline 0.007 -24"><span class='ocrx_word' id='word_1_495' title='bbox 535 5783 560 5810; x_wconf 81' lang='grc'>⁸</span> <span class='ocrx_word' id='word_1_496' title='bbox 589 5783 670 5853; x_wconf 60' lang='grc' dir='ltr'>ῇὶιτ</span> <span class='ocrx_word' id='word_1_497' title='bbox 697 5800 808 5853; x_wconf 54' lang='lat' dir='ltr'>mss.</span> <span class='ocrx_word' id='word_1_498' title='bbox 834 5794 990 5837; x_wconf 76' lang='lat' dir='ltr'>recte.</span> <span class='ocrx_word' id='word_1_499' title='bbox 1019 5790 1148 5838; x_wconf 76' lang='lat' dir='ltr'>Edili</span> <span class='ocrx_word' id='word_1_500' title='bbox 1178 5804 1293 5839; x_wconf 80' lang='lat' dir='ltr'>vero</span> <span class='ocrx_word' id='word_1_501' title='bbox 1313 5796 1487 5853; x_wconf 79' lang='grc' dir='ltr'>καυχᾷ.</span> 
     </span>
    </p>
   </div>
   <div class='ocr_carea' id='block_1_65' title="bbox 533 5845 1672 5917">
    <p class='ocr_par' dir='ltr' id='par_1_65' title="bbox 533 5845 1672 5917">
     <span class='ocr_line' id='line_1_65' title="bbox 533 5845 1672 5917; baseline 0.007 -24"><span class='ocrx_word' id='word_1_502' title='bbox 533 5861 563 5899; x_wconf 73' lang='grc' dir='ltr'>δ</span> <span class='ocrx_word' id='word_1_503' title='bbox 589 5845 732 5895; x_wconf 68' lang='lat' dir='ltr'>Forte</span> <span class='ocrx_word' id='word_1_504' title='bbox 754 5850 877 5911; x_wconf 65' lang='lat'>1023.,</span> <span class='ocrx_word' id='word_1_505' title='bbox 901 5852 930 5906; x_wconf 83' lang='grc' dir='ltr'><strong>ἢ</strong></span> <span class='ocrx_word' id='word_1_506' title='bbox 952 5852 1135 5900; x_wconf 80' lang='grc' dir='ltr'>πλίνθον</span> <span class='ocrx_word' id='word_1_507' title='bbox 1161 5845 1672 5917; x_wconf 62' lang='grc' dir='ltr'>διαϐρέχοιᾟαλσάμῳ.</span> 
     </span>
    </p>
   </div>
   <div class='ocr_carea' id='block_1_66' title="bbox 1142 327 2986 392">
    <p class='ocr_par' dir='ltr' id='par_1_66' title="bbox 1142 327 2986 392">
     <span class='ocr_line' id='line_1_66' title="bbox 1142 327 2986 392; baseline 0.003 -6"><span class='ocrx_word' id='word_1_508' title='bbox 1142 330 1200 386; x_wconf 90' lang='lat' dir='ltr'>S.</span> <span class='ocrx_word' id='word_1_509' title='bbox 1240 329 1529 386; x_wconf 78' lang='lat' dir='ltr'>JOANNIS</span> <span class='ocrx_word' id='word_1_510' title='bbox 1565 327 2050 387; x_wconf 74' lang='lat' dir='ltr'>CHRYSOSTOMI</span> <span class='ocrx_word' id='word_1_511' title='bbox 2079 327 2395 388; x_wconf 81' lang='lat' dir='ltr'>ARCHIEP.</span> <span class='ocrx_word' id='word_1_512' title='bbox 2435 332 2986 392; x_wconf 81' lang='lat' dir='ltr'>CONSTANTINOP.</span> 
     </span>
    </p>
   </div>
   <div class='ocr_carea' id='block_1_67' title="bbox 3598 339 3705 396">
    <p class='ocr_par' dir='ltr' id='par_1_67' title="bbox 3598 339 3705 396">
     <span class='ocr_line' id='line_1_67' title="bbox 3598 339 3705 396; baseline -0.019 0"><span class='ocrx_word' id='word_1_513' title='bbox 3598 339 3705 396; x_wconf 69' lang='grc' dir='ltr'>ιιι</span> 
     </span>
    </p>
   </div>
   <div class='ocr_carea' id='block_1_68' title="bbox 2168 439 3732 513">
    <p class='ocr_par' dir='ltr' id='par_1_68' title="bbox 2168 439 3732 513">
     <span class='ocr_line' id='line_1_68' title="bbox 2168 439 3732 513; baseline 0.004 -22"><span class='ocrx_word' id='word_1_514' title='bbox 2168 439 2369 493; x_wconf 87' lang='grc' dir='ltr'>Τούτου</span> <span class='ocrx_word' id='word_1_515' title='bbox 2396 442 2493 495; x_wconf 78' lang='grc' dir='ltr'>καὶ</span> <span class='ocrx_word' id='word_1_516' title='bbox 2526 443 2644 497; x_wconf 86' lang='grc' dir='ltr'>ἐκεῖ</span> <span class='ocrx_word' id='word_1_517' title='bbox 2666 444 2991 506; x_wconf 84' lang='grc' dir='ltr'>ἀπελθόντες</span> <span class='ocrx_word' id='word_1_518' title='bbox 3020 442 3284 513; x_wconf 87' lang='grc' dir='ltr'>μέλλομεν</span> <span class='ocrx_word' id='word_1_519' title='bbox 3320 444 3605 510; x_wconf 85' lang='grc' dir='ltr'>ἀποπνεῖν,</span> <span class='ocrx_word' id='word_1_520' title='bbox 3639 446 3732 497; x_wconf 76' lang='grc' dir='ltr'>καί⁹</span> 
     </span>
    </p>
   </div>
   <div class='ocr_carea' id='block_1_69' title="bbox 2166 525 3733 599">
    <p class='ocr_par' dir='ltr' id='par_1_69' title="bbox 2166 525 3733 599">
     <span class='ocr_line' id='line_1_69' title="bbox 2166 525 3733 599; baseline 0.003 -22"><span class='ocrx_word' id='word_1_521' title='bbox 2166 525 2291 587; x_wconf 82' lang='grc' dir='ltr'>τοὺς</span> <span class='ocrx_word' id='word_1_522' title='bbox 2306 527 2493 592; x_wconf 87' lang='grc' dir='ltr'>ἁγίους</span> <span class='ocrx_word' id='word_1_523' title='bbox 2520 529 2654 596; x_wconf 82' lang='grc' dir='ltr'>πρὸς</span> <span class='ocrx_word' id='word_1_524' title='bbox 2674 528 2901 590; x_wconf 74' lang='grc' dir='ltr'>ἑαυτοὺς</span> <span class='ocrx_word' id='word_1_525' title='bbox 2933 527 3279 599; x_wconf 84' lang='grc' dir='ltr'>ἐπιστρέφειν</span> <span class='ocrx_word' id='word_1_526' title='bbox 3310 544 3324 556; x_wconf 90' lang='grc'><strong>·</strong></span> <span class='ocrx_word' id='word_1_527' title='bbox 3361 528 3453 579; x_wconf 78' lang='grc' dir='ltr'>καὶ</span> <span class='ocrx_word' id='word_1_528' title='bbox 3483 528 3733 598; x_wconf 88' lang='grc' dir='ltr'>καθάπερ</span> 
     </span>
    </p>
   </div>
   <div class='ocr_carea' id='block_1_70' title="bbox 2168 609 3728 681">
    <p class='ocr_par' dir='ltr' id='par_1_70' title="bbox 2168 609 3728 681">
     <span class='ocr_line' id='line_1_70' title="bbox 2168 609 3728 681; baseline 0.003 -22"><span class='ocrx_word' id='word_1_529' title='bbox 2168 609 2399 662; x_wconf 81' lang='grc' dir='ltr'>ἐνταῦθα</span> <span class='ocrx_word' id='word_1_530' title='bbox 2441 612 2649 673; x_wconf 83' lang='grc' dir='ltr'>πάντας</span> <span class='ocrx_word' id='word_1_531' title='bbox 2681 610 3095 680; x_wconf 87' lang='grc' dir='ltr'>ἐπιστρέφουσιν</span> <span class='ocrx_word' id='word_1_532' title='bbox 3124 613 3171 663; x_wconf 90' lang='grc' dir='ltr'>οἰ</span> <span class='ocrx_word' id='word_1_533' title='bbox 3206 611 3684 681; x_wconf 84' lang='grc' dir='ltr'>ἀνακεχρωσμένοι</span> <span class='ocrx_word' id='word_1_534' title='bbox 3705 622 3728 650; x_wconf 74' lang='grc' dir='ltr'><strong>ο</strong></span> 
     </span>
    </p>
   </div>
   <div class='ocr_carea' id='block_1_71' title="bbox 2165 693 3732 763">
    <p class='ocr_par' dir='ltr' id='par_1_71' title="bbox 2165 693 3732 763">
     <span class='ocr_line' id='line_1_71' title="bbox 2165 693 3732 763; baseline 0.002 -21"><span class='ocrx_word' id='word_1_535' title='bbox 2165 694 2283 755; x_wconf 88' lang='grc' dir='ltr'>ταῖς</span> <span class='ocrx_word' id='word_1_536' title='bbox 2312 694 2582 758; x_wconf 83' lang='grc' dir='ltr'>εὐωδίαις,</span> <span class='ocrx_word' id='word_1_537' title='bbox 2605 693 2710 747; x_wconf 85' lang='grc' dir='ltr'>κάν</span> <span class='ocrx_word' id='word_1_538' title='bbox 2725 711 2787 746; x_wconf 91' lang='grc' dir='ltr'>τε</span> <span class='ocrx_word' id='word_1_539' title='bbox 2804 696 2882 757; x_wconf 89' lang='grc' dir='ltr'>εἰς</span> <span class='ocrx_word' id='word_1_540' title='bbox 2909 693 3204 762; x_wconf 87' lang='grc' dir='ltr'>βαλανεῖον,</span> <span class='ocrx_word' id='word_1_541' title='bbox 3228 693 3329 747; x_wconf 83' lang='grc' dir='ltr'>κάν</span> <span class='ocrx_word' id='word_1_542' title='bbox 3354 710 3413 745; x_wconf 89' lang='grc' dir='ltr'>τε</span> <span class='ocrx_word' id='word_1_543' title='bbox 3436 694 3514 755; x_wconf 88' lang='grc' dir='ltr'>εἰς</span> <span class='ocrx_word' id='word_1_544' title='bbox 3534 694 3701 763; x_wconf 85' lang='grc' dir='ltr'>ὲκκλη</span> <span class='ocrx_word' id='word_1_545' title='bbox 3716 723 3732 733; x_wconf 75' lang='grc' dir='ltr'><strong>ο</strong></span> 
     </span>
    </p>
   </div>
   <div class='ocr_carea' id='block_1_72' title="bbox 2168 775 3731 848">
    <p class='ocr_par' dir='ltr' id='par_1_72' title="bbox 2168 775 3731 848">
     <span class='ocr_line' id='line_1_72' title="bbox 2168 775 3731 848; baseline 0.001 -22"><span class='ocrx_word' id='word_1_546' title='bbox 2168 775 2308 839; x_wconf 91' lang='grc' dir='ltr'>σίαν,</span> <span class='ocrx_word' id='word_1_547' title='bbox 2335 778 2435 830; x_wconf 84' lang='grc' dir='ltr'>κάν</span> <span class='ocrx_word' id='word_1_548' title='bbox 2459 794 2521 830; x_wconf 92' lang='grc' dir='ltr'>τε</span> <span class='ocrx_word' id='word_1_549' title='bbox 2554 779 2635 840; x_wconf 90' lang='grc' dir='ltr'>εἰς</span> <span class='ocrx_word' id='word_1_550' title='bbox 2666 778 2852 848; x_wconf 76' lang='grc' dir='ltr'>ἕτερον</span> <span class='ocrx_word' id='word_1_551' title='bbox 2876 776 3295 847; x_wconf 84' lang='grc' dir='ltr'>πολυάνθρωπον</span> <span class='ocrx_word' id='word_1_552' title='bbox 3321 775 3484 828; x_wconf 86' lang='grc' dir='ltr'>τόπον</span> <span class='ocrx_word' id='word_1_553' title='bbox 3523 776 3731 845; x_wconf 75' lang='grc' dir='ltr'>ἀπέλθῃ</span> 
     </span>
    </p>
   </div>
   <div class='ocr_carea' id='block_1_73' title="bbox 2165 857 3731 929">
    <p class='ocr_par' dir='ltr' id='par_1_73' title="bbox 2165 857 3731 929">
     <span class='ocr_line' id='line_1_73' title="bbox 2165 857 3731 929; baseline 0 -17"><span class='ocrx_word' id='word_1_554' title='bbox 2165 860 2193 912; x_wconf 86' lang='grc' dir='ltr'>ὁ</span> <span class='ocrx_word' id='word_1_555' title='bbox 2217 860 2375 913; x_wconf 76' lang='grc' dir='ltr'>τοῦτο</span> <span class='ocrx_word' id='word_1_556' title='bbox 2431 861 2738 928; x_wconf 87' lang='grc' dir='ltr'>ἀποπνέων,</span> <span class='ocrx_word' id='word_1_557' title='bbox 2789 862 2988 924; x_wconf 89' lang='grc' dir='ltr'>πάντες</span> <span class='ocrx_word' id='word_1_558' title='bbox 3033 858 3197 914; x_wconf 80' lang='grc' dir='ltr'>αὑτοῦ</span> <span class='ocrx_word' id='word_1_559' title='bbox 3246 857 3600 929; x_wconf 80' lang='grc' dir='ltr'>ἐξαρτῶνται,</span> <span class='ocrx_word' id='word_1_560' title='bbox 3637 859 3731 912; x_wconf 76' lang='grc' dir='ltr'>καὶ</span> 
     </span>
    </p>
   </div>
   <div class='ocr_carea' id='block_1_74' title="bbox 2165 940 3730 1014">
    <p class='ocr_par' dir='ltr' id='par_1_74' title="bbox 2165 940 3730 1014">
     <span class='ocr_line' id='line_1_74' title="bbox 2165 940 3730 1014; baseline 0 -20"><span class='ocrx_word' id='word_1_561' title='bbox 2165 944 2362 1006; x_wconf 87' lang='grc' dir='ltr'>πάντες</span> <span class='ocrx_word' id='word_1_562' title='bbox 2380 945 2794 1014; x_wconf 88' lang='grc' dir='ltr'>ἐπιστρέφονται</span> <span class='ocrx_word' id='word_1_563' title='bbox 2813 960 2828 976; x_wconf 80' lang='grc'><strong><em>⁸</em></strong></span> <span class='ocrx_word' id='word_1_564' title='bbox 2860 944 3003 998; x_wconf 78' lang='grc' dir='ltr'>οὕτω</span> <span class='ocrx_word' id='word_1_565' title='bbox 3023 943 3116 997; x_wconf 76' lang='grc' dir='ltr'>καὶ</span> <span class='ocrx_word' id='word_1_566' title='bbox 3133 944 3190 996; x_wconf 82' lang='grc' dir='ltr'>ἐν</span> <span class='ocrx_word' id='word_1_567' title='bbox 3221 943 3414 1011; x_wconf 84' lang='grc' dir='ltr'>ἐκείνῳ</span> <span class='ocrx_word' id='word_1_568' title='bbox 3438 940 3515 1012; x_wconf 80' lang='grc' dir='ltr'>τῷ</span> <span class='ocrx_word' id='word_1_569' title='bbox 3542 941 3730 1013; x_wconf 84' lang='grc' dir='ltr'>κόσμῳ</span> 
     </span>
    </p>
   </div>
   <div class='ocr_carea' id='block_1_75' title="bbox 2164 1024 3731 1099">
    <p class='ocr_par' dir='ltr' id='par_1_75' title="bbox 2164 1024 3731 1099">
     <span class='ocr_line' id='line_1_75' title="bbox 2164 1024 3731 1099; baseline -0.003 -17"><span class='ocrx_word' id='word_1_570' title='bbox 2164 1029 2272 1082; x_wconf 87' lang='grc' dir='ltr'>τῶν</span> <span class='ocrx_word' id='word_1_571' title='bbox 2304 1029 2695 1082; x_wconf 82' lang='grc' dir='ltr'>ἀποπνεουσῶν</span> <span class='ocrx_word' id='word_1_572' title='bbox 2742 1028 2929 1099; x_wconf 82' lang='grc' dir='ltr'>ψυχῶν</span> <span class='ocrx_word' id='word_1_573' title='bbox 2953 1027 3053 1097; x_wconf 85' lang='grc' dir='ltr'>τῆς</span> <span class='ocrx_word' id='word_1_574' title='bbox 3082 1026 3459 1096; x_wconf 84' lang='grc' dir='ltr'>πνευματικῆς</span> <span class='ocrx_word' id='word_1_575' title='bbox 3505 1024 3731 1090; x_wconf 83' lang='grc' dir='ltr'>εὐωδίας</span> 
     </span>
    </p>
   </div>
   <div class='ocr_carea' id='block_1_76' title="bbox 2163 1107 3723 1181">
    <p class='ocr_par' dir='ltr' id='par_1_76' title="bbox 2163 1107 3723 1181">
     <span class='ocr_line' id='line_1_76' title="bbox 2163 1107 3723 1181; baseline -0.001 -19"><span class='ocrx_word' id='word_1_576' title='bbox 2163 1110 2470 1173; x_wconf 85' lang='grc' dir='ltr'>είσιουσῶν,</span> <span class='ocrx_word' id='word_1_577' title='bbox 2515 1112 2715 1174; x_wconf 82' lang='grc' dir='ltr'>πάντες</span> <span class='ocrx_word' id='word_1_578' title='bbox 2770 1109 3154 1176; x_wconf 81' lang='grc' dir='ltr'>ὑπεξίστανται</span> <span class='ocrx_word' id='word_1_579' title='bbox 3188 1110 3282 1162; x_wconf 80' lang='grc' dir='ltr'>καὶ</span> <span class='ocrx_word' id='word_1_580' title='bbox 3314 1107 3723 1181; x_wconf 74' lang='grc' dir='ltr'>παραχωροῦσι,</span> 
     </span>
    </p>
   </div>
   <div class='ocr_carea' id='block_1_77' title="bbox 2164 1192 3727 1265">
    <p class='ocr_par' dir='ltr' id='par_1_77' title="bbox 2164 1192 3727 1265">
     <span class='ocr_line' id='line_1_77' title="bbox 2164 1192 3727 1265; baseline -0.001 -19"><span class='ocrx_word' id='word_1_581' title='bbox 2164 1194 2273 1248; x_wconf 80' lang='grc' dir='ltr'>Καὶ</span> <span class='ocrx_word' id='word_1_582' title='bbox 2298 1193 2529 1248; x_wconf 85' lang='grc' dir='ltr'>ἐνταῦθα</span> <span class='ocrx_word' id='word_1_583' title='bbox 2546 1194 2603 1248; x_wconf 84' lang='grc' dir='ltr'>δὲ</span> <span class='ocrx_word' id='word_1_584' title='bbox 2621 1196 2716 1248; x_wconf 69' lang='grc' dir='ltr'>καί¹</span> <span class='ocrx_word' id='word_1_585' title='bbox 2735 1194 2989 1265; x_wconf 84' lang='grc' dir='ltr'>δαίμονες</span> <span class='ocrx_word' id='word_1_586' title='bbox 3020 1194 3117 1247; x_wconf 81' lang='grc' dir='ltr'>καὶ</span> <span class='ocrx_word' id='word_1_587' title='bbox 3147 1192 3335 1245; x_wconf 90' lang='grc' dir='ltr'>κακίαι</span> <span class='ocrx_word' id='word_1_588' title='bbox 3366 1193 3541 1244; x_wconf 86' lang='grc' dir='ltr'>πᾶσαι</span> <span class='ocrx_word' id='word_1_589' title='bbox 3562 1208 3727 1262; x_wconf 88' lang='grc' dir='ltr'>προσ-</span> 
     </span>
    </p>
   </div>
   <div class='ocr_carea' id='block_1_78' title="bbox 2163 1275 3729 1347">
    <p class='ocr_par' dir='ltr' id='par_1_78' title="bbox 2163 1275 3729 1347">
     <span class='ocr_line' id='line_1_78' title="bbox 2163 1275 3729 1347; baseline -0.001 -16"><span class='ocrx_word' id='word_1_590' title='bbox 2163 1278 2337 1331; x_wconf 80' lang='grc' dir='ltr'>ελθεῖν</span> <span class='ocrx_word' id='word_1_591' title='bbox 2369 1278 2429 1331; x_wconf 82' lang='grc' dir='ltr'>ού</span> <span class='ocrx_word' id='word_1_592' title='bbox 2465 1278 2736 1347; x_wconf 87' lang='grc' dir='ltr'>τολμῶσιν</span> <span class='ocrx_word' id='word_1_593' title='bbox 2760 1278 2882 1332; x_wconf 80' lang='grc' dir='ltr'>οὐδὲ</span> <span class='ocrx_word' id='word_1_594' title='bbox 2914 1276 3270 1347; x_wconf 77' lang='grc' dir='ltr'>ὑπομένουσιν</span> <span class='ocrx_word' id='word_1_595' title='bbox 3296 1296 3311 1311; x_wconf 75' lang='grc' dir='ltr'><strong>ο</strong></span> <span class='ocrx_word' id='word_1_596' title='bbox 3341 1275 3729 1344; x_wconf 87' lang='grc' dir='ltr'>ἀποπνίγονται</span> 
     </span>
    </p>
   </div>
   <div class='ocr_carea' id='block_1_79' title="bbox 2161 1357 3731 1431">
    <p class='ocr_par' dir='ltr' id='par_1_79' title="bbox 2161 1357 3731 1431">
     <span class='ocr_line' id='line_1_79' title="bbox 2161 1357 3731 1431; baseline -0.001 -18"><span class='ocrx_word' id='word_1_597' title='bbox 2161 1359 2287 1430; x_wconf 85' lang='grc' dir='ltr'>γάρ.</span> <span class='ocrx_word' id='word_1_598' title='bbox 2326 1360 2532 1413; x_wconf 84' lang='grc' dir='ltr'>Ἐκεῖνο</span> <span class='ocrx_word' id='word_1_599' title='bbox 2584 1362 2763 1415; x_wconf 90' lang='grc' dir='ltr'>τοίνυν</span> <span class='ocrx_word' id='word_1_600' title='bbox 2781 1361 2843 1415; x_wconf 82' lang='grc' dir='ltr'>τὸ</span> <span class='ocrx_word' id='word_1_601' title='bbox 2897 1361 3097 1431; x_wconf 82' lang='grc' dir='ltr'>ἀρωμα</span> <span class='ocrx_word' id='word_1_602' title='bbox 3158 1358 3527 1430; x_wconf 85' lang='grc' dir='ltr'>περιθώμεθα.</span> <span class='ocrx_word' id='word_1_603' title='bbox 3562 1357 3731 1412; x_wconf 81' lang='grc' dir='ltr'>Τοῦτο</span> 
     </span>
    </p>
   </div>
   <div class='ocr_carea' id='block_1_80' title="bbox 2164 1440 3730 1513">
    <p class='ocr_par' dir='ltr' id='par_1_80' title="bbox 2164 1440 3730 1513">
     <span class='ocr_line' id='line_1_80' title="bbox 2164 1440 3730 1513; baseline -0.001 -18"><span class='ocrx_word' id='word_1_604' title='bbox 2164 1443 2263 1512; x_wconf 82' lang='grc' dir='ltr'>μὲν</span> <span class='ocrx_word' id='word_1_605' title='bbox 2284 1442 2394 1512; x_wconf 81' lang='grc' dir='ltr'>γὰρ</span> <span class='ocrx_word' id='word_1_606' title='bbox 2424 1443 2518 1497; x_wconf 77' lang='grc' dir='ltr'>καὶ</span> <span class='ocrx_word' id='word_1_607' title='bbox 2548 1442 2801 1512; x_wconf 86' lang='grc' dir='ltr'>βλακείας</span> <span class='ocrx_word' id='word_1_608' title='bbox 2825 1441 2982 1508; x_wconf 81' lang='grc' dir='ltr'>δόξαν</span> <span class='ocrx_word' id='word_1_609' title='bbox 3009 1443 3143 1512; x_wconf 79' lang='grc' dir='ltr'>ἡμῖν</span> <span class='ocrx_word' id='word_1_610' title='bbox 3168 1440 3527 1513; x_wconf 89' lang='grc' dir='ltr'>περιτίθησιν,</span> <span class='ocrx_word' id='word_1_611' title='bbox 3558 1442 3730 1495; x_wconf 83' lang='grc' dir='ltr'>ἐκεῖνο</span> 
     </span>
    </p>
   </div>
   <div class='ocr_carea' id='block_1_81' title="bbox 2161 1524 3729 1597">
    <p class='ocr_par' dir='ltr' id='par_1_81' title="bbox 2161 1524 3729 1597">
     <span class='ocr_line' id='line_1_81' title="bbox 2161 1524 3729 1597; baseline -0.001 -18"><span class='ocrx_word' id='word_1_612' title='bbox 2161 1527 2218 1579; x_wconf 89' lang='grc' dir='ltr'>δέ</span> <span class='ocrx_word' id='word_1_613' title='bbox 2250 1526 2501 1597; x_wconf 87' lang='grc' dir='ltr'>ἀνδρείας</span> <span class='ocrx_word' id='word_1_614' title='bbox 2554 1529 2648 1580; x_wconf 61' lang='grc' dir='ltr'>καὶ⁴</span> <span class='ocrx_word' id='word_1_615' title='bbox 2685 1527 2959 1596; x_wconf 87' lang='grc' dir='ltr'>θαύματος</span> <span class='ocrx_word' id='word_1_616' title='bbox 3023 1524 3224 1588; x_wconf 80' lang='grc' dir='ltr'>ὅντως’</span> <span class='ocrx_word' id='word_1_617' title='bbox 3270 1524 3364 1578; x_wconf 72' lang='grc' dir='ltr'>καὶ</span> <span class='ocrx_word' id='word_1_618' title='bbox 3417 1526 3729 1594; x_wconf 66' lang='grc' dir='ltr'>παρρησίαν</span> 
     </span>
    </p>
   </div>
   <div class='ocr_carea' id='block_1_82' title="bbox 2160 1608 3727 1682">
    <p class='ocr_par' dir='ltr' id='par_1_82' title="bbox 2160 1608 3727 1682">
     <span class='ocr_line' id='line_1_82' title="bbox 2160 1608 3727 1682; baseline 0 -20"><span class='ocrx_word' id='word_1_619' title='bbox 2160 1610 2218 1663; x_wconf 88' lang='grc' dir='ltr'>δὲ</span> <span class='ocrx_word' id='word_1_620' title='bbox 2243 1611 2372 1679; x_wconf 85' lang='grc' dir='ltr'>ἡμῖν</span> <span class='ocrx_word' id='word_1_621' title='bbox 2402 1611 2631 1680; x_wconf 88' lang='grc' dir='ltr'>παρέχει</span> <span class='ocrx_word' id='word_1_622' title='bbox 2652 1611 2873 1682; x_wconf 84' lang='grc' dir='ltr'>πολλήν.</span> <span class='ocrx_word' id='word_1_623' title='bbox 2905 1609 3075 1663; x_wconf 77' lang='grc' dir='ltr'>Τοῦτο</span> <span class='ocrx_word' id='word_1_624' title='bbox 3104 1610 3166 1663; x_wconf 81' lang='grc' dir='ltr'>τὸ</span> <span class='ocrx_word' id='word_1_625' title='bbox 3187 1610 3385 1678; x_wconf 80' lang='grc' dir='ltr'>ἀρωμα</span> <span class='ocrx_word' id='word_1_626' title='bbox 3411 1610 3475 1661; x_wconf 83' lang='grc' dir='ltr'>οὐ</span> <span class='ocrx_word' id='word_1_627' title='bbox 3498 1608 3570 1678; x_wconf 82' lang='grc' dir='ltr'>γῆ</span> <span class='ocrx_word' id='word_1_628' title='bbox 3607 1609 3727 1662; x_wconf 87' lang='grc' dir='ltr'>ἀνα-</span> 
     </span>
    </p>
   </div>
   <div class='ocr_carea' id='block_1_83' title="bbox 2160 1691 3727 1766">
    <p class='ocr_par' dir='ltr' id='par_1_83' title="bbox 2160 1691 3727 1766">
     <span class='ocr_line' id='line_1_83' title="bbox 2160 1691 3727 1766; baseline 0 -22"><span class='ocrx_word' id='word_1_629' title='bbox 2160 1692 2394 1756; x_wconf 85' lang='grc' dir='ltr'>δίδωσιν,</span> <span class='ocrx_word' id='word_1_630' title='bbox 2412 1694 2526 1747; x_wconf 85' lang='grc' dir='ltr'>ἀλλ’</span> <span class='ocrx_word' id='word_1_631' title='bbox 2546 1693 2716 1766; x_wconf 81' lang='grc' dir='ltr'>ἀρετὴ</span> <span class='ocrx_word' id='word_1_632' title='bbox 2741 1695 2936 1757; x_wconf 88' lang='grc' dir='ltr'>τίκτει,</span> <span class='ocrx_word' id='word_1_633' title='bbox 2964 1693 3026 1746; x_wconf 78' lang='grc' dir='ltr'>οὐ</span> <span class='ocrx_word' id='word_1_634' title='bbox 3058 1692 3400 1763; x_wconf 85' lang='grc' dir='ltr'>μαραίνεται,</span> <span class='ocrx_word' id='word_1_635' title='bbox 3419 1691 3533 1745; x_wconf 80' lang='grc' dir='ltr'>ἀλλ’</span> <span class='ocrx_word' id='word_1_636' title='bbox 3549 1692 3727 1745; x_wconf 70' lang='grc' dir='ltr'>ἀνθεῖν</span> 
     </span>
    </p>
   </div>
   <div class='ocr_carea' id='block_1_84' title="bbox 2160 1773 3726 1847">
    <p class='ocr_par' dir='ltr' id='par_1_84' title="bbox 2160 1773 3726 1847">
     <span class='ocr_line' id='line_1_84' title="bbox 2160 1773 3726 1847; baseline -0.001 -20"><span class='ocrx_word' id='word_1_637' title='bbox 2160 1776 2321 1828; x_wconf 79' lang='grc' dir='ltr'>τοῦτο</span> <span class='ocrx_word' id='word_1_638' title='bbox 2346 1777 2560 1846; x_wconf 87' lang='grc' dir='ltr'>τιμίους</span> <span class='ocrx_word' id='word_1_639' title='bbox 2587 1778 2709 1840; x_wconf 79' lang='grc' dir='ltr'>τοὺς</span> <span class='ocrx_word' id='word_1_640' title='bbox 2737 1776 2957 1847; x_wconf 74' lang='grc' dir='ltr'>ἔχοντας</span> <span class='ocrx_word' id='word_1_641' title='bbox 2988 1778 3151 1830; x_wconf 87' lang='grc' dir='ltr'>ποιεῖ.</span> <span class='ocrx_word' id='word_1_642' title='bbox 3202 1774 3392 1844; x_wconf 81' lang='grc' dir='ltr'>Τούτῳ</span> <span class='ocrx_word' id='word_1_643' title='bbox 3439 1773 3726 1844; x_wconf 86' lang='grc' dir='ltr'>χριόμεθα,</span> 
     </span>
    </p>
   </div>
   <div class='ocr_carea' id='block_1_85' title="bbox 2161 1856 3731 1931">
    <p class='ocr_par' dir='ltr' id='par_1_85' title="bbox 2161 1856 3731 1931">
     <span class='ocr_line' id='line_1_85' title="bbox 2161 1856 3731 1931; baseline -0.001 -20"><span class='ocrx_word' id='word_1_644' title='bbox 2161 1858 2291 1911; x_wconf 86' lang='grc' dir='ltr'>ὅταν</span> <span class='ocrx_word' id='word_1_645' title='bbox 2330 1857 2716 1931; x_wconf 67' lang='grc' dir='ltr'>βαππζώμεθα</span> <span class='ocrx_word' id='word_1_646' title='bbox 2751 1876 2765 1890; x_wconf 78' lang='grc' dir='ltr'>ο</span> <span class='ocrx_word' id='word_1_647' title='bbox 2789 1860 2914 1913; x_wconf 83' lang='grc' dir='ltr'>τότε</span> <span class='ocrx_word' id='word_1_648' title='bbox 2956 1858 3120 1912; x_wconf 84' lang='grc' dir='ltr'>καλὸν</span> <span class='ocrx_word' id='word_1_649' title='bbox 3165 1857 3535 1926; x_wconf 81' lang='grc' dir='ltr'>ἀποπνέομεν.</span> <span class='ocrx_word' id='word_1_650' title='bbox 3571 1856 3644 1909; x_wconf 87' lang='grc' dir='ltr'>Τὸ</span> <span class='ocrx_word' id='word_1_651' title='bbox 3672 1856 3731 1909; x_wconf 80' lang='grc' dir='ltr'>δὲ</span> 
     </span>
    </p>
   </div>
   <div class='ocr_carea' id='block_1_86' title="bbox 2162 1933 3731 2019">
    <p class='ocr_par' dir='ltr' id='par_1_86' title="bbox 2162 1933 3731 2019">
     <span class='ocr_line' id='line_1_86' title="bbox 2162 1933 3731 2019; baseline -0.004 -18"><span class='ocrx_word' id='word_1_652' title='bbox 2162 1948 2259 2003; x_wconf 76' lang='grc' dir='ltr'>καὶ</span> <span class='ocrx_word' id='word_1_653' title='bbox 2283 1933 2346 2003; x_wconf 68' lang='grc' dir='ltr'>τί)</span> <span class='ocrx_word' id='word_1_654' title='bbox 2375 1947 2501 2019; x_wconf 82' lang='grc' dir='ltr'>έξῆς</span> <span class='ocrx_word' id='word_1_655' title='bbox 2534 1946 2725 2001; x_wconf 87' lang='grc' dir='ltr'>τούτου</span> <span class='ocrx_word' id='word_1_656' title='bbox 2754 1946 3038 2009; x_wconf 87' lang='grc' dir='ltr'>ἀποπνεῖν,</span> <span class='ocrx_word' id='word_1_657' title='bbox 3065 1944 3165 2014; x_wconf 83' lang='grc' dir='ltr'>τῆς</span> <span class='ocrx_word' id='word_1_658' title='bbox 3189 1942 3353 2014; x_wconf 71' lang='grc' dir='ltr'>ἡμῶν</span> <span class='ocrx_word' id='word_1_659' title='bbox 3393 1944 3511 1996; x_wconf 77' lang='grc' dir='ltr'>ἐστι</span> <span class='ocrx_word' id='word_1_660' title='bbox 3568 1958 3731 1995; x_wconf 89' lang='grc' dir='ltr'>σπου-</span> 
     </span>
    </p>
   </div>
   <div class='ocr_carea' id='block_1_87' title="bbox 2160 2025 3727 2102">
    <p class='ocr_par' dir='ltr' id='par_1_87' title="bbox 2160 2025 3727 2102">
     <span class='ocr_line' id='line_1_87' title="bbox 2160 2025 3727 2102; baseline -0.007 -14"><span class='ocrx_word' id='word_1_661' title='bbox 2160 2032 2277 2102; x_wconf 84' lang='grc' dir='ltr'>δῆς.</span> <span class='ocrx_word' id='word_1_662' title='bbox 2312 2032 2410 2087; x_wconf 89' lang='grc' dir='ltr'>Διά</span> <span class='ocrx_word' id='word_1_663' title='bbox 2441 2031 2601 2085; x_wconf 70' lang='grc' dir='ltr'>τοῦτο</span> <span class='ocrx_word' id='word_1_664' title='bbox 2633 2031 2810 2085; x_wconf 80' lang='grc' dir='ltr'>καὶτὸ</span> <span class='ocrx_word' id='word_1_665' title='bbox 2836 2028 3066 2083; x_wconf 84' lang='grc' dir='ltr'>παλαιὸν</span> <span class='ocrx_word' id='word_1_666' title='bbox 3102 2025 3263 2097; x_wconf 81' lang='grc' dir='ltr'>μύρῳ</span> <span class='ocrx_word' id='word_1_667' title='bbox 3306 2026 3551 2097; x_wconf 88' lang='grc' dir='ltr'>ἐχρίοντο</span> <span class='ocrx_word' id='word_1_668' title='bbox 3574 2027 3623 2077; x_wconf 81' lang='grc' dir='ltr'>οἱ</span> <span class='ocrx_word' id='word_1_669' title='bbox 3653 2028 3727 2078; x_wconf 90' lang='grc' dir='ltr'>ίε-</span> 
     </span>
    </p>
   </div>
   <div class='ocr_carea' id='block_1_88' title="bbox 2164 2108 3723 2187">
    <p class='ocr_par' dir='ltr' id='par_1_88' title="bbox 2164 2108 3723 2187">
     <span class='ocr_line' id='line_1_88' title="bbox 2164 2108 3723 2187; baseline -0.006 -17"><span class='ocrx_word' id='word_1_670' title='bbox 2164 2120 2311 2187; x_wconf 90' lang='grc' dir='ltr'>ρεῖς,</span> <span class='ocrx_word' id='word_1_671' title='bbox 2336 2118 2436 2187; x_wconf 84' lang='grc' dir='ltr'>τῆς</span> <span class='ocrx_word' id='word_1_672' title='bbox 2480 2115 2682 2186; x_wconf 85' lang='grc' dir='ltr'>ἀρετῆς</span> <span class='ocrx_word' id='word_1_673' title='bbox 2715 2112 2983 2183; x_wconf 75' lang='grc' dir='ltr'>σύμϐολον</span> <span class='ocrx_word' id='word_1_674' title='bbox 3035 2110 3287 2174; x_wconf 88' lang='grc' dir='ltr'>διδόντες,</span> <span class='ocrx_word' id='word_1_675' title='bbox 3313 2109 3396 2163; x_wconf 82' lang='grc' dir='ltr'>ὅτι</span> <span class='ocrx_word' id='word_1_676' title='bbox 3445 2108 3536 2163; x_wconf 80' lang='grc' dir='ltr'>τὸν</span> <span class='ocrx_word' id='word_1_677' title='bbox 3575 2109 3723 2177; x_wconf 79' lang='grc' dir='ltr'>ἱερέα</span> 
     </span>
    </p>
   </div>
   <div class='ocr_carea' id='block_1_89' title="bbox 2162 2193 3728 2267">
    <p class='ocr_par' dir='ltr' id='par_1_89' title="bbox 2162 2193 3728 2267">
     <span class='ocr_line' id='line_1_89' title="bbox 2162 2193 3728 2267; baseline -0.007 -12"><span class='ocrx_word' id='word_1_678' title='bbox 2162 2202 2325 2257; x_wconf 82' lang='grc' dir='ltr'>καλὸν</span> <span class='ocrx_word' id='word_1_679' title='bbox 2376 2202 2640 2255; x_wconf 87' lang='grc' dir='ltr'>ἀποπνεῖν</span> <span class='ocrx_word' id='word_1_680' title='bbox 2675 2199 2775 2252; x_wconf 90' lang='grc' dir='ltr'>δεῖ.</span> <span class='ocrx_word' id='word_1_681' title='bbox 2827 2198 2939 2267; x_wconf 83' lang='grc' dir='ltr'>Τῆς</span> <span class='ocrx_word' id='word_1_682' title='bbox 2975 2196 3033 2249; x_wconf 83' lang='grc' dir='ltr'>δὲ</span> <span class='ocrx_word' id='word_1_683' title='bbox 3075 2193 3354 2265; x_wconf 82' lang='grc' dir='ltr'>ἁμαρτίας</span> <span class='ocrx_word' id='word_1_684' title='bbox 3403 2193 3556 2247; x_wconf 83' lang='grc' dir='ltr'>οὐδέν</span> <span class='ocrx_word' id='word_1_685' title='bbox 3610 2196 3728 2245; x_wconf 83' lang='grc' dir='ltr'>ἐστι</span> 
     </span>
    </p>
   </div>
   <div class='ocr_carea' id='block_1_90' title="bbox 2160 2276 3727 2354">
    <p class='ocr_par' dir='ltr' id='par_1_90' title="bbox 2160 2276 3727 2354">
     <span class='ocr_line' id='line_1_90' title="bbox 2160 2276 3727 2354; baseline -0.007 -15"><span class='ocrx_word' id='word_1_686' title='bbox 2160 2284 2726 2354; x_wconf 85' lang='grc' dir='ltr'>δυσωδέστερον.”ορα</span> <span class='ocrx_word' id='word_1_687' title='bbox 2754 2281 2923 2349; x_wconf 80' lang='grc' dir='ltr'>αὐτῆς</span> <span class='ocrx_word' id='word_1_688' title='bbox 2940 2280 3054 2342; x_wconf 87' lang='grc' dir='ltr'>πῶς</span> <span class='ocrx_word' id='word_1_689' title='bbox 3074 2276 3362 2348; x_wconf 83' lang='grc' dir='ltr'>διαγράφει</span> <span class='ocrx_word' id='word_1_690' title='bbox 3387 2276 3487 2346; x_wconf 81' lang='grc' dir='ltr'>τὴν</span> <span class='ocrx_word' id='word_1_691' title='bbox 3514 2277 3671 2345; x_wconf 86' lang='grc' dir='ltr'>φύσιν</span> <span class='ocrx_word' id='word_1_692' title='bbox 3697 2278 3727 2329; x_wconf 87' lang='grc' dir='ltr'>δ</span> 
     </span>
    </p>
   </div>
   <div class='ocr_carea' id='block_1_91' title="bbox 2160 2362 3727 2445">
    <p class='ocr_par' dir='ltr' id='par_1_91' title="bbox 2160 2362 3727 2445">
     <span class='ocr_line' id='line_1_91' title="bbox 2160 2362 3727 2445; baseline -0.008 -18"><span class='ocrx_word' id='word_1_693' title='bbox 2160 2373 2465 2445; x_wconf 80' lang='grc' dir='ltr'>προφήτης.</span> <span class='ocrx_word' id='word_1_694' title='bbox 2489 2367 2878 2438; x_wconf 77' lang='grc' dir='ltr'>Προσώζεσαν</span> <span class='ocrx_word' id='word_1_695' title='bbox 2895 2366 2997 2420; x_wconf 79' lang='grc' dir='ltr'>καί</span> <span class='ocrx_word' id='word_1_696' title='bbox 3017 2364 3341 2431; x_wconf 73' lang='grc' dir='ltr'>ἐσάπησαν</span> <span class='ocrx_word' id='word_1_697' title='bbox 3364 2364 3420 2417; x_wconf 78' lang='grc' dir='ltr'>οἱ</span> <span class='ocrx_word' id='word_1_698' title='bbox 3432 2362 3727 2445; x_wconf 73' lang='grc' dir='ltr'>μώλωπές</span> 
     </span>
    </p>
   </div>
   <div class='ocr_carea' id='block_1_92' title="bbox 2153 2444 3728 2526">
    <p class='ocr_par' dir='ltr' id='par_1_92' title="bbox 2153 2444 3728 2526">
     <span class='ocr_line' id='line_1_92' title="bbox 2153 2444 3728 2526; baseline -0.011 -14"><span class='ocrx_word' id='word_1_699' title='bbox 2153 2444 2295 2526; x_wconf 83' lang='grc' dir='ltr'>μου.</span> <span class='ocrx_word' id='word_1_700' title='bbox 2330 2458 2536 2517; x_wconf 87' lang='grc' dir='ltr'>Ὄντως</span> <span class='ocrx_word' id='word_1_701' title='bbox 2558 2452 2666 2523; x_wconf 85' lang='grc' dir='ltr'>γὰρ</span> <span class='ocrx_word' id='word_1_702' title='bbox 2689 2448 2981 2518; x_wconf 86' lang='grc' dir='ltr'>σηπεδόνος</span> <span class='ocrx_word' id='word_1_703' title='bbox 3001 2446 3203 2517; x_wconf 86' lang='grc' dir='ltr'>χείρων</span> <span class='ocrx_word' id='word_1_704' title='bbox 3227 2445 3347 2498; x_wconf 76' lang='grc' dir='ltr'>ἐστὶ</span> <span class='ocrx_word' id='word_1_705' title='bbox 3375 2447 3472 2498; x_wconf 76' lang='grc' dir='ltr'>καὶ</span> <span class='ocrx_word' id='word_1_706' title='bbox 3494 2444 3728 2497; x_wconf 88' lang='grc' dir='ltr'>δυσωδε-</span> 
     </span>
    </p>
   </div>
   <div class='ocr_carea' id='block_1_93' title="bbox 2161 2528 3721 2610">
    <p class='ocr_par' dir='ltr' id='par_1_93' title="bbox 2161 2528 3721 2610">
     <span class='ocr_line' id='line_1_93' title="bbox 2161 2528 3721 2610; baseline -0.008 -17"><span class='ocrx_word' id='word_1_707' title='bbox 2161 2539 2325 2610; x_wconf 87' lang='grc' dir='ltr'>στέρα</span> <span class='ocrx_word' id='word_1_708' title='bbox 2345 2539 2379 2608; x_wconf 80' lang='grc' dir='ltr'><strong>ἡ</strong></span> <span class='ocrx_word' id='word_1_709' title='bbox 2405 2537 2666 2608; x_wconf 86' lang='grc' dir='ltr'>ἁμαρτία.</span> <span class='ocrx_word' id='word_1_710' title='bbox 2698 2534 2762 2587; x_wconf 77' lang='lat' dir='ltr'>T5</span> <span class='ocrx_word' id='word_1_711' title='bbox 2787 2533 2913 2603; x_wconf 87' lang='grc' dir='ltr'>γάρ,</span> <span class='ocrx_word' id='word_1_712' title='bbox 2945 2532 3065 2585; x_wconf 87' lang='grc' dir='ltr'>εἰπέ</span> <span class='ocrx_word' id='word_1_713' title='bbox 3091 2548 3205 2600; x_wconf 91' lang='grc' dir='ltr'>μοι,</span> <span class='ocrx_word' id='word_1_714' title='bbox 3237 2530 3495 2603; x_wconf 86' lang='grc' dir='ltr'>πορνείας</span> <span class='ocrx_word' id='word_1_715' title='bbox 3546 2528 3721 2581; x_wconf 84' lang='grc' dir='ltr'>δυσω-</span> 
     </span>
    </p>
   </div>
   <div class='ocr_carea' id='block_1_94' title="bbox 2158 2610 3723 2693">
    <p class='ocr_par' dir='ltr' id='par_1_94' title="bbox 2158 2610 3723 2693">
     <span class='ocr_line' id='line_1_94' title="bbox 2158 2610 3723 2693; baseline -0.009 -16"><span class='ocrx_word' id='word_1_716' title='bbox 2158 2624 2440 2693; x_wconf 87' lang='grc' dir='ltr'>δέστερον;</span> <span class='ocrx_word' id='word_1_717' title='bbox 2466 2623 2530 2676; x_wconf 90' lang='grc' dir='ltr'>Εἰ</span> <span class='ocrx_word' id='word_1_718' title='bbox 2557 2619 2615 2673; x_wconf 83' lang='grc' dir='ltr'>δὲ</span> <span class='ocrx_word' id='word_1_719' title='bbox 2657 2618 2731 2689; x_wconf 80' lang='grc' dir='ltr'>μὴ</span> <span class='ocrx_word' id='word_1_720' title='bbox 2754 2616 2982 2688; x_wconf 78' lang='grc' dir='ltr'>αἰσθάνῃ</span> <span class='ocrx_word' id='word_1_721' title='bbox 3028 2613 3421 2685; x_wconf 79' lang='grc' dir='ltr'>ἐργαζομένης,</span> <span class='ocrx_word' id='word_1_722' title='bbox 3472 2610 3723 2682; x_wconf 87' lang='grc' dir='ltr'>ἐννόησόν</span> 
     </span>
    </p>
   </div>
   <div class='ocr_carea' id='block_1_95' title="bbox 2162 2694 3719 2777">
    <p class='ocr_par' dir='ltr' id='par_1_95' title="bbox 2162 2694 3719 2777">
     <span class='ocr_line' id='line_1_95' title="bbox 2162 2694 3719 2777; baseline -0.009 -15"><span class='ocrx_word' id='word_1_723' title='bbox 2162 2726 2251 2777; x_wconf 88' lang='grc' dir='ltr'>μοι</span> <span class='ocrx_word' id='word_1_724' title='bbox 2277 2708 2411 2777; x_wconf 84' lang='grc' dir='ltr'>τίςή</span> <span class='ocrx_word' id='word_1_725' title='bbox 2440 2704 2682 2775; x_wconf 86' lang='grc' dir='ltr'>ἁμαρτία</span> <span class='ocrx_word' id='word_1_726' title='bbox 2706 2701 2843 2773; x_wconf 88' lang='grc' dir='ltr'>μετά</span> <span class='ocrx_word' id='word_1_727' title='bbox 2868 2700 2964 2770; x_wconf 82' lang='grc' dir='ltr'>τὴν</span> <span class='ocrx_word' id='word_1_728' title='bbox 2988 2698 3269 2768; x_wconf 81' lang='grc' dir='ltr'>ἐργασίαν,</span> <span class='ocrx_word' id='word_1_729' title='bbox 3289 2698 3381 2750; x_wconf 79' lang='grc' dir='ltr'>καὶ</span> <span class='ocrx_word' id='word_1_730' title='bbox 3403 2697 3522 2777; x_wconf 87' lang='grc' dir='ltr'>τότε</span> <span class='ocrx_word' id='word_1_731' title='bbox 3552 2694 3719 2777; x_wconf 67' lang='grc' dir='ltr'>αύτῆς</span> 
     </span>
    </p>
   </div>
   <div class='ocr_carea' id='block_1_96' title="bbox 2158 2774 3721 2860">
    <p class='ocr_par' dir='ltr' id='par_1_96' title="bbox 2158 2774 3721 2860">
     <span class='ocr_line' id='line_1_96' title="bbox 2158 2774 3721 2860; baseline -0.011 -17"><span class='ocrx_word' id='word_1_732' title='bbox 2158 2774 2278 2860; x_wconf 74' lang='grc' dir='ltr'>δψει</span> <span class='ocrx_word' id='word_1_733' title='bbox 2311 2774 2410 2857; x_wconf 80' lang='grc' dir='ltr'>τὴν</span> <span class='ocrx_word' id='word_1_734' title='bbox 2439 2774 2717 2847; x_wconf 81' lang='grc' dir='ltr'>δυσωδίαν,</span> <span class='ocrx_word' id='word_1_735' title='bbox 2750 2777 2869 2834; x_wconf 86' lang='grc' dir='ltr'>τότέ</span> <span class='ocrx_word' id='word_1_736' title='bbox 2899 2780 2997 2849; x_wconf 86' lang='grc' dir='ltr'>τὴν</span> <span class='ocrx_word' id='word_1_737' title='bbox 3025 2777 3447 2848; x_wconf 74' lang='grc' dir='ltr'>προπριὸεῖσαν</span> <span class='ocrx_word' id='word_1_738' title='bbox 3482 2774 3721 2844; x_wconf 86' lang='grc' dir='ltr'>ἀκαθαρ-</span> 
     </span>
    </p>
   </div>
   <div class='ocr_carea' id='block_1_97' title="bbox 2159 2860 3221 2937">
    <p class='ocr_par' dir='ltr' id='par_1_97' title="bbox 2159 2860 3221 2937">
     <span class='ocr_line' id='line_1_97' title="bbox 2159 2860 3221 2937; baseline -0.016 -9"><span class='ocrx_word' id='word_1_739' title='bbox 2159 2874 2299 2937; x_wconf 87' lang='grc' dir='ltr'>σίαν,</span> <span class='ocrx_word' id='word_1_740' title='bbox 2329 2870 2451 2923; x_wconf 85' lang='grc' dir='ltr'>τότε</span> <span class='ocrx_word' id='word_1_741' title='bbox 2474 2868 2533 2921; x_wconf 83' lang='grc' dir='ltr'>τὸ</span> <span class='ocrx_word' id='word_1_742' title='bbox 2566 2867 2694 2933; x_wconf 75' lang='grc' dir='ltr'>ἄγος</span> <span class='ocrx_word' id='word_1_743' title='bbox 2718 2864 2770 2928; x_wconf 73' lang='grc' dir='ltr'>ιι,</span> <span class='ocrx_word' id='word_1_744' title='bbox 2799 2863 2920 2915; x_wconf 88' lang='grc' dir='ltr'>τότε</span> <span class='ocrx_word' id='word_1_745' title='bbox 2942 2862 3003 2914; x_wconf 83' lang='grc' dir='ltr'>τὸ</span> <span class='ocrx_word' id='word_1_746' title='bbox 3031 2860 3221 2931; x_wconf 89' lang='grc' dir='ltr'>μύσος,</span> 
     </span>
    </p>
   </div>
   <div class='ocr_carea' id='block_1_98' title="bbox 2226 2939 3723 3020">
    <p class='ocr_par' dir='ltr' id='par_1_98' title="bbox 2226 2939 3723 3020">
     <span class='ocr_line' id='line_1_98' title="bbox 2226 2939 3723 3020; baseline -0.019 -12"><span class='ocrx_word' id='word_1_747' title='bbox 2226 2952 2461 3020; x_wconf 90' lang='grc' dir='ltr'>Τοιαύτη</span> <span class='ocrx_word' id='word_1_748' title='bbox 2524 2950 2675 3001; x_wconf 76' lang='grc' dir='ltr'>πᾶσα</span> <span class='ocrx_word' id='word_1_749' title='bbox 2740 2944 2986 3015; x_wconf 85' lang='grc' dir='ltr'>ἁμαρτία</span> <span class='ocrx_word' id='word_1_750' title='bbox 3052 2959 3067 2975; x_wconf 77' lang='grc'><strong><em>⁸</em></strong></span> <span class='ocrx_word' id='word_1_751' title='bbox 3129 2942 3259 3013; x_wconf 76' lang='grc' dir='ltr'>πρὶν</span> <span class='ocrx_word' id='word_1_752' title='bbox 3310 2940 3343 3010; x_wconf 84' lang='grc' dir='ltr'>ἢ</span> <span class='ocrx_word' id='word_1_753' title='bbox 3400 2939 3497 3008; x_wconf 86' lang='grc' dir='ltr'>μέν</span> <span class='ocrx_word' id='word_1_754' title='bbox 3554 2940 3723 3008; x_wconf 69' lang='grc' dir='ltr'>ἔργα..</span> 
     </span>
    </p>
   </div>
   <div class='ocr_carea' id='block_1_99' title="bbox 2161 3020 3721 3107">
    <p class='ocr_par' dir='ltr' id='par_1_99' title="bbox 2161 3020 3721 3107">
     <span class='ocr_line' id='line_1_99' title="bbox 2161 3020 3721 3107; baseline -0.013 -15"><span class='ocrx_word' id='word_1_755' title='bbox 2161 3037 2377 3107; x_wconf 83' lang='grc' dir='ltr'>σθῆναι,</span> <span class='ocrx_word' id='word_1_756' title='bbox 2408 3034 2521 3102; x_wconf 73' lang='grc' dir='ltr'>ἔχει</span> <span class='ocrx_word' id='word_1_757' title='bbox 2550 3030 2672 3084; x_wconf 76' lang='grc' dir='ltr'>τινὰ</span> <span class='ocrx_word' id='word_1_758' title='bbox 2702 3028 2913 3099; x_wconf 82' lang='grc' dir='ltr'>ἡδονὴν,</span> <span class='ocrx_word' id='word_1_759' title='bbox 2952 3024 3090 3096; x_wconf 85' lang='grc' dir='ltr'>μετὰ</span> <span class='ocrx_word' id='word_1_760' title='bbox 3113 3026 3170 3078; x_wconf 87' lang='grc' dir='ltr'>δέ</span> <span class='ocrx_word' id='word_1_761' title='bbox 3207 3024 3268 3077; x_wconf 85' lang='grc' dir='ltr'>τὸ</span> <span class='ocrx_word' id='word_1_762' title='bbox 3315 3021 3624 3107; x_wconf 79' lang='grc' dir='ltr'>τελεσθῆναι</span> 
     </span>
    </p>
   </div>
   <div class='ocr_carea' id='block_1_100' title="bbox 2159 3105 3721 3193">
    <p class='ocr_par' dir='ltr' id='par_1_100' title="bbox 2159 3105 3721 3193">
     <span class='ocr_line' id='line_1_100' title="bbox 2159 3105 3721 3193; baseline -0.015 -15"><span class='ocrx_word' id='word_1_763' title='bbox 2159 3105 2262 3193; x_wconf 78' lang='grc' dir='ltr'>μὲν</span> <span class='ocrx_word' id='word_1_764' title='bbox 2295 3122 2393 3193; x_wconf 78' lang='grc' dir='ltr'>ἡδὺ</span> <span class='ocrx_word' id='word_1_765' title='bbox 2424 3118 2659 3172; x_wconf 87' lang='grc' dir='ltr'>παύεται</span> <span class='ocrx_word' id='word_1_766' title='bbox 2689 3115 2785 3167; x_wconf 83' lang='grc' dir='ltr'>καὶ</span> <span class='ocrx_word' id='word_1_767' title='bbox 2818 3110 3160 3183; x_wconf 85' lang='grc' dir='ltr'>μαραίνεται,</span> <span class='ocrx_word' id='word_1_768' title='bbox 3195 3107 3341 3193; x_wconf 18' lang='grc' dir='ltr'>τὸὲδὲ</span> <span class='ocrx_word' id='word_1_769' title='bbox 3372 3105 3721 3193; x_wconf 67' lang='grc' dir='ltr'>λυπηρδνκαὶ</span> 
     </span>
    </p>
   </div>
   <div class='ocr_carea' id='block_1_101' title="bbox 2154 3186 3716 3275">
    <p class='ocr_par' dir='ltr' id='par_1_101' title="bbox 2154 3186 3716 3275">
     <span class='ocr_line' id='line_1_101' title="bbox 2154 3186 3716 3275; baseline -0.014 -17"><span class='ocrx_word' id='word_1_770' title='bbox 2154 3186 2397 3275; x_wconf 75' lang='grc' dir='ltr'>κατηφὲς</span> <span class='ocrx_word' id='word_1_771' title='bbox 2426 3198 2830 3269; x_wconf 85' lang='grc' dir='ltr'>ἐπεισέρχεται.</span> <span class='ocrx_word' id='word_1_772' title='bbox 2864 3194 2929 3247; x_wconf 84' lang='grc' dir='ltr'><strong>Ἦ</strong></span> <span class='ocrx_word' id='word_1_773' title='bbox 2953 3194 3009 3246; x_wconf 82' lang='grc' dir='ltr'>δὲ</span> <span class='ocrx_word' id='word_1_774' title='bbox 3038 3189 3346 3259; x_wconf 87' lang='grc' dir='ltr'>δικαιοσύνη</span> <span class='ocrx_word' id='word_1_775' title='bbox 3372 3186 3716 3275; x_wconf 32' lang='grc' dir='ltr'>τούναντίον]</span> 
     </span>
    </p>
   </div>
   <div class='ocr_carea' id='block_1_102' title="bbox 2155 3267 3720 3361">
    <p class='ocr_par' dir='ltr' id='par_1_102' title="bbox 2155 3267 3720 3361">
     <span class='ocr_line' id='line_1_102' title="bbox 2155 3267 3720 3361; baseline -0.017 -17"><span class='ocrx_word' id='word_1_776' title='bbox 2155 3267 2429 3361; x_wconf 65' lang='grc' dir='ltr'>παρέίμέν</span> <span class='ocrx_word' id='word_1_777' title='bbox 2454 3284 2553 3353; x_wconf 83' lang='grc' dir='ltr'>τὴν</span> <span class='ocrx_word' id='word_1_778' title='bbox 2578 3267 2751 3351; x_wconf 80' lang='grc' dir='ltr'>ἀρχὴν</span> <span class='ocrx_word' id='word_1_779' title='bbox 2772 3279 2883 3350; x_wconf 80' lang='grc' dir='ltr'>ἔχει</span> <span class='ocrx_word' id='word_1_780' title='bbox 2905 3277 3033 3361; x_wconf 79' lang='grc' dir='ltr'>τοὺς</span> <span class='ocrx_word' id='word_1_781' title='bbox 3055 3271 3437 3361; x_wconf 32' lang='grc' dir='ltr'>πόνους-,Απρδς</span> <span class='ocrx_word' id='word_1_782' title='bbox 3452 3270 3514 3361; x_wconf 72' lang='grc' dir='ltr'>δὲ</span> <span class='ocrx_word' id='word_1_783' title='bbox 3537 3269 3615 3361; x_wconf 74' lang='grc' dir='ltr'>τῷ</span> <span class='ocrx_word' id='word_1_784' title='bbox 3634 3267 3720 3361; x_wconf 60' lang='grc' dir='ltr'>τέ-</span> 
     </span>
    </p>
   </div>
   <div class='ocr_carea' id='block_1_103' title="bbox 2153 3346 3718 3442">
    <p class='ocr_par' dir='ltr' id='par_1_103' title="bbox 2153 3346 3718 3442">
     <span class='ocr_line' id='line_1_103' title="bbox 2153 3346 3718 3442; baseline -0.015 -16"><span class='ocrx_word' id='word_1_785' title='bbox 2153 3346 2358 3442; x_wconf 58' lang='grc' dir='ltr'>λει’τὴν</span> <span class='ocrx_word' id='word_1_786' title='bbox 2393 3346 2585 3439; x_wconf 74' lang='grc' dir='ltr'>ἡδονὴν</span> <span class='ocrx_word' id='word_1_787' title='bbox 2610 3346 3157 3442; x_wconf 33' lang='grc' dir='ltr'>καὶ-τὴνάνάπαυσιν.</span> <span class='ocrx_word' id='word_1_788' title='bbox 3193 3355 3327 3442; x_wconf 72' lang='grc' dir='ltr'>Ούδέ</span> <span class='ocrx_word' id='word_1_789' title='bbox 3355 3357 3472 3442; x_wconf 68' lang='grc' dir='ltr'>ἐκεῖ</span> <span class='ocrx_word' id='word_1_790' title='bbox 3500 3346 3718 3442; x_wconf 29' lang='grc' dir='ltr'>’μὲνοῦν</span> 
     </span>
    </p>
   </div>
   <div class='ocr_carea' id='block_1_104' title="bbox 2152 3434 3717 3526">
    <p class='ocr_par' dir='ltr' id='par_1_104' title="bbox 2152 3434 3717 3526">
     <span class='ocr_line' id='line_1_104' title="bbox 2152 3434 3717 3526; baseline -0.014 -18"><span class='ocrx_word' id='word_1_791' title='bbox 2152 3456 2187 3526; x_wconf 80' lang='grc' dir='ltr'>ἡ</span> <span class='ocrx_word' id='word_1_792' title='bbox 2221 3434 2379 3525; x_wconf 72' lang='grc' dir='ltr'>ἡδονὴ</span> <span class='ocrx_word' id='word_1_793' title='bbox 2416 3434 2581 3522; x_wconf 62' lang='grc' dir='ltr'>ἦδονῆ</span> <span class='ocrx_word' id='word_1_794' title='bbox 2610 3446 2840 3516; x_wconf 90' lang='grc' dir='ltr'>γίνεται,</span> <span class='ocrx_word' id='word_1_795' title='bbox 2878 3445 2945 3513; x_wconf 78' lang='grc' dir='ltr'>τῇ</span> <span class='ocrx_word' id='word_1_796' title='bbox 2986 3438 3421 3526; x_wconf 34' lang='grc' dir='ltr'>προσδοκία-τῆς</span> <span class='ocrx_word' id='word_1_797' title='bbox 3442 3434 3717 3526; x_wconf 34' lang='grc' dir='ltr'>ἀἰσχύνης</span> 
     </span>
    </p>
   </div>
   <div class='ocr_carea' id='block_1_105' title="bbox 2153 3516 3717 3605">
    <p class='ocr_par' dir='ltr' id='par_1_105' title="bbox 2153 3516 3717 3605">
     <span class='ocr_line' id='line_1_105' title="bbox 2153 3516 3717 3605; baseline -0.015 -15"><span class='ocrx_word' id='word_1_798' title='bbox 2153 3516 2698 3605; x_wconf 55' lang='grc' dir='ltr'>καῖ’τῆξτίμωρίας·</span> <span class='ocrx_word' id='word_1_799' title='bbox 2733 3526 2829 3580; x_wconf 74' lang='grc' dir='ltr'>καὶ</span> <span class='ocrx_word' id='word_1_800' title='bbox 2858 3523 3095 3605; x_wconf 82' lang='grc' dir='ltr'>ἐνταῦθα</span> <span class='ocrx_word' id='word_1_801' title='bbox 3126 3522 3183 3574; x_wconf 81' lang='grc' dir='ltr'>δὲ</span> <span class='ocrx_word' id='word_1_802' title='bbox 3212 3521 3382 3605; x_wconf 79' lang='grc' dir='ltr'>πάλιν</span> <span class='ocrx_word' id='word_1_803' title='bbox 3403 3518 3523 3605; x_wconf 77' lang='grc' dir='ltr'>ούδέ</span> <span class='ocrx_word' id='word_1_804' title='bbox 3555 3519 3584 3569; x_wconf 81' lang='grc' dir='ltr'>ό</span> 
     </span>
    </p>
   </div>
   <div class='ocr_carea' id='block_1_106' title="bbox 2151 3599 3715 3685">
    <p class='ocr_par' dir='ltr' id='par_1_106' title="bbox 2151 3599 3715 3685">
     <span class='ocr_line' id='line_1_106' title="bbox 2151 3599 3715 3685; baseline -0.014 -12"><span class='ocrx_word' id='word_1_805' title='bbox 2151 3636 2239 3683; x_wconf 91' lang='grc' dir='ltr'>νος</span> <span class='ocrx_word' id='word_1_806' title='bbox 2272 3599 2433 3680; x_wconf 82' lang='grc' dir='ltr'>πόνος</span> <span class='ocrx_word' id='word_1_807' title='bbox 2458 3599 2526 3685; x_wconf 76' lang='grc' dir='ltr'>τῇ</span> <span class='ocrx_word' id='word_1_808' title='bbox 2547 3599 2723 3666; x_wconf 83' lang='grc' dir='ltr'>ἐλπίδι</span> <span class='ocrx_word' id='word_1_809' title='bbox 2759 3609 2868 3663; x_wconf 88' lang='grc' dir='ltr'>τῶν</span> <span class='ocrx_word' id='word_1_810' title='bbox 2896 3604 3161 3676; x_wconf 79' lang='grc' dir='ltr'>ἀμοιδῶν.</span> <span class='ocrx_word' id='word_1_811' title='bbox 3196 3603 3393 3674; x_wconf 83' lang='grc' dir='ltr'>Τίδὴὴ</span> <span class='ocrx_word' id='word_1_812' title='bbox 3419 3599 3715 3685; x_wconf 75' lang='grc' dir='ltr'>μέθη,είπέ</span> 
     </span>
    </p>
   </div>
   <div class='ocr_carea' id='block_1_107' title="bbox 2153 3684 3714 3773">
    <p class='ocr_par' dir='ltr' id='par_1_107' title="bbox 2153 3684 3714 3773">
     <span class='ocr_line' id='line_1_107' title="bbox 2153 3684 3714 3773; baseline -0.014 -17"><span class='ocrx_word' id='word_1_813' title='bbox 2153 3719 2274 3773; x_wconf 90' lang='grc' dir='ltr'>μοι;</span> <span class='ocrx_word' id='word_1_814' title='bbox 2304 3701 2403 3754; x_wconf 78' lang='grc' dir='ltr'>οὐκ</span> <span class='ocrx_word' id='word_1_815' title='bbox 2426 3700 2485 3751; x_wconf 92' lang='grc' dir='ltr'>ἐν</span> <span class='ocrx_word' id='word_1_816' title='bbox 2502 3684 2584 3767; x_wconf 9' lang='grc' dir='ltr'>7τῷ</span> <span class='ocrx_word' id='word_1_817' title='bbox 2611 3695 2789 3748; x_wconf 84' lang='grc' dir='ltr'>πίνειν</span> <span class='ocrx_word' id='word_1_818' title='bbox 2816 3690 2974 3762; x_wconf 88' lang='grc' dir='ltr'>μόνον</span> <span class='ocrx_word' id='word_1_819' title='bbox 2995 3688 3107 3757; x_wconf 76' lang='grc' dir='ltr'>ἔχει</span> <span class='ocrx_word' id='word_1_820' title='bbox 3130 3689 3233 3773; x_wconf 80' lang='grc' dir='ltr'>τὴν</span> <span class='ocrx_word' id='word_1_821' title='bbox 3258 3686 3488 3773; x_wconf 74' lang='grc' dir='ltr'>ηδονήν;</span> <span class='ocrx_word' id='word_1_822' title='bbox 3518 3684 3714 3773; x_wconf 81' lang='grc' dir='ltr'>μᾶλλον</span> 
     </span>
    </p>
   </div>
   <div class='ocr_carea' id='block_1_108' title="bbox 2148 3766 3714 3848">
    <p class='ocr_par' dir='ltr' id='par_1_108' title="bbox 2148 3766 3714 3848">
     <span class='ocr_line' id='line_1_108' title="bbox 2148 3766 3714 3848; baseline -0.012 -10"><span class='ocrx_word' id='word_1_823' title='bbox 2148 3766 2204 3838; x_wconf 84' lang='grc' dir='ltr'>δέ</span> <span class='ocrx_word' id='word_1_824' title='bbox 2260 3766 2369 3837; x_wconf 82' lang='grc' dir='ltr'>οὐδ’</span> <span class='ocrx_word' id='word_1_825' title='bbox 2407 3784 2466 3835; x_wconf 85' lang='grc' dir='ltr'>ἐν</span> <span class='ocrx_word' id='word_1_826' title='bbox 2508 3766 2588 3848; x_wconf 84' lang='grc' dir='ltr'>τῷ</span> <span class='ocrx_word' id='word_1_827' title='bbox 2632 3776 2830 3830; x_wconf 88' lang='grc' dir='ltr'>πίνειν.</span> <span class='ocrx_word' id='word_1_828' title='bbox 2881 3774 3051 3825; x_wconf 82' lang='grc' dir='ltr'>Ὅταν</span> <span class='ocrx_word' id='word_1_829' title='bbox 3083 3770 3190 3840; x_wconf 80' lang='grc' dir='ltr'>γάρ</span> <span class='ocrx_word' id='word_1_830' title='bbox 3240 3768 3317 3831; x_wconf 86' lang='grc' dir='ltr'>εἰς</span> <span class='ocrx_word' id='word_1_831' title='bbox 3363 3766 3714 3835; x_wconf 82' lang='grc' dir='ltr'>ἀναισθησίαν</span> 
     </span>
    </p>
   </div>
   <div class='ocr_carea' id='block_1_109' title="bbox 2148 3848 3712 3937">
    <p class='ocr_par' dir='ltr' id='par_1_109' title="bbox 2148 3848 3712 3937">
     <span class='ocr_line' id='line_1_109' title="bbox 2148 3848 3712 3937; baseline -0.014 -16"><span class='ocrx_word' id='word_1_832' title='bbox 2148 3866 2386 3937; x_wconf 81' lang='grc' dir='ltr'>ἐμπέσῃ,</span> <span class='ocrx_word' id='word_1_833' title='bbox 2416 3863 2512 3918; x_wconf 76' lang='grc' dir='ltr'>καὶ</span> <span class='ocrx_word' id='word_1_834' title='bbox 2547 3860 2749 3933; x_wconf 82' lang='grc' dir='ltr'>μηδένα</span> <span class='ocrx_word' id='word_1_835' title='bbox 2790 3856 2896 3910; x_wconf 89' lang='grc' dir='ltr'>τῶν</span> <span class='ocrx_word' id='word_1_836' title='bbox 2925 3854 3205 3937; x_wconf 84' lang='grc' dir='ltr'>παρόντων</span> <span class='ocrx_word' id='word_1_837' title='bbox 3231 3848 3577 3937; x_wconf 36' lang='grc' dir='ltr'>βλέπῃ-ἀλλά</span> <span class='ocrx_word' id='word_1_838' title='bbox 3603 3848 3712 3937; x_wconf 83' lang='grc' dir='ltr'>τῶν</span> 
     </span>
    </p>
   </div>
   <div class='ocr_carea' id='block_1_110' title="bbox 2152 3932 3708 4021">
    <p class='ocr_par' dir='ltr' id='par_1_110' title="bbox 2152 3932 3708 4021">
     <span class='ocr_line' id='line_1_110' title="bbox 2152 3932 3708 4021; baseline -0.015 -15"><span class='ocrx_word' id='word_1_839' title='bbox 2152 3932 2494 4021; x_wconf 76' lang='grc' dir='ltr'>μαινομένων</span> <span class='ocrx_word' id='word_1_840' title='bbox 2542 3948 2723 4015; x_wconf 88' lang='grc' dir='ltr'>χεῖρον</span> <span class='ocrx_word' id='word_1_841' title='bbox 2766 3939 3071 4008; x_wconf 87' lang='grc' dir='ltr'>διακέηται,</span> <span class='ocrx_word' id='word_1_842' title='bbox 3108 3935 3252 4021; x_wconf 35' lang='grc' dir='ltr'>ποία-</span> <span class='ocrx_word' id='word_1_843' title='bbox 3290 3934 3474 4021; x_wconf 78' lang='grc' dir='ltr'>λοιπὸν</span> <span class='ocrx_word' id='word_1_844' title='bbox 3510 3932 3708 4021; x_wconf 77' lang='grc' dir='ltr'>ήδονή;</span> 
     </span>
    </p>
   </div>
   <div class='ocr_carea' id='block_1_111' title="bbox 2146 4016 3706 4095">
    <p class='ocr_par' dir='ltr' id='par_1_111' title="bbox 2146 4016 3706 4095">
     <span class='ocr_line' id='line_1_111' title="bbox 2146 4016 3706 4095; baseline -0.013 -7"><span class='ocrx_word' id='word_1_845' title='bbox 2146 4016 2361 4088; x_wconf 75' lang='grc' dir='ltr'>Μᾶλλον</span> <span class='ocrx_word' id='word_1_846' title='bbox 2388 4031 2444 4084; x_wconf 80' lang='grc' dir='ltr'>δὲ</span> <span class='ocrx_word' id='word_1_847' title='bbox 2466 4029 2585 4082; x_wconf 80' lang='grc' dir='ltr'>οὐδὲ</span> <span class='ocrx_word' id='word_1_848' title='bbox 2600 4028 2657 4079; x_wconf 87' lang='grc' dir='ltr'>ἐν</span> <span class='ocrx_word' id='word_1_849' title='bbox 2678 4026 2814 4095; x_wconf 81' lang='grc' dir='ltr'>αὐτῇ</span> <span class='ocrx_word' id='word_1_850' title='bbox 2845 4026 2912 4092; x_wconf 80' lang='grc' dir='ltr'>τῇ</span> <span class='ocrx_word' id='word_1_851' title='bbox 2936 4019 3161 4090; x_wconf 79' lang='grc' dir='ltr'>πορνεία</span> <span class='ocrx_word' id='word_1_852' title='bbox 3196 4017 3353 4087; x_wconf 82' lang='grc' dir='ltr'>ἡδονή</span> <span class='ocrx_word' id='word_1_853' title='bbox 3400 4016 3484 4077; x_wconf 92' lang='grc' dir='ltr'>τίς</span> <span class='ocrx_word' id='word_1_854' title='bbox 3542 4016 3706 4068; x_wconf 85' lang='grc' dir='ltr'>ἐστιν.</span> 
     </span>
    </p>
   </div>
   <div class='ocr_carea' id='block_1_112' title="bbox 2147 4098 3708 4183">
    <p class='ocr_par' dir='ltr' id='par_1_112' title="bbox 2147 4098 3708 4183">
     <span class='ocr_line' id='line_1_112' title="bbox 2147 4098 3708 4183; baseline -0.013 -13"><span class='ocrx_word' id='word_1_855' title='bbox 2147 4118 2318 4170; x_wconf 87' lang='grc' dir='ltr'>Ὅταν</span> <span class='ocrx_word' id='word_1_856' title='bbox 2350 4114 2458 4183; x_wconf 89' lang='grc' dir='ltr'>γάρ</span> <span class='ocrx_word' id='word_1_857' title='bbox 2492 4110 2595 4164; x_wconf 77' lang='grc' dir='ltr'>ὑπὸ</span> <span class='ocrx_word' id='word_1_858' title='bbox 2624 4108 2827 4171; x_wconf 85' lang='grc' dir='ltr'>πάθους</span> <span class='ocrx_word' id='word_1_859' title='bbox 2858 4107 2892 4176; x_wconf 86' lang='grc' dir='ltr'>ἡ</span> <span class='ocrx_word' id='word_1_860' title='bbox 2931 4104 3075 4174; x_wconf 79' lang='grc' dir='ltr'>ψυχὴ</span> <span class='ocrx_word' id='word_1_861' title='bbox 3095 4099 3569 4183; x_wconf 17' lang='grc' dir='ltr'>κατεχομένηᾷτὴν</span> <span class='ocrx_word' id='word_1_862' title='bbox 3591 4098 3708 4183; x_wconf 47' lang='grc' dir='ltr'>κρίῗ</span> 
     </span>
    </p>
   </div>
   <div class='ocr_carea' id='block_1_113' title="bbox 2147 4180 3708 4267">
    <p class='ocr_par' dir='ltr' id='par_1_113' title="bbox 2147 4180 3708 4267">
     <span class='ocr_line' id='line_1_113' title="bbox 2147 4180 3708 4267; baseline -0.014 -14"><span class='ocrx_word' id='word_1_863' title='bbox 2147 4218 2230 4253; x_wconf 90' lang='grc' dir='ltr'>σιν</span> <span class='ocrx_word' id='word_1_864' title='bbox 2268 4180 2589 4267; x_wconf 82' lang='grc' dir='ltr'>ἀφαιρῆται,</span> <span class='ocrx_word' id='word_1_865' title='bbox 2632 4192 2762 4245; x_wconf 89' lang='grc' dir='ltr'>ποία</span> <span class='ocrx_word' id='word_1_866' title='bbox 2789 4189 2926 4258; x_wconf 78' lang='grc' dir='ltr'>αὕτη</span> <span class='ocrx_word' id='word_1_867' title='bbox 2970 4187 3164 4257; x_wconf 83' lang='grc' dir='ltr'>ὴδονή;</span> <span class='ocrx_word' id='word_1_868' title='bbox 3194 4186 3257 4237; x_wconf 91' lang='grc' dir='ltr'>Εί</span> <span class='ocrx_word' id='word_1_869' title='bbox 3295 4183 3352 4236; x_wconf 87' lang='grc' dir='ltr'>δέ</span> <span class='ocrx_word' id='word_1_870' title='bbox 3377 4181 3553 4267; x_wconf 75' lang='grc' dir='ltr'>τοῦτο,</span> <span class='ocrx_word' id='word_1_871' title='bbox 3613 4180 3708 4267; x_wconf 77' lang='grc' dir='ltr'>καὶ</span> 
     </span>
    </p>
   </div>
   <div class='ocr_carea' id='block_1_114' title="bbox 2142 4262 3707 4351">
    <p class='ocr_par' dir='ltr' id='par_1_114' title="bbox 2142 4262 3707 4351">
     <span class='ocr_line' id='line_1_114' title="bbox 2142 4262 3707 4351; baseline -0.015 -16"><span class='ocrx_word' id='word_1_872' title='bbox 2142 4283 2303 4351; x_wconf 80' lang='grc' dir='ltr'>ψῶρα</span> <span class='ocrx_word' id='word_1_873' title='bbox 2319 4262 2505 4349; x_wconf 60' lang='grc' dir='ltr'>ἦδόνή.</span> <span class='ocrx_word' id='word_1_874' title='bbox 2558 4273 2779 4344; x_wconf 84' lang='grc' dir='ltr'>Ἡδονὴν</span> <span class='ocrx_word' id='word_1_875' title='bbox 2805 4272 2860 4324; x_wconf 78' lang='grc' dir='ltr'>δὲ</span> <span class='ocrx_word' id='word_1_876' title='bbox 2880 4271 3097 4339; x_wconf 88' lang='grc' dir='ltr'>ἐκείνην</span> <span class='ocrx_word' id='word_1_877' title='bbox 3118 4267 3229 4336; x_wconf 84' lang='grc' dir='ltr'>ἐγὼ</span> <span class='ocrx_word' id='word_1_878' title='bbox 3255 4268 3465 4335; x_wconf 73' lang='grc' dir='ltr'>εἴποιμι</span> <span class='ocrx_word' id='word_1_879' title='bbox 3499 4262 3564 4351; x_wconf 73' lang='grc' dir='ltr'>ἀν</span> 
     </span>
    </p>
   </div>
   <div class='ocr_carea' id='block_1_115' title="bbox 2142 4344 3708 4434">
    <p class='ocr_par' dir='ltr' id='par_1_115' title="bbox 2142 4344 3708 4434">
     <span class='ocr_line' id='line_1_115' title="bbox 2142 4344 3708 4434; baseline -0.015 -16"><span class='ocrx_word' id='word_1_880' title='bbox 2142 4344 2496 4434; x_wconf 47' lang='grc' dir='ltr'>ἀληθῆίὸταν</span> <span class='ocrx_word' id='word_1_881' title='bbox 2521 4354 2646 4431; x_wconf 85' lang='grc' dir='ltr'>μὴ</span> <span class='ocrx_word' id='word_1_882' title='bbox 2675 4358 2733 4408; x_wconf 91' lang='grc' dir='ltr'>ἐν</span> <span class='ocrx_word' id='word_1_883' title='bbox 2753 4353 2915 4409; x_wconf 82' lang='grc' dir='ltr'>πάθει</span> <span class='ocrx_word' id='word_1_884' title='bbox 2938 4354 2970 4422; x_wconf 82' lang='grc' dir='ltr'><strong>ή</strong></span> <span class='ocrx_word' id='word_1_885' title='bbox 2996 4350 3140 4434; x_wconf 72' lang='grc' dir='ltr'>ψυχὴ</span> <span class='ocrx_word' id='word_1_886' title='bbox 3157 4346 3583 4434; x_wconf 61' lang='grc' dir='ltr'>κατατεινομένη</span> <span class='ocrx_word' id='word_1_887' title='bbox 3602 4344 3708 4434; x_wconf 63' lang='grc' dir='ltr'>ύπὸ</span> 
     </span>
    </p>
   </div>
   <div class='ocr_carea' id='block_1_116' title="bbox 2140 4426 3703 4514">
    <p class='ocr_par' dir='ltr' id='par_1_116' title="bbox 2140 4426 3703 4514">
     <span class='ocr_line' id='line_1_116' title="bbox 2140 4426 3703 4514; baseline -0.015 -14"><span class='ocrx_word' id='word_1_888' title='bbox 2140 4426 2245 4501; x_wconf 43' lang='grc' dir='ltr'>τοῦ.</span> <span class='ocrx_word' id='word_1_889' title='bbox 2264 4426 2533 4514; x_wconf 28' lang='grc' dir='ltr'>σῶματοςν</span> <span class='ocrx_word' id='word_1_890' title='bbox 2554 4426 2651 4493; x_wconf 64' lang='grc' dir='ltr'>καί</span> <span class='ocrx_word' id='word_1_891' title='bbox 2690 4435 3059 4504; x_wconf 87' lang='grc' dir='ltr'>διασπωμένη.</span> <span class='ocrx_word' id='word_1_892' title='bbox 3088 4431 3236 4514; x_wconf 72' lang='grc'>[561]</span> <span class='ocrx_word' id='word_1_893' title='bbox 3269 4428 3403 4514; x_wconf 83' lang='grc' dir='ltr'>Ποία</span> <span class='ocrx_word' id='word_1_894' title='bbox 3434 4429 3541 4514; x_wconf 82' lang='grc' dir='ltr'>γὰρ</span> <span class='ocrx_word' id='word_1_895' title='bbox 3564 4426 3703 4495; x_wconf 73' lang='grc' dir='ltr'>αὕτη</span> 
     </span>
    </p>
   </div>
   <div class='ocr_carea' id='block_1_117' title="bbox 2138 4511 3704 4599">
    <p class='ocr_par' dir='ltr' id='par_1_117' title="bbox 2138 4511 3704 4599">
     <span class='ocr_line' id='line_1_117' title="bbox 2138 4511 3704 4599; baseline -0.017 -17"><span class='ocrx_word' id='word_1_896' title='bbox 2138 4528 2325 4599; x_wconf 79' lang='grc' dir='ltr'>ἡδονὴ,</span> <span class='ocrx_word' id='word_1_897' title='bbox 2347 4511 2553 4595; x_wconf 72' lang='grc' dir='ltr'>τρίζειν</span> <span class='ocrx_word' id='word_1_898' title='bbox 2574 4520 2813 4583; x_wconf 83' lang='grc' dir='ltr'>ὀδόντας,</span> <span class='ocrx_word' id='word_1_899' title='bbox 2837 4516 3177 4587; x_wconf 85' lang='grc' dir='ltr'>διαστρέφειν</span> <span class='ocrx_word' id='word_1_900' title='bbox 3195 4511 3529 4599; x_wconf 80' lang='grc' dir='ltr'>ὀφθαλμοὺς,</span> <span class='ocrx_word' id='word_1_901' title='bbox 3556 4525 3704 4599; x_wconf 32' lang='grc' dir='ltr'>,γαρ-</span> 
     </span>
    </p>
   </div>
   <div class='ocr_carea' id='block_1_118' title="bbox 2138 4593 3705 4679">
    <p class='ocr_par' dir='ltr' id='par_1_118' title="bbox 2138 4593 3705 4679">
     <span class='ocr_line' id='line_1_118' title="bbox 2138 4593 3705 4679; baseline -0.015 -15"><span class='ocrx_word' id='word_1_902' title='bbox 2138 4593 2453 4679; x_wconf 76' lang='grc' dir='ltr'>γαλίζεσθαι</span> <span class='ocrx_word' id='word_1_903' title='bbox 2486 4606 2578 4659; x_wconf 70' lang='grc' dir='ltr'>καί⁸</span> <span class='ocrx_word' id='word_1_904' title='bbox 2597 4599 2981 4673; x_wconf 83' lang='grc' dir='ltr'>θερμαίνεσθαι</span> <span class='ocrx_word' id='word_1_905' title='bbox 2998 4600 3141 4667; x_wconf 91' lang='grc' dir='ltr'>πέρα</span> <span class='ocrx_word' id='word_1_906' title='bbox 3160 4595 3253 4649; x_wconf 83' lang='grc' dir='ltr'>τοῦ</span> <span class='ocrx_word' id='word_1_907' title='bbox 3278 4593 3705 4679; x_wconf 30' lang='grc' dir='ltr'>δέοντος-χοῦτω</span> 
     </span>
    </p>
   </div>
   <div class='ocr_carea' id='block_1_119' title="bbox 2137 4674 3703 4759">
    <p class='ocr_par' dir='ltr' id='par_1_119' title="bbox 2137 4674 3703 4759">
     <span class='ocr_line' id='line_1_119' title="bbox 2137 4674 3703 4759; baseline -0.016 -11"><span class='ocrx_word' id='word_1_908' title='bbox 2137 4674 2195 4748; x_wconf 85' lang='grc' dir='ltr'>δὲ</span> <span class='ocrx_word' id='word_1_909' title='bbox 2226 4694 2327 4747; x_wconf 84' lang='grc' dir='ltr'>οὐκ</span> <span class='ocrx_word' id='word_1_910' title='bbox 2355 4691 2503 4744; x_wconf 76' lang='grc' dir='ltr'>ἔστιν</span> <span class='ocrx_word' id='word_1_911' title='bbox 2523 4688 2703 4759; x_wconf 78' lang='grc' dir='ltr'>ἡδονὴ,</span> <span class='ocrx_word' id='word_1_912' title='bbox 2746 4686 2828 4737; x_wconf 87' lang='grc' dir='ltr'>ὃτι</span> <span class='ocrx_word' id='word_1_913' title='bbox 2858 4682 3157 4751; x_wconf 88' lang='grc' dir='ltr'>σπεύδομεν</span> <span class='ocrx_word' id='word_1_914' title='bbox 3184 4678 3351 4747; x_wconf 78' lang='grc' dir='ltr'>αὐτῆς</span> <span class='ocrx_word' id='word_1_915' title='bbox 3378 4674 3703 4759; x_wconf 82' lang='grc' dir='ltr'>ἀπαλλαγῆ-</span> 
     </span>
    </p>
   </div>
   <div class='ocr_carea' id='block_1_120' title="bbox 2137 4757 3700 4847">
    <p class='ocr_par' dir='ltr' id='par_1_120' title="bbox 2137 4757 3700 4847">
     <span class='ocr_line' id='line_1_120' title="bbox 2137 4757 3700 4847; baseline -0.014 -16"><span class='ocrx_word' id='word_1_916' title='bbox 2137 4795 2228 4830; x_wconf 92' lang='grc' dir='ltr'>ναι</span> <span class='ocrx_word' id='word_1_917' title='bbox 2256 4777 2484 4847; x_wconf 84' lang='grc' dir='ltr'>ταχέως,</span> <span class='ocrx_word' id='word_1_918' title='bbox 2521 4757 2615 4825; x_wconf 75' lang='grc' dir='ltr'>καὶ</span> <span class='ocrx_word' id='word_1_919' title='bbox 2635 4768 3039 4835; x_wconf 86' lang='grc' dir='ltr'>ἀπαλλαγέντες</span> <span class='ocrx_word' id='word_1_920' title='bbox 3068 4762 3373 4847; x_wconf 66' lang='grc' dir='ltr'>ἀλγούμεν.</span> <span class='ocrx_word' id='word_1_921' title='bbox 3432 4760 3493 4847; x_wconf 72' lang='grc' dir='ltr'>1ξί</span> <span class='ocrx_word' id='word_1_922' title='bbox 3526 4757 3700 4847; x_wconf 24' lang='grc' dir='ltr'>μηδονή</span> 
     </span>
    </p>
   </div>
   <div class='ocr_carea' id='block_1_121' title="bbox 2137 4840 3699 4929">
    <p class='ocr_par' dir='ltr' id='par_1_121' title="bbox 2137 4840 3699 4929">
     <span class='ocr_line' id='line_1_121' title="bbox 2137 4840 3699 4929; baseline -0.014 -17"><span class='ocrx_word' id='word_1_923' title='bbox 2137 4862 2272 4925; x_wconf 85' lang='grc' dir='ltr'>ἐστι,</span> <span class='ocrx_word' id='word_1_924' title='bbox 2318 4840 2393 4929; x_wconf 54' lang='lat' dir='ltr'><em>{in</em></span> <span class='ocrx_word' id='word_1_925' title='bbox 2410 4854 2749 4909; x_wconf 84' lang='grc' dir='ltr'>ἀπαλλάττου</span> <span class='ocrx_word' id='word_1_926' title='bbox 2774 4850 2963 4918; x_wconf 80' lang='grc' dir='ltr'>αὐτῆς,</span> <span class='ocrx_word' id='word_1_927' title='bbox 2995 4846 3132 4899; x_wconf 88' lang='grc' dir='ltr'>ἀλλά</span> <span class='ocrx_word' id='word_1_928' title='bbox 3164 4844 3297 4929; x_wconf 82' lang='grc' dir='ltr'>μένε</span> <span class='ocrx_word' id='word_1_929' title='bbox 3318 4844 3381 4929; x_wconf 64' lang='grc' dir='ltr'>ιν</span> <span class='ocrx_word' id='word_1_930' title='bbox 3414 4843 3480 4929; x_wconf 78' lang='grc' dir='ltr'>τῇ</span> <span class='ocrx_word' id='word_1_931' title='bbox 3515 4840 3699 4929; x_wconf 48' lang='lat' dir='ltr'>wn:</span> 
     </span>
    </p>
   </div>
   <div class='ocr_carea' id='block_1_122' title="bbox 2147 4924 3701 5014">
    <p class='ocr_par' dir='ltr' id='par_1_122' title="bbox 2147 4924 3701 5014">
     <span class='ocr_line' id='line_1_122' title="bbox 2147 4924 3701 5014; baseline -0.014 -18"><span class='ocrx_word' id='word_1_932' title='bbox 2147 4924 2416 5014; x_wconf 32' lang='grc' dir='ltr'>Ὁρᾷςνὸτι</span> <span class='ocrx_word' id='word_1_933' title='bbox 2440 4937 2610 5009; x_wconf 78' lang='grc' dir='ltr'>ὖνομά</span> <span class='ocrx_word' id='word_1_934' title='bbox 2636 4938 2750 4989; x_wconf 89' lang='grc' dir='ltr'>ἐστι</span> <span class='ocrx_word' id='word_1_935' title='bbox 2787 4932 2943 5003; x_wconf 90' lang='grc' dir='ltr'>μόνον</span> <span class='ocrx_word' id='word_1_936' title='bbox 2967 4930 3191 5014; x_wconf 77' lang='grc' dir='ltr'>ηδονῆςς</span> <span class='ocrx_word' id='word_1_937' title='bbox 3226 4926 3364 5014; x_wconf 83' lang='grc' dir='ltr'>Ἀλλ’</span> <span class='ocrx_word' id='word_1_938' title='bbox 3384 4926 3447 4978; x_wconf 85' lang='grc' dir='ltr'>ού</span> <span class='ocrx_word' id='word_1_939' title='bbox 3477 4924 3546 5014; x_wconf 78' lang='grc' dir='ltr'>τά</span> <span class='ocrx_word' id='word_1_940' title='bbox 3570 4925 3701 5014; x_wconf 77' lang='grc' dir='ltr'>παρ’</span> 
     </span>
    </p>
   </div>
   <div class='ocr_carea' id='block_1_123' title="bbox 2135 5009 3705 5097">
    <p class='ocr_par' dir='ltr' id='par_1_123' title="bbox 2135 5009 3705 5097">
     <span class='ocr_line' id='line_1_123' title="bbox 2135 5009 3705 5097; baseline -0.013 -17"><span class='ocrx_word' id='word_1_941' title='bbox 2135 5009 2268 5097; x_wconf 76' lang='grc' dir='ltr'>ἡμῖν</span> <span class='ocrx_word' id='word_1_942' title='bbox 2293 5023 2538 5083; x_wconf 78' lang='grc' dir='ltr'>τοιαῦτα,</span> <span class='ocrx_word' id='word_1_943' title='bbox 2567 5020 2679 5073; x_wconf 88' lang='grc' dir='ltr'>ἀλλ’</span> <span class='ocrx_word' id='word_1_944' title='bbox 2715 5018 2882 5078; x_wconf 79' lang='grc' dir='ltr'>ὅντως</span> <span class='ocrx_word' id='word_1_945' title='bbox 2906 5016 3055 5067; x_wconf 71' lang='grc' dir='ltr'>ἐστὶν</span> <span class='ocrx_word' id='word_1_946' title='bbox 3092 5012 3243 5081; x_wconf 77' lang='grc' dir='ltr'>ἡδέα,</span> <span class='ocrx_word' id='word_1_947' title='bbox 3274 5011 3337 5097; x_wconf 73' lang='grc' dir='ltr'>ού</span> <span class='ocrx_word' id='word_1_948' title='bbox 3389 5010 3531 5097; x_wconf 84' lang='grc' dir='ltr'>μετά</span> <span class='ocrx_word' id='word_1_949' title='bbox 3582 5009 3705 5097; x_wconf 62' lang='grc' dir='ltr'>φλορ</span> 
     </span>
    </p>
   </div>
   <div class='ocr_carea' id='block_1_124' title="bbox 2133 5094 3705 5179">
    <p class='ocr_par' dir='ltr' id='par_1_124' title="bbox 2133 5094 3705 5179">
     <span class='ocr_line' id='line_1_124' title="bbox 2133 5094 3705 5179; baseline -0.012 -16"><span class='ocrx_word' id='word_1_950' title='bbox 2133 5094 2227 5179; x_wconf 77' lang='grc' dir='ltr'>γδς</span> <span class='ocrx_word' id='word_1_951' title='bbox 2256 5109 2447 5179; x_wconf 78' lang='grc' dir='ltr'>ἔχοντα</span> <span class='ocrx_word' id='word_1_952' title='bbox 2476 5106 2575 5175; x_wconf 83' lang='grc' dir='ltr'>τὴν</span> <span class='ocrx_word' id='word_1_953' title='bbox 2603 5102 2815 5173; x_wconf 78' lang='grc' dir='ltr'>ἡδονὴν,</span> <span class='ocrx_word' id='word_1_954' title='bbox 2849 5100 2964 5153; x_wconf 89' lang='grc' dir='ltr'>ἀλλ’</span> <span class='ocrx_word' id='word_1_955' title='bbox 3006 5096 3291 5166; x_wconf 86' lang='grc' dir='ltr'>ἐλευθέραν</span> <span class='ocrx_word' id='word_1_956' title='bbox 3316 5094 3550 5179; x_wconf 85' lang='grc' dir='ltr'>ἀφιέντα</span> <span class='ocrx_word' id='word_1_957' title='bbox 3575 5094 3705 5179; x_wconf 32' lang='grc' dir='ltr'>*τὴν</span> 
     </span>
    </p>
   </div>
   <div class='ocr_carea' id='block_1_125' title="bbox 2132 5173 3703 5264">
    <p class='ocr_par' dir='ltr' id='par_1_125' title="bbox 2132 5173 3703 5264">
     <span class='ocr_line' id='line_1_125' title="bbox 2132 5173 3703 5264; baseline -0.012 -18"><span class='ocrx_word' id='word_1_958' title='bbox 2132 5173 2328 5264; x_wconf 59' lang='grc' dir='ltr'>ᾧυχὴν,</span> <span class='ocrx_word' id='word_1_959' title='bbox 2356 5193 2450 5243; x_wconf 57' lang='grc' dir='ltr'>καὶ¹</span> <span class='ocrx_word' id='word_1_960' title='bbox 2481 5173 2834 5258; x_wconf 76' lang='grc' dir='ltr'>εύφραίνοντα</span> <span class='ocrx_word' id='word_1_961' title='bbox 2863 5184 2957 5235; x_wconf 76' lang='grc' dir='ltr'>καὶ</span> <span class='ocrx_word' id='word_1_962' title='bbox 2979 5180 3281 5264; x_wconf 70' lang='grc' dir='ltr'>διαχέοντα.</span> <span class='ocrx_word' id='word_1_963' title='bbox 3305 5178 3544 5264; x_wconf 86' lang='grc' dir='ltr'>Τοιαύτη</span> <span class='ocrx_word' id='word_1_964' title='bbox 3559 5173 3640 5264; x_wconf 60' lang='grc' dir='ltr'>ἦν</span> 
     </span>
    </p>
   </div>
   <div class='ocr_carea' id='block_1_126' title="bbox 2133 5261 3705 5343">
    <p class='ocr_par' dir='ltr' id='par_1_126' title="bbox 2133 5261 3705 5343">
     <span class='ocr_line' id='line_1_126' title="bbox 2133 5261 3705 5343; baseline -0.011 -13"><span class='ocrx_word' id='word_1_965' title='bbox 2133 5261 2347 5330; x_wconf 77' lang='grc' dir='ltr'>Παύλου</span> <span class='ocrx_word' id='word_1_966' title='bbox 2381 5271 2541 5343; x_wconf 78' lang='grc' dir='ltr'>ἡδονὴ</span> <span class='ocrx_word' id='word_1_967' title='bbox 2563 5272 2833 5337; x_wconf 86' lang='grc' dir='ltr'>λέγοντος,</span> <span class='ocrx_word' id='word_1_968' title='bbox 2861 5268 2958 5319; x_wconf 80' lang='grc' dir='ltr'>Ἑν</span> <span class='ocrx_word' id='word_1_969' title='bbox 2975 5266 3164 5330; x_wconf 84' lang='grc' dir='ltr'>τούτῳ</span> <span class='ocrx_word' id='word_1_970' title='bbox 3180 5262 3387 5331; x_wconf 84' lang='grc' dir='ltr'>χαίρω,</span> <span class='ocrx_word' id='word_1_971' title='bbox 3421 5261 3583 5315; x_wconf 69' lang='grc' dir='ltr'>ἀλλὰ</span> <span class='ocrx_word' id='word_1_972' title='bbox 3604 5262 3705 5313; x_wconf 78' lang='grc' dir='ltr'>καὶ</span> 
     </span>
    </p>
   </div>
   <div class='ocr_carea' id='block_1_127' title="bbox 2133 5344 3753 5430">
    <p class='ocr_par' dir='ltr' id='par_1_127' title="bbox 2133 5344 3753 5430">
     <span class='ocr_line' id='line_1_127' title="bbox 2133 5344 3753 5430; baseline -0.01 -15"><span class='ocrx_word' id='word_1_973' title='bbox 2133 5361 2471 5430; x_wconf 77' lang='grc' dir='ltr'>χαρήσομαι</span> <span class='ocrx_word' id='word_1_974' title='bbox 2492 5372 2507 5387; x_wconf 91' lang='grc'><strong>·</strong></span> <span class='ocrx_word' id='word_1_975' title='bbox 2559 5357 2651 5408; x_wconf 76' lang='grc' dir='ltr'>καὶ</span> <span class='ocrx_word' id='word_1_976' title='bbox 2674 5393 2689 5417; x_wconf 94' lang='grc'>,</span> <span class='ocrx_word' id='word_1_977' title='bbox 2750 5351 2990 5417; x_wconf 82' lang='grc' dir='ltr'>Χαίρετε</span> <span class='ocrx_word' id='word_1_978' title='bbox 3041 5348 3111 5401; x_wconf 79' lang='grc' dir='ltr'>ἐν</span> <span class='ocrx_word' id='word_1_979' title='bbox 3166 5346 3361 5414; x_wconf 78' lang='grc' dir='ltr'>Κυρίῳ</span> <span class='ocrx_word' id='word_1_980' title='bbox 3419 5344 3702 5399; x_wconf 72' lang='grc' dir='ltr'>πάντοτε.</span> <span class='ocrx_word' id='word_1_981' title='bbox 3742 5348 3753 5359; x_wconf 79' lang='grc'><strong><em>³</em></strong></span> 
     </span>
    </p>
   </div>
   <div class='ocr_carea' id='block_1_128' title="bbox 2144 5440 3704 5522">
    <p class='ocr_par' dir='ltr' id='par_1_128' title="bbox 2144 5440 3704 5522">
     <span class='ocr_line' id='line_1_128' title="bbox 2144 5440 3704 5522; baseline -0.015 -13"><span class='ocrx_word' id='word_1_982' title='bbox 2144 5454 2364 5522; x_wconf 85' lang='grc' dir='ltr'>Ἑκείνη</span> <span class='ocrx_word' id='word_1_983' title='bbox 2418 5450 2527 5520; x_wconf 80' lang='grc' dir='ltr'>γὰρ</span> <span class='ocrx_word' id='word_1_984' title='bbox 2582 5450 2677 5503; x_wconf 51' lang='grc' dir='ltr'>καὶ.</span> <span class='ocrx_word' id='word_1_985' title='bbox 2714 5446 2975 5516; x_wconf 80' lang='grc' dir='ltr'>αἰσχύνην</span> <span class='ocrx_word' id='word_1_986' title='bbox 3022 5445 3134 5514; x_wconf 78' lang='grc' dir='ltr'>ἔχει</span> <span class='ocrx_word' id='word_1_987' title='bbox 3186 5442 3282 5495; x_wconf 76' lang='grc' dir='ltr'>καὶ</span> <span class='ocrx_word' id='word_1_988' title='bbox 3331 5440 3704 5506; x_wconf 83' lang='grc' dir='ltr'>κατάγνωσιν,</span> 
     </span>
    </p>
   </div>
   <div class='ocr_carea' id='block_1_129' title="bbox 2136 5522 3717 5607">
    <p class='ocr_par' dir='ltr' id='par_1_129' title="bbox 2136 5522 3717 5607">
     <span class='ocr_line' id='line_1_129' title="bbox 2136 5522 3717 5607; baseline -0.015 -13"><span class='ocrx_word' id='word_1_989' title='bbox 2136 5539 2319 5607; x_wconf 86' lang='grc' dir='ltr'>ἐκείνη</span> <span class='ocrx_word' id='word_1_990' title='bbox 2350 5535 2442 5588; x_wconf 80' lang='grc' dir='ltr'>καὶ</span> <span class='ocrx_word' id='word_1_991' title='bbox 2468 5534 2643 5605; x_wconf 88' lang='grc' dir='ltr'>λάθρα</span> <span class='ocrx_word' id='word_1_992' title='bbox 2669 5534 2897 5601; x_wconf 88' lang='grc' dir='ltr'>γίνεται,</span> <span class='ocrx_word' id='word_1_993' title='bbox 2929 5530 3023 5582; x_wconf 75' lang='grc' dir='ltr'>καὶ</span> <span class='ocrx_word' id='word_1_994' title='bbox 3075 5526 3284 5597; x_wconf 88' lang='grc' dir='ltr'>μυρίων</span> <span class='ocrx_word' id='word_1_995' title='bbox 3322 5522 3717 5593; x_wconf 83' lang='grc' dir='ltr'>ἐμπέπλησται</span> 
     </span>
    </p>
   </div>
   <div class='ocr_carea' id='block_1_130' title="bbox 2200 5713 3707 5797">
    <p class='ocr_par' dir='ltr' id='par_1_130' title="bbox 2200 5713 3707 5797">
     <span class='ocr_line' id='line_1_130' title="bbox 2200 5713 3707 5797; baseline -0.009 -25"><span class='ocrx_word' id='word_1_996' title='bbox 2200 5729 2222 5756; x_wconf 73' lang='grc' dir='ltr'><strong>ο</strong></span> <span class='ocrx_word' id='word_1_997' title='bbox 2248 5726 2327 5797; x_wconf 63' lang='grc' dir='ltr'>ξιρ</span> <span class='ocrx_word' id='word_1_998' title='bbox 2359 5722 2564 5778; x_wconf 71' lang='lat' dir='ltr'>Comm,</span> <span class='ocrx_word' id='word_1_999' title='bbox 2611 5718 2759 5768; x_wconf 82' lang='lat' dir='ltr'><strong>Savil.</strong></span> <span class='ocrx_word' id='word_1_1000' title='bbox 2806 5714 3015 5765; x_wconf 75' lang='lat' dir='ltr'>ctColb.</span> <span class='ocrx_word' id='word_1_1001' title='bbox 3058 5713 3339 5778; x_wconf 80' lang='lat' dir='ltr'>Legebalur</span> <span class='ocrx_word' id='word_1_1002' title='bbox 3357 5713 3707 5776; x_wconf 80' lang='grc' dir='ltr'>ἀνακεχρισμέ-</span> 
     </span>
    </p>
   </div>
   <div class='ocr_carea' id='block_1_131' title="bbox 2137 5788 3116 5907">
    <p class='ocr_par' dir='ltr' id='par_1_131' title="bbox 2137 5788 3116 5907">
     <span class='ocr_line' id='line_1_131' title="bbox 2137 5788 3116 5907; baseline -0.011 -9"><span class='ocrx_word' id='word_1_1003' title='bbox 2137 5806 2218 5887; x_wconf 50' lang='lat' dir='ltr'>Wa</span> <span class='ocrx_word' id='word_1_1004' title='bbox 2244 5788 2513 5903; x_wconf 54' lang='grc' dir='ltr'>ξῖτιίίόριυ,</span> <span class='ocrx_word' id='word_1_1005' title='bbox 2537 5856 2625 5907; x_wconf 83' lang='lat' dir='ltr'>pro</span> <span class='ocrx_word' id='word_1_1006' title='bbox 2650 5841 2777 5902; x_wconf 78' lang='lat' dir='ltr'>vulg.</span> <span class='ocrx_word' id='word_1_1007' title='bbox 2804 5840 2959 5900; x_wconf 84' lang='grc' dir='ltr'>ἄλγος.</span> <span class='ocrx_word' id='word_1_1008' title='bbox 2985 5838 3116 5888; x_wconf 73' lang='lat' dir='ltr'>Enn.</span> 
     </span>
    </p>
   </div>
  </div>
