4090 6396
421 304 525 363 813

426 446 547 485 cum
572 442 699 484 casu
723 426 973 498 qu0piam
997 423 1137 480 servi
1163 424 1309 494 ipsos
1332 421 1699 477 deseruissent
1728 435 1742 472 :
1776 417 1883 471 illic
1904 431 1997 469 au-

424 534 530 578 tem
558 521 733 592 quivis
769 520 991 589 gloriam
1038 531 1189 572 suam
1237 530 1420 569 secum
1465 513 1624 567 habet
1662 510 1879 580 ubique.
1923 508 2001 568 Ac

422 615 562 671 sicut
584 614 780 683 angeli,
803 612 1121 680 ubicumque
1147 609 1528 679 apparuerint,
1567 620 1746 660 secum
1778 603 2021 674 gloriam.

426 707 624 762 habent
648 725 661 761 :
690 708 763 761 ita
788 707 947 759 etiam
969 704 1136 758 sancti
1161 722 1175 758 :
1202 704 1308 757 imo
1329 716 1455 755 vero
1478 702 1615 754 sicut
1632 699 1709 754 sol
1739 714 1843 752 non
1868 712 2002 765 opus

425 798 589 852 habet
617 798 956 861 vestimento,
987 810 1085 850 nec
1109 794 1209 847 alia
1249 807 1310 848 re
1358 792 1604 862 quapiam
1626 832 1641 856 ,
1683 789 1779 845 sed
1825 788 2003 844 statim

424 899 585 959 atque
613 897 852 958 apparet,
883 887 1104 958 gloriam
1130 885 1352 956 fulgoris
1372 884 1453 939 sui
1475 883 1671 938 emittit
1702 900 1716 938 :
1742 883 1812 936 ita
1842 881 2003 937 etiam

426 992 551 1036 tunc
579 980 699 1036 erit.

494 1075 549 1128 5.
595 1073 980 1142 Persequamur
1006 1085 1133 1142 ergo
1161 1070 1386 1141 gloriam
1424 1069 1590 1133 illam,
1622 1082 1722 1138 qua
1750 1066 1881 1121 nihil
1904 1080 2001 1120 ve-

426 1167 751 1231 nerabilius;
798 1166 1160 1235 relinquamus
1190 1162 1351 1228 hanc,
1396 1176 1498 1232 qua
1539 1160 1670 1215 nihil
1719 1160 2000 1229 abiectius.

427 1260 493 1315 In
520 1261 705 1313 amictu
733 1260 943 1313 vestium
976 1274 1037 1310 ne
1060 1257 1289 1328 glorieris
1315 1256 1334 1326 (
1369 1254 1532 1308 Eccli.
1562 1254 1648 1308 11.
1680 1253 1713 1306 4
1732 1250 1777 1321 ),
1810 1251 2000 1321 inquit.

428 1354 551 1408 llrec
578 1351 778 1421 pridem
804 1348 1231 1421 przedicebantur
1257 1345 1565 1401 infantibus.
1589 1343 1722 1398 Nam
1754 1342 2002 1421 saltator,

428 1444 678 1500 meretrix
708 1452 764 1497 et
779 1441 1021 1497 scenicus
1048 1438 1364 1510 gratiosiora
1407 1446 1459 1491 te
1482 1445 1535 1491 et
1563 1434 1876 1505 pretiosiora
1906 1447 2003 1487 ve-

425 1539 674 1592 stimenta
705 1533 1103 1590 circumferunt.
1151 1532 1417 1586 Prteterea
1448 1544 1581 1585 vero
1609 1529 1677 1583 de
1721 1543 1780 1582 re
1805 1526 2003 1596 gloria-

427 1630 523 1693 ris,
552 1642 709 1698 quam
735 1627 779 1681 si
814 1627 968 1680 linere
995 1623 1264 1690 invadant,
1295 1623 1411 1693 ejus
1442 1632 1493 1676 te
1518 1623 1792 1690 voluptate
1823 1619 1999 1688 priva-

428 1724 577 1778 bunt.
611 1721 772 1777 Vides
792 1735 950 1790 quam
977 1722 1177 1773 incerta
1208 1730 1295 1771 res
1336 1716 1405 1771 sit
1444 1714 1603 1784 hujus
1642 1714 1763 1768 vitae
1791 1712 1954 1784 gloria
1980 1715 2004 1769 ?

427 1812 689 1870 Gloriaris
738 1812 790 1867 in
831 1828 910 1875 re,
944 1824 1104 1881 quam
1137 1824 1350 1864 vermes
1394 1808 1605 1877 pariunt
1650 1814 1705 1861 et
1731 1805 2000 1876 perdunt:

426 1910 675 1963 dicuntur
710 1905 886 1961 lndica
913 1902 1155 1974 quredam
1186 1900 1501 1955 animaleula
1532 1913 1685 1962 esse,
1718 1898 1858 1953 unde
1888 1897 2005 1953 haec

426 2002 513 2055 ﬁla
540 1998 914 2054 conﬁciuntur.
958 1996 1090 2050 Eme
1133 2001 1372 2059 vestem,
1408 1992 1455 2047 si
1481 1991 1616 2046 velis
1639 2033 1655 2057 ,
1686 2006 1717 2046 e
1755 1990 2006 2061 supernis

428 2103 646 2157 textam,
680 2090 931 2144 amictum
959 2086 1328 2141 admirabilem
1355 2082 1797 2153 et'splendidum,
1844 2081 2003 2137 indu-

428 2194 664 2240 mentum
699 2198 826 2235 vere
856 2195 1099 2233 aureum.
1127 2178 1333 2232 Aurum
1370 2175 1499 2231 illud
1544 2190 1650 2230 non
1679 2190 1744 2230 ex
1772 2175 2005 2229 metallis

427 2286 529 2337 est,
562 2288 679 2344 qua:
710 2272 1084 2325 damnatorum
1134 2284 1321 2323 manus
1351 2266 1679 2335 effoderunt,
1709 2267 1802 2320 sed
1833 2281 1861 2318 a
1894 2266 2004 2319 vir-

428 2376 540 2421 tute
572 2365 814 2435 paritur:
845 2362 981 2416 stola
1031 2362 1117 2415 illa
1171 2376 1268 2414 nos
1309 2360 1640 2424 amiciamus,
1694 2374 1853 2429 quam
1898 2373 2002 2411 non

428 2457 670 2512 homines
692 2455 876 2523 inopes
898 2462 952 2508 et
977 2452 1116 2507 servi
1143 2451 1454 2518 conficiunt,
1475 2450 1565 2505 sed
1594 2451 1707 2520 ipse
1728 2450 2004 2504 Dominus.

427 2551 497 2604 At
516 2548 683 2611 dices,
704 2547 836 2601 lluic
854 2547 1169 2601 vestimento
1191 2560 1376 2598 aurum
1396 2544 1649 2598 insertum
1669 2544 1783 2597 est?
1802 2543 2006 2612 thuid

428 2642 530 2696 hoc
557 2641 622 2694 ad
656 2652 706 2694 te
735 2639 758 2693 ?
787 2654 908 2692 nam
939 2638 1188 2707 opiﬁcem
1216 2650 1406 2691 omnes
1426 2652 1552 2691 vere
1577 2634 1862 2700 mirantur,
1896 2651 2002 2689 non

428 2747 549 2787 eum
580 2731 667 2802 qui
711 2730 802 2784 illo
827 2729 1049 2783 vestitur
1086 2746 1099 2782 :
1134 2728 1221 2783 ille
1248 2729 1392 2783 enim
1434 2742 1620 2782 revera
1651 2727 2004 2782 admiratione

426 2834 514 2880 est
540 2823 735 2895 dignus
772 2838 785 2875 :
816 2822 951 2876 sicut
987 2821 1147 2876 etiam
1182 2821 1234 2875 in
1266 2819 1505 2875 vestibus
1533 2820 1866 2889 simplicibus
1897 2835 2002 2872 non

430 2919 632 2989 lignum
667 2916 895 2971 ofﬁcinae
925 2914 1160 2981 fullonis,
1206 2914 1257 2967 in
1288 2928 1394 2982 quo
1422 2912 1588 2967 vestis
1612 2912 1868 2976 tenditur,
1905 2910 2005 2965 ad-

429 3018 707 3076 miramur,
738 3010 831 3065 sed
858 3008 1122 3079 opiﬁcem,
1152 3007 1362 3062 etiamsi
1395 3006 1594 3076 lignum
1622 3006 1765 3059 illam
1795 3004 1931 3059 ferat
1953 3014 2008 3058 et

428 3110 480 3163 in
510 3108 652 3178 ligno
681 3107 891 3175 ligetur.
926 3103 993 3160 Ut
1015 3118 1142 3172 ergo
1165 3117 1269 3156 non
1291 3102 1354 3155 ad
1377 3101 1539 3155 alium
1565 3116 1715 3154 usum
1738 3099 1901 3154 vestis
1931 3100 2009 3152 sic

429 3200 642 3269 ligatur,
672 3211 830 3266 quam
862 3204 916 3248 ut
944 3194 1243 3249 excutiatur
1272 3207 1371 3247 nec
1398 3192 1715 3247 eorrodatur
1743 3208 1769 3243 a
1799 3190 1959 3245 tineis
1990 3208 2002 3243 :

430 3298 641 3362 quantae.
662 3287 945 3342 dementire
967 3302 1073 3340 non
1097 3286 1253 3340 fuerit
1284 3300 1380 3353 pro
1402 3300 1460 3339 re
1490 3285 1684 3338 nullius
1711 3284 1866 3353 pretii
1890 3293 2007 3338 tan-

429 3393 538 3437 tam
567 3381 825 3436 adhibere
851 3394 1031 3433 curam
1054 3419 1069 3443 ,
1117 3387 1173 3433 et
1210 3377 1340 3431 nihil
1373 3392 1478 3431 non
1522 3377 1737 3440 moliri;
1778 3376 2005 3431 salutem

428 3488 555 3527 vero
581 3487 729 3525 suam
756 3471 1003 3540 prodere.
1025 3469 1327 3538 gehennam
1349 3468 1645 3537 despicere,
1691 3468 1853 3522 Deum
1881 3483 2005 3522 con-

432 3566 650 3621 tumelia
672 3564 889 3619 afﬁcere
904 3572 957 3617 et
979 3561 1250 3616 Christum
1273 3562 1596 3615 esurientem
1620 3561 2006 3615 contemnere?

430 3659 568 3726 Quid
594 3657 794 3712 dixeris
823 3657 892 3710 de
921 3654 1172 3726 pretiosis
1202 3653 1529 3708 aromatibus
1556 3652 1781 3718 Iudicis,
1812 3654 2006 3707 Arabi-

426 3753 527 3817 cis,
560 3750 809 3815 Persicis,
842 3748 1020 3814 siccis,
1056 3744 1311 3810 humidis,
1346 3744 1413 3799 de
1442 3745 1747 3813 unguentis,
1777 3744 1843 3798 de
1870 3745 2004 3797 odo-

428 3844 609 3907 ribus,
634 3856 753 3911 qure
790 3839 969 3894 omnia
1013 3837 1214 3909 ingenti
1257 3845 1312 3890 et
1346 3835 1517 3890 inutili
1550 3845 1762 3904 sumptu
1791 3849 2003 3903 compa-

427 3947 613 3993 rantur
628 3937 650 3989 ?
663 3934 796 4001 Quid
822 3932 1122 4002 unguentis,
1140 3946 1173 3985 ο
1189 3930 1405 3995 mulier,
1422 3944 1618 3999 corpus
1645 3929 1837 3995 inﬁcis,
1864 3930 2006 4000 quod

427 4032 571 4085 intus
629 4026 960 4082 immunditia
1011 4024 1224 4095 plenum
1279 4022 1564 4094 est?quid
1626 4023 1678 4076 in
1718 4038 1830 4077 rem
1868 4023 2005 4078 male

428 4125 661 4177 olentem
690 4136 870 4174 curam
892 4116 1176 4187 impendis,
1208 4125 1260 4171 et
1288 4115 1514 4184 idipsum
1546 4113 1693 4182 facis,
1720 4129 1782 4170 ac
1808 4114 1853 4169 si
1886 4114 2005 4185 quis

428 4226 759 4286 unguentum
800 4214 853 4267 in
899 4227 1113 4266 ctenum
1142 4211 1460 4280 conjiccrct,
1503 4220 1593 4264 aut
1622 4210 1917 4264 balsamum
1950 4211 2003 4264 in

430 4308 677 4362 laterem.
708 4306 838 4370 Est,
872 4303 917 4357 si
945 4302 1077 4357 velis
1103 4344 1119 4369 ,
1147 4311 1231 4357 est
1257 4303 1438 4373 utique
1464 4311 1761 4357 aromatum
1800 4315 1969 4372 genus
1989 4343 2005 4369 ,

428 4415 538 4469 quo
567 4398 766 4468 poteris
796 4396 1027 4450 animam
1070 4411 1305 4477 ungereh
1324 4410 1430 4449 non
1458 4410 1524 4449 ex
1551 4395 1770 4457 Arabia,
1806 4412 1911 4450 non
1941 4411 2008 4451 ex

430 4490 725 4560 AEthiopia,
766 4504 939 4556 neque
968 4504 1034 4543 ex
1075 4487 1315 4555 Perside,
1345 4487 1437 4543 sed
1468 4504 1533 4542 ex
1560 4488 1678 4558 ipso
1703 4490 1834 4543 caelo
1861 4490 2008 4544 dela-

430 4592 540 4637 tum
566 4598 581 4645 ;
609 4580 748 4651 quod
776 4580 990 4644 emitur,
1024 4595 1127 4632 non
1150 4594 1299 4641 auro.
1329 4578 1424 4635 sed
1450 4581 1735 4636 voluntatis
1758 4582 2003 4647 arbitrio,

428 4684 482 4729 et
503 4672 605 4727 ﬁde
631 4686 736 4726 non
764 4671 1029 4724 simulata.
1060 4670 1172 4725 Hoc
1197 4680 1517 4740 unguentum
1540 4688 1677 4737 eme,
1699 4673 1850 4743 cujus
1876 4674 2008 4729 odor

429 4764 615 4819 orbem
635 4763 857 4833 implere
877 4772 1049 4831 potest
1070 4782 1081 4816 :
1102 4763 1400 4832 hujusmodi
1418 4764 1756 4834 fragrantiam
1773 4767 2001 4836 apostoli

432 4858 748 4913 emittebant
776 4874 788 4909 :
823 4856 962 4909 Odor
983 4857 1145 4924 enim,
1172 4857 1358 4927 inquit,
1380 4859 1640 4913 suavitatis
1660 4876 1854 4925 sumus,
1886 4861 2002 4915 aliis

428 4950 631 5021 quidem
662 4949 712 5000 in
754 4958 983 5013 mortem,
1015 4950 1130 5001 aliis
1156 4965 1270 5002 vero
1299 4950 1351 5003 in
1377 4951 1528 5004 vitam
1554 4951 1631 5021 (‘2.
1656 4950 1772 5006 Cor.
1804 4954 1858 5007 2.
1889 4953 2004 5026 16).

428 5042 563 5108 Quid
586 5050 763 5095 autem
789 5039 889 5092 huc
915 5040 1235 5095 est?Fertur
1260 5040 1419 5095 etiam
1449 5058 1540 5097 sus
1562 5042 1847 5114 fragrantia
1876 5046 2007 5100 odo-

438 5136 515 5189 ris
557 5132 828 5187 suffocari.
867 5131 982 5185 Non
1028 5146 1222 5201 corpus
1262 5133 1421 5189 modo
1462 5137 1863 5205 apostolorum,
1909 5138 2003 5193 sed

428 5226 589 5279 etiam
617 5224 929 5279 vestimenta
954 5233 1277 5289 unguentum
1306 5226 1579 5294 spirituale
1606 5229 1901 5299 spirabant.
1929 5230 2003 5285 lta

431 5317 654 5387 pulchre
694 5330 924 5386 namque
961 5315 1235 5385 spirabant
1272 5317 1422 5372 Pauli
1452 5318 1779 5387 indumenta,
1808 5334 1865 5377 ut
1896 5323 2005 5378 da:-

431 5423 616 5462 monas
646 5408 926 5477 pellerent.
955 5406 1106 5476 Quod
1148 5407 1351 5471 folium,
1381 5426 1536 5480 quam
1576 5414 1801 5483 casiam,
1846 5433 2003 5485 quam

430 5500 702 5571 myrrham
732 5499 845 5553 haec
872 5498 1156 5569 fragrantia
1186 5501 1444 5557 suavitate
1473 5518 1576 5557 non
1595 5516 1813 5574 superet
1830 5509 1853 5560 ?
1870 5508 2001 5564 Nam

432 5590 476 5642 si
502 5590 770 5643 d:1:monas
795 5590 1030 5660 fugabat,
1053 5592 1179 5662 quid
1204 5593 1345 5647 aliud
1370 5610 1473 5648 non
1500 5598 1806 5664 przestiterit
1832 5600 1854 5652 ?
1885 5600 1997 5656 lloc

434 5696 750 5751 apparemus
794 5693 1117 5752 unguentum
1167 5701 1183 5738 :
1232 5696 1452 5754 apparat
1496 5696 1672 5742 autem
1722 5690 1849 5745 illud
1898 5709 1993 5761 per

434 5772 827 5845 eleemosynam
856 5775 1144 5844 spiritualis
1162 5777 1347 5846 gratia.
1374 5778 1521 5833 llanc
1548 5780 1729 5837 odoris
1756 5782 2002 5856 fragran-

1307 300 1371 357 lN
1407 299 1621 357 EPIST.
1666 298 1685 353 1
1748 296 1840 354 AD
1876 295 2003 352 Τ1Μ⁴

2112 295 2157 354 ἰ.
2200 297 2353 357 CAP.
2398 301 2437 357 I.
2480 302 2709 361 IlOMlL.
2752 303 2812 361 ll.
3088 300 3108 321 ⁸
3585 318 3693 374 514

2115 417 2239 473 tiam
2280 418 2403 475 illuc
2443 422 2700 479 abeuntes
2728 426 2978 493 Spiraturi
3006 442 3228 494 sumus,
3271 438 3326 484 et
3363 444 3579 487 sanctos
3618 435 3688 488 ad

2111 523 2210 563 nos
2233 513 2542 567 conversuri
2573 532 2585 567 :
2618 524 2673 569 et
2698 516 2836 571 sicut
2867 516 2951 571 hic
2979 532 3167 573 omnes
3200 520 3342 580 in.se
3370 532 3692 579 convertunt

2111 598 2183 665 ii,
2216 601 2305 669 qui
2334 606 2619 672 unguentis
2659 606 2879 664 delibuti
2919 619 3084 676 sunt;
3114 621 3168 666 et
3194 613 3306 668 sive
3333 614 3383 668 in
3416 614 3690 682 balneum,

2108 693 2223 747 sive
2253 694 2303 747 in
2340 696 2643 765 ecclesiam,
2687 702 2801 756 sive
2833 702 2886 756 in
2926 703 3088 758 alium
3119 721 3462 759 numerosum
3491 720 3691 764 emtum

2109 797 2169 837 se
2196 788 2538 854 contulerint,
2568 806 2754 847 omnes
2775 794 2842 848 ab
2870 795 2973 848 illis
3002 797 3237 864 pendent
3258 840 3274 864 ,
3305 815 3495 855 omnes
3522 800 3589 855 ad
3615 801 3686 855 il-

2110 873 2218 928 lum
2259 890 2319 930 se
2354 889 2569 934 vertunt
2602 900 2616 935 :
2659 883 2737 937 sic
2768 892 2822 938 et
2850 886 2902 939 in
2946 886 3043 940 illo
3082 890 3304 953 nntndo,
3346 906 3467 946 eum
3498 908 3690 951 anima:

2109 968 2370 1034 Spirituali
2416 969 2714 1041 fragrantes
2757 975 2922 1032 odore
2954 979 3210 1049 ingressae
3253 982 3468 1051 fuerint,
3504 1001 3692 1042 omnes

2110 1067 2329 1127 stupent
2354 1070 2407 1116 et
2444 1064 2660 1119 cedunt.
2695 1066 2792 1122 llic
2818 1083 2947 1124 vero
2974 1070 3248 1128 dmmones
3272 1083 3328 1129 et
3355 1077 3481 1131 vitia
3513 1081 3687 1133 omnia

2111 1150 2371 1205 accedere
2424 1169 2528 1208 non
2576 1158 2814 1224 audent,
2863 1176 2963 1215 nec
3009 1165 3312 1229 sustinent;
3365 1168 3694 1225 Suffocantur

2109 1240 2274 1296 enim.
2309 1243 2403 1298 Illa
2432 1246 2593 1315 igitur
2619 1262 2858 1307 aromata
2886 1255 3349 1312 cireumferamus.
3383 1260 3507 1314 llaac
3546 1264 3691 1317 enim

2111 1343 2348 1387 aromata
2394 1336 2626 1393 lascivire
2654 1341 2960 1410 opinionem
2994 1347 3149 1400 nobis
3181 1350 3416 1417 pariunt,
3446 1352 3533 1405 illa
3566 1369 3693 1407 vero

2111 1422 2437 1483 fortitudinis
2461 1439 2619 1500 atque
2639 1435 2897 1500 miraculi,
2927 1438 3252 1509 multamque
3271 1440 3420 1495 nobis
3443 1443 3691 1500 ﬁduciam

2112 1516 2322 1575 indunt.
2362 1523 2484 1578 [hoc
2510 1537 2748 1582 aromata
2778 1545 2884 1583 non
2915 1539 3053 1585 terra
3078 1535 3363 1601 germinat,
3400 1538 3492 1592 sed
3524 1540 3693 1593 virtus

2110 1613 2286 1680 parit;
2318 1630 2421 1670 non
2473 1631 2844 1682 marcescunt.
2880 1622 2973 1677 sed
3020 1623 3214 1679 florent
3238 1669 3252 1693 ,
3296 1639 3349 1682 ct
3381 1630 3443 1683 iis
3473 1643 3693 1687 ornatos

2110 1708 2450 1763 venerabiles
2479 1712 2730 1766 reddunt.
2761 1714 2872 1771 Hoc
2897 1720 3149 1787 ungimur
3166 1732 3436 1790 unguento
3457 1738 3576 1777 cum
3603 1724 3695 1778 ha'-

2110 1800 2377 1870 p'tizamur
2407 1821 2419 1857 :
2451 1813 2576 1859 tunc
2600 1806 2793 1861 bonam
2819 1810 3159 1880 fragrantiam
3184 1815 3497 1870 emittimus.
3530 1817 3693 1871 Dein-

2112 1906 2239 1961 ceps
2272 1909 2398 1947 vero
2424 1911 2486 1949 ex
2518 1897 2698 1951 studio
2730 1910 2918 1955 nostro
2959 1902 3160 1970 pendet
3195 1915 3253 1958 ut
3282 1906 3477 1961 bonum
3505 1923 3692 1963 serve-

2112 1998 2231 2036 mus
2251 1984 2492 2040 odorem.
2528 1987 2652 2042 Ideo
2678 1991 2870 2058 priscis
2896 1994 3226 2063 temporibus
3253 2009 3522 2067 unguento
3547 1998 3695 2054 innn-

2112 2070 2374 2145 gebantur
2400 2080 2728 2147 sacerdotes,
2753 2083 2967 2139 virtutis
2993 2088 3293 2156 symbolum
3332 2091 3540 2157 dantes,
3570 2096 3699 2162 quia

2110 2168 2443 2223 sacerdotem
2475 2171 2671 2227 bonum
2695 2175 2941 2231 emittere
2965 2155 3184 2233 odorem
3212 2192 3443 2249 oportet.
3470 2155 3695 2239 Peccan

2111 2272 2287 2315 autem
2332 2262 2460 2316 nihil
2493 2265 2728 2332 putidius
2755 2277 2859 2321 est.
2893 2268 3031 2324 Vide
3071 2273 3340 2340 quomodo
3379 2275 3496 2343 ejus
3537 2290 3693 2331 natu-

2112 2369 2224 2407 ram
2255 2354 2505 2425 depingat
2535 2358 2791 2426 preplteta
2822 2375 2835 2412 :
2871 2359 3185 2415 Putrueruut
3224 2376 3271 2418 et
3300 2377 3554 2436 corrupta;-
3579 2380 3697 2422 sunt

2111 2445 2367 2500 cicatrices
2394 2462 2515 2500 mea:
2550 2446 2722 2517 (Psal.
2754 2451 2842 2503 57.
2875 2452 2952 2522 6).
2992 2453 3127 2508 Vere
3155 2471 3385 2525 namque
3414 2459 3695 2526 putredine

2111 2536 2256 2589 omni
2303 2537 2535 2592 fcetidius
2574 2548 2657 2593 est
2698 2553 2996 2608 peceatum.
3060 2544 3197 2611 Quid
3253 2548 3433 2613 enim,
3487 2566 3691 2618 qua-so,

2114 2636 2334 2695 peccato
2367 2628 2641 2684 fmtidius?
2663 2632 2814 2699 Quod
2836 2635 2880 2687 si
2908 2634 2956 2687 id
2985 2651 3087 2688 non
3114 2639 3315 2691 sentias
3341 2640 3465 2692 dum
3499 2656 3693 2711 pecca-

2117 2729 2225 2775 tum
2269 2732 2576 2792 perpetras,
2634 2736 2750 2795 post
2803 2739 3167 2797 perpetratum
3211 2733 3385 2802 cogita
3413 2775 3427 2795 .
3466 2746 3521 2788 et
3572 2745 3696 2791 tunc

2111 2821 2227 2885 ejus
2254 2818 2500 2874 faetorem
2539 2820 2767 2887 videbis,
2795 2834 2920 2877 tunc
2950 2824 3339 2885 immunditiam
3366 2828 3659 2885 imntissam
3678 2873 3694 2898 ,

2114 2920 2237 2964 tunc
2266 2913 2549 2981 piaculum,
2582 2923 2702 2967 tunc
2724 2918 3172 2972 exsecrationem.

2198 3005 2323 3059 Vera
2372 3007 2603 3077 voluptas
2650 3024 2781 3076 quae.
2827 3039 2897 3048 —
2940 3009 3107 3064 Tanta
3157 3027 3242 3065 res
3286 3021 3368 3066 est
3416 3024 3692 3084 peccatum

2113 3113 2271 3153 omne
2299 3116 2311 3152 :
2344 3108 2626 3168 antequam
2659 3100 2767 3165 ﬁat,
2799 3103 3124 3171 voluptatem
3159 3103 3319 3159 habet
3361 3109 3644 3175 quamdam
3677 3129 3692 3176 ;

2114 3200 2394 3258 postquam
2430 3201 2798 3261 perpetratum
2843 3204 2925 3246 est
2948 3235 2962 3257 ,
2991 3195 3237 3263 voluptas
3270 3208 3444 3250 Cessat
3472 3209 3524 3252 et
3552 3216 3699 3254 mar-

2113 3284 2314 3349 cescit,
2359 3283 2499 3338 subit
2534 3296 2711 3338 autem
2755 3285 2908 3339 dolor
2943 3297 2996 3340 et
3041 3290 3277 3341 tristitia.
3324 3288 3522 3344 Contra
3570 3306 3699 3347 vero

2111 3374 2315 3443 justitia
2372 3375 2610 3431 laborem
2644 3376 2805 3431 habet
2837 3379 3006 3441 initio,
3039 3379 3088 3431 in
3118 3380 3222 3434 ﬁne
3245 3393 3425 3435 autem
3454 3384 3700 3452 volupta-

2067 3517 2070 3521 .
2114 3476 2223 3523 tem
2250 3478 2299 3523 et
2330 3471 2589 3538 requiem.
2617 3470 2730 3525 lllic
2765 3472 3010 3540 voluptas
3044 3472 3153 3539 ipsa
3186 3474 3433 3544 voluptas
3459 3492 3563 3530 non
3592 3487 3696 3544 est,

2114 3562 2236 3630 quia
2262 3572 2605 3632 exspectatur
2631 3563 2801 3632 pudor
2829 3573 2885 3618 et
2908 3565 3261 3634 supplicium;
3296 3568 3380 3620 hic
3402 3584 3526 3623 vero
3546 3571 3700 3627 labor

2113 3652 2229 3723 ipse
2261 3653 2416 3708 labor
2459 3669 2564 3708 non
2610 3664 2726 3719 est,
2773 3655 2843 3708 ob
2888 3671 3036 3724 spem
3080 3659 3468 3714 retributionis.
3514 3661 3650 3727 Quid
3677 3705 3694 3728 ,

2113 3758 2296 3813 quaeso
2326 3753 2410 3810 te,
2452 3754 2537 3800 est
2576 3746 2807 3800 ebrietas
2835 3747 2858 3797 ?
2885 3761 3062 3801 annon
3094 3749 3218 3802 dum
3254 3750 3456 3806 bibitur
3492 3762 3696 3811 tantum

2116 3836 2442 3904 voluptatem
2472 3835 2672 3891 habet?
2697 3838 2804 3891 imo
2832 3854 2900 3893 ne
2928 3838 3055 3893 dum
3082 3840 3281 3895 bibitur
3299 3843 3533 3913 quidem.
3562 3847 3699 3901 Cum

2113 3928 2257 3981 enim
2291 3942 2479 3983 sensus
2505 3944 2697 3998 expers
2720 3928 2831 3995 ﬁat,
2862 3939 2916 3984 et
2943 3933 3285 3999 pra'sentium
3317 3937 3586 3992 nemiuem
3620 3938 3699 3993 vi-

2113 4017 2259 4082 deat,
2290 4018 2383 4073 sed
2412 4018 2709 4073 furentibus
2730 4022 2967 4076 deterior
2996 4022 3166 4077 factus
3191 4024 3292 4091 sit,
3324 4042 3443 4096 quze
3477 4027 3697 4085 demum

2116 4111 2410 4182 voluptas?
2439 4114 2549 4168 lmo
2578 4130 2645 4169 ne
2683 4115 2733 4168 in
2766 4118 2875 4185 ipsa
2904 4116 3118 4186 quidem
3155 4119 3506 4175 fornicatione
3542 4124 3695 4178 volu-

2115 4212 2233 4272 ptas
2260 4213 2365 4259 est.
2395 4204 2527 4259 Cum
2570 4206 2712 4260 enim
2757 4209 3031 4288 exmimio
3065 4209 3254 4264 alTectu
3295 4212 3469 4266 anima
3494 4214 3701 4283 judicio

2122 4298 2381 4366 privetur,
2412 4313 2530 4366 qua:
2564 4298 2812 4367 voluptas
2837 4315 2955 4354 esse
2988 4303 3199 4370 possit?
3229 4302 3283 4356 Si
3319 4304 3419 4359 hoc
3447 4306 3697 4375 voluptas

2115 4391 2220 4456 sit,
2264 4391 2471 4445 scabies
2520 4407 2733 4462 quoque
2775 4393 3017 4462 voluptas
3062 4396 3183 4448 erit.
3221 4395 3554 4466 Voluptatem
3597 4416 3698 4468 ego

2115 4483 2261 4538 illam
2302 4500 2481 4537 veram
2529 4499 2651 4539 esse
2697 4468 2906 4553 dicam,
2954 4501 3075 4540 cum
3105 4487 3282 4541 anima
3329 4489 3475 4542 nullo
3506 4494 3697 4545 Vilius"

2115 4575 2305 4629 affectu
2335 4575 2603 4629 detinetur
2636 4591 2666 4629 a
2692 4591 2919 4645 corpore
2944 4591 3044 4631 nec
3068 4576 3403 4634 distrahitur.
3441 4581 3697 4647 Quaenam

2116 4667 2208 4721 illa
2237 4669 2501 4737 voluptas,
2536 4667 2785 4723 dentibus
2810 4668 3059 4733 stridere,
3088 4671 3271 4724 oculos
3306 4687 3541 4743 versare,
3569 4691 3695 4745 gar-

2114 4762 2375 4830 garizare,
2408 4761 2735 4816 inealesccre
2761 4771 2956 4831 prmter
2984 4761 3237 4817 decorum
3270 4764 3295 4818 ?
3333 4765 3481 4820 Adeo
3518 4782 3695 4823 autem

2119 4870 2224 4909 non
2252 4865 2335 4909 est
2363 4856 2607 4924 voluptas
2626 4897 2641 4920 ,
2674 4866 2732 4910 ut
2756 4857 2864 4911 cito
2890 4858 3200 4913 studeamus
3226 4859 3293 4913 ab
3323 4861 3409 4914 illa
3445 4862 3693 4933 liberari,

2118 4958 2174 5002 et
2217 4947 2424 5001 liberati
2464 4950 2761 5003 doleamus.
2808 4950 2863 5006 Si
2895 4951 3138 5021 voluptas
3166 4962 3249 5007 est
3273 4995 3288 5018 ,
3320 4970 3387 5009 ne
3419 4957 3486 5019 ab
3524 4956 3611 5011 illa
3646 4968 3696 5012 te

2117 5043 2404 5112 expedias,
2449 5042 2543 5097 sed
2587 5058 2742 5097 tuane
2773 5044 2824 5097 in
2864 5044 3153 5113 voluptate.
3190 5046 3378 5100 Viden’
3406 5048 3456 5101 id
3502 5066 3695 5104 nomen

2117 5144 2321 5188 tantum
2338 5149 2456 5189 esse
2473 5135 2756 5205 voluptatis
2778 5135 2801 5188 ?
2818 5136 2887 5189 At
2906 5146 3085 5191 nostra
3100 5152 3204 5192 non
3226 5150 3347 5192 sunt
3369 5139 3695 5213 hujusmodi,

2118 5227 2214 5281 sed
2243 5242 2365 5282 vere
2387 5228 2569 5282 suavia
2601 5244 2617 5292 ;
2646 5244 2750 5282 non
2780 5228 3164 5284 inflammatam
3196 5230 3337 5285 illam
3370 5231 3567 5288 habent
3597 5250 3696 5289 vo-

2118 5322 2376 5391 luptatem
2397 5363 2413 5389 ,
2448 5321 2541 5377 sed
2573 5322 2793 5377 liberam
2825 5322 3101 5377 dimittunt
3126 5324 3356 5377 animam
3382 5366 3396 5389 ,
3432 5325 3612 5381 lmtitia
3643 5335 3698 5383 et

2113 5416 2374 5474 suavitate
2392 5416 2838 5485 perfusam.Talis
2850 5425 2966 5471 erat
2990 5416 3232 5486 voluptas
3264 5417 3410 5472 Pauli
3438 5417 3695 5479 dicentis:

2118 5507 2183 5562 In
2210 5506 2304 5561 hac
2327 5509 2543 5579 gaudeo,
2574 5509 2663 5563 sed
2682 5521 2728 5562 et
2754 5509 2984 5580 gaudebo
3007 5527 3028 5576 ;
3052 5518 3125 5572 et.
3157 5507 3382 5565 Gaudete
3399 5513 3451 5566 in
3476 5511 3696 5570 Domine

2115 5604 2352 5673 sempcr(
2386 5601 2618 5673 Philipp.
2652 5603 2704 5656 1.
2734 5602 2824 5659 18.
2847 5613 2893 5656 et
2918 5604 2971 5658 4.
2997 5604 3031 5657 4
3055 5603 3094 5673 ).
3126 5602 3217 5658 llla
3246 5619 3475 5675 namque
3501 5616 3555 5661 et
3587 5617 3699 5662 tur-

2118 5696 2410 5767 pitudinem
2440 5706 2493 5751 et
2516 5696 2918 5751 damnationem
2950 5695 3130 5762 habet,
3160 5694 3249 5749 illa
3272 5697 3481 5752 occulte
3505 5700 3696 5770 serpit,

2116 5802 2170 5847 et
2202 5789 2495 5844 innumeris
2520 5787 2674 5858 plena
2700 5796 2781 5843 est
2817 5786 3137 5842 maeroribus
3165 5804 3178 5841 :
3203 5786 3318 5843 haec
3342 5802 3470 5845 vero
3492 5788 3556 5846 iis
3576 5806 3689 5847 ornt
