4090 6396
447 319 553 377 515

444 435 605 492 nibus
646 433 816 491 libera
858 440 962 490 est.
1013 432 1161 487 lianc
1204 432 1381 503 itaque
1423 446 1827 501 persequamur,
1874 438 1932 486 ut
1973 440 2028 486 et

446 526 622 579 futura
643 523 999 595 adipiscamur
1017 522 1178 587 bona,
1206 523 1373 591 gratia
1395 532 1448 575 et
1468 521 1794 591 benignitate
1816 520 2026 574 Domini

445 616 615 672 nostri
646 614 778 672 Jesu
812 615 1045 681 Christi,
1076 615 1291 685 quicum
1320 612 1463 667 Patri
1500 622 1555 666 et
1579 611 1801 682 Spiritui
1837 622 2023 667 sancto

1155 315 1213 372 S.
1252 314 1529 372 JOANNIS
1566 309 2039 372 CHRYSOSTOMI
2077 313 2394 370 ARClﬂEP.
2432 312 2962 370 CONSTANTINOP.

3616 305 3720 363 516

2135 430 2303 501 gloria
2326 472 2342 498 ,
2368 431 2649 502 imperium
2668 470 2686 499 ,
2727 430 2921 499 honor,
2947 445 3086 487 nunc
3115 440 3168 485 et
3199 443 3430 501 semper,
3454 439 3507 485 et
3537 430 3588 485 in
3609 446 3713 487 sae-

2129 525 2249 578 cula
2277 526 2618 581 saeculorum.
2650 526 2843 582 Amen.

1833 792 2180 856 HOMILIA
2224 792 2335 853 ΙΙΙ.

439 947 571 1003 Car.
596 947 649 1001 1.
683 961 735 1000 v.
764 945 854 1000 12.
885 943 1089 999 Gratias
1109 958 1207 1014 ago
1232 941 1297 1008 ei,
1328 941 1416 1011 qui
1435 956 1513 994 me
1534 939 1856 1009 confortauit,
1879 936 2022 993 Chri-

507 1049 585 1093 sto
605 1036 734 1091 Jesu
760 1035 983 1090 Domino
1009 1042 1201 1099 nostro,
1243 1033 1363 1103 quia
1384 1032 1588 1101 ﬁdelem
1614 1047 1693 1084 me
1716 1030 2020 1085 existinmvit

509 1145 701 1196 ponens
728 1128 783 1181 in
819 1127 1097 1181 ministerio
1125 1140 1144 1178 :
1171 1126 1261 1181 15.
1305 1124 1389 1192 qui
1419 1124 1558 1192 prius
1585 1121 1905 1191 blasphemus
1944 1121 2019 1191 fui

505 1229 553 1273 et
588 1227 915 1289 persequutor
941 1226 988 1270 et
1026 1216 1465 1278 contumeliosus;
1500 1213 1591 1268 sed
1616 1212 2017 1265 misericordiam

507 1310 603 1364 Dei
628 1318 964 1379 consequutus
1003 1323 1135 1373 sum,
1171 1307 1291 1375 quia
1312 1306 1552 1375 ignorans
1581 1304 1675 1372 feci
1700 1303 1753 1356 in
1776 1300 2014 1354 incredu-

506 1402 663 1455 litate.
707 1402 793 1456 14.
821 1399 1268 1469 Superabundauit
1306 1406 1473 1451 autem
1499 1395 1665 1465 gratia
1693 1393 1897 1449 Domini
1923 1408 2016 1446 no-

502 1496 596 1548 stri
624 1511 740 1548 cum
770 1494 874 1563 ﬁde
894 1504 941 1547 et
965 1492 1177 1546 caritate
1208 1492 1261 1545 in
1288 1490 1487 1545 Christo
1515 1488 1660 1543 Jesu.

504 1586 558 1641 1.
590 1584 786 1640 Paulus
812 1584 1091 1638 humilitati
1114 1582 1365 1637 studebat.
1392 1610 1466 1622 —
1484 1579 1847 1635 Humilitatem
1871 1576 2012 1633 mul-

433 1686 545 1733 tum
570 1676 704 1732 lucri
732 1676 928 1731 all‘erre
949 1674 1210 1740 videmus,
1239 1687 1501 1743 nusquam
1530 1680 1706 1727 autem
1735 1670 1876 1725 illam
1902 1669 2012 1724 cito

431 1770 770 1835 invenimus;
799 1767 893 1824 sed
922 1766 1275 1822 humilitatem
1300 1765 1515 1837 quidem
1532 1764 1816 1819 verborum
1844 1760 2013 1817 maxi-

430 1877 572 1915 mam
598 1869 653 1916 et
672 1860 793 1931 plus
817 1874 977 1930 quam
998 1858 1130 1913 satis
1149 1858 1240 1924 sit,
1254 1855 1606 1911 humilitatem
1627 1862 1807 1910 autem
1827 1866 2010 1908 veram

430 1966 715 2022 nusquam.
746 1950 941 2006 Beatus
965 1959 1142 2005 autem
1162 1949 1361 2005 Paulus
1382 1948 1529 2003 illam
1552 1948 1622 2002 ita
1650 1944 2009 2017 persequeba-

429 2054 536 2108 tur,
566 2052 624 2097 ut
650 2042 848 2097 multas
870 2041 1066 2111 ubique
1095 2040 1409 2096 occasiones
1436 2038 1788 2109 excogitaret,
1818 2044 1879 2091 ut
1898 2035 2013 2091 ani-

426 2150 572 2189 mum
591 2148 747 2189 suum
764 2132 1022 2188 humilem
1040 2131 1306 2188 redderet.
1330 2131 1465 2200 Quia
1486 2130 1627 2186 enim
1646 2129 1764 2185 illos
1782 2126 2011 2182 maxime

428 2227 673 2283 laborare
691 2235 904 2297 oportet
930 2225 1056 2281 dum
1087 2226 1373 2281 humilitati
1402 2222 1745 2295 acquirendas
1765 2219 2005 2285 student,

424 2321 516 2391 qui
544 2336 855 2392 magnorum
883 2319 985 2375 sibi
1012 2335 1236 2389 operum
1262 2320 1463 2375 conscii
1490 2328 1648 2380 sunt;
1684 2316 2008 2373 verisimile-

426 2431 530 2484 que
560 2425 644 2470 est
669 2416 817 2470 illum
842 2430 1058 2485 quoque
1082 2428 1328 2485 magnam
1362 2412 1473 2467 vim
1512 2425 1725 2482 passum
1767 2424 1909 2476 esse,
1940 2422 2005 2463 ex

425 2507 561 2562 bona
590 2507 919 2562 conscientia
944 2521 1065 2577 quae
1086 2508 1239 2577 quasi
1268 2520 1298 2559 a
1320 2503 1549 2575 quodam
1574 2502 1744 2567 ﬂuxu,
1772 2504 2009 2556 intume-

422 2584 933 2667 seebat;videergo
959 2596 1047 2653 hic
1075 2610 1287 2668 quoque
1346 2594 1478 2667 quid
1542 2607 1687 2666 agat.
1751 2599 2012 2654 Dixerat.

423 2688 680 2742 Creditum
707 2689 833 2742 mihi
858 2698 931 2743 est
952 2688 1267 2760 evangelium
1294 2687 1472 2759 gloriae
1513 2684 1606 2739 Dei
1629 2702 1646 2739 :
1669 2684 2003 2753 evangelium

423 2779 578 2849 cujus
623 2780 914 2849 participes
942 2794 1063 2835 esse
1093 2786 1366 2849 nequeunt
1388 2779 1477 2848 qui
1504 2776 1677 2832 adhuc
1705 2777 1823 2845 lege
1847 2784 2005 2827 utun-

426 2878 547 2923 tur:
576 2884 643 2923 eo
670 2869 810 2939 quod
834 2869 1039 2924 scilicet
1061 2869 1160 2939 ipsi
1185 2869 1566 2923 adversaretur
1580 2874 1636 2920 et
1665 2875 1865 2920 tantum
1889 2864 2004 2933 ejus

425 2969 571 3014 esset
586 2960 948 3025 intervallum,
973 2970 1028 3014 ut
1049 2960 1139 3029 qui
1165 2959 1263 3013 sub
1278 2959 1393 3027 lege
1413 2966 1741 3022 tenerentur,
1764 2956 2001 3011 nondum

421 3052 565 3122 digni
583 3062 766 3107 essent
793 3052 883 3122 qui
911 3052 1174 3121 evangelii
1198 3051 1484 3122 participes
1499 3050 1674 3106 forent
1694 3069 1705 3102 :
1726 3065 1789 3105 ac
1815 3050 1857 3104 si
1884 3051 2004 3120 quis

425 3144 650 3208 diceret,
679 3158 773 3199 eos
794 3145 883 3214 qui
908 3144 1134 3198 vinculis
1149 3154 1202 3199 et
1222 3158 1377 3213 poena
1390 3143 1533 3213 digni
1550 3153 1693 3208 sunt,
1714 3158 1818 3198 non
1840 3143 2002 3197 licere

423 3234 474 3288 in
494 3234 930 3304 philosophorum
950 3234 1172 3289 chorum
1189 3233 1406 3290 inferre.
1421 3235 1552 3302 Quia
1571 3235 1729 3306 igitur
1752 3249 2001 3305 magnum

424 3327 670 3395 sapiebat
697 3336 751 3381 et
772 3328 1087 3396 loquebatur
1112 3370 1127 3394 ,
1155 3328 1312 3383 simul
1343 3328 1575 3399 seipsum
1599 3328 1919 3399 comprimit,
1948 3337 2004 3385 et

420 3417 543 3472 aliis
569 3417 757 3473 suadet
779 3428 836 3473 ut
859 3418 1087 3488 idipsum
1108 3418 1322 3474 faciant.
1349 3418 1481 3475 Cum
1503 3420 1830 3490 scripsisset,
1856 3420 2006 3485 Quod

422 3510 671 3564 creditum
710 3520 783 3565 est
809 3511 974 3576 mihi;
1001 3513 1183 3567 statim
1214 3513 1453 3583 seipsum
1483 3514 1764 3582 corripuit,
1793 3528 1861 3569 ne
1887 3514 2004 3569 exi-

422 3601 611 3659 stimes
656 3602 805 3657 illum
850 3618 917 3658 ex
960 3602 1208 3673 superbia
1251 3604 1321 3657 ita
1368 3603 1535 3673 loqui.
1569 3603 1704 3659 Vide
1732 3618 1860 3674 ergo
1896 3619 2002 3675 qua

420 3702 603 3749 utatur
624 3694 986 3762 correctione,
1031 3695 1147 3751 luce
1176 3695 1507 3766 subjungens
1540 3713 1553 3751 :
1583 3694 1785 3751 Gratias
1811 3712 1907 3767 ago
1933 3698 2001 3764 ei,

424 3786 511 3856 qui
548 3803 627 3840 me
654 3788 975 3858 confortauit,
1012 3786 1142 3843 Jesu
1169 3787 1369 3843 Christo
1403 3788 1623 3844 Domino
1658 3798 1851 3856 nostro,
1874 3806 2003 3859 quo-

421 3879 560 3933 niam
580 3878 783 3948 ﬁdelem
804 3895 884 3933 me
899 3879 1201 3933 existimavit
1223 3896 1412 3950 ponens
1430 3880 1486 3934 in
1500 3881 1794 3936 ministerio.
1819 3881 2004 3935 Viden‘

420 3970 692 4041 quomodo
720 3971 916 4042 ubique
955 3972 1280 4043 praeclarum
1322 3988 1475 4027 suum
1504 3988 1642 4044 opus
1667 3975 1920 4041 occultet,
1948 3984 2004 4030 et

429 4070 599 4117 totum
628 4063 826 4118 referat
856 4065 986 4130 Deo,
1016 4064 1085 4118 ita
1118 4074 1293 4120 tamen
1325 4076 1382 4119 ut
1403 4065 1705 4122 libertatem
1727 4083 1832 4120 non
1856 4068 2005 4123 tollat

422 4153 628 4207 arbitrii
659 4153 682 4207 ?
718 4152 953 4209 Dixisset
992 4156 1134 4209 enim
1179 4155 1406 4211 fortasse
1436 4155 1667 4211 infidelis
1692 4173 1706 4209 :
1736 4156 1791 4212 Si
1835 4164 2001 4211 totum

424 4244 519 4298 Dei
547 4254 660 4312 est,
686 4254 741 4300 et
764 4244 895 4299 nihil
922 4260 952 4300 a
977 4246 1130 4301 nobis
1170 4246 1412 4314 infertur,
1439 4246 1534 4301 sed
1569 4262 1666 4303 nos
1692 4255 1751 4301 ut
1788 4247 1924 4319 ligna
1951 4258 2005 4303 et

424 4334 630 4404 lapides
683 4336 940 4392 transfert
984 4351 1015 4391 a
1059 4337 1256 4391 malitia
1304 4336 1371 4392 ad
1418 4336 1853 4407 philosophiam;
1908 4354 2005 4393 cur

423 4429 647 4484 Paulum
672 4429 836 4484 talem
866 4429 1064 4497 ell‘ecit,
1095 4429 1287 4486 Judam
1312 4446 1418 4486 non
1446 4430 1618 4486 item?
1649 4431 1799 4486 Hanc
1820 4432 1999 4501 itaque

425 4521 619 4577 tollens
657 4520 1013 4591 objectionem
1032 4562 1049 4589 ,
1090 4521 1210 4577 vide
1236 4537 1355 4577 cum
1384 4530 1581 4592 quanta
1608 4522 1890 4592 prudentia
1919 4522 2003 4577 ln-

424 4621 660 4683 quatur:
692 4611 951 4668 Creditum
992 4622 1065 4669 est
1101 4615 1247 4681 mihi,
1296 4614 1486 4683 inquit.
1526 4614 1639 4669 Hoc
1665 4615 1805 4670 illius
1844 4629 2001 4685 opus,

426 4703 530 4759 hoc
562 4704 792 4774 dignitas
818 4714 901 4760 est
933 4722 949 4772 ;
988 4720 1171 4760 verum
1195 4720 1302 4761 non
1338 4706 1502 4777 ipsius
1531 4715 1616 4762 est
1638 4715 1806 4761 totum
1843 4725 1856 4761 :
1885 4708 2005 4763 vide

423 4794 568 4849 enim
597 4793 725 4864 quid
754 4793 896 4849 dicat
939 4812 953 4849 :
983 4794 1188 4849 Gratias
1227 4812 1326 4867 ago
1371 4796 1415 4850 ei
1444 4797 1531 4865 qui
1572 4812 1650 4850 me
1675 4798 1996 4867 confortavit,

424 4883 625 4939 Christo
654 4883 802 4939 Jesu.
845 4884 961 4940 Hoc
1004 4886 1096 4940 Dei
1138 4896 1265 4941 est:
1298 4886 1494 4942 deinde
1537 4887 1678 4957 quod
1717 4903 1872 4943 suum
1921 4899 2005 4944 est

425 4977 597 5046 ponit,
630 4974 884 5043 Quoniam
912 4975 1114 5045 ﬁdelem
1149 4994 1227 5031 me
1252 4978 1554 5032 existimavit
1578 4994 1597 5032 :
1652 4988 1830 5045 recte,
1881 4981 2004 5051 quia

422 5083 487 5123 ex
535 5082 594 5123 se
624 5068 770 5123 utilis
798 5082 919 5124 esse
972 5068 1222 5124 debebat.
1269 5069 1492 5135 Ponens,
1536 5070 1729 5142 inquit,
1768 5073 1822 5127 in
1851 5073 2002 5126 mini-

422 5161 603 5228 sterio,
662 5161 749 5232 qui
794 5161 936 5231 prius
986 5177 1125 5216 eram
1176 5161 1495 5232 blasphemus
1523 5172 1571 5216 et
1607 5174 1940 5234 persequutor
1960 5174 2006 5219 et

426 5254 815 5308 contumeliosus
854 5271 872 5307 :
907 5254 996 5309 sed
1033 5253 1430 5308 misericordiam
1471 5265 1807 5324 consequutus
1848 5273 2004 5324 sum,

424 5347 542 5413 quia
583 5347 824 5417 ignorans
866 5346 965 5416 feci
1006 5346 1061 5400 in
1098 5346 1473 5400 incredulitate.
1516 5346 1703 5403 Viden’
1733 5349 2004 5419 quomodo

425 5449 482 5493 et
507 5439 647 5509 quod
677 5455 832 5494 suum
872 5448 956 5494 est
983 5447 1160 5509 ponat,
1186 5448 1241 5494 et
1264 5440 1404 5509 quod
1426 5440 1519 5495 Dei
1543 5451 1646 5507 est,
1678 5440 1799 5511 plus
1832 5450 2005 5496 tamen

430 5528 523 5583 Dei
554 5529 903 5599 providentiae
934 5530 1255 5596 attribuens,
1284 5531 1427 5600 quod
1467 5546 1594 5586 vero
1623 5546 1776 5587 suum
1805 5543 1888 5588 est
1913 5533 2008 5589 de-

429 5621 663 5690 primens
687 5638 701 5686 ;
729 5622 799 5675 ita
831 5629 1030 5687 tamen,
1060 5630 1118 5677 ut
1146 5622 1277 5689 dixi,
1309 5632 1367 5677 ut
1394 5638 1502 5678 non
1529 5622 1678 5678 tollat
1706 5624 2007 5681 libertatem

428 5709 634 5768 arbitrii
661 5711 683 5766 τ
723 5712 861 5781 Quid
888 5730 1013 5770 vero
1042 5715 1142 5772 sibi
1175 5715 1282 5772 vult
1318 5715 1469 5784 illud,
1505 5714 1603 5797 Qui
1634 5732 1711 5771 me
1738 5715 2004 5787 conforta-

2133 935 2201 989 vit
2228 934 2410 996 ?Audi
2440 952 2458 990 :
2495 950 2632 991 onus
2661 935 2847 1006 ingens
2882 933 3136 999 subierat,
3165 942 3222 988 et
3248 933 3408 988 multa
3437 932 3707 1003 indigebat

2125 1044 2361 1098 superna
2390 1029 2586 1100 gratia.
2624 1029 2806 1098 Cogita
2835 1028 2978 1083 enim
3015 1035 3271 1097 quantum
3306 1037 3423 1082 erat
3448 1027 3704 1082 adversus

2128 1121 2465 1190 quotidianas
2507 1121 2861 1177 contumelias
2913 1128 3091 1185 stare,
3141 1119 3397 1175 adversus
3438 1119 3698 1189 injurias,

2126 1211 2367 1278 insidias,
2416 1212 2672 1281 pericula,
2715 1210 2958 1278 dicteria,
2993 1210 3210 1281 probra,
3242 1221 3481 1277 mortes;
3530 1225 3700 1279 neque

2123 1301 2378 1367 deficere,
2422 1304 2507 1359 vel
2541 1304 2757 1368 cadere,
2793 1303 2877 1357 vel
2904 1304 3074 1359 everti
3104 1318 3120 1367 ;
3149 1301 3242 1357 sed
3271 1301 3510 1372 quotidie
3541 1301 3700 1354 innu-

2123 1397 2287 1450 meris
2318 1397 2616 1467 impetitum
2647 1396 2881 1466 undique
2916 1395 3070 1462 telis,
3101 1394 3381 1450 obfirmato
3409 1393 3557 1447 vultu
3600 1392 3700 1446 im-

2125 1491 2465 1560 perterritum
2508 1490 2823 1546 consistere.
2858 1489 2913 1544 ld
2953 1503 3059 1544 non
3105 1487 3456 1543 humanarum
3504 1487 3691 1541 virium

2127 1590 2244 1636 erat
2270 1598 2285 1645 ;
2316 1580 2412 1637 sed
2450 1596 2623 1652 neque
2651 1582 2744 1637 Dei
2772 1580 2959 1652 gratiae
2994 1588 3197 1635 tantum
3222 1619 3239 1647 ,
3270 1579 3364 1634 sed
3389 1578 3505 1648 ejus
3534 1579 3692 1633 etiam

2121 1674 2273 1730 liberi
2326 1674 2554 1731 arbitrii.
2602 1674 2752 1744 Quod
2806 1683 2983 1730 autem
3034 1672 3210 1739 Deus,
3254 1687 3375 1727 eum
3423 1672 3695 1742 prmsciret

2118 1769 2293 1838 qualis
2321 1768 2530 1824 futurus
2556 1778 2719 1836 esset,
2753 1770 2926 1839 ipsum
2959 1767 3203 1837 elegerit,
3230 1765 3355 1821 audi
3378 1765 3503 1834 quid
3528 1765 3689 1828 dicat,

2118 1870 2401 1930 antequam
2442 1860 2532 1916 ille
2560 1860 2849 1930 prtedicare
2876 1859 3168 1930 ccepisset:
3208 1855 3310 1911 Vas
3338 1856 3595 1911 electionis
3622 1866 3694 1910 est

2117 1952 2243 2006 mihi
2267 1954 2369 2019 hic,
2399 1961 2457 2007 ut
2481 1963 2645 2025 portet
2670 1970 2852 2008 nomen
2888 1968 3054 2007 meum
3075 1967 3247 2006 coram
3271 1951 3500 2021 gentibus
3539 1960 3584 2003 et
3608 1966 3691 2003 re-

2114 2041 2409 2116 gibus(Act.
2433 2043 2619 2114 9.15).
2643 2042 3101 2112 Quemadmodum
3127 2043 3272 2097 enim
3303 2041 3339 2097 ii
3368 2041 3459 2112 qui
3488 2041 3689 2111 regium

2126 2136 2402 2203 vexillum,
2439 2135 2580 2204 quod
2610 2135 2852 2191 labarum
2876 2134 3057 2191 vocari
3082 2135 3239 2201 solet,
3266 2141 3496 2204 gestant,
3527 2132 3692 2187 multa

2114 2241 2248 2296 opus
2281 2227 2479 2283 habent
2506 2226 2817 2283 fortitudine
2845 2236 2897 2283 et
2926 2227 3116 2297 peritia
3137 2267 3152 2291 ,
3195 2237 3252 2281 ut
3280 2240 3348 2281 ne
3374 2227 3426 2281 in
3457 2225 3689 2280 hostium

2114 2334 2305 2375 manus
2325 2319 2540 2375 tradant
2566 2336 2582 2375 :
2612 2320 2690 2376 sic
2714 2320 2802 2391 qui
2836 2335 3031 2374 nomen
3057 2319 3256 2374 Christi
3281 2319 3473 2381 ferunt,
3500 2335 3604 2373 non
3635 2320 3691 2374 in

2113 2410 2259 2466 bello
2298 2419 2529 2479 tantum,
2561 2412 2656 2467 sed
2682 2412 2845 2467 etiam
2874 2412 2927 2466 in
2956 2425 3108 2481 pace,
3138 2411 3303 2465 multa
3328 2426 3461 2481 opus
3491 2411 3689 2466 habent

2110 2504 2330 2570 virtute,
2361 2512 2420 2559 ut
2461 2520 2529 2560 ne
2587 2505 2863 2560 maledicis
2911 2505 3102 2574 linguis
3140 2505 3267 2559 illud
3306 2505 3547 2571 tradant,
3594 2506 3688 2561 sed

2111 2603 2330 2651 strenue
2354 2605 2569 2666 gestent
2610 2605 2664 2651 et
2701 2610 2913 2650 erucem
2945 2595 3137 2650 ferant.
3179 2596 3337 2650 Multa
3370 2598 3510 2651 enim
3539 2596 3686 2650 forti-

2113 2686 2295 2740 tudine
2315 2701 2451 2756 Opus
2476 2697 2556 2741 est
2577 2687 2644 2741 ad
2671 2702 2864 2742 nomen
2894 2686 3093 2742 Christi
3115 2688 3408 2743 ferendum.
3437 2688 3565 2744 Nam
3596 2691 3685 2759 qui

2112 2778 2386 2848 indignum
2429 2779 2555 2849 quid
2582 2780 2665 2835 vel
2705 2780 2855 2848 dicit,
2887 2781 2966 2835 vel
2995 2780 3138 2846 facit,
3170 2781 3255 2836 vel
3283 2784 3462 2846 sentit,
3495 2798 3688 2837 nomen

2111 2870 2240 2926 illud
2282 2886 2388 2925 non
2430 2872 2568 2935 fert,
2601 2888 2705 2927 non
2737 2871 2896 2928 habet
2921 2872 3191 2928 Christum
3226 2874 3276 2928 in
3318 2875 3519 2944 seipse.
3550 2875 3688 2929 Cum

2109 2978 2301 3035 pompa
2344 2964 2583 3034 graditur
2626 2966 2715 3035 qui
2760 2981 2956 3020 nomen
2993 2965 3125 3020 illud
3165 2966 3285 3032 fert,
3319 2982 3425 3020 non
3466 2966 3518 3021 in
3548 2966 3685 3031 foro,

2109 3055 2205 3110 sed
2231 3056 2282 3109 in
2312 3055 2489 3121 caelis;
2518 3071 2813 3127 omnesque
2842 3056 3084 3123 horrent,
3112 3060 3284 3128 angeli
3308 3059 3568 3128 stipantes
3590 3060 3691 3113 mi-

2107 3154 2312 3200 rantur.
2341 3144 2543 3200 Gratias
2581 3164 2676 3219 ago
2696 3190 2712 3213 ,
2748 3149 2952 3219 inquit,
2995 3149 3041 3204 ei
3065 3191 3079 3213 ,
3106 3150 3195 3220 qui
3221 3166 3298 3204 me
3342 3151 3643 3221 confortavit
3667 3190 3687 3216 ,

2100 3235 2329 3290 Domino
2377 3249 2546 3292 nostro
2587 3237 2713 3293 Iesu
2751 3238 2969 3294 Christo.
3013 3240 3145 3296 Vide
3185 3242 3454 3312 quomodo
3497 3259 3685 3298 eorum

2108 3328 2270 3383 etiam
2300 3344 2419 3398 qua:
2448 3329 2513 3383 ad
2544 3330 2717 3398 ipsum
2745 3331 3014 3401 pertinent
3043 3333 3140 3402 ipsi
3170 3334 3371 3403 gratias
3396 3343 3531 3404 agat.
3552 3334 3687 3403 Quia

2109 3420 2252 3475 enim
2282 3435 2375 3475 vas
2399 3419 2676 3475 electionis
2702 3433 2809 3488 est,
2841 3421 2972 3477 dicit
3000 3438 3059 3478 se
3101 3423 3173 3478 illi
3209 3426 3433 3494 gratiam
3466 3424 3685 3483 habere.

2108 3512 2268 3582 Atqui
2302 3513 2401 3567 hoc
2433 3522 2579 3566 tuum
2611 3522 2713 3577 est,
2744 3527 2777 3568 o
2799 3513 2954 3569 beate
2981 3513 3175 3579 Paule;
3200 3530 3373 3587 neque
3397 3516 3537 3571 enim
3565 3531 3690 3586 per-

2107 3619 2362 3660 sonarum
2392 3612 2646 3675 acceptor
2679 3615 2761 3661 est
2788 3606 2947 3661 Deus.
2982 3606 3088 3663 Sed
3114 3609 3315 3678 gratias
3344 3610 3418 3664 illi
3444 3624 3563 3679 ago,
3600 3610 3685 3664 in-

2109 3696 2245 3764 quit,
2278 3696 2401 3765 quia
2442 3711 2530 3751 me
2557 3696 2649 3751 tali
2677 3698 2975 3753 ministerio
3000 3697 3244 3769 dignatus
3272 3709 3391 3756 est:
3420 3700 3519 3755 hoc
3541 3702 3685 3755 enim

2108 3788 2317 3858 signum
2341 3796 2425 3844 est
2443 3789 2584 3859 quod
2610 3805 2697 3845 me
2715 3788 2927 3844 ﬁdelem
2954 3790 3358 3847 existimaverit.
3376 3791 3523 3848 Sicut
3540 3792 3689 3847 enim

2108 3878 2163 3934 in
2202 3880 2363 3935 domo
2406 3895 2723 3935 teconomus
2763 3896 2868 3936 non
2898 3883 3071 3937 solum
3099 3885 3324 3953 gratiam
3356 3885 3516 3940 habet
3552 3884 3691 3941 hero

2107 3971 2250 4040 quod
2282 3972 2383 4027 sibi
2414 3971 2576 4027 ﬁdem
2607 3972 2891 4040 habuerit;
2931 3973 3027 4030 sed
3053 3976 3215 4030 etiam
3259 3976 3363 4031 hoc
3399 3978 3582 4048 gratiae
3614 3980 3691 4033 si-

2108 4078 2267 4132 gnum
2301 4065 2473 4134 ponit,
2503 4062 2645 4134 quod
2672 4078 2731 4120 se
2750 4064 2872 4120 aliis
2894 4063 3190 4121 ﬁdeliorem
3218 4082 3341 4122 esse
3362 4068 3651 4123 arbitretur
3669 4086 3687 4123 :

2109 4156 2181 4210 ita
2204 4165 2259 4210 et
2277 4156 2361 4211 hic
2376 4155 2683 4212 dicendum.
2705 4157 2906 4213 Deinde
2921 4157 3199 4214 considera
3226 4160 3494 4230 quomodo
3515 4161 3678 4216 extol-

2108 4247 2185 4302 lat
2209 4247 2629 4303 misericordiam
2660 4257 2714 4304 et
2737 4249 3118 4321 benignitatem
3150 4250 3265 4315 Dei,
3296 4266 3417 4306 eum
3451 4253 3685 4321 priorem

2107 4354 2259 4395 suam
2279 4340 2443 4395 vitam
2463 4340 2685 4411 exponit
2708 4358 2722 4395 :
2747 4340 2848 4405 Qui
2867 4342 3008 4411 prius
3028 4341 3346 4413 blasphemus
3372 4344 3468 4415 fui,
3491 4344 3689 4414 inquit,

2108 4440 2153 4486 et
2197 4442 2523 4503 persequutor
2566 4440 2615 4488 et
2651 4434 3060 4490 contumeliosus.
3103 4435 3173 4490 Et
3211 4450 3333 4491 cum
3377 4435 3445 4491 de
3486 4436 3692 4493 Judaris

2110 4522 2376 4594 loquitur,
2405 4525 2495 4596 qui
2535 4525 2712 4583 adhuc
2740 4527 3002 4583 increduli
3043 4539 3199 4583 erant
3223 4572 3237 4593 .
3271 4531 3482 4599 parcius
3524 4540 3689 4587 verba

2109 4615 2236 4670 facit
2263 4633 2275 4670 :
2301 4616 2571 4686 Testiﬁcor
2597 4619 2731 4673 enim
2758 4620 2882 4685 illis,
2914 4620 3102 4690 inquit,
3130 4623 3268 4692 quod
3286 4622 3450 4677 zelum
3482 4622 3576 4676 Dei
3606 4625 3692 4677 Im-

2110 4706 2258 4773 bent,
2299 4710 2388 4762 sed
2414 4726 2516 4763 non
2546 4710 2821 4764 secundum
2848 4712 3109 4766 scientiam
3138 4713 3330 4783 (Rom.
3361 4714 3450 4770 10.
3481 4713 3554 4785 2)
3581 4731 3597 4779 ;
3629 4731 3691 4769 se

2112 4807 2289 4853 autem
2318 4809 2472 4855 vocat
2497 4800 2869 4872 blasphemum
2892 4844 2907 4870 ,
2934 4812 3379 4873 persequutorem
3410 4814 3464 4859 et
3493 4815 3689 4859 contu-

2108 4890 2413 4946 meliosum.
2460 4891 2645 4947 Viden’
2685 4908 2845 4962 quam
2882 4907 2942 4949 se
2970 4892 3215 4965 dejiciat,
3257 4911 3415 4966 quam
3464 4912 3568 4951 non
3619 4899 3693 4951 sit

2110 4982 2193 5036 Sui
2232 4997 2439 5047 amans,
2469 4999 2626 5053 quam
2670 4984 2921 5041 humilem
2959 4986 3227 5057 possideat
3251 4989 3531 5043 animum?
3567 4988 3689 5045 Non

2110 5074 2240 5129 satis
2266 5072 2368 5129 fuit
2406 5075 2481 5130 illi
2511 5075 2653 5145 quod
2683 5091 2742 5131 se
2770 5076 2967 5133 dixerit
3006 5078 3378 5150 blasphemum
3410 5090 3464 5135 et
3505 5096 3691 5151 perse-

2110 5174 2412 5235 quutorem,
2443 5166 2537 5221 sed
2575 5168 2734 5222 etiam
2766 5168 2816 5223 id
2845 5169 3210 5239 amplificavit.
3243 5170 3429 5243 Neque
3458 5173 3599 5227 enim
3630 5174 3687 5228 in

2111 5272 2198 5311 me
2237 5257 2356 5311 solo
2400 5259 2575 5312 scelus
2615 5258 2893 5326 sistebam,
2942 5261 3132 5330 inquit,
3180 5277 3353 5334 neque
3391 5264 3519 5319 satis
3568 5271 3690 5320 erat

2110 5348 2240 5404 mihi
2289 5349 2431 5420 quod
2478 5349 2950 5420 blasphemarem;
2992 5355 3086 5409 sed
3132 5357 3295 5411 etiam
3341 5344 3435 5413 eos
3476 5358 3563 5428 qui
3600 5359 3689 5429 pie

2110 5455 2271 5510 agere
2301 5441 2519 5507 vellent,
2555 5444 2936 5514 persequebar.
2983 5445 3168 5517 Magna
3210 5447 3558 5519 blasphemia:
3604 5452 3690 5504 in—

2111 5535 2256 5589 sania
2293 5542 2394 5589 est.
2437 5535 2543 5589 Sed
2581 5535 2977 5592 misericordiam
3020 5552 3352 5611 consequutus
3388 5559 3531 5611 sum,
3561 5546 3689 5613 quia

2109 5629 2350 5700 ignorans
2375 5628 2470 5696 feci
2497 5630 2551 5681 in
2579 5629 2943 5685 incredulitate.

2188 5718 2244 5771 2.
2286 5718 2391 5775 Cur
2411 5733 2537 5791 ergo
2562 5719 2650 5774 alii
2671 5736 2883 5794 quoque
2906 5721 3076 5779 Judaei
3116 5738 3222 5781 non
3262 5725 3693 5784 misericordiam
