4112 6398
453 317 565 377 515

452 434 653 517 ἀηδιῶν
674 451 688 467 ·
732 434 871 506 αὕτη
902 435 959 489 δὲ
990 438 1207 493 πάντων
1239 440 1445 498 τούτων
1477 446 1841 517 ἀπήλλακται.
1875 450 2019 503 Ταύ-

448 535 551 589 την
570 513 663 571 οὖν
695 519 1135 591 μεταδιώκωμεν,
1167 524 1255 579 ἵνα
1282 525 1390 579 τῶν
1417 513 1721 594 μελλόντων
1748 533 2018 603 ἐπιτύχω-

449 620 551 673 μεν
572 603 828 671 ἀγαθῶν,
866 604 1049 677 χάριτι
1097 610 1191 662 κα)⁴
1238 611 1615 686 φιλανθρωπίᾳ
1650 616 1745 669 τοῦ
1810 620 2017 689 Κυρίου

1327 329 1395 386 ΙΝ
1432 330 1648 391 EPIST.
1679 334 1700 389 l
1729 336 1822 392 Al)
1858 335 2141 393 TIMOTH.
2175 337 2325 393 CAP.
2367 336 2404 391 l.
2446 337 2677 395 HOMIL.
2717 337 2806 395 111.

3581 348 3690 405 518

2128 451 2281 519 ἡμῶν
2330 452 2506 522 Ἰησοῦ
2551 454 2808 536 Χριστοῦ,
2843 457 2963 524 μεθ’
2999 448 3060 510 οὗ
3091 456 3171 528 τῷ
3219 460 3396 531 Πατρὶ
3440 463 3558 533 ἅμα
3608 468 3690 536 τῷ

2121 532 2262 603 ἁγίῳ
2291 534 2569 604 Πνεύματι
2602 535 2753 602 δόξα,
2781 537 3001 606 κράτος,
3027 540 3182 613 τιμὴ,
3207 542 3301 596 νῦν
3339 545 3434 599 καὶ
3458 532 3564 613 ἀεὶ,
3592 532 3689 603 καὶ

2122 628 2203 689 εἰς
2225 627 2352 690 τοὺς
2370 629 2573 695 αἰῶνας
2599 631 2709 687 τῶν
2734 632 2963 689 αἰώνων.
2988 636 3184 709 Ἀμήν.

472 759 3647 821 ———________________________

1887 922 2131 975 OMIMA
2174 927 2246 981 I".

441 1020 775 1104 Χάριν-ῥχῳ
802 1025 882 1104 τῷ
901 1026 1394 1104 ἐνδυναμώσαντί
1412 1051 1490 1101 με
1525 1035 1755 1104 Χριστῷ
1804 1037 2008 1098 Ἰησοῦ

512 1092 592 1158 τῷ
616 1096 808 1176 Κορίέρ
840 1096 1026 1176 ἡμῶν,
1054 1092 1388 1176 ὅτι-πιστᾴν
1407 1092 1485 1171 ita
1524 1092 1794 1173 ’ἡγήσατο
1844 1092 2009 1176 02y“:-

510 1180 617 1230 νος
638 1164 1073 1245 εἰς-διακονίαν,
1103 1169 1211 1245 τὸν
1231 1164 1521 1245 πρότερον
1548 1164 1692 1228 ϐντα
1721 1164 2008 1245 βλάσέση-

506 1252 626 1312 ρον
648 1236 747 1312 καί
768 1235 1487 1312 διώκτηνᾼκαίὺϐριστῆνο
1544 1245 1681 1298 ἀλλ’
1715 1235 2005 1312 ἧλεήθην,

510 1303 601 1356 ὅτι
637 1304 873 1383 ἀγνοῶν
906 1307 1166 1383 ἐποίησα
1181 1303 1281 1383 μὲν
1318 1303 1597 1380 ἀπιστίᾳ·
1646 1303 2006 1383 ὺπέρεέτλὲόλ

507 1390 659 1427 νασε
698 1374 767 1427 δὲ
799 1377 880 1454 ιή.
903 1375 1075 1454 χάρις
1101 1378 1209 1454 τοῦ
1247 1383 1467 1454 Κυρίου
1515 1374 1685 1452 ἡμῶν
1722 1374 1873 1454 ,ιὶετὰ
1912 1386 2006 1438 πί-

507 1459 696 1511 στεως
716 1444 816 1498 καί
847 1446 1086 1515 ἀγάπης
1103 1448 1215 1517 τῆς
1245 1451 1313 1503 ἐν
1330 1444 1571 1520 ’Χριστῷ
1592 1444 1809 1523 Ἰησοῦ.

507 1577 577 1624 α’.
600 1570 712 1640 Τὴν
735 1572 1236 1645 ταπεινοφροσύνην
1266 1575 1399 1629 πολὺ
1434 1577 1531 1647 μὲν
1560 1579 1785 1650 ἔχουσαν
1817 1580 2004 1651 κέρδος

432 1654 667 1723 δρῶμεν,
689 1653 927 1723 οὐδαμοῦ
960 1655 1017 1708 δὲ
1046 1656 1254 1725 ταχέως
1282 1659 1702 1732 εὐρισκομένην,
1743 1663 1877 1717 ἀλλά
1904 1682 2004 1718 τα-

434 1736 944 1808 πεινοῤῥημοσύνην
968 1738 1068 1807 μὲν
1091 1739 1311 1812 πολλὴν,
1340 1742 1437 1794 καί¹
1466 1744 1609 1816 πέρα
1638 1745 1736 1798 τοῦ
1771 1746 1999 1814 δέοντος,

429 1819 931 1891 ταπεινοφροσύνην
957 1820 1015 1874 δέ
1045 1822 1310 1894 οὐδαμοῦ.
1360 1826 1418 1879 '0
1440 1826 1498 1879 δέ
1527 1829 1794 1899 μακάριος
1829 1829 2003 1894 οὕτως

431 1904 602 1975 αὐτὴν
660 1903 954 1974 μετεδίωκε
1012 1905 1244 1972 Παῦλος,
1279 1908 1354 1971 ώς
1388 1909 1482 1962 καὶ
1533 1912 1767 1964 ἐπινοεῖν
1801 1911 2001 1974 πολλὰς

429 1986 705 2058 πανταχοῦ
766 1987 1071 2058 προφάσεις
1119 1990 1257 2061 πρὸς
1304 1992 1367 2046 τὸ
1393 1995 1682 2049 ταπεινοῦν
1715 1995 1880 2049 αὐτοῦ
1901 1997 2001 2068 τὴν

428 2071 687 2125 διάνοιαν.
734 2070 951 2142 Ἐπειδὴ
986 2072 1096 2143 γὰρ
1142 2074 1376 2144 μάλιστα
1416 2078 1658 2141 ἐκείνους
1701 2078 1846 2142 εἰκὸς
1899 2080 2001 2134 κά-

430 2171 583 2224 μνειν
622 2153 974 2224 βουλομένους
1008 2162 1448 2228 ταπεινοφρονεῖν
1480 2161 1606 2225 τοὺς
1646 2162 1857 2231 μεγάλα
1883 2181 2002 2218 συν-

425 2237 635 2300 ειδότας
660 2238 873 2300 ἑαυτοῖς
920 2239 1342 2310 κατορθώματα,
1382 2242 1580 2315 πολλὴν
1626 2244 1683 2297 δέ
1713 2246 1859 2309 εἰκὸς
1904 2248 1998 2301 καὶ

424 2319 585 2374 αὐτὸν
610 2319 730 2390 βίαν
752 2321 999 2392 πάσχειν,
1026 2323 1131 2376 ὑπὸ
1166 2324 1257 2377 τοῦ
1292 2326 1591 2391 συνειδότος
1631 2327 1727 2381 τοῦ
1760 2328 1995 2398 ἀγαθοῦ,

424 2402 675 2474 καθάπερ
698 2403 800 2456 ὐπό
814 2421 958 2468 τινος
978 2404 1272 2476 ῥεύματος,
1297 2408 1630 2479 ὀγκούμενον
1649 2426 1665 2440 °
1697 2412 1798 2483 ὅρα
1818 2413 1996 2467 τοίνυν

423 2486 518 2539 καλ⁸
545 2485 776 2541 ἐνταῦθα
802 2487 855 2541 τί
904 2490 1067 2541 ποιεῖ.
1097 2485 1286 2554 Εἶπεν,
1312 2491 1395 2546 ὅτι
1441 2492 1836 2563 Ἐπιστεύθην
1883 2495 1998 2566 ἐγώ

421 2569 487 2648 το
513 2571 880 2639 Εὑαγγέλιον
907 2569 1018 2639 τῆς
1063 2571 1248 2640 δόξης
1278 2575 1387 2630 τοῦ
1430 2575 1609 2631 Θεοῦ⁸
1643 2578 1993 2648 Εὐαγγέλιον,

420 2647 482 2705 οὐ
515 2653 764 2723 μετέχειν
802 2653 960 2723 θέμις
992 2654 1094 2707 οὐκ
1121 2653 1200 2708 ἔνι
1219 2657 1343 2719 τούς
1373 2656 1452 2711 ἔτι
1478 2659 1627 2730 νόμῳ
1656 2647 1991 2732 χρωμένουςο

419 2736 717 2790 ἀντίκειται
754 2736 863 2807 γάρ
886 2736 1030 2808 αὐτῷ
1055 2738 1157 2805 ἔτι,
1189 2738 1286 2794 καὶ
1315 2740 1571 2796 τοσοῦτον
1586 2744 1758 2805 ,αὐτοῦ
1797 2745 1858 2798 τὸ
1892 2747 1989 2816 μέ-

420 2842 533 2892 σον,
563 2827 638 2889 ὡς
664 2827 790 2890 τούς
816 2828 908 2881 ὐπ’
954 2828 1165 2882 ἐκείνου
1188 2830 1525 2900 φερομένους
1549 2832 1776 2903 μηδέπω
1804 2834 1987 2900 ἀξίους

417 2905 557 2964 εἶναι
594 2909 785 2963 τούτου
836 2910 1119 2982 μετέχεινο
1149 2910 1342 2984 ὥσπερ
1371 2912 1438 2967 ἀν
1479 2914 1533 2968 εί
1578 2932 1664 2979 τις
1706 2915 1875 2985 λέγοι,
1909 2919 1991 2972 ὅτι

416 2995 546 3058 τοὺς
579 2993 792 3064 δεσμῶν
815 2994 1099 3065 δεομένους
1126 2997 1222 3049 καὶ
1250 2996 1407 3066 δίκης
1428 2998 1489 3051 οὐ
1520 2997 1677 3068 θέμις
1717 3001 1798 3064 εἰς
1834 3003 1981 3071 φιλο-

418 3078 596 3145 σόφων
623 3078 900 3148 εἰσφέρειν
930 3079 1108 3150 χορόν.
1128 3081 1282 3134 Ἐπεὶ
1302 3077 1397 3135 οὖν
1430 3082 1699 3155 ἐφυσήθη,
1732 3085 1827 3139 καὶ
1851 3088 1994 3158 μέγα

415 3161 737 3231 ἐφθέγξατο,
765 3161 881 3231 ἅμα
909 3164 1001 3215 καί¹
1025 3163 1216 3217 ἐαυτὸν
1234 3166 1608 3233 καταστέλλει,
1633 3169 1726 3222 καὶ
1753 3172 1879 3235 τοὺς
1899 3173 1993 3226 άλ-

414 3243 540 3307 λους
567 3242 740 3296 πείθει
777 3242 837 3295 τὸ
870 3244 1001 3297 αὐτὸ
1031 3244 1094 3315 δὴ
1121 3246 1281 3300 τοῦτο
1308 3250 1481 3302 ποιεῖν
1510 3264 1526 3279 ο
1563 3251 1792 3322 γράφων
1817 3270 1898 3317 τε,
1927 3256 1989 3307 Ὅ

412 3326 775 3393 ἐπιστεύθην
800 3325 936 3395 ἐγὼ,
967 3327 1180 3397 ταχέως
1196 3329 1494 3385 ἐπελάϐετο
1521 3332 1738 3398 ἐαυτοῦ,
1775 3335 1861 3388 ἵνα
1915 3336 1989 3406 μὴ

417 3406 566 3481 [569.]
594 3408 839 3482 νομίσῃς,
864 3410 946 3463 ὅτι
968 3409 1026 3474 ἐξ
1051 3411 1432 3482 ὑπερηφανίας
1460 3414 1618 3468 τοῦτό
1647 3432 1827 3487 φησιν.
1848 3418 1990 3486 Ὅρα
2046 3434 2049 3435 ⁷

412 3492 592 3545 τοίνυν
616 3491 744 3562 ποίᾳ
771 3491 1034 3562 κέχρηται
1063 3492 1348 3563 διορθώσει
1376 3497 1599 3565 ἐπάγων
1632 3498 1729 3552 καὶ
1769 3500 1947 3567 λέγων
1971 3516 1984 3530 ⁸

412 3575 597 3644 Χάριν
619 3575 736 3644 ἔχω
774 3574 855 3640 τῷ
884 3574 1381 3645 ὲνδυναμώσαντί
1399 3595 1477 3647 με
1519 3578 1750 3647 Χριστῷ
1782 3578 1990 3650 Ἰησοῦ

413 3656 494 3723 τῷ
522 3660 718 3726 Κυρίῳ
741 3656 933 3727 ἡμῶν,
959 3660 1048 3712 ὅτι
1080 3661 1302 3715 πιστόν
1321 3678 1400 3731 με
1432 3662 1726 3731 ἡγήσατο,
1744 3664 1990 3735 θέμενος

412 3746 500 3809 εἰς
525 3743 854 3797 διακονίαν.
900 3742 1062 3813 Ὁρᾷς
1096 3742 1217 3807 πῶς
1241 3745 1516 3816 πανταχοῦ
1544 3746 1605 3798 τὸ
1634 3747 1829 3802 ἐαυτοῦ
1853 3767 1988 3803 κατ-

421 3825 650 3895 όρθωμα
698 3824 950 3895 κρύπτει,
1006 3824 1104 3878 καὶ
1138 3825 1199 3879 τὸ
1257 3829 1367 3881 πᾶν
1409 3828 1699 3900 ἀνατίθησι
1730 3831 1809 3901 τῷ
1849 3832 1986 3902 Θεῷ,

412 3908 527 3962 ἀλλ’
545 3907 637 3959 ἐπὶ
669 3906 939 3971 τοσοῦτον,
964 3908 1049 3976 ἐφ’
1068 3907 1194 3961 ὅσον
1224 3907 1287 3962 τὸ
1320 3909 1666 3975 αὐτεξούσιον
1690 3914 1765 3984 μὴ
1810 3913 1989 3985 λυμή-

411 3990 605 4044 νασθαι
626 4005 641 4054 ;
666 3989 808 4058 Ἔφη
843 3989 951 4059 γὰρ
973 3988 1039 4043 ἂν
1063 3990 1195 4053 ἴσως
1215 3991 1244 4043 δ
1275 3991 1500 4057 ἄπιστος
1520 4032 1535 4057 ,
1560 3996 1608 4047 εἰ
1637 3995 1698 4049 τὸ
1734 3996 1843 4049 πᾶν
1892 3996 1987 4049 τοῦ

412 4072 552 4125 Θεοῦ
579 4073 718 4134 ἐστι,
759 4070 850 4128 καὶ
874 4071 1022 4124 οὐδὲν
1055 4073 1185 4144 παρ’
1210 4074 1370 4144 ἡμῶν
1396 4077 1734 4149 εἰσφέρεται,
1773 4078 1885 4131 ἀλλ’
1914 4080 1989 4143 ὠς

411 4155 548 4223 ξύλα
568 4153 660 4206 καὶ
684 4151 864 4215 λίθους
900 4158 1181 4223 μετακινεί
1208 4158 1345 4228 πρὸς
1388 4159 1705 4229 φιλοσοφίαν
1748 4162 1858 4215 ἀπὸ
1883 4181 1985 4216 κα-

409 4241 535 4301 κίας
562 4253 575 4266 ·
594 4235 647 4288 τί
679 4234 878 4304 δήποτε
915 4235 1125 4289 Παῦλον
1158 4238 1258 4308 μὲν
1286 4239 1525 4293 τοιοῦτον
1546 4244 1862 4314 εἰργάσατο,
1894 4246 1987 4299 τὸν

408 4322 467 4374 δὲ
507 4317 710 4374 ’Ῑούδαν
735 4315 951 4382 οὐκέτι;
980 4317 1197 4388 Ταύτην
1229 4316 1322 4376 οὖν
1353 4323 1591 4394 ἀναιρῶν
1628 4324 1726 4397 τὴν
1769 4327 1985 4381 ἀντίθε.⁶

410 4421 516 4470 σιν,
561 4404 665 4475 ὅρα
717 4400 836 4464 πῶς
877 4399 1016 4470 μετά
1063 4402 1333 4466 συνέσεως
1385 4404 1464 4475 τῷ
1506 4406 1649 4477 λόγῳ
1694 4410 1981 4481 κέχρηται.

407 4484 832 4551 Ἐπιστεύθην,
864 4482 1200 4554 φησίν,ἐνώ.
1238 4485 1407 4539 Τοῦτο
1447 4488 1610 4543 αὐτοῦ
1647 4493 1983 4564 κατόρθωμα

405 4583 504 4637 καὶ
529 4581 768 4649 ἀξίωμα,
795 4578 909 4660 ἀλλ’
940 4577 1040 4660 οὐκ
1070 4578 1234 4633 αὐτοῦ
1261 4579 1410 4635 ὅλονε
1444 4584 1546 4653 ὅρα
1598 4587 1704 4658 γὰρ
1733 4589 1933 4660 τίφησι
1965 4606 1980 4620 -

403 4663 589 4731 Χάριν
614 4664 736 4730 ἔχω
766 4658 848 4724 τῷ
868 4659 1359 4739 ἐνδοναμώσαντί
1375 4682 1454 4733 με
1494 4668 1727 4735 Χριστῷ
1754 4658 1980 4739 Ἰησοῦ.

406 4745 574 4800 Τοῦτο
615 4744 711 4800 τοῦ
739 4740 875 4794 Θεοῦ
897 4758 911 4773 ο
947 4736 1069 4794 εἶτα
1087 4743 1252 4797 πάλιν
1287 4746 1348 4797 τὸ
1388 4748 1579 4814 αὐτοῦ,
1622 4752 1705 4805 ὅτι
1757 4736 1982 4809 Πιστόν

400 4845 478 4898 με
516 4828 794 4897 ἡγήσατο
820 4840 835 4854 ⁸
891 4824 1125 4890 πάντως.
1174 4828 1361 4899 ἐπειδὴ
1401 4829 1625 4901 ἔμελλεν
1667 4836 1759 4904 ἀφ’
1785 4837 1980 4891 ἐαυτοῦ

402 4911 776 4985 χρησιμεύειν.
834 4906 1108 4991 Θέμενος,
1158 4911 1345 4979 φησὶν,
1394 4915 1483 4978 εις
1533 4915 1845 4991 διακονίαν
1873 4919 1982 4974 τὸν

401 4996 691 5063 πρότερον
716 4992 867 5045 ὄντα
892 4989 1264 5060 ,βλάσφημον
1300 4992 1399 5046 καὶ
1424 4993 1678 5064 διώκτην
1702 4989 1984 5069 καίὐϐρι-

400 5076 561 5143 στήν
584 5093 597 5105 °
629 5071 1054 5141 ἀλλ’ἠλεήθην
1074 5074 1163 5128 ὅτι
1189 5074 1427 5144 ἀγνοῶν
1462 5078 1722 5149 ἐποίησα
1750 5084 1821 5137 ἐν
1846 5086 1983 5140 ἀπι-

399 5160 560 5223 στίᾳ.
615 5157 756 5228 Ὅρα
794 5154 917 5216 πῶς
960 5155 1055 5206 καὶ
1110 5158 1171 5207 τὸ
1228 5157 1393 5209 αὐτοῦ
1425 5160 1645 5232 τίθησι,
1675 5165 1767 5217 καὶ
1795 5167 1857 5219 τὸ
1878 5169 1975 5221 τοῦ

399 5239 559 5305 Θεοῦ,
588 5240 649 5293 τὸ
687 5240 851 5293 πλέον
892 5239 1069 5309 νέμων
1098 5238 1162 5309 τῇ
1196 5240 1288 5291 τοῦ
1337 5241 1472 5294 Θεοῦ
1520 5246 1766 5317 προνοίᾳ,
1814 5249 1876 5301 τὸ
1916 5252 1975 5304 δέ

401 5322 567 5376 αὐτοῦ
623 5322 954 5386 συστέλλων,
1009 5318 1149 5389 πλὴν
1193 5320 1318 5374 ὅσον
1366 5324 1442 5393 μὴ
1492 5325 1859 5400 λυμήνασθαι,
1900 5335 1977 5399 ώς

400 5405 571 5477 ἔφθην
592 5406 784 5469 εἰπὼν,
803 5405 905 5477 τὴν
922 5403 1275 5468 αὐτεξουσίαν
1290 5417 1338 5458 α.
1362 5407 1426 5459 Τί
1446 5408 1502 5460 δέ
1529 5412 1665 5477 ἐστι,
1698 5414 1780 5480 Τῷ
1800 5417 1974 5472 ἐνδυ-

396 5488 743 5559 ναμώσαντί
768 5506 879 5558 ys;
926 5486 1124 5541 Ἀκουε
1150 5505 1162 5517 ·
1194 5489 1412 5559 φορτίον
1436 5492 1640 5563 ὑπῆλθε
1668 5498 1831 5567 μέγα,
1882 5505 1974 5558 καὶ

400 5571 597 5643 πολλῆς
635 5570 804 5625 ἐδεῖτο
854 5572 960 5643 τῆς
1007 5569 1213 5625 ἀνωθεν
1268 5573 1462 5644 ῥοπῆς.
1528 5576 1812 5651 Ἐννόησον
1860 5586 1970 5656 γὰρ

454 5790 485 5819 ⁸
514 5794 652 5851 Unus
674 5801 824 5853 codex
850 5799 1004 5852 habet
1020 5800 1102 5869 τῷ
1122 5796 1408 5849 αὐτεξουσῐω

2110 1041 2235 1096 ὅσον
2265 1041 2333 1116 ἦν
2366 1047 2502 1117 πρὸς
2551 1049 2926 1122 καθημερινὰς
2959 1050 3165 1123 ὕϐρεις,
3225 1056 3511 1129 λοιδορίας,
3563 1063 3683 1117 ἐπι-

2110 1127 2324 1194 ϐουλὰς,
2347 1132 2651 1199 κινδύνους,
2672 1136 3001 1207 σκώμματα,
3030 1141 3228 1210 ὀνείδη,
3248 1127 3511 1209 θανάτους
3530 1148 3682 1200 ἵστα-

2110 1212 2253 1277 σθαι,
2318 1214 2527 1300 καὶμὴ
2586 1219 2933 1289 ἀποκάμνειν
2986 1223 3121 1293 μηδὲ
3170 1225 3492 1283 ὀλισθαίνειν
3548 1232 3681 1300 μηδέ

2104 1298 2549 1384 περιτρέπεσθαι,
2583 1302 2755 1367 ἀλλά,
2792 1305 3055 1359 πάντοθεν
3096 1307 3422 1379 βαλλόμενον
3466 1298 3681 1384 μυρίοις

2103 1376 2227 1429 καθ’
2255 1380 2496 1452 ἑκάστην
2523 1385 2739 1456 ἡμέραν
2768 1388 2881 1448 τοῖς
2914 1387 3144 1456 βέλεσιν,
3179 1376 3367 1457 ἀτενὲς
3395 1376 3588 1465 ἔχοντα
3617 1376 3679 1450 τδ

2102 1459 2504 1551 δμμαέστάναι
2525 1469 2631 1551 Δκαί⁵
2658 1469 3099 1540 ἀκατάπληκτον.
3142 1475 3311 1530 Τοῦτο
3334 1459 3540 1551 οὐκ-ἦν
3582 1484 3680 1536 ἀν-

2102 1542 2382 1633 θρωπίνης
2421 1548 2621 1618 ἰσχύος,
2665 1552 2781 1605 ἀλλ’
2808 1553 2928 1607 οὐδέ
2959 1556 3059 1625 τῆς
3078 1556 3175 1610 τοῦ
3212 1559 3348 1613 Θεοῦ
3382 1542 3554 1633 ῥοπῆς
3579 1566 3678 1633 μό-

2101 1641 2212 1689 νον,
2259 1627 2397 1716 ἀλλά
2446 1634 2540 1716 καὶ
2597 1633 2698 1716 τῆς
2747 1635 2916 1688 αὐτοῦ
2959 1627 3539 1710 προαιρέσεως.’⁶’οτἰ
3569 1627 3677 1716 γὰρ

2100 1710 2367 1779 προειδὼς
2391 1714 2554 1767 αὐτὸν
2570 1715 2653 1779 τίς
2683 1716 2857 1786 ἔσται,
2882 1719 3059 1774 εἵλετο
3094 1722 3279 1790 αὐτὸν,
3336 1710 3590 1781 ἄκουσον
3620 1710 3677 1783 τί

2100 1808 2255 1876 φησι,
2284 1795 2467 1876 πρὶνῆ
2494 1795 2734 1867 ἅψασθαι
2757 1800 2919 1854 αὐτὸν
2937 1802 3031 1856 τοῦ
3047 1805 3422 1875 κηρύγματοςο
3452 1810 3677 1876 Σκεῦος

2097 1871 2360 1962 ἐκλογῆς
2378 1878 2484 1945 μοί
2505 1879 2678 1935 ἐστιν
2693 1877 2892 1949 οὗτος,
2911 1884 3017 1939 τοῦ
3035 1871 3346 1950 ,βαστάσαι
3371 1891 3439 1943 τὸ
3489 1871 3677 1962 ὄνομοὶ

2093 1973 2213 2025 μου
2241 1951 2499 2047 ἐνώπιον
2518 1962 2712 2018 ἐθνῶν
2732 1965 2830 2018 καί
2848 1967 3178 2030 βασιλέων.
3202 1972 3374 2025 Ὤσπε
3382 1990 3412 2045 ρ
3461 1976 3571 2047 γὰρ
3589 1951 3606 1962 ’
3622 1979 3673 2030 οἰ

2100 2039 2464 2128 βαστάζοντες
2494 2044 2557 2097 τὸ
2591 2050 2817 2118 σημεῖον
2854 2050 2914 2102 τὸ
2951 2051 3232 2122 βασιλικὸν
3258 2058 3316 2108 ἐν
3343 2039 3582 2128 πολέμῴ,
3612 2060 3673 2112 τὸ

2098 2120 2392 2209 λεγόμενον
2424 2129 2490 2198 τῇ
2536 2130 2797 2202 συνηθείᾳ
2835 2120 3098 2206 λάϐουρον
3122 2135 3172 2203 δ,
3208 2138 3409 2209 πολλῆς
3464 2120 3672 2196 δέονται

2098 2205 2197 2296 τῆς
2232 2208 2415 2278 ἰσχύος
2448 2211 2544 2263 καὶ
2574 2215 2675 2284 τῆς
2704 2205 3021 2284 ἐμπειρίας,
3056 2217 3198 2273 ὥστε
3239 2205 3374 2274 αὐτδ
3409 2223 3483 2293 μὴ
3540 2242 3673 2296 προσ

2095 2287 2281 2343 δοῦναι
2309 2293 2424 2356 τοῖς
2451 2296 2733 2366 πολεμίοις
2763 2313 2780 2330 ο
2828 2297 2971 2353 οὕτω
3014 2303 3108 2355 καὶ
3157 2306 3207 2357 οἰ
3254 2305 3313 2359 τὸ
3363 2287 3534 2377 ὄνομα
3575 2287 3671 2362 τοῦ

2094 2371 2334 2443 Χριστοῦ
2381 2375 2741 2445 βαστάζοντες
2791 2382 2894 2434 οὐκ
2932 2383 2992 2435 ἐν
3032 2385 3255 2458 πολέμῳ
3295 2371 3489 2457 μόνον,
3535 2391 3671 2446 ἀλλά

2094 2457 2190 2542 καί
2212 2458 2272 2511 ἐν
2299 2460 2511 2532 εἰρήνῃ,
2541 2462 2746 2532 πολλῆς
2768 2465 2976 2521 δέονται
3021 2469 3120 2536 τῆς
3164 2457 3447 2542 δυνάμεως
3468 2515 3482 2539 ,
3527 2474 3670 2530 ὥστε

2092 2541 2207 2624 τοῖς
2251 2543 2593 2624 κατηγόροις
2635 2547 2766 2600 αὐτὸ
2812 2548 2888 2620 μὴ
2943 2550 3190 2605 ἐκδοῦναι
3226 2541 3511 2624 στόμασιν,
3533 2558 3670 2612 ἀλλὰ

2095 2620 2386 2713 βαστάζειν
2416 2628 2595 2691 καλῶς
2612 2630 2703 2713 καὶ
2729 2632 2914 2702 φέρειν
2930 2634 3020 2686 τὸν
3050 2638 3301 2709 σταυρόν.
3323 2620 3530 2710 Πολλῆς
3557 2642 3666 2713 γὰρ

2092 2703 2261 2768 ὅντως
2289 2705 2370 2759 δεῖ
2394 2709 2495 2778 τῆς
2529 2711 2732 2781 ἰσχύος,
2777 2713 2917 2767 ὥστε
2942 2703 3209 2786 βαστάσαι⁹
3261 2720 3321 2773 τὺ
3371 2703 3542 2793 ὄνομα

2090 2786 2350 2856 Χριστοῦ.
2391 2790 2450 2844 Ὀ
2471 2791 2580 2863 γὰρ
2605 2794 2823 2859 ἀνάξιόν
2838 2815 2891 2850 τι
2920 2798 2952 2868 ἢ
2981 2799 3175 2867 λέγων,
3206 2801 3238 2873 ἧ
3301 2786 3572 2873 πράττων,
3628 2807 3664 2877 ἢ

2092 2872 2329 2941 φρονῶν,
2361 2874 2461 2927 οὐκ
2497 2878 2768 2931 ἐϐάστασε
2806 2880 2868 2933 τὸ
2895 2882 3087 2953 ὄνομα,
3121 2886 3222 2940 οὐκ
3255 2872 3370 2956 ἔχει
3400 2889 3493 2942 τὸν
3530 2872 3667 2961 Χριλ

2094 2954 2220 3008 στὸν
2252 2958 2311 3008 ἐν
2338 2958 2538 3029 ἐαυτῷ.
2565 2962 2843 3033 Πομπεύει
2871 2965 2926 3017 δὲ
2960 2968 2988 3019 ὁ
3023 2954 3328 3035 βαστάζων,
3356 2972 3417 3024 οὐ
3444 2972 3517 3025 δι’
3536 2954 3668 3042 ἀγο-

2095 3039 2196 3109 ρᾶς
2212 3040 2347 3093 ά).λά
2372 3042 2459 3096 διά
2483 3044 2594 3098 τῶν
2626 3047 2895 3117 οὐρανῶν,
2938 3051 3033 3102 καὶ
3076 3052 3278 3115 πάντες
3312 3039 3665 3125 πεφρίκασιν,

2091 3121 2749 3208 ἀγγελοιδορυφοροῦντες
2775 3131 2868 3183 καὶ
2894 3130 3288 3203 θαυμάζοντες.
3311 3121 3496 3205 Χάριν
3522 3121 3663 3208 ἔχω,

2091 3206 2247 3274 φησί,
2297 3205 2376 3271 τῷ
2418 3209 2913 3281 ἐνδυνσμώσαντί
2955 3233 3033 3284 με
3080 3218 3312 3287 Χριστῷ
3348 3205 3669 3289 Ἰησοῦ-τῷ

2089 3289 2286 3375 Ιςυρίῳ
2304 3290 2492 3357 ἡμῶν.
2522 3294 2660 3363 Ὅρα
2690 3295 2806 3358 πῶς
2836 3299 2930 3351 καί
2962 3300 3070 3352 τῶν
3100 3301 3264 3355 αὐτοῦ
3313 3305 3472 3373 χάριν
3519 3306 3669 3375 αὐτῷ

2089 3365 2247 3424 οἶδεν.
2272 3371 2421 3445 [565]
2453 3376 2571 3428 ’Ὁτι
2588 3377 2692 3447 γὰρ
2717 3378 2907 3443 σκεῦος
2923 3382 3153 3454 ἐκλογῆς
3173 3365 3494 3457 ἐστιίφησὶν
3520 3365 3669 3461 αὐτῷ

2089 3453 2247 3522 χάριν
2274 3457 2494 3512 εἰδέναι.
2525 3459 2714 3515 Καίτοι
2737 3462 2893 3516 τοῦτο
2936 3466 3027 3518 σὸν
3058 3453 3300 3534 γέγονεν,
3329 3462 3373 3521 ῶ
3395 3453 3403 3457 ’
3428 3453 3666 3542 μακάριε

2091 3536 2270 3589 Παῦλε
2298 3555 2309 3567 ·
2336 3540 2397 3591 οὐ
2437 3544 2544 3611 γὰρ
2574 3547 3046 3619 προσωπολήπτης
3074 3552 3102 3602 ὀ
3128 3550 3280 3614 Θεός.
3323 3536 3479 3605 Ἀλλά
3506 3536 3667 3626 χάριν

2090 3617 2218 3689 ἔχω,
2252 3622 2439 3690 φησὶν,
2475 3624 2555 3676 ὅτι
2577 3617 2892 3696 κατηξίωσέ
2925 3617 3113 3700 με-τῆς
3133 3632 3405 3698 διακονίας
3420 3617 3623 3706 ταύτης
3648 3653 3662 3667 ’

2088 3700 2246 3753 τοῦτο
2274 3704 2383 3773 γάρ
2427 3722 2494 3775 με
2537 3706 2631 3759 τοῦ
2680 3711 2871 3765 πιστὸν
2926 3710 3067 3766 εἰναι
3114 3715 3356 3785 νομίζειν
3415 3722 3662 3788 σημεῖον.

2089 3784 2358 3857 Καθάπερ
2375 3789 2483 3858 γὰρ
2501 3789 2559 3843 ἐν
2582 3794 2728 3863 οίκίᾳ
2745 3795 2806 3846 οὐ
2826 3794 2904 3866 τῷ
2921 3784 3273 3871 πιστευθῆναι
3294 3801 3454 3871 μόνον
3470 3784 3503 3854 δ
3519 3805 3665 3857 οἰκο-

2087 3868 2249 3957 νδμος
2277 3871 2437 3940 χάριν
2459 3872 2571 3941 ἔχει
2606 3875 2686 3945 τῷ
2712 3877 2968 3952 δεσπότῃ,
3019 3882 3154 3936 ἀλλά
3173 3868 3277 3938 *καί
3295 3868 3306 3871 ⁷
3331 3885 3391 3940 τὸ
3434 3890 3663 3957 σημεῖον

2085 3950 2266 4023 τίθησι
2293 3954 2468 4019 τοῦτο,
2500 3957 2582 4009 ὃτι
2621 3958 2783 4013 αὐτὸν
2808 3950 3118 4018 τῶν-γάλλων
3148 3968 3364 4037 ἡγεῖται
3409 3972 3661 4024 πιστότε-

2088 4053 2183 4106 ρον
2210 4052 2227 4068 ⁶
2256 4037 2348 4090 τὸν
2373 4039 2535 4093 αὐτὸν
2559 4042 2624 4111 δὴ
2649 4043 2850 4114 τρόπον
2879 4047 2973 4099 καὶ
3006 4048 3259 4104 ἐνταῦθα.
3291 4049 3423 4106 Εἶτα
3466 4057 3659 4109 σκόπει

2086 4118 2204 4181 πῶς
2226 4120 2440 4192 ἐπαίρει
2471 4122 2564 4175 τὸν
2586 4123 2736 4179 ἔλεον
2762 4125 3016 4209 τοῦῄΘεοῦ
3075 4133 3171 4185 καὶ
3208 4135 3308 4206 τὴν
3346 4136 3654 4209 φιλανθρω-

2086 4201 2239 4266 πίαν,
2272 4202 2364 4255 τὸν
2411 4205 2679 4288 πρότερον
2714 4208 2884 4261 αὐτοῦ
2937 4209 3052 4279 βίον
3106 4201 3487 4288 ἐξηγούμενος.
3546 4201 3660 4274 Τὸν

2084 4287 2376 4370 προτερον
2415 4287 2579 4370 ὄντα,
2644 4292 2799 4362 φησί,
2841 4294 3220 4366 ,βλάσφημον
3261 4301 3358 4353 καί
3400 4301 3659 4370 διώκτην

2084 4365 2187 4419 καί
2217 4369 2531 4437 ὑϐριστήν.
2559 4373 2670 4426 Καὶ
2694 4376 2821 4428 ὅταν
2851 4377 2949 4444 μὲν
2970 4365 3387 4450 περιἾουδαίων
3410 4365 3659 4455 διαλέγη-

2082 4466 2173 4539 ται
2200 4451 2308 4505 τῶν
2335 4452 2702 4539 ἐτιάπίστων,
2736 4458 2857 4527 μεθ’
2907 4462 3207 4535 ὑποστολῆς
3262 4466 3525 4539 κέχρηται

2082 4531 2225 4618 λόγῳ
2250 4552 2264 4566 ·
2286 4537 2572 4604 Μαρτυρῶ
2601 4539 2710 4608 γὰρ
2743 4542 2966 4609 αὐτοῖς,
2993 4531 3176 4615 φησὶν,
3202 4548 3292 4603 ὅτι
3508 4531 3656 4606 Θεοῦ

2082 4614 2357 4685 ἔχουσιν,
2389 4619 2525 4673 ἀλλ’
2561 4622 2633 4673 οὺ
2664 4625 2789 4674 κατ’
2815 4614 3145 4695 ἐπίγνωσιν
3170 4646 3185 4662 ο
3219 4614 3428 4703 περὶ-δὲ
3463 4633 3656 4688 ἐαυτοῦ

2083 4718 2243 4771 φησι,
2294 4702 2621 4773 Βλάσφημον
2645 4705 2774 4758 ὄντα
2810 4711 2905 4762 καὶ
2945 4710 3181 4783 διώκτην
3231 4702 3324 4769 καὶ
3369 4717 3653 4789 ὑϐριστήν.

2093 4783 2257 4855 Ὁρᾷς
2281 4786 2381 4855 τὴν
2410 4789 2729 4858 καταφορὰν
2762 4791 2947 4858 αὐτοῦ,
3002 4796 3119 4859 πῶς
3162 4798 3262 4851 οὐκ
3302 4798 3416 4853 ἐστι
3444 4783 3658 4869 ’φιλοιύ-

2079 4883 2193 4930 τος,
2220 4867 2339 4953 πῶς
2378 4871 2812 4945 συνεσταλμένην
2840 4875 3099 4945 κέκτηται
3122 4881 3221 4950 τὴν
3245 4867 3511 4953 διάνοιαν;
3542 4889 3655 4941 Οὐκ

2082 4948 2242 5020 ἤρκει
2268 4952 2461 5017 εἰπεῖν,
2484 4953 2709 5037 Βλάσφη
2719 4973 2818 5025 μον
2847 4958 2976 5012 ὄντα
3000 4963 3092 5013 καὶ
3114 4948 3367 5037 διώκτην,
3417 4948 3533 5020 ἀλλ’
3572 4970 3656 5022 ὅτι

2081 5031 2176 5084 καὶ
2195 5034 2310 5102 μετ’
2340 5036 2642 5099 ἐπιτάσεως
2674 5039 2833 5092 τοῦτο
2878 5040 3134 5111 ἔπραττε.
3186 5047 3261 5098 Οὐ
3302 5031 3472 5115 ⁷μόνον
3520 5052 3651 5123 γὰρ,

2084 5117 2237 5186 φησί,
2274 5118 2466 5206 μέχρις
2503 5120 2638 5189 ἐμοῦ
2677 5122 2840 5206 ἴστων
2877 5126 2937 5179 τὸ
2967 5127 3188 5196 φαῦλον,
3216 5132 3335 5184 οὐδέ
3364 5117 3653 5206 ἠρκούμην

2082 5197 2245 5260 αὐτὸς
2276 5198 2632 5271 βλασφημῶν,
2666 5204 2803 5258 ἀλλά
2824 5209 2918 5259 καὶ
2949 5211 3076 5273 τοὺς
3104 5197 3462 5283 βουλομένους
3491 5197 3652 5267 εύσέο

2082 5279 2196 5335 serv
2220 5283 2471 5365 ἐδίωκον.
2504 5284 2680 5357 Πολλὴ
2714 5288 2813 5357 τῆς
2842 5279 3193 5363 βλασφημίας
3219 5279 3463 5365 ήνμανία.
3486 5299 3654 5352 Ἀλλ’

2077 5363 2369 5433 ἠλεήθην,
2398 5366 2488 5420 ὅτι
2516 5368 2751 5437 ἀγνοῶν
2777 5372 3038 5442 ἐποίησα
3068 5377 3139 5429 ἐν
3167 5363 3437 5446 ἀπιστίᾳ.

2156 5494 2223 5567 β’.
2247 5495 2407 5560 Τίνος
2427 5493 2519 5553 οὖν
2536 5499 2723 5557 ἕνεκεν
2747 5505 2840 5559 καὶ
2858 5506 3006 5561 ἄλλοι
3032 5509 3277 5563 Ἰουδαῖοι
3293 5512 3395 5567 οὐκ
3418 5514 3653 5586 ἠλεήθη-

2139 5690 2168 5769 ξ
2192 5692 2443 5769 Λάϐουρον
2461 5694 2648 5769 yid-etut
2678 5712 2817 5769 gen-qr
2839 5714 2964 5769 esse_
2975 5717 3062 5765 pro
3085 5706 3306 5769 λάϐοιρον.
3330 5711 3473 5760 Alter
3494 5712 3644 5762 codex

2078 5754 2446 5836 λάϐρυρονθςείο)
2469 5758 2620 5836 hia!ng
2639 5764 2729 5836 ;Ain
2753 5765 2911 5814 altero
2949 5754 3080 5826 ἰιίρε,
3106 5769 3161 5816 τὸ
3186 5754 3645 5836 λὶὴόξιὲῖρξηῖὲῇἷτῖινῖ

2082 5816 2209 5865 ίθεὶα
2233 5816 2692 5877 ).άϐουρον,ιίεδυι1ι.
