4112 6398
432 336 558 396 517

449 471 550 509 σαν
574 471 589 517 ;
616 452 855 505 Ὀτιούκ
888 450 948 516 ἔξ
984 452 1229 521 ἀγνοίας,
1268 453 1404 506 ἀλλά
1423 454 1519 506 καὶ
1542 453 1746 516 ειδότες
1768 455 1862 507 καὶ
1889 452 2017 521 σφό-

447 536 551 606 δρα
578 534 932 603 ἐπιστάμενοι
971 534 1237 605 ἔπραττον
1267 535 1410 601 ἅπερ
1438 535 1728 602 ἔπραττον.
1767 536 1878 588 Καὶ
1928 536 2017 587 ῐνα

456 618 632 688 μάθῃς
659 617 922 689 ἀκριϐῶς,
960 618 1125 671 ἄκουε
1173 618 1266 671 τοῦ
1314 619 1706 686 εὐαγγελιστοῦ
1749 618 2019 687 λέγοντος,

451 704 533 753 ὅτι
562 700 788 753 Πολλοὶ
815 695 884 754 ἐκ
912 699 1030 753 τῶν
1059 702 1393 768 Φαρισαίων
1421 701 1521 754 καὶ
1555 701 1864 755 Ἰουδαίων
1897 701 2023 754 ἐπί-

449 799 670 838 στευον
693 783 828 850 μὲν,
845 784 956 851 οὐχ
987 783 1335 851 ὡμολόγουν
1380 782 1467 836 δέ.
1516 783 1865 851 Ἠγάπησαν
1911 783 2024 851 τὰρ

449 866 564 933 τὴν
600 864 786 928 δόξαν
839 865 958 918 τῶν
1000 865 1324 933 ἀνθρώπων
1365 864 1639 933 μᾶλλον,
1706 864 1861 934 ἥπερ
1906 866 2025 932 τὴν

449 951 638 1014 δόξαν
677 949 783 1003 τοῦ
813 948 982 1004 Θεοῦ.
1018 949 1130 1001 Καὶ
1156 948 1315 1000 πάλιν
1353 948 1382 999 6
1404 948 1636 1018 Χριστός
1677 965 1812 1018 φησι
1846 965 1858 978 ·
1892 948 2024 1014 Πῶς

450 1033 718 1086 δύνασθε
747 1032 1073 1095 πιστεύειν,
1106 1029 1294 1093 δόξαν
1320 1030 1482 1097 παρὰ
1531 1030 1839 1096 ἀλλήλων
1869 1032 2023 1099 λαμ-

450 1114 771 1179 ἀέκοντε-ω
800 1116 895 1167 καὶ
926 1114 1108 1179 πάλιν,
1139 1110 1330 1165 Ταῦτα
1360 1108 1553 1174 εἷπον,
1605 1115 1792 1183 φησὶν,
1846 1115 1903 1166 οὶ
1933 1130 2026 1181 γο-

449 1197 575 1263 νεῖς
630 1197 734 1250 τοῦ
788 1196 1021 1265 τυφλοῦ
1067 1195 1166 1249 διὰ
1218 1195 1362 1260 τοὺς
1401 1196 1744 1262 Ἰουδαίους,
1785 1196 1887 1248 ἵνα
1935 1195 2022 1265 μὴ

449 1280 911 1349 ἀποσυνάγωγοι
936 1278 1244 1348 γένωνται.
1281 1280 1390 1333 Καὶ
1424 1278 1580 1331 αὐτοὶ
1604 1279 1663 1330 δὲ
1692 1280 1741 1331 οἱ
1779 1280 2023 1331 Ἰουδαῖοι

452 1364 613 1417 πάλιν
670 1362 877 1430 ἔλεγον,
943 1360 1136 1429 Ὁρᾶτε
1175 1360 1265 1414 ὅτι
1303 1362 1485 1415 οὐδὲν
1523 1362 1893 1431 ὠφελοῦμεν,
1934 1362 2023 1414 ὅτι

450 1446 571 1512 πᾶς
616 1449 647 1500 ό
694 1447 923 1515 κόσμος
965 1445 1177 1512 ὑπάγει
1231 1446 1423 1499 ὀπίσω
1477 1446 1684 1499 αὐτοῦ.
1741 1445 2021 1514 Πανταχοῦ

450 1532 558 1597 γάρ
602 1529 781 1591 αὐτοῖς
821 1528 881 1580 τὸ
929 1528 1029 1596 τῆς
1080 1527 1373 1598 φιλαρχίας
1411 1528 1581 1590 πάθος
1619 1528 1871 1597 ἠνώχλει.
1914 1530 2025 1581 Καὶ

454 1611 559 1681 μὴν
588 1611 741 1663 αὑτοὶ
759 1605 930 1673 εἷπον,
967 1611 1049 1662 ὅτι
1067 1610 1278 1675 Οὐδεὶς
1304 1611 1551 1665 δύναται
1584 1612 1819 1679 ἀφιέναι
1841 1612 2024 1679 ἀμαρ-

452 1694 602 1759 τίιις,
646 1695 697 1746 εί
740 1692 825 1761 μὴ
863 1694 1049 1760 μόνος
1096 1695 1129 1745 ό
1182 1693 1358 1758 Θεός·
1400 1694 1494 1747 καὶ
1545 1694 1750 1757 εὐθέως
1801 1695 2025 1764 ἐποίησε

451 1777 629 1841 τοῦτο,
656 1778 791 1846 ὅπερ
818 1776 1027 1845 ἔφησαν
1053 1769 1439 1846 εἶναισημεῖον
1477 1777 1636 1832 Θεοῦ.
1683 1778 1797 1831 Οὐκ
1833 1774 1901 1849 ἦν
1932 1775 2025 1833 οῦν

451 1858 623 1911 ταῦτα
654 1858 895 1926 ἀγνοίας.
937 1856 1045 1911 Ποῦ
1080 1858 1138 1911 δὲ
1172 1859 1201 1911 6
1248 1858 1459 1922 Παῦλος
1476 1855 1543 1929 ἦν
1566 1860 1727 1924 τότε;
1775 1862 1935 1924 Ἴσως
1960 1862 2025 1915 ἀν

460 1960 542 2006 τις
567 1942 732 1995 είποιο
770 1941 926 2011 Παρά
954 1941 1081 2003 τοὺς
1106 1940 1271 2004 πόδας
1308 1942 1611 2013 Γαμαλιὴλ,
1659 1944 1813 1998 οὐδὲν
1847 1946 2026 1999 κοινὸν

456 2024 597 2095 μετά
633 2024 740 2076 τῶν
766 2024 937 2093 ὄχλων
965 2024 1104 2094 ἔχων
1124 2024 1235 2078 τῶν
1267 2026 1722 2092 στασιαστῶνηύ
1754 2028 1811 2081 δὲ
1840 2028 2025 2098 Γαμα-

452 2107 574 2178 λιὴλ
597 2109 736 2178 ἁνήρ
765 2124 848 2168 τις
876 2103 946 2177 ἦν
966 2107 1026 2159 οὑ
1052 2107 1346 2177 φιλαρχίας
1374 2108 1558 2161 ἕνεκέν
1591 2127 1643 2163 τι
1680 2109 1869 2162 ποιῶν.
1905 2110 2027 2173 Πῶς

452 2188 545 2244 οὖν
576 2192 713 2260 μετά
734 2190 909 2244 ταῦτα
924 2190 1235 2263 εὑρίσκεται
1259 2190 1397 2261 μετά
1419 2192 1512 2245 τοῦ
1535 2192 1694 2262 όχλου
1718 2194 1747 2244 ὁ
1778 2193 1987 2252 Παῦλος
2010 2211 2024 2258 ;

465 2274 641 2343 Ἐώρα
661 2273 1025 2344 αὐξανόμενον
1046 2275 1108 2327 τὸ
1140 2274 1339 2344 δόγμα,
1375 2277 1471 2329 καὶ
1527 2276 1763 2346 κρατοῦν
1819 2277 2026 2342 λοιπὸν,

454 2357 548 2409 καὶ
568 2356 773 2418 πάντας
792 2356 990 2419 αὐτοὺς
1008 2355 1385 2426 πειθομένους.
1400 2356 1525 2411 Ἐπὶ
1550 2358 1647 2428 μὲν
1662 2360 1767 2429 γὰρ
1789 2360 1880 2411 τοῦ
1898 2361 2029 2430 Χρι-

454 2441 583 2494 στοῦ
603 2441 733 2495 ποτὲ
754 2442 851 2510 μὲν
886 2440 1036 2511 αὑτῷ
1066 2442 1354 2512 συνῄεσαν,
1392 2443 1525 2494 ποτε
1544 2442 1603 2495 δὲ
1636 2446 1747 2506 τοῖς
1772 2443 2028 2497 διδασκά-

454 2527 567 2587 λοις
587 2542 600 2555 ’
625 2526 714 2579 ὅτε
734 2525 792 2578 δὲ
820 2525 1000 2578 τέλεον
1040 2524 1535 2595 ἀπεσχοινίσθησαν
1557 2538 1606 2591 δ,
1645 2526 1766 2578 τότε
1821 2527 2026 2592 λοιπὸν,

453 2608 552 2678 οὑχ
579 2607 654 2670 ὡς
681 2608 731 2660 οἱ
777 2607 954 2659 λοιποὶ¹
997 2606 1291 2676 φιλαρχίας
1339 2606 1523 2659 ἕνεκεν
1568 2607 1843 2678 ἔπραττεν
1886 2608 2028 2680 ἅπερ

455 2692 743 2762 ἔπραττεν,
763 2690 899 2744 ἀλλά
921 2690 1105 2761 ζήλου.
1119 2690 1275 2753 Τίνος
1300 2690 1409 2761 γὰρ
1427 2690 1613 2742 ἕνεκεν
1646 2692 1723 2753 είς
1739 2690 2029 2760 Δαμασκὸν

455 2774 766 2845 ἐπορεύετο;
793 2775 986 2844 Δύμην
1006 2775 1068 2825 τὸ
1092 2775 1324 2845 πρᾶγμα
1350 2772 1587 2842 ἐνόμιζε,
1610 2772 1761 2844 [564]
1785 2775 1879 2827 καὶ
1911 2775 2027 2827 ἑδε-

457 2859 630 2912 δοίκει
649 2858 724 2927 μὴ
742 2856 1018 2925 πανταχοῦ
1035 2857 1251 2926 διαδοθῇ
1270 2857 1328 2910 τὸ
1344 2858 1624 2926 κήρυγμα.
1643 2860 1705 2910 Οἱ
1721 2858 1774 2910 δὲ
1790 2859 2028 2913 Ἰουδαιοι

455 2942 553 3009 οὑχ
570 2939 762 3000 οὕτως·
787 2939 847 2990 οὑ
868 2940 976 3009 γάρ
997 2939 1097 3009 τῆς
1117 2939 1449 3009 προστασίας
1462 2940 1567 2992 τῶν
1589 2941 1799 2993 πολλῶν
1823 2942 2027 3007 ἕνεκεν,

455 3024 592 3076 ἀλλὰ
620 3022 909 3091 φιλαρχίας
939 3021 1099 3091 χάριν
1130 3022 1307 3075 πάντα
1332 3023 1621 3090 ἔπραττον.
1656 3025 1797 3095 Ὅρα
1828 3026 1958 3093 γοῦν
1977 3027 2029 3078 τί

458 3122 654 3173 φασιν·
701 3104 978 3173 ’Δροῦσιν
1017 3104 1187 3173 ἡμῶν
1214 3105 1281 3157 τὸ
1307 3105 1482 3171 ἔθνος
1538 3106 1635 3159 καί
1671 3107 1786 3174 τὴν
1826 3110 2025 3162 πόλιν.

458 3189 617 3248 Ποῖος
648 3187 845 3250 αὐτοὺς
875 3186 1159 3240 κατέσεισε
1194 3186 1359 3255 φόϐος
1384 3204 1401 3253 ;
1435 3186 1797 3258 ἀνθρώπινος.
1826 3190 2031 3244 Ἐκεῖνο

456 3272 515 3325 δὲ
544 3270 692 3335 ἄξιον
725 3268 1000 3334 ἐξετάσαι,
1032 3269 1147 3333 πῶς
1172 3270 1407 3341 ἀκριϐὴς
1450 3269 1525 3323 ὣν
1554 3271 1685 3341 περὶ
1723 3272 1815 3324 τὸν
1842 3273 2026 3343 νόμον,

456 3354 608 3406 οὐδὲν
663 3352 836 3419 ἔγνω·
869 3352 1032 3415 αὐτὸς
1083 3352 1193 3422 γὰρ
1244 3348 1313 3423 ἦν
1346 3355 1374 3406 6
1401 3352 1595 3421 λέγων.
1632 3356 1692 3405 Ὃ
1736 3370 2030 3423 προεπηγ-

458 3437 694 3506 γείλατο
712 3434 809 3487 διὰ
827 3434 944 3487 τῶν
957 3433 1279 3503 προφητῶν
1300 3435 1635 3500 αὐτοῦ.Πῶς
1654 3431 1745 3489 οὖν
1764 3437 1863 3490 οὑκ
1885 3433 2030 3501 οἶδας

460 3520 709 3591 ζηλωτὴς
739 3518 1002 3589 ὑπάρχων
1033 3518 1127 3571 τοῦ
1171 3517 1427 3589 πατρῴου
1467 3519 1653 3590 νόμου,
1702 3518 1854 3591 παρά
1902 3521 2031 3585 τοὺς

460 3605 628 3665 πόδας
692 3602 1038 3672 Γαμαλιήλου
1096 3602 1530 3673 παιδευόμενος;
1585 3603 1703 3657 ἀλλ’
1744 3606 1927 3675 οἱμὲν
1972 3607 2029 3658 ὲν

460 3686 678 3756 λίμναις
708 3687 803 3738 καὶ
828 3687 1092 3755 ποταμοῖς
1109 3684 1477 3756 διατρίϐοντες
1504 3688 1599 3739 καὶ
1616 3687 1843 3741 τελῶναι
1865 3706 2030 3759 προσ-

462 3769 698 3839 έδραμον
728 3769 835 3837 καὶ,
857 3767 1128 3835 ἐδέξαντο,
1166 3770 1230 3821 σὺ
1261 3768 1320 3821 δὲ
1361 3768 1581 3834 διώκεις
1612 3772 1642 3822 6
1674 3772 2025 3841 νομομαθήςς

461 3854 561 3905 Διά
611 3852 768 3905 τοῦτο
820 3852 1226 3919 κατεγίνωσκεν
1262 3852 1479 3919 ἑαυτοῦ,
1527 3852 1722 3921 λέγων,
1759 3857 1880 3908 Οὑκ
1911 3857 2027 3925 εἰμὶ

462 3934 667 4000 ἱκανός
696 3934 1007 3989 καλεῖσθαι
1027 3935 1389 4002 ἀπόστολος·
1407 3936 1496 3991 διὰ
1508 3937 1669 3990 τοῦτο
1695 3937 1792 4007 τὴν
1811 3939 2029 4006 ἄγνοιαν

461 4017 735 4087 ὁμολογεῖ,
784 4017 853 4087 ἢν
902 4017 937 4086 ή
975 4017 1204 4070 ἀπιστία
1253 4018 1468 4072 ἔτικτε·
1523 4019 1613 4073 διά
1656 4019 1813 4072 τοῦτό
1866 4038 2029 4091 φησιν

462 4100 770 4170 ἐλεηθῆναι.
835 4100 899 4153 Τί
952 4102 1090 4162 ἐστι,
1144 4102 1368 4154 Πιστόν
1397 4118 1473 4169 με
1524 4102 2030 4170 ᾐγήσατο;οὑδὲν

461 4184 569 4236 τῶν
593 4183 940 4236 Δεσποτικῶν
972 4183 1253 4254 προεδίδου
1276 4201 1290 4215 υ
1335 4185 1512 4237 πάντα
1538 4184 1704 4236 αὑτοῦ
1733 4186 1917 4253 ἔλεγεν
1951 4184 2029 4240 εἷ·-

462 4285 573 4330 ναι,
624 4270 719 4320 καὶ⁹
765 4268 832 4320 τὰ
891 4268 1019 4322 ἴδια.
1055 4268 1169 4321 Οὐκ
1212 4268 1593 4338 ὲσφετερίζετο
1640 4269 1740 4338 τὴν
1768 4270 1862 4321 τοῦ
1893 4270 2027 4324 Θεοῦ

461 4351 638 4417 δόξαν.
684 4350 884 4404 ’Ἄκουε
948 4349 1057 4421 γὰρ
1109 4351 1272 4403 αὑτοῦ
1326 4352 1418 4404 καλ⁵
1473 4350 1707 4420 ἀλλαχοῦ
1750 4350 2028 4420 λέγοντοςν

466 4434 727 4502 Ἄνδρες,
771 4434 830 4487 τί
876 4434 1020 4504 ἡμῖν
1058 4432 1422 4501 προσέχετε;
1451 4432 1621 4502 ἡμεῖς
1659 4434 2031 4502 ὁμοιοπαθεῖς

461 4521 603 4586 ὑμῖν
623 4518 811 4587 ἐσμεν
842 4517 1156 4585 ἂνθρωποι.
1182 4516 1351 4570 Τοῦτό
1382 4518 1519 4584 ἐστι,
1543 4518 1767 4570 Πιστόν
1784 4535 1862 4586 με
1884 4519 2031 4587 ἡγή-

460 4621 631 4659 σατο.
672 4605 782 4657 Καὶ
832 4604 994 4657 πάλιν
1033 4603 1292 4673 ἀλλαχοῦ,
1339 4606 1783 4672 Περισσότερον
1835 4604 2033 4659 αὐτῶν

461 4686 702 4739 πάντων
743 4686 1069 4753 ἐκοπίασα,
1109 4687 1309 4756 φησίνο
1344 4688 1454 4741 οὐκ
1500 4687 1616 4756 ἐγὼ
1661 4686 1764 4755 δὲ,
1812 4690 1948 4743 ἀλλ’
1990 4692 2028 4759 ἡ

460 4768 634 4837 χάρις
660 4768 769 4822 τοῦ
806 4769 953 4822 Θεοῦ
1006 4770 1044 4836 ἡ
1098 4769 1221 4823 σὺν
1250 4770 1381 4838 ἐμοί
1401 4786 1415 4800 ·
1466 4772 1561 4824 καὶ
1588 4771 1842 4833 πάλιν,⁹0
1870 4774 2032 4841 ἐνερο

460 4850 583 4922 τῶν
604 4852 673 4905 ἐν
699 4850 844 4920 ἡμῖν
870 4851 969 4905 καὶ
998 4853 1067 4906 τὸ
1105 4853 1304 4907 θέλειν
1342 4853 1444 4907 καὶ
1489 4854 1556 4907 τὸ
1597 4855 1881 4926 ἐνεργεῖν,
1912 4858 2033 4912 Δει-

461 4951 651 4987 κνυσιν
701 4934 893 4987 ἑαυτὸν
941 4936 1005 4987 ἐκ
1044 4934 1236 4987 τούτου
1282 4936 1552 5005 τιμωρίας
1610 4938 1793 5003 ἄξιον
1850 4943 1880 4995 6
1922 4943 2031 5011 γὰρ

461 5016 609 5078 ἔλεος
637 5018 731 5069 ἐπὶ
753 5016 966 5079 τούτοις
995 5017 1222 5083 γίνεται.
1260 5019 1370 5070 Καὶ
1411 5020 1574 5073 πάλιν
1608 5022 1841 5091 ἀλλαχοῦ
1867 5041 2027 5094 φησιο

462 5100 743 5166 Πώρωσις
770 5099 891 5153 ἀπὸ
914 5098 1135 5167 μέρους
1158 5100 1238 5165 τῷ
1284 5100 1524 5168 Ἰσραὴλ
1564 5102 1826 5171 γέγονεν.
1868 5108 2029 5161 Ἀλλ’

461 5182 501 5248 ἠ
549 5179 723 5250 χάρις
762 5181 869 5235 τοῦ
919 5182 1101 5243 Θεοῦ,
1138 5183 1324 5251 φησὶν,
1368 5187 1855 5251 ὑπερεπλεόνασε
1880 5188 2032 5259 μετὰ

460 5264 721 5330 πίστεως
755 5262 853 5317 καὶ
883 5263 1119 5332 ἀγάπης
1155 5264 1268 5330 τῆς
1307 5265 1375 5318 ἐν
1428 5268 1660 5333 Χριστῷ
1697 5272 1920 5338 Ἰησοῦ.
1964 5272 2030 5327 Τί

462 5347 579 5399 ἐστι
629 5347 826 5412 τοῦτο;
864 5347 982 5400 Ἰνα
1018 5348 1093 5416 μὴ
1118 5348 1377 5413 ἀκούσας,
1433 5350 1750 5422 Ἠλεήθην,
1778 5356 2030 5409 τοσοῦτον

464 5428 623 5498 μόνον
651 5430 899 5502 νομίσῃς,
923 5428 1311 5499 Βλάσεοημος,
1344 5435 1531 5501 φησὶν,
1557 5435 1720 5503 ἢμην
1774 5439 1873 5491 καὶ
1902 5438 2032 5491 διώ-

461 5527 608 5577 κτης
655 5511 755 5563 καὶ
799 5512 1113 5580 ὑϐριστής·
1149 5514 1347 5567 οὐκοῦν
1384 5517 1479 5569 καὶ
1516 5519 1790 5582 κολάσεως
1840 5520 1987 5585 ἄξιος
2011 5538 2025 5553 ·

460 5592 576 5643 ἀλλ’
621 5594 721 5647 οὑκ
756 5594 1112 5667 ὲτιμωρήθην
1134 5611 1148 5626 ·
1181 5597 1417 5670 ἠλεήθην
1439 5601 1564 5671 γάρ.
1595 5597 1663 5654 *Α
1676 5604 1721 5671 ρ’
1753 5599 1846 5657 οὖν
1874 5606 2029 5658 τοῦτο

526 5800 553 5830 ⁸
576 5801 733 5865 Alius,
767 5806 1140 5870 ἀπεσχίσθησαν.

1157 338 1217 393 S.
1257 334 2063 395 JOANNIS'CHRYSOSTOMI
2099 333 2415 392 ARCIIIEP.
2455 334 2999 394 CONSTANTINOP.

3585 343 3687 399 518

2122 451 2307 522 μόνον,
2346 452 2440 505 καὶ⁹
2472 452 2632 523 μέχρι
2660 451 2852 505 τούτου
2888 452 3087 516 ὁὲλεος
3121 452 3217 507 τοῦ
3258 453 3334 524 μὴ
3374 452 3561 508 δοῦναι
3602 473 3685 509 τι-

2125 533 2358 603 μωρίαν;
2384 534 2672 605 Οὐδαμῶς,
2691 535 2825 589 ἀλλὰ
2848 536 2940 588 καὶ
2955 536 3116 605 ἔτερα
3142 536 3313 588 πολλὰ
3338 536 3433 589 καὶ
3457 537 3687 606 μεγάλα.

2122 618 2198 667 Οὐ
2232 616 2337 685 γὰρ
2361 617 2459 685 τῆς
2487 619 2877 687 ὲπηρτημένης
2897 618 3046 688 ἡμᾶς
3069 619 3225 687 δίκης
3250 619 3417 687 μόνης
3445 620 3689 687 ἀπήλλα-

2122 700 2213 765 ξεν
2241 702 2269 751 6
2289 699 2444 764 Θεὸς,
2474 701 2612 753 ἀλλὰ
2645 701 2741 754 καὶ
2768 701 3006 765 δικαίους
3031 702 3254 771 εποίησε
3293 704 3388 755 καὶ
3426 704 3574 766 υἱοὺς
3590 707 3688 758 καὶ

2122 781 2383 850 ἀδελφοὺς
2408 784 2502 835 καὶ
2522 784 2708 851 φίλους
2749 785 2844 837 καὶ
2876 784 3243 853 κληρονόμους
3265 786 3361 839 καὶ
3389 787 3691 857 συγκληρω

2122 865 2340 935 νόμους.
2380 866 2478 919 Διὰ
2504 866 2665 919 τοῦτό
2704 884 2887 937 φησιν,
2930 869 3480 935 ’Υπερεπλεόνασεν
3505 870 3542 936 ἡ
3583 870 3688 939 χά-

2115 965 2232 1015 ρις,
2255 948 2430 1017 δηλῶν
2456 950 2537 1002 ὅτι
2556 949 2798 1018 ὑπερέϐη
2822 949 3025 1003 καὶτὸν
3054 950 3200 1003 ἔλεόν
3224 951 3292 1003 τὰ
3311 950 3477 1021 δῶρα.
3505 940 3686 1005 Ταῦτα

2123 1030 2231 1101 γάρ
2257 1032 2357 1084 οὑκ
2378 1031 2653 1096 ἐλεοῦντός
2677 1033 2845 1097 ἐστιν,
2879 1032 3015 1086 ἀλλὰ
3044 1032 3345 1100 φιλοῦντος,
3370 1033 3462 1087 καὶ
3486 1035 3687 1105 σφόδρα

2123 1114 2470 1181 ἀγαπῶντος.
2523 1114 2708 1168 Εἰπὼν
2748 1116 2929 1169 τοίνυν
2981 1115 3151 1169 πολλὰ
3184 1116 3278 1169 καὶ
3312 1118 3522 1187 μεγάλα
3558 1119 3686 1187 περὶ

2122 1198 2220 1266 τῆς
2252 1197 2661 1268 φιλανθρωπίας
2689 1198 2783 1252 τοῦ
2811 1198 2966 1262 Θεοῦ,
2986 1200 3066 1251 ὅτι
3097 1197 3412 1269 βλάσφημον
3436 1199 3563 1253 ὄντα
3593 1201 3688 1253 καὶ

2125 1280 2389 1352 ὑϐριστὴν
2437 1282 2530 1334 καὶ
2595 1280 2832 1352 διώκτην
2881 1282 3111 1354 ἠλέησε,
3158 1283 3255 1335 καὶ
3303 1285 3385 1336 ὅτι
3418 1285 3479 1336 οὐ
3527 1284 3684 1355 μέχρι

2123 1363 2313 1415 τούτου
2333 1363 2461 1434 ἔστη
2495 1365 2674 1435 μόνον,
2695 1364 2830 1418 ἀλλά
2857 1366 2948 1418 καὶ
2971 1365 3221 1436 μεγάλων
3246 1366 3446 1436 ἑτέρων
3466 1368 3683 1436 ἠξίωσε,

2126 1446 2288 1499 πάλιν
2349 1448 2524 1500 ὲκεῖνο
2561 1448 2921 1515 ἀσφαλίζεται
2962 1448 3029 1503 τδ
3070 1449 3179 1500 τῶν
3217 1448 3481 1513 ἀπίστων,
3523 1450 3583 1502 τδ
3611 1450 3687 1522 μὴ

2126 1528 2301 1596 λέγειν
2330 1530 2410 1582 ὅτι
2458 1532 2491 1600 ή
2530 1532 2847 1602 προαίρεσις
2888 1533 3187 1603 ἀνήρηται·
3232 1532 3476 1601 ἐπήγαγε
3520 1531 3685 1599 γοῦν,

2126 1612 2288 1665 Μετὰ
2314 1615 2572 1680 πίστεως
2607 1615 2705 1668 καί
2742 1615 2980 1684 ἀγάπης
3010 1614 3119 1683 τῆς
3138 1616 3452 1684 ἑνΧριστῷ
3475 1617 3684 1682 Ἰησοῦ.

2127 1695 2392 1749 Τοσοῦτον
2444 1697 2630 1766 μόνον,
2674 1700 2861 1768 φησὶν,
2903 1698 3063 1767 ἡμεῖς
3117 1698 3538 1769 εἰσηνέγκαμεν·
3568 1702 3689 1753 ἐπι-

2129 1779 2457 1849 στεύσαμεν,
2481 1780 2803 1835 ὃτιδὺναται
2840 1784 2989 1852 ἡμᾶς
3027 1780 3220 1836 σῶσαι.

2196 1953 2267 2015 γ’.
2286 1948 2498 2018 Ἀγαπή
2508 1964 2690 2017 σωμεν
2709 1948 2885 2002 τοίνυν
2906 1947 3068 2003 αὐτὸν
3090 1947 3177 2002 διὰ
3196 1946 3290 2002 τοῦ
3333 1946 3593 2019 Χριστοῦ.
3624 1950 3690 2003 Τί

2127 2030 2242 2083 ἔστι
2270 2069 2284 2092 ,
2322 2030 2422 2083 Διά
2478 2029 2573 2082 τοῦ
2622 2030 2897 2101 Χριστοῦ;
2937 2031 3061 2084 ’Ότι
3109 2030 3269 2094 αὑτὸς
3321 2021 3690 2101 ἡμῖν’τούτου

2128 2112 2385 2184 πρόξενος
2416 2113 2636 2181 γέγονεν
2657 2158 2670 2179 ,
2705 2114 2802 2184 οὑχ
2848 2115 2876 2167 6
2915 2114 3098 2185 νόμος.
3137 2114 3297 2186 Ὁρᾷς
3330 2115 3492 2169 τίνων
3539 2116 3637 2187 μὲν
3664 2120 3693 2171 6

2127 2194 2360 2265 Χριστὸς
2387 2194 2557 2258 αἴτιος
2590 2197 2720 2266 ἡμῖν
2751 2196 2977 2264 γέγονεν
3004 2196 3248 2265 ἀγαθῶν,
3285 2198 3446 2251 τίνων
3472 2199 3528 2252 δὲ
3554 2201 3581 2251 6
3604 2200 3692 2255 v6-

2131 2295 2229 2347 μος
2244 2275 2392 2347 [565]
2415 2294 2429 2342 ;
2454 2278 2559 2329 Καὶ
2580 2279 2677 2347 οὑχ
2704 2278 2887 2341 ἀπλῶς
2903 2274 3076 2342 εἶπεν,
3094 2279 3491 2350 Ἑπλεόνασενή
3514 2281 3690 2351 χάρις,

2127 2359 2241 2413 ἀλλ’
2279 2359 2814 2426 Ὗπερεπλεόνασε.
2847 2359 2956 2412 Καὶ
2982 2359 3091 2430 γὰρ
3144 2360 3312 2425 ὅντως
3365 2361 3680 2432 ὑπερεπλεό

2128 2458 2279 2504 νασε,
2300 2441 2427 2504 τοὺς
2457 2441 2667 2511 μυρίων
2695 2441 2968 2495 κολάσεων
3005 2442 3211 2507 ἀξίους,
3232 2440 3453 2506 τούτους
3481 2444 3558 2505 εἰς
3583 2444 3693 2495 uio-

2130 2522 2315 2576 θεσίαν
2341 2522 2621 2592 ἀγαγοῦσα
2668 2523 2944 2595 ἐξαίφνης.
2989 2525 3118 2578 Ἰδοὺ
3157 2524 3317 2579 πάλιν
3363 2524 3445 2591 τὸ,
3490 2527 3567 2591 ἐν,
3606 2525 3692 2579 διὰ

2129 2606 2276 2659 ἐστίν
2294 2622 2311 2636 ο
2340 2606 2399 2658 οὑ
2428 2607 2536 2675 γάρ
2567 2604 2802 2668 πίστεως
2825 2606 2908 2658 δεῖ
2936 2605 3116 2676 μόνον,
3146 2607 3284 2661 ἀλλά
3312 2608 3405 2662 κα)⁵
3430 2609 3648 2677 ἀγάπης
3670 2623 3688 2641 ’

2129 2686 2252 2739 ἐπεὶ
2306 2687 2489 2740 ’πολλοὶ¹
2535 2688 2631 2740 καὶ
2673 2687 2768 2741 νῦν
2799 2689 2957 2753 εἰσιν,
2988 2689 3069 2741 ὅτι
3098 2688 3195 2757 μέν
3221 2691 3368 2742 ἐστιν
3400 2689 3428 2741 6
3458 2690 3689 2760 Χριστὸς

2129 2767 2261 2832 Θεὸς
2292 2768 2659 2835 πιστεύοντες,
2698 2770 2799 2821 οὑκ
2827 2770 3149 2833 ἀγαπῶντες
3174 2770 3230 2824 δὲ
3256 2771 3436 2835 αὑτὸν,
3467 2772 3588 2824 οὐδὲ
3620 2772 3690 2825 τὰ

2128 2850 2237 2903 τῶν
2271 2851 2565 2920 φιλούντων
2606 2852 2935 2923 πράσσοντες
2957 2865 2972 2881 ⁸
3024 2850 3141 2915 πῶς
3176 2852 3306 2923 γάρ,
3358 2853 3483 2906 ὅταν
3515 2854 3689 2907 πάντα

2129 2934 2292 2987 αὑτοῦ
2350 2933 2680 3005 προτιμῶσι,
2736 2936 3016 3005 χρήματα,
3052 2937 3286 3004 γένεσιν,
3333 2935 3684 3007 εἱμαρμένην,

2130 3017 2531 3087 παρατήρησιν,
2570 3015 2979 3086 κλῃδονισμοὺς,
3018 3016 3382 3087 οἰωνισμούς;
3416 3018 3582 3071 Ὅταν
3630 3018 3687 3071 δὲ

2130 3100 2209 3162 εἰς
2247 3098 2402 3168 ὓϐριν
2445 3098 2610 3151 αὑτοῦ
2646 3098 2849 3167 ζῶμεν,
2894 3100 3015 3151 είπέ
3063 3116 3175 3169 μοι,
3215 3099 3343 3153 ποία
3377 3100 3692 3170 ἀγάπη;Ετ

2128 3198 2212 3244 τις
2242 3181 2353 3250 ἔχει
2384 3180 2536 3248 φίλον
2581 3180 2782 3250 θερμὸν
2821 3181 2915 3232 καὶ
2941 3179 3225 3250 διάπυρον,
3273 3182 3375 3235 κᾶν
3409 3181 3550 3236 οὕτω
3595 3202 3687 3253 φι-

2129 3263 2290 3317 λείτω
2351 3264 2443 3315 τὸν
2494 3264 2765 3333 Χριστόν·
2814 3263 2919 3316 κᾶν
2966 3261 3108 3317 οὕτω
3146 3262 3368 3332 φιλείτω
3401 3265 3493 3317 τὸν
3552 3266 3689 3335 ὑπερ

2127 3349 2238 3403 τῶν
2309 3348 2518 3419 ἐχθρῶν
2585 3348 2677 3401 τὸν
2732 3348 2859 3401 Υἱὸν
2924 3349 3089 3402 αὑτοῦ
3158 3349 3426 3403 δεδωκότα
3462 3390 3479 3412 ,
3540 3351 3690 3403 οὐδὲν

2129 3432 2284 3502 ἡμῶν
2351 3430 2813 3503 κατωρθωκότων.
2867 3432 2933 3483 Τί
2981 3431 3162 3500 λέγω,
3210 3432 3688 3505 κατωρθωκότων;

2132 3514 2341 3586 μεγάλα
2385 3515 2479 3583 μὲν
2536 3510 2628 3565 οὖν
2678 3514 3070 3583 ἐργασαμένων
3115 3515 3279 3581 κακὰ,
3311 3516 3406 3568 καὶ
3434 3516 3691 3585 τετολμη-

2130 3601 2301 3650 κότων
2363 3597 2642 3666 ἀτόλμητα
2697 3596 2811 3648 ἀντ’
2867 3597 3097 3660 οὐδενός.
3162 3598 3272 3651 Καὶ
3334 3599 3363 3650 6
3419 3597 3517 3667 μὲν
3553 3600 3692 3667 μετᾶ

2129 3682 2228 3745 τὰς
2261 3681 2459 3751 μυρίας
2496 3679 2817 3749 εὐεργεσίας
2851 3680 2944 3732 καὶ
2992 3681 3319 3752 κηδεμονίας
3359 3681 3481 3733 οὑδὲ
3522 3680 3691 3743 οὕτως

2131 3766 2371 3836 ἔρριψεν,
2421 3763 2555 3817 ἀλλὰ
2606 3763 2725 3815 τότε
2773 3763 3005 3832 μάλιστα
3049 3766 3142 3816 τὸν
3181 3764 3308 3817 Υίὸν
3339 3764 3565 3828 ἔδωκεν,
3600 3763 3690 3815 ὅτε

2134 3848 2352 3917 μείζονα
2378 3846 2714 3917 ἠδικήσαμεν
2738 3861 2750 3874 ·
2787 3847 2948 3916 ἡμεῖς
2974 3845 3030 3897 δὲ
3058 3845 3194 3915 μετὰ
3221 3845 3283 3899 τό
3310 3845 3574 3900 τοσούτων
3599 3863 3690 3899 τυ-

2132 3933 2266 3999 χεῖν,
2305 3930 2444 3999 μετὰ
2480 3929 2540 3980 τὸ
2589 3926 2839 3996 γενέσθαι
2880 3927 3040 3997 φίλοι,
3083 3928 3223 3997 μετὰ
3253 3928 3315 3980 τὸ
3344 3929 3559 3981 πάντων
3586 3928 3692 3981 τῶν

2131 4012 2351 4082 ἀγαθῶν
2376 4012 2669 4081 ἀξιωθῆναι
2698 4012 2765 4063 δι’
2802 4010 2990 4078 αὑτοῦ,
3024 4011 3144 4062 οὐδὲ
3170 4012 3243 4074 ώς
3280 4011 3431 4079 φίλον
3472 4015 3691 4082 ἠγαπή-

2135 4112 2328 4165 σαμεν.
2373 4096 2483 4147 Καὶ
2525 4096 2608 4155 τίς
2639 4095 2771 4163 ἡμῖν
2799 4093 2951 4145 ἔσται
2988 4093 3178 4159 ἐλπίς;
3233 4096 3386 4165 Τάχα
3442 4098 3693 4167 φρίττετε

2133 4175 2268 4245 πρὸς
2287 4175 2348 4226 τὸ
2376 4174 2527 4244 ρἧα
2547 4190 2559 4201 ·
2575 4172 2688 4224 ἀλλ’
2709 4171 2820 4224 εἴθε
2837 4172 2971 4242 πρὸς
2985 4173 3054 4224 τὰ
3078 4174 3398 4244 πράγματα.
3427 4177 3535 4229 Καὶ
3556 4176 3693 4242 πῶς,

2132 4257 2318 4329 φησὶν,
2334 4256 2454 4310 οὐδὲ
2480 4255 2555 4318 ώς
2583 4257 2709 4318 τοὺς
2729 4255 2912 4325 φίλους
2932 4256 3073 4309 οὕτω
3105 4258 3407 4329 φιλήσομεν
3432 4260 3526 4313 τὸν
3542 4260 3691 4327 Θέον;

2131 4340 2289 4407 Πῶς;
2316 4338 2424 4408 ἐγὼ
2453 4338 2782 4410 πειράσομαι
2808 4337 2997 4405 δεῖξαν
3036 4342 3131 4393 καὶ
3160 4340 3386 4413 εῠχομαι
3411 4344 3506 4414 μὲν
3533 4344 3696 4414 μηδὲν

2130 4424 2279 4490 δόξαι
2325 4422 2524 4489 λέγειν,
2563 4423 2699 4476 ἀλλὰ
2739 4422 2924 4495 ληρεῖν
2962 4441 2977 4456 ο
3021 4424 3294 4497 φοϐοῦμαι
3341 4426 3398 4480 δὲ
3442 4426 3516 4498 μὴ
3557 4428 3696 4481 κατά

2131 4506 2472 4576 πραγμάτων
2564 4506 2633 4558 τὰ
2662 4506 2928 4575 λεγόμενα
2954 4506 3193 4578 ῥήματα.
3224 4510 3423 4563 Σκόπει
3442 4511 3499 4563 δέ
3519 4527 3532 4540 ο
3558 4511 3695 4582 ὑπὲρ

2132 4590 2323 4658 φίλων,
2364 4588 2475 4641 τῶν
2498 4590 2666 4652 ὅντως
2707 4589 2895 4658 φίλων,
2921 4589 3103 4642 πολλοὶ
3127 4591 3219 4644 καὶ
3250 4592 3590 4662 ζημιωθῆναι
3622 4594 3698 4646 εἴ·

2131 4672 2283 4724 λοντο
2313 4670 2571 4733 πολλάκις
2590 4687 2604 4700 ο
2637 4671 2730 4723 τοῦ
2756 4671 2813 4724 δὲ
2843 4672 3080 4741 Χριστοῦ
3119 4673 3301 4727 ἕνεκεν
3328 4675 3389 4726 οὑ
3421 4677 3580 4744 μόνον
3597 4674 3696 4745 ζη-

2135 4755 2425 4824 μιωθῆναι,
2442 4754 2575 4806 ἀλλὰ
2601 4756 2712 4817 τοῖς
2739 4751 2887 4807 οὖσιν
2924 4755 3398 4825 ἀρκεῖσθαιούδεὶς
3423 4758 3694 4829 ἀνέχεται.

2141 4837 2316 4906 ’Υπὲρ
2354 4837 2511 4904 φίλου
2554 4836 2815 4900 πολλάκις
2864 4838 2959 4890 καὶ
2988 4838 3344 4911 ὑϐρίσθημεν,
3371 4842 3465 4895 καὶ
3495 4842 3695 4913 ἔχθρας

2131 4922 2526 4993 ἀνεδεξάμεθα*
2558 4922 2646 4974 διὰ
2674 4921 2730 4974 δὲ
2747 4923 2840 4975 τὸν
2869 4924 3103 4991 Χριστὸν
3126 4924 3299 4988 οὐδεὶς
3333 4925 3532 4996 ἔχθραν
3560 4928 3694 4979 ἀνα-

2130 5004 2378 5075 δέχεται,
2423 5004 2539 5058 ἀλλ’
2581 5004 2704 5074 εἰκῆ
2724 5012 2758 5069 ,1
2793 5006 2945 5075 φησὶ,
2998 5006 3183 5074 φιλοῦ,
3228 5007 3349 5078 είκῆ
3397 5011 3472 5078 μή
3513 5010 3692 5079 μισοῦ.

2133 5087 2235 5141 Τὸν
2258 5088 2411 5157 φίλον
2439 5087 2773 5157 λιμώττοντα
2799 5088 3052 5141 οὐδέποτε
3084 5090 3455 5161 περιοψόμεθα
3478 5109 3492 5122 ·
3526 5092 3616 5145 τὸν
3638 5092 3695 5145 δὲ

2130 5172 2366 5242 Χριστὸν
2397 5170 2518 5223 καθ’
2546 5170 2762 5241 ἡμέραν
2787 5173 2918 5242 ἡμῖν
2946 5173 3238 5242 προσιόντα
3265 5175 3363 5243 οὑχ
3392 5174 3533 5245 ὑπέρ
3552 5192 3697 5238 τινος

2133 5254 2386 5323 μεγάλου,
2418 5253 2532 5306 ἀλλ’
2566 5254 2704 5324 ὑπὲρ
2734 5254 2898 5324 ἄρτου
2935 5256 3094 5325 μόνου
3112 5266 3164 5318 b,
3194 5256 3313 5331 οὐδὲ
3337 5258 3692 5328 προσιέμεθα,

2131 5337 2228 5389 καὶ
2266 5337 2438 5389 ταῦτα
2497 5337 2849 5407 ἐρευγόμενοι
2882 5337 3162 5405 δυσωδίας,
3199 5342 3292 5393 καὶ
3328 5339 3694 5410 διασπώμενοι

2130 5420 2224 5473 καὶ
2249 5418 2686 5490 γαστριζόμενοι,
2708 5423 2804 5473 καὶ
2838 5420 2928 5473 τὸν
2958 5422 3203 5490 χθεσινὸν
3227 5417 3369 5476 οῖνον
3401 5423 3696 5476 ἀποπνέον-

2129 5519 2242 5569 τες,
2260 5506 2356 5557 καὶ
2383 5504 2717 5574 τρυφῶντες,
2747 5505 2843 5558 καὶ
2875 5506 2923 5558 οί
2950 5506 3049 5576 μὲν
3094 5505 3321 5576 πόρναις
3347 5505 3606 5572 διδόντες,
3644 5506 3695 5559 οι

2191 5763 2220 5802 b
2249 5760 2329 5809 Sic
2351 5773 2413 5809 ex
2456 5759 2752 5810 Cnlhertinis
2790 5773 2917 5810 unus
2956 5762 3109 5810 recte;
3152 5758 3306 5821 Edm,
3330 5759 3436 5809 ἀλλ’
3460 5760 3564 5811 οὐδ’
3581 5759 3698 5821 ὑπὲρ

2136 5823 2277 5882 ἄρτου
2300 5824 2461 5879 μόνον,
2486 5826 2631 5872 male.
