4090 6396
340 301 437 358 Sl'l

339 415 657 486 consequuti
685 413 842 469 sunt?
859 410 992 481 Quia
1009 426 1114 468 non
1131 425 1197 467 ex
1220 409 1542 482 ignorantia,
1562 409 1655 464 sed
1673 419 1727 465 et
1742 410 1915 464 scien-

343 520 423 564 tes
441 520 497 563 ct
520 523 632 563 rem
663 516 841 559 notam
872 503 1131 558 habentes
1166 502 1251 557 illa
1282 503 1547 557 fecerunt.
1580 500 1646 555 Et
1668 509 1725 554 ut
1744 500 1795 554 id
1820 514 1912 555 ac-

340 613 528 656 curate
554 600 750 664 discas,
779 598 903 653 audi
927 596 1308 667 evangelistam
1336 595 1601 650 dicentem
1625 613 1639 648 :
1672 592 1827 649 Multi
1852 609 1916 648 es

346 693 621 748 Plutristeis
643 706 690 746 et
716 691 914 744 Judteis
939 689 1204 744 credebant
1230 689 1454 758 quidem,
1479 704 1580 742 non
1606 688 1915 756 conﬁteban-

348 800 433 842 tur
470 798 658 841 autem.
692 786 991 839 Dilexerunt
1018 782 1152 836 enim
1189 781 1405 852 gloriam
1443 780 1701 834 hominum
1730 780 1912 849 magis,

339 894 491 947 quam
511 877 725 948 gloriam
759 874 850 929 Dei
877 873 1056 942 (Joan.
1091 870 1177 927 12.
1200 871 1290 926 49..
1318 871 1433 942 45).
1453 870 1520 925 Et
1544 871 1733 925 iterum
1761 868 1917 924 Chri-

343 980 457 1025 stus
485 970 646 1024 dicit:
676 966 942 1033 Quomodo
990 966 1197 1036 potestis
1221 964 1446 1029 credere,
1478 963 1696 1034 gloriam
1738 964 1807 1016 ad
1833 964 1912 1017 in-

338 1064 495 1116 vicem
522 1060 859 1130 inquirentes;
900 1067 954 1112 et
991 1072 1228 1123 rursum,
1264 1054 1390 1110 Haec
1425 1056 1684 1117 dixerunt,
1718 1055 1908 1124 inquit,

337 1161 571 1220 parentes
594 1151 713 1207 croci
740 1159 943 1219 prapter
968 1147 1180 1202 .ludteos
1208 1163 1271 1201 ne
1295 1155 1436 1201 extra
1460 1163 1771 1218 synagogam
1814 1148 1908 1215 lie.

338 1252 468 1297 rent.
499 1241 600 1311 Ipsi
623 1256 832 1311 quoque
856 1239 1026 1295 Judtei
1058 1253 1243 1295 rursus
1270 1239 1539 1305 dicebant,
1579 1237 1768 1292 Videtis
1786 1239 1905 1311 quia

338 1335 467 1387 nihil
511 1332 838 1404 proficimus?
877 1348 991 1386 ecce
1031 1331 1249 1385 mundus
1276 1341 1408 1385 totus
1447 1340 1558 1400 post
1598 1331 1743 1385 illum
1776 1333 1913 1386 vadit

337 1426 358 1497 (
384 1426 470 1479 Id.
498 1427 554 1481 5.
583 1427 675 1481 44.
701 1436 749 1478 εί
768 1425 821 1480 9.
850 1424 941 1478 Ἡ.
984 1432 1033 1477 et
1076 1422 1163 1478 12.
1195 1422 1259 1478 19
1285 1424 1325 1491 ).
1373 1422 1581 1492 Ubique
1617 1424 1760 1477 enim
1787 1424 1907 1478 illos

336 1518 647 1572 dominandi
687 1517 908 1571 ambitio
935 1516 1204 1571 movebat.
1236 1517 1391 1586 Atqui
1416 1516 1489 1569 illi
1515 1516 1613 1586 ipsi
1635 1516 1906 1579 dicebant,

338 1608 504 1662 Nemo
530 1618 691 1678 potest
716 1608 966 1661 dimittere
986 1618 1209 1678 peccata,
1234 1607 1331 1660 nisi
1351 1606 1489 1660 solus
1513 1605 1650 1660 Deus
1671 1605 1819 1673 (Luc.
1850 1607 1905 1662 5.

332 1701 424 1770 21)
450 1718 462 1752 :
495 1700 805 1770 statimque,
834 1699 973 1769 quod
997 1698 1206 1768 signum
1236 1698 1330 1753 Dei
1360 1712 1481 1753 esse
1517 1699 1787 1763 dixerant,
1817 1699 1905 1754 ille

334 1793 476 1848 fecit.
508 1792 623 1847 Non
651 1802 769 1846 erat
791 1806 922 1861 ergo
952 1790 1006 1845 id
1050 1806 1120 1847 ex
1167 1791 1489 1861 ignorantia.
1522 1792 1749 1848 Ubinam
1778 1809 1907 1849 vero

331 1894 458 1938 tunc
480 1883 674 1939 Paulus
690 1884 840 1938 erat?
859 1883 1111 1939 Fortasse
1131 1884 1328 1939 dixerit
1342 1885 1629 1955 quispiam,
1654 1886 1721 1941 ad
1744 1887 1907 1956 pedes

329 1976 661 2040 Gamalielis.
693 1978 782 2048 qui
811 1976 942 2031 nihil
968 1992 1253 2032 commune
1275 1976 1508 2033 habebat
1532 1993 1653 2033 cum
1679 1979 1903 2035 seditio-

328 2069 405 2123 sis
427 2068 529 2123 illis
556 2068 760 2123 turbis:
791 2062 1048 2123 Gamaliel
1071 2077 1250 2123 autem
1273 2069 1393 2123 talis
1413 2070 1497 2124 vir
1521 2079 1656 2135 erat,
1680 2072 1769 2143 qui
1790 2087 1903 2126 am-

330 2160 545 2215 bitionis
590 2176 747 2215 causa
794 2160 925 2214 nihil
971 2172 1169 2231 ageret.
1214 2161 1494 2230 Quomodo
1537 2179 1667 2235 ergo
1718 2175 1902 2234 postea

331 2250 527 2307 Paulus
556 2268 678 2307 cum
710 2252 879 2308 turbis
906 2252 1208 2308 invenitur?
1237 2254 1464 2310 Videbat
1487 2256 1575 2311 ille
1595 2257 1786 2327 dogma
1802 2273 1901 2313 au-

326 2345 439 2414 geri
483 2353 539 2399 et
580 2345 846 2412 obtinere,
880 2360 1173 2417 omnesque
1218 2347 1330 2403 fere
1373 2348 1473 2418 ipsi
1504 2350 1898 2420 obtemperare.

324 2434 541 2491 Christo
561 2435 704 2492 enim
735 2436 947 2493 vivente
973 2437 1258 2507 aliquando
1284 2438 1480 2508 ipsum,
1503 2440 1785 2509 aliquando
1806 2441 1900 2496 do-

324 2534 506 2581 ctores
532 2526 794 2581 adibant:
836 2542 956 2583 cum
1004 2538 1179 2585 autem
1230 2530 1443 2599 penitus
1485 2534 1714 2601 separati
1750 2544 1893 2600 sunt,

325 2626 452 2674 tunc
482 2634 586 2674 non
617 2620 929 2686 ambitione,
975 2631 1033 2677 ut
1074 2624 1275 2686 cmteri,
1321 2623 1418 2678 sed
1464 2624 1581 2679 zelo
1612 2637 1785 2682 motus
1812 2628 1895 2681 illa

322 2709 533 2779 agebat.
556 2710 665 2765 Cur
694 2713 837 2767 enim
869 2713 1183 2768 Damascum
1216 2714 1360 2769 ibat?
1381 2715 1675 2771 Perniciem
1705 2735 1894 2788 quam-

323 2799 445 2854 dam
477 2801 775 2857 doctrinam
810 2804 953 2859 illam
983 2821 1104 2861 esse
1150 2808 1391 2876 putabat,
1426 2812 1800 2881 metuebatque
1831 2828 1898 2867 ne

328 2892 637 2962 prardicatio
685 2895 880 2966 ubique
914 2897 1320 2953 extenderetur.
1361 2899 1533 2955 Judazi
1571 2911 1746 2957 autem
1790 2918 1896 2958 nou

326 2984 561 3040 sic:non
602 2988 742 3041 enim
777 3001 835 3043 ut
861 2991 1042 3045 multis
1087 2994 1565 3061 patrocinarentur,
1605 2995 1699 3050 sed
1725 2997 1897 3052 ambi-

321 3075 482 3130 tionis
501 3093 661 3131 causa
684 3081 861 3133 onmia
889 3082 1178 3137 faciebant.
1212 3084 1342 3140 Vide
1366 3101 1494 3157 ergo
1522 3089 1647 3157 quid
1678 3090 1892 3147 dicant:

322 3165 521 3221 Tollent
550 3179 776 3224 nostram
802 3182 997 3242 gentem
1028 3184 1074 3227 et
1100 3174 1275 3230 urbem
1305 3176 1489 3246 (Joan.
1524 3180 1611 3233 11.
1644 3181 1756 3251 48).
1778 3182 1898 3250 Qui-

318 3272 442 3309 nam
475 3258 594 3313 illos
622 3260 781 3314 timor
808 3262 1145 3319 incessebat?
1176 3266 1463 3323 humanus.
1494 3272 1756 3340 AppOsite
1796 3290 1895 3330 au-

320 3356 424 3400 tem
453 3360 739 3417 qttutratur,
766 3354 1036 3420 quomodo
1062 3370 1183 3410 cum
1210 3367 1458 3415 accurate
1484 3361 1659 3431 legem
1692 3376 1893 3431 nosset,

320 3438 450 3491 nihil
485 3451 660 3494 tamen
692 3442 892 3497 sciret:
920 3444 1032 3512 ipse
1076 3461 1307 3517 namque
1332 3458 1416 3504 est
1443 3451 1532 3520 qui
1563 3452 1713 3519 dicit,
1744 3453 1893 3519 Quod

316 3541 434 3584 ante
461 3533 768 3601 promiserat
792 3551 882 3604 per
906 3536 1182 3607 prapltetas
1210 3556 1329 3593 suos
1352 3540 1527 3610 (Rom.
1555 3543 1613 3598 1.’
1638 3544 1716 3614 2).
1746 3546 1895 3612 Quo-

316 3624 479 3677 modo
504 3641 631 3696 ergo
658 3628 892 3697 ignoras,
921 3643 1042 3683 cum
1074 3641 1308 3699 paterna:
1334 3633 1466 3703 legis
1490 3637 1770 3692 aemulator
1796 3639 1891 3703 sis,

316 3725 372 3769 et
391 3715 455 3770 ad
486 3716 648 3785 pedes
677 3716 990 3774 Gamalielis
1016 3721 1290 3777 institutus
1316 3724 1480 3780 fueris
1507 3726 1643 3795 (Act.
1668 3728 1760 3781 22.
1792 3730 1893 3800 5)?

316 3807 410 3862 sed
436 3806 471 3861 ii
498 3809 588 3878 qui
629 3808 683 3863 in
705 3811 908 3879 stagnis
934 3821 989 3865 et
1017 3811 1197 3867 ﬂuviis
1228 3816 1602 3884 versabantur,
1632 3828 1684 3873 et
1712 3821 1889 3890 publi-

315 3899 436 3953 cani
461 3913 810 3955 accurrerunt
839 3912 896 3956 et
919 3915 1294 3973 susceperunt,
1336 3916 1391 3961 tu
1423 3921 1553 3962 vero
1581 3908 1714 3979 legis
1750 3913 1893 3981 peri-

317 3998 405 4043 tus
452 3992 824 4062 persequeris?
871 3993 994 4049 ldeo
1033 3996 1267 4065 seipsum
1295 3997 1512 4053 damnat
1532 3998 1738 4067 dicens,
1769 4000 1890 4058 Non

316 4097 430 4134 sunt
455 4081 640 4152 dignus
655 4086 825 4137 vocari
843 4087 1104 4155 apostolus
1122 4088 1168 4158 (1
1184 4126 1198 4141 .
1221 4087 1342 4143 Cor.
1372 4092 1461 4146 15.
1487 4091 1542 4162 9)
1566 4111 1579 4146 :
1604 4093 1725 4149 ideo
1746 4096 1893 4165 igno-

319 4175 544 4230 rantiam
570 4178 876 4242 conﬁtetur,
898 4195 1059 4249 quam
1076 4181 1419 4239 incredulitas
1433 4196 1748 4256 pepererat:
1772 4188 1892 4245 ideo

319 4267 395 4319 ait
440 4282 499 4321 se
541 4268 964 4325 misericordiam
996 4285 1389 4342 consequutum
1416 4290 1557 4333 esse.
1611 4277 1748 4345 Quid
1788 4281 1891 4338 sibi

316 4358 429 4411 vult
457 4357 609 4425 illud,
653 4358 884 4415 Fidelem
923 4379 1002 4417 me
1040 4366 1382 4423 existimavit?
1404 4368 1544 4424 Nihil
1573 4385 1638 4425 ex
1676 4372 1743 4426 iis
1770 4388 1891 4443 qua:

318 4448 531 4503 Domini
561 4459 717 4505 erant
755 4452 1019 4522 prodidit;
1061 4457 1239 4511 omnia
1284 4459 1454 4529 ipsius
1492 4476 1615 4517 esse
1655 4462 1889 4531 dicebat,

316 4546 710 4613 ctiamque‘sua
741 4548 989 4617 propria;
1024 4566 1123 4605 nec
1162 4552 1263 4607 sibi
1293 4553 1559 4610 tribuebat
1586 4571 1649 4612 ea
1675 4573 1794 4627 qua:
1820 4558 1889 4614 ad

317 4635 409 4689 llci
438 4635 662 4705 gloriam
694 4639 1042 4707 pertinerent.
1070 4643 1208 4698 Audi
1236 4645 1379 4700 enim
1420 4646 1570 4703 illum
1597 4649 1723 4706 alibi
1750 4668 1887 4723 quo-

313 4743 417 4797 que
432 4728 696 4783 dicentem
719 4748 732 4783 :
766 4729 892 4796 Viri,
917 4733 1038 4801 quid
1053 4733 1195 4789 nobis
1212 4737 1468 4792 attenditis
1481 4740 1507 4793 ?
1530 4756 1621 4795 nos
1643 4743 1774 4795 enim
1791 4744 1886 4798 Ito-

314 4820 472 4873 mines
500 4837 668 4875 sumus
694 4821 879 4876 similes
900 4825 1036 4879 vobis
1054 4827 1311 4895 passibiles
1338 4830 1475 4899 (Act.
1514 4834 1602 4887 M.
1626 4836 1714 4903 14)
1740 4852 1753 4887 :
1786 4836 1885 4892 hoc

312 4920 416 4974 est,
445 4909 671 4965 Fidelem
698 4929 775 4968 me
793 4916 1114 4971 existimavit.
1144 4918 1214 4973 Et
1236 4935 1420 4976 rursus
1438 4922 1584 4989 alibi,
1608 4924 1879 4981 Abundano

314 5001 415 5055 tius
441 5002 544 5057 illis
569 5004 797 5058 omnibus
822 5005 1067 5074 laboravi,
1101 5009 1294 5079 inquit,
1341 5028 1442 5066 non
1466 5030 1577 5085 ego,
1606 5017 1696 5069 sed
1718 5020 1885 5087 gratia

312 5094 411 5147 Dei
427 5112 621 5149 mecum
649 5095 731 5167 (1.
764 5097 881 5152 Cor.
910 5098 1144 5172 15.10);
1177 5112 1232 5157 et
1261 5119 1464 5172 rursus,
1507 5107 1608 5174 Qui
1643 5120 1889 5177 operatur

311 5185 365 5239 in
412 5186 553 5240 nobis
603 5196 649 5240 et
699 5188 822 5242 velle
858 5198 906 5243 et
958 5193 1197 5261 perﬁcere
1235 5194 1491 5268 (Philipp.
1523 5198 1576 5251 2.
1612 5200 1723 5272 I3).
1750 5202 1888 5259 Ilinc

311 5277 545 5333 ostendit
566 5293 625 5333 se
648 5280 922 5350 supplicio
948 5281 1164 5351 dignum
1187 5303 1201 5338 :
1229 5287 1595 5345 misericordia
1616 5293 1758 5347 enim
1785 5293 1884 5348 hu‘

307 5366 541 5437 jusmodi
580 5370 885 5427 hominibus
907 5375 1239 5431 conceditur.
1268 5379 1337 5433 Et
1366 5396 1555 5438 rursus
1596 5385 1724 5440 alibi
1755 5388 1836 5441 ait
1868 5405 1883 5442 :

310 5461 519 5516 Caecitas
539 5480 601 5517 ea:
626 5474 767 5534 parte
791 5465 843 5519 in
868 5465 1034 5522 Israel
1056 5472 1283 5543 contigit.
1322 5475 1428 5528 Sed
1448 5478 1624 5547 gratia
1652 5478 1767 5548 Dei,
1802 5481 1885 5536 in-

310 5554 442 5619 quit,
471 5555 894 5625 superabundavit
913 5575 1027 5612 cum
1051 5561 1155 5629 [ide
1193 5573 1242 5617 et
1270 5564 1557 5632 dilectione,
1585 5585 1699 5638 quis
1732 5581 1806 5625 est
1830 5573 1882 5626 in

313 5643 511 5699 Christo
550 5646 673 5701 Jesu
720 5648 895 5719 (Rom.
945 5652 1032 5706 11.
1060 5652 1177 5723 25).
1225 5654 1363 5723 Quid
1393 5668 1480 5713 est
1510 5660 1651 5716 hoc?
1678 5662 1755 5718 Ne
1783 5680 1885 5719 au-

313 5734 484 5804 diens,
512 5737 906 5795 Misericordiam
925 5754 1257 5814 consequutus
1281 5765 1412 5813 sum,
1442 5752 1542 5805 hoc
1571 5761 1772 5810 tantum
1790 5775 1879 5815 ac-

619 5848 883 5909 ΡΑτιιοι.
932 5847 1049 5908 Gn.
1094 5846 1284 5908 LXII.

1182 291 1249 349 IN
1288 289 1506 350 EPIST.
1545 289 1570 346 I
1628 288 1719 347 AD
1755 285 2033 345 TIMO'I'II.
2072 288 2223 345 CAP.
2267 290 2309 346 I.
2353 290 2579 347 IIO.\III..
2622 292 2709 348 III.

3491 294 3597 350 518

2024 405 2212 476 cipias,
2230 407 2584 479 Blaspltemus,
2617 412 2806 482 inquit,
2837 428 2977 467 erant
2999 424 3044 469 et
3065 426 3391 485 persequutor
3408 427 3457 470 ct
3475 434 3596 472 con-

2023 500 2315 553 tumeliosus
2336 517 2355 553 :
2386 517 2516 571 ergo
2538 513 2593 557 et
2622 504 2885 574 supplicio
2900 504 3121 575 dignus;
3148 506 3243 561 sed
3271 521 3377 562 non
3408 522 3598 579 pmnas

2021 587 2178 655 dedi;
2201 605 2321 645 nam
2345 592 2765 649 misericordiam
2794 607 3157 667 consequutus
3181 614 3322 653 sum.
3365 601 3445 652 An
3494 599 3595 653 hoc

2019 682 2219 749 Solum,
2241 694 2294 739 ct
2322 699 2559 755 cousque
2600 696 2804 743 tantum
2836 689 3201 745 misericordia
3247 693 3508 760 processit
3538 703 3599 748 ut

2021 775 2337 843 supplicium
2370 793 2474 833 non
2514 778 2760 836 subires?
2789 781 3035 847 Minime;
3067 783 3161 838 sed
3203 784 3307 839 alia
3348 786 3512 839 nmlta
3542 796 3597 841 ct

2020 882 2208 936 magna
2233 869 2437 940 adjecta
2467 871 2615 929 fuere
2647 890 2663 929 :
2693 890 2796 929 non
2827 877 3000 931 solum
3029 878 3170 932 cnim
3195 879 3265 934 ab
3296 879 3595 938 imminenti

2020 974 2173 1028 paena
2204 978 2302 1018 nos
2328 965 2575 1021 liberavit
2609 967 2769 1034 Deus,
2799 969 2894 1025 sed
2936 971 3096 1027 etiam
3141 971 3315 1040 justos
3342 973 3518 1030 ell‘ecit
3536 987 3592 1032 et.

2020 1052 2158 1108 ﬁlios
2183 1062 2237 1109 et
2263 1054 2456 1113 fratres
2485 1067 2541 1113 et
2574 1061 2777 1116 amicos
2819 1073 2874 1117 et
2917 1065 3140 1121 heredes
3181 1076 3236 1120 et
3275 1067 3591 1126 coheredes.

2019 1145 2142 1200 Ideo
2174 1148 2269 1214 ait,
2299 1147 2743 1218 Superabundavit
2768 1157 2956 1225 gratia,
2998 1159 3287 1217 ostendens
3333 1161 3471 1218 dona
3502 1165 3591 1219 illa

2017 1240 2435 1296 misericordiam
2461 1247 2818 1314 superavisse.
2866 1250 2990 1304 llazc
3034 1252 3231 1322 quippe
3275 1270 3383 1309 non
3432 1257 3594 1313 mise-

2017 1333 2184 1388 rantis
2210 1345 2355 1399 sunt,
2377 1337 2470 1392 sed
2497 1341 2728 1395 amantis
2754 1351 2808 1395 et
2832 1342 3118 1400 admodum
3146 1347 3436 1419 diligentis.
3454 1352 3590 1408 Cum

2015 1439 2144 1493 ergo
2174 1427 2339 1481 multa
2367 1428 2591 1485 dixisset
2615 1431 2683 1487 de
2714 1432 3042 1504 benignitate
3074 1437 3186 1503 Dei,
3217 1441 3358 1510 quod
3376 1444 3457 1496 sui
3480 1445 3592 1498 hla-

2011 1516 2222 1583 sphemi
2250 1526 2306 1573 et
2330 1524 2700 1578 contumeliosi
2720 1536 2776 1580 et
2800 1532 3198 1599 persequutoris
3225 1534 3477 1591 misertus
3499 1539 3586 1605 sit,

2011 1609 2229 1678 etquod
2252 1626 2357 1666 non
2389 1612 2476 1668 hic
2507 1614 2827 1683 substiterit,
2855 1620 2949 1673 sed
2972 1622 3151 1675 multis
3176 1628 3453 1696 etmagnis
3468 1630 3589 1684 aliis

2009 1699 2257 1771 dignatus
2285 1705 2384 1771 sit;
2412 1722 2598 1764 rursus
2628 1726 2727 1766 nos
2750 1713 3033 1769 conlirmat
3075 1728 3261 1772 contra
3292 1720 3585 1777 inﬁdelimn

2008 1792 2230 1860 dictum,
2254 1797 2636 1866 quodliberum
2667 1802 2946 1858 arbitrium
2966 1804 3205 1874 tollatur,
3236 1811 3583 1883 subjttngens:

2009 1883 2133 1938 Cum
2159 1886 2261 1954 fide
2284 1897 2330 1941 et
2355 1890 2585 1958 caritate,
2608 1910 2722 1961 qua:
2743 1903 2816 1949 est
2836 1896 2888 1949 in
2918 1896 3119 1953 Christo
3147 1900 3179 1953 .l
3186 1919 3289 1956 esu.
3320 1904 3377 1958 Id
3407 1906 3583 1961 solum

2011 1975 2285 2034 intulimus
2314 1995 2435 2047 nos,
2466 1982 2657 2052 inquit,
2705 1987 3031 2043 credidimus
3078 1992 3219 2061 quod
3265 2008 3366 2050 nos
3409 1997 3586 2052 salvos

2005 2064 2183 2123 facere
2209 2069 2394 2137 possit.

2075 2160 2128 2215 5.
2172 2160 2463 2232 Diligamus
2488 2180 2616 2236 ergo
2641 2166 2789 2222 illum
2819 2186 2914 2239 per
2932 2170 3227 2228 Christum.
3249 2175 3386 2243 Quid
3409 2188 3491 2233 est
3518 2180 3583 2233 il-

2007 2250 2117 2316 lud,
2149 2251 2252 2308 Per
2276 2254 2580 2311 Christum?
2607 2259 2739 2325 Quia
2788 2261 3039 2320 Christus
3090 2265 3142 2320 id
3187 2268 3342 2323 nobis
3381 2269 3580 2335 intulit,
3611 2301 3615 2304 ν

2006 2359 2112 2397 ηοη
2138 2342 2243 2399 lex.
2270 2346 2456 2402 Viden’
2476 2364 2709 2419 quorum
2738 2353 2891 2408 nobis
2918 2354 3179 2410 bonorum
3209 2357 3455 2415 Christus
3484 2376 3583 2414 au-

2001 2443 2118 2489 ctor
2145 2435 2329 2503 fuerit,
2379 2455 2607 2509 quorum
2650 2452 2829 2499 autem
2880 2445 3007 2500 lex?
3053 2446 3163 2503 Nec
3202 2450 3373 2502 solum
3426 2451 3580 2518 dixit,

2004 2527 2308 2584 Abundavit
2346 2534 2538 2601 gratia,
2592 2536 2710 2601 sed,
2756 2537 3243 2607 Superabundavit:
3269 2560 3397 2599 vere
3438 2546 3580 2601 enim

2001 2621 2478 2689 superabundavit,
2509 2628 2725 2695 quando
2766 2630 2911 2684 mille
2939 2634 3212 2703 suppliciis
3237 2636 3426 2706 dignos
3490 2655 3578 2693 re-

2002 2720 2162 2779 pente
2188 2712 2238 2767 in
2261 2714 2601 2783 adoptionem
2626 2722 2912 2775 transtulit.
2937 2724 3079 2779 Ecce
3106 2720 3312 2794 rursus,
3343 2732 3414 2794 in,
3441 2730 3580 2786 idem

2001 2804 2262 2873 significat
2288 2808 2451 2877 quod,
2482 2828 2594 2880 per.
2625 2813 2741 2867 Non
2770 2816 2912 2869 enim
2956 2816 3059 2872 ﬁde
3082 2834 3216 2889 opus
3242 2831 3323 2876 est
3353 2833 3575 2893 tantum,

2004 2895 2098 2950 sed
2126 2899 2286 2952 etiam
2316 2902 2543 2957 caritate
2567 2922 2580 2956 :
2604 2920 2727 2959 nam
2759 2905 2969 2976 plurimi
3000 2927 3141 2966 nunc
3164 2922 3307 2981 sunt,
3338 2917 3426 2986 qui
3456 2933 3582 2972 cre-

2002 2985 2138 3043 dunt
2162 2990 2375 3060 quidem
2402 2991 2673 3048 Christum
2702 3011 2822 3052 esse
2851 2999 3040 3067 Deum,
3063 3002 3159 3057 sed
3188 3004 3337 3060 illum
3361 2985 3474 3062 non
3499 3009 3578 3063 di-

2007 3079 2195 3149 ligunt,
2230 3097 2401 3151 neque
2448 3098 2511 3138 ea
2542 3102 2660 3154 qua:
2691 3097 2816 3143 sunt
2840 3092 3135 3147 amantium
3164 3094 3384 3152 faciunt.
3431 3101 3579 3166 Quo-

2000 3173 2163 3228 modo
2182 3176 2324 3228 enim
2352 3174 2597 3243 fecerint,
2624 3195 2745 3235 cum
2773 3185 2950 3240 omnia
2996 3186 3097 3256 ipsi
3142 3190 3450 3258 prmferant.
3481 3209 3575 3263 pe-

1999 3265 2205 3331 cunias,
2264 3269 2524 3335 genesim,
2578 3272 2776 3336 fatum,
2832 3278 3270 3345 observationes,
3325 3288 3566 3355 auguria,

1996 3357 2284 3413 vaticinia?
2310 3360 2440 3415 Cum
2466 3373 2642 3419 autem
2664 3367 2727 3419 ad
2750 3370 3127 3425 contumeliam
3154 3372 3271 3442 ejus
3302 3376 3565 3445 vivamus,

1997 3447 2083 3502 dic
2109 3448 2257 3513 mihi,
2287 3466 2405 3520 qua:
2430 3453 2683 3509 dilectio?
2707 3457 2760 3511 Si
2795 3460 2914 3527 quis
2943 3461 3101 3517 habet
3124 3465 3374 3531 amicum,
3406 3484 3563 3538 quem

2002 3538 2209 3594 ardenti
2237 3544 2625 3612 complectatur
2670 3547 2884 3613 all‘eetu,
2930 3552 3008 3605 sic
3052 3554 3241 3609 saltem
3296 3555 3566 3614 Christum

1997 3630 2211 3700 diligat;
2242 3633 2319 3687 sic
2345 3635 2535 3689 saltem
2561 3649 2702 3692 amet
2728 3655 2872 3706 eum,
2901 3643 2989 3711 qui
3012 3658 3110 3713 pro
3131 3645 3360 3703 inimicis
3379 3650 3573 3707 Filium

1996 3736 2150 3777 suum
2178 3724 2345 3790 dedit,
2392 3742 2511 3780 cum
2559 3731 2717 3784 nullis
2750 3736 2955 3787 meritis
3000 3738 3219 3792 nostris.
3271 3739 3408 3807 Quid
3454 3744 3572 3799 dico

1999 3815 2207 3869 meritis
2233 3818 2466 3873 nostris?
2496 3835 2617 3874 cum
2643 3838 2831 3892 magna
2862 3825 3174 3884 fecissemus
3199 3832 3363 3898 mala,
3394 3844 3450 3889 et
3479 3851 3574 3890 ne-

1999 3906 2132 3963 faria
2161 3909 2278 3963 ausi
2330 3910 2615 3967 fuissemus
2657 3915 2773 3969 sine
2812 3931 2993 3972 causa.
3046 3918 3139 3976 llle
3185 3923 3397 3992 quidem
3454 3937 3575 3994 post

1995 4001 2143 4055 mille
2168 4000 2424 4056 beneﬁcia
2468 4012 2523 4057 et
2562 4020 2717 4061 curas
2758 4022 2931 4077 neque
2966 4011 3051 4065 sic
3094 4026 3194 4067 nos
3223 4014 3445 4083 abjecit;
3479 4019 3572 4072 sed

1997 4104 2123 4149 tunc
2151 4093 2343 4149 Filium
2367 4110 2521 4150 suum
2553 4097 2720 4163 dedit,
2761 4114 2881 4154 cum
2921 4101 3124 4172 majora
3154 4107 3357 4161 scelera
3389 4117 3570 4177 patra-

1994 4200 2243 4240 veramus
2268 4203 2281 4238 :
2314 4201 2412 4242 nos
2439 4194 2617 4242 autem
2636 4199 2916 4260 postquam
2941 4202 3085 4247 tanta
3108 4198 3426 4267 consequuti
3452 4215 3573 4254 era—

1996 4290 2139 4341 mus,
2168 4286 2449 4346 postquam
2478 4279 2636 4340 amici
2666 4280 2790 4335 facti
2812 4282 3061 4339 omnibus
3088 4285 3245 4340 bonis
3274 4304 3370 4356 per
3396 4290 3570 4359 ipsum

1994 4366 2195 4439 dignati
2219 4381 2423 4435 sumus,
2457 4384 2525 4425 ne
2546 4379 2670 4425 tunc
2690 4372 2904 4441 quidem
2930 4383 2990 4428 ut
3016 4377 3244 4431 amicum
3262 4378 3571 4438 dileximus.

1993 4460 2172 4531 Ecqua
2198 4461 2354 4517 nobis
2374 4462 2480 4518 erit
2504 4464 2664 4533 spes?
2692 4464 2853 4521 Forte
2890 4466 3273 4526 exhorrescitis
3314 4476 3430 4529 haec
3467 4490 3569 4531 au-

1992 4550 2233 4617 dientes;
2256 4551 2350 4607 sed
2375 4554 2575 4607 utinam
2599 4552 2668 4609 ad
2689 4568 2853 4624 opera
2878 4573 3045 4628 usque
3072 4562 3328 4618 veniatis!
3350 4563 3417 4619 Et
3433 4580 3571 4636 quo-

1992 4644 2174 4710 modo,
2192 4645 2420 4714 inquies,
2447 4646 2561 4701 ﬁeri
2585 4654 2763 4715 potest
2784 4660 2840 4704 ut
2858 4650 3023 4707 Deum
3048 4669 3151 4710 non
3170 4656 3394 4725 perinde
3412 4670 3572 4731 atque

1993 4737 2197 4793 amicos
2222 4738 2538 4808 diligamus?
2560 4739 2878 4807 Quomodo?
2904 4760 3001 4815 ego
3029 4747 3082 4801 id
3112 4750 3347 4805 conabor
3383 4763 3572 4808 esten-

1992 4831 2121 4887 dere
2136 4849 2150 4897 ;
2168 4841 2221 4886 et
2235 4846 2426 4902 precor
2448 4842 2504 4887 ut
2522 4834 2654 4887 nihil
2676 4835 2858 4889 videar
2873 4836 3052 4894 dicere
3066 4839 3167 4895 nisi
3188 4841 3571 4917 deliramenta;

1994 4939 2187 4980 vereor
2212 4935 2389 4979 autem
2440 4940 2508 4979 ne
2537 4925 2697 4980 verba
2720 4940 2839 4981 cum
2868 4928 3018 4985 factis
3045 4935 3402 4990 consentiant.
3432 4938 3566 4994 Pcr-

1994 5022 2167 5091 peude
2196 5028 2374 5074 autem
2410 5036 2424 5071 :
2456 5033 2553 5089 pro
2580 5019 2786 5085 amicis,
2822 5036 2948 5076 vere
2991 5023 3199 5089 amicis,
3247 5028 3396 5083 multi
3427 5012 3573 5101 saape

1993 5113 2187 5169 damna
2209 5113 2433 5167 libenter
2450 5112 2688 5182 perpessi
2711 5122 2865 5178 sunt;
2890 5127 2985 5182 pro
3005 5114 3219 5172 Christo
3245 5130 3446 5187 autem,
3465 5138 3569 5177 non

1996 5204 2156 5259 modo
2167 5201 2363 5257 damna
2386 5203 2611 5271 perpeti,
2626 5201 2721 5256 sed
2740 5201 2900 5257 etiam
2920 5206 3271 5274 praesentibus
3288 5220 3572 5268 contentus

1994 5313 2115 5353 esse
2130 5311 2290 5352 nemo
2314 5295 2574 5351 sustinet:
2609 5310 2705 5365 pro
2731 5296 2903 5351 amico
2927 5312 3071 5369 szepe
3107 5290 3458 5359 contumelias
3485 5314 3571 5360 tu-

1994 5392 2153 5447 limus
2183 5398 2239 5445 et
2265 5389 2570 5444 inimicitias
2617 5390 2981 5459 suscepimus;
3009 5404 3108 5462 pro
3148 5392 3365 5451 Christo
3390 5409 3570 5456 autem

1997 5497 2156 5539 nemo
2172 5479 2501 5535 inimicitiam
2521 5480 2763 5550 suscipit,
2784 5480 3052 5545 sed,Licet
3070 5482 3280 5550 frustm,
3301 5486 3569 5557 inquiunt,

1995 5574 2225 5642 ameris;
2249 5571 2442 5628 frustra
2467 5586 2535 5627 ne
2559 5572 2683 5628 odio
2708 5571 2907 5628 habeas
2930 5574 3028 5645 (a).
3052 5576 3303 5657 Amicum.
3328 5577 3467 5635 fame
3506 5581 3579 5636 Ia.

2057 5768 2129 5832 (a)
2153 5765 2357 5815 Videtur
2381 5758 2687 5825 proverbium
2715 5758 2795 5807 illo
2815 5763 3037 5820 tempore
3059 5755 3234 5807 fuisse.

3122 5842 3203 5905 33
