4090 6396
497 320 599 377 liii)

498 438 781 492 borantem
829 446 1116 504 numquam
1174 442 1612 499 contemnemus;
1640 433 1911 487 Christum
1958 443 2088 485 vero

499 525 739 598 quotidie
757 526 1061 581 venientem
1081 538 1187 579 non
1208 539 1308 595 pro
1336 526 1541 595 magnis
1567 526 1749 589 rebus,
1765 523 1858 579 sed
1879 538 1976 594 pro
1995 537 2086 593 pa-

500 635 571 676 ne
592 627 822 685 tantum,
840 634 913 673 ne
932 617 1264 673 admittimus
1281 617 1530 688 quidem;
1556 617 1719 688 idque
1734 617 1859 672 dum
1879 632 1943 671 ex
1961 630 2087 670 cra-

501 711 629 782 pula
656 710 840 767 foetida
867 718 1193 776 eructamus,
1227 710 1607 776 distendimur,
1636 710 1809 764 ventri
1836 708 2083 779 indulge-

502 816 645 866 mus,
676 801 990 858 hesternum
1004 816 1221 872 quoque
1238 802 1421 856 vinum
1440 801 1726 871 Spiramus,
1749 800 2083 865 deliciamur;

503 907 560 951 et
589 895 682 951 alii
710 893 926 965 quidem
958 893 1333 950 meretricibus
1358 894 1675 964 largiuntur,
1698 892 1789 946 alii
1814 890 2083 963 parasitis,

504 990 597 1045 alii
633 986 1027 1054 adulatoribus,
1074 988 1353 1054 monstris,
1397 986 1560 1041 fatuis
1583 994 1639 1041 et
1668 986 1819 1039 nanis
1842 1000 1857 1041 :
1881 994 2086 1038 naturae

504 1082 704 1153 quippe
723 1078 964 1135 defectus
982 1080 1034 1134 in
1055 1094 1205 1135 suam
1224 1087 1544 1134 convertunt
1566 1078 1913 1148 voluptatem.
1942 1075 2091 1129 Ami-

505 1175 605 1239 cis,
638 1188 766 1229 vere
798 1172 1005 1235 amicis,
1040 1186 1330 1241 numquam
1370 1170 1693 1239 invidemus,
1724 1184 1897 1240 neque
1921 1168 1989 1224 de
2020 1169 2088 1223 il-

508 1281 628 1321 rum
654 1264 911 1321 felicitate
931 1262 1243 1318 mordentur
1267 1280 1280 1317 :
1310 1262 1450 1317 circa
1487 1261 1755 1316 Christum
1783 1269 1961 1315 autem
1987 1260 2089 1315 hoc

509 1358 761 1428 patimur,
780 1370 842 1411 ac
866 1354 987 1427 plus
1010 1352 1195 1411 videas
1222 1353 1509 1408 amicitiam
1534 1352 1679 1407 illam
1703 1354 1901 1417 valere,
1929 1366 2090 1421 quam

509 1447 605 1506 Dei
634 1450 903 1504 timorem.
943 1446 1158 1503 Etenim
1199 1444 1477 1501 simulator
1502 1451 1557 1499 et
1606 1443 1818 1498 invidus
1847 1442 2092 1497 homines

510 1541 631 1612 plus
654 1555 814 1609 quam
836 1540 1004 1594 Deum
1025 1546 1259 1593 veretur.
1284 1535 1599 1604 Quomodo?
1619 1550 1718 1605 ego
1735 1534 1908 1589 dicam
1934 1552 1948 1588 :
1969 1534 2094 1604 quia

511 1647 633 1688 cum
664 1632 804 1686 Deus
826 1629 1006 1685 videat
1031 1642 1152 1698 quae
1193 1628 1245 1682 in
1275 1626 1441 1682 corde
1466 1634 1717 1696 aguntur,
1752 1626 1913 1680 homo
1941 1624 2094 1680 dolos

510 1733 695 1779 texere
720 1737 826 1778 non
855 1722 1085 1788 desinit;
1118 1722 1163 1776 si
1191 1731 1373 1777 autem
1400 1720 1565 1775 homo
1592 1720 1685 1775 ille
1713 1720 1984 1775 hominem
2007 1719 2095 1773 vi-

512 1815 659 1879 deat,
685 1814 868 1885 periit,
892 1813 1181 1869 erubescit.
1208 1811 1346 1878 Quid
1374 1811 1478 1866 hoc
1498 1811 1656 1866 dico?
1680 1810 1915 1865 amicum
1945 1811 1995 1864 in
2018 1810 2097 1863 af-

512 1908 751 1964 flictione
781 1916 1085 1963 versantem
1117 1905 1359 1970 adimus;
1388 1906 1433 1960 si
1460 1904 1544 1960 vel
1586 1904 1855 1958 tantillum
1883 1902 2101 1959 dill‘era-

514 2017 656 2070 mus,
704 2002 955 2055 timemus
995 2014 1064 2054 ne
1117 1998 1521 2069 improbemur:
1551 1994 1825 2051 Christum
1880 2009 2011 2050 vero
2043 1995 2097 2050 in

513 2096 741 2152 vinculis
765 2110 910 2165 saepe
937 2094 1278 2159 morientem,
1305 2091 1668 2147 neinvisimus
1689 2090 1926 2160 quidem.
1952 2090 2099 2144 Ami-

514 2205 610 2244 cos
634 2199 815 2243 autem
845 2187 1052 2253 fideles,
1086 2201 1192 2241 non
1219 2186 1343 2255 quia
1372 2183 1560 2239 fideles
1590 2190 1716 2239 sunt
1738 2181 1971 2248 adimus,
2003 2180 2099 2237 sed

515 2282 639 2353 quia
664 2279 840 2335 amici.

586 2374 641 2428 4.
686 2371 871 2426 Viden’
897 2369 1027 2424 nihil
1054 2383 1120 2424 ex
1142 2368 1239 2423 Dei
1272 2367 1462 2422 timore
1489 2364 1624 2432 ﬁeri,
1665 2380 1838 2435 neque
1866 2380 1931 2420 ex
1981 2363 2101 2435 ejus

515 2478 722 2532 amore,
754 2462 853 2519 sed
899 2462 1003 2515 alia
1030 2476 1095 2517 ex
1123 2459 1356 2529 amicitia
1381 2501 1398 2525 ,
1429 2459 1531 2513 alia
1576 2473 1644 2513 ex
1667 2456 2056 2512 consuetudine
2076 2456 2101 2507 ?

519 2557 764 2611 Amicum
804 2553 1049 2608 videntes
1099 2543 1324 2621 peregre
1365 2548 1794 2619 proﬁciscentem
1818 2590 1834 2615 ,
1886 2547 2099 2613 ﬂemus,

519 2647 950 2718 ingemiscimus;
989 2646 1032 2699 si
1078 2660 1206 2699 vero
1253 2652 1523 2698 mortuum
1550 2641 1824 2696 videamus
1846 2683 1862 2707 ,
1896 2641 2103 2711 plangi-

520 2755 662 2803 mus,
696 2737 906 2793 etiamsi
933 2736 1165 2790 sciamus
1193 2749 1316 2788 eum
1347 2748 1377 2787 a
1400 2732 1555 2788 nobis
1585 2747 1691 2787 non
1720 2744 1984 2802 perpetuo
2013 2747 2103 2787 se-

523 2838 765 2900 paratum
791 2827 877 2893 iri,
908 2826 1003 2882 sed
1032 2840 1131 2880 nos
1158 2826 1208 2879 in
1237 2825 1635 2879 resurrectione
1661 2825 1835 2894 ipsum
1866 2838 1988 2878 esse
2013 2838 2103 2877 re-

523 2929 874 2988 cuperaturos
910 2934 923 2970 :
962 2932 1084 2971 cum
1115 2930 1247 2971 vero
1273 2915 1520 2970 Christus
1562 2914 1802 2985 quotidie
1830 2923 2109 2984 separetur

526 3028 556 3067 a
589 3012 781 3077 nobis;
828 3014 938 3064 imo
980 3024 1099 3063 cum
1145 3006 1419 3063 Christum
1464 3005 1704 3076 quotidie
1752 3006 2105 3075 depellamus,

528 3120 635 3160 non
678 3102 945 3164 dolemus,
979 3114 1154 3168 neque
1179 3113 1341 3167 grave
1371 3097 1643 3168 quidpiam
1671 3112 1769 3151 nos
1806 3097 1981 3152 facere
2006 3112 2109 3166 pu-

527 3207 699 3252 tamus
725 3236 740 3263 ,
763 3195 888 3250 dum
922 3193 1114 3262 injuste
1142 3192 1348 3262 agimus
1367 3231 1384 3257 ,
1417 3190 1567 3244 illum
1595 3188 1898 3259 al'ﬂigimus,
1928 3189 2109 3244 irrita—

530 3304 671 3356 mus,
700 3304 821 3358 qua:
854 3286 955 3357 ipsi
986 3301 1090 3339 non
1122 3284 1332 3354 placent
1361 3281 1607 3337 facimus.
1638 3281 1743 3337 Sed
1774 3281 2008 3337 nondum
2040 3283 2111 3337 ita

529 3379 800 3441 horrenda
829 3392 919 3433 res
962 3386 1067 3441 est,
1098 3377 1143 3431 si
1171 3375 1264 3429 illo
1293 3389 1398 3429 non
1441 3376 1641 3428 utimur
1677 3382 1735 3429 ut
1760 3375 1971 3441 amico;
2012 3388 2113 3444 ego

528 3486 658 3528 vero
701 3468 980 3525 ostendam
1008 3482 1107 3523 nos
1152 3466 1246 3522 illo
1278 3477 1337 3520 ut
1377 3465 1597 3521 inimico
1640 3466 1737 3520 uti.
1788 3464 2113 3532 Quomodo?

538 3561 820 3616 Prudentia
846 3560 1037 3626 carnis,
1064 3557 1468 3628 inquitPaulus,
1496 3558 1704 3610 inimica
1729 3567 1803 3611 est
1819 3556 1913 3611 Dei
1936 3555 2113 3626 (Rom.

532 3656 586 3711 8.
615 3654 697 3726 7).
720 3652 829 3709 Nos
853 3664 1035 3706 autem
1064 3650 1168 3715 hoc
1207 3665 1421 3719 semper
1450 3648 1910 3714 circumferimus;
1958 3647 2116 3703 Chri-

531 3756 674 3801 stum
719 3760 851 3801 vero
905 3744 998 3814 qui
1048 3757 1263 3812 semper
1292 3742 1361 3796 ad
1390 3757 1491 3796 nos
1535 3742 1649 3796 vult
1696 3756 2000 3809 accurrere,
2048 3742 2117 3796 ad

532 3838 727 3907 januas
752 3844 967 3891 nostras
992 3835 1293 3889 venientem
1312 3847 1561 3888 arcemus
1583 3832 1603 3903 (
1630 3833 1767 3887 mala
1789 3834 1933 3889 enim
1956 3849 2118 3903 opera

534 3930 640 3985 hoc
693 3925 991 3998 faciunt);
1050 3926 1260 3996 ipsique
1325 3925 1681 3980 contumelias
1737 3926 1980 3995 quotidie
2038 3926 2120 3980 in-

535 4019 667 4075 ferri
700 4032 950 4074 curamus
976 4030 1072 4086 per
1100 4015 1377 4069 avaritiam
1403 4024 1457 4069 et
1482 4030 1579 4085 per
1618 4016 1834 4084 rapinas
1880 4023 2115 4071 nostras.

539 4113 812 4169 Laudatur
850 4109 1115 4181 quispiam
1145 4110 1234 4180 qui
1264 4110 1314 4164 in
1343 4111 1710 4165 concionando
1739 4112 1895 4167 iloret
1919 4123 1973 4167 et
2022 4113 2123 4168 Ec-

539 4206 721 4261 clesite
764 4202 908 4259 utilis
951 4202 1072 4258 est?
1122 4217 1221 4257 nos
1269 4210 1448 4257 autem
1506 4202 1581 4257 illi
1640 4203 1959 4268 invidemus,
1999 4206 2123 4274 quia

538 4313 661 4369 quae
698 4296 793 4351 Dei
824 4304 948 4350 sunt
975 4304 1266 4365 operatur:
1292 4305 1346 4351 et
1375 4295 1617 4351 videmur
1644 4296 1859 4367 quidem
1886 4299 1964 4354 illi
1992 4301 2126 4355 invi-

538 4391 693 4456 dere,
720 4387 815 4444 sed
841 4387 1037 4443 invidia
1083 4387 1174 4442 illa
1216 4388 1409 4443 transit
1432 4387 1500 4443 ad
1525 4387 1821 4445 Christum.
1853 4390 1968 4446 Non
1991 4434 2007 4459 ,
2043 4399 2121 4452 in-

1165 317 1224 376 S.
1264 316 1540 376 JUANNIS
1573 314 2046 376 CHRYSOSTOMI
2084 313 2398 373 ARCHIEP.
2436 316 2964 377 CONSTANTINOP.

3663 324 3767 381 59.0

2197 431 2369 502 quies,
2400 431 2497 489 sed
2534 433 2782 489 volumus
2819 434 3103 489 utilitatem
3140 432 3283 489 illam
3329 448 3434 489 non
3467 449 3563 505 per
3605 435 3760 499 alios,

2190 522 2285 578 sed
2308 537 2403 593 per
2429 539 2527 580 nos
2553 524 2758 581 inferri.
2785 524 2900 581 Non
2929 536 3151 597 propter
3174 526 3443 582 Christum
3468 567 3483 589 ,
3514 526 3611 582 sed
3640 544 3765 599 pro-

2189 623 2312 683 pter
2338 629 2439 671 nos
2473 633 2487 670 :
2518 632 2642 671 nam
2672 617 2717 673 si
2742 630 2960 687 pr0pter
2981 617 3249 673 Christum
3269 660 3287 685 ,
3318 619 3453 673 nihil
3486 621 3768 676 interesset

2191 704 2349 761 nobis
2386 716 2565 762 utrum
2597 723 2694 777 per
2731 709 2865 764 alios
2900 724 2967 763 an
2998 724 3097 778 per
3138 724 3238 764 nos
3283 708 3400 764 hzec
3430 710 3643 765 fierent.
3676 712 3769 766 Dic

2191 798 2338 853 enim
2365 798 2518 865 mihi,
2550 800 2595 853 si
2616 800 2735 871 quis
2765 800 3004 856 medicus
3026 801 3191 855 lilium
3214 800 3415 856 habens
3443 802 3493 855 in
3518 804 3770 858 czecitatis

2192 889 2436 958 periculo
2477 901 2783 946 versantem
2806 932 2823 957 ,
2875 895 2991 963 ipse
3022 891 3270 948 medendi
3325 893 3633 951 facultatem
3663 912 3767 951 non

2194 980 2433 1047 haberet,
2463 984 2627 1039 alium
2651 1000 2782 1040 vero
2806 986 3067 1041 inveniret
3087 987 3177 1057 qui
3203 1002 3391 1043 curare
3414 998 3612 1057 posset,
3643 1006 3768 1043 num

2194 1072 2340 1127 illum
2366 1075 2682 1142 repelleret?
2704 1075 3068 1147 Nequaquam,
3098 1077 3191 1132 sed
3223 1078 3299 1132 illi
3317 1078 3432 1133 fere
3472 1081 3548 1134 sic
3586 1080 3769 1150 loque-

2194 1174 2381 1220 retur:
2415 1166 2544 1223 Sive
2572 1183 2669 1238 per
2694 1184 2803 1234 me,
2834 1169 2947 1224 sive
2972 1185 3067 1239 per
3095 1179 3148 1225 te
3165 1182 3400 1237 curetur,
3428 1172 3561 1226 nihil
3587 1174 3766 1228 refert.

2194 1258 2410 1327 Quare?
2436 1259 2569 1328 Quia
2600 1277 2707 1315 non
2738 1262 2880 1333 quod
2909 1264 3047 1329 sibi,
3092 1263 3186 1318 sed
3222 1267 3362 1334 quod
3395 1265 3501 1319 lilio
3528 1266 3769 1321 conferre

2196 1352 2366 1423 possit
2389 1353 2634 1424 respicit.
2666 1354 2746 1409 Ita
2775 1363 2829 1410 et
2856 1370 2955 1410 nos
2975 1397 2991 1421 ,
3018 1355 3065 1411 si
3091 1371 3209 1426 qua:
3244 1354 3511 1410 Christum
3536 1366 3772 1426 spectant

2196 1442 2594 1500 attenderemus
2624 1486 2639 1509 ,
2681 1445 2985 1501 diceremus
3012 1464 3027 1502 :
3056 1446 3183 1502 Sive
3213 1463 3307 1518 per
3334 1463 3433 1504 nos
3454 1490 3469 1513 ,
3516 1449 3628 1505 sive
3681 1466 3773 1519 per

2197 1534 2381 1603 alium,
2409 1536 2551 1606 quod
2581 1536 2711 1591 utile
2746 1546 2831 1592 est
2854 1538 3033 1592 veniat
3062 1556 3075 1590 :
3111 1537 3230 1593 Sive
3253 1541 3475 1605 veritate,
3500 1542 3603 1594 sive
3624 1558 3771 1594 occa-

2194 1628 2357 1693 sione,
2390 1627 2579 1697 inquit,
2633 1628 2860 1684 Christus
2909 1634 3239 1684 annuntiatur
3287 1631 3545 1704 (Philipp.
3580 1632 3770 1705 1.18).

2199 1717 2339 1773 Audi
2368 1720 2510 1774 enim
2547 1719 2784 1791 Moysem
2817 1721 3087 1777 dicentem
3125 1724 3190 1779 iis
3231 1724 3321 1794 qui
3358 1725 3529 1794 ipsum
3567 1725 3775 1780 irritare

2200 1809 2475 1876 volebant,
2492 1812 2708 1882 quando
2729 1812 2900 1869 Eldad
2923 1825 2977 1869 et
2996 1813 3183 1870 Modad
3205 1816 3594 1887 prophetabant
3619 1837 3633 1872 :
3656 1818 3776 1873 Noli

2203 1918 2297 1971 pro
2322 1918 2402 1957 me
2418 1904 2650 1959 aemulari
2681 1920 2701 1959 :
2726 1907 2839 1976 quis
2868 1907 3057 1961 dederit
3080 1924 3275 1962 omnem
3305 1911 3550 1981 populum
3573 1911 3778 1966 Domini

2202 1999 2478 2067 prophetas
2499 2014 2604 2052 esse
2641 1997 2829 2067 (Num.
2859 2000 2944 2054 Η.
2976 1998 3111 2071 29)?
3139 1999 3266 2055 Hazc
3290 2004 3469 2057 omnia
3508 2018 3573 2057 ex
3597 2005 3779 2074 gloriae

2202 2102 2389 2155 amore
2430 2089 2860 2158 proﬁciscuntur.
2907 2090 3051 2162 Ergo
3079 2080 3255 2148 nonne
3300 2093 3415 2149 lucc
3446 2095 3778 2151 inimicorum

2202 2188 2257 2235 et
2282 2180 2513 2235 hostium
2539 2192 2662 2236 sunt
2684 2182 2709 2233 ?

2274 2272 2423 2327 Bona
2446 2291 2537 2345 pro
2558 2275 2704 2329 malis
2724 2276 3079 2330 reddenda.—
3089 2277 3361 2333 Maledixit
3380 2278 3472 2334 tibi
3495 2281 3784 2350 quispiam?

2205 2373 2264 2420 tu
2288 2365 2438 2420 illum
2464 2366 2645 2436 dilige.
2682 2367 2749 2421 Et
2775 2368 3042 2437 quomodo
3091 2369 3208 2424 ﬁeri
3258 2372 3473 2440 potest?
3500 2372 3698 2435 Potest,
3731 2384 3786 2427 et

2204 2455 2493 2511 admodum
2518 2466 2710 2526 potest,
2734 2456 2777 2511 si
2803 2458 2952 2512 velis.
2978 2458 3128 2526 Quod
3156 2461 3200 2514 si
3228 2460 3365 2516 bene
3384 2461 3452 2518 de
3477 2474 3528 2518 te
3554 2463 3785 2533 loquen-

2207 2557 2316 2605 tem
2341 2548 2555 2618 diligas,
2598 2562 2705 2602 non
2735 2549 2828 2604 tibi
2850 2549 3020 2619 gratia
3045 2558 3128 2604 est
3162 2550 3443 2619 habenda;
3488 2568 3590 2607 non
3641 2555 3784 2609 enim

2209 2653 2427 2712 propter
2455 2643 2762 2710 Dominum,
2791 2644 2884 2699 sed
2911 2654 3129 2714 propter
3156 2645 3366 2700 laudem
3398 2656 3538 2701 tuam
3557 2648 3607 2701 id
3634 2647 3782 2703 facis.

2209 2733 2399 2789 Nocuit
2438 2734 2533 2789 tibi
2564 2735 2873 2804 quispiam?
2919 2744 2974 2789 tu
2998 2736 3315 2790 beneficium
3360 2736 3436 2791 illi
3480 2746 3667 2806 praesta
3702 2742 3785 2794 :si

2209 2837 2388 2882 autem
2420 2826 2676 2881 beneﬁcia
2708 2841 2804 2895 pro
2832 2824 3107 2880 beneﬁciis
3134 2825 3446 2896 rependeris
3468 2869 3483 2893 ,
3511 2828 3639 2882 nihil
3676 2846 3788 2883 ma—

2209 2916 2302 2988 gni
2349 2916 2547 2972 fecisti.
2590 2915 2820 2986 lnjurias
2848 2925 2902 2971 et
2931 2916 3122 2971 damna
3172 2918 3403 2971 maxima
3455 2933 3641 2988 passus
3690 2923 3792 2975 es?

2212 3010 2482 3066 contraria
2510 3008 2809 3079 rependere
2840 3008 3015 3063 stude.
3048 3007 3147 3074 Ita,
3176 3023 3393 3078 qumso,
3420 3010 3491 3064 ita
3535 3011 3791 3079 dispona-

2212 3116 2336 3156 mus
2376 3112 2593 3167 nostra;
2622 3099 2931 3156 desinamus
2961 3100 3205 3170 iniuriam
3239 3100 3438 3155 inferre
3465 3112 3519 3156 et
3548 3102 3794 3158 inimicos

2212 3194 2341 3250 odio
2387 3195 2586 3249 habere
2628 3194 2787 3263 :ipse
2839 3195 3085 3248 inimicos
3128 3193 3356 3264 diligere
3392 3195 3563 3264 jubet,
3596 3206 3651 3251 et
3696 3214 3795 3251 nos

2214 3285 2388 3356 ipsum
2431 3292 2697 3338 amantem
2747 3284 3137 3352 persequimur.
3194 3284 3368 3348 Absit,
3418 3286 3643 3355 inquies.
3707 3288 3798 3342 Sic

2216 3392 2405 3433 omnes
2438 3376 2726 3446 loquimur,
2747 3374 2842 3429 sed
2874 3389 2981 3428 non
3004 3388 3192 3429 omnes
3213 3374 3264 3428 id
3292 3376 3543 3444 operibus
3571 3378 3796 3432 exhibe-

2217 3482 2361 3523 mus.
2392 3466 2560 3521 Tanta
2588 3474 2673 3520 est
2702 3465 2903 3534 peccati
2932 3464 3125 3533 caligo,
3149 3472 3206 3517 ut
3226 3480 3345 3534 qua:
3371 3466 3546 3521 verbis
3572 3483 3679 3522 non
3715 3469 3797 3522 fe-

2219 3560 2385 3616 renda
2404 3566 2550 3625 sunt,
2571 3557 2827 3627 operibus
2849 3557 2956 3610 sint
2984 3555 3226 3611 ferenda.
3246 3557 3583 3613 Absistamus
3608 3561 3691 3615 vel
3719 3577 3804 3617 se-

2220 3668 2282 3708 ro
2310 3652 2524 3707 tandem
2548 3650 2616 3705 ab
2646 3650 2711 3705 iis
2738 3666 2857 3717 quae
2886 3649 3041 3703 nobis
3072 3652 3228 3704 noxia
3251 3660 3306 3703 et
3336 3651 3636 3720 perniciosa
3677 3664 3808 3708 sunt

2221 3752 2419 3801 nostra:
2448 3741 2624 3808 saluti,
2658 3751 2716 3796 ut
2741 3756 3138 3810 consequamur
3178 3755 3264 3807 ea,
3297 3757 3417 3811 quae
3451 3744 3654 3799 amicos
3682 3761 3811 3800 con-

2226 3837 2377 3908 sequi
2408 3850 2506 3906 par
2533 3843 2639 3890 est.
2676 3832 2807 3887 Volo
2827 3835 2993 3896 enim,
3024 3834 3214 3903 inquit,
3244 3843 3298 3886 ut
3320 3835 3405 3887 ubi
3421 3852 3512 3905 ego
3538 3853 3674 3902 sum,
3704 3840 3811 3892 illic

2222 3929 2323 3982 sint
2363 3937 2411 3980 et
2442 3924 2682 3997 discipuli
2710 3926 2829 3991 mei,
2862 3934 2915 3977 ut
2944 3925 3163 3995 gloriam
3189 3940 3352 3979 meam
3391 3926 3593 3981 videant
3619 3928 3809 3997 (Joan.

2225 4020 2314 4074 17.
2331 4018 2447 4091 ΞΔ).
2464 4018 2634 4085 Quam
2650 4016 2856 4071 utinam
2875 4031 2972 4071 nos
2993 4031 3180 4071 omnes
3196 4032 3608 4086 consequamur,
3636 4022 3813 4088 gratia

2224 4120 2281 4167 et
2322 4110 2655 4180 benignitate
2708 4107 2917 4163 Domini
2947 4109 3114 4161 nostri
3143 4107 3270 4162 Jesu
3296 4108 3492 4163 Christi
3521 4150 3536 4172 ,
3593 4113 3818 4181 quicum

2228 4203 2372 4259 Patri
2393 4211 2447 4257 et
2464 4200 2685 4272 Spiritui
2712 4209 2899 4256 sancto
2924 4200 3113 4269 gloria,
3133 4200 3436 4268 imperium,
3452 4203 3643 4269 honor,
3671 4219 3821 4259 nunc

2226 4304 2285 4352 et
2311 4307 2547 4365 semper,
2587 4300 2644 4348 et
2670 4292 2725 4347 in
2773 4291 2971 4346 saecula
2999 4283 3340 4348 sacculorum.
3373 4297 3565 4348 Amen.

543 4508 3829 4534 Μ

1952 4584 2298 4649 HOMILIA
2340 4584 2453 4645 IV.

543 4723 673 4778 CAP.
699 4722 752 4777 1.
775 4737 830 4776 v.
855 4721 945 4777 i5.
970 4718 1165 4774 Fidelis
1193 4737 1377 4787 sermo,
1402 4731 1450 4775 et
1465 4724 1603 4777 omni
1617 4727 1904 4795 acceptione
1929 4729 2132 4800 dignus,

622 4814 862 4887 quoniam
890 4814 1119 4868 Christus
1140 4813 1291 4867 Jesus
1319 4816 1453 4868 venit
1490 4816 1544 4869 in
1574 4820 1819 4872 mundum
1845 4834 2135 4888 peccatores

621 4909 789 4964 salvos
815 4912 1003 4978 facere,
1030 4923 1244 4971 quorum
1266 4908 1461 4976 primus
1501 4926 1594 4980 ego
1628 4928 1759 4965 sum.
1795 4913 1883 4968 16.
1919 4915 2023 4970 Sed
2051 4918 2134 4970 id-

617 5002 752 5056 circo
778 4999 1177 5053 misericordiam
1199 5009 1539 5069 consequutus
1558 5018 1690 5067 sum,
1711 5012 1765 5056 ut
1792 5006 1846 5058 iu
1870 5023 1949 5060 me
1972 5009 2135 5075 primo

618 5090 904 5147 ostenderet
928 5089 960 5142 J
968 5106 1081 5143 esus
1109 5088 1340 5144 Christus
1362 5106 1560 5144 omnem
1588 5094 1885 5161 patientiam
1905 5138 1919 5162 ,
1948 5099 2017 5151 ad
2055 5101 2134 5154 in-

620 5182 976 5256 formationem
1027 5196 1201 5234 eorum
1246 5181 1335 5251 qui
1373 5182 1612 5236 credituri
1653 5195 1771 5239 sunt
1802 5187 1881 5241 illi
1907 5190 1960 5242 in
1983 5191 2136 5245 vitam

620 5284 882 5329 azternam.

621 5369 676 5423 i.
718 5365 869 5422 Adeo
893 5379 1086 5435 magna
1126 5374 1250 5420 sunt
1286 5364 1546 5421 beneficia
1575 5367 1690 5431 Dei,
1721 5379 1777 5424 et
1820 5371 1889 5425 ita
1918 5387 2132 5429 omnem

548 5462 842 5515 humanam
867 5457 1325 5528 exspectationem
1365 5466 1420 5512 et
1471 5474 1621 5528 spem
1672 5473 1949 5532 superant,
1983 5476 2042 5520 ut
2071 5482 2133 5522 ea

549 5565 695 5621 saepe
720 5551 807 5604 vix
828 5548 1116 5605 credantur
1146 5566 1157 5600 :
1193 5563 1314 5603 nam
1340 5565 1459 5619 quae
1491 5566 1644 5606 mens
1667 5552 1895 5609 humana
1920 5569 2015 5611 nec
2040 5573 2136 5612 co-

546 5641 753 5710 gitavit,
782 5655 881 5695 nec
899 5640 1245 5709 exspectavit,
1261 5656 1321 5693 ea
1341 5641 1494 5695 nobis
1516 5642 1602 5696 ille
1629 5643 1849 5712 largitus
1866 5655 1964 5700 est.
1986 5647 2137 5703 Ideo-

553 5748 660 5803 que
684 5733 909 5804 apostoli
938 5733 1104 5787 multa
1139 5748 1202 5788 ea
1232 5732 1301 5787 de
1328 5748 1388 5789 re
1420 5734 1728 5804 loquuntur,
1764 5750 1819 5791 ut
1844 5740 2132 5796 credantur

549 5824 690 5882 dona
713 5825 824 5895 illa,
849 5841 969 5901 quae
999 5827 1134 5881 licus
1165 5826 1318 5881 nobis
1346 5830 1631 5883 concessit.
1668 5829 1735 5885 Ut
1760 5830 1901 5886 enim
1933 5833 1983 5887 in
2013 5849 2135 5889 ma—

2239 4730 2399 4786 ximis
2423 4728 2579 4783 bonis
2609 4728 2688 4782 sic
2713 4726 2854 4783 affici
2881 4726 3141 4792 solemus,
3178 4728 3260 4781 An
3288 4729 3554 4783 somnium
3587 4732 3714 4784 est?
3752 4731 3837 4785 di-

2238 4831 2423 4878 centes
2445 4863 2460 4887 ,
2515 4821 2638 4892 quia
2667 4820 2754 4874 vix
2786 4819 3056 4875 credimus
3088 4837 3101 4873 :
3135 4819 3214 4874 sic
3242 4820 3403 4874 etiam
3429 4821 3482 4874 in
3510 4821 3603 4876 Dei
3642 4823 3835 4877 donis.

2237 4913 2375 4981 Quid
2403 4913 2561 4983 igitur
2590 4921 2708 4967 erat
2738 4910 2868 4965 illud
2896 4909 3038 4980 quod
3068 4910 3154 4964 vix
3179 4910 3532 4966 credebatur?
3550 4912 3712 4979 Quod
3732 4915 3842 4968 ini-

2238 5005 2387 5071 mici,
2418 5003 2559 5074 quod
2590 5012 2923 5074 peccatores,
2945 5001 3086 5072 quod
3117 5002 3152 5055 ii
3180 5002 3272 5071 qui
3302 5003 3353 5056 in
3395 5003 3514 5073 lege
3547 5004 3843 5073 justilicati

2239 5112 2344 5150 non
2376 5096 2622 5159 fuerant,
2667 5108 2840 5163 neque
2892 5109 2989 5163 per
3038 5106 3205 5163 opera
3234 5110 3248 5160 ;
3300 5094 3335 5148 ii
3366 5108 3588 5164 repente
3617 5112 3719 5164 per
3746 5116 3844 5153 So-

2237 5188 2343 5243 lam
2363 5187 2518 5242 fidem
2546 5187 2749 5259 primas
2775 5187 3158 5257 consequuturi
3180 5196 3383 5241 essent.
3404 5187 3637 5241 Plurima
3669 5192 3849 5259 igitur

2235 5292 2291 5336 et
2316 5283 2369 5334 in
2397 5280 2637 5351 Epistola
2668 5279 2734 5333 ad
2765 5278 3036 5333 Romanos
3060 5320 3075 5346 ,
3109 5279 3335 5349 plurima
3359 5280 3448 5335 hic
3474 5296 3691 5352 quoque
3736 5285 3847 5338 hac

2235 5373 2305 5429 de
2332 5387 2390 5427 re
2436 5372 2673 5427 disserit.
2705 5372 2924 5438 Fidelis,
2958 5373 3150 5442 inquit,
3201 5389 3362 5427 sermo
3401 5384 3448 5427 et
3494 5376 3631 5426 onmi
3683 5393 3847 5429 acce-

2236 5463 2409 5532 ptione
2438 5463 2640 5533 dignus,
2672 5463 2909 5533 quoniam
2929 5461 3157 5518 Christus
3184 5448 3333 5518 Jesus
3362 5465 3560 5517 venitin
3579 5470 3849 5519 mundun;

2238 5567 2521 5625 peccatores
2551 5558 2717 5611 salvos
2744 5559 2928 5629 facere,
2955 5573 3169 5624 quorum
3196 5558 3389 5621 primus
3417 5574 3506 5628 ego
3531 5574 3669 5611 sum.
3697 5559 3850 5625 Quia

2237 5651 2379 5705 enim
2409 5649 2579 5705 Judaei
2607 5649 2710 5704 hoc
2755 5651 2985 5704 maxime
3012 5650 3424 5717 alliciebantur,
3453 5650 3645 5703 suadet
3672 5651 3756 5704 eis
3781 5664 3855 5705 ut

2239 5757 2307 5795 ne
2328 5741 2430 5811 legi
2447 5741 2726 5796 attendant
2743 5784 2758 5808 ,
2785 5742 2928 5813 quod
2951 5756 3048 5813 per
3075 5743 3220 5797 illam
3244 5758 3350 5797 non
3369 5750 3601 5815 possent
3618 5742 3747 5799 sine
3777 5746 3853 5796 ti-

2238 5836 2305 5892 de
2334 5837 2555 5893 salutem
2584 5837 2857 5906 consequi.
2887 5836 3154 5891 Adversus
3184 5836 3284 5892 hoc
3306 5836 3461 5904 igitur
3479 5847 3708 5904 pugnat.
3741 5836 3845 5891 ln-
