4090 6396
380 474 439 528 δὲ
469 471 793 545 παρασίτοις
815 512 832 538 ,
860 473 912 527 οἰ
945 471 1002 526 δὲ
1032 469 1269 535 κόλαξιν,
1314 472 1363 522 οἱ
1392 469 1447 523 δὲ
1475 470 1669 541 τέρασι
1702 472 1796 523 καὶ
1845 488 1957 541 μω-

384 559 500 628 ροῖς
525 557 622 611 καί
655 559 866 621 νάννοις
886 574 902 589 ·
931 556 1027 610 καὶ
1056 556 1166 627 γὰρ
1214 554 1286 607 τὰ
1320 554 1422 623 τῆς
1459 554 1675 623 φύσεως
1706 554 1959 625 ἁμαρτή-

384 657 531 711 ματα
563 640 738 695 ταῦτα
781 642 1042 711 φέρουσιν
1085 642 1166 702 εἰς
1207 638 1420 708 τέρψιν.
1466 639 1577 691 Καὶ
1632 637 1807 706 φίλοις
1845 640 1958 701 τοῖς

380 726 550 785 ὅντως
582 724 755 794 φίλοις
796 722 1426 793 οὐδέποτεφθονοῦμεν,
1479 722 1600 775 οὑδέ
1647 720 1958 791 δακνόμεθα

380 811 445 877 τῇ
475 807 682 861 τούτων
722 809 1001 881 εὐπραγίᾳ
1020 825 1033 839 ο
1061 808 1157 863 ἐπὶ
1184 806 1242 861 δὲ
1276 806 1373 859 τοῦ
1405 804 1642 877 Χριστοῦ
1678 805 1772 858 καὶ
1798 803 1959 857 τοῦτο

379 891 662 961 πάσχομεν
682 907 697 922 ’
720 894 816 945 καί
839 891 1061 963 μείζονα
1088 891 1187 945 ίδοι
1212 908 1297 954 τις
1322 890 1388 943 ἂν
1413 890 1512 960 τὴν
1533 888 1715 958 φιλίαν
1740 888 1957 959 ἰσχύου-

380 993 509 1038 σαν,
540 976 573 1047 ἢ
603 976 695 1031 τὸν
725 976 818 1031 τοῦ
849 977 986 1030 Θεοῦ
1020 976 1206 1046 φόϐον.
1248 975 1359 1028 Καὶ
1388 974 1495 1045 γὰρ
1531 977 1560 1027 6
1602 974 1839 1037 ὕπουλος
1864 974 1957 1026 καὶ

376 1062 405 1113 6
434 1060 694 1132 φθονερὸς
727 1061 929 1132 μᾶλλον
968 1062 1062 1115 τοῦ
1099 1058 1234 1114 Θεοῦ
1262 1060 1388 1122 τοὺς
1429 1056 1751 1129 ἀνθρώπους
1790 1057 1959 1110 αἰδεῖ-

375 1162 486 1198 ται.
534 1145 677 1209 Πῶς,
708 1144 821 1215 ἐγὼ
864 1144 1007 1213 λέγω
1027 1161 1041 1175 ο
1070 1144 1153 1198 ὅτι
1186 1142 1279 1196 τοῦ
1321 1142 1419 1212 μὲν
1458 1141 1595 1195 Θεοῦ
1622 1140 1858 1211 ὁρῶντος
1889 1139 1956 1193 τά

376 1228 519 1282 κατά
552 1228 803 1300 καρδίαν,
837 1229 937 1282 οὐκ
966 1228 1263 1296 ἀφίσταται
1293 1226 1583 1296 ἄνθρωπος
1629 1225 1816 1289 δόλους
1858 1226 1956 1295 ῥά-

376 1328 527 1365 πτων
552 1329 567 1342 ·
591 1311 656 1365 ἂν
685 1312 739 1364 δὲ
766 1311 1054 1382 ἄνθρωπον
1084 1311 1168 1381 ίδῃ
1200 1309 1485 1379 ἄνθρωπος
1504 1349 1518 1373 ,
1551 1308 1797 1362 ἀπόλωλε
1819 1347 1833 1371 ,
1862 1309 1956 1361 καὶ

376 1394 625 1466 ἐρυθριᾷ.
658 1394 723 1446 Τί
757 1393 907 1466 [566]
938 1394 1096 1448 τοῦτο
1132 1393 1314 1462 λέγω;
1354 1392 1499 1463 Πρὸς
1535 1392 1686 1461 φίλον
1722 1391 1820 1461 μὲν
1856 1408 1956 1443 κα-

374 1481 640 1549 κούμενον
667 1477 1044 1550 ἀπερχόμεθα,
1071 1478 1173 1532 κᾶν
1214 1478 1412 1548 μικρόν
1439 1494 1491 1529 τι
1530 1475 1952 1545 ἀναϐαλώμεθα,

375 1562 691 1634 φοϐούμεθα
748 1563 824 1634 μὴ
881 1561 1395 1630 καταγνωσθῶμεν·
1449 1559 1544 1613 τοῦ
1595 1559 1653 1613 δέ
1715 1559 1953 1630 Χριστοῦ

373 1648 631 1708 πολλάκις
667 1649 724 1701 ἐν
772 1646 995 1718 δεσμοῖς
1035 1644 1432 1709 ἀποθανόντος,
1476 1643 1597 1697 οὐδὲ
1637 1642 1953 1712 ἐπεσκεψά-

375 1732 541 1804 μεθα.
594 1731 704 1785 Καὶ
746 1730 882 1802 πρὸς
912 1731 1042 1793 τοὺς
1086 1729 1276 1799 φίλους
1307 1728 1365 1781 δὲ
1404 1728 1532 1790 τοὺς
1562 1728 1810 1789 πιστοὺς,
1849 1726 1951 1779 οὐκ

372 1815 562 1885 ἐπειδὴ
586 1812 768 1867 πιστοί
790 1815 932 1867 εἰσιν
950 1855 965 1878 ,
997 1812 1354 1883 ἀπερχόμεθα
1376 1851 1391 1875 ,
1420 1809 1536 1865 ἀλλ’
1560 1809 1750 1879 ἐπειδὴ
1784 1808 1950 1879 φίλοι.

442 1900 507 1954 δ’.
525 1900 690 1970 Ὁρᾷς
727 1897 878 1951 οὐδὲν
896 1897 1047 1968 φόϐῳ
1071 1896 1207 1950 Θεοῦ
1236 1896 1542 1966 γινόμενον,
1570 1894 1691 1948 οὐδὲ
1717 1894 1795 1964 τῷ
1822 1894 1953 1964 περὶ

372 1983 534 2039 αὐτὸν
566 1982 805 2053 φίλτρῳ,
847 1981 986 2035 ἀλλὰ
1016 1981 1087 2033 τά
1119 1980 1219 2051 μὲν
1243 1979 1431 2050 φιλίᾳ,
1467 1978 1537 2031 τὰ
1564 1978 1620 2032 δὲ
1657 1978 1948 2049 συνηθείᾳ;

383 2066 649 2139 Ὀρῶντες
697 2067 849 2134 φίλον
881 2063 1291 2137 ἀποδημοῦντα,
1324 2063 1617 2133 κλαίομεν,
1656 2063 1948 2132 στένομεν,

370 2152 437 2206 ἂν
467 2152 524 2204 δὲ
556 2152 648 2204 καὶ
685 2150 1029 2204 ἀποθανόντα
1065 2149 1287 2219 ἴδωμεν,
1329 2146 1708 2219 όλοφυρόμεθα
1727 2187 1741 2212 ,
1771 2148 1950 2201 καίτοι

370 2254 435 2306 γε
464 2236 667 2298 εἰδότες
695 2236 779 2287 ὅτι
817 2236 879 2287 ού
910 2232 1204 2295 διαπαντὸς
1233 2231 1393 2303 ἡμῶν
1419 2232 1803 2303 διαστήσεται,
1835 2230 1950 2283 ἀλλ’

369 2321 533 2374 αὑτὸν
571 2322 628 2373 ἐν
666 2321 731 2391 τῇ
776 2318 1071 2372 ἀναστάσει
1116 2314 1545 2386 ἀποληψόμεθαο
1575 2313 1669 2368 τοῦ
1716 2314 1772 2367 δὲ
1817 2315 1953 2385 Χρι-

372 2406 499 2460 στοῦ
527 2404 902 2475 χωριζομένου
933 2402 1090 2474 ἡμῶν
1119 2401 1243 2454 καθ’
1272 2401 1511 2471 ἑκάστην
1534 2400 1779 2470 ἡμέραν,
1816 2399 1951 2469 μᾶλ-

369 2491 463 2543 λον
506 2490 560 2542 δέ
588 2488 681 2541 τὸν
727 2487 963 2556 Χριστὸν
1012 2487 1136 2540 καθ’
1178 2487 1415 2557 ἑκάστην
1458 2484 1672 2556 ἡμέραν
1710 2483 1951 2539 ἀπελαύ-

370 2590 553 2635 νοντες
583 2570 678 2640 ἀφ’
696 2570 877 2642 ἡμῶν,
904 2571 1005 2624 οὐκ
1030 2568 1331 2640 ἁλγοῦμεν,
1363 2568 1483 2622 οὐδὲ
1505 2568 1677 2621 δεινόν
1705 2584 1758 2619 τι
1778 2570 1951 2621 ποιεῖν

368 2657 684 2728 νομίζομεν,
718 2654 1053 2719 ἀδικοῦντες,
1088 2652 1406 2718 λυποῦντες,
1440 2650 1852 2721 παροξύνοντες,
1885 2651 1953 2704 τὰ

371 2743 448 2814 μὴ
500 2741 762 2795 δοκοῦντα
803 2739 955 2810 αὐτῷ
1006 2739 1363 2811 πράσσοντες.
1421 2735 1560 2788 Ἀλλ’
1602 2733 1757 2788 οῦπω
1794 2734 1952 2788 τοῦτο

369 2826 620 2898 φρικτὸν,
666 2826 716 2878 εί
767 2825 902 2895 μηδὲ
937 2824 1014 2887 ὡς
1053 2822 1191 2894 φίλῳ
1241 2819 1391 2891 αὑτῷ
1432 2820 1789 2891 κεχρήμεθαο
1839 2820 1950 2887 ἐγὼ

366 2912 479 2982 γὰρ
505 2911 684 2978 δείξω,
717 2911 801 2963 ὅτι
845 2909 940 2962 καὶ
968 2908 1044 2973 ὡς
1072 2906 1254 2979 ἐχθρῷ
1291 2904 1443 2977 αύτῷ
1470 2902 1753 2975 χρώμεθα.
1792 2904 1948 2968 Πῶςς

373 2996 445 3049 Τὸ
486 2996 764 3064 φρόνημα
792 2990 903 3060 τῆς
940 2991 1169 3061 σαρκὸς
1188 3032 1202 3056 ,
1248 2990 1410 3060 φησὶν
1432 2991 1460 3042 6
1491 2988 1700 3051 Παῦλος
1720 3028 1734 3053 ,
1769 2988 1952 3055 ἔχθρα

367 3083 454 3146 εἰς
484 3078 652 3133 Θεὸν.
693 3078 886 3145 Ἡμεῖς
905 3075 962 3129 δέ
992 3076 1152 3128 τοῦτο
1187 3074 1287 3143 μὲν
1320 3073 1409 3126 ἀεὶ
1443 3071 1835 3142 περιφέρομεν,
1860 3072 1951 3125 τὸν

365 3164 425 3218 δὲ
462 3162 699 3234 Χριστὸν
747 3160 835 3214 ἀεὶ
895 3158 1222 3230 βουλόμενον
1274 3158 1409 3227 ἡμῖν
1455 3155 1796 3225 ἐπιτρέχειν,
1855 3156 1950 3208 καὶ

367 3239 507 3317 πρὸς
536 3247 637 3308 τὰς
672 3245 842 3315 θύρας
879 3243 1039 3314 ἡμῶν
1086 3242 1382 3313 ἐρχόμενον
1409 3238 1678 3310 διώκομεν
1711 3238 1797 3309 (αί
1840 3238 1949 3308 γὰρ

366 3331 606 3402 πονηραὶ
652 3330 884 3401 πράξεις
912 3327 1071 3381 τοῦτο
1102 3321 1466 3397 ἐργάζονται)
1492 3339 1506 3354 ο
1547 3323 1642 3376 καὶ
1686 3321 1948 3392 ποιοῦμεν

366 3413 531 3469 αὐτὸν
570 3413 889 3485 ὑϐρίζεσθαι
942 3410 1065 3465 καθ’
1119 3410 1358 3479 ἐκάστην
1413 3406 1659 3478 ἡμέραν,
1715 3405 1806 3458 διά
1850 3406 1948 3468 τὰς

366 3494 685 3561 πλεονεξίας
729 3494 912 3567 ἡμῶν,
952 3494 1041 3571 διά
1073 3493 1174 3556 τὰς
1222 3490 1496 3563 ἁρπαγάς.
1530 3487 1822 3573 Δοξάζεταί
1861 3504 1944 3551 τις

369 3580 695 3652 εὐδοκιμῶν,
727 3581 823 3634 καὶ
850 3580 916 3633 τὰ
952 3577 1116 3632 αὐτοῦ
1146 3575 1538 3647 φθεγγόμενος,
1570 3574 1664 3626 καὶ
1688 3572 1787 3642 τὴν
1824 3573 1946 3625 Ἐκ-

367 3666 599 3736 κλησίαν
626 3663 882 3735 ώφελῶν;
933 3664 1029 3717 καὶ
1071 3664 1232 3734 ἡμεῖς
1276 3659 1450 3729 τούτῳ
1480 3655 1820 3727 φθονοῦμεν,
1861 3656 1943 3708 ὅτι

365 3750 438 3803 τὰ
470 3749 564 3803 τοῦ
602 3749 738 3802 Θεοῦ
779 3748 1107 3819 ἐργάζεται·
1142 3746 1236 3799 καὶ
1278 3742 1542 3813 δοκοῦμεν
1581 3740 1681 3811 μὲν
1727 3739 1943 3809 φθονεῖν

367 3834 579 3904 ἐκείνῳ,
614 3834 644 3885 6
672 3833 727 3886 δὲ
761 3834 953 3903 φθόνος
990 3829 1255 3885 διαϐαίνει
1284 3829 1365 3889 είς
1401 3825 1659 3897 Χριστόν.
1698 3822 1798 3887 Οὒ,
1842 3840 1947 3892 φη-

367 3919 486 3993 σζν,
522 3917 659 3971 ἀλλά
689 3915 993 3988 βουλόμεθα
1029 3916 1090 3968 οὐ
1125 3913 1195 3967 δι’
1240 3912 1476 3981 ἐτέρων,
1509 3907 1647 3993 ἀλλά
1688 3907 1759 3993 διῖ
1782 3906 1944 3993 ἡμῶν

365 3990 463 4073 τήν
488 4002 759 4071 ὠφέλειαν
784 4001 1055 4069 γίνεσθαι.
1084 3998 1160 4052 Ού
1190 3996 1278 4051 διὰ
1307 3996 1398 4048 τὸν
1420 3992 1679 4064 Χριστὸν,
1711 3990 1849 4047 ἀλλά
1877 3991 1947 4073 δι’

365 4069 514 4156 ἡμᾶς
535 4069 558 4117 ί
591 4087 715 4140 ἐπεὶ
762 4088 813 4139 εί
854 4084 945 4139 διὰ
987 4083 1079 4138 τὸν
1128 4078 1398 4154 Χριστὸν,
1427 4078 1719 4147 ἀδιάφορον
1758 4075 1826 4129 ἂν
1876 4069 1946 4145 ἦν

1303 352 1367 407 ΙΝ
1410 350 1625 440 ξΣΡΙΞΤ.
1664 353 1683 406 l
1725 350 1815 404 AD
1847 348 2137 408 TIMOTH.
2168 352 2326 407 CAP.
2369 351 2388 405 l
2428 350 2657 407 IIOMIL.
2698 350 2789 407 IV.

3544 359 3647 411 5'20

2061 470 2194 541 ἡμῖν
2234 470 2295 523 τὸ
2326 470 2422 523 καὶ
2466 470 2535 522 δι’
2567 469 2800 542 ἐτέρων,
2847 471 2945 524 καὶ
2977 470 3045 525 δι’
3081 469 3241 543 ἡμῶν
3276 471 3453 527 ταῦτα
3496 476 3647 544 γίνε-

2063 554 2209 609 σθαι.
2254 556 2393 609 Εἰπέ
2424 556 2533 627 γάρ
2567 573 2691 625 μοι,
2725 555 2779 607 εί
2813 572 2899 620 τις
2934 556 3119 628 ἰατρὸς
3167 556 3335 611 παῖδα
3382 557 3522 627 έχων
3564 579 3649 613 τυ-

2061 637 2325 704 φλοῦσθαι
2352 638 2637 708 μέλλοντα,
2656 638 2819 703 αὐτὸς
2848 640 2946 710 μὲν
2969 639 3323 711 ἐξασθενήσει
3341 655 3366 683 ο
3390 641 3529 711 πρὸς
3548 644 3649 718 τὴν

2064 720 2328 792 ἰατρείαν,
2359 722 2548 792 ἓτερον
2590 721 2648 775 δέ
2687 722 2842 792 εὖροι
2872 723 3175 794 δυνάμενον
3209 723 3369 777 τοῦτο
3416 726 3649 796 ἐργάζε-

2060 800 2321 876 σθαι,ἆρα
2346 806 2414 859 ἂν
2444 806 2726 877 ἀπήλασεν
2750 808 2947 872 αὑτόν;
2975 808 3262 879 Οὐδαμῶς
3285 808 3421 863 ἀλλὰ
3459 829 3649 883 μονον-

2056 890 2179 959 ουχὶ
2217 891 2332 959 ἐρεῖ
2366 890 2501 961 πρὸς
2556 891 2753 945 αὐτόν’
2795 891 2922 945 Εἴτε
2961 892 3050 946 διά
3082 892 3199 957 σοῦ,
3230 893 3342 947 εἴτε
3377 894 3445 947 δι’
3484 895 3644 965 ἐμοῦ,

2057 972 2128 1023 τά
2167 974 2267 1041 τῆς
2310 973 2582 1042 ὠφελείας
2628 974 2883 1041 γινέσθω.
2937 976 3002 1029 Τί
3035 977 3273 1048 δήποτε;
3307 978 3431 1031 ’Ότι
3470 979 3532 1030 οὐ
3583 980 3646 1033 τὸ

2057 1055 2253 1108 ἐαυτοῦ
2282 1058 2403 1127 ὁρᾷ,
2443 1057 2581 1110 ἀλλά
2618 1058 2680 1111 τὸ
2715 1058 2795 1129 τῷ
2827 1060 2981 1113 παιδὶ
3018 1060 3321 1131 συμφέρον.
3354 1060 3514 1115 Οῦτω
3547 1066 3645 1116 καὶ

2057 1139 2238 1209 ἡμεῖς,
2274 1142 2324 1192 εἰ
2358 1142 2419 1193 τὸ
2441 1142 2535 1195 τοῦ
2567 1142 2805 1214 Χριστοῦ
2836 1142 3121 1214 ἑωρῶμεν,
3154 1145 3383 1215 εἴπομεν
3408 1144 3493 1207 ἂν,
3518 1147 3641 1200 Είτε

2056 1222 2123 1275 δι’
2145 1222 2320 1294 ἡμῶν,
2346 1226 2455 1277 εἴτε
2478 1224 2542 1278 δι’
2570 1226 2763 1304 ἐτέρρυ
2788 1226 2955 1292 τινὸς,
2972 1226 3033 1279 τὸ
3058 1225 3337 1291 λυσιτελὲς
3367 1229 3603 1296 γινέσθω
3620 1248 3637 1262 ’

2052 1307 2188 1361 Εἴτε
2218 1308 2491 1376 ἀληθείᾳ,
2522 1310 2642 1363 εἴτε
2663 1308 2982 1380 προφάσει,
3021 1311 3176 1380 φησί,
3211 1313 3466 1380 Χριστὸς
3503 1330 3645 1367 κατ-

2054 1393 2433 1461 αγγέλλεται.
2504 1396 2704 1448 Ἀκουε
2755 1394 2865 1465 γὰρ
2914 1394 3011 1447 τοῦ
3064 1396 3344 1461 Μωῦοέως
3389 1396 3643 1465 λέγοντος

2057 1476 2195 1546 πρὸς
2231 1477 2359 1540 τοὺς
2401 1477 2705 1549 παροξῦναι
2752 1478 2917 1532 αὐτὸν
2949 1478 3346 1550 βουλομένους,
3392 1482 3558 1551 ἡνίκα
3591 1483 3641 1535 οἱ

2055 1560 2185 1630 περί¹
2240 1560 2427 1615 Ἐλδὰδ
2471 1564 2568 1615 καὶ
2603 1562 2803 1615 Μωδὰδ
2847 1565 3249 1635 προεφήτευοψ
3291 1565 3389 1633 Μὴ
3443 1563 3641 1632 ζηλοῖς

2054 1645 2138 1699 σὺ
2180 1645 2349 1714 ἐμοί’
2389 1645 2489 1699 καὶ
2530 1647 2624 1713 τίς
2665 1646 2785 1713 δῴη
2839 1647 3038 1700 πάντα
3081 1647 3189 1701 τὸν
3217 1649 3375 1703 λαὸν
3417 1650 3640 1719 Κυρίου

2051 1728 2368 1799 προφήτας
2406 1725 2597 1796 alma;
2625 1730 2813 1784 Ταῦτα
2864 1731 2922 1783 δέ
2966 1732 3146 1785 πάντα
3186 1732 3295 1785 ἀπὸ
3335 1733 3641 1803 φιλοδοξίας

2050 1813 2286 1883 γίνεται.
2311 1809 2459 1885 Ἀρα
2486 1816 2587 1868 οὐκ
2615 1814 2832 1885 ἐχθρῶν
2868 1813 3044 1869 ταῦτα
3078 1816 3176 1869 καὶ
3205 1816 3516 1887 πολεμίωνξ;

2123 1891 2263 1951 Εἰπέ
2295 1897 2357 1950 σέ
2382 1915 2467 1963 τις
2495 1897 2683 1962 κακῶς
2707 1915 2722 1963 ;
2750 1897 3035 1969 ἀγάπησον
3061 1899 3225 1953 αὐτὸν
3258 1899 3343 1953 σύ.
3374 1901 3484 1954 Καὶ
3519 1901 3639 1965 πῶς

2049 1979 2311 2048 δυνατόν;
2343 1981 2602 2046 Δυνατὸν,
2641 1983 2736 2035 καὶ
2779 1982 2987 2052 σφόδρα
3024 1981 3286 2050 δυνατὸν,
3316 1983 3412 2036 ἐάν
3451 1982 3635 2054 θέλῃς.

2055 2064 2153 2117 Ἀν
2174 2064 2231 2117 δὲ
2258 2066 2440 2129 καλῶς
2465 2067 2691 2120 εἰπόντα
2715 2067 2969 2139 φιλήσῃς,
3001 2068 3102 2120 ούκ
3139 2068 3219 2120 ἔτι
3250 2084 3333 2119 σοι
3362 2067 3522 2138 χάρις
3540 2084 3553 2097 ’
3574 2070 3635 2120 οῦ

2051 2148 2160 2218 γὰρ
2207 2148 2295 2202 διὰ
2325 2149 2418 2202 τὸν
2449 2150 2655 2220 Κύριον
2675 2191 2691 2214 ,
2730 2149 2868 2203 ἀλλὰ
2911 2150 2997 2203 διὰ
3025 2149 3124 2221 τὴν
3166 2151 3446 2221 εὐφημίαν
3478 2150 3638 2205 τοῦτο

2051 2232 2379 2304 πεποίηκας.
2421 2233 2664 2303 Ἔϐλαψέ
2698 2234 2758 2286 σέ
2799 2233 2950 2305 [567]
2981 2250 3098 2298 τις;
3135 2236 3498 2306 εύεργέτησον
3520 2254 3532 2268 ο
3570 2237 3637 2289 ἂν

2050 2315 2108 2369 δέ
2155 2316 2518 2388 ὠφελήσαντα
2556 2317 2846 2391 ώφελήσῃς
2869 2359 2884 2383 ,
2938 2319 3089 2373 οὐδὲν
3129 2320 3272 2389 μέγα
3305 2320 3635 2390 πεποίηκας.

2063 2398 2358 2472 Ἦδικήθης
2383 2402 2479 2455 καὶ
2504 2400 2822 2472 ἐζημιώθης
2849 2401 2919 2455 τά
2946 2402 3194 2473 μεγάλα;
3228 2406 3343 2467 τοῖς
3370 2405 3638 2467 ἐναντίοις

2050 2482 2393 2554 ἀμείψασθαι
2434 2485 2755 2539 σπούδασον.
2795 2486 2926 2554 Ναὶ,
2959 2487 3288 2555 παρακαλῶ,
3323 2489 3466 2542 οὕτω
3501 2489 3636 2542 διοι-

2056 2566 2244 2637 κῶμεν
2273 2569 2341 2621 τὰ
2367 2568 2489 2622 καθ’
2517 2568 2746 2632 ἑαυτούς
2771 2586 2785 2601 ·
2812 2570 3150 2641 παυσώμεθα
3175 2570 3271 2623 τοῦ
3302 2572 3511 2625 ἀδικεῖν
3542 2572 3638 2624 καὶ

2055 2653 2235 2720 μισεῖν
2276 2652 2403 2715 τοὺς
2434 2651 2700 2724 ἐχθρούς⁸
2747 2652 2910 2717 αὐτὸς
2956 2655 3084 2717 τοὺς
3138 2653 3368 2725 ἐχθροὺς
3422 2654 3636 2707 κελεύει

2052 2733 2248 2801 φιλεῖν,
2282 2736 2442 2804 ἡμεῖς
2483 2735 2541 2787 δὲ
2586 2738 2680 2788 καὶ
2712 2736 2876 2789 αὐτὸν
2914 2736 3176 2805 φιλοῦντα
3208 2735 3500 2807 διώκομεν.
3542 2738 3635 2808 Μὴ

2051 2819 2279 2887 γένοιτο,
2307 2820 2462 2889 φησί.
2496 2820 2585 2890 Τῷ
2615 2822 2821 2891 ῥήματι
2842 2820 3002 2873 τοῦτο
3031 2821 3232 2882 πάντες
3256 2819 3632 2890 φθεγγόμεθα,

2050 2902 2141 2955 διά
2158 2902 2216 2956 δέ
2243 2902 2351 2955 τῶν
2384 2903 2562 2974 ἔργων
2598 2903 2658 2956 οὐ
2700 2905 2919 2967 πάντες.
2960 2903 3211 2973 Τοσαύτη
3252 2905 3284 2973 ἡ
3323 2904 3422 2975 τῆς
3448 2905 3634 2975 ἁμαρ-

2054 2985 2176 3049 τίας
2230 2986 2534 3052 σκὸτωσις,
2586 2988 2669 3040 ὃτι
2719 2988 2865 3061 ἆπερ
2899 2987 2999 3040 οὐκ
3050 2986 3164 3040 ἐστι
3202 2987 3347 3058 λόγῳ
3388 2990 3631 3059 φορητὰ,

2052 3068 2225 3122 ταῦτα
2253 3069 2320 3122 δι’
2341 3069 2520 3141 ἔργων
2546 3071 2759 3139 φορητά
2779 3073 2948 3125 ἐστιν.
2990 3068 3340 3140 Ἀπιστῶμεν
3366 3069 3464 3139 ὀψὲ
3490 3071 3621 3140 γοῦν

2051 3173 2182 3209 ποτε
2221 3155 2330 3208 τῶν
2360 3156 2704 3227 βλαπτόντων
2746 3158 2842 3210 καὶ
2883 3155 3301 3226 λυμαινομένων
3340 3155 3497 3226 ἡμῶν
3533 3156 3633 3226 τὴν

2051 3239 2353 3310 σωτηρίαν,
2387 3241 2474 3294 ἵνα
2504 3239 2756 3309 τύχωμεν
2785 3232 2859 3292 ῶν
2882 3240 3010 3300 τοὺς
3036 3238 3225 3307 φίλους
3254 3238 3401 3301 εἰκὸς
3425 3241 3629 3309 τυχεῖν.

2050 3322 2214 3378 Θέλω
2239 3323 2376 3394 γὰρ,
2419 3324 2585 3395 φησὶν
2605 3362 2622 3387 ,
2653 3323 2753 3388 ἵν’,
2786 3323 2939 3377 ὅπου
2975 3322 3092 3391 εἰμὶ
3126 3320 3275 3391 ἐγὼ,
3310 3316 3422 3375 ὦσι
3451 3321 3549 3374 καὶ
3578 3326 3633 3375 οἱ

2042 3407 2303 3475 μαθηταί
2318 3424 2460 3476 μου,
2493 3407 2593 3459 ἵνα
2616 3405 2731 3473 τὴν
2749 3406 2939 3470 δόξαν
2965 3406 3148 3472 ὁρῶσι
3177 3403 3293 3472 τὴν
3319 3403 3492 3473 ἐμήν.
3522 3398 3634 3469 Ἧς

2046 3490 2257 3558 γένοιτο
2294 3489 2504 3553 πάντας
2543 3491 2691 3559 ἡμᾶς
2730 3491 3040 3559 ἐπιτυχεῖν,
3082 3488 3268 3559 χάριτι
3311 3489 3405 3541 καὶ
3438 3488 3632 3556 φιλαν-

2049 3572 2269 3644 θρωπίᾳ
2302 3572 2397 3626 τοῦ
2440 3574 2647 3643 Κυρίου
2678 3573 2835 3643 ἡμῶν
2888 3570 3065 3642 Ἰησοῦ
3106 3569 3381 3641 Χριστοῦ,
3413 3569 3534 3642 μεθ’
3568 3566 3631 3627 οἷ

2048 3657 2128 3729 τῷ
2174 3658 2350 3728 Πατρὶ
2389 3656 2509 3727 ἅμα
2549 3656 2628 3726 τῷ
2679 3657 2821 3727 ἁγίῳ
2872 3656 3156 3727 Πνεύματι
3193 3655 3352 3722 δόξα,
3390 3657 3627 3728 κράτος,

2046 3741 2203 3812 τιμή,
2233 3740 2329 3795 νῦν
2360 3744 2453 3795 καὶ
2485 3743 2592 3809 ἀεὶ,
2626 3741 2721 3795 καὶ
2742 3743 2824 3806 είς
2851 3742 2979 3807 τοὺς
3006 3740 3214 3806 αἰῶνας
3251 3740 3362 3795 τῶν
3391 3740 3625 3796 αἰώνων.

2059 3826 2251 3897 Ἀμήν.

2109 4083 2136 4112 ⁸
2161 4081 2446 4144 Legendum
2462 4082 2781 4141 ἐξασθενήσοι.

1846 4391 2095 4445 ΟΜΙΛῙΑ
2133 4392 2207 4445 Δ’.

368 4518 591 4584 Πιστὸς
627 4521 659 4573 ὁ
690 4520 891 4587 λόγος,
933 4519 1034 4572 καί
1074 4518 1275 4585 πάσης
1296 4513 1604 4586 ἀποδοχῆς
1627 4514 1819 4587 ἄξιος,
1851 4509 1943 4563 ὅτι

437 4583 693 4657 Χριστὸς
738 4583 988 4657 Ἰηοέοῦςί
1008 4588 1198 4657 ἦλθεν
1228 4583 1318 4654 εἰς
1356 4589 1465 4641 τὸν
1489 4583 1724 4657 κόσμον
1760 4583 1943 4657 dpqu

438 4650 888 4725 tédobq'a'é'xirat
907 4698 923 4723 .
946 4650 1045 4713 En"
1067 4650 1309 4727 πρῶτός
1326 4659 1441 4727 εἶμι
1459 4656 1591 4726 ἐγώ.
1607 4650 1816 4727 ’,Ἀλλᾲ
1845 4650 1945 4703 διὰ

438 4730 614 4783 τοῦτο
642 4722 942 4797 ἠλεήθην,
974 4731 1075 4784 ἵνα
1106 4722 1176 4783 ἓν
1207 4722 1337 4798 ἐμοὶ
1374 4722 1583 4795 ξττρώτῳ
1606 4722 1944 4798 ἐνδείξηται

451 4795 688 4866 Ἰησοῦς
727 4795 982 4866 Χριστὸς
1038 4799 1155 4867 τὴν
1196 4795 1443 4855 ἅπασαν
1489 4795 1941 4867 μακροθυμίαν,

437 4863 586 4936 πρὸς
638 4863 1033 4923 ὑποτύπωσιν
1081 4863 1202 4923 τῶν
1232 4863 1587 4939 μελλόντων
1613 4863 1946 4919 πιστεύειν

434 4940 527 4993 ἐπ’
558 4939 717 5005 αὐτῷ
748 4942 834 5005 εὶς
865 4938 1018 5009 ζωην
1038 4938 1299 4994 αἰώνιον.

433 5074 508 5123 α’.
532 5066 690 5121 Οὕτω
718 5067 951 5139 μεγάλαι
972 5068 1110 5122 εἰσὶν
1136 5069 1192 5121 αἰ
1213 5063 1630 5137 εύεργεσίαιτοῦ
1662 5061 1819 5123 Θεοῦ,
1848 5061 1943 5114 καὶ

362 5159 547 5208 πᾶσαν
590 5152 942 5225 ἀνθρωπίνην
991 5151 1418 5225 ὑπερϐαίνουσαι
1470 5147 1802 5222 προσδοκίαν
1850 5146 1943 5197 καί.

365 5237 575 5302 ἐλπίδα,
618 5237 694 5301 ὼς
726 5237 994 5308 πολλαχοῦ
1021 5239 1117 5291 καὶ
1156 5234 1524 5290 ἀπιστεῖσθαι.
1562 5236 1629 5286 Ἃ
1662 5233 1772 5304 γὰρ
1806 5233 1942 5301 μήτε

363 5320 636 5391 ἐνενόησε,
670 5323 809 5391 μήτε
832 5322 1203 5392 προσεδόκησε
1227 5320 1350 5383 νοῦς
1374 5316 1738 5390 ἀνθρώπινος,
1768 5314 1940 5368 ταῦτα

363 5409 497 5477 ἡμῖν
526 5407 841 5476 ἐχαρίσατο.
885 5406 985 5460 Διά
1011 5407 1170 5459 τοῦτο
1208 5405 1302 5458 καὶ
1337 5403 1504 5457 πολὺν
1558 5404 1607 5456 οἰ
1652 5399 1942 5456 ἀπόστολοι

361 5489 523 5557 λόγον
552 5490 693 5553 ὑπὲρ
728 5490 918 5543 τούτου
958 5490 1260 5553 ποιοῦνται,
1292 5488 1433 5540 ὥστε
1481 5486 1839 5555 πιστευθῆναι
1872 5483 1941 5537 τὰ

363 5573 512 5643 δῶρα
553 5573 621 5627 τά
650 5574 801 5645 παρά
823 5573 918 5627 τοῦ
962 5571 1098 5627 Θεοῦ
1122 5574 1253 5644 ἡμῖν
1280 5569 1719 5641 παρασχεθέντα.
1755 5567 1940 5621 Καθά-

426 5707 451 5770 _'
478 5706 613 5755 Hanc
636 5706 817 5770 variam
843 5707 1113 5757 lectionem
1146 5707 1291 5756 affert
1315 5704 1549 5768 Savilius,
1576 5706 1789 5770 καθάπερ
1828 5706 1937 5770 γὰρ,

363 5768 441 5815 ἐπὶ
472 5770 567 5815 τῶν
598 5770 707 5832 παρ’
729 5769 840 5831 ἡμῖν
868 5770 1083 5833 μεγάλων
1106 5770 1415 5833 πραγμάτων.

2048 4522 2156 4577 περ
2193 4503 2303 4576 γάρ
2336 4504 2428 4557 ἐπὶ¹
2475 4501 2589 4556 τῶν
2632 4500 2884 4572 μεγάλων
2926 4500 3197 4570 ἀγαθῶνει
3224 4501 3384 4555 τοῦτο
3422 4504 3627 4575 πάσχο-

2050 4604 2172 4659 μεν,
2210 4583 2320 4658 ἆρα
2355 4585 2431 4656 μὴ
2478 4584 2609 4656 ὄναρ
2654 4585 2838 4650 ἐστίν;
2882 4583 3169 4652 λέγοντες,
3209 4582 3289 4654 τῷ
3332 4587 3584 4641 ἀπιστεῖν
3608 4602 3623 4615 ·

2046 4670 2189 4725 οὕτω
2218 4670 2314 4723 καὶ
2362 4669 2457 4721 ἐπὶ
2500 4668 2610 4721 τῶν
2645 4668 2740 4721 τοῦ
2791 4667 2927 4722 Θεοῦ
2960 4668 3198 4739 δωρεῶν.
3228 4669 3293 4721 Τί
3335 4665 3428 4722 οῦν
3463 4665 3532 4741 ἦν
3564 4670 3627 4723 τὸ

2045 4755 2485 4823 ἁπιστούμενον;
2521 4752 2585 4804 Εἰ
2626 4753 2676 4803 οἰ
2719 4751 2925 4822 ἐχθροὶ,
2954 4754 3005 4804 εἰ
3032 4753 3081 4805 οί
3115 4752 3454 4823 ἁμαρτωλοὶ,
3486 4754 3535 4806 εί
3575 4755 3625 4806 οἱ

2046 4837 2106 4889 ἐν
2157 4837 2307 4908 νόμῳ
2354 4838 2429 4908 μὴ
2467 4837 2849 4899 δικαιωθέντες
2907 4836 3044 4906 μηδέ
3097 4836 3166 4889 δι’
3218 4836 3395 4905 ἔργων
3421 4879 3436 4903 ,
3480 4832 3625 4891 οῦτοι

2046 4922 2307 4991 ἐξαίφνης
2332 4921 2420 4973 διὰ
2458 4921 2693 4982 πίστεως
2725 4920 2893 4989 μόνης
2923 4919 3149 4989 ἔμελλον
3180 4921 3290 4973 τῶν
3334 4920 3626 4989 πρωτείων

2044 5007 2349 5071 τεύξεσθαι.
2380 5005 2559 5063 Πολλά
2594 5006 2691 5076 μὲν
2716 5000 2809 5057 οῦν
2834 5006 2929 5058 καὶ
2957 5006 3015 5058 ἐν
3040 5008 3107 5076 τῇ
3138 5006 3277 5076 πρὸς
3318 5007 3628 5075 Ῥωμαίους

2046 5090 2176 5159 περὶ
2201 5089 2393 5142 τούτου
2423 5088 2725 5156 διαλέγεται
2751 5086 2847 5141 τοῦ
2885 5089 3203 5157 κεφαλαίου,
3241 5089 3413 5143 πολλά
3445 5091 3502 5144 δέ
3533 5095 3625 5143 καὶ

2045 5178 2300 5233 ἐνταῦθα.
2330 5176 2574 5243 Πιστὸς,
2606 5176 2793 5245 φησὶν,
2830 5181 2864 5231 ό
2895 5179 3099 5247 λόγος,
3125 5178 3222 5232 καί
3245 5179 3451 5247 πάσης
3476 5180 3626 5233 ἀπο-

2043 5261 2233 5331 δοχῆς
2258 5261 2449 5326 ᾶξιος,
2492 5261 2583 5315 ὅτι
2617 5261 2870 5328 Χριστὸς
2919 5262 3161 5327 Ἰησοῦς
3190 5258 3377 5331 ἦλθεν
3402 5266 3489 5329 είς
3518 5265 3626 5317 τὸν

2044 5348 2277 5414 κόσμον
2306 5343 2692 5414 ἁμαρτωλοὺς
2719 5342 2937 5407 σῶσαι,
2962 5338 3051 5397 ὧν
3074 5344 3306 5413 πρῶτός
3334 5349 3448 5414 εὶμι
3486 5347 3619 5415 ἐγώ.

2057 5428 2276 5499 Ἐπειδὴ
2314 5428 2423 5499 γὰρ
2472 5428 2712 5481 Ἰουδαῖοι
2762 5426 2938 5497 τούτῳ
2993 5428 3226 5497 μάλιστα
3272 5429 3619 5498 ἐφείλκοντο,

2044 5512 2221 5565 πείθει
2246 5511 2442 5574 αὐτοὺς
2480 5509 2560 5581 τῷ
2590 5510 2738 5581 νόμῳ
2788 5510 2863 5581 μὴ
2898 5510 3210 5581 προσέχειν,
3259 5511 3335 5576 ὡς
3367 5514 3468 5564 οὐκ
3500 5513 3623 5565 ἐνὸν

2041 5596 2109 5649 δι’
2140 5596 2350 5648 ἐκείνου
2382 5594 2623 5664 σωθῆναι
2648 5593 2885 5656 πίστεως
2916 5594 3105 5665 χωρίς.
3146 5594 3294 5667 Πρὸς
3321 5595 3479 5649 τοῦτο
3505 5597 3621 5649 τοί-

2042 5697 2137 5735 νυν
2166 5680 2418 5748 μάχεται.
2456 5676 2605 5753 [568]
2650 5678 2917 5730 Ἀπιστον
2941 5679 3051 5748 γὰρ
3077 5673 3217 5733 εἶναι
3240 5682 3434 5745 ἐδόκει,
3471 5683 3519 5734 εἰ
3555 5680 3622 5754 δὴ

2046 5761 2333 5834 ἄνθρωπος
2364 5762 2539 5817 πάντα
2562 5760 2654 5814 τὸν
2678 5760 2989 5832 ἔμπροσθεν
3016 5764 3481 5837 καταδαπανήσας
3508 5766 3619 5836 βίον
