4090 6396
462 323 557 377 52,
1172 309 1223 365 ο.
1264 306 1549 365 JOANNIS
1584 302 2073 362 cnmsos'rom
2123 305 2444 363 ARCHIEP.
2485 308 3029 368 CONSTANTINOP.

459 452 582 521 εἰκῆ
613 447 708 503 καὶ
750 443 928 516 μάτην
962 438 1020 521 ἐν
1054 436 1313 521 πονηραῖς
1340 434 1586 521 ’πράξεσι
1616 429 2025 521 καταναλώσας,

457 509 651 607 ἔμελλε
683 509 951 591 σώζεσθαι
996 518 1222 588 ὓστερον
1258 517 1366 570 ἀπὸ
1414 517 1651 577 πίστεως
1694 513 1884 584 μόνης.
1935 509 2033 562 Διὰ

456 594 612 672 τὸῦτό
641 628 793 683 φησι,
825 603 1049 669 Πιστὸς
1085 604 1117 655 ό
1151 604 1352 670 λόγος.
1402 598 1566 683 Ἀλλὰ
1590 614 1735 683 ’τινῖς
1774 596 1873 649 οὐκ
1907 594 2034 683 imi-

458 716 616 752 στουν
651 677 830 766 μόνον,
858 686 993 741 ἀλλὰ
1022 684 1116 737 καὶ
1145 683 1455 746 ἐνεκάλουν,
1483 680 1511 733 ὃ
1537 681 1631 733 καὶ
1656 678 1750 731 νῦν
1787 677 2033 731 ποιοῦσιν

455 758 719 849 Ἕλληνες
740 773 990 841 λέγοντες
1009 783 1023 797 ·
1054 764 1407 849 Ποιήσωμεν
1436 762 1521 849 τὰ-
1544 764 1719 849 κακὰ,
1752 761 1863 849 ἵνα
1884 758 2031 849 ξλθῃ

452 866 527 919 τὰ
568 842 781 930 ἀγαθά.
824 850 1043 920 Ἐπειδὴ
1086 848 1196 918 γὰρ
1233 847 1476 918 ἥκουσαν
1510 846 1796 930 λέγοντος,
1841 842 2031 930 Ὅπου

455 926 831 1002 ἐπλεόνασεν
870 938 909 1005 ’ἡ
965 933 1239 1003 ἁμαρτία,
1277 928 1941 997 ὐπερεξεπερίσσευσεν
1992 926 2031 991 ἢ

457 1030 646 1101 χάρις,
672 1022 1020 1092 διασύροντες
1041 1018 1110 1069 τά
1139 1017 1389 1085 ἡμέτερα
1418 1014 1617 1065 ἐκεῖνοι
1642 1010 1828 1077 ελεγον
1855 1009 2029 1061 τοῦτο.

633 1086 752 1162 ’καὶ
797 1086 925 1159 ὅταν
966 1101 1094 1170 περὶ
1134 1099 1360 1167 γεέννης
1404 1092 1783 1163 διαλεγώμεθα
1813 1090 2030 1154 αὐτοῖς,

456 1200 566 1251 Καὶ
607 1193 733 1257 ποῦ,
772 1189 925 1260 φασὶ,
966 1186 1144 1239 ταῦτα
1190 1182 1317 1248 ἄξια
1346 1179 1505 1249 Θεοῦ,
1538 1180 1588 1231 εί
1624 1176 1910 1246 ἅνθρωπος
1935 1173 2033 1244 μὲν

454 1286 546 1337 τὸν
580 1280 799 1350 οἰκέτην
836 1273 1016 1328 λαϐὼν
1061 1271 1153 1324 τὸν
1198 1267 1393 1322 ἐαυτοῦ
1436 1262 2030 1350 πολλὰς-ἡμαρτηκότα,

452 1368 647 1437 ἀφίησι
703 1346 799 1417 καὶ
853 1354 1186 1426 συγγνώμης
1224 1352 1412 1437 ἀξιοῖέ
1441 1351 1470 1403 6
1511 1349 1569 1437 δὲ
1612 1347 1745 1437 Θεὸς
1775 1346 2033 1437 *ἀθάνατα

455 1425 705 1513 κολάζει;
740 1444 849 1498 Kal
869 1425 996 1495 ὅταν
1026 1439 1157 1507 περί
1186 1434 1415 1506 λουτροῦ
1451 1434 1613 1487 πάλιν
1639 1432 1827 1495 αὐτοῖς
1856 1429 2033 1483 διαλε-

453 1533 681 1604 γώμιθα
722 1531 814 1582 καὶ
847 1526 945 1596 τῆς
973 1523 1064 1578 διὰ
1090 1522 1280 1575 τούτου
1312 1519 1420 1604 τῶν
1473 1516 1889 1604 αμα-ρτημάςωγ
1926 1517 2030 1584 ἀφ-

454 1599 641 1682 έσεως,
674 1612 783 1667 Ποῦ
808 1610 1003 1674 ταῦτα,
1025 1606 1207 1677 φασὶν,
1231 1604 1357 1668 ἄξια
1381 1602 1643 1665 Θεοῦ,τὸν
1673 1599 1843 1671 μυρία
1864 1599 2032 1682 ἐργα-

453 1680 687 1769 σάμενον
721 1695 897 1756 κακὰ,
947 1692 1165 1761 ἀφιέναι
1206 1689 1316 1742 τῶν
1359 1684 1815 1769 ἁμαρτημάτων;
1862 1680 2033 1769 Ὁρᾷς

406 1831 411 1837 ,
451 1764 549 1854 τὴν
568 1782 948 1849 ἐνδιάστροφον
977 1774 1226 1845 γνώμην,
1256 1770 1374 1834 πῶς
1399 1766 1678 1839 πανταχοῦ
1702 1767 1802 1837 τὴν
1824 1764 2033 1819 οἰκείαν

403 1851 407 1855 ⁵
450 1850 783 1921 ἐνδείκνυται
806 1859 1176 1932 φιλονεικίαν;
1209 1856 1320 1910 Kal
1353 1854 1461 1925 μὴν
1488 1853 1538 1906 εἰ
1562 1854 1595 1923 ή
1621 1853 1815 1922 ἄφεσις
1837 1850 2028 1914 κακὸν,

452 1953 616 2004 καλὸν
644 1952 676 2019 ή
710 1947 931 2009 κόλασις
957 1962 967 1975 ·
1005 1945 1052 1996 εἰ
1080 1943 1190 2011 δέή
1219 1940 1439 2002 κόλασις
1468 1938 1528 1991 οὐ
1562 1936 1750 2002 καλὸν,
1777 1938 1810 2006 ἡ
1837 1934 2030 2019 άφεσις

451 2034 646 2087 καλόν·
668 2018 809 2084 κατὰ
837 2030 926 2081 τὸν
956 2026 1180 2080 ἐκείνων
1214 2024 1356 2095 φημὶ
1390 2022 1548 2091 λόγον
1574 2037 1587 2050 ·
1626 2022 1769 2075 κατὰ
1797 2018 1907 2088 γὰρ
1939 2018 2030 2070 τὸν

450 2118 719 2188 ἡμέτερον
748 2112 1038 2183 ἀμφότερα
1084 2108 1226 2163 καλά
1247 2126 1261 2139 ·
1302 2106 1397 2160 καὶ
1428 2105 1576 2171 πῶς,
1609 2106 1675 2188 ,ἐν
1716 2103 1888 2188 ἑτέρω
1919 2100 2031 2188 δεί-

452 2183 861 2271 ξομεν-καιρῷ·
894 2195 955 2247 οὐ
994 2192 1103 2263 γὰρ
1143 2190 1236 2244 τοῦ
1280 2189 1550 2259 παρόντος
1594 2186 1659 2240 ἂν
1707 2184 1813 2256 εἴη.
1852 2183 2029 2237 Βαθὺν

448 2269 556 2353 γάρ
584 2284 714 2335 ὂντα
746 2281 840 2333 καί
875 2277 1076 2346 πολλῆς
1105 2276 1360 2344 δεόμενον
1386 2272 1488 2343 τῆς
1515 2269 1934 2342 ἐπεξεργασίας,
1970 2269 2028 2353 ἐν

449 2351 628 2440 καιρῷ
662 2367 741 2419 δεῖ
777 2361 964 2417 τοῦτον
1006 2360 1291 2431 προθεῖναι
1322 2358 1415 2410 ἐπὶ
1445 2356 1546 2426 τῆς
1577 2356 1851 2425 ὑμετέρας
1892 2351 2029 2440 ἁγά-

448 2435 757 2521 πης’·”τέως
798 2446 856 2499 δὲ
898 2444 1007 2497 τῶν
1039 2440 1419 2513 προκειμένων
1453 2437 1729 2509 ἐχώμεθα.
1766 2435 2026 2501 Πιστὸς,

447 2535 634 2606 φησὶν,
684 2535 716 2586 ό
750 2531 953 2600 λόγος.
990 2527 1163 2581 Πόθεν
1200 2524 1396 2588 πιστός
1421 2542 1444 2606 ;ν
1469 2523 1581 2575 Kal
1610 2522 1719 2578 ἀπὸ
1749 2522 1859 2606 τῶν
1891 2538 2029 2606 προέ

447 2604 695 2685 αγόντων
719 2653 733 2679 ,
772 2616 867 2667 καὶ
908 2611 1016 2667 ἀπὸ
1048 2610 1158 2662 τῶν
1194 2607 1330 2679 μετὰ
1358 2605 1550 2661 ταῦτα.
1596 2606 1740 2675 Ὅρα
1773 2604 1891 2667 πῶς
1934 2604 2028 2657 καὶ⁵

446 2696 991 2771 προκατασκευάςει,
1023 2694 1118 2747 καὶ
1152 2692 1290 2765 μετὰ
1326 2691 1386 2743 τὸ
1422 2688 1838 2743 κατασκευάσαι
1876 2686 2027 2757 αὐτῴ

447 2770 792 2854 ἐνδιατρίϐει.
829 2780 903 2832 Τὸ
929 2777 1038 2848 γὰρ
1074 2779 1268 2840 εἰπεῖν,
1301 2775 1383 2827 ὅτι
1415 2773 1742 2854 Βλάσφημρν
1771 2770 1900 2823 ὄντα
1932 2771 2027 2854 καὶ

445 2852 682 2936 διώκτην
707 2865 929 2935 ἠλέησε,
960 2860 1120 2914 τοῦτο
1148 2856 1653 2918 κατασκευάζοντος
1676 2852 1764 2922 ἦν.
1791 2854 1898 2907 Kal
1925 2852 2027 2906 οὐκ

445 2951 682 3021 ἠλέησε,
734 2948 903 3016 φησὶ,
950 2943 1147 3014 μόνον,
1204 2940 1342 2994 ἀλλὰ
1395 2940 1489 2992 καὶ¹
1531 2938 1723 2989 πιστὸν
1762 2936 2021 3021 ἐποίησε·

445 3020 698 3088 τοσοῦτον
736 3032 797 3084 οὐ
830 3029 957 3100 χρὴ,
999 3027 1187 3097 φησὶν,
1218 3025 1471 3079 ἀπιστεῖν
1508 3023 1590 3076 ὅτι
1621 3021 1875 3092 ἠλέησεν.
1920 3020 2025 3073 06-

444 3120 556 3182 δεὶς
600 3118 709 3187 γὰρ
738 3114 881 3186 ὁρῶν
917 3112 1007 3165 τὸν
1042 3108 1327 3179 δεσμώτην
1369 3110 1426 3160 ἐν
1468 3106 1759 3177 βασιλείοις
1794 3105 2023 3175 στρεφό-

448 3218 641 3274 μενον,
675 3201 757 3252 δτι
801 3196 1006 3268 ἠλεήθη
1048 3192 1377 3264 ἀμφιϐάλλει
1416 3191 1547 3244 ποτέ
1571 3206 1586 3221 ·
1625 3191 1762 3260 ὅπερ
1800 3190 1893 3243 ἐπὶ
1926 3189 2022 3241 τοῦ

444 3285 660 3339 Παύλου
701 3278 767 3353 ἦν
804 3280 951 3332 ἰδεῖν.
1004 3278 1121 3345 Ἀφ’
1162 3275 1357 3329 ἐαυτοῦ
1404 3278 1515 3345 γάρ
1555 3276 1790 3327 ποιεῖται
1820 3274 1882 3325 τὸ
1927 3288 2024 3342 ση-

446 3370 619 3440 μεῖον,
654 3366 748 3418 καὶ
774 3364 873 3416 οὐκ
899 3361 1215 3431 αἰσχύνεται
1245 3359 1426 3412 καλῶν
1456 3357 1648 3412 ἐαυτὸν
1669 3354 2018 3426 ἁμαρτωλὸν,

443 3451 581 3505 ἀλλὰ
617 3450 712 3503 καὶ
754 3446 955 3518 μᾶλλον
1006 3443 1381 3513 εὐφραίνεται.
1429 3441 1587 3495 Οῦτω
1628 3441 1737 3511 γὰρ
1785 3440 2021 3509 μάλιστα

442 3536 666 3591 δύναται
704 3531 875 3597 δεῖξαι
919 3531 979 3582 τὸ
1028 3532 1170 3600 μέγα
1215 3528 1316 3597 τῆς
1359 3526 1454 3579 τοῦ
1506 3525 1644 3578 Θεοῦ
1696 3524 2021 3596 κηδεμονίας

444 3620 661 3690 θαῦμα,
711 3617 805 3670 καὶ
859 3617 941 3669 δτι
992 3612 1405 3684 φιλανθρωπίας
1460 3609 1669 3681 ἠξιώθη
1726 3609 2018 3680 τοσαύτης.

441 3704 554 3759 Kal
601 3701 718 3764 πῶς
777 3696 1011 3769 ἀλλαχοῦ
1066 3696 1242 3765 λέγων
1289 3696 1417 3767 περὶ
1466 3693 1695 3758 ἐαυτοῦ,
1735 3693 1893 3747 Κατὰ
1931 3692 2018 3746 δι-

442 3786 780 3852 καιοσύνην
803 3782 917 3850 τὴν
944 3782 1013 3834 ἐν
1044 3782 1205 3849 νόμῳ
1232 3781 1551 3850 γενόμενος
1580 3779 1903 3848 ἀμεμπτος,
1931 3780 2020 3831 ἐν-

441 3870 617 3925 ταῦθά
642 3885 805 3939 φησιν
830 3864 1148 3936 ἁμαρτωλὸν
1171 3861 1330 3929 εἶναι,
1356 3862 1451 3915 καὶ
1473 3862 1688 3934 πρῶτον
1713 3862 1822 3914 τῶν
1839 3864 2021 3932 ἁμαρ-

443 3955 657 4020 τωλῶν;
689 3953 811 4004 Ὅτι
860 3949 995 4018 πρὸς
1032 3949 1130 4016 τὴν
1171 3946 1538 4015 δικαιοσύνην,
1571 3947 1638 4016 ἢν
1669 3948 1696 3999 6
1724 3945 1859 4009 Θεὸς
1904 3947 2019 4016 εἰρ-

442 4040 649 4107 γάσατο
671 4075 685 4097 ,
713 4037 806 4087 καὶ
840 4033 936 4102 τὴν
970 4031 1138 4093 ὅντως
1170 4029 1510 4100 ζητουμένην
1531 4070 1545 4093 ,
1575 4029 1892 4099 ἁμαρτωλοὶ
1923 4030 2019 4082 καὶ

442 4125 494 4177 οι
530 4127 587 4177 ἐν
623 4121 701 4191 τῷ
739 4121 889 4190 νόμῳ
912 4134 925 4147 ·
976 4115 1203 4182 Πάντες
1234 4114 1345 4183 γὰρ
1381 4114 1668 4183 ἥμαρτον,
1700 4114 1798 4168 καὶ
1842 4117 2019 4170 ὑστε-

437 4208 685 4279 ροῦνται
714 4204 825 4272 τῆς
854 4201 1040 4267 δόξης
1065 4199 1170 4252 τοῦ
1201 4198 1368 4252 Θεοῦ.
1402 4197 1500 4249 Διὰ
1528 4197 1685 4250 τοῦτο
1712 4199 1809 4268 οὐχ
1831 4197 2019 4260 ἁπλῶς

443 4290 563 4346 εἷπε
590 4288 959 4357 δικαιοσύνην,
990 4283 1147 4345 ἀλλὰ,
1174 4282 1292 4350 Τὴν
1317 4282 1387 4335 ἐν
1413 4283 1592 4351 νόμω.
1615 4282 1821 4352 Ὥσπερ
1853 4282 1961 4351 γὰρ
1988 4284 2017 4336 6

442 4376 703 4446 ἀργύριον
733 4371 866 4424 πολὺ
902 4368 1237 4438 κεκτημένος
1260 4367 1381 4420 καθ’
1414 4367 1609 4420 ἐαυτὸν
1639 4367 1737 4436 μὲν
1765 4366 2015 4431 πλούσιος

444 4466 729 4531 φαίνεται,
754 4456 893 4510 κατὰ
914 4454 971 4508 δέ
1001 4453 1100 4523 τὴν
1132 4452 1418 4524 σύγκρισιν
1447 4452 1556 4507 τῶν
1590 4452 1881 4523 θησαυρῶν
1907 4453 2015 4506 τῶν

445 4542 738 4615 βασιλικῶν
784 4539 987 4609 σφόδρα
1024 4537 1216 4605 πένης,
1251 4538 1345 4591 καὶ
1376 4537 1593 4607 πρῶτος
1640 4538 1839 4606 πένης·
1874 4537 2017 4591 οὕτω

442 4629 507 4696 δὴ
552 4625 649 4679 καὶ
696 4622 962 4687 ἐνταῦθα,
1017 4619 1153 4690 πρὸς
1200 4622 1325 4681 τοὺς
1358 4620 1625 4688 ἀγγέλους
1672 4620 2012 4692 κρινόμενοι,

441 4709 758 4780 ἁμαρτωλοὶ
784 4708 832 4759 οἱ
864 4703 1169 4774 ἄνθρωποι,¹
1189 4705 1284 4756 καὶ
1319 4706 1366 4756 εἰ
1388 4705 1607 4758 δίκαιοι.
1634 4706 1698 4757 Εἰ
1721 4703 1776 4757 δέ
1806 4704 2015 4767 Παῦλος

441 4795 469 4845 6
519 4794 617 4861 τὴν
669 4792 727 4842 ἐν
780 4788 931 4858 νόμῳ
978 4786 1322 4857 δικαιοσύνην
1372 4789 1750 4858 ἐργασάμενος
1799 4787 2015 4857 πρῶτος

443 4874 787 4946 ἁμαρτωλὸς,
819 4873 903 4934 τίς
936 4872 1042 4940 ἄρα
1068 4870 1177 4923 τῶν
1205 4871 1380 4925 ἄλλων
1407 4871 1615 4934 δίκαιος
1650 4870 1717 4924 ἂν
1752 4871 2013 4941 κληθείη;

442 4962 516 5014 Οὐ
552 4959 701 5032 [569]
733 4960 841 5027 γὰρ
878 4957 1179 5011 διαϐάλλων
1214 4955 1379 5008 αὐτοῦ
1407 4956 1498 5009 τὸν
1534 4956 1646 5026 βίον
1674 4955 1749 5018 ὼς
1783 4956 2013 5039 ἀσελγῆ,

439 5043 600 5097 τοῦτό
630 5059 785 5112 φησι,
825 5040 899 5111 μὴ
929 5041 1160 5109 γένοιτο,
1188 5040 1323 5093 ἀλλὰ
1347 5041 1445 5110 τὴν
1483 5040 1830 5111 δικαιοσύνην
1870 5042 2015 5093 ἐκεί-

441 5144 541 5197 νην
582 5125 718 5197 πρὸς
748 5125 952 5191 ταύτην
978 5123 1305 5194 συγκρίνων,
1340 5121 1400 5174 τὸ
1443 5123 1608 5192 μηδὲν
1645 5120 1782 5175 εἶναι
1806 5123 2014 5176 δείκνυ-

446 5199 568 5261 σιν·
597 5210 657 5260 οὑ
694 5208 850 5277 μόνον
884 5205 939 5258 δέ
970 5205 1156 5270 τοῦτο,
1198 5206 1332 5259 ἀλλὰ
1358 5208 1453 5259 καὶ
1487 5206 1846 5279 ἁμαρτωλοὺς
1889 5209 2015 5270 τοὺς

443 5293 664 5360 ἔχοντας
693 5290 862 5360 αὐτὴν
905 5290 1215 5359 ἀποφαίνει.
1272 5290 1456 5344 Ἀλλὰ
1495 5289 1593 5344 διὰ
1630 5291 1805 5345 τοῦτο
1833 5292 2015 5359 ἠλεή-

444 5380 579 5438 θην,
610 5374 793 5446 φησὶν,
815 5375 915 5427 ἵνα
939 5374 1008 5427 ἐν
1025 5373 1154 5442 ἐμοὶ
1177 5371 1384 5440 πρώτῳ
1409 5372 1745 5439 ἐνδείξηται
1785 5375 2015 5442 Ἰησοῦς

443 5456 699 5524 Χοιστὸς
731 5457 847 5523 τὴν
897 5456 1102 5510 πᾶσαν
1132 5458 1566 5524 μακροθυμίαν,
1614 5458 1764 5525 πρὸς
1795 5459 2015 5510 ὑποτύ-

441 5556 639 5595 πωσιν
687 5541 807 5594 τῶν
847 5545 1199 5610 μελλόντων
1233 5543 1540 5594 πιστεύειν
1566 5544 1652 5606 εἰς
1699 5542 1887 5595 αὑτὸν
1930 5545 2015 5607 εἰς

441 5620 597 5690 ζωὴν
634 5624 891 5677 αἰώνιον.

510 5757 576 5829 β’.
621 5758 781 5830 Ὁρᾷς
802 5759 915 5824 πῶς
947 5761 1109 5816 πάλιν
1132 5765 1373 5815 ταπεινοῖ
1396 5762 1486 5815 καὶ
1517 5760 1866 5814 καταστέλλει
1888 5762 2011 5814 ἑαυ-

3608 318 3714 373 592

2142 429 2233 517 τὸν
2253 470 2277 517 1
2296 432 2485 504 ἑτέραν
2504 435 2898 517 εὐτελεστέραν
2922 437 3096 507 λέγων
3125 437 3342 506 αἰτίανς
3377 441 3450 494 Τὸ
3481 442 3581 512 μὲν
3605 447 3713 517 γὰρ

2141 510 2207 564 δι’
2247 513 2472 582 ἄγνοιαν
2502 516 2684 585 λέγειν
2726 520 3034 591 ἐλεηθῆναι,
3085 523 3145 575 οὐ
3193 523 3402 593 σφόδρα
3442 510 3713 579 δείκνυσιν

2141 596 2464 668 ἁμαρτωλὸν
2490 600 2583 652 τὸν
2608 601 2933 672 ’ἐλεούμενον
2952 645 2966 669 ,
3008 605 3127 659 οὐδέ
3155 607 3295 675 ἄγαν
3326 613 3715 680 κατεγνωσμέ-

2140 696 2231 732 νον
2253 696 2268 711 ·
2300 681 2362 733 τὸ
2394 682 2451 735 δὲ
2480 683 2568 737 διὰ
2591 686 2749 740 τοῦτο
2782 688 3093 759 ἐλεηθῆναι,
3138 690 3225 742 ἵνα
3272 691 3459 760 μηδεὶς
3499 694 3712 762 ἀπαγο-

2142 763 2277 836 ρεύῃ
2303 768 2491 821 λοιπὸν
2514 767 2624 823 τῶν
2654 772 3055 842 ἡμαρτηκότων
3075 814 3091 839 ,
3135 773 3271 828 ἀλλὰ
3299 774 3475 845 θαρρῇ
3505 775 3587 828 δτι
3621 779 3714 830 καὶ

2139 850 2302 912 αὐτὸς
2335 852 2443 903 τῶν
2472 853 2652 906 αὐτῶν
2698 854 2970 920 τεύξεται,
3028 855 3232 927 σφόδρα
3278 857 3422 925 μέγα
3453 859 3546 912 καὶ
3591 860 3712 930 μεθ’

2140 934 2464 1005 ὑπερϐολῆς.
2500 938 2664 992 Ὥστε
2703 939 3114 1010 φθεγξάμενος,
3160 941 3397 1010 Πρῶτός
3442 947 3558 1013 ειμι
3597 945 3713 1015 ἐγὼ

2139 1016 2259 1069 τῶν
2286 1018 2670 1087 ἁμαρτωλῶν,
2696 1023 2795 1075 καὶ
2823 1022 3195 1091 βλάσφημος
3214 1026 3312 1078 καὶ
3333 1024 3585 1094 διώκτης
3614 1028 3711 1082 καὶ

2139 1098 2446 1168 ὑϐριστής·
2487 1103 2600 1168 καὶ,
2658 1105 2783 1157 Οὐκ
2819 1104 2935 1175 είμὶ
2968 1108 3176 1173 ἱκανὸς
3221 1108 3532 1163 καλεῖσθαι
3562 1112 3711 1165 ἀπό-

2139 1184 2383 1247 στολος,
2412 1183 2508 1237 καὶ
2533 1185 2632 1237 ὅσα
2657 1186 2880 1257 εἴρηκεν
2902 1204 2915 1218 ·
2935 1188 3083 1259 ὅμως
3110 1189 3263 1242 οὐδὲν
3291 1190 3434 1243 οὕτω
3460 1195 3715 1246 ταπεινὸν

2139 1261 2459 1332 ἐφθέγξατο.
2503 1267 2613 1321 Kal
2648 1269 2741 1322 ἐπὶ
2788 1269 3187 1340 ὑποδείγματπ
3230 1272 3288 1324 δὲ
3330 1274 3489 1327 τοῦτο
3543 1276 3712 1344 σαφὲς

2140 1345 2312 1400 ἔσται.
2348 1348 2528 1402 Ἔστω
2556 1351 2662 1422 γὰρ
2703 1351 2861 1416 πόλις
2893 1346 3319 1423 πολυάνθρωπος
3352 1356 3559 1420 πάντας
3586 1360 3712 1422 τοὺς

2141 1429 2367 1495 πολίτας
2411 1432 2611 1502 ἔχουσα
2657 1435 2915 1504 φαύλους,
2951 1439 3079 1500 τοὺς
3128 1437 3227 1506 μὲν
3272 1432 3468 1509 ἦττον,
3503 1440 3627 1503 τοὺς
3655 1442 3711 1494 δὲ

2143 1512 2364 1582 μᾶλλον,
2395 1517 2605 1579 πάντας
2638 1522 2823 1589 μέντοι
2856 1520 3343 1589 κατεγνωσμένους
3368 1536 3384 1551 ·
3416 1514 3497 1584 εἷς
3533 1522 3589 1575 δέ
3627 1540 3711 1586 τις

2139 1597 2197 1649 ἐν
2224 1600 2338 1661 τοῖς
2376 1599 2590 1665 πολλοῖς
2622 1603 2851 1664 ἐκείνοις
2889 1603 3109 1659 πάντων
3149 1604 3353 1673 μᾶλλον
3385 1605 3524 1658 ἔστω
3553 1606 3712 1660 κολάο

2141 1697 2280 1745 σεως
2332 1683 2429 1736 καὶ
2478 1686 2748 1756 τιμωρίας
2782 1684 2953 1753 ἄξιος,
3003 1688 3099 1742 καὶ
3148 1689 3256 1740 πᾶν
3290 1688 3530 1742 ἐπελθὼν
3573 1686 3711 1754 εἶδος

2138 1767 2359 1830 κακίας.
2397 1768 2494 1823 Ἂν
2517 1769 2699 1824 τοίνυν
2730 1772 2868 1844 λέγῃ
2897 1789 3000 1837 τις,
3029 1772 3112 1825 ὅτι
3146 1773 3314 1827 πᾶσιν
3344 1774 3562 1842 ἀφεῖναι
3588 1773 3712 1843 βού-

2137 1850 2287 1905 λεται
2324 1852 2354 1903 ὁ
2406 1851 2678 1922 βασιλεὺς,
2721 1854 2819 1926 οὐχ
2848 1854 2991 1909 οὕτω
3038 1856 3390 1910 πιστεύσουσι
3417 1857 3495 1927 τῷ
3528 1857 3708 1927 λόγῳ,

2138 1933 2242 1997 ἓως
2284 1934 2351 1989 ἂν
2391 1937 2541 1989 ἴδωσι
2573 1937 2664 1991 τὸν
2693 1939 2912 1992 πάντων
2941 1938 3272 2009 φαυλότερον
3313 1939 3494 1994 αὐτῶν
3519 1940 3714 1994 τούτου

2135 2018 2403 2089 τυχόντα·
2433 2020 2533 2072 οὐκ
2560 2019 2676 2073 ἔστι
2716 2021 2824 2093 γὰρ
2859 2022 3045 2076 λοιπὸν
3077 2022 3509 2095 ἀμφισῦήτησις.
3541 2024 3713 2078 Τοῦτο

2135 2104 2234 2157 καὶ
2267 2102 2478 2167 Παῦλός
2511 2121 2697 2175 φησιν,
2725 2106 2808 2159 δτι
2846 2105 3171 2177 βουλόμενος
3202 2107 3230 2158 ὀ
3261 2106 3393 2169 Θεὸς
3439 2108 3714 2177 πληροφο-

2138 2187 2303 2257 ρῆσαι
2344 2187 2470 2251 τοὺς
2503 2186 2857 2259 ἀνθρώπους,
2898 2190 2981 2243 ὅτι
3032 2190 3210 2243 πάντα
3251 2190 3437 2253 αὐτοῖς
3479 2190 3713 2261 ἀφίησι,

2135 2271 2227 2323 τὸν
2261 2270 2481 2325 πάντων
2511 2271 2967 2344 ἁμαρτωλότερον
2988 2274 3181 2329 εἵλετο.
3213 2276 3290 2327 υύ
3316 2274 3426 2344 γὰρ
3453 2274 3539 2337 ἂν,
3574 2276 3712 2345 ἐμοῦ

2134 2354 2391 2426 τυχόντος
2419 2358 2845 2429 συγχωρήσεως,
2880 2360 3037 2430 φησὶ,
3069 2360 3197 2431 περὶ
3221 2358 3331 2412 τῶν
3352 2360 3528 2413 ἄλλων
3549 2361 3716 2431 ἀμφι-

2137 2438 2431 2510 σϐητήσειέ
2481 2457 2604 2503 τις·
2644 2442 2723 2505 ὡς
2764 2441 2831 2497 ἂν
2883 2444 2933 2496 εἰ
2962 2443 3117 2511 ἐλεγέ
3146 2459 3230 2506 τις
3264 2443 3360 2496 καὶ
3392 2443 3451 2495 ἐν
3488 2445 3554 2513 τῇ
3591 2460 3715 2495 συν-

2134 2520 2318 2593 ηθείᾳ,
2354 2521 2480 2577 Ἐὰν
2510 2523 2569 2578 δὲ
2600 2525 2737 2594 τῷδε
2768 2526 2798 2578 6
2825 2525 2957 2589 Θεὸς
2995 2528 3347 2596 συγχωρήσῃ,
3384 2525 3571 2579 οὐδένα
3601 2526 3715 2580 τῶν

2134 2605 2309 2661 ἄλλων
2338 2607 2580 2662 κολάσει.
2632 2609 2744 2662 Kal
2777 2609 3020 2663 δείκνυσι
3066 2611 3154 2663 διὰ
3189 2611 3381 2663 τούτου
3411 2610 3531 2663 οὐδέ
3563 2611 3715 2675 ἄξιον

2134 2691 2328 2744 ἐαυτὸν
2356 2692 2485 2745 ὄντα
2520 2696 2941 2764 συγχωρήσεως,
2976 2695 3110 2749 ἀλλὰ
3135 2696 3223 2749 διά
3249 2698 3349 2768 τὴν
3383 2696 3461 2763 είς
3491 2697 3713 2771 ἐτέρους

2136 2774 2412 2845 σωτηρίαν
2460 2774 2665 2847 ταύτης
2719 2778 2985 2849 πρότερον
3035 2780 3447 2835 ἀπολαύσαντα.
3502 2784 3713 2853 Μηδεὶς

2131 2859 2313 2913 τοίνυν
2349 2860 2773 2931 ἁμφιϐαλλέτω,
2818 2864 2974 2934 φησὶ,
3025 2865 3153 2935 περὶ
3190 2865 3500 2937 σωτηρίας,
3544 2869 3710 2921 ὁπότε

2132 2943 2243 3012 ἐγὼ
2278 2942 2511 3016 ἐσώθην.

2201 3055 2310 3107 Καὶ
2336 3055 2437 3127 ὅρα
2464 3054 2559 3109 τοῦ
2604 3054 2879 3126 μακαρίου
2922 3055 3112 3111 τούτου
3133 3058 3233 3129 τὴν
3277 3050 3709 3131 ταπεινοφροσύ-

2130 3157 2249 3210 νην.
2274 3142 2387 3193 Οὐκ
2426 3139 2556 3211 ἔφη,
2591 3142 2710 3194 Ἵνα
2753 3139 3052 3211 ἐνδείξηται
3082 3142 3140 3194 ἐν
3194 3144 3319 3212 ἐμοὶ
3349 3146 3450 3215 τὴν
3502 3163 3711 3215 μακρο⁴⁵

2132 3224 2350 3293 θυμίαν,
2380 3224 2536 3289 ἀλλὰ,
2574 3223 2693 3292 Τὴν
2719 3222 2930 3279 πᾶσαν
2968 3229 3415 3297 μακροθυμίαν·
3452 3228 3529 3292 ὡς
3560 3230 3626 3282 ἂν
3656 3233 3707 3285 εξ

2129 3306 2321 3376 ἔλεγε·
2364 3309 2581 3361 Μᾶλλον
2622 3308 2757 3378 ἐμοῦ
2805 3307 2892 3360 ἐπ’
2920 3308 3066 3378 ἄλλῳ
3110 3310 3213 3363 οὐκ
3261 3311 3375 3381 ἔχει
3425 3312 3706 3382 μακροθυ-

2133 3392 2324 3461 μῆσαι,
2356 3392 2476 3445 οὐδέ
2513 3393 2697 3462 εὑρεῖν
2736 3390 2910 3455 οὕτως
2954 3394 3306 3464 ἁμαρτωλὸν,
3363 3396 3565 3458 παντὸς
3587 3396 3704 3449 δεό-

2132 3491 2292 3543 μενον
2326 3474 2492 3527 αὐτοῦ
2520 3476 2611 3527 τοῦ
2659 3474 2877 3539 ἐλέους,
2930 3477 3113 3550 πάσης
3145 3479 3245 3546 τῆς
3298 3477 3705 3548 μακροθυμίας,

2128 3559 2190 3611 οὐ
2223 3559 2443 3629 μέρους,
2504 3560 2754 3629 καθάπερ
2797 3559 2847 3610 οἱ
2886 3560 2980 3612 ἐπὶ
3034 3560 3238 3629 μέρους
3270 3561 3702 3632 ἁμαρτάνοντες.

2128 3642 2283 3709 Πρὸς
2334 3644 2749 3704 ὑποτύπωσιν,
2797 3641 2954 3711 φησὶ,
3023 3641 3144 3695 τῶν
3188 3645 3544 3711 μελλόντων
3611 3661 3706 3699 πι-

2128 3728 2367 3781 στεύειν
2386 3728 2477 3780 ἐπ’
2506 3726 2667 3792 αὐτῷ
2691 3730 2777 3788 εἰς
2800 3726 2955 3793 ζωὴν
2973 3729 3237 3794 αἰώνιον,
3263 3729 3534 3793 τουτέστι,
3566 3732 3704 3802 πρὸς

2127 3810 2494 3881 παράκλησιν,
2532 3810 2669 3881 πρὸς
2718 3811 3060 3883 προτροπὴν.
3106 3809 3327 3882 Ἐπειδὴ
3377 3812 3435 3865 δὲ
3479 3814 3620 3882 μέγα
3649 3831 3705 3868 τι

2127 3896 2257 3966 περὶ
2285 3895 2379 3947 τοῦ
2420 3894 2551 3946 Υίοῦ
2584 3894 2909 3961 ἐφθέγξατο,
2940 3896 3035 3946 καὶ
3071 3895 3154 3948 ὃτι
3178 3894 3452 3967 τοσαύτην
3474 3898 3699 3969 ἀγάπην

2126 3980 2450 4046 ἐνεδείξατο,
2502 3978 2708 4047 ἵναμή
2765 3995 2851 4039 τις
2889 3978 3089 4049 νομίσῃ
3140 3980 3347 4048 ταύτης
3395 3976 3704 4053 άπεστερῆ-
3768 3970 3785 3982 ’

2128 4066 2251 4118 σθαι
2286 4066 2378 4118 τὸν
2408 4065 2653 4135 Πατέρα,
2679 4063 2943 4133 ἀναφέρει
2973 4063 3068 4115 καὶ
3095 4063 3246 4133 αὐτῷ
3266 4064 3425 4130 δόξαν
3452 4065 3701 4134 ἐπάγων,

2124 4150 2219 4204 καί
2250 4167 2413 4220 φησι·
2457 4148 2540 4213 Τῷ
2580 4147 2649 4200 δὲ
2674 4146 2932 4212 βασιλεῖ
2969 4146 3088 4201 τῶν
3139 4147 3370 4202 αἰώνων
3402 4150 3702 4218 ἀφθάρτῳ,

2124 4233 2376 4303 ἀοράτῳ,
2401 4233 2567 4302 μόνῳ
2602 4230 2773 4300 σοφῷ
2806 4230 2927 4296 Θεῷ
2958 4230 3098 4300 τιμὴ
3125 4231 3226 4283 καὶ
3259 4230 3408 4295 δόξα
3437 4235 3523 4297 εἰς
3559 4234 3704 4299 τοὺς

2123 4319 2341 4387 αἰῶνας
2387 4318 2508 4371 τῶν
2554 4318 2808 4373 αἰώνων.
2874 4317 3083 4386 Ἀμήν.
3136 4315 3311 4387 ’Υπὲρ
3357 4316 3422 4387 δὴ
3474 4319 3701 4384 τούτων,

2125 4405 2290 4475 φησὶν
2325 4402 2479 4476 [570]
2507 4403 2567 4455 οὐ
2590 4402 2682 4454 τὸν
2712 4401 2842 4454 Υίὸν
2875 4402 3059 4471 μόνον,
3078 4400 3213 4454 ἀλλὰ
3243 4400 3451 4453 καὶτὸν
3481 4401 3703 4470 Πατέρα

2122 4488 2439 4555 δοξάζομεν.
2485 4485 2769 4557 Ἐρώμεθα
2794 4481 2889 4539 οὖν
2966 4485 3095 4547 τοὺς
3142 4481 3488 4554 αίρετικούς·
3546 4483 3703 4544 Ἰδοὺ.

2122 4576 2300 4640 Μόνῳ
2350 4572 2491 4639 Θεῷ,
2546 4573 2736 4643 εἴρηκε
2793 4573 2922 4640 περὶ
2955 4568 3168 4639 Πατρὸς
3214 4569 3423 4636 λέγων·
3472 4562 3581 4637 ἆρα
3637 4569 3699 4620 οὐ

2123 4659 2253 4721 Θεὸς
2284 4660 2311 4710 ὁ
2337 4658 2491 4723 Υἱός;
2519 4658 2635 4724 καὶ,
2670 4659 2849 4722 Μόνῳ
2875 4655 3151 4725 ἀφθάρτῳ
3172 4671 3184 4683 ·
3222 4648 3330 4724 ἆρα
3362 4652 3461 4705 οὐκ
3484 4651 3697 4721 ἄφθαρ-

2122 4761 2212 4806 τος
2252 4745 2280 4795 ὁ
2310 4743 2467 4808 Υίός;
2507 4743 2602 4795 καὶ
2632 4741 2662 4793 ὃ
2692 4740 2908 4794 δίδωσιν
2938 4742 3071 4810 ἡμῖν
3117 4738 3257 4809 μετὰ
3297 4737 3491 4800 ταῦτα,
3531 4737 3694 4798 αὐτὸς

2122 4829 2223 4881 οὐκ
2250 4828 2401 4896 ἕχει;
2436 4826 2566 4888 Nal,
2609 4826 2765 4895 φησὶ,
2799 4826 2892 4878 καὶ
2933 4824 3084 4886 Θεὸς,
3114 4823 3209 4875 καὶ
3249 4821 3544 4893 ἄφθαρτος,
3575 4821 3693 4873 ἀλλ’

2121 4914 2182 4965 οὐ
2213 4911 2473 4975 τοιοῦτος,
2503 4905 2614 4974 οἷος
2644 4912 2672 4963 6
2703 4910 2920 4979 Πατήρ.
2952 4908 3016 4960 Τί
3037 4907 3177 4977 φής;
3206 4906 3266 4958 οὐ
3297 4905 3559 4968 τοιοῦτος,
3596 4903 3696 4958 καὶ

2122 4997 2403 5059 ἐλάττονος
2423 4996 2611 5057 οὐσίας
2640 4994 2786 5049 ἐστίν
2812 5012 2827 5059 ;
2860 4990 3054 5047 οὐκοῦν
3085 4990 3180 5045 καὶ
3207 4988 3517 5059 ἀφθαρσίας
3542 4988 3699 5042 ὲλάτο

2121 5098 2292 5143 τονος.
2328 5079 2393 5132 Τί
2419 5080 2474 5132 δέ
2499 5082 2637 5140 ἐστι,
2674 5079 2875 5150 μείζων
2922 5078 3018 5130 καὶ
3066 5076 3246 5145 ἥττων
3305 5073 3623 5143 άφθαρσία;
3662 5073 3696 5144 ἡ

2121 5167 2229 5237 γὰρ
2255 5165 2535 5235 ὰφθαρσία
2585 5165 2737 5218 οὐδὲν
2788 5163 2918 5216 ἄλλο
2951 5161 3118 5225 ἐστὶν,
3152 5159 3185 5229 ἢ
3236 5158 3296 5211 τὸ
3330 5157 3408 5228 μὴ
3455 5156 3698 5225 διαφθεί-

2123 5248 2335 5321 ρεσθαι.
2388 5249 2526 5314 Δόξα
2568 5250 2668 5318 μὲν
2719 5246 2827 5318 γὰρ
2894 5246 3096 5315 μείζων
3144 5244 3241 5297 καὶ
3285 5243 3463 5312 ἥττων
3522 5242 3695 5305 ἐστὶν,

2120 5333 2485 5404 ἀφθαρσίαδέ
2540 5331 2744 5402 μείζων
2793 5330 2887 5384 καὶ
2914 5331 3093 5400 ἦττων
3138 5327 3239 5380 οὐκ
3288 5328 3455 5389 ἔστιν,
3507 5325 3700 5396 ὥσπερ

2120 5417 2211 5474 οὖν
2237 5420 2356 5472 οὐδέ
2390 5420 2545 5487 ὑγεία
2564 5419 2742 5489 ἥττων
2772 5417 2869 5471 καὶ
2893 5416 3095 5468 πλείων
3118 5430 3131 5442 ”
3164 5415 3197 5485 ἢ
3229 5414 3339 5485 γάρ
3374 5410 3700 5481 φθείρεσθαι

2120 5525 2172 5560 τι
2221 5504 2322 5567 δεῖ,
2375 5503 2409 5573 ἢ
2466 5504 2590 5574 μηδ’
2620 5503 2780 5565 ὅλως.
2833 5501 2898 5553 Τί
2954 5497 3069 5561 οὖν,
3131 5498 3332 5568 φησίν;
3386 5498 3547 5567 ἡμεῖς
3601 5494 3700 5546 καὶ

2123 5591 2387 5659 ἄφθαρτοι
2419 5587 2717 5650 ὡσαύτωςς
2750 5585 2840 5654 Μὴ
2875 5584 3083 5651 γένοιτο
3104 5598 3118 5615 ο
3167 5580 3439 5648 οὐδαμῶς.
3475 5576 3572 5630 Διὰ
3602 5577 3694 5640 τίς

2123 5677 2245 5730 Ὀτι
2277 5676 2439 5736 αὐτὸς
2478 5673 2577 5743 μὲν
2612 5671 2774 5740 φύσει
2812 5667 2972 5721 τοῦτο
3004 5666 3139 5736 ἔχει,
3184 5667 3345 5735 ἡμεῖς
3392 5664 3448 5716 δὲ
3505 5662 3697 5713 ἐπεισ-

2121 5760 2322 5824 άκτως.
2346 5742 2598 5829 Ἀμοῦν
2625 5756 2719 5808 καὶ
2744 5754 2836 5806 ἐπὶ
2864 5750 2959 5805 τοῦ
2992 5749 3125 5803 Υἱοῦ
3148 5748 3320 5812 οὑτως
3342 5764 3357 5813 ;
3395 5742 3694 5815 Οὐδαμῶς·
