4090 6396
393 319 488 378 εει

394 432 652 493 credibile
690 433 831 489 enim
862 445 982 486 esse
1011 428 1323 493 videbatur,
1362 426 1505 497 quod
1532 427 1615 480 vir
1660 424 1751 495 qui
1799 431 1964 476 totam

396 528 631 597 priorem
656 524 818 578 vitam
841 522 1037 577 frustra
1063 529 1118 575 et
1135 519 1189 573 in
1202 517 1381 589 pravis
1401 516 1650 586 operibus
1673 516 1969 582 insumpse-

389 629 496 684 rat,
528 634 594 673 ex
616 616 729 671 sola
760 614 866 669 fide
886 623 1073 683 postea
1102 610 1328 667 salutem
1356 616 1780 679 consequuturus
1804 614 1966 660 esset.

383 709 520 766 Ideo
550 710 646 775 ait,
671 708 867 762 Fidelis
884 723 1066 763 sermo.
1096 705 1292 760 Verum
1314 702 1529 774 quidam
1548 716 1654 756 non
1678 700 1835 801 modo
1858 714 1967 801 pou

393 802 703 865 credebant,
732 799 826 855 sed
850 799 1012 853 etiam
1043 794 1491 862 criminabantur,
1521 802 1579 847 ut
1603 806 1742 846 nunc
1771 790 1971 844 faciunt

393 895 566 950 Graeci
590 892 831 949 dicentes
858 910 872 946 :
904 890 1182 945 Faciamus
1202 890 1338 942 mata
1361 896 1417 942 ut
1443 887 1641 941 veniant
1658 885 1809 939 bona.
1834 883 1968 951 Quia

392 989 534 1042 enim
562 986 847 1041 audierant
875 984 1021 1039 illum
1053 983 1339 1047 dicentem,
1366 978 1465 1035 Ubi
1492 978 1966 1078 abundatfipt’cdtlt:

394 1090 521 1145 tum,
549 1077 975 1147 superabundavit
997 1075 1165 1147 gratia
1191 1072 1369 1145 (Rom.
1390 1073 1442 1128 5.
1468 1070 1522 1127 8.
1549 1080 1596 1124 et
1630 1070 1683 1125 5.
1712 1068 1803 1135 20)
1827 1086 1841 1131 ;
1890 1067 1965 1120 illi

393 1172 731 1225 traducentes
757 1180 959 1233 nostra,
1005 1168 1101 1219 ista
1138 1164 1407 1221 dicebant.
1435 1162 1525 1218 Sic
1565 1162 1723 1216 etiam
1751 1174 1871 1213 cum
1898 1158 1967 1213 de

385 1264 629 1334 gehenna
655 1264 785 1333 ipsis
812 1262 974 1316 verba
1003 1260 1257 1314 facimus:
1284 1257 1352 1312 Et
1374 1254 1666 1327 quomodo,
1698 1252 1960 1323 inquiunt,

392 1358 507 1410 haec
528 1357 685 1425 digna
716 1366 839 1409 sunt
873 1355 979 1407 Deo
999 1393 1013 1418 ,
1062 1349 1326 1421 siquidem
1354 1348 1517 1403 homo
1545 1362 1757 1404 servum
1800 1346 1964 1399 nmlta

389 1462 645 1516 peccasse
684 1445 1075 1515 deprehensum
1119 1444 1273 1498 venia
1302 1441 1571 1512 dignatur,
1624 1440 1761 1493 Deus
1786 1447 1961 1540 autem

392 1539 765 1593 immortaliter
795 1536 986 1607 punit?
1015 1537 1223 1591 Etcum
1242 1533 1311 1590 de
1330 1534 1543 1588 lavacro
1558 1546 1769 1587 rursum
1793 1530 1963 1599 loqui-

389 1647 509 1685 mur
560 1629 718 1686 etde
764 1629 1083 1684 remissione
1115 1636 1452 1698 peccatorum
1500 1640 1594 1694 per
1626 1624 1752 1679 illud
1796 1623 1957 1689 facta,

387 1722 687 1787 Quomodo,
718 1720 986 1792 inquiunt,
1016 1720 1131 1775 haec
1153 1728 1279 1773 sunt
1306 1718 1465 1788 digna
1498 1718 1626 1782 Deo,
1678 1717 1724 1771 ei
1750 1718 1838 1786 qui
1870 1716 1955 1768 in-

386 1828 609 1867 numera
636 1812 775 1867 mala
800 1812 1040 1882 patrarit,
1064 1818 1279 1881 peccata
1300 1808 1609 1864 remittere?
1631 1807 1815 1861 \iiden’
1836 1821 1957 1875 per-

386 1920 596 1959 versam
623 1912 880 1969 mentem,
909 1901 1178 1973 quomodo
1208 1900 1401 1969 ubique
1434 1913 1582 1954 suam
1609 1898 1797 1952 efTerat
1822 1912 1956 1950 con-

389 1996 681 2049 tentionem
703 1993 726 2047 ?
750 1994 907 2064 Atqui
939 1994 983 2048 si
1036 1992 1283 2047 remissio
1312 2000 1395 2045 est
1420 1989 1556 2044 mala
1584 2030 1600 2056 ,
1632 1987 1839 2057 punitio
1877 1993 1958 2040 est

387 2087 523 2140 bona
554 2104 568 2141 :
599 2086 646 2140 si
691 2094 869 2139 autem
904 2084 1104 2154 punitio
1136 2100 1241 2137 non
1273 2081 1409 2136 bona
1436 2089 1540 2147 est,
1587 2079 1833 2135 remissio
1873 2086 1956 2131 est

383 2178 521 2233 bona
545 2197 558 2232 :
586 2176 879 2233 secundum
908 2192 1092 2232 eorum
1120 2176 1435 2231 sententiam
1467 2174 1588 2229 dico
1612 2189 1627 2239 ;
1664 2171 1957 2227 secundum

385 2280 619 2326 nostram
647 2270 789 2326 enim
838 2280 1061 2339 utraque
1099 2269 1239 2324 bona
1264 2277 1381 2333 est;
1420 2275 1477 2323 et
1520 2265 1809 2337 quomodo,
1849 2264 1957 2319 alio

382 2371 627 2432 tempore
654 2361 1035 2426 ostendemus,
1065 2376 1238 2431 neque
1282 2361 1424 2416 enim
1450 2360 1503 2415 in
1535 2359 1783 2431 praesenti
1809 2358 1956 2413 licet.

384 2457 516 2511 Cum
556 2456 698 2510 enim
722 2455 1041 2525 profundum
1073 2455 1177 2521 sit,
1203 2463 1258 2509 et
1286 2453 1451 2509 multa
1471 2467 1609 2523 opus
1634 2453 1825 2508 habeat
1850 2452 1959 2506 dis-

381 2547 688 2616 quisitione,
719 2561 816 2600 suo
840 2556 1079 2615 tempore
1105 2545 1159 2601 id
1186 2555 1379 2600 vestrae
1408 2545 1613 2599 caritati
1658 2558 1957 2614 proponen-

380 2640 506 2691 dum
534 2639 667 2693 erit:
694 2638 905 2694 interim
928 2653 1057 2693 vero
1080 2652 1195 2693 rem
1209 2639 1534 2709 propositam
1556 2651 1954 2707 persequamur.

384 2729 581 2784 Fidelis
606 2745 793 2796 sermo,
821 2730 1014 2798 inquit.
1042 2727 1197 2784 Unde
1225 2728 1435 2783 fidelis?
1458 2729 1526 2782 Et
1549 2743 1577 2781 a
1606 2728 1958 2797 prmcedentic

382 2821 481 2874 bus
502 2830 556 2875 et
579 2836 607 2874 a
634 2820 1001 2890 sequentibus.
1022 2819 1155 2875 Vide
1180 2819 1448 2890 quomodo
1469 2834 1579 2873 rem
1604 2819 1750 2889 prius
1778 2818 1959 2887 dispo-

382 2922 491 2979 nat,
529 2921 584 2969 et
602 2923 887 2984 postquam
934 2913 1227 2984 disposuit,
1251 2914 1395 2967 illam
1435 2922 1642 2967 tractet.
1674 2912 1803 2967 Nam
1834 2927 1955 2966 cum

377 3005 515 3059 dixit
542 3005 692 3059 illum
720 3004 802 3059 sui
847 3003 1145 3075 blasphemi
1172 3014 1227 3060 et
1252 3005 1649 3075 persequutoris
1678 3005 1953 3059 miser-tum

380 3109 529 3161 esse,
562 3093 665 3148 hoc
708 3097 1058 3164 praeparantis
1105 3104 1160 3150 et
1204 3094 1535 3165 disponentis
1582 3103 1718 3149 erat.
1775 3094 1957 3165 Neque

377 3196 584 3242 tantum
611 3182 862 3243 misertus
889 3197 990 3253 est,
1022 3190 1216 3260 inquit,
1248 3191 1341 3246 sed
1373 3192 1532 3245 etiam
1560 3191 1767 3247 fidelem
1801 3192 1951 3247 fecit:

378 3279 431 3333 in
460 3287 685 3345 tantum,
714 3279 904 3348 inquit,
936 3278 1069 3335 fides
1097 3281 1336 3350 neganda
1361 3298 1465 3336 non
1497 3291 1580 3337 est
1603 3283 1743 3351 quod
1766 3284 1956 3338 miser-

379 3381 465 3427 tus
492 3373 581 3428 sit.
610 3371 779 3428 Nemo
807 3373 951 3427 enim
973 3372 1159 3430 videns
1186 3391 1308 3431 eum
1333 3417 1346 3439 ,
1378 3378 1467 3447 qui
1501 3379 1552 3431 in
1580 3379 1808 3434 vinculis
1835 3379 1954 3435 fue-

382 3477 484 3535 rat,
525 3468 578 3522 in
633 3469 778 3539 regia
804 3469 1046 3535 versari,
1079 3468 1341 3525 dubitabit
1370 3471 1494 3541 quin
1526 3471 1613 3527 ille
1645 3473 1952 3528 misericor-

376 3560 519 3613 diam
541 3560 612 3615 sit
636 3569 1005 3631 consequutus
1032 3575 1047 3613 :
1073 3559 1128 3615 id
1151 3561 1294 3631 quod
1324 3562 1376 3614 in
1408 3561 1574 3616 Paulo
1610 3562 1792 3617 videre
1816 3571 1949 3619 erat.

378 3652 423 3704 A
452 3651 629 3719 διείρεο
657 3652 800 3705 enim
843 3660 1214 3721 argumentum
1240 3652 1474 3717 exhibet,
1508 3668 1607 3707 nec
1645 3654 1807 3722 pudet
1831 3669 1953 3709 eum

378 3751 436 3789 se
465 3735 644 3791 dicere
662 3747 1017 3806 peccatorem,
1045 3736 1139 3792 sed
1162 3747 1216 3793 et
1237 3739 1403 3809 magis
1428 3739 1638 3794 laetatur
1664 3756 1677 3791 :
1711 3740 1780 3794 ita
1810 3741 1954 3796 enim

377 3829 611 3883 maxime
652 3836 828 3899 potest
854 3828 1141 3885 ostendere
1169 3844 1417 3898 magnum
1460 3830 1807 3900 providentia:
1858 3833 1952 3886 Dei

379 3918 713 3985 miraculum,
729 3918 868 3989 quod
894 3928 1036 3974 tanta
1048 3919 1290 3990 dignatus
1313 3922 1382 3975 sit
1402 3920 1954 4008 benignitatemque-

379 4011 539 4066 modo
558 4012 647 4083 qui
667 4012 791 4067 alibi
808 4012 874 4067 de
895 4027 955 4067 se
981 4012 1209 4080 dixerat,
1229 4013 1519 4069 Secundum
1538 4017 1649 4085 just
1672 4017 1813 4079 tiam,
1838 4034 1953 4087 quae

378 4102 431 4155 in
463 4100 569 4173 lege
597 4110 690 4169 est,
717 4103 827 4158 sine
852 4096 1055 4173 querela
1080 4103 1243 4173 [actus
1272 4104 1531 4176 (Philipp.
1565 4108 1617 4162 5.
1646 4106 1701 4176 6)
1729 4123 1744 4171 ;
1774 4107 1861 4162 hic
1894 4124 1953 4165 se

376 4201 716 4265 peccatorem
758 4193 932 4261 dicit,
963 4203 1018 4250 et
1042 4204 1381 4265 peccatorum
1408 4198 1655 4266 primum.
1701 4198 1835 4266 Quia
1882 4198 1950 4255 ad

374 4283 639 4353 justitiam
668 4299 829 4355 quam
856 4285 998 4341 Deus
1027 4295 1278 4357 operatus
1300 4298 1401 4353 est,
1434 4298 1487 4342 et
1511 4304 1631 4359 qua:
1658 4305 1781 4345 vere
1805 4306 1950 4360 qum-

380 4376 514 4430 ritur
533 4416 549 4440 ,
578 4385 893 4446 peccatores
916 4386 1071 4433 erant
1096 4379 1185 4449 qui
1212 4379 1265 4434 in
1304 4380 1419 4450 lege
1450 4380 1689 4437 viverent
1715 4400 1729 4435 :
1767 4382 1953 4439 Omnes

372 4468 511 4521 enim
562 4479 892 4537 peccauerunt
917 4509 932 4534 ,
960 4479 1006 4523 et
1034 4479 1177 4540 egent
1216 4471 1380 4542 gloria
1408 4471 1502 4527 Dei
1528 4473 1700 4545 (Rom.
1741 4476 1793 4531 5,
1832 4477 1948 4547 25).

382 4560 505 4615 Ideo
529 4574 634 4611 non
662 4559 980 4629 simpliciter
1006 4561 1443 4631 dixitjustitiam,
1476 4565 1591 4629 sed,
1626 4565 1753 4630 Qui:
1772 4569 1825 4621 in
1845 4569 1953 4640 lege

375 4657 470 4701 est.
502 4648 961 4716 Quemadmodum
986 4654 1128 4707 enim
1157 4654 1247 4724 qui
1272 4657 1497 4709 multum
1537 4659 1744 4727 argenti
1776 4662 1951 4729 possi-

376 4738 489 4805 det,
516 4755 579 4793 ex
628 4754 687 4794 se
733 4741 948 4810 quidem
976 4742 1125 4799 dives
1166 4760 1286 4801 esse
1327 4747 1571 4813 videtur;
1612 4750 1707 4805 sed
1761 4756 1805 4807 si
1852 4768 1946 4808 sua

377 4840 759 4900 comparentur
782 4848 902 4888 cum
933 4836 1096 4906 regiis
1113 4837 1402 4906 thesauris,
1430 4840 1717 4897 admodum
1746 4860 1949 4916 pauper

379 4930 483 4987 est,
514 4930 571 4977 et
598 4923 803 4992 primus
832 4940 1034 4996 pauper
1062 4944 1075 4980 :
1109 4928 1178 4982 ita
1206 4930 1291 4984 hic
1317 4932 1501 4997 etiam,
1532 4935 1577 4987 si
1604 4948 1725 4989 cum
1746 4939 1948 5008 angelis

377 5025 758 5084 comparentur
786 5017 1048 5084 homines,
1070 5031 1375 5088 peccatores
1401 5035 1544 5091 sunt,
1568 5028 1779 5084 etiamsi
1796 5029 1946 5100 justi.

377 5107 431 5163 Si
468 5118 646 5163 autem
673 5109 903 5177 Paulus,
944 5113 1034 5183 qui
1072 5114 1331 5182 justitiam
1364 5117 1494 5188 legis
1516 5132 1770 5191 operatus
1810 5135 1945 5190 erat,

380 5201 582 5269 primus
608 5210 857 5277 peccator
878 5211 982 5271 est,
1014 5206 1133 5275 quis
1171 5207 1295 5262 aliis
1333 5207 1508 5278 justus
1536 5214 1804 5268 vocetur?
1831 5215 1948 5272 Non

374 5290 521 5344 enim
557 5293 718 5345 vitam
750 5293 1062 5350 criminatus
1080 5310 1231 5352 suam
1256 5308 1313 5352 ut
1341 5299 1592 5359 lascivum
1624 5302 1727 5360 hoc
1768 5302 1907 5362 dixit
1933 5324 1949 5373 ;

375 5381 552 5446 absit;
582 5382 677 5437 sed
700 5382 963 5453 justitiam
990 5385 1134 5441 illam
1157 5404 1279 5443 cum
1312 5390 1411 5447 hac
1447 5407 1788 5468 comparans,
1820 5400 1953 5455 nihil

376 5486 499 5528 esse
520 5472 680 5541 dicit;
724 5490 900 5546 neque
938 5477 1041 5533 hoc
1083 5488 1309 5547 tantum,
1338 5485 1433 5540 sed
1460 5488 1622 5544 etiam
1644 5506 1739 5545 eos
1765 5494 1858 5563 qui
1886 5493 1956 5549 il-

379 5561 485 5617 lam
509 5562 773 5621 haberent
792 5608 809 5635 ,
860 5582 1174 5639 peccatores
1202 5578 1533 5644 pronuntiat.
1560 5581 1670 5637 Sed
1690 5561 1955 5655 propterea

379 5651 777 5710 miscricordiam
802 5674 1137 5725 consequutus
1157 5680 1291 5733 sum,
1316 5666 1506 5738 inquit,
1526 5682 1581 5726 ut
1606 5674 1659 5729 in
1683 5692 1764 5729 me
1790 5680 1953 5748 primo

379 5744 659 5801 ostenderet
679 5746 713 5801 J
718 5764 830 5805 esus
848 5748 1079 5809 Christus
1102 5772 1304 5832 omnem
1319 5761 1615 5829 patientiam
1638 5770 1705 5822 ad
1720 5744 1962 5842 informa-

1273 309 1341 368 [Ν
1378 309 1593 367 EPIST.
1631 306 1653 363 l
1713 308 1804 363 AD
1840 302 2120 362 TlMO'l'll.
2153 300 2306 362 CAP.
2348 307 2387 363 l.
2429 309 2658 367 HOMIL.
2700 312 2789 368 ιν.

3544 322 3663 378 522

2072 420 2257 476 tionem
2287 441 2478 495 eorum,
2527 433 2614 502 qui
2649 435 2892 491 credituri
2932 451 3048 495 sunt
3091 443 3170 515 illi
3212 447 3267 501 in
3320 448 3469 504 vitam
3495 462 3646 506 teter-

2072 527 2209 566 nam.

2140 604 2193 659 2.
2226 606 2383 665 Vides
2403 616 2670 682 quomodo
2689 635 2877 677 rursus
2907 638 2967 680 se
2994 625 3240 683 bumiliet
3260 639 3314 686 et
3340 632 3608 702 deprimat
3644 676 3662 703 ,

2070 696 2169 749 alia
2218 700 2377 754 etiam
2423 704 2623 763 leviore
2662 710 2870 781 adjecta
2915 718 3282 775 causa?Nam
3310 725 3454 793 quod
3485 727 3644 797 igno-

2072 790 2259 844 rantia:
2291 797 2498 851 veniam
2530 814 2590 854 se
2617 815 3004 875 consequutum
3048 825 3168 866 esse
3192 812 3373 882 dicat,
3416 831 3521 871 nou
3553 819 3650 873 ad—

2072 881 2288 937 modum
2322 900 2656 955 peccatorem
2693 894 2928 952 declarat
2954 915 3078 955 eum
3112 904 3201 973 qui
3232 906 3440 961 veniam
3472 910 3644 979 impe-

2071 976 2228 1031 travit
2252 1021 2266 1043 ,
2298 996 2396 1035 nec
2430 983 2583 1041 valde
2611 985 2968 1046 damnandum
2999 1011 3013 1047 :
3044 997 3185 1066 quod
3212 1009 3388 1054 autem
3431 1001 3561 1057 dicit
3590 1019 3648 1059 se

2067 1070 2490 1131 misericordiam
2516 1092 2926 1152 consequutum,
2959 1097 3016 1142 ut
3037 1090 3211 1145 nullus
3240 1092 3492 1164 deinceps
3523 1113 3644 1167 pec-

2066 1171 2215 1216 cator
2243 1163 2511 1235 desperet,
2546 1171 2640 1227 sed
2671 1176 2905 1233 confidat
2944 1196 3004 1236 se
3046 1184 3233 1240 eadem
3280 1201 3642 1259 consequutu-

2065 1266 2182 1306 rum
2212 1269 2370 1322 esse;
2403 1276 2651 1331 magnum
2683 1267 2840 1324 valde
2882 1280 3044 1341 atque
3073 1275 3263 1345 ingens
3306 1290 3411 1336 est.
3460 1283 3643 1355 itaque

2064 1357 2187 1400 cum
2216 1347 2382 1416 dixit,
2419 1351 2625 1410 Primus
2658 1376 2769 1413 sum
2820 1376 3156 1434 peccatorum,
3202 1380 3249 1425 et
3299 1372 3642 1446 blasphemus,

2066 1452 2354 1506 persecutor
2376 1456 2424 1498 et
2450 1452 2864 1520 contumeliosus,
2883 1466 2958 1523 et,
2985 1456 3106 1513 Non
3135 1477 3245 1515 sum
3273 1463 3455 1535 dignus
3478 1483 3644 1524 vocari

2064 1534 2321 1599 apostolus
2366 1536 2440 1604 (l.
2494 1539 2609 1595 Cor.
2645 1544 2731 1599 l5.
2786 1545 2876 1616 9),
2928 1558 2981 1603 et
3026 1559 3255 1620 caetera;
3287 1534 3420 1610 nihil
3466 1570 3640 1616 tamen

2062 1622 2199 1680 adeo
2226 1624 2433 1685 humile
2462 1631 2713 1702 loquutus
2732 1646 2815 1691 est
2846 1657 2859 1693 :
2889 1639 2943 1694 id
2973 1642 3114 1709 quod
3157 1649 3403 1717 exemplo
3435 1656 3640 1720 perSpi-

2062 1729 2218 1772 cuum
2246 1719 2357 1776 lict.
2385 1722 2467 1777 Sit
2484 1726 2726 1794 quaedam
2753 1729 2939 1786 civitas
2961 1735 3241 1803 populosa,
3265 1740 3413 1795 cives
3440 1741 3642 1801 habens

2064 1822 2249 1864 omnes
2279 1812 2572 1882 improbos,
2601 1819 2738 1883 alios
2767 1822 2885 1891 plus
2904 1865 2918 1888 ,
2950 1825 3087 1880 alios
3112 1828 3311 1895 minus,
3344 1848 3532 1890 omnes
3560 1846 3640 1891 ta-

2066 1919 2186 1958 men
2216 1908 2472 1975 reprobos
2502 1928 2514 1964 :
2546 1912 2761 1980 quidam
2789 1927 2966 1972 autem
2991 1919 3129 1975 inter
3150 1922 3271 1979 illos
3300 1926 3369 1979 sit
3393 1930 3641 1987 omnilms

2062 1994 2272 2065 dignior
2302 2014 2457 2067 poena
2491 2013 2546 2056 et
2569 2006 2834 2075 supplicio
2853 2049 2870 2074 ,
2898 2011 2986 2080 qui
3012 2026 3175 2070 onme
3202 2019 3449 2087 nequitim
3472 2035 3641 2090 genus

2062 2091 2359 2143 exercuerit
2384 2106 2403 2144 :
2428 2093 2471 2145 si
2503 2097 2622 2163 quis
2648 2112 2775 2167 ergo
2798 2098 2998 2157 dixerit
3017 2104 3158 2160 velle
3184 2122 3363 2177 regem
3391 2112 3641 2166 omnibus

2061 2180 2268 2234 veniam
2302 2182 2460 2250 dare,
2493 2201 2599 2240 non
2646 2199 2751 2243 tam
2787 2191 2940 2248 facile
2983 2196 3245 2266 credent,
3285 2200 3457 2258 donec
3495 2206 3641 2259 vidc-

2061 2271 2169 2324 rint
2212 2276 2449 2330 omnium
2482 2279 2938 2349 improbissimum
2970 2289 3183 2345 veniam
3207 2306 3594 2365 consequutum
3622 2318 3635 2353 :

2061 2361 2202 2415 nulla
2229 2366 2375 2420 enim
2406 2378 2591 2437 postea
2622 2374 2882 2431 dubitatio
2910 2385 3194 2447 supererit.
3230 2385 3341 2440 lloc
3367 2398 3421 2443 et
3445 2389 3638 2445 Paulus

2059 2452 2205 2520 dicit,
2254 2459 2396 2527 quod
2447 2478 2639 2532 nempe
2685 2468 2869 2524 volens
2916 2471 3058 2528 Deus
3108 2474 3351 2535 homines
3379 2485 3639 2540 certiores

2060 2545 2256 2614 facere,
2282 2551 2424 2620 quod
2445 2556 2624 2610 omnia
2651 2558 2756 2614 illis
2774 2562 3061 2632 condonet,
3085 2583 3206 2624 eum
3226 2573 3313 2641 qui
3341 2575 3458 2642 plus
3474 2592 3635 2645 quam

2059 2655 2246 2699 omnes
2298 2659 2518 2716 peccato
2557 2653 2820 2712 obnoxius
2864 2672 2981 2718 erat
3022 2662 3238 2735 delegit.
3284 2668 3365 2725 Me
3408 2686 3638 2741 namque

2059 2734 2266 2789 veniam
2298 2753 2629 2811 consequuto
2652 2787 2667 2809 ,
2694 2747 2762 2803 de
2782 2749 2900 2806 aliis
2924 2768 3084 2809 nemo
3106 2734 3426 2815 dubitaverit
3452 2781 3467 2822 ;
3498 2780 3559 2819 ac
3588 2768 3635 2820 si

2057 2828 2176 2897 quis
2196 2844 2261 2884 ex
2282 2837 2666 2894 consuetudine
2683 2840 2885 2899 diceret
2914 2865 2927 2899 :
2956 2845 3012 2902 Si
3038 2847 3162 2905 huic
3186 2853 3449 2922 ignoverit
3472 2858 3632 2923 Deus,

2058 2921 2258 2976 nullum
2300 2925 2526 2982 aliorum
2553 2932 2752 2999 puniet.
2782 2934 3025 3008 Hincque
3054 2921 3292 2999 ostendit
3331 2961 3391 3002 se
3420 2921 3633 3021 quoque

2057 3010 2331 3084 indignum
2360 3021 2514 3076 venia
2548 3023 2736 3093 fuisse,
2763 3029 2857 3084 sed
2886 3043 3104 3103 prepter
3132 3037 3360 3096 aliorum
3404 3044 3631 3101 salutem

2057 3117 2118 3158 se
2154 3106 2304 3175 prius
2346 3109 2489 3166 illam
2541 3129 2930 3188 consequutum
2972 3124 3158 3183 fuisse.
3188 3130 3357 3189 Nemo
3389 3135 3545 3205 igitur
3568 3138 3638 3193 de

2057 3196 2229 3254 salute
2253 3200 2481 3271 dubitet,
2512 3207 2684 3277 inquit
2705 3253 2720 3276 ,
2752 3216 2967 3284 quando
2988 3235 3087 3291 ego
3115 3224 3340 3282 salutem
3363 3196 3479 3286 st
3507 3248 3637 3290 con-

2126 3381 2286 3438 Pauli
2328 3386 2608 3447 humilitas.
2656 3423 2732 3458 ,—
2758 3397 2827 3452 Et
2869 3401 2990 3457 vide
3032 3407 3202 3460 sancti
3247 3408 3408 3480 hujus
3452 3415 3633 3472 humi-

2059 3472 2279 3530 litatem.
2305 3476 2420 3534 Non
2446 3481 2613 3552 dixit,
2644 3485 2713 3543 Ut
2763 3493 3072 3550 ostenderet
3110 3496 3163 3551 in
3189 3514 3275 3555 me
3301 3472 3633 3577 patientiam,

2056 3565 2172 3630 sed,
2233 3568 2446 3624 Omnem
2491 3577 2818 3645 patientiam;
2868 3597 2932 3638 ac
2984 3586 3031 3640 si
3073 3587 3278 3646 diceret
3320 3612 3335 3647 :
3380 3594 3440 3650 ln
3485 3599 3636 3656 nullo

2056 3657 2160 3711 alio
2201 3658 2321 3728 plus
2355 3677 2512 3732 quam
2564 3666 2617 3721 in
2673 3685 2761 3725 me
2806 3674 3062 3741 patientia
3098 3694 3232 3748 opus
3275 3682 3490 3755 habuit,
3541 3706 3634 3747 ne-

2056 3763 2161 3816 que
2204 3750 2405 3809 invenit
2450 3756 2587 3813 adeo
2633 3773 3005 3833 peccatorem,
3038 3772 3129 3840 qui
3155 3777 3299 3830 omni
3326 3779 3633 3839 misericor-

2056 3838 2162 3905 dia,
2215 3845 2361 3897 omni
2410 3848 2664 3915 patientia
2696 3853 2995 3926 indigeret,
3046 3838 3152 3918 non
3186 3877 3338 3934 parte
3383 3880 3624 3944 tantum,

2055 3931 2192 3985 sicut
2222 3933 2256 3987 ii
2299 3936 2388 4003 qui
2422 3938 2473 3992 in
2508 3951 2658 4009 parte
2694 3955 2897 4004 tantum
2946 3931 3322 4023 peccaverunt.
3352 3963 3433 4016 Ad
3466 3931 3633 4038 infer:-

2056 4026 2343 4093 ntationem,
2368 4028 2559 4101 inquit,
2582 4034 2808 4101 illorum,
2832 4044 2919 4112 qui
2935 4048 3175 4103 credituri
3198 4064 3315 4107 sunt
3334 4057 3381 4109 ei
3395 4058 3448 4111 in
3476 4061 3632 4116 vitam

2054 4122 2332 4183 tcternam;
2359 4118 2461 4176 hoc
2486 4133 2567 4179 est
2591 4166 2607 4191 ,
2630 4127 2698 4183 ad
2724 4131 3172 4210 exhortationem,
3219 4146 3286 4201 ad
3317 4148 3636 4209 incitamen-

2056 4213 2189 4263 tum.
2219 4209 2481 4278 Quoniam
2507 4228 2683 4274 autem
2713 4238 2962 4296 magnum
2989 4233 3260 4304 quidpiam
3287 4240 3355 4296 de
3375 4242 3513 4297 Filio
3541 4247 3628 4303 lo-

2054 4309 2252 4366 quutus
2268 4315 2369 4372 est,
2393 4317 2447 4363 et
2472 4315 2722 4380 quoniam
2749 4325 2950 4376 tantam
2977 4325 3319 4385 dilectionem
3351 4336 3629 4407 exhibuit;

2056 4406 2123 4445 ne
2157 4394 2276 4461 quis
2303 4408 2542 4465 putaret,
2594 4404 2662 4459 ab
2693 4421 2754 4461 ea
2802 4411 2999 4478 privari
3042 4416 3295 4488 Patrem,-
3325 4426 3488 4481 etiam
3528 4394 3631 4499 ipsi

2053 4481 2276 4551 gloriam
2307 4488 2472 4544 refert
2500 4502 2554 4547 et
2577 4495 2653 4549 ait
2682 4513 2696 4550 :
2724 4499 2813 4554 l7.
2844 4501 2972 4572 Regi
2998 4516 3167 4563 autem
3202 4481 3502 4572 «acutorum
3528 4481 3630 4576 irru-

2055 4577 2276 4644 mortali,
2306 4579 2562 4651 invisibili,
2602 4588 2701 4640 soli
2725 4592 2941 4662 sapienti
2970 4595 3080 4651 Deo
3107 4602 3267 4655 honor
3293 4615 3341 4659 et
3372 4608 3538 4678 gloria
3578 4617 3632 4669 in

2026 4669 2242 4734 .sazcula
2260 4673 2579 4729 circulorum.
2607 4680 2786 4736 Amen.
2817 4684 2923 4740 Pro
2949 4686 3032 4742 his
3052 4730 3067 4753 ,
3113 4692 3312 4764 inquit,
3338 4715 3444 4755 non
3472 4706 3632 4760 modo

2056 4758 2268 4828 Filium,
2310 4766 2404 4819 sed
2436 4768 2593 4823 etiam
2646 4771 2858 4829 Patrem
2904 4758 3634 4868 glorificamus:Interroga-

2054 4865 2172 4906 mus
2197 4869 2325 4925 ergo
2355 4856 2654 4917 hzereticos.
2698 4865 2837 4923 Ecce
2866 4870 2982 4925 Soli
3023 4873 3133 4930 Deo
3174 4879 3337 4950 dixit,
3379 4884 3447 4941 de
3478 4856 3634 4947 Paire

2054 4941 2278 5013 loquens
2308 4966 2319 5000 :
2350 4964 2547 5019 ergone
2569 4953 2736 5012 Filius
2763 4975 2868 5016 non
2899 4972 2983 5018 est
3012 4965 3151 5024 Deus
3174 4974 3198 5023 Υ
3220 4983 3293 5038 et,
3318 4974 3435 5031 Soli
3457 4979 3633 5035 incor-

2054 5038 2278 5104 ruptibili
2299 5058 2319 5104 ;
2345 5057 2544 5110 ergone
2589 5046 2755 5104 Filius
2783 5069 2889 5107 non
2918 5056 3380 5131 incorruptibilis?
3407 5080 3463 5124 et
3491 5076 3634 5142 quod

2057 5131 2172 5199 ipse
2229 5144 2411 5202 postea
2463 5138 2556 5193 dat
2606 5143 2792 5210 nobis,
2844 5148 2958 5218 ipse
3009 5169 3116 5209 nou
3167 5157 3358 5215 habet?
3419 5131 3592 5221 Etiam
3634 5210 3647 5231 ,

2058 5228 2318 5296 inquiunt,
2347 5242 2401 5285 et
2424 5233 2564 5288 Deus
2593 5246 2647 5290 et
2674 5239 3093 5313 incorruptibilis
3122 5263 3224 5319 est,
3257 5255 3350 5309 sed
3383 5272 3487 5313 non
3512 5263 3634 5318 talis

2056 5319 2226 5387 qualis
2257 5322 2430 5377 Pater.
2458 5327 2594 5392 Quid
2622 5330 2796 5387 dicis?
2847 5350 2951 5390 non
2983 5340 3102 5393 talis
3122 5381 3137 5407 ,
3169 5354 3223 5397 et
3252 5346 3474 5404 minoris
3502 5353 3633 5407 sub-

2056 5413 2265 5466 stantia:
2288 5415 2404 5468 est?
2424 5432 2552 5487 ergo
2570 5429 2626 5474 et
2652 5424 2875 5480 minoris
2896 5426 3314 5503 incorruptionis
3335 5441 3461 5494 erit.
3491 5444 3629 5511 Quid

2058 5512 2239 5558 autem
2269 5515 2351 5559 est
2379 5508 2551 5578 major
2588 5522 2644 5566 et
2673 5516 2850 5571 minor
2897 5519 3264 5593 incorruptio?
3304 5531 3633 5607 incorruptio
3695 5520 3703 5537 “

2027 5635 2030 5637 λ
2056 5594 2199 5649 enim
2226 5596 2356 5652 nihil
2381 5599 2522 5655 aliud
2548 5611 2631 5657 est
2656 5622 2813 5674 quam
2847 5625 2948 5664 non
2975 5620 3267 5687 corrumpi.
3296 5621 3479 5681 Gloria
3508 5594 3631 5698 qui-

2057 5683 2178 5739 dem
2206 5687 2378 5756 major
2421 5699 2477 5744 et
2510 5693 2675 5762 gloria
2715 5698 2890 5754 minor
2936 5714 3036 5768 est,
3086 5708 3413 5784 incorruptio
3452 5683 3632 5777 autem

2060 5783 2229 5853 major
2248 5793 2301 5838 et
2326 5783 2498 5842 minor
2524 5801 2778 5855 nusquam
2804 5832 2817 5857 ,
2853 5794 2991 5850 sicut
3018 5813 3115 5856 nec
3138 5783 3340 5865 sanitas
3377 5811 3552 5870 minor
3574 5824 3632 5872 et
