4090 6396
440 352 547 409 523

440 456 612 540 major
645 486 659 523 :
690 474 785 523 aut
830 464 1103 534 corrumpi
1154 461 1422 532 quidpiam
1480 465 1708 529 oportet,
1764 464 1853 508 aut
1907 467 2013 506 non

439 562 660 617 omnino
681 558 974 627 corrumpi.
994 555 1131 623 Quid
1161 556 1319 624 ergo?
1340 554 1544 623 inquit;
1579 564 1747 606 nosne
1772 547 2016 602 similiter

436 653 869 723 incorruptibiles
899 648 1135 706 erimus?
1165 649 1317 703 Absit
1349 662 1365 702 :
1392 644 1537 701 nullo
1569 641 1748 697 modo.
1792 637 2014 706 Quare?

436 746 571 815 Quia
604 747 719 815 ipse
747 758 810 799 ex
842 751 1027 795 natura
1058 737 1188 794 illud
1214 737 1414 801 habet;
1450 735 1602 790 nobis
1630 741 1807 787 autem
1836 729 1888 784 id
1919 728 2015 783 da-

441 850 549 895 tum
577 846 998 901 concessumque
1028 839 1129 886 est.
1151 830 1359 900 Ergone
1388 829 1547 882 etiam
1572 826 1625 879 in
1652 823 1789 878 Filio
1823 835 1909 876 res
1937 819 2015 873 sic

437 930 641 985 habet?
667 928 1011 998 Nequaquam
1037 941 1051 988 ;
1078 922 1171 978 sed
1217 931 1271 976 et
1296 922 1409 990 ipse
1442 929 1630 974 natura
1662 917 1783 971 talis
1814 924 1916 969 est.
1953 912 2015 966 In

437 1036 543 1092 quo
573 1033 702 1090 ergo
733 1028 816 1073 est
842 1014 1186 1071 differentia?
1217 1011 1352 1079 Quia
1395 1011 1484 1066 ille
1513 1008 1724 1080 quidem
1754 1049 1770 1073 ,
1818 1005 2009 1075 inquit,

437 1127 467 1166 a
496 1112 709 1166 nemine
740 1109 907 1163 factus
950 1114 1033 1161 est
1061 1104 1182 1159 talis
1208 1121 1223 1169 ;
1254 1102 1421 1158 Filius
1464 1110 1641 1155 autem
1669 1114 1701 1153 a
1730 1098 1886 1153 Patre
1915 1096 2013 1149 ha-

436 1205 547 1258 bet.
604 1201 713 1257 Nos
761 1202 861 1253 hoc
928 1196 1278 1260 conﬁtemur,
1334 1206 1509 1262 neque
1575 1202 1830 1261 negamus
1872 1185 2014 1257 quod

436 1292 603 1349 Filius
632 1308 697 1347 ex
728 1291 884 1346 Patre
912 1286 1381 1357 incorruptibiliter
1424 1292 1581 1338 natus
1609 1282 1700 1336 sit.
1736 1278 1896 1344 Ideo,
1929 1277 2012 1331 in-

373 1419 377 1424 -
435 1386 663 1457 quiunt,
721 1383 935 1437 Patrem
997 1377 1395 1450 gloriﬁcamus,
1450 1372 1592 1444 quod
1634 1369 1794 1425 talem
1838 1368 2011 1436 ipsum

435 1476 699 1549 genuerit.
732 1473 917 1529 Vidcn‘
944 1470 1084 1542 quod
1130 1480 1255 1524 tunc
1295 1467 1527 1523 maxime
1552 1462 1877 1536 gloriﬁcetur
1922 1476 2013 1527 pa-

439 1582 540 1636 ter,
570 1584 692 1624 cum
720 1568 859 1621 lilius
881 1579 1073 1635 magna
1096 1561 1406 1633 peregerit?
1430 1559 1497 1614 ad
1528 1560 1699 1628 ipsum
1726 1557 1867 1611 enim
1890 1569 2011 1609 om—

438 1663 524 1716 nia
550 1676 669 1731 qute
696 1658 789 1712 filii
817 1665 942 1713 sunt
963 1655 1291 1710 referuntur.
1322 1652 1483 1723 Igitur
1509 1664 1629 1704 cum
1656 1656 1710 1704 et
1734 1655 2005 1719 potentem

435 1750 702 1822 genuerit,
729 1758 780 1803 et
817 1748 974 1802 talem
1003 1744 1175 1815 qualis
1196 1744 1308 1813 ipse
1335 1749 1437 1807 est,
1471 1737 1622 1812 [non]
1650 1738 1816 1807 magis
1846 1735 2012 1806 gloria

438 1843 531 1897 ﬁlii
559 1850 641 1898 est
681 1854 839 1912 quam
890 1836 1073 1908 patris,
1100 1850 1222 1890 cum
1274 1833 1375 1888 sibi
1429 1831 1542 1901 ipse
1594 1828 1858 1893 sufﬁciat,
1890 1840 2011 1881 cum

438 1933 679 1988 infirmus
710 1947 814 1985 non
847 1930 935 1984 sit.
968 1926 1095 1982 Illud
1126 1940 1276 1989 vero,
1312 1924 1436 1994 Regi
1482 1920 1778 1975 cwculorum
1802 1959 1821 1987 ,
1850 1917 2009 1971 etiam

436 2026 505 2081 de
535 2025 673 2081 Filio
696 2023 895 2078 dictum
929 2030 1011 2075 est
1035 2062 1050 2086 ,
1079 2017 1183 2071 Per
1205 2032 1352 2088 quem
1381 2014 1495 2086 fecit
1519 2022 1567 2068 et
1609 2010 1798 2067 sazcula
1825 2008 2009 2079 (Hebr.

436 2121 489 2172 1.
516 2116 596 2190 2).
630 2116 862 2185 Idipsum
894 2124 975 2168 est
1006 2120 1060 2165 et
1111 2111 1212 2169 hoc
1257 2109 1394 2162 loco.
1451 2105 1604 2176 Apud
1650 2118 1751 2160 nos
1797 2102 2012 2172 quidem

437 2219 661 2279 utraque
690 2221 777 2261 res
804 2204 1054 2259 distincta
1072 2210 1171 2265 est,
1205 2198 1456 2255 formatio
1479 2211 1671 2266 nempe
1692 2208 1747 2250 et
1772 2193 2011 2256 creatio;

435 2314 489 2357 et
517 2301 652 2356 alius
694 2297 909 2367 quidem
946 2292 1229 2357 construit,
1266 2300 1556 2361 operatur,
1587 2287 1835 2350 laborat;
1878 2284 2014 2337 alius

434 2410 563 2449 vero
585 2393 826 2461 imperat.
860 2385 1086 2456 Quare?
1110 2384 1242 2452 Quia
1270 2381 1361 2453 qui
1405 2378 1670 2435 construit
1699 2377 1873 2431 minor
1906 2383 2007 2429 est.

434 2486 550 2541 Illic
587 2498 715 2537 vero
744 2481 965 2535 minime
994 2495 1008 2533 :
1040 2490 1145 2531 non
1188 2473 1408 2528 alterius
1451 2479 1534 2525 est
1564 2467 1882 2532 dominatio,
1916 2480 2015 2519 nec

434 2577 653 2633 alterius
680 2573 904 2630 creatio.
945 2570 1129 2640 Neque
1157 2568 1298 2622 enim
1328 2579 1449 2619 eum
1504 2562 1665 2616 audio
1686 2601 1700 2626 ,
1739 2558 1840 2613 Per
1868 2573 2013 2627 quem

435 2671 551 2741 fecit
579 2678 626 2723 et
654 2666 841 2722 sarcula
873 2706 885 2730 ,
933 2662 1118 2718 aufero
1145 2676 1176 2714 a
1203 2660 1359 2714 Patre
1404 2655 1810 2717 formationem;
1843 2666 2015 2720 neque

433 2778 554 2818 cum
585 2760 742 2815 audio
771 2760 983 2814 Patrem
1033 2769 1152 2811 esse
1180 2754 1383 2823 Regem
1422 2750 1770 2814 steculorum,
1821 2763 1849 2800 a
1880 2746 2014 2800 Filio

434 2853 766 2907 dominatum
797 2851 983 2903 aufero
1012 2864 1026 2900 :
1060 2847 1175 2900 haec
1202 2844 1400 2914 quippe
1426 2852 1481 2897 et
1510 2841 1634 2895 huic
1671 2849 1727 2894 et
1752 2838 1825 2892 illi
1867 2852 2015 2891 com-

434 2945 614 2999 munia
635 2950 777 3007 sunt,
808 2950 1033 3010 utraque
1061 2938 1113 2991 in
1143 2936 1404 2991 ambobus
1432 2944 1575 2988 sunt.
1601 2931 1813 2987 Creavit
1834 2931 2010 2995 Pater,

434 3038 574 3107 quod
616 3035 957 3089 formatorem
1006 3030 1203 3085 Filium
1245 3027 1490 3100 genuerit
1532 3044 1547 3081 :
1588 3033 1777 3095 regnat
1820 3024 2008 3088 Filius,

433 3129 573 3196 quod
598 3128 850 3181 Dominus
874 3126 944 3180 sit
961 3133 1349 3179 creaturarum.
1379 3118 1564 3189 Neque
1582 3117 1728 3173 enim
1756 3131 1854 3187 pro
1873 3130 2014 3170 mer-

433 3221 564 3276 cede
592 3227 864 3289 operatur,
891 3226 949 3271 ut
975 3214 1115 3286 apud
1142 3229 1239 3269 nos
1265 3213 1345 3279 ﬁt,
1380 3226 1551 3282 neque
1571 3210 1729 3265 alteri
1757 3208 2014 3266 obediens

434 3325 493 3367 ut
511 3329 629 3377 nos,
652 3310 746 3365 sed
765 3325 861 3381 per
878 3308 1148 3379 prOpriam
1170 3306 1459 3360 bonitatem
1487 3311 1539 3357 et
1561 3302 1835 3357 hominum
1860 3316 2013 3353 amo-

434 3422 573 3462 rem.
605 3404 743 3471 Quid
769 3412 945 3457 autem
968 3401 991 3455 ?
1013 3399 1180 3456 Filius
1207 3400 1355 3453 visus
1379 3404 1465 3452 est
1484 3394 1816 3467 aliquando?
1844 3393 2015 3449 Nemo

434 3499 487 3553 id
515 3499 695 3552 dicere
722 3495 910 3566 possit.
946 3492 1084 3561 Quid
1111 3506 1243 3562 ergo
1272 3489 1375 3544 sibi
1410 3489 1523 3543 vult
1555 3487 1684 3543 illud
1705 3527 1721 3552 ,
1767 3484 2016 3539 Incorru-

433 3589 617 3660 ptibili,
639 3586 897 3651 invisibili,
920 3585 1016 3639 soli
1041 3583 1253 3652 sapienti
1284 3579 1433 3634 Deo?
1458 3578 1586 3650 quid
1616 3592 1747 3633 vero
1776 3577 1875 3633 sibi
1902 3576 2017 3631 vult

434 3679 645 3750 quando
674 3677 822 3742 dicit,
860 3673 1037 3744 Neque
1058 3674 1192 3728 enim
1222 3682 1292 3725 est
1314 3688 1492 3725 nomen
1513 3669 1681 3737 aliud,
1711 3670 1767 3723 in
1791 3684 1890 3737 quo
1916 3684 2008 3722 nos

435 3771 621 3825 salvari
642 3767 878 3839 Oportet?
901 3777 954 3821 et
982 3778 1186 3829 rursus,
1219 3762 1341 3817 Non
1373 3773 1447 3817 est
1468 3762 1522 3816 in
1547 3762 1651 3816 alio
1679 3762 1851 3831 aliqua
1876 3761 2016 3815 salus

437 3864 571 3934 (Act.
618 3863 674 3916 4.
734 3860 862 3929 I2)?
903 3857 1086 3912 Honor
1130 3867 1177 3911 et
1233 3855 1417 3928 gloria,
1464 3855 1653 3925 inquit,
1702 3856 1757 3909 in
1801 3852 2010 3909 uacula.

435 3957 617 4009 Amen.
651 3954 834 4007 Honor
859 3960 913 4007 et
932 3950 1103 4021 gloria
1125 3963 1231 4004 non
1257 3949 1433 4003 verbis
1459 3947 1721 4003 redditur.
1750 3946 2014 4014 Quoniam

440 4050 599 4118 igitur
624 4057 680 4101 et
705 4047 822 4115 ipse
847 4060 954 4099 non
982 4042 1165 4098 verbis
1192 4056 1291 4096 nos
1320 4040 1623 4107 honoravit,
1652 4040 1744 4096 sed
1774 4042 1932 4095 rebus
1963 4049 2018 4095 et

436 4140 689 4209 Operibus
730 4154 745 4192 :
782 4137 861 4191 sic
887 4145 938 4191 et
967 4148 1066 4189 nos
1093 4133 1239 4187 illum
1282 4133 1611 4186 bonoremus
1638 4147 1736 4202 per
1778 4131 1917 4185 facta
1964 4141 2019 4186 et

438 4245 624 4299 opera.
652 4227 984 4296 Quamquam
1009 4225 1095 4279 hic
1111 4223 1286 4279 honor
1312 4238 1412 4278 nos
1443 4222 1629 4292 tangit,
1669 4222 1815 4275 illum
1835 4230 2013 4276 autem

440 4320 661 4374 minime
693 4336 707 4373 :
735 4332 911 4387 neque
937 4316 1079 4371 enim
1106 4314 1310 4384 indiget
1340 4314 1430 4370 ille
1456 4313 1661 4368 honore
1688 4322 1891 4378 nostro,
1920 4326 2019 4366 nos

439 4422 616 4467 autem
647 4410 764 4480 ejus
792 4410 996 4464 honore
1041 4406 1363 4479 indigemus.

512 4506 567 4559 5.
599 4504 777 4574 Itaque
812 4503 859 4558 si
889 4501 1214 4556 honoremus
1244 4500 1417 4565 illum,
1448 4513 1546 4554 nos
1590 4498 1750 4554 etiam
1790 4497 2021 4552 honora-

444 4612 584 4651 mus.
624 4594 697 4651 Ut
722 4595 867 4649 enim
911 4593 1003 4663 qui
1044 4592 1231 4648 oculos
1259 4590 1469 4662 aperuit
1500 4600 1556 4646 ut
1584 4591 1814 4647 solarem
1847 4590 2019 4646 lucem

442 4688 641 4754 videat,
669 4686 770 4742 sibi
807 4686 907 4755 ipsi
936 4684 1195 4756 prodest,
1238 4685 1365 4739 dum
1397 4686 1526 4739 astri
1573 4684 2022 4755 pulchritudinem

445 4782 704 4845 miratur,
758 4794 934 4849 neque
979 4780 1053 4832 illi
1094 4779 1291 4848 aliquid
1329 4779 1514 4848 gratia:
1560 4777 1807 4843 confert;
1848 4794 2022 4849 neque

441 4872 585 4927 enim
618 4869 1041 4939 splendidiorem
1078 4868 1221 4922 illam
1253 4868 1437 4930 efﬁcit,
1465 4866 1558 4922 sed
1588 4877 1765 4922 manet
1786 4877 1843 4921 ut
1865 4877 2019 4923 erat:

445 4964 544 5029 sic,
572 4970 627 5017 et
652 4963 823 5015 multo
856 4960 1023 5029 magis
1047 5000 1063 5025 ,
1091 4960 1179 5028 qui
1213 4959 1375 5012 Deum
1405 4959 1628 5013 miratur
1672 4969 1725 5013 et
1754 4960 2018 5026 honorat,

444 5055 546 5108 sibi
568 5054 795 5108 salutem
817 5060 871 5106 et
896 5051 1181 5105 utilitatem
1210 5066 1457 5120 magnam
1487 5058 1657 5119 parat.
1699 5051 2023 5127 Quomodo?

445 5147 579 5213 Quia
605 5150 856 5199 virtutetn
878 5143 1066 5197 adiens
1089 5143 1160 5197 ab
1190 5142 1305 5211 ipso
1327 5142 1662 5212 gloriﬁcatur
1693 5160 1706 5196 :
1734 5143 1865 5198 Nam
1895 5143 2019 5198 Glo-

445 5240 705 5308 riﬁcantes
726 5253 827 5305 me,
857 5237 1046 5306 inquit,
1076 5235 1371 5305 glori/icabo
1399 5236 1476 5305 (I.
1499 5235 1629 5304 Reg.
1657 5235 1713 5289 2.
1737 5237 1858 5306 50).
1882 5238 2027 5303 Quo-

446 5329 608 5385 modo
651 5329 811 5397 igitur
852 5328 968 5397 ipse
1010 5324 1359 5396 gloriﬁcatur,
1407 5324 1639 5395 inquies,
1690 5327 1737 5381 si
1783 5327 1950 5397 gloria
1995 5343 2027 5382 a

447 5423 605 5478 nobis
630 5422 825 5477 collata
855 5436 963 5476 non
1005 5420 1233 5475 fruitur?
1260 5418 1466 5474 Eodem
1491 5419 1651 5474 modo
1687 5435 1795 5490 quo
1819 5421 2028 5477 esurire

449 5514 647 5570 dicitur
693 5521 748 5567 et
782 5514 932 5567 sitire
972 5531 988 5567 :
1038 5520 1220 5565 nostra
1260 5510 1403 5565 enim
1448 5510 1625 5564 omnia
1676 5511 1888 5581 propria
1926 5512 2029 5567 sibi

452 5605 598 5663 facit.
623 5615 681 5659 ut
710 5606 791 5661 vel
828 5604 905 5661 sic
932 5620 1031 5659 nos
1061 5603 1329 5660 attrahat:
1359 5604 1598 5659 honores
1626 5604 1784 5658 simul
1815 5614 1869 5660 et
1894 5620 2027 5660 con-

454 5698 724 5764 tumelias,
758 5705 816 5751 ut
854 5696 939 5752 vel
960 5696 1044 5753 'sic
1076 5697 1354 5752 timeamus
1381 5712 1395 5762 ;
1423 5710 1594 5766 neque
1620 5697 1697 5751 sic
1736 5705 1911 5753 tamen
1943 5707 2022 5754 at-

456 5788 734 5844 trahimur.

1146 346 1205 402 S.
1243 340 1519 402 JOANNIS
1554 336 2023 398 CIIRYSOSTUMI
2061 336 2372 421 ARCHIEP.
2413 342 2939 403 CONSTANTINOP.

3591 332 3695 389 εξι

2193 452 2328 508 Deus
2368 458 2616 526 quomodo
2654 459 3037 528 gloriﬁcandas.
3068 488 3139 498 —
3167 456 3538 514 Gloriﬁeemus
3561 472 3691 529 ergo

2121 544 2286 599 Deum
2316 564 2329 599 :
2361 548 2678 603 extollamns
2708 550 2875 604 Deum
2918 559 2971 604 et
2998 548 3049 603 in
3079 564 3308 619 corpore
3336 558 3391 605 et
3419 548 3473 603 in
3498 548 3690 620 spiritu

2120 647 2324 691 nostro.
2360 639 2427 693 Et
2467 641 2733 710 quomodo
2762 644 2878 711 quis
2922 644 2974 697 in
3010 656 3236 713 corpore
3268 642 3553 713 gloriﬁcat,
3603 644 3692 696 in-

2120 728 2271 797 quies
2295 770 2310 796 ,
2334 732 2605 799 quomodo
2644 732 2695 786 in
2725 734 2958 803 spiritu?
2983 733 3080 787 Hie
3117 734 3364 802 spiritum
3389 732 3519 789 dicit
3560 735 3683 788 ani-

2120 836 2258 875 mam
2285 864 2299 885 ,
2333 823 2401 877 ad
2430 824 2783 879 differentiam
2810 827 3070 894 corporis.
3120 825 3396 893 Quomodo
3423 841 3550 897 ergo
3570 827 3691 896 quis

2118 915 2379 984 glorificat
2401 918 2452 972 in
2482 919 2750 988 corpore?
2774 919 3039 990 quomodo
3069 919 3122 974 in
3144 920 3356 975 anima?
3377 918 3432 973 In
3462 935 3690 991 corpore

2117 1005 2397 1074 gloriﬁcat,
2421 1009 2510 1079 qui
2542 1025 2647 1064 non
2675 1009 2969 1066 fornicatur
2994 1053 3009 1078 ,
3037 1012 3126 1081 qui
3160 1027 3264 1066 non
3293 1012 3530 1067 ebriatnr
3550 1054 3564 1077 ,
3594 1013 3682 1081 qni

2117 1100 2289 1153 ventri
2329 1115 2435 1155 non
2478 1101 2753 1173 indulget,
2781 1105 2867 1174 qui
2900 1120 3005 1158 non
3034 1104 3211 1159 studet
3239 1106 3446 1159 ornatui
3472 1146 3486 1171 ,
3511 1106 3601 1174 qui
3634 1105 3687 1160 id

2118 1196 2321 1244 tantum
2348 1201 2514 1257 curat,
2544 1203 2797 1263 quantum
2825 1194 2891 1249 ad
2919 1195 3279 1250 valetudinem
3304 1194 3576 1250 dumtaxat
3602 1212 3686 1250 sa.-

2117 1280 2185 1333 tis
2206 1281 2295 1347 sit,
2310 1282 2402 1351 qui
2428 1297 2532 1337 non
2557 1284 2885 1351 moechatur;
2907 1300 3026 1355 qua;
3046 1300 3150 1341 non
3169 1288 3450 1356 unguentis
3466 1286 3683 1356 perfun-

2115 1369 2278 1438 ditur,
2308 1388 2427 1442 quaa
2456 1388 2559 1428 non
2598 1374 2867 1431 coloribus
2895 1377 3101 1431 vultum
3134 1376 3374 1447 depingit
3393 1419 3412 1442 ,
3440 1394 3558 1448 quae
3589 1379 3684 1434 Dei

2115 1460 2435 1519 formatione
2473 1474 2722 1522 contenta
2747 1475 2831 1522 est
2875 1476 2929 1522 et
2971 1468 3104 1522 nihil
3132 1469 3336 1538 adjicit.
3380 1469 3488 1524 Cur
3529 1486 3679 1540 ergo,

2116 1567 2299 1622 quaeso
2326 1563 2399 1619 te,
2426 1555 2612 1625 adjicis
2641 1558 2716 1611 rei
2741 1572 2771 1611 a
2800 1558 2911 1612 Deo
2935 1558 3171 1629 perfecte
3190 1561 3427 1615 creatae?
3455 1577 3560 1616 non
3587 1562 3684 1617 tibi

2114 1642 2309 1699 sufﬁcit
2345 1646 2433 1701 illa
2472 1645 2767 1702 formatio?
2796 1657 2854 1703 ut
2896 1648 3087 1705 melior
3127 1650 3287 1719 igitur
3329 1651 3507 1721 opifex
3550 1667 3685 1723 opus

2116 1737 2371 1796 decorare
2397 1749 2569 1797 tentas
2589 1743 2613 1795 ?
2637 1741 2752 1796 Non
2781 1741 2986 1798 esthoc
3013 1752 3193 1811 certe;
3236 1743 3329 1799 sed
3371 1744 3493 1801 ideo
3519 1760 3682 1800 orna-

2115 1833 2209 1900 ris,
2237 1845 2292 1888 et
2314 1832 2656 1889 Conditorem
2683 1835 3010 1892 contumelia
3040 1835 3209 1892 afﬁcis
3233 1877 3249 1903 ,
3280 1846 3338 1893 ut
3373 1838 3684 1896 innumeros

2114 1933 2382 1981 amatores
2410 1926 2668 1981 attrahas.
2718 1927 2786 1981 Et
2820 1927 2947 1998 quid
2979 1926 3213 1983 faciam?
3237 1928 3480 1999 inquies:
3515 1945 3685 2000 neque

2114 2016 2254 2070 enim
2277 2031 2376 2087 ego
2404 2017 2544 2085 volo,
2577 2017 2673 2073 sed
2700 2029 2921 2088 propter
2948 2018 3123 2074 virum
3166 2019 3217 2074 id
3245 2018 3420 2076 facere
3444 2023 3683 2092 compel-

2114 2106 2214 2160 lor.
2242 2106 2497 2161 Adamari
2524 2123 2631 2163 non
2674 2109 2813 2164 solet
2837 2125 2957 2179 quae
2996 2125 3103 2165 non
3131 2111 3264 2166 vult.
3293 2112 3369 2168 Te
3394 2111 3683 2169 famosam

2118 2197 2256 2252 Deus
2279 2197 2425 2265 fecit,
2443 2206 2503 2253 ut
2523 2197 2682 2254 etiam
2711 2201 2763 2255 in
2784 2199 2888 2255 hoc
2905 2200 3241 2257 admirationi
3259 2202 3560 2269 haberetur,
3574 2220 3685 2259 non

2115 2297 2172 2342 ut
2199 2289 2518 2345 contumelia
2570 2288 2873 2346 afficeretur
2904 2308 2919 2345 :
2949 2306 3019 2348 ne
3062 2292 3165 2362 ipsi
3216 2293 3516 2364 hujusmodi
3546 2295 3684 2351 dona

2114 2381 2376 2437 retribuas
2395 2423 2411 2449 ,
2437 2383 2532 2438 sed
2560 2384 2943 2440 continentiam
2986 2395 3041 2442 et
3082 2386 3433 2444 honestatem.
3462 2389 3686 2446 Formo-

2114 2488 2227 2526 sam
2256 2483 2307 2529 te
2338 2474 2476 2529 Deus
2502 2474 2627 2531 fecit
2648 2515 2664 2543 ,
2693 2486 2751 2531 ut
2777 2485 2830 2532 te
2859 2476 3153 2535 honeSIatis
3178 2482 3411 2549 praemiis
3448 2493 3683 2552 augeret.

2115 2563 2228 2618 Non
2254 2580 2348 2634 par
2376 2581 2462 2621 res
2484 2575 2585 2633 est,
2612 2582 2729 2622 eam
2751 2583 2869 2639 qua:
2892 2569 3136 2624 amabilis
3156 2579 3239 2625 est
3257 2571 3550 2626 castitatem
3573 2588 3689 2628 ser-

2115 2671 2260 2721 vare,
2282 2664 2336 2711 et
2359 2671 2475 2711 eam
2500 2672 2617 2727 quae
2637 2673 2666 2712 a
2692 2659 2840 2714 nullo
2857 2661 3032 2730 appeti
3055 2662 3221 2731 possit
3237 2662 3466 2732 idipsum
3488 2662 3683 2720 facere.

2113 2746 2281 2800 Audis
2304 2747 2431 2817 quid
2456 2749 2590 2803 dicit
2618 2749 2893 2821 Scriptura
2924 2752 2992 2807 de
3015 2752 3286 2823 Josepho?
3315 2754 3464 2822 Erat,
3496 2757 3684 2827 inquit,

2114 2838 2365 2907 speciosus
2408 2848 2455 2892 et
2495 2840 2706 2894 decorus
2750 2852 2956 2914 aspectu
2984 2843 3136 2915 (Gen.
3172 2845 3264 2901 59.
3298 2844 3393 2916 6).
3425 2848 3560 2912 Quid
3591 2864 3690 2902 nus

2108 2929 2260 2999 juvat
2302 2930 2487 2986 audire
2531 2930 2824 3003 Josephum
2871 2933 3036 2990 fuisse
3086 2935 3404 3005 pulchrum?
3448 2937 3520 2995 Ut
3574 2940 3692 3010 ejus

2114 3021 2560 3092 pulchritudinem
2590 3025 2759 3094 magis
2787 3024 3116 3081 admiremur
3145 3036 3198 3082 et
3225 3027 3584 3084 honestatem.
3612 3031 3691 3087 Te

2113 3112 2405 3167 formosam
2435 3113 2576 3169 Deus
2602 3114 2766 3183 fecit,
2798 3131 2894 3170 cur
2935 3126 2987 3171 te
3013 3116 3304 3173 deformem
3347 3119 3515 3175 facis?
3544 3120 3693 3176 Sicut

2112 3206 2257 3261 enim
2277 3205 2322 3260 si
2347 3205 2465 3275 quis
2485 3221 2660 3261 aureae
2687 3215 2878 3262 statua:
2897 3207 3064 3263 lutum
3094 3208 3307 3265 illinat:
3338 3211 3407 3265 ita
3439 3221 3565 3265 sunt
3584 3213 3690 3268 illa:

2114 3312 2233 3367 quae
2260 3295 2438 3351 fucum
2465 3297 2723 3353 adhibent
2750 3317 2765 3350 :
2795 3308 2991 3355 terram
3017 3300 3113 3355 tibi
3139 3301 3306 3357 infers
3333 3306 3526 3373 partim
3548 3304 3691 3359 rubi-

2113 3386 2364 3453 cundam,
2414 3386 2605 3457 partim
2662 3388 2965 3443 candidam.
3005 3388 3205 3446 Verum
3255 3407 3375 3461 qua:
3424 3392 3692 3449 deformes

2114 3487 2258 3547 sunt,
2302 3479 2534 3549 inquies,
2592 3479 2646 3534 id
2680 3480 2804 3550 jure
2844 3480 3064 3537 faciunt.
3108 3482 3224 3551 Qua
3266 3484 3336 3539 de
3373 3490 3569 3543 causa?
3602 3486 3692 3543 dic

2115 3573 2276 3640 mihi;
2311 3581 2371 3627 ut
2395 3572 2786 3630 deformitatem
2817 3574 3105 3646 obtegam?
3149 3576 3256 3633 Sed
3290 3578 3341 3632 id
3385 3578 3577 3634 frustra
3606 3581 3691 3635 fa-

2115 3668 2281 3722 ciunt.
2313 3668 2681 3735 Quandonam,
2716 3684 2920 3739 quaeso,
2950 3670 3002 3724 id
3029 3670 3171 3742 quod
3215 3673 3455 3728 naturale
3497 3682 3580 3728 est
3623 3675 3694 3729 ab

2115 3773 2181 3813 eo
2230 3759 2371 3830 quod
2402 3759 2578 3814 studio
2621 3771 2673 3815 et
2722 3770 2840 3816 arte
2887 3762 3188 3831 conficitur,
3238 3765 3558 3834 superatur?
3582 3764 3694 3820 Cur

2117 3864 2246 3919 ergo
2274 3849 2585 3905 deformitas
2624 3853 2843 3906 maerori
2870 3861 2983 3920 est,
3015 3854 3060 3907 si
3091 3854 3285 3923 probro
3311 3857 3529 3910 careat?
3552 3858 3691 3912 Audi

2116 3943 2259 3998 extim
2308 3944 2604 4013 sapientem
2648 3946 2929 4015 quemdam
2976 3947 3242 4004 dicentem
3274 3967 3289 4005 :
3324 3949 3408 4004 Ne
3445 3956 3692 4020 vituperes

2116 4034 2280 4087 virum
2304 4036 2357 4088 in
2385 4046 2592 4106 aspectu
2618 4053 2729 4102 suo,
2770 4054 2928 4108 neque
2951 4038 3237 4095 laudaveris
3266 4042 3426 4096 virum
3451 4044 3505 4097 in
3529 4046 3695 4113 specie

2116 4140 2209 4178 sua
2238 4124 2422 4194 (Eccli.
2457 4128 2543 4182 ll.
2575 4124 2657 4199 2).
2691 4128 2858 4184 Deum
2888 4129 3049 4200 igitur
3075 4132 3244 4201 magis
3271 4132 3534 4189 admirare
3557 4136 3693 4190 arti-

2118 4216 2270 4272 ﬁcem
2298 4219 2577 4287 optimum,
2601 4235 2706 4275 non
2731 4230 2909 4277 autem
2936 4223 3083 4277 illum
3110 4239 3125 4289 ;
3155 4240 3259 4280 non
3287 4226 3429 4280 enim
3453 4226 3592 4282 illius
3610 4238 3696 4283 est

2118 4326 2273 4379 opus.
2302 4311 2454 4378 Quod
2480 4313 2643 4377 enim,
2669 4329 2872 4383 quieso,
2898 4314 3105 4370 lucrum
3135 4332 3203 4371 ex
3224 4316 3427 4372 forma?
3456 4319 3693 4385 Nullum,

2119 4403 2212 4457 sed
2242 4402 2426 4471 plures
2449 4405 2847 4474 contentiones,
2875 4406 3105 4476 majores
3121 4408 3402 4474 molestiae,
3432 4411 3691 4480 pericula,

2119 4495 2470 4563 suspiciones.
2507 4497 2637 4551 Eam
2667 4499 2810 4552 enim
2838 4513 2961 4568 quae
2990 4513 3095 4553 non
3130 4501 3217 4555 tali
3257 4501 3453 4557 decore
3492 4502 3693 4573 fulget,

2121 4602 2279 4641 nemo
2303 4598 2605 4658 suspectam
2645 4591 2862 4645 habebit
2892 4608 2907 4646 :
2940 4592 3029 4647 illa
3056 4607 3183 4648 vero
3205 4592 3436 4649 formosa
3458 4637 3473 4661 ,
3501 4596 3555 4649 ni
3578 4612 3695 4649 ma-

2120 4696 2221 4751 gna
2252 4683 2530 4738 honestate
2554 4691 2609 4738 et
2653 4684 2915 4739 modestia
2942 4692 3120 4739 utatur
3144 4726 3159 4751 ,
3201 4688 3381 4740 statim
3417 4687 3470 4741 in
3501 4688 3694 4742 malam

2123 4774 2315 4829 famam
2368 4776 2598 4843 incidet;
2626 4786 2680 4831 et
2706 4778 2785 4830 vir
2814 4778 2929 4847 ejus
2960 4778 3012 4831 in
3056 4778 3359 4847 suspicione
3395 4779 3548 4850 deget
3573 4795 3694 4835 cum

2123 4868 2212 4921 illa
2237 4884 2251 4921 :
2281 4883 2381 4938 qua
2411 4883 2469 4922 re
2490 4867 2615 4937 quid
2632 4869 2908 4923 molestius
2932 4868 3038 4923 dici
3059 4869 3266 4939 possit?
3293 4885 3390 4926 nec
3414 4881 3606 4925 tantam
3631 4887 3699 4926 er.

2125 4962 2296 5017 forma
2334 4969 2389 5015 et
2431 4962 2610 5031 specie
2638 4961 2754 5029 ejus
2778 4962 3035 5031 percipiet
3061 4963 3412 5031 voluptatem,
3443 4972 3698 5033 quantum

2124 5070 2190 5109 ex
2231 5054 2491 5124 zelotypia
2536 5067 2844 5107 maerorem.
2877 5052 3134 5123 Voluptas
3179 5054 3321 5108 enim
3366 5069 3432 5108 ex
3470 5069 3701 5109 consue-

2127 5146 2310 5201 tudine
2358 5144 2671 5209 marcescit,
2722 5144 2850 5200 dum
2895 5160 3030 5199 uxor
3081 5145 3351 5213 lascivire,
3391 5146 3705 5200 dissolutio-

2128 5237 2233 5303 nis,
2248 5236 2483 5292 libidinis
2501 5244 2679 5292 notam
2705 5237 2917 5306 accipit,
2938 5248 3098 5308 atque
3124 5253 3276 5293 mens
3296 5253 3430 5293 vana
3447 5250 3499 5293 et
3519 5239 3706 5294 admor

2129 5328 2257 5384 dum
2276 5343 2530 5398 arrogans
2549 5328 2767 5384 evadit:
2796 5328 2912 5384 haec
2940 5331 3136 5401 quippe
3162 5331 3339 5385 omnia
3366 5331 3705 5400 pulchritudo

2130 5436 2309 5477 secum
2340 5420 2523 5475 trahit.
2551 5420 2606 5474 In
2635 5436 2698 5476 ea
2724 5431 2902 5476 autem
2931 5435 3051 5491 qua:
3081 5422 3313 5477 formosa
3338 5437 3447 5477 non
3479 5432 3581 5485 est,
3605 5422 3706 5478 hu-

2128 5512 2359 5585 jusmodi
2390 5512 2764 5582 impedimenta
2818 5530 2922 5568 non
2949 5515 3205 5583 reperias.
3230 5515 3412 5585 Neque
3441 5516 3580 5570 enim
3608 5516 3703 5570 ad-

2133 5615 2256 5662 sunt
2284 5619 2446 5660 canes
2475 5606 2777 5671 irruentes;
2810 5606 2901 5661 sed
2948 5606 3035 5661 illa
3065 5607 3231 5662 veluti
3272 5622 3405 5677 agna
3434 5609 3489 5663 in
3528 5609 3715 5676 quiete

2132 5701 2387 5771 pascitur,
2415 5699 2541 5770 lupo
2574 5700 2720 5754 nullo
2748 5701 2993 5755 turbante
3012 5701 3099 5787 v’el
3128 5699 3416 5764 insiliente,
3441 5698 3714 5756 assidente

2142 5805 2370 5864 pastore.
2398 5792 2532 5848 Nihil
2569 5792 2745 5847 damni
2772 5782 3046 5859 infertur,
3067 5793 3111 5848 si
3140 5792 3303 5849 altera
3334 5791 3589 5860 formosa,
3622 5793 3712 5847 al-
