4090 6396
340 449 480 505 ἀλλά
548 448 647 501 καὶ.
707 447 872 509 αὑτὸς
918 444 1100 519 φύσει.
1153 444 1313 509 Τίνος
1365 438 1462 498 οῦν
1502 444 1686 497 ἕνεκεν
1723 445 1757 515 ἡ
1804 444 1917 498 δια-

342 535 521 606 φοράς
552 535 674 585 Ὅτι
710 532 876 595 αὑτὸς
917 531 1038 602 μὲν,
1087 530 1245 602 φησὶ,
1300 530 1435 600 παρ’
1464 530 1678 592 οὐδενὸς
1703 529 1919 597 ἐγένετο

342 617 605 682 τοιοῦτος,
635 616 665 668 6
691 616 747 669 66
797 616 924 679 Υἱὸς
976 613 1132 686 παρά
1178 613 1273 667 τοῦ
1327 612 1564 685 Πατρός.
1599 612 1713 666 Καὶ
1755 613 1920 682 ἡμεῖς

344 701 502 762 τοῦτο
523 700 926 770 ὁμολογοῦμεν·
964 698 1084 752 οὑδὲ
1112 715 1222 770 γαρ
1251 700 1415 769 ἡμεῖς
1461 695 1801 766 ἀρνούμεθα,
1833 695 1916 748 ὅτι

344 789 409 839 ἐκ
441 785 536 839 τοῦ
572 785 786 855 Πατρὸς
814 784 844 835 6
873 784 1002 846 Υἱὸς
1042 782 1338 854 ἁφθάρτως
1366 782 1713 851 γεγέννηται.
1747 779 1919 849 ’Υπὲρ

344 874 569 933 τούτων,
604 872 759 941 φησὶ,
801 869 895 923 τὸν
936 868 1157 939 Πατέρα
1194 865 1511 937 δοξάζομεν,
1551 866 1634 919 ὅτι
1675 862 1919 918 τοιοῦτον

343 956 508 1008 αὑτὸν
538 954 851 1025 ἐγέννησεν.
902 952 1064 1024 Ὁρᾷς
1103 952 1185 1005 ὅτι
1213 951 1333 1005 τότε
1363 951 1602 1021 μάλιστα
1630 946 1915 1012 δοξάζεται

342 1042 372 1091 ὁ
404 1040 608 1110 πατὴρ,
639 1039 768 1091 ὅταν
806 1033 1080 1109 μεγάλαῇ
1116 1032 1499 1103 κατωρθωκὼς
1549 1035 1578 1086 6
1626 1034 1799 1095 παῖς;
1838 1030 1919 1093 είς

341 1123 505 1176 αὑτὸν
527 1123 635 1193 γὰρ
688 1121 1025 1190 ἀναφέρεται
1087 1119 1157 1172 τὰ
1205 1115 1302 1170 τοῦ
1337 1115 1480 1172 υἱοῦ.
1529 1114 1917 1175 υύκοῦν,ὃταν

340 1201 627 1279 δυνατὸνῇ
667 1203 1035 1273 γεγεννηκὼς,
1069 1203 1164 1256 καὶ
1198 1200 1441 1255 τοιοῦτον
1489 1194 1601 1253 οἷον
1640 1198 1826 1260 αὑτὸς,
1881 1197 1916 1267 ἡ

340 1290 469 1355 δόξα
493 1287 590 1342 τοῦ
628 1287 781 1341 υἱοῦ·
849 1286 1053 1357 μᾶλλόν
1108 1287 1259 1339 ἐστιν
1308 1284 1342 1354 ἢ
1374 1282 1469 1338 τοῦ
1525 1281 1753 1353 πατρὸς.
1785 1282 1917 1335 ὅταν

342 1375 613 1444 αὐτάρκη,
645 1374 774 1426 ὃταν
820 1370 1003 1441 ἑαυτῷ
1057 1368 1356 1440 ἀρκοῦντα,
1405 1368 1535 1423 ὅταν
1561 1368 1637 1440 μὴ
1691 1366 1914 1437 ἀσθενῆ.

342 1461 434 1529 Τῷ
450 1459 529 1520 δὲ,
561 1457 817 1512 Βασιλεῖ
856 1455 978 1509 τῶν
1025 1454 1277 1517 αἰώνων,
1327 1453 1587 1525 καὶπερὶ
1638 1452 1731 1506 τοῦ
1785 1449 1916 1505 Υίοῦ

341 1544 578 1614 εἴρηται,
608 1543 691 1595 Δι’
716 1536 788 1597 οὗ
816 1540 916 1594 καὶ
948 1537 1091 1603 τοὺς
1118 1537 1340 1605 αίῶνας
1370 1537 1641 1605 ἐποίησε.
1685 1536 1761 1589 Τὸ
1785 1533 1919 1588 αὑτό

342 1628 491 1681 ἐστιν
548 1625 805 1680 ἐνταῦθα.
853 1623 1011 1695 Παρά
1047 1622 1149 1693 μὲν
1200 1622 1312 1692 γὰρ
1343 1623 1477 1693 ἡμῖν
1507 1620 1760 1692 διῄρηται
1807 1620 1917 1689 άμ-

345 1713 567 1782 ςιότερα,
599 1711 633 1781 ἡ
665 1707 1016 1780 δημιουργία,
1050 1706 1214 1774 λέγω,
1250 1707 1346 1759 καὶ
1374 1708 1407 1777 ἡ
1443 1704 1640 1769 κτίσις,
1672 1704 1767 1756 καὶ
1796 1702 1916 1755 ἓτε-

345 1814 437 1867 ρος
470 1796 569 1867 μὲν
597 1792 999 1856 κατασκευάζει
1044 1792 1141 1844 καὶ
1174 1792 1409 1843 ποιεῖται
1436 1790 1533 1843 καὶ
1560 1788 1915 1857 ταλαιπωρεῖ,

342 1880 531 1951 ἔτερος
582 1879 639 1932 δὲ
688 1880 903 1949 κρατεῖ.
960 1875 1059 1928 Διά
1108 1875 1195 1942 τίς
1237 1875 1361 1927 Ὅτι
1414 1875 1443 1927 6
1490 1872 1917 1936 κατασκευάζων

340 1962 577 2017 ἐλάττων
623 1960 792 2014 ἐστίν.
830 1961 979 2013 Ἐκεῖ
1019 1959 1077 2013 δὲ
1116 1957 1405 2028 οὐδαμῶςο
1458 1956 1557 2025 οὑχ
1595 1956 1781 2026 ἑτέρου
1817 1954 1917 2025 μὲν

341 2051 376 2116 ἡ
429 2045 734 2108 δεσποτεία,
794 2044 984 2114 ἑτέρου
1038 2042 1093 2095 δὲ
1139 2044 1170 2111 ἡ
1216 2040 1569 2111 δημιουργία.
1601 2040 1737 2093 Οὑδὲ
1783 2038 1914 2107 γὰρ,

342 2130 565 2183 ἐπειδάν
601 2128 844 2190 ἀκούσω,
863 2130 945 2181 Δι’
969 2122 1041 2183 οὗ
1067 2126 1167 2179 καὶ
1194 2126 1338 2192 τοὺς
1358 2123 1578 2190 αἰῶνας
1604 2122 1915 2191 ἐποίησεν,

340 2217 563 2287 ἀφαιρῶ
591 2216 681 2269 τὸν
717 2214 933 2283 Πατέρα
968 2212 1031 2266 τὸ
1066 2210 1461 2282 δημιουργικόν
1484 2228 1497 2240 ·
1535 2209 1661 2262 οὔτε
1705 2208 1763 2262 δὲ
1787 2208 1917 2261 ὅταν

340 2299 583 2363 ἀκούσω,
629 2299 689 2351 'O
721 2297 911 2367 Πατὴρ
944 2297 1200 2366 βασιλεὺς
1243 2295 1355 2348 τῶν
1391 2292 1623 2359 αίώνων,
1666 2293 1757 2346 τὸν
1788 2290 1916 2345 Υἱὸν

336 2382 560 2454 ἀφαιρῶ
584 2381 683 2453 τὴν
704 2380 1022 2434 δεσποτείαν
1044 2395 1060 2412 ⁸
1096 2379 1252 2433 κοινά
1292 2378 1402 2449 γὰρ
1449 2379 1541 2431 καὶ
1585 2377 1797 2430 ἐκείνου
1823 2376 1917 2429 καὶ

340 2469 532 2521 τούτου
590 2466 797 2520 ταῦτα·
873 2465 1163 2535 ἀμφότερα
1234 2465 1345 2535 γὰρ
1396 2462 1677 2533 ἑκατέροις
1742 2462 1912 2516 ἐστίν.

344 2554 599 2605 Ἕκτισεν
620 2553 649 2604 ὁ
678 2549 869 2622 Πατὴρ
882 2548 961 2620 τῷ
988 2548 1322 2618 δημιουργὸν
1346 2546 1475 2600 Υίὸν
1495 2545 1912 2617 γεγεννηκέναισ

341 2636 615 2706 βασιλεύει
650 2637 678 2689 6
708 2635 834 2697 Υίὸς
863 2634 941 2703 τῷ
992 2633 1196 2704 Κύριος
1234 2628 1374 2685 εἶναι
1422 2629 1533 2683 τῶν
1574 2629 1914 2700 κτισμάτων.

328 2722 415 2772 UL)
446 2720 555 2790 γὰρ
582 2718 775 2790 μισθοῦ
823 2717 1142 2788 ἐργάζεται,
1188 2714 1444 2786 καθάπερ
1487 2713 1537 2766 οἱ
1592 2712 1723 2783 παρ’
1758 2714 1913 2783 ἡμῖν,

334 2803 459 2856 οὐδὲ
483 2803 667 2874 ἑτέρῳ
726 2800 1058 2864 ὑπακούων,
1121 2798 1371 2870 καθάπερ
1430 2790 1613 2864 οὑτοι,
1658 2796 1796 2852 ἀλλά
1846 2796 1913 2850 δι’

336 2887 545 2941 οἰκείαν
601 2885 918 2956 ἀγαθότητα
973 2884 1069 2937 καὶ
1123 2882 1560 2953 φιλανθρωπίαν.
1621 2881 1687 2934 Τί
1743 2880 1844 2947 δές
1886 2882 1915 2935 6

339 2972 469 3034 Υἱὸς
505 2970 696 3041 ὼράθη
723 2970 895 3037 ποτέ;
946 2968 1061 3022 Οὑκ
1099 2968 1165 3022 ἄν
1214 2984 1299 3029 τις
1337 2966 1451 3038 ἔχοι
1502 2965 1701 3035 λέγειν.
1732 2966 1798 3020 Τί
1822 2961 1915 3019 οὖν

337 3058 508 3121 ἐστιν,
550 3054 874 3125 Ἀφθὰρτῳ,
912 3052 1162 3121 ἀοράτῳ,
1181 3052 1349 3121 μόνῳ
1373 3050 1543 3121 σοφῷ
1569 3048 1728 3115 Θεῷ;
1774 3050 1829 3103 τί
1856 3048 1913 3103 δὲ

335 3142 466 3195 ὅταν
486 3140 643 3210 λέγῃ,
681 3139 834 3193 Οὐδὲ
879 3136 991 3205 γάρ
1028 3136 1198 3189 ἐστιν
1254 3134 1442 3205 ὄνομα
1480 3134 1709 3203 ἕτερον,
1761 3133 1833 3187 ἐν
1858 3127 1907 3201 ᾧ

334 3226 431 3278 δεῖ
453 3224 721 3292 σωθῆναι
749 3220 907 3292 ἡμᾶς
933 3237 950 3285 ;
982 3222 1077 3275 καὶ
1105 3220 1287 3287 πάλιν,
1306 3222 1429 3273 Οὐκ
1454 3220 1626 3273 ἐστιν
1644 3218 1713 3271 ἐν
1745 3217 1914 3283 ἄλλῳ

336 3308 540 3363 οὐδενὶ
583 3309 623 3375 ἠ
680 3305 980 3372 σωτηρία;
1034 3304 1177 3373 Τιμὴ
1219 3302 1318 3356 καὶ
1371 3301 1544 3367 δόξα,
1588 3302 1775 3372 φησὶν,
1824 3304 1913 3366 είς

334 3392 479 3458 τοὺς
499 3388 739 3455 αἰῶνας.
775 3388 981 3456 Ἀμήν.
1028 3388 1176 3457 Τιμὴ
1208 3387 1302 3440 καὶ
1330 3386 1458 3451 δόξα
1490 3387 1550 3439 οὑ
1607 3386 1696 3439 διά
1733 3386 1913 3456 ῥημά-

333 3495 443 3530 των
464 3476 700 3543 γίνεται.
748 3473 903 3526 Ἐπεὶ
946 3467 1041 3524 οὖν
1094 3473 1189 3524 καὶ
1220 3471 1386 3535 αὐτὸς
1426 3472 1486 3524 οὑ
1519 3470 1606 3525 διὰ
1647 3472 1911 3542 ῥημάτων

333 3561 482 3629 ἡμᾶς
508 3559 787 3629 ὲτίμησεν,
824 3555 961 3610 ἀλλά
987 3555 1080 3609 καὶ
1108 3555 1197 3609 διὰ
1241 3555 1586 3628 πραγμάτων
1621 3554 1773 3626 [571]
1815 3555 1911 3607 καὶ

332 3648 402 3698 δι’
428 3645 625 3716 ἔργων,
646 3643 790 3696 οὑτω
819 3640 914 3693 καὶ
946 3641 1109 3710 ἡμεῖς
1142 3637 1305 3692 αὑτὸν
1342 3640 1668 3709 τιμήσωμεν
1694 3639 1791 3692 καὶ
1816 3638 1906 3691 διὰ

335 3729 678 3800 πραγμάτων
719 3726 813 3780 καὶ
838 3724 904 3777 δι’
936 3723 1135 3795 ἔργων.
1160 3724 1357 3775 Καίτοι
1394 3720 1536 3792 αῦτη
1577 3721 1737 3792 μὲνὴ
1776 3720 1909 3793 τιμὴ

333 3813 493 3883 ἡμῶν
520 3813 775 3876 ἅπτεται,
810 3808 996 3877 ἐκείνη
1029 3807 1087 3860 66
1137 3805 1306 3859 αὑτοῦ
1357 3804 1641 3876 οὑδαμῶς’
1686 3804 1749 3858 οὑ
1798 3806 1910 3874 γὰρ

329 3900 502 3951 δεῖται
541 3897 641 3968 τῆς
677 3896 807 3966 παρ’
846 3892 1028 3964 ἡμῶν,
1078 3892 1241 3969 ἡμεῖς
1292 3890 1351 3943 66
1398 3890 1497 3961 τῆς
1555 3890 1689 3961 παρ’
1743 3886 1908 3942 αὑτοῦ

330 3984 587 4053 δεόμεθα.

400 4074 449 4135 γ’
458 4108 471 4122 .
488 4068 651 4119 Ὥστε
680 4064 785 4118 κᾶν
813 4064 1136 4135 τιμήσωμεν
1163 4060 1346 4126 αὑτὸν,
1366 4059 1527 4115 πάλιν
1543 4061 1692 4131 ἡμᾶς
1707 4059 1909 4123 αὑτοὺς

331 4151 694 4222 ἐτιμήσαμεν.
732 4149 947 4217 Ὥσπερ
979 4146 1090 4218 γὰρ
1119 4148 1149 4199 6
1176 4146 1303 4209 τοὺς
1323 4144 1638 4215 ὀφθαλμοὺς
1659 4144 1903 4211 ἀνοίξας,

334 4240 419 4291 ἵνα
452 4236 511 4290 τὸ
550 4234 775 4307 ἡλιακὸν
805 4234 888 4304 ἴδῃ
923 4232 1061 4301 φῶς,
1104 4229 1297 4284 ἑαυτὸν
1330 4229 1493 4284 πάλιν
1527 4228 1727 4301 ὤνησε,
1773 4229 1905 4282 θαυ-

335 4320 521 4391 μάζων
550 4318 610 4373 τὸ
641 4317 840 4381 κάλλος
880 4315 975 4369 τοῦ
1014 4316 1241 4387 ἄστρου,
1287 4313 1389 4367 οὑκ
1416 4312 1612 4385 ἐκείνῳ
1651 4330 1704 4366 τι
1737 4313 1906 4383 κεχά-

335 4421 515 4476 ρισται
539 4420 553 4434 ³
589 4403 651 4455 οὑ
684 4402 792 4472 γὰρ
830 4399 1211 4471 λαμπρότερον
1242 4397 1375 4452 αὑτὸ
1402 4397 1729 4466 πεποίηκεν,
1767 4397 1907 4452 ἀλλά

338 4491 487 4558 μένει
536 4486 597 4540 τὸ
644 4486 805 4538 αὑτό’
862 4484 1027 4544 οὑτω,
1057 4483 1151 4538 καὶ
1189 4481 1368 4553 πολλῴ
1412 4481 1637 4552 μᾶλλον,
1674 4482 1767 4536 ἐπὶ
1807 4481 1903 4535 τοῦ

334 4570 510 4625 Θεοῦο
570 4571 599 4623 6
653 4568 951 4638 θαυμάζων
1002 4567 1094 4620 τὸν
1132 4566 1263 4619 Θεὸν
1309 4565 1404 4619 καὶ
1447 4565 1661 4635 τιμῶν,
1709 4565 1903 4620 ἑαυτὸν

332 4657 527 4717 ἔσωσε,
559 4654 653 4707 καὶ
686 4652 966 4721 ὠφέλησεν
994 4649 1259 4718 ὠφέλειαν
1287 4647 1571 4720 μεγίστην.
1600 4648 1756 4715 Πῶς;
1780 4650 1903 4704 Ὀτι

330 4742 428 4809 τὴν
460 4737 661 4808 ἀρετὴν
701 4736 1097 4805 μετερχόμενος
1116 4734 1164 4798 b,
1196 4735 1327 4802 παρ’
1370 4732 1538 4786 αὑτοῦ
1580 4732 1898 4799 δοξάζεται·

334 4822 482 4889 Ἰοὺς
505 4822 613 4891 γὰρ
671 4818 1035 4885 δοξάζοντας
1080 4835 1177 4887 με,
1238 4816 1395 4887 φησὶ,
1444 4816 1705 4881 δοξάσω.
1778 4820 1904 4883 Πῶς

327 4902 421 4963 οὖν
454 4908 616 4972 αὑτὸς
670 4905 977 4971 δοξάζεται,
1046 4903 1233 4972 φησὶν,
1281 4902 1392 4955 ἀπὸ
1438 4902 1540 4971 τῆς
1593 4900 1752 4972 δόξης
1796 4905 1900 4974 τῆς

328 4991 602 5063 ἡμετέρας
630 4990 784 5043 οὐδὲν
825 4986 1150 5042 ἀπολαύων;
1182 4987 1392 5056 Ὠσπερ
1436 4983 1530 5040 οῦν
1569 4987 1665 5039 καὶ
1703 4991 1900 5059 πεινῆν

325 5076 565 5144 λέγεται,
604 5074 697 5127 καὶ
730 5072 889 5141 διψῆν
915 5088 929 5103 ·
964 5072 1143 5125 πάντα
1183 5070 1292 5141 γὰρ
1326 5068 1623 5124 οἰκειοῦται
1654 5071 1724 5123 τά
1764 5072 1901 5141 ἡμέ-

325 5178 482 5230 τερα,
514 5159 601 5212 ἵνα
645 5154 747 5211 κᾶν
806 5154 981 5217 οὕτως
1040 5154 1191 5224 ἡμᾶς
1227 5152 1615 5223 ἐφελκύσηται,
1658 5155 1753 5207 καὶ
1799 5154 1899 5218 τάς

323 5244 489 5313 τιμὰς
516 5243 613 5296 κει)⁸
653 5243 751 5305 τὰς
786 5241 992 5311 ὕϐρεις,
1032 5240 1123 5293 ἵνα
1178 5239 1283 5292 κᾶν
1332 5238 1475 5293 οὑτω
1526 5236 1855 5309 φοϐηθῶμεν
1880 5255 1895 5269 '

324 5329 419 5381 καὶ
447 5326 555 5379 οὐδ’
584 5324 756 5389 οὑτως
788 5323 1154 5394 ἐφελκόμεθα.

393 5409 718 5481 Δοξάσωμεν
752 5408 819 5480 δὴ
847 5410 937 5462 τὸν
964 5407 1119 5473 Θεὸν,
1164 5406 1390 5477 ἄρωμεν
1428 5405 1520 5459 τὸν
1552 5404 1685 5459 Θεὸν
1728 5405 1787 5458 ὲν
1815 5404 1894 5476 τῷ

374 5597 415 5668 ξ
431 5595 651 5668 pmpigo
673 5594 940 5658 legendum
982 5593 1039 5643 οὑ
1064 5592 1150 5641 τοῦ
1172 5590 1297 5652 υἱοῦ,
1319 5596 1373 5641 et
1396 5591 1545 5652 paulo
1566 5594 1697 5653 post,
1719 5592 1787 5641 Τὸ
1820 5592 1894 5651 δὲ,

318 5656 411 5758 Τρί
428 5662 672 5771 ξῖἷιέῗῐι).
699 5729 753 5771 el.
770 5732 925 5779 marg.
950 5718 1100 5781 Sam,
1132 5716 1412 5780 Legebatur
1431 5715 1722 5778 μετέρχεται,
1744 5718 1893 5781 quod,

326 5780 591 5845 [Imposito
624 5785 683 5845 εί,
709 5781 825 5831 ferri
855 5776 1026 5842 pbssit.
1053 5780 1186 5830 Εοιτ.

1276 328 1345 386 IN
1381 327 1600 387 EPIST.
1629 326 1650 382 Ι
1677 328 1768 384 AD
1804 326 2085 385 TIMOTH.
2110 327 2264 384 CAP.
2306 330 2346 383 Ι.
2384 329 2617 387 HOMIL.
2659 333 2749 392 IV.

3492 344 3603 404 524*

2023 438 2237 511 σώματι
2268 444 2365 499 καὶ
2393 447 2451 498 ἐν
2484 446 2562 517 τῷ
2584 448 2857 520 πνεύματι
2900 450 3079 522 ἡμῶν.
3113 454 3226 509 Καὶ
3255 454 3373 521 πῶς
3420 474 3505 523 τις
3534 460 3597 513 ὲν

2018 525 2097 612 τῷ
2134 527 2350 612 σώματι
2371 529 2605 595 δοξάζει,
2647 532 2822 603 φησί;
2850 534 2968 597 πῶς
2986 536 3043 589 δὲ
3071 539 3130 591 ὲν
3172 538 3253 609 τῷ
3286 540 3595 612 πνεύματι;

2018 609 2243 693 Πνεῦμα
2270 613 2506 667 ἐνταῦθα
2524 614 2623 687 τὴν
2664 616 2845 689 ψυχὴν
2889 618 3058 688 λέγει,
3098 622 3237 693 πρὸς
3256 609 3596 680 ἀντιδιαστοέ-

2019 690 2117 760 λὴν
2149 694 2245 747 τοῦ
2290 695 2566 767 σώματος.
2615 699 2740 762 Πῶς
2768 698 2865 755 οὑν
2910 719 2996 766 τις
3017 690 3231 769 δοξάζει
3271 707 3330 758 ἐν
3370 708 3449 778 τῷ
3492 707 3599 761 σώ-

2021 791 2157 844 ματι
2176 779 2349 865 γπῶς
2372 780 2428 834 66
2455 783 2513 835 6v
2543 786 2609 855 τῇ
2637 784 2817 858 ψυχῇ;
2851 787 2940 841 Ἐν
2972 788 3189 859 σώματι
3210 789 3423 857 δοξάζει
3459 794 3488 847 6
3521 794 3598 865 μὴ

2018 860 2321 948 πορνεύων,
2354 867 2383 918 6
2410 866 2483 938 μὴ
2518 869 2950 943 μεθυσκόμενος,
2984 876 3013 928 6
3044 875 3119 946 μὴ
3142 860 3597 948 γαστριζόμενὸςξ

2017 944 2047 996 6
2082 945 2158 1033 μὴ
2180 948 2684 1022 καλλωπιζόμενος,
2714 956 2745 1009 6
2769 944 3229 1031 τοσαύτηναὺτοῦ
3273 944 3598 1033 ποιούμενος

2019 1028 2300 1128 πρόνοιαν,
2332 1035 2457 1128 ὅσον
2483 1036 2841 1128 πρὸς-ὑγείαν
2861 1028 3055 1114 ἀρκεῖν
3078 1045 3261 1116 μόνον,
3296 1048 3326 1101 6
3370 1028 3451 1118 μῆ
3479 1065 3598 1119 μοι·

2020 1118 2218 1183 χεύων,
2255 1118 2289 1188 ἡ
2338 1120 2419 1191 μὴ
2478 1123 2842 1198 μυριζομένη,
2882 1128 2916 1198 ἡ
2972 1128 3049 1201 μὴ
3080 1128 3334 1202 χρώματι
3372 1132 3598 1202 διαγρά-

2020 1214 2197 1292 φουσα
2230 1202 2305 1292 τὸ⁸
2341 1204 2657 1292 πρόσωπον,
2703 1210 2731 1280 ἡ
2769 1209 3087 1284 ἀρκουμένη
3131 1216 3198 1284 τῇ
3250 1213 3448 1269 πλάσει
3498 1212 3597 1268 τοῦ

2018 1280 2190 1369 Θεοῦ,Δ
2224 1286 2317 1339 καὶ
2363 1287 2531 1359 μηδὲν
2576 1280 3013 1365 ἐπιτεχνωμένη.
3065 1280 3131 1349 Τί
3160 1280 3438 1369 γὰρ,εἰπέ
3482 1315 3595 1368 μοι,

2018 1365 2417 1457 πρρσίάγειςᾲτά
2467 1373 2619 1443 παρά
2642 1376 2848 1446 σαυτῆς
2886 1380 2955 1449 τῇ
2997 1365 3387 1453 ἀπηρτισμένη
3445 1365 3599 1452 παρά

2019 1448 2114 1544 τοῦ
2148 1448 2285 1544 Θεοῦ
2319 1452 2691 1544 δημιουργία;
2723 1448 3151 1544 οὑκ-αὐτάρκης
3199 1448 3283 1517 σοι
3312 1448 3541 1532 γέγονεν
3563 1465 3598 1535 ἡ

2018 1525 2340 1615 διάπλασιςς
2382 1534 2460 1598 ὡς
2502 1525 2729 1606 βελτίων
2767 1538 2951 1594 τοίνυν
3004 1525 3241 1613 τεχνῖτις
3295 1525 3597 1615 ἐπιχειρεῖς

2019 1611 2285 1683 ρυθμίσαι
2307 1617 2369 1671 τὸ
2397 1618 2598 1689 ἕργον;
2627 1623 2742 1676 Οὑκ
2774 1624 2893 1678 ἔστι
2926 1611 3107 1694 τοῦτο,
3144 1627 3282 1685 ἀλλά
3313 1611 3599 1684 διάντοῦτο

2019 1697 2363 1785 καλλωπίζῃ,
2414 1705 2510 1758 καὶ
2544 1707 2787 1778 ὑϐρίζεις
2814 1709 2907 1763 τὸν
2944 1712 3314 1784 Δημιουργὸν,
3360 1714 3449 1769 ἵνα
3490 1732 3598 1785 μυ-

2022 1779 2170 1869 ρίους
2204 1786 2439 1869 ἐραστὰς
2470 1790 2773 1864 ἐπισπάσῃ.
2808 1792 2920 1846 Καὶ
2950 1779 3217 1861 τί-πάθω,
3244 1796 3414 1869 φησίν
3430 1779 3599 1865 ;,ούδὲ

2019 1866 2129 1939 γὰρ
2155 1868 2265 1940 ἐγὼ
2300 1871 2583 1943 βούλομαι,
2617 1875 2754 1930 ἀλλὰ
2780 1877 2870 1931 διὰ
2892 1879 2984 1932 τὸν
3010 1880 3182 1952 ἄνδρα
3213 1866 3391 1935 ταῦτα
3420 1884 3597 1938 ποιεῖν

2017 1952 2419 2036 ἀναγκάζομαι.
2454 1957 2569 2011 Οὑκ
2604 1958 2683 2011 ἔνι
2718 1960 2795 2031 μὴ
2827 1960 3163 2033 βουλομένην
3188 1965 3443 2036 ἐρᾶσθαι.
3478 1967 3597 2020 Ka-

2016 2034 2117 2105 λήν
2156 2039 2284 2090 σε-ό
2325 2038 2458 2103 Θεὸς
2492 2042 2770 2113 ἐποίησεν,
2818 2046 2906 2099 ῖνα
2962 2034 3321 2120 θαυμάζηται-
3364 2053 3459 2107 καὶ
3503 2055 3597 2108 ἐπὶ

2017 2123 2344 2209 τούτῳὶοὑᾳχ.
2374 2123 2461 2177 ἵνα
2501 2125 2830 2199 ὑϐρίζηται’
2878 2130 2953 2201 μὴ
2990 2131 3205 2197 τούτοις
3248 2137 3411 2193 αὑτὸν
3444 2138 3595 2209 ἀμεί-

2018 2204 2123 2293 ϐου
2144 2207 2257 2293 τοῖς
2283 2204 2499 2293 δῴρρις,
2550 2210 2687 2265 ἀλλά
2730 2214 3059 2289 σωφροσύνῃ
3109 2219 3205 2272 καὶ
3247 2204 3593 2293 κοσμιότητι.

2018 2288 2300 2375 Καλὴνλσε
2321 2290 2350 2341 6
2374 2291 2507 2355 Θεὸς
2531 2294 2809 2367 ἐποίησεν,
2853 2288 3058 2354 ῖνα.σοι
3079 2302 3206 2365 τοὺς
3229 2304 3330 2373 τῆς
3354 2288 3598 2375 *κοσμιό-

2015 2388 2178 2460 τητος
2200 2372 2398 2438 ἄθλους
2436 2376 2668 2449 αὐξήσῃ.
2710 2380 2784 2433 Οὑ
2813 2382 2923 2453 γάρ
2951 2385 3101 2438 ἐστιν
3135 2372 3597 2460 ῖσον,ίὲπέραστον

2016 2453 2183 2542 οὖσαν
2214 2462 2539 2530 σωφρονεῖν,
2569 2463 2661 2516 καὶ
2692 2463 2782 2516 ὑπ’
2830 2466 3045 2531 οὐδενὸς
3083 2453 3412 2540 γενομένην·
3441 2488 3596 2542 περι-

2021 2541 2289 2614 μάχητον.
2352 2543 2596 2625 ’ᾼκούεις
2654 2547 2707 2599 τί
2741 2565 2911 2617 φησιν
2967 2552 3000 2621 ἡ
3066 2552 3258 2623 Γραφὴ
3318 2554 3448 2625 περὶ
3496 2541 3596 2608 τοῦ

2031 2627 2258 2710 Ἰωσὴφς
2280 2627 2362 2681 ὄτι
2380 2623 2492 2683 Ἦν
2504 2628 2716 2697 ὡραῖος
2735 2631 2832 2685 καὶ
2852 2633 3039 2699 καλὸς
3062 2635 3138 2705 τῇ
3174 2636 3332 2705 ὄψει.
3355 2623 3421 2692 Τί
3446 2640 3595 2710 ἡμᾶς

2016 2708 2175 2764 τοῦτο
2204 2710 2506 2774 ἀκούοντας
2539 2712 2761 2781 ὠφελεῖ,
2788 2715 2872 2768 ὃτι
2893 2715 3060 2781 καλὸς
3084 2713 3154 2789 ἦν
3207 2720 3405 2791 Ἰωσήφ
3430 2738 3445 2788 ;
3469 2708 3595 2776 V‘lva

2017 2794 2221 2865 μᾶλλον
2248 2796 2415 2851 αὑτοῦ
2454 2797 2518 2851 τὸ
2554 2798 2752 2862 κάλλος
2809 2798 3181 2875 θαυμάζωμεν
3215 2806 3310 2857 καὶ
3344 2805 3445 2876 τὴν
3497 2823 3593 2860 κο-

2016 2879 2309 2950 σμιότητα.
2356 2880 2612 2947 Ἐποίησέ
2638 2898 2698 2935 σε
2726 2883 2899 2955 καλὴν
2928 2887 2958 2938 6
2986 2885 3119 2949 Θεός
3146 2903 3162 2953 ;
3192 2886 3246 2941 τί
3281 2887 3462 2942 τοίνυν
3493 2906 3594 2943 κα-

2013 2963 2378 3029 τασκευάζεις
2408 2965 2657 3038 ἄμορφον
2688 2970 2895 3042 σαυτήν
2919 2970 3171 3043 ;”Ωσπερ
3199 2971 3309 3044 γὰρ
3342 2972 3409 3027 ἂν
3435 2972 3489 3026 εῐ
3508 2991 3596 3040 τις

2016 3048 2204 3120 χρυσῷ
2232 3050 2512 3119 ἀνδριάντι
2545 3052 2849 3123 ἐπιχρίσειε
2885 3054 3056 3124 πηλὸν
3091 3054 3352 3130 βορϐόρου
3375 3096 3392 3123 ,
3420 3055 3599 3123 οὕτως

2014 3133 2154 3187 είσὶν
2176 3133 2235 3185 αἱ
2251 3136 2363 3197 τοῖς
2390 3135 2756 3206 ὲπιτρίμμασι
2780 3137 3151 3208 κεχρημέναι·
3178 3140 3284 3211 γῆν
3308 3139 3595 3195 καταπάσ-

2018 3232 2131 3279 σεις
2183 3216 2432 3287 σαυτὴνο
2472 3216 2573 3288 τὴν
2641 3218 2742 3289 μὲν
2782 3211 3059 3291 φοινικῆν,
3106 3221 3206 3291 τὴν
3254 3221 3313 3274 δὲ
3365 3223 3594 3292 λευκήν.

2026 3300 2167 3353 Ἀλλ’
2195 3304 2251 3354 αί
2284 3301 2541 3374 ἄμορφοι,
2590 3303 2778 3373 φησὶν,
2813 3304 3041 3369 εἰκότως
3068 3306 3227 3360 τοῦτο
3270 3307 3593 3377 πράττουσι.

2014 3383 2171 3446 Τίνος
2194 3384 2401 3449 ἕνεκεν,
2434 3384 2556 3437 εἰπέ
2581 3402 2700 3454 μοι;
2730 3386 2817 3439 ἵνα
2836 3388 2936 3458 τὴν
2962 3388 3243 3459 ἀμορφίαν
3270 3389 3592 3460 κρύψωσιν;

2014 3465 2165 3539 [572]
2209 3468 2370 3521 Ἀλλά
2411 3468 2649 3541 ἀνόνητα
2683 3470 2934 3527 πονοῦσι.
2979 3473 3119 3526 Πότε
3150 3473 3281 3545 γὰρ,
3322 3475 3445 3527 είπέ
3479 3493 3591 3545 μοι,

2010 3553 2072 3605 τὸ
2096 3552 2326 3620 φυσικὸν
2357 3553 2463 3605 ὑπὸ
2498 3553 2592 3606 τοῦ
2627 3556 2878 3626 τεχνικοῦ
2899 3556 2926 3595 ἀ
2974 3559 3068 3611 καὶ
3098 3558 3591 3632 ὲπιτετηδευμένου

2014 3639 2273 3701 νικᾶται;
2309 3638 2375 3689 Τί
2407 3637 2464 3690 66
2510 3637 2702 3710 ὅλωςὴ
2749 3641 2998 3711 ἀμορφία
3030 3642 3209 3704 λυπεῖ,
3263 3644 3393 3697 ὅταν
3423 3647 3593 3715 ψόγον

2015 3719 2091 3791 μὴ
2126 3721 2225 3791 έχῃ
2251 3738 2265 3787 ;
2311 3721 2509 3774 Ἀκουε
2534 3721 2642 3792 γάρ
2669 3723 2834 3791 σοφοῦ
2855 3742 2998 3788 τινος
3023 3725 3297 3794 λέγοντος,
3329 3729 3425 3798 Μὴ
3451 3730 3591 3795 βδε-

2010 3805 2169 3873 λύξῃ
2191 3805 2379 3876 ἄνδρα
2397 3807 2468 3859 ἐν
2491 3807 2703 3876 ὁράσει
2725 3810 2932 3875 αὐτοῦ,
2953 3810 3108 3880 μηδὲ
3131 3813 3382 3882 αἰνέσῃς
3402 3814 3593 3885 ἄνδρα

2010 3890 2082 3944 ἐν
2101 3890 2183 3957 τῷ
2205 3890 2421 3947 κάλλει
2442 3894 2631 3948 αὐτοῦ
2656 3910 2671 3924 ’
2707 3894 2921 3964 μᾶλλον
2947 3894 3045 3965 μὲν
3072 3890 3165 3949 οῦν
3192 3896 3326 3952 Θεὸν
3370 3897 3591 3971 θαύμα-

2012 3990 2105 4027 σον
2128 3974 2219 4028 τὸν
2256 3976 2667 4048 ἀριστοτέχνην,
2724 3980 2949 4032 ἐκεῖνον
2980 3978 3039 4031 66
3083 3980 3283 4051 μηκέτι
3308 3997 3323 4011 ο
3371 3983 3433 4036 οὑ
3480 3982 3595 4055 γὰρ

2009 4058 2177 4112 αὐτοῦ
2229 4059 2565 4132 κατόρθωμα
2620 4061 2681 4115 τὸ
2720 4063 3037 4133 γενόμενον.
3082 4064 3241 4118 Ποῖον
3266 4064 3376 4139 γὰρ
3399 4066 3589 4139 κέρδος

2008 4143 2118 4199 ἀπὸ
2142 4144 2397 4208 κάλλους,
2425 4145 2547 4199 εἰπέ
2575 4163 2696 4216 μοι;
2732 4147 2920 4212 Οὐδὲν,
2947 4147 3063 4200 ἀλλ’
3089 4149 3302 4217 ἀγῶνες
3348 4150 3591 4217 πλείους,

2012 4228 2258 4299 μείζονες
2288 4229 2569 4302 ὲπήρειαι,
2622 4231 2717 4285 καὶ
2764 4232 2814 4283 οἱ
2848 4231 3085 4285 κίνδυνοι
3126 4234 3222 4285 καὶ
3248 4235 3306 4286 αἱ
3336 4235 3586 4304 ὑποψίαι.

2010 4312 2122 4383 Τὴν
2155 4312 2254 4383 μὲν
2282 4313 2391 4385 γὰρ
2422 4314 2484 4367 οὑ
2521 4313 2779 4386 τοιαύτην
2813 4316 2922 4369 οὐδ’
2962 4316 3030 4369 ἂν
3070 4317 3435 4371 ὑποπτεύσειέ
3464 4336 3546 4383 τις
3572 4338 3587 4352 ι

2007 4396 2191 4469 ἐκείνη
2224 4396 2283 4451 δὲ
2329 4397 2397 4451 ἂν
2452 4397 2527 4470 μὴ
2583 4398 2754 4470 πολλῇ
2812 4403 2881 4471 τῇ
2925 4401 3251 4472 κοσμιότητι
3314 4403 3409 4456 καὶ⁵
3462 4404 3587 4471 μεθ’

2007 4480 2313 4553 ὑπερϐολῆς
2411 4483 2755 4553 κεχρημένη,
2806 4484 3011 4548 εὐθέως
3057 4484 3270 4549 δέξεται
3296 4485 3457 4549 δόξαν
3490 4504 3587 4539 πο-

2006 4564 2209 4636 νηράν·
2243 4564 2336 4619 καὶ
2362 4566 2389 4618 6
2418 4565 2558 4636 ἀνὴρ
2598 4566 2657 4619 66
2708 4566 2828 4637 μεθ’
2864 4566 3100 4636 ὑποψίας
3151 4572 3413 4636 συνοικεῖ,
3445 4566 3507 4625 οῦ
3531 4573 3586 4625 τί

2004 4647 2203 4716 γένοιτ’
2232 4648 2300 4703 ἂν
2339 4648 2749 4719 χαλεπώτερον;
2781 4650 2842 4703 οὑ
2871 4651 3141 4723 τοσαύτην
3175 4653 3283 4706 ἀπὸ
3324 4657 3425 4726 τῆς
3455 4655 3586 4721 θέας

2004 4732 2284 4803 κτώμενος
2316 4732 2415 4803 τὴν
2442 4732 2657 4804 ἡδονὴν,
2702 4735 2827 4786 ὅσον
2859 4734 2970 4787 ἀπὸ
3021 4735 3122 4806 τῆς
3158 4737 3415 4803 ὑπονοίας
3443 4758 3583 4812 καρ-

2003 4816 2197 4869 ποῦται
2249 4816 2349 4887 τὴν
2390 4816 2602 4887 λύπην.
2661 4817 2901 4880 Ἐκείνην
2929 4819 3028 4889 μὲν
3049 4818 3158 4891 γὰρ
3207 4823 3273 4891 τῇ
3320 4825 3584 4895 συνηθείᾳ

2005 4900 2353 4971 μαραίνεται,
2404 4900 2685 4970 βλακείας,
2724 4900 3041 4971 διαχύσεως,
3084 4904 3379 4972 ἀσελγείας
3423 4908 3583 4974 δόξαν

2001 4984 2386 5055 λαμϐανούσης
2419 4984 2590 5053 αὐτῆς
2616 4984 2716 5055 τῆς
2730 4984 2932 5055 ψυχῆς,
2963 4985 3233 5055 βαναύσου
3261 4991 3581 5061 γινομένης,

2000 5069 2263 5131 ἀπονοίας
2316 5067 2521 5140 πολλῆς
2568 5068 2987 5141 πληρουμένης·
3022 5071 3160 5143 πρὸς
3234 5072 3407 5125 ταῦτα
3468 5075 3580 5144 γὰρ

2000 5153 2182 5206 πάντα
2213 5150 2413 5223 μᾶλλον
2441 5153 2475 5222 ἡ
2508 5151 2785 5223 εὐμορφία
2815 5154 2984 5207 ἕλκει.
3008 5155 3120 5223 Τὴν
3145 5154 3203 5209 66
3231 5156 3291 5208 οὑ
3319 5154 3579 5226 τοιαύτην

2000 5235 2101 5287 οὑκ
2157 5234 2224 5288 ἂν
2278 5233 2537 5307 εὕροιμεν
2584 5236 2755 5291 πολλὰ
2822 5235 2892 5290 τά
2966 5236 3268 5308 κωλύματα
3321 5239 3574 5310 ἔχουσαν.

1999 5317 2137 5371 Οὔτε
2170 5318 2279 5391 γὰρ
2318 5320 2368 5370 οί
2398 5319 2776 5389 ἐπιπηδῶντες
2811 5321 2974 5384 κύνες
3021 5321 3159 5374 εἰσὶν
3179 5361 3193 5385 ,
3223 5322 3381 5388 ἀλλά,
3408 5322 3577 5377 καθά-

2004 5418 2111 5474 περ
2159 5420 2243 5465 τις
2284 5401 2485 5473 ἀμνὰς,
2514 5404 2570 5455 έν
2595 5404 2797 5475 ἡσυχία
2848 5403 3017 5475 πολλῇ
3054 5403 3327 5474 βόσκεται,
3359 5406 3574 5470 οὐδενὸς

2058 5604 2080 5631 ε
2107 5593 2395 5663 ζεεεηᾶυω
2415 5595 2610 5646 videtur
2638 5601 2698 5659 γῇ
2720 5596 3043 5653 καταπάσσεις
3081 5597 3278 5655 σαυτὴν,
3312 5598 3390 5647 vel
3413 5601 3502 5660 γῆν
3518 5615 3571 5650 ιι.

1995 5662 2166 5733 cum:

2058 5719 2084 5758 τι
2110 5718 2491 5788 δίοποι-τεοιυω
2512 5732 2541 5770 e
2563 5720 2798 5773 Commel.
2825 5727 2877 5771 et
2904 5718 3055 5770 Savil.
3095 5719 3373 5784 Legebalur
3394 5719 3573 5773 vitioso

1998 5780 2231 5845 τεχνιτοῦ.
2258 5780 2390 5830 Ευιτ.
