4112 6398
429 485 779 558 ἐνοχλοῦντος
806 483 972 538 λύκου
1009 483 1130 537 οὐδέ
1179 478 1578 550 ἐπιπηδῶντος,
1627 478 1722 530 ἅτε
1761 475 1857 528 τοῦ
1891 492 2013 528 ποι-

432 573 595 643 μένος
644 566 1113 639 παρακαθημένου
1148 566 1307 633 αὐτῇ.
1346 564 1460 615 Οὐκ
1486 562 1601 614 ἐστι
1639 558 1925 623 πλεονεξία
1950 559 2014 612 τὸ

430 655 625 725 ἑτέραν
675 653 773 723 μὲν
832 646 971 703 εἶναι
1038 648 1233 718 καλὴν,
1292 647 1483 716 ἑτέραν
1509 645 1566 698 δὲ
1613 643 1687 715 μὴ
1716 646 2011 712 τοιαύτην·

431 736 714 801 πλεονεξία
745 734 861 787 ἐστί
890 733 951 785 τὸ
998 733 1192 802 ἑτέραν
1229 730 1330 800 μὲν
1380 728 1668 800 πορνεύειν
1700 730 1795 781 καὶ
1842 728 2016 798 καλὴν

436 822 510 892 μὴ
542 816 729 884 οὖσαν,
766 817 960 887 ἑτέραν
999 815 1057 869 δὲ
1104 813 1243 868 εἶναι
1281 814 1547 884 πονηράν.
1592 814 1729 892 Εἰπὲ
1758 814 1867 883 γάρ
1898 831 2010 882 μοι,

430 890 516 965 τίς
540 904 712 973 ἀρετὴ
738 899 1035 969 ὀφθαλμῶν
1059 915 1073 962 ;
1101 894 1210 966 ἆρα
1240 897 1300 950 τὸ
1345 898 1549 967 ύγροὺς
1600 890 1741 949 εἶναι
1790 896 1886 949 καί
1925 897 2017 949 εὐ-

436 987 703 1057 στρόφους
757 985 852 1036 καὶ
892 981 1263 1052 στρογγύλους
1308 983 1405 1033 καὶ
1429 980 1687 1046 κυανοῦς,
1716 980 1749 1050 ἢ
1778 980 1840 1033 τὸ
1872 980 2015 1045 ὀξεῖς

433 1071 529 1123 καὶ
554 1067 931 1140 διορατικούς;
977 1067 1118 1131 Ἐγὼ
1152 1066 1250 1134 μὲν
1285 1065 1446 1117 τοῦτό
1481 1081 1647 1134 φημι,
1704 1066 1800 1117 καὶ
1852 1065 2016 1133 δῆλον

432 1150 674 1206 ἐκεῖθεν·
706 1148 803 1212 Τίς
827 1149 999 1219 ἀρετὴ
1033 1146 1265 1217 λύχνους
1306 1146 1369 1200 τὸ
1405 1146 1633 1218 λαμπρά
1678 1148 1890 1214 φαίνειν
1922 1148 2016 1200 καὶ

432 1235 618 1288 πᾶσαν
644 1228 1020 1298 καταυγάζειν
1056 1232 1155 1300 τὴν
1194 1230 1399 1295 οὶκίαν,
1427 1230 1461 1298 ἢ
1493 1230 1551 1282 τὸ
1583 1229 1765 1293 καλῶς
1808 1230 2017 1283 πεπλά-

436 1317 562 1370 σθαι
583 1316 677 1369 καὶ
707 1314 1041 1385 στρογγύλον
1066 1310 1235 1379 εἷναις
1275 1314 1483 1365 Ἐκεῖνο
1508 1313 1726 1375 πάντως
1753 1312 1820 1366 ἂν
1847 1314 2018 1367 είποι-

438 1417 572 1472 μεν·
615 1398 777 1452 τοῦτο
804 1399 901 1469 μὲν
926 1398 1035 1467 γὰρ
1086 1397 1403 1467 ἀδιάφορον,
1460 1396 1521 1449 τὸ
1576 1396 1634 1449 δὲ
1683 1396 2017 1467 ζητούμενον

435 1486 633 1537 ἐκεῖνο.
662 1483 761 1535 Διὰ
778 1482 936 1535 τοῦτο
967 1481 1083 1547 καὶ,
1104 1481 1316 1549 Σαπρὸν
1340 1480 1535 1549 λύχνον
1565 1480 1852 1549 ἐποίησας,
1880 1480 2017 1548 πρὸς

434 1568 534 1637 τὴν
562 1564 1056 1636 ἐγκεχειρισμένην
1087 1564 1446 1635 θεραπαινίδα
1475 1562 1563 1616 ἀεὶ
1589 1563 1816 1633 λέγομεν
1836 1580 1848 1592 ·
1876 1562 2018 1615 οὕτω

436 1651 630 1721 λύχνου
651 1650 713 1703 τὸ
744 1649 1003 1718 φωτίζειν
1031 1649 1199 1702 ἐστίν.
1226 1649 1436 1702 Οὐκοῦν
1459 1649 1551 1700 καί
1582 1648 1883 1717 ὀφθαλμὸς,
1917 1646 2014 1700 ἐάν

435 1752 497 1787 τε
520 1735 729 1787 τοιόσδε
760 1735 854 1787 ἐάν
882 1751 941 1786 τε
972 1734 1178 1786 τοιόσδε
1211 1728 1266 1805 ᾗ,
1291 1733 1442 1785 οὐδέν
1465 1734 1635 1795 ἐστιν,
1661 1730 1765 1794 ἓως
1789 1730 1854 1783 ἀν
1879 1730 2019 1800 μετὰ

437 1818 620 1887 πάσης
643 1816 976 1887 αὐταρκείας
992 1818 1092 1885 τὴν
1116 1816 1306 1886 χρείαν
1344 1816 1567 1884 πληροῖ·
1592 1813 1782 1883 ῶσπερ
1802 1809 1895 1865 οὗν
1920 1814 2015 1865 καὶ

441 1902 651 1971 σαπρὸς
683 1902 920 1968 λέγεται,
952 1900 1047 1953 ἐὰν
1075 1898 1404 1969 ἀμϐλυωπῇ,
1425 1899 1521 1951 καὶ
1547 1898 1646 1967 τὴν
1672 1896 1918 1949 σύνθεσιν
1947 1895 2023 1966 μὴ

441 1986 544 2059 ἔχῃ
571 1987 753 2037 πᾶσαν
784 1984 1205 2052 ἀπηρτισμένην
1225 1999 1239 2011 ·
1277 1983 1367 2034 καὶ
1396 1981 1505 2050 γὰρ
1545 1983 1672 2043 τοὺς
1731 1980 2018 2050 ἀνεῳγμέ-

440 2085 553 2121 νων
585 2068 694 2120 τῶν
745 2065 1040 2135 ὀφθαλμῶν
1090 2065 1167 2135 μὴ
1229 2063 1531 2133 βλέποντας
1588 2063 1834 2133 σαπροὺς
1877 2062 2024 2131 ἔχειν

439 2150 753 2220 ὀφθαλμούς
780 2166 982 2219 φαμεν.
1018 2149 1134 2201 Πᾶν
1161 2148 1271 2215 γὰρ
1318 2146 1347 2198 ὃ
1400 2146 1475 2217 μὴ
1504 2146 1601 2216 τὴν
1642 2146 1777 2198 ἰδίαν
1835 2146 2024 2215 χρείαν

441 2234 661 2304 πληροῖ,
695 2232 906 2303 σαπρὸν
928 2232 1158 2300 λέγομεν
1178 2247 1192 2259 ⁸
1217 2228 1492 2282 καὶτοῦτο
1518 2228 1800 2298 ὀφθαλμοῦ
1830 2229 2021 2283 κακία.

441 2316 555 2386 Τῆς
587 2316 643 2368 δὲ
668 2316 835 2386 ῥινὸς,
861 2315 983 2366 εἰπέ
1017 2331 1129 2384 μοι,
1163 2312 1293 2365 ποία
1320 2313 1488 2382 ἀρετή
1514 2330 1529 2375 ;
1578 2309 1686 2382 ἆρα
1716 2312 1778 2363 τὸ
1809 2313 2026 2364 εὐθεῖαν

441 2396 614 2463 εἶναι.
643 2400 738 2454 καί¹
788 2399 1170 2468 ἀπεξεσμένην
1200 2397 1568 2467 ἑκατέρωθεν,
1602 2397 1697 2449 καὶ
1743 2396 1842 2466 τὴν
1893 2397 2027 2448 ἀνα-

441 2484 630 2553 λογίαν
660 2484 974 2553 σύμμετρον
994 2481 1161 2550 ἔχειν,
1205 2480 1240 2550 ἦ
1289 2481 1351 2532 τὸ
1393 2480 1531 2550 πρὸς
1588 2481 1688 2550 τὴν
1743 2480 2017 2550 ὄσφρησιν

442 2566 755 2637 ἐπιτηδείαν
776 2563 938 2630 εἶναι,
969 2567 1064 2617 καὶ
1100 2564 1409 2634 δυναμένην
1439 2563 1650 2633 ταχέως
1684 2563 2025 2633 ἀντιλαμϐά-

442 2652 632 2703 νεσθαι
697 2651 796 2703 καὶ
850 2648 1221 2717 παραπέμψαι
1261 2647 1341 2716 τῷ
1384 2648 1704 2717 ἐγκεφάλῳ;
1744 2647 1916 2700 Τοῦτο
1955 2648 2023 2717 δὴ

443 2733 607 2785 παντί
640 2750 741 2785 που
773 2732 931 2802 δῆλόν
960 2733 1102 2785 ἐστι.
1130 2731 1267 2800 Φέρε
1293 2730 1378 2800 δὴ,
1412 2731 1508 2782 καὶ
1538 2732 1630 2782 ἐπὶ
1665 2729 2028 2800 ὑποδείγματι

443 2818 505 2870 τὸ
534 2818 768 2885 πρᾶγμα
804 2815 1318 2885 προσεξετάσωμεν.
1365 2814 1498 2865 Εἰπὲ
1548 2815 1656 2884 γάρ
1726 2830 1853 2883 μοι,
1903 2815 2030 2876 τούς

446 2900 727 2971 ἅρπαγας,
782 2900 853 2951 τὰ
881 2900 1076 2969 σκεύη,
1128 2902 1256 2951 ποῖα
1298 2900 1544 2967 φήσομεν
1586 2896 2029 2950 κατεσκευάσθαι

448 2983 655 3047 καλῶς,
690 2983 758 3035 τὰ
792 2983 1065 3052 δυνάμενα
1108 2982 1377 3053 ἁρπάζειν
1410 2980 1548 3050 μετά
1591 2980 1877 3051 ἀκριϐείας
1933 2981 2027 3033 καὶ

444 3066 719 3136 κατέχειν.
736 3066 769 3135 ἢ
785 3066 852 3119 τὰ
874 3064 1325 3134 διαπεπλασμένα
1347 3063 1525 3126 καλῶς
1543 3079 1558 3128 ;
1575 3063 1740 3132 Δῆλον
1768 3061 1918 3133 [575]
1940 3063 2022 3115 ὅτι

447 3151 653 3203 ἐκεῖνα.
689 3150 754 3202 Τί
778 3150 834 3221 δέ
861 3148 1099 3211 ὀδόντας,
1133 3148 1320 3209 ποίους
1342 3142 1482 3199 εἶναι
1516 3147 1762 3217 φήσομεν
1792 3145 2020 3212 καλούς;

444 3233 572 3294 τοὺς
594 3232 893 3302 τμητικούς
907 3232 1000 3285 καὶ
1017 3230 1252 3294 εὐκόλως
1268 3231 1651 3298 διατέμνοντας
1673 3228 1771 3298 τὴν
1788 3231 2020 3300 τροφὴν,

446 3315 480 3385 ἦ
506 3316 631 3378 τούς
660 3313 839 3378 καλῶς
866 3315 1289 3384 συγκειμένους;
1314 3312 1481 3383 Δῆλον
1514 3313 1596 3364 ὅτι
1630 3314 1892 3375 ἐκείνους.
1917 3314 2025 3365 Καὶ

446 3397 582 3461 ὅλως
604 3398 697 3450 ἐπὶ
726 3399 926 3461 παντὸς
945 3396 1040 3450 τοῦ
1070 3397 1321 3468 σώματος
1341 3396 1515 3465 τούτῳ
1533 3397 1904 3471 προσάγοντες
1947 3394 2024 3464 τῷ

445 3481 591 3552 λόγῳ
620 3482 719 3552 τὴν
750 3484 1016 3553 ζήτησιν,
1067 3482 1375 3551 εὑρήσομεν
1421 3480 1600 3533 πάντα
1640 3479 1709 3532 τὰ
1755 3480 1883 3547 ὑγιῆ
1929 3480 2025 3531 καὶ

447 3567 610 3627 καλὰ,
633 3565 738 3629 ’έως
768 3565 834 3618 ἂν
864 3566 1065 3635 ἐνεργῇ
1100 3564 1239 3634 μετά
1279 3563 1565 3634 ἀκριϐείας
1604 3562 1673 3617 τά
1700 3564 1880 3616 οἰκεῖα
1910 3563 2020 3615 τῶν

449 3649 631 3719 μελῶν
661 3650 909 3702 ἕκαστον.
937 3648 1093 3701 Οὕτω
1130 3649 1225 3700 καὶ¹
1277 3646 1471 3710 σκεῦος
1514 3647 1746 3699 ἕκαστον
1793 3646 2021 3715 λέγομεν

446 3731 631 3795 καλὸν,
663 3731 912 3795 καίζῶον
928 3731 1024 3783 καὶ
1057 3729 1244 3798 φυτὸν,
1266 3730 1365 3783 οὐκ
1396 3731 1505 3783 ἀπὸ
1531 3731 1630 3800 τῆς
1657 3729 2020 3791 διαπλάσεως,

447 3816 558 3868 οὐδ’
588 3816 697 3869 ἀπὸ
744 3815 839 3869 τοῦ
902 3814 1213 3885 χρώματος,
1280 3814 1395 3868 ἀλλ’
1444 3814 1554 3867 ἀπὸ
1589 3814 1691 3882 τῆς
1727 3813 2023 3875 διακονίας.

449 3898 608 3952 Οὕτω
638 3899 729 3951 καὶ
760 3899 979 3967 οἰκέτην
1034 3897 1310 3966 καλοῦμεν
1368 3897 1531 3951 καλὸν
1584 3896 1675 3949 τὸν
1719 3895 2026 3964 ἐπιτήδειον

449 3984 584 4053 ἡμῖν
636 3982 772 4053 πρὸς
822 3981 1123 4047 διακονίαν,
1181 3981 1241 4033 οὐ
1286 3980 1379 4033 τὸν
1435 3980 1638 4050 ὡραῖον
1688 3979 1783 4032 καὶ
1828 3978 2023 4048 βλᾶκα.

464 4066 626 4138 ὐρᾷς
650 4066 769 4130 πῶς
809 4066 956 4119 ἐστιν
1013 4061 1155 4118 εἶναι
1209 4064 1417 4135 καλήν;
1466 4065 1636 4117 Ὅταν
1684 4064 1866 4117 τοίνυν
1916 4062 2027 4117 τῶν

1132 369 1199 424 'S.
1242 363 1534 422 JOANNIS
1571 360 2068 418 CHRYSOSTDMI
2110 360 2433 420 ARCHIEP.
2480 358 3030 421 CONSTANTINOP.

2121 476 2398 547 μεγίστων
2422 478 2518 530 καὶ
2545 472 2877 547 θαυμαστῶν
2901 476 3099 548 ὁμοίως
3124 477 3503 548 ἀπολαύωμεν,
3525 478 3678 532 οὐδὲν

2117 559 2609 630 πλεονεκτούμεθα.
2643 557 2767 616 Οἷόν
2821 579 2874 614 τι
2914 562 3092 628 λέγω·
3125 562 3228 613 Τὸν
3260 563 3462 632 κόσμον
3499 561 3688 615 τοῦτον

2115 644 2318 715 ὁμοίως
2347 645 2584 716 δρῶμεν,
2611 646 2702 698 τὸν
2731 646 2905 715 ἣλιον,
2938 647 3038 715 τὴν
3066 644 3317 715 σελήνην,
3361 647 3487 708 τούς
3524 647 3688 698 ἀστέ-

2121 744 2240 798 ρας,
2270 728 2361 780 τὸν
2413 730 2558 798 ἀέρα
2602 730 2807 799 ὁμοίως
2840 728 3101 797 ἐλκομεν,
3157 729 3253 782 τοῦ
3304 728 3522 794 ὕδατος,
3581 730 3681 799 τῆς

2115 813 2327 881 τροφῆς
2358 812 2563 880 ὁμοίως
2596 814 2915 881 μετέχομεν,
2946 813 3010 865 ἄν
3030 828 3089 863 τε
3125 810 3389 881 εὔμορφοι
3420 806 3591 879 ὦμεν,
3625 813 3689 866 ἄν

2115 910 2177 947 τε
2213 896 2309 964 μή.
2373 895 2434 948 Εἰ
2482 895 2540 948 δὲ
2592 897 2697 965 χρή
2742 911 2795 946 τι
2847 896 2940 947 καὶ
2988 895 3305 961 θαυμαστὸν
3336 897 3531 958 εἰπεῖν,
3578 895 3686 947 τῶν

2115 979 2409 1049 εὐμόρφων
2471 980 2529 1031 αί
2607 979 2681 1048 μὴ
2739 978 2983 1030 τοιαῦται
3042 978 3243 1047 μᾶλλον
3303 978 3687 1048 ὑγιεινότεραι.

2128 1063 2369 1116 Ἐκεῖναι
2403 1062 2503 1131 μὲν
2533 1063 2642 1131 γάρ
2665 1062 2741 1124 ὡς
2768 1062 2833 1132 δὴ
2884 1061 2981 1131 τὴν
3015 1061 3164 1131 ὤραν
3209 1062 3688 1128 διαφυλάττουσαι,

2117 1150 2384 1217 καμάτοις
2413 1146 2615 1207 ἑαυτὰς
2645 1146 2703 1199 οὐ
2739 1146 2997 1211 διδόασιν,
3024 1145 3139 1197 ἀλλ’
3185 1146 3357 1217 ἀργίᾳ
3400 1147 3494 1199 καὶ
3540 1164 3692 1201 σκια-

2116 1233 2335 1302 τροφίᾳ,
2374 1232 2464 1298 ὑφ’
2503 1224 2579 1283 ὧν
2638 1230 2876 1299 μάλιστα
2928 1231 2987 1282 αἰ
3035 1230 3143 1283 τῶν
3194 1231 3374 1300 μελῶν
3423 1232 3692 1301 ἐνέργειαι

2118 1310 2459 1380 ἀμϐλύτεραι
2502 1309 2783 1378 γίνονται·
2836 1304 2996 1362 αὗται
3053 1309 3111 1362 δὲ
3151 1310 3339 1373 ἁπλῶς
3392 1311 3488 1363 καὶ
3538 1311 3691 1381 ἄδην,

2120 1395 2215 1447 ἆτε
2245 1393 2503 1462 οὐδεμίαν
2527 1393 2654 1463 περὶ
2674 1391 2847 1446 ταῦτα
2886 1392 3108 1462 ἔχουσαι
3147 1394 3246 1462 τὴν
3292 1395 3550 1463 σπουδὴν,
3580 1394 3694 1448 ἐκεῖ

2116 1478 2178 1531 τὸ
2225 1480 2333 1531 πᾶν
2376 1477 2752 1531 ἀναλίσκουσι.
2801 1476 3125 1546 Δοξάσωμεν
3177 1478 3359 1530 τοίνυν
3411 1479 3502 1531 τὸν
3538 1478 3693 1542 Θεὸν,

2119 1566 2345 1634 άρωμεν
2370 1564 2534 1616 αὐτὸν
2558 1564 2615 1615 ἐν
2637 1562 2716 1632 τῷ
2747 1562 2962 1633 σώματι
2991 1561 3173 1632 ἡμῶν,
3219 1562 3293 1632 μὴ
3339 1561 3694 1626 καλλωπιζὼ-

2123 1647 2296 1716 μεθα·
2336 1647 2566 1717 περιττὴ
2626 1644 2765 1714 αὕτη
2805 1647 2838 1715 ή
2888 1644 3095 1715 σπουδὴ
3139 1644 3235 1697 καὶ
3282 1644 3557 1715 ἀνόνητος.
3607 1643 3697 1714 Μὴ

2122 1728 2467 1798 παιδεύωμεν
2499 1729 2628 1792 τοὺς
2654 1728 2852 1798 ἄνδρας
2875 1727 3026 1796 ὄψεις
3052 1726 3219 1796 μόνας
3243 1728 3420 1793 φιλεῖν
3446 1744 3460 1760 ·
3492 1727 3558 1782 ἂν
3586 1728 3695 1797 γὰρ

2121 1810 2187 1887 ᾗς
2206 1813 2349 1867 οὕτω
2369 1813 2737 1883 κοσμουμένη,
2773 1812 2984 1882 ταχέως
3023 1811 3128 1864 ὑπὸ
3173 1812 3271 1881 τῆς
3311 1812 3694 1881 ἡταιρηκυίας,

2126 1897 2430 1967 μελετήσας
2474 1898 2535 1949 ἐν
2582 1900 2649 1968 τῇ
2695 1895 2816 1965 ὄψει
2857 1898 2922 1964 τῇ
2974 1898 3064 1965 σῇ,
3106 1894 3420 1949 ἁλίσκεται·
3461 1895 3527 1949 ἂν
3571 1896 3697 1966 μέν-

2121 1999 2203 2034 τοι
2222 1982 2442 2054 διδάξῃς
2463 1981 2625 2035 αὐτὸν
2648 1980 2886 2051 τρόπους
2919 1980 3095 2048 φιλεῖν
3119 1982 3216 2033 καὶ
3255 1980 3614 2049 κοσμιότητα,
3635 1982 3696 2034 οὐ

2122 2066 2331 2134 ταχέως
2368 2065 2684 2135 πορνεύσει·
2715 2061 2989 2133 οὐδὲγὰρ
3043 2062 3289 2133 εὑρίσκει
3345 2062 3518 2117 ταῦτα
3548 2065 3698 2133 παρὰ

2123 2151 2188 2219 τῇ
2221 2148 2427 2220 πόρνῃ,
2494 2149 2631 2202 ἀλλὰ
2675 2150 2743 2201 τά
2796 2146 3010 2211 τούτοις
3060 2148 3302 2201 ἐναντία.
3364 2147 3457 2218 Μὴ
3518 2148 3699 2201 τοίνυν

2123 2230 2342 2304 διδάξῃς
2392 2231 2554 2286 αὐτὸν
2602 2232 2705 2285 ὑπὸ
2742 2230 2979 2299 γέλωτος
3030 2231 3372 2295 ἁλίσκεσθαι,
3422 2230 3554 2301 μηδὲ
3595 2232 3699 2284 ὑπὸ

2128 2317 2409 2386 σχήματος
2432 2316 2827 2385 ἐκκεχυμένου,
2853 2315 2937 2368 ἵνα
2977 2315 3051 2384 μὴ
3091 2316 3235 2369 κατὰ
3279 2315 3483 2386 σαυτῆς
3528 2316 3698 2387 ἀρτύ-

2128 2417 2226 2469 σῃς
2247 2400 2318 2452 τὰ
2344 2401 2633 2470 φάρμακα.
2659 2400 2887 2452 Πσίδευε
2915 2398 3078 2452 αὐτὸν
3110 2398 3662 2470 κοσμιότητιχαίρειν
3679 2418 3695 2432 ·

2124 2484 2329 2554 δυνήσῃ
2371 2483 2427 2535 δέ
2475 2482 2651 2543 τοῦτο,
2688 2484 2820 2536 ὅταν
2858 2482 2951 2535 καὶ
3001 2482 3061 2535 τὸ
3109 2482 3581 2552 σχῆματοιοῦτον

2126 2569 2249 2621 ἐπεὶ
2293 2567 2388 2619 ἐὰν
2422 2568 2779 2637 ἐπτερωμένη
2818 2566 2915 2620 καὶ
2964 2566 3172 2630 ἄσωτος
3203 2562 3291 2641 ᾗς,
3337 2567 3455 2630 πῶς
3495 2568 3699 2639 δυνήσῃ

2128 2654 2517 2722 προσενεγκεῖν
2545 2652 2697 2721 ῥῆμα
2725 2651 2924 2720 σεμνόν
2949 2667 2963 2715 ;
2985 2650 3069 2713 τίς
3094 2650 3150 2703 δέ
3179 2668 3239 2703 σε
3277 2652 3339 2704 οὐ
3371 2651 3696 2720 χλευάσεται

2128 2735 2224 2788 καὶ
2256 2736 2512 2802 γελάσει;
2549 2733 2672 2797 Πῶς
2704 2735 2761 2786 δὲ
2798 2733 2915 2786 ἔστι
2967 2735 3062 2786 καὶ
3102 2735 3158 2786 ἐν
3192 2733 3270 2802 τῷ
3311 2732 3521 2804 σώματι
3569 2730 3732 2805 ἆραι.

2127 2819 2219 2871 τὸν
2240 2818 2372 2870 Θεόν
2395 2830 2420 2857 α
2442 2834 2457 2883 ;
2495 2819 2718 2887 Ἀρετὴν
2758 2816 3055 2881 ἀσκοῦντα,
3080 2816 3177 2886 τὴν
3203 2817 3382 2886 ψυχὴν
3427 2816 3699 2869 καλλωπί-

2130 2903 2323 2968 ζοντα·
2351 2902 2445 2954 καὶ
2471 2901 2576 2972 γὰρ
2605 2903 2691 2952 ἐπ’
2722 2901 2892 2970 αὐτῆς
2917 2899 3075 2951 τοῦτο
3095 2900 3155 2951 οὐ
3183 2899 3511 2954 κεκώλυται.
3543 2900 3702 2954 Οὕτω

2128 2985 2428 3053 δοξάζομεν
2448 2985 2538 3036 τὸν
2565 2984 2719 3045 Θεὸν,
2738 2985 2867 3036 ὅταν
2896 2985 3163 3036 πάντοθεν
3186 2977 3336 3053 ὦμεν
3359 2983 3576 3051 ἀγαθοὶ,
3607 2986 3703 3037 καὶ

2126 3069 2461 3138 δοξαζόμεθα
2478 3070 2569 3120 καὶ
2589 3069 2749 3137 ἡμεῖς
2772 3068 2828 3119 ἐν
2848 3070 2913 3138 τῇ
2932 3068 3118 3138 ἡμέρᾳ
3142 3069 3328 3139 ἐκείνῃ
3350 3068 3449 3138 οὐχ
3477 3068 3699 3136 ὁμοίως,

2126 3152 2262 3205 ἀλλὰ
2293 3152 2472 3221 πολλῷ
2521 3152 2803 3220 μειζόνως.
2846 3150 3159 3220 Λογίζομαι
3207 3151 3352 3221 γάρ,
3394 3152 3580 3222 φησὶν,
3613 3151 3702 3205 ὅτι

2126 3238 2237 3289 οὐκ
2264 3235 2402 3298 ἄξια
2436 3234 2508 3287 τὰ
2551 3234 2869 3302 παθήματα
2896 3234 3003 3287 τοῦ
3035 3234 3152 3287 νῦν
3176 3234 3385 3302 καιροῦ
3407 3234 3557 3302 πρὸς
3588 3234 3704 3301 τὴν

2120 3318 2477 3385 μέλλουσαν
2502 3317 2694 3382 δόξαν
2722 3318 3253 3372 ἀποκαλύπτεσθαι
3279 3321 3366 3384 είς
3391 3317 3567 3386 ἡμᾶς.
3595 3313 3703 3382 Ἶίς

2125 3400 2335 3467 γένοιτο
2369 3402 2578 3461 πάντας
2623 3401 2771 3471 ἡμᾶς
2808 3404 3121 3471 μετασχεῖν,
3166 3402 3350 3472 χάριτι
3387 3400 3481 3455 καὶ
3514 3400 3703 3470 φιλαν-

2127 3481 2348 3553 θρωπίςι
2398 3482 2494 3536 τοῦ
2518 3484 2724 3553 Κυρίου
2761 3486 2917 3553 ήμῶν
2964 3485 3138 3549 Ἰησοῦ
3182 3484 3444 3554 Χριστοῦ,
3497 3484 3616 3555 μεθ’
3641 3478 3703 3538 οὕ

2124 3562 2203 3633 τῷ
2256 3563 2431 3634 Πατρὶ
2479 3563 2597 3634 ἅμα
2642 3564 2720 3635 τῷ
2751 3565 2893 3635 ἁγίῳ
2941 3566 3223 3636 Πνεύματι
3267 3565 3429 3632 δόξα,
3478 3565 3701 3635 κράτος,

2126 3647 2284 3717 τιμὴ,
2307 3646 2402 3701 νῦν
2424 3648 2520 3701 καὶ
2537 3646 2647 3713 ἀεὶ,
2675 3649 2771 3701 καὶ
2807 3651 2887 3712 εἰς
2909 3651 3036 3714 τοὺς
3075 3649 3279 3713 αἰῶνας
3309 3648 3422 3703 τῶν
3463 3648 3700 3703 αἰώνων.

2140 3730 2335 3801 Ἀμήν.

2189 3951 2216 3980 ⁸
2236 3951 2346 4015 Duo
2368 3949 2727 4015 codicieisumssq
2770 3954 2873 4008 πῶς
2894 3952 2947 4000 δέ
2969 3954 3071 4000 ἐστι
3114 3954 3195 4001 καὶ
3220 3954 3268 4001 έν
3288 3955 3357 4015 τῷ
3379 3954 3566 4013 σώματι
3592 3954 3702 4014 ἆραι

2124 4014 2211 4078 τὸν.
2244 4014 2399 4078 θεὸν]
2432 4010 2667 4078 lu_Editis
2688 4019 2837 4074 male,
2857 4016 2961 4070 πῶς
2981 4016 3033 4063 δὲ
3053 4016 3155 4063 ἔστι
3177 4017 3257 4063 καὶ
3279 4010 3341 4063 ἐν’
3369 4018 3438 4077 τῷ
3459 4010 3701 4078 Πνεύματι

2126 4075 2294 4137 ἀρέσαι
2316 4077 2385 4138 τῷ
2407 4075 2516 4137 Θεῷ
2545 4088 2560 4136 ;

1779 4347 1930 4419 [ὅτι]
1966 4349 2206 4402 ΟΜΙΛΙΑ
2238 4350 2315 4401 E'.

457 4466 690 4531 Ταύτην·
720 4463 850 4536 ,τὴν
886 4467 1294 4533 παραγγελίαν
1334 4464 1722 4536 παρατίθεμαί
1763 4478 1898 4536 σοι,
1932 4462 2022 4536 τέτ

522 4551 671 4587 κνον
716 4534 985 4605 Τιμόθεε.
1035 4536 1185 4589 κατὰ
1228 4540 1333 4601 τὰς
1380 4533 1765 4605 προαγούσας
1800 4533 1905 4605 ἐπὶ
1948 4534 2023 4605 σὲ

524 4602 920 4674 προφητείας,
963 4604 1064 4656 ἵνα
1146 4602 1442 4674 στρατεύῂ
1508 4602 1577 4661 ἐα-
1640 4603 1850 4668 αὑταῖς
1911 4602 2025 4674 τὴν

529 4673 729 4737 καλὴν
767 4676 1105 4739 στρατείαν,
1161 4673 1317 4741 ἐχων-
1370 4673 1582 4731 πίστιν
1630 4675 1729 4730 καί.
1788 4673 2024 4741 ἀγαθὴν

523 4742 903 4818 συνείδησιν,
932 4744 1036 4818 ’ἣν
1089 4762 1247 4811 τινες
1293 4746 1696 4818 ἀπωσάμενοι,
1747 4744 1885 4811 περὶ
1909 4742 2023 4810 τὴν

526 4814 737 4866 πίστιν
760 4812 1166 4882 ἐναυάγησαν.

526 4959 595 5006 α’.
611 4950 684 5005 Τὸ
696 4952 795 5020 τῆς
808 4951 1153 5016 διδασκαλίας
1181 4956 1276 5007 καὶ
1300 4957 1361 5008 τὸ
1384 4958 1482 5024 τῆς
1501 4959 1800 5028 ἱερωσύνης
1813 4956 2030 5027 ἀξίωμα

458 5036 603 5105 μέγα
634 5036 753 5087 ἐστὶ
789 5036 885 5087 καὶ
913 5036 1245 5105 θαυμαστὸν,
1275 5041 1370 5093 καὶ
1410 5041 1579 5103 ὄντως
1601 5045 1700 5111 τῆς
1743 5042 1835 5093 τοῦ
1894 5040 2029 5092 Θεοῦ

454 5119 705 5189 δεόμενον
734 5119 937 5189 ψήφου,
977 5123 1116 5174 ὥστε
1141 5124 1232 5174 τὸν
1263 5122 1413 5187 ἄξιον
1448 5128 1528 5187 εἰς
1577 5125 1741 5194 μέσον
1781 5141 2033 5193 παραγα-

454 5205 593 5269 γεῖν.
635 5201 793 5254 Οὕτω
821 5202 916 5255 καὶ
948 5206 1008 5254 τὸ
1043 5204 1271 5258 παλαιὸν
1312 5207 1521 5273 ἐγίνετο
1551 5247 1564 5269 ,
1617 5207 1760 5260 οὕτω
1802 5208 1897 5260 καὶ
1937 5206 2031 5259 νῦν

455 5285 687 5353 γίνεται,
709 5285 837 5337 ὅταν
859 5286 1026 5357 χωρὶς
1049 5286 1252 5349 πάθους
1282 5288 1621 5360 ἀνθρωπίνου
1647 5290 1745 5353 τὰς
1791 5290 2031 5360 αἱρέσεις

459 5367 770 5438 ποιώμεθα,
806 5368 935 5421 ὅταν
972 5370 1109 5439 πρὸς
1165 5369 1330 5439 μηδὲν
1362 5372 1598 5440 ὁρῶντες
1645 5373 1924 5442 βιωτικὸν,
1954 5373 2031 5442 μὴ

460 5451 594 5521 πρὸς
618 5451 825 5521 φιλίαν,
866 5452 940 5523 μὴ
962 5454 1098 5524 πρὸς
1121 5454 1438 5523 ἀπέχθειαν.
1476 5458 1539 5507 Εἰ
1568 5456 1679 5527 γάρ
1705 5458 1801 5509 καὶ
1833 5456 1907 5525 μὴ
1948 5474 2035 5509 το·-

461 5534 653 5586 σούτου
700 5534 1008 5605 πνεύματος
1050 5537 1376 5607 μετέχομεν,
1416 5539 1532 5591 ἀλλ’
1569 5540 1728 5609 ἀρκεῖ
1777 5539 2033 5609 πρόθεσις

460 5618 639 5687 ἀγαθὴ
658 5618 749 5670 τοῦ
767 5618 901 5672 Θεοῦ
928 5622 1028 5691 τὴν
1045 5622 1380 5692 χειροτονίαν
1401 5624 1848 5681 ἐπισπάσασθαι.
1882 5624 2034 5675 Ἐπεὶ

462 5698 586 5752 οὐδὲ
612 5703 659 5753 οἱ
687 5701 971 5757 ἀπόστολοι
1003 5704 1319 5775 Πνεύματος
1343 5709 1615 5777 μετεῖχον,
1649 5708 1741 5761 ὅτε
1761 5707 1855 5763 τὸν
1877 5708 2030 5761 Ματὀ

802 5899 829 5927 τ

2130 4462 2252 4515 θίαν
2277 4462 2608 4527 ἐξελέξαντο,
2631 4462 2746 4514 ἀλλ’
2772 4463 2903 4534 εὐχῇ
2924 4462 2983 4515 τὸ
3016 4465 3249 4535 πρᾶγμα
3283 4465 3698 4535 ἐπιτρέψαντες,

2127 4546 2485 4613 ἐγκατέλεξαν
2507 4547 2667 4600 αὐτὸν
2683 4547 2758 4617 τῷ
2775 4547 2883 4600 τῶν
2906 4548 3218 4602 ἀποστόλων
3241 4550 3461 4620 ἀριθμῷ
3484 4565 3500 4579 ·
3518 4551 3577 4603 οὐ
3596 4551 3701 4622 γὰρ

2128 4629 2266 4699 πρὸς
2300 4628 2483 4697 φιλίαν
2519 4631 2869 4703 ἀνθρωπίνην
2906 4630 3113 4702 ἑώρων.
3153 4632 3342 4697 Οὕτως
3363 4634 3471 4686 ἔδει
3492 4636 3583 4687 καὶ
3607 4635 3700 4687 νῦν

2128 4714 2216 4779 ἐφ’
2260 4712 2418 4782 ἡμῶν
2448 4714 2716 4780 γίνεσθαι.
2749 4714 2893 4767 Ἀλλ’
2920 4717 3082 4785 ἡμεῖς
3118 4717 3254 4788 πρὸς
3286 4718 3510 4788 ἔσχατον
3537 4718 3700 4788 ρᾳθυ-

2132 4795 2260 4865 μίας
2313 4796 2659 4866 ἐληλακότες,
2716 4798 2813 4849 καὶ
2858 4798 2926 4851 τὰ
2977 4798 3183 4869 φανερὰ
3228 4802 3361 4870 πρὸς
3415 4801 3702 4873 ἀκρίϐειαν

2130 4879 2471 4949 προϊέμεθα·
2525 4881 2654 4934 ὅταν
2699 4882 2756 4934 δὲ
2802 4883 2869 4935 τὰ
2906 4883 3045 4953 δῆλα
3094 4886 3447 4956 παρορῶμεν,
3495 4888 3611 4951 πῶς
3634 4889 3705 4940 τὰ

2130 4961 2301 5031 ἄδηλα
2320 4964 2452 5033 ἡμῖν
2468 4965 2494 5015 0
2512 4964 2644 5027 Θεὸς
2663 4965 2993 5035 ἐκκαλύψει;
3018 4967 3078 5018 Εἰ
3102 4969 3159 5019 ἐν
3185 4968 3262 5038 τῷ
3287 4970 3488 5041 μικρῷ,
3514 4972 3698 5040 φησὶν,

2089 5045 2229 5131 νούκ
2269 5046 2521 5112 ἐγένεσθε
2555 5049 2755 5111 πιστοὶ,
2788 5048 2848 5100 τὸ
2884 5050 3026 5118 μέγα
3061 5051 3154 5102 καὶ
3186 5051 3440 5120 ἀληθινὸν
3464 5053 3546 5115 τίς
3574 5055 3705 5122 ὑμῖν

2133 5128 2430 5198 ἐγχειρίσει
2456 5148 2470 5195 ;
2501 5130 2635 5182 Τότε
2666 5130 2742 5195 δέ,
2770 5133 2892 5184 ἐπεὶ
2922 5133 3072 5186 οὐδὲν
3101 5135 3441 5205 ἀνθρώπινον
3471 5139 3701 5204 ἐγίνετο,

2132 5211 2225 5261 καὶ
2257 5212 2363 5263 ἀπὸ
2403 5214 2739 5281 προφητείας
2771 5215 3007 5281 ἐγίνοντο
3034 5220 3079 5268 οί
3109 5219 3293 5287 ἱερεῖς.
3325 5220 3390 5272 Τί
3422 5222 3571 5273 ἐστιν
3596 5220 3707 5272 ἀπὸ

2132 5295 2502 5365 προφητείας;
2535 5296 2669 5348 Ἀπὸ
2704 5297 3016 5368 Πνεύματος
3046 5301 3218 5368 ἁγίου.
3256 5303 3565 5373 Πρυφητεία
3596 5304 3707 5372 γάρ

2132 5376 2300 5441 ἐστιν,
2334 5379 2395 5431 οὐ
2423 5379 2484 5431 τὸ
2504 5380 2570 5431 τά
2606 5379 2868 5448 μέλλοντα
2900 5381 3099 5449 λέγειν,
3129 5384 3264 5437 ἀλλὰ
3287 5388 3461 5439 καὶτὸ
3481 5389 3547 5440 τὰ
3571 5405 3688 5457 παρ

2129 5458 2278 5525 όντα,
2322 5462 2443 5513 ἐπεὶ
2479 5463 2572 5514 καὶ
2605 5463 2633 5513 0
2680 5465 2851 5516 Σαοὺλ
2906 5468 3048 5519 κατά
3096 5468 3437 5537 προφητείαν
3486 5469 3703 5540 ἐδείχθη

2133 5544 2190 5593 ἐν
2210 5546 2321 5605 τοῖς
2344 5545 2564 5597 σκεύεσι
2586 5548 2964 5617 κρυπτόμενος
2985 5567 2999 5580 ·
3023 5553 3051 5601 0
3072 5550 3179 5620 γὰρ
3197 5551 3328 5615 Θεὸς
3346 5557 3457 5615 τοῖς
3476 5553 3708 5617 δικαίοις

2133 5626 2528 5681 ἀποκαλύπτει.
2578 5631 2891 5701 Προφητεία
2922 5629 2990 5702 ἦν
3019 5635 3112 5686 καὶ
3151 5635 3211 5686 τὸ
3233 5636 3434 5703 λέγειν,
3466 5638 3704 5705 Ἀφορί-

2132 5710 2280 5763 σατέ
2308 5727 2401 5780 μοι
2432 5710 2536 5766 τὸν
2561 5714 2806 5768 Παῦλον
2832 5715 2931 5770 καὶ
2954 5717 3059 5771 τὸν
3079 5718 3414 5789 Βαρνάϐαν.
3436 5719 3591 5775 Οὕτω
3615 5724 3709 5777 καὶ
