4090 6396
426 278 529 335 525

434 399 545 443 tera
571 402 677 441 non
704 386 822 440 talis
868 384 1026 442 fuerit
1049 400 1067 452 ;
1094 385 1189 440 sed
1215 384 1441 439 multum
1465 383 1644 439 damni
1672 382 1916 445 infertur,
1951 380 1996 434 si

431 483 599 536 altera
632 482 921 535 fornicetur
940 521 957 547 ,
988 480 1087 535 etsi
1114 493 1219 534 non
1247 480 1476 534 formosa
1503 519 1518 543 ,
1550 477 1713 531 altera
1741 490 1867 529 vero
1890 491 2001 528 nta-

432 574 573 642 Iigna
603 573 690 627 sit.
738 572 832 627 Dic
869 574 1009 627 enim
1040 570 1168 626 mihi
1193 612 1207 636 ,
1236 586 1477 639 qutenam
1508 579 1591 622 est
1628 569 1795 621 virtus
1819 566 2002 621 oculo-

432 667 594 720 rum?
618 682 684 719 an
714 665 853 735 quod
886 664 1094 726 molles,
1126 663 1402 718 versatiles
1427 701 1441 727 ,
1467 660 1679 714 rotundi
1706 668 1759 714 et
1784 658 1997 713 ca'rulei

432 759 566 821 sint,
595 773 662 810 an
686 756 826 826 quod
856 757 993 810 acuti
1019 769 1081 808 ac
1105 752 1485 822 penetrantes?
1510 751 1625 821 Ego
1654 750 1759 803 hoc
1789 758 2000 819 postre-

433 864 580 902 mum
624 848 846 902 dixerim
873 887 889 913 ,
919 858 1076 915 atque
1105 844 1206 899 hoc
1234 844 1481 912 exemplo
1523 842 1778 911 liquidum
1810 858 1823 894 :
1855 831 2003 910 quae-

434 957 555 994 nam
581 948 664 994 est
692 939 926 993 lucernae
967 936 1180 992 virtus?
1210 952 1275 989 an
1303 936 1442 1005 quod
1474 935 1617 989 clara
1646 934 1925 1003 splendeat
1950 941 2006 986 et

435 1041 597 1083 totam
630 1030 891 1083 illuminet
917 1028 1174 1082 domum?
1218 1042 1285 1081 an
1311 1025 1451 1096 quod
1482 1025 1700 1095 pulchre
1729 1022 2004 1077 ell'ormata

432 1133 487 1177 et
535 1121 759 1176 rotunda
808 1121 919 1175 sit?
965 1120 1079 1189 Ego
1127 1120 1352 1189 primum
1398 1118 1653 1181 dixerim;
1703 1114 1832 1170 illud
1862 1114 2002 1169 enim

433 1216 708 1285 quaeritur,
736 1212 1027 1268 secundum
1057 1228 1181 1266 vero
1206 1211 1392 1266 inutile
1416 1219 1516 1264 est.
1550 1208 1779 1278 ideoque
1802 1205 2005 1260 ancillae

433 1305 501 1359 ad
543 1305 644 1358 hoc
695 1303 960 1373 deputatae
1001 1316 1214 1371 semper
1250 1301 1498 1363 dicimus,
1530 1299 1827 1354 Lucernam
1868 1296 2006 1351 male

438 1396 630 1465 parasti
661 1411 678 1448 :
721 1396 799 1448 sic
828 1395 1060 1448 lucerna:
1102 1392 1336 1447 officium
1367 1400 1450 1444 est
1477 1391 1792 1445 illuminare.
1824 1386 2007 1456 Itaque

435 1487 548 1540 sive
577 1485 694 1539 talis
720 1485 833 1539 sive
866 1484 985 1537 talis
1017 1483 1175 1538 fuerit
1200 1484 1385 1536 oculus
1406 1522 1420 1546 ,
1459 1480 1588 1535 nihil
1633 1480 1888 1545 interest,
1911 1478 2008 1533 do-

437 1592 535 1630 nec
557 1587 614 1631 ut
639 1592 734 1646 par
755 1585 839 1631 est
857 1576 1088 1630 officium
1121 1590 1276 1629 suum
1310 1574 1492 1642 implet
1525 1591 1539 1627 :
1571 1582 1629 1625 ut
1652 1573 1809 1627 etiam
1836 1571 2007 1624 malus

435 1668 647 1733 dicitur,
679 1667 723 1721 si
750 1667 971 1721 obtusus
998 1668 1066 1720 sit
1092 1708 1107 1732 ,
1153 1682 1250 1721 nec
1277 1665 1565 1735 perfectam
1594 1663 1786 1716 habeat
1823 1661 2011 1715 condi-

437 1762 635 1814 tionem
665 1778 680 1815 :
712 1773 805 1814 eos
833 1759 975 1814 enim
1002 1759 1088 1828 qui
1117 1758 1315 1827 apertis
1341 1757 1510 1811 oculis
1533 1770 1637 1809 non
1665 1754 1866 1817 vident,
1894 1768 2007 1806 ma-

437 1852 517 1905 los
544 1853 741 1906 habere
769 1853 955 1906 oculos
997 1851 1246 1905 dicimus.
1294 1849 1674 1917 Quodcumque
1707 1848 1848 1900 enim
1889 1845 2007 1899 offi-

435 1946 577 1998 cium
603 1958 754 1999 suum
785 1960 890 1996 non
923 1944 1108 2012 implet
1134 1985 1147 2005 ,
1178 1942 1375 1997 malum
1407 1955 1656 1995 vocamus
1689 1957 1701 1993 :
1731 1940 1864 1993 tales
1888 1947 2012 1992 sunt

436 2037 559 2089 ntali
584 2035 743 2089 oculi.
766 2035 981 2089 Narium
1004 2050 1152 2100 vero,
1171 2033 1256 2088 dic
1274 2032 1421 2095 mihi,
1444 2047 1686 2102 quamam
1709 2032 1876 2084 virtus
1892 2031 2012 2085 est?

436 2144 502 2180 an
531 2138 586 2181 ut
610 2138 773 2181 recta:
799 2129 905 2180 sint
930 2169 945 2191 ,
976 2135 1031 2180 et
1060 2126 1326 2192 utrimque
1352 2124 1415 2177 ad
1440 2139 1681 2177 normam
1709 2133 1763 2177 et
1790 2137 2011 2191 proper.

439 2219 635 2272 tionem
659 2218 969 2283 ethil‘tltaltD,
1004 2227 1162 2286 atque
1187 2216 1252 2270 ad
1278 2216 1528 2270 olfactnm
1557 2225 1713 2284 aptae,
1742 2230 1860 2284 quae
1883 2228 2012 2282 pos-

439 2310 544 2362 sint
569 2311 673 2362 cito
708 2309 927 2363 odorem
965 2309 1212 2377 excipere
1254 2316 1307 2361 ct
1351 2309 1401 2361 in
1445 2307 1723 2361 cerebrum
1768 2306 2012 2359 mittere?

438 2400 550 2454 lloc
578 2400 744 2453 cuivis
768 2399 939 2469 palam
967 2406 1068 2453 est.
1098 2400 1209 2468 Age
1237 2413 1383 2467 ergo,
1413 2414 1526 2452 rem
1548 2397 1793 2463 exemplo
1812 2397 2014 2464 disqui-

438 2506 642 2545 ramus.
675 2490 768 2544 Die
798 2490 950 2554 mihi,
976 2490 1329 2542 instrumenta
1378 2488 1442 2541 ad
1489 2487 1806 2556 capiendum
1850 2487 2010 2542 ador-

438 2591 560 2635 nata
587 2624 602 2644 ,
631 2596 873 2650 quaenam
905 2580 1147 2649 apposite
1190 2579 1325 2633 facta
1356 2579 1595 2633 dicemus
1617 2619 1633 2645 ,
1661 2594 1777 2648 qua:
1811 2578 2015 2648 possint

438 2674 635 2743 optime
651 2689 847 2741 capere
872 2683 927 2728 et
948 2675 1197 2737 retinere,
1226 2689 1292 2726 an
1314 2688 1433 2742 qua:
1458 2672 1677 2741 pulchre
1698 2674 2014 2727 concinnata

438 2766 678 2820 fuerint?
703 2764 853 2819 Haud
885 2765 1041 2819 dubie
1065 2766 1262 2834 priora.
1296 2765 1490 2819 Dentes
1510 2776 1686 2820 autem
1714 2780 1849 2835 quos
1872 2766 2013 2834 opti-

437 2874 553 2912 mos
579 2858 859 2913 dicemus?
889 2873 1053 2912 eosne
1093 2858 1184 2927 qui
1229 2857 1406 2912 cibum
1450 2857 1721 2912 dissecant
1758 2868 1811 2911 et
1861 2873 2014 2910 man-

437 2951 587 3014 dnnt,
638 2965 705 3003 an
750 2964 845 3004 eos
890 2950 980 3019 qui
1026 2949 1285 3003 concinne
1324 2949 1553 3002 ordinati
1600 2948 1763 3002 sunt?
1804 2948 2017 3003 Priurcs

437 3052 605 3107 certe,
647 3049 707 3093 ut
750 3040 1086 3109 perspicuum
1117 3048 1217 3093 est.
1254 3037 1553 3093 Universim
1585 3047 1763 3091 autem
1807 3039 1860 3093 in
1905 3047 2017 3092 tuto

439 3147 685 3202 corpore,
711 3133 753 3185 si
778 3129 981 3200 singula
1010 3130 1107 3184 hac
1132 3132 1344 3185 ratione
1364 3131 1756 3197 examinemus,
1787 3130 2016 3185 invenie-

439 3240 557 3279 mus
597 3224 833 3278 membra
864 3223 1041 3277 omnia
1067 3238 1195 3277 sana
1228 3222 1446 3292 pulchra
1472 3222 1575 3277 dici
1602 3263 1617 3285 ,
1645 3222 1816 3277 donec
1838 3222 2017 3277 ofﬁcio

438 3332 534 3369 suo
581 3324 768 3369 exacte
813 3313 956 3383 fungi
999 3322 1237 3382 possunt.
1262 3312 1353 3369 Sic
1381 3323 1436 3368 et
1463 3328 1588 3367 vasa
1626 3312 1833 3384 singula
1878 3313 2015 3367 bona

443 3408 705 3471 dicimus,
762 3406 840 3460 sic
896 3406 1144 3459 animalia
1197 3414 1250 3460 et
1303 3405 1539 3474 plantas,
1571 3419 1676 3459 non
1729 3420 1796 3458 ex
1848 3404 2017 3459 forma

444 3514 542 3553 nec
575 3513 639 3553 ex
670 3497 874 3563 colore,
906 3496 998 3551 sed
1023 3512 1087 3549 ex
1112 3496 1407 3550 ministerio
1435 3510 1450 3549 :
1480 3495 1551 3549 ita
1576 3504 1632 3550 et
1654 3493 1909 3550 famulum
1937 3495 2019 3549 di-

439 3591 609 3644 cimus
636 3590 831 3643 bouutn
855 3603 976 3642 eum
1002 3587 1095 3656 qni
1123 3586 1191 3640 ad
1213 3586 1579 3640 ministerium
1605 3586 1759 3640 nobis
1780 3600 2019 3640 commo-

440 3682 541 3735 dus
566 3689 668 3745 est,
693 3695 801 3733 non
830 3688 1009 3732 autem
1038 3678 1330 3731 formosum
1357 3685 1522 3745 atque
1549 3677 1791 3731 mollem.
1830 3675 2016 3732 Viden’

439 3773 706 3843 quomodo
749 3771 966 3840 pulchra
1006 3770 1180 3837 possis
1228 3770 1393 3823 esse?
1433 3769 1564 3823 Cum
1593 3785 1721 3837 ergo
1766 3770 2016 3824 omnibus

446 3856 952 3876 ὥ

1240 268 1309 328 IN
1342 269 1555 327 EPIST.
1599 268 1616 322 ι
1680 267 1770 323 ΑΙ)
1806 264 2084 323 ΤΙΜΟΤΗ.
2126 266 2276 322 CAP.
2316 265 2357 321 ι.
2400 266 2630 325 ΗΟΜΙΙ...
2672 267 2736 325 ν.

3573 271 3677 328 526

2109 380 2267 437 rebus
2296 382 2541 438 maximis
2564 390 2621 439 et
2646 381 2981 439 mirabilibus
3001 378 3250 440 similiter
3266 384 3521 454 fruamur,
3547 388 3681 445 nihil

2104 472 2277 527 minus
2305 473 2426 526 aliis
2470 473 2727 528 habemus
2762 494 2777 530 :
2812 475 2951 529 hunc
2980 475 3238 530 mundum
3266 478 3378 547 pari
3408 478 3570 533 modo
3596 479 3678 533 vi-

2103 561 2292 617 demus
2322 579 2336 616 :
2374 562 2563 628 solem,
2596 563 2774 618 lunam
2800 606 2815 627 ,
2847 566 3029 621 stellas
3058 606 3074 631 ,
3101 582 3281 621 aerem
3308 568 3554 623 similiter
3571 569 3683 638 spi-

2106 667 2304 718 ramus,
2325 669 2457 723 aqna
2478 662 2533 708 et
2557 654 2678 709 cibo
2698 656 2897 724 pariter
2918 658 3132 722 utimur,
3156 658 3270 713 sive
3299 658 3540 726 formosi,
3569 662 3682 718 sive

2103 742 2370 799 deformes
2398 745 2587 801 simus.
2623 745 2677 801 Si
2704 762 2833 802 vero
2873 748 2999 816 quid
3030 749 3275 805 mirabile
3304 751 3489 807 dicere
3516 766 3678 823 opor-

2106 844 2233 899 teat,
2266 835 2516 893 formosis
2553 838 2795 893 saniores
2842 849 2967 894 sunt
3011 856 3129 909 qua:
3168 840 3337 896 forma
3378 842 3683 912 bujusmodl

2107 942 2211 980 non
2241 926 2510 983 fruuntur.
2555 928 2665 984 Illae
2712 946 2943 999 namque
2985 943 3041 984 ut
3086 931 3537 1001 pulchritudinem
3571 950 3685 988 scr-

2103 1026 2231 1072 vent
2259 1058 2273 1083 ,
2307 1020 2576 1076 laboribus
2604 1035 2663 1075 se
2692 1037 2797 1075 non
2826 1021 3029 1076 dedunt
3058 1063 3073 1085 ,
3106 1023 3199 1077 sed
3228 1024 3339 1076 otio
3363 1038 3426 1079 ac
3456 1024 3682 1092 deliciis,

2106 1109 2257 1176 queis
2282 1109 2513 1164 maxime
2555 1111 2634 1164 vis
2661 1112 3023 1167 membrorum
3070 1113 3313 1169 ohtusior
3341 1115 3398 1170 fit
3428 1131 3444 1172 :
3477 1115 3560 1170 ha:
3584 1133 3684 1170 au-

2106 1207 2214 1255 tem
2237 1241 2254 1263 ,
2284 1209 2469 1269 utpote
2512 1216 2631 1272 qua:
2658 1203 2858 1257 nullam
2896 1204 2965 1258 de
2993 1206 3159 1259 forma
3201 1222 3384 1261 curam
3429 1206 3683 1277 habeant,

2106 1304 2166 1345 se
2193 1290 2461 1347 laboribus
2477 1295 2694 1349 omnino
2715 1295 2932 1351 dedunt.
2955 1296 3328 1354 Glorilicemus
3347 1315 3476 1371 ergo
3497 1302 3683 1369 Deum,

2107 1391 2380 1451 portemus
2424 1384 2572 1440 illum
2623 1385 2676 1440 in
2736 1402 2962 1457 corpore
3006 1398 3213 1455 nostro,
3263 1406 3330 1445 ne
3379 1407 3683 1461 qumramus

2107 1483 2351 1526 ornatum
2386 1490 2400 1527 :
2433 1475 2636 1530 inutilis
2657 1492 2720 1530 ac
2743 1478 3008 1548 superflua
3035 1480 3149 1534 lucc
3175 1496 3300 1537 cura
3329 1492 3432 1537 est.
3462 1483 3539 1539 Ne
3564 1500 3689 1540 esu—

2108 1565 2313 1621 diamus
2343 1567 2489 1624 viros
2525 1580 2584 1623 ut
2612 1569 2779 1626 facies
2820 1571 2961 1626 solas
2988 1582 3173 1628 ament
3218 1592 3231 1629 :
3274 1590 3396 1629 nam
3441 1577 3483 1630 si
3513 1577 3581 1631 ita
3612 1578 3688 1633 sis

2110 1668 2294 1712 ornata
2322 1700 2338 1725 ,
2368 1659 2475 1713 cito
2502 1675 2530 1712 a
2562 1662 2865 1730 meretrice,
2912 1664 3066 1719 unice
3096 1666 3277 1735 specie
3313 1675 3400 1720 tua
3442 1668 3685 1734 allectus,

2109 1753 2350 1819 capietur
2378 1770 2391 1806 :
2417 1762 2605 1807 contra
2635 1755 2677 1808 si
2709 1754 2956 1811 docueris
2994 1773 3115 1811 emn
3146 1774 3324 1813 mores
3352 1770 3407 1813 et
3435 1760 3689 1816 honesta-

2113 1851 2219 1897 tem
2250 1858 2433 1899 amare
2457 1885 2473 1909 ,
2502 1860 2603 1901 nec
2627 1846 2735 1900 cito
2768 1862 2868 1900 nec
2897 1847 3051 1902 facile
3088 1848 3434 1904 foruicabitur
3468 1867 3482 1903 :
3517 1867 3692 1921 neque

2111 1935 2251 1989 enim
2271 1935 2387 1990 haec
2410 1935 2462 1989 in
2480 1937 2760 1992 meretrice
2792 1939 3046 2005 inveniet,
3071 1940 3179 1994 imo
3203 1940 3285 1995 his
3304 1944 3590 1997 contraria.
3612 1943 3692 1999 Ne

2112 2028 2289 2096 itaque
2317 2027 2562 2082 docueris
2609 2042 2731 2082 eum
2766 2044 2798 2082 a
2841 2030 2947 2083 risu
2976 2031 3091 2101 capi
3121 2071 3136 2095 ,
3168 2047 3340 2102 neque
3371 2048 3401 2086 a
3432 2032 3693 2091 dissoluto

2111 2119 2313 2183 habitu,
2330 2136 2395 2174 ne
2412 2120 2665 2175 adversus
2682 2121 2900 2190 tcipsam
2920 2124 3170 2177 veneficia
3193 2139 3366 2193 pares,
3384 2125 3517 2181 doce
3540 2125 3690 2181 illum

2113 2215 2167 2268 in
2196 2214 2474 2269 honestate
2498 2214 2733 2283 gaudere
2763 2231 2776 2267 :
2809 2216 2913 2270 hoc
2943 2233 3073 2271 vero
3106 2220 3311 2286 poteris
3335 2260 3351 2286 ,
3379 2234 3502 2273 cum
3536 2221 3691 2274 habi—

2114 2316 2199 2361 tus
2227 2306 2349 2361 talis
2374 2306 2552 2360 fuerit.
2583 2305 2713 2383 Nam
2748 2307 2791 2360 si
2830 2316 2884 2362 te
2924 2306 3117 2362 eﬂeras
3161 2318 3216 2363 et
3257 2308 3460 2364 lubrica
3508 2310 3693 2375 fueris,

2113 2399 2382 2469 quomodo
2400 2399 2599 2453 dictum
2621 2398 2904 2453 honestum
2926 2409 3156 2469 etgrave
3176 2401 3433 2459 adhibere
3451 2403 3696 2471 poteris?

2115 2493 2233 2562 quis
2263 2501 2313 2545 te
2343 2507 2448 2545 non
2488 2491 2770 2546 irridebit?
2816 2492 3094 2559 Quomodo
3138 2502 3318 2547 autem
3361 2493 3415 2547 in
3459 2508 3690 2563 corpore

2115 2597 2399 2655 possumus
2441 2591 2659 2652 portare
2697 2583 2862 2637 Deum
2903 2584 3027 2656 (a)?
3057 2583 3114 2639 Si
3159 2584 3410 2641 virtutem
3438 2599 3698 2641 exercea-

2119 2691 2235 2729 mus
2250 2685 2305 2730 et
2324 2676 2555 2729 animam
2573 2690 2829 2730 ornemus
2849 2694 2862 2731 :
2879 2677 3025 2731 illam
3050 2678 3192 2731 enim
3222 2693 3416 2733 ornare
3442 2694 3546 2732 non
3577 2693 3699 2748 pro-

2116 2767 2382 2822 hibemur.
2425 2767 2516 2823 Sic
2554 2768 2722 2821 Deum
2766 2767 3149 2838 glorificamus,
3180 2784 3301 2823 cum
3328 2771 3548 2824 omnino
3572 2768 3698 2825 boni

2116 2874 2338 2925 sumus;
2366 2870 2419 2914 et
2444 2874 2544 2914 nos
2567 2874 2779 2930 quoque
2804 2861 3224 2930 glorificabimur
3254 2862 3305 2915 in
3338 2861 3432 2915 illo
3454 2861 3561 2928 die,
3588 2877 3695 2916 non

2117 2952 2364 3007 similiter
2406 2951 2502 3006 sed
2552 2951 2720 3005 multo
2758 2953 2948 3023 magis.
2995 2951 3250 3007 Existimo
3292 2954 3453 3019 enim,
3504 2954 3699 3024 inquit,

2118 3044 2253 3112 quod
2281 3059 2382 3096 non
2425 3052 2540 3096 sunt
2570 3044 2834 3114 condigna:
2874 3044 3134 3114 passiones
3172 3045 3325 3115 hujus
3367 3047 3604 3113 temporis
3634 3047 3705 3100 ad

2121 3135 2345 3203 futuram
2394 3134 2631 3204 gloriam,
2678 3150 2791 3204 qua:
2833 3134 3135 3189 revelabitur
3164 3136 3217 3189 in
3260 3136 3401 3190 nobis
3428 3136 3613 3208 (llam.
3646 3138 3701 3192 8.

2120 3226 2230 3298 18).
2257 3226 2427 3294 Quam
2451 3226 2650 3279 utinam
2690 3240 2878 3280 onmes
2918 3241 3267 3296 assequamur
3290 3268 3307 3294 ,
3332 3229 3501 3297 gratia
3531 3237 3584 3282 et
3612 3230 3705 3283 be-

2118 3320 2375 3390 nignitate
2405 3312 2614 3372 Domini
2660 3318 2829 3373 nostri
2880 3318 3008 3373 Jesu
3060 3319 3279 3383 Christi,
3327 3320 3543 3389 quicum
3600 3321 3702 3374 I’a-

2123 3411 2189 3465 tri
2234 3419 2290 3464 et
2333 3408 2553 3477 Spiritui
2596 3420 2781 3483 sancto
2812 3410 2997 3478 gloria,
3026 3410 3335 3478 imperium,
3367 3410 3537 3465 honor
3564 3426 3704 3465 nunc

2120 3511 2175 3557 et
2196 3514 2430 3569 semper,
2462 3508 2515 3553 et
2545 3500 2596 3552 in
2622 3500 2817 3554 sascula
2840 3499 3182 3554 smculorum.
3218 3505 3412 3553 Amen.

2184 3592 2256 3654 (α)
2290 3591 2423 3654 Illud
2448 3592 2577 3639 enim
2611 3587 2824 3654 refertur
2859 3591 2916 3639 ad
2953 3589 3088 3639 illum
3121 3592 3349 3653 superius
3380 3602 3702 3654 memoratum

2120 3650 2382 3717 Scriptura:
2414 3652 2571 3717 Locum
2598 3667 2611 3702 :
2637 3650 2907 3717 gloriﬁcate
2927 3660 2973 3702 et
3009 3650 3194 3715 portate
3215 3660 3379 3717 _Deum
3411 3653 3462 3703 in
3506 3667 3705 3717 corpore

2120 3713 2294 3765 vestro.
2311 3776 2319 3777 ί
2334 3714 2391 3763 In
2414 3713 2569 3777 Editis
2588 3714 2717 3762 male
2731 3713 2948 3777 habetur
2974 3727 2986 3761 ε
3010 3713 3255 3775 Quomodo
3275 3722 3435 3765 autem
3457 3713 3706 3777 possumus

2120 3778 2172 3828 in
2194 3776 2373 3839 Spiritu
2394 3776 2586 3838 placere
2612 3774 2747 3825 Deo?

1791 3914 2131 3978 HOMILIA
2163 3914 2242 3978 V.

440 4027 569 4082 CAP.
600 4026 650 4080 ι.
679 4038 735 4077 v.
767 4023 855 4077 i8.
885 4020 996 4075 Hoc
1025 4028 1333 4091 praeceptum
1361 4018 1654 4072 commendo
1683 4018 1789 4082 tibi,
1818 4018 1895 4085 ﬁli
1919 4017 2015 4072 Ti-

512 4118 729 4183 mothee,
772 4115 1049 4169 secundum
1078 4111 1419 4181 prwcedentw
1443 4111 1495 4163 in
1535 4120 1582 4164 te
1609 4111 1930 4179 prophetias,
1962 4120 2020 4163 ut

513 4209 694 4260 milites
719 4210 772 4259 in
815 4206 884 4259 eis
907 4204 1090 4257 bonam
1116 4203 1378 4266 militiam,
1406 4202 1492 4257 l9.
1542 4201 1729 4254 habens
1769 4201 1921 4268 ﬁdem
1965 4212 2011 4255 et

514 4301 693 4353 bonam
718 4296 1093 4359 conscientiam,
1123 4308 1274 4363 quam
1318 4293 1526 4359 quidam
1554 4291 1874 4361 repellentes,
1918 4292 2020 4346 cir-

516 4407 575 4443 ca
603 4390 757 4456 ﬁdem
783 4387 1112 4456 naufragium
1131 4386 1380 4454 fecerunt.

516 4484 570 4534 1.
600 4479 901 4534 Sacerdotes
927 4477 1135 4547 quinam
1161 4474 1745 4546 eligendi.-Doctrinat
1760 4481 1815 4527 et
1835 4488 2020 4527 sacer-

444 4572 577 4627 dotii
604 4570 833 4641 dignitas
864 4583 1055 4637 magna
1086 4566 1453 4636 mirabilisque
1481 4575 1585 4632 est,
1612 4581 1732 4635 qua:
1758 4580 1885 4620 vere
1927 4565 2023 4619 Dei

444 4664 649 4718 calculo
671 4678 804 4731 opus
836 4662 1015 4725 habet,
1055 4669 1113 4714 ut
1150 4660 1369 4730 dignum
1414 4659 1467 4712 in
1496 4659 1726 4714 medium
1771 4657 2019 4712 adducat.

443 4756 530 4809 Sic
551 4755 676 4808 olim
706 4753 902 4816 ﬁebat;
948 4752 1026 4805 sic
1050 4752 1208 4806 etiam
1235 4764 1375 4803 nunc
1422 4750 1499 4814 lit,
1543 4749 1754 4818 quando
1783 4751 1898 4802 sine
1924 4747 2023 4802 hu-

450 4862 607 4900 mano
638 4844 834 4898 allectu‘
875 4844 1168 4898 electiones
1215 4840 1479 4904 facimus,
1525 4839 1737 4909 quando
1783 4840 1851 4894 ad
1891 4839 2023 4893 nihil

444 4938 704 4992 szccnlare
732 4938 1063 5005 respicimus,
1096 4950 1193 4989 nec
1227 4935 1388 4988 ullam
1417 4934 1664 4987 amicitia:
1693 4933 1773 4988 vel
1804 4933 1908 4987 odii
1939 4948 2025 4987 ra-

444 5031 645 5083 tionem
676 5027 957 5081 habemus.
985 5026 1100 5080 Etsi
1131 5025 1274 5079 enim
1300 5040 1403 5078 non
1437 5033 1582 5078 tanta
1614 5024 1769 5079 nobis
1794 5024 2023 5093 Spiritus

446 5119 783 5189 participatio
835 5127 956 5181 est;
1003 5126 1058 5170 at
1101 5115 1299 5170 sufficit
1338 5117 1536 5169 bonum
1583 5115 1933 5185 prepositnm,
1967 5124 2026 5169 ut

445 5212 540 5266 Dei
589 5212 755 5280 ipsius
808 5208 1199 5263 ordinationem
1264 5208 1517 5261 attrahat.
1581 5206 2022 5277 Quandoquidem

446 5319 620 5371 neque
641 5301 870 5370 apostoli
891 5299 1125 5369 Spiritus
1150 5299 1436 5369 participes
1461 5308 1634 5365 erant,
1658 5298 1870 5368 quando
1892 5299 2024 5353 Mat-

446 5394 609 5449 thiam
648 5393 960 5460 elegerunt,
1002 5390 1099 5445 sed
1147 5390 1376 5443 orationi
1421 5405 1534 5444 rem
1582 5390 1978 5444 committentes
2005 5431 2021 5454 ,

445 5487 619 5554 ipsum
650 5484 1014 5554 apostolorum
1057 5498 1285 5538 numero
1334 5483 1688 5552 adjecerunt:
1736 5498 1841 5537 non
1879 5482 2021 5538 enim

443 5577 511 5631 ad
571 5577 857 5631 amicitiam
933 5576 1219 5630 humanam
1283 5574 1654 5643 respiciebant.
1712 5574 1801 5630 Sic
1863 5589 2023 5645 opor-

444 5682 578 5726 teret
630 5685 770 5726 nunc
824 5672 983 5727 etiam
1038 5667 1177 5740 apud
1233 5683 1331 5723 nos
1381 5668 1513 5723 fieri.
1564 5670 1631 5723 At
1686 5682 1782 5723 nos
1832 5668 1885 5723 in
1928 5682 2022 5723 ex-

2123 4027 2347 4072 tremam
2398 4014 2657 4085 ignaviam
2696 4013 2935 4084 delapsi,
2985 4016 3144 4069 etiam
3198 4016 3478 4073 manifesta
3521 4018 3708 4088 abjici-

2123 4124 2246 4163 mus
2278 4124 2294 4162 :
2337 4106 2384 4161 si
2428 4122 2558 4161 vero
2594 4105 2871 4160 manifesta
2908 4109 3397 4177 pra-termittimus.
3430 4111 3702 4180 quomodo

2130 4198 2289 4252 nobis
2336 4196 2480 4251 Deus
2546 4197 2770 4250 obscura
2823 4207 2876 4250 et
2947 4196 3147 4251 incerta
3196 4201 3496 4254 revelabit?
3548 4201 3603 4257 Si
3653 4203 3708 4256 in

2125 4287 2361 4352 modico,
2412 4287 2606 4357 inquit,
2648 4303 2755 4341 non
2802 4286 2977 4341 fuistis
3009 4288 3236 4353 fideles;
3286 4292 3426 4360 quod
3460 4308 3708 4363 magnum

2128 4390 2184 4436 et
2210 4395 2395 4435 verum
2420 4389 2523 4442 est,
2549 4380 2668 4449 quis
2693 4379 2849 4434 vobis
2878 4380 3092 4435 tradet?
3121 4380 3272 4435 Tunc
3316 4394 3495 4437 autem
3519 4424 3534 4449 ,
3587 4385 3711 4454 quia

2127 4470 2263 4525 nihil
2306 4469 2469 4524 ﬁebat
2498 4469 2809 4532 humanum,
2842 4485 2909 4523 ex
2942 4472 3221 4540 prophetia
3264 4474 3570 4529 sacerdotes
3607 4476 3711 4531 eli-

2078 4590 2089 4599 -
2126 4564 2405 4634 gebantur.
2438 4562 2577 4631 Quid
2605 4571 2691 4617 est
2719 4577 2786 4617 ex
2816 4561 3136 4632 prophetia?
3186 4566 3228 4618 A
3261 4564 3461 4634 Spiritu
3498 4578 3707 4622 sancto.

2128 4656 2414 4724 Prophetia
2447 4655 2590 4709 enim
2641 4662 2745 4720 est,
2777 4670 2883 4709 non
2928 4656 3102 4709 futura
3146 4656 3328 4712 dicere
3379 4658 3561 4724 modo,
3614 4660 3709 4715 sed

2127 4748 2287 4802 etiam
2332 4746 2662 4817 praesentia:
2717 4761 2838 4800 nam
2893 4746 3018 4801 Saul
3063 4763 3275 4818 quoque
3324 4765 3390 4805 ex
3430 4752 3710 4821 pr0phetia

2127 4849 2376 4893 ostensus
2424 4845 2539 4905 est,
2581 4851 2704 4892 cum
2759 4837 2950 4892 lateret
2997 4838 3137 4892 inter
3178 4855 3301 4893 vasa
3335 4858 3348 4893 :
3383 4841 3524 4897 Deus
3567 4844 3710 4897 enim

2124 4930 2284 4998 justis
2312 4930 2536 4984 revelat.
2568 4929 2852 4998 Prophetia
2883 4938 3001 4984 erat
3048 4931 3211 4985 etiam
3249 4932 3430 4987 dicere
3463 4950 3476 4987 :
3522 4934 3711 5004 Segre-

2128 5034 2241 5090 gatc
2266 5022 2389 5075 mihi
2418 5019 2640 5076 Paulum
2668 5033 2711 5074 et
2731 5020 3017 5075 Barnabam
3042 5021 3177 5091 (Act.
3208 5024 3294 5080 1⁸5.
3324 5024 3416 5096 2);
3451 5026 3520 5080 ita
3547 5026 3707 5081 etiant

2128 5114 2438 5169 Timotheus
2462 5112 2664 5168 electus
2695 5114 2883 5168 fuerat.
2917 5115 3229 5184 Prophetias
3264 5125 3443 5171 autem
3476 5117 3562 5172 hic
3589 5119 3708 5187 plu-

2090 5264 2093 5269 η
2128 5209 2293 5259 rimas
2322 5204 2488 5259 dicit:
2518 5203 2759 5258 fortassis
2786 5206 2952 5268 illam,
2986 5220 3083 5275 per
3118 5222 3276 5275 quam
3310 5206 3457 5261 illum
3500 5206 3709 5277 accepit

2127 5313 2249 5352 cum
2276 5296 2609 5351 circumcidit
2639 5297 2834 5366 ipsum,
2864 5306 2918 5352 et
2952 5314 3072 5353 cum
3104 5297 3391 5364 ordinavit,
3425 5309 3483 5353 ut
3509 5309 3565 5354 et
3592 5300 3707 5370 ipao

2128 5390 2317 5445 scribit
2335 5390 2521 5444 dicens
2553 5408 2565 5444 :
2597 5387 2724 5443 Noli
2764 5391 3017 5461 negligere
3056 5391 3273 5462 gratiam
3330 5408 3443 5461 qua:
3473 5394 3527 5446 in
3561 5401 3609 5447 te
3636 5408 3708 5448 est

2128 5482 2207 5551 (l.
2238 5480 2370 5534 Tim.
2401 5482 2455 5535 4.
2490 5481 2603 5552 14).
2635 5479 2704 5536 Ut
2735 5481 2881 5534 illum
2913 5482 3072 5551 igitur
3094 5482 3392 5548 excitaret,
3430 5490 3487 5537 et
3535 5490 3709 5536 atten-

2130 5584 2241 5627 tum
2275 5572 2595 5644 vigilemque
2625 5572 2899 5639 redderet,
2927 5572 2978 5626 in
3009 5572 3319 5627 memoriam
3364 5573 3463 5643 ipsi
3488 5587 3710 5629 revocat

2128 5667 2247 5739 quis
2273 5666 2492 5737 elegerit
2517 5674 2572 5722 et
2606 5664 2863 5720 ordinarit
2896 5682 2911 5721 :
2938 5680 3002 5721 ac
3024 5666 3070 5721 si
3107 5664 3311 5723 diceret
3343 5683 3357 5722 ς
3401 5664 3522 5738 Ipse
3571 5667 3709 5721 Deus
