4090 6396
411 310 519 369 527

410 436 461 480 te
497 424 680 495 elegit,
727 424 842 495 ipse
870 423 962 478 tibi
990 422 1344 485 concredidit,
1383 437 1486 475 non
1516 420 1751 475 humano
1790 416 1995 473 calculo

407 529 636 573 evectus
664 533 723 572 es
755 536 767 570 :
801 534 868 573 ne
913 518 1237 572 contumelia
1278 516 1361 571 vel
1410 514 1608 586 probro
1649 512 1850 567 afﬁcias
1900 511 1993 565 Dei

398 632 427 669 e
444 611 704 665 alculum.
738 611 937 664 Deinde
956 610 1077 678 quia
1107 619 1432 679 praeceptum
1453 608 1685 671 dixerat,
1708 614 1763 660 et
1783 604 1995 673 gravius

407 710 645 757 fortasse
688 711 823 765 erat,
850 700 974 769 quid
1003 701 1165 754 dicit?
1213 700 1327 753 Hoc
1355 708 1661 771 praeceptum
1696 694 1992 750 commendo

416 792 525 855 tibi,
549 794 630 863 ﬁli
654 791 936 847 Timotliee.
964 792 1034 849 Ut
1062 794 1171 847 ﬁlio
1216 802 1270 847 et
1312 793 1545 861 genuino
1576 790 1848 860 praecipit,
1886 802 1992 841 non

418 901 540 939 cum
584 887 901 939 auctoritate
929 887 1007 940 vel
1036 886 1281 954 imperio,
1313 884 1407 938 sed
1458 893 1697 954 paterne,
1735 880 1843 935 Fili
1867 923 1881 946 ,
1912 882 1992 933 in-

414 979 547 1045 quit,
584 976 860 1030 Timothee.
895 976 1046 1044 Quod
1091 988 1269 1032 autem
1315 975 1688 1040 commendet,
1737 973 1993 1029 custodia:

413 1071 740 1140 diligentiam
755 1071 1030 1139 signiﬁcat,
1052 1087 1149 1125 nec
1174 1087 1285 1125 rem
1300 1085 1419 1125 esse
1432 1080 1671 1125 nostram
1694 1087 1705 1122 :
1724 1084 1829 1123 non
1847 1068 1991 1123 enim

416 1177 513 1213 Ilus
543 1176 655 1216 rem
687 1162 1083 1230 acquisivimus,
1114 1161 1207 1215 sed
1239 1162 1382 1217 Deus
1410 1162 1634 1231 largitus
1662 1169 1784 1216 est:
1817 1174 1993 1229 neque

415 1251 519 1305 huc
551 1260 775 1315 tantum,
802 1253 895 1308 sed
922 1254 1082 1307 etiam
1113 1253 1268 1308 ﬁdem
1296 1262 1349 1307 et
1366 1254 1559 1309 bonam
1582 1252 1987 1308 conscientiam.

413 1346 542 1407 Qui-
574 1343 732 1413 igitur
761 1343 851 1397 ille
875 1343 1040 1408 dedit,
1073 1359 1172 1398 nos
1196 1344 1581 1398 custodiamus.
1616 1343 1725 1397 Nisi
1757 1344 1871 1413 ipse
1896 1358 1991 1398 ve-

415 1438 603 1501 nisset,
664 1451 835 1504 neque
877 1436 1010 1491 ﬁdes
1060 1437 1416 1503 inveniretur,
1466 1452 1637 1507 neque
1683 1437 1788 1490 vita
1835 1451 1987 1506 pura,

416 1543 574 1596 quam
607 1527 659 1581 in
690 1526 909 1581 infantia
940 1528 1284 1597 suscipimus.
1320 1529 1396 1582 Ac
1424 1528 1469 1583 si
1489 1528 1723 1582 diceret:
1748 1526 1865 1581 Non
1891 1542 1990 1595 ego

412 1634 529 1672 $qu
560 1618 650 1687 qui
692 1619 965 1689 przecipio,
1000 1620 1093 1673 sed
1127 1620 1170 1673 is
1201 1621 1288 1689 qui
1318 1621 1479 1689 elegit
1508 1640 1521 1674 :
1557 1636 1675 1673 nam
1698 1620 1836 1689 quod
1870 1621 1941 1672 ait
1973 1635 1987 1671 :

412 1709 707 1761 Secundum
741 1710 1074 1778 praecedentes
1096 1711 1146 1764 in
1170 1721 1215 1763 te
1242 1712 1553 1781 proplietias,
1579 1711 1681 1764 hoc
1703 1710 1986 1778 signiﬁcat.

415 1802 536 1855 Ilias
565 1800 707 1865 audi,
742 1800 847 1855 illis
875 1800 1207 1871 obtempera.
1238 1801 1375 1868 Quid
1422 1816 1548 1857 vero
1599 1801 1882 1871 praecipis?
1921 1799 1989 1855 Ut

415 1895 601 1950 milites
644 1897 698 1951 in
747 1899 816 1953 eis
856 1898 1036 1951 bonam
1079 1899 1333 1953 militiam.
1378 1898 1481 1953 lllze
1509 1907 1561 1954 te
1604 1898 1884 1968 elegerunt
1921 1897 1988 1952 ad

411 1986 532 2052 huc,
565 1988 757 2042 bonam
789 1990 1032 2043 militiam
1062 1990 1249 2044 milita.
1276 1990 1477 2045 Bonam
1508 1989 1641 2046 dicit
1688 2008 1700 2042 :
1734 1999 1820 2045 est
1844 1990 1986 2044 enim

410 2080 547 2134 mala
577 2082 783 2145 militia,
808 2082 875 2137 de
901 2099 1003 2152 qua
1034 2083 1141 2137 ait:
1170 2084 1317 2137 Sicut
1339 2085 1473 2137 enim
1502 2085 1797 2137 exhibuistis
1827 2100 1988 2135 mem-

406 2172 498 2225 bra
531 2184 693 2227 vestra
721 2190 865 2229 arma
898 2186 1102 2244 peccato
1143 2186 1189 2229 et
1220 2176 1555 2230 immunditia:
1581 2176 1757 2244 (Rom.
1786 2175 1834 2229 6.
1874 2174 1985 2243 19).

409 2266 487 2318 Illi
537 2267 636 2321 sub
663 2277 888 2338 tyranno
930 2268 1261 2334 militabant,
1296 2277 1349 2321 tu
1396 2283 1523 2323 vero
1568 2267 1668 2321 sub
1705 2282 1848 2337 rege.
1882 2268 1989 2320 Cur

405 2368 581 2410 autem
608 2373 720 2412 rem
738 2360 879 2413 illam
904 2368 1058 2413 vocat
1082 2360 1320 2413 militiam
1340 2359 1363 2411 ?
1382 2358 1680 2432 ostendens
1698 2358 1986 2413 vehemens

404 2446 601 2500 lit-llum
628 2448 914 2502 excitatum
943 2464 1086 2512 esse,
1116 2448 1362 2503 omnibus
1391 2448 1635 2517 quidem,
1680 2447 1774 2502 sed
1819 2448 1985 2519 magis

403 2538 647 2605 ductori;
679 2550 733 2594 et
772 2540 911 2610 quod
939 2540 1127 2594 validis
1172 2542 1336 2595 armis
1378 2542 1447 2594 sit
1487 2556 1622 2610 opus
1646 2581 1660 2604 ,
1694 2539 1986 2595 sobrietate

404 2645 618 2697 nempe,
650 2631 919 2698 vigilantia
942 2672 956 2695 ,
994 2633 1267 2701 perpetuis
1307 2632 1501 2701 vigiliis
1525 2673 1540 2696 ,
1570 2632 1692 2700 quia
1727 2630 1985 2685 adversus

406 2722 717 2791 sanguinem
748 2724 915 2777 aciem
945 2724 1176 2794 dirigere
1202 2733 1449 2794 Oportet,
1492 2732 1546 2778 et
1572 2724 1704 2777 nihil
1741 2722 1982 2777 mollitiei

403 2813 624 2867 habere.
657 2813 722 2868 Ut
745 2816 927 2869 milites
955 2817 1009 2868 in
1038 2816 1161 2880 illis,
1196 2816 1385 2886 inquit.
1420 2816 1488 2870 Ut
1524 2817 1665 2870 enim
1700 2816 1752 2869 in
1774 2816 1983 2871 exerci-

404 2906 545 2958 tibus
599 2920 703 2959 non
732 2921 919 2961 omnes
948 2922 1056 2962 uno
1082 2908 1241 2962 modo
1268 2908 1517 2975 militant,
1538 2909 1631 2964 sed
1669 2909 1722 2963 in
1759 2909 1985 2964 diversis

402 2996 717 3050 «ονιιίηἰϋιιεε
759 2998 837 3052 sic
861 3006 915 3052 et
947 2998 997 3051 in
1032 2998 1272 3053 Ecclesia
1303 3000 1438 3055 alius
1463 3000 1696 3055 doctoris
1740 3001 1984 3056 ordinem

401 3097 602 3150 servat,
630 3087 766 3141 alius
788 3088 1052 3158 discipuli,
1085 3090 1221 3145 alius
1246 3090 1422 3144 idiota:
1448 3108 1461 3155 ;
1491 3100 1544 3144 tu
1570 3106 1696 3145 vero
1722 3091 1978 3146 doctoris.

403 3176 602 3230 lii-inde
635 3195 700 3233 ne
730 3181 847 3248 quis
880 3190 1111 3249 putaret,
1143 3182 1192 3235 id
1217 3183 1348 3235 satis
1374 3197 1516 3246 esse,
1549 3183 1675 3251 quid
1706 3184 1828 3237 ait?
1861 3182 1974 3235 Ila-

401 3266 519 3320 bens
540 3268 691 3335 [idem
712 3279 757 3322 et
779 3270 963 3323 bonam
981 3273 1360 3327 conscientiam.
1391 3274 1519 3328 Nam
1542 3274 1814 3329 doctorem
1837 3276 1982 3344 prius

398 3364 479 3415 sui
504 3362 776 3419 doctorem
803 3380 924 3420 esse
945 3376 1178 3435 oportet.
1207 3367 1355 3421 Sicut
1383 3370 1525 3422 enim
1548 3368 1678 3433 dux,
1706 3369 1805 3422 nisi
1836 3369 1982 3438 prius

399 3455 560 3510 fuerit
608 3459 844 3527 optimus
886 3460 1063 3525 miles,
1103 3475 1276 3530 neque
1306 3460 1411 3514 dux
1468 3476 1718 3529 umquam
1755 3463 1913 3515 fuerit
1964 3479 1976 3514 :

399 3548 587 3602 eodem
641 3549 800 3604 modo
830 3550 875 3603 is
899 3550 989 3618 qui
1034 3549 1212 3606 docet.
1262 3551 1375 3606 lloc
1401 3551 1525 3606 alibi
1553 3567 1764 3621 quoque
1791 3552 1917 3606 dicit
1965 3570 1980 3607 :

400 3638 485 3692 Ne
514 3644 664 3710 forte,
694 3658 810 3695 cum
837 3642 954 3697 aliis
982 3644 1349 3714 prwdicavero,
1389 3644 1498 3714 ipse
1526 3644 1768 3707 reprobus
1794 3645 1982 3715 efﬁciar

396 3734 475 3803 (l.
507 3733 623 3788 Cor.
653 3733 705 3788 9.
729 3735 846 3804 27).
879 3734 1100 3801 Habetis,
1134 3736 1340 3807 inquit,
1371 3738 1522 3806 [idem
1566 3748 1616 3790 et
1643 3738 1824 3791 bonam
1853 3755 1979 3791 con-

399 3826 656 3878 srientiam
683 3867 697 3890 ,
737 3834 795 3880 ut
842 3827 920 3881 sic
947 3829 1157 3883 caneris
1186 3830 1391 3898 praesis.
1425 3828 1551 3884 Haec
1594 3829 1877 3884 audientes
1912 3845 1979 3885 ne

397 3918 749 3989 dedignemur
777 3920 1045 3989 majorum
1092 3922 1317 3986 monita,
1363 3922 1570 3976 etiamsi
1610 3922 1858 3978 doctores
1902 3924 1978 3977 si-

399 4028 536 4066 nms.
587 4011 717 4066 Nam
769 4013 816 4067 si
867 4012 1221 4079 Timotheus,
1269 4013 1354 4068 cui
1406 4030 1513 4067 non
1564 4029 1752 4069 omnes
1795 4030 1978 4070 sumus

396 4103 783 4173 mquiparandi,
816 4114 1083 4175 praacepta
1125 4114 1180 4159 et
1216 4104 1514 4159 doctrinam
1562 4105 1774 4174 accipit,
1820 4105 1979 4176 idque

395 4211 516 4248 cum
560 4196 611 4250 iu
641 4195 875 4251 doctoris
918 4196 1106 4252 ordine
1138 4205 1328 4251 esset:
1371 4197 1536 4250 multo
1575 4197 1743 4266 magis
1786 4212 1885 4252 nos
1926 4197 1978 4251 id

397 4286 573 4341 facere
617 4286 887 4342 convenit.
937 4286 1104 4351 Quam
1154 4286 1363 4356 quidam
1407 4286 1736 4355 repellentes,
1784 4286 1975 4357 inquit,

394 4396 530 4432 crrca
570 4380 720 4448 fidem
765 4382 1091 4451 naufragium
1136 4380 1382 4449 fecerunt.
1423 4378 1611 4436 Merito
1651 4389 1816 4435 certe.
1845 4379 1975 4434 Nam

398 4472 484 4525 ubi
516 4474 619 4525 vita
672 4473 1108 4541 reprehensibilis
1140 4485 1257 4540 est,
1290 4472 1481 4543 dogma
1521 4473 1694 4527 simile
1736 4473 1974 4542 paritur;

398 4564 702 4633 multosque
735 4565 914 4620 videre
943 4574 1026 4620 est
1077 4565 1204 4620 hinc
1254 4566 1306 4620 iu
1350 4564 1669 4636 profundum
1714 4565 2012 4650 malorum.

396 4655 668 4724 delapsos,
690 4666 848 4726 atque
899 4657 949 4710 in
982 4658 1348 4727 paganismum
1375 4671 1687 4712 conversos.
1719 4656 1795 4711 Ne
1833 4657 1976 4712 enim

396 4747 693 4800 futurorum
723 4758 863 4802 metu
892 4750 1217 4811 crucientur,
1252 4749 1417 4803 menti
1448 4763 1558 4803 sua:
1589 4747 1817 4804 suadere
1856 4757 1973 4804 stn-

398 4841 526 4895 dent
548 4852 724 4895 nostra
749 4842 924 4895 omnia
950 4858 1069 4896 esse
1088 4842 1312 4897 falsa.Et
1328 4858 1356 4896 a
1378 4843 1478 4897 ﬁde
1495 4844 1707 4913 quidam
1729 4855 1980 4899 evertun-

398 4932 600 5000 tur,qui
620 4933 795 4987 omnia
818 4933 1113 4988 ratiociniis
1130 4936 1420 5005 exquirunt
1445 4953 1457 4989 :
1483 4934 1812 5005 naufragium
1832 4936 1976 4989 enim

398 5025 613 5095 pariunt
638 5025 934 5091 ratiocinia;
968 5024 1206 5097 ﬁdesque
1227 5036 1311 5081 est
1330 5028 1479 5097 quasi
1505 5028 1655 5082 navis
1686 5028 1975 5081 tutissima.

464 5116 522 5171 2.
545 5116 641 5184 Qui
666 5116 825 5187 igitur
848 5131 913 5170 ex
938 5117 1024 5171 illa
1046 5116 1367 5183 deciderint,
1398 5133 1619 5173 necesse
1646 5128 1730 5173 est
1755 5116 1973 5173 naufra-

393 5210 537 5278 gium
569 5210 745 5265 facere
778 5227 791 5263 :
824 5219 878 5265 et
906 5209 1007 5265 hoc
1036 5211 1283 5280 exemplo
1312 5210 1547 5265 ostendit
1575 5228 1589 5265 :
1622 5212 1709 5267 20.
1756 5210 1841 5265 Ex
1866 5213 1977 5281 qui-

393 5302 486 5357 bus
514 5302 822 5373 Hymenwus
864 5310 954 5367 est,
990 5303 1193 5373 inquit,
1224 5312 1271 5356 et
1316 5302 1623 5357 Alexander.
1670 5302 1738 5357 Et
1784 5302 1991 5357 horum'

396 5397 643 5466 exemplo
669 5412 765 5452 nos
795 5396 1033 5467 corrigit.
1066 5395 1273 5451 Videtis
1302 5395 1572 5466 quomodo
1616 5394 1732 5450 istis
1758 5410 1970 5465 quoque

398 5488 725 5556 temporibus
749 5496 929 5542 essent
956 5487 1044 5557 qui
1072 5501 1322 5557 perverse
1347 5486 1621 5551 docerent,
1646 5487 1733 5557 qui
1756 5487 1969 5541 curiose

395 5577 744 5647 inquirerent,
774 5578 862 5649 qui
888 5594 918 5632 a
949 5578 1052 5633 ﬁde
1076 5577 1433 5642 discederent,
1474 5579 1564 5648 qui
1597 5578 1824 5647 propriis
1876 5593 1967 5630 ra-

398 5672 625 5728 tiociniis
660 5674 1046 5745 explorarent?
1087 5674 1186 5742 Qui
1225 5672 1553 5743 naufragium
1594 5672 1737 5738 facit,
1789 5670 1962 5725 nudus

396 5779 479 5823 eat
508 5778 559 5823 et
585 5766 833 5825 omnibus
860 5767 1148 5825 destitutus
1178 5786 1192 5824 :
1222 5768 1299 5825 sic
1342 5769 1503 5826 etiam
1532 5767 1623 5838 qui
1651 5782 1718 5823 ex
1744 5764 1848 5822 ﬁde
1873 5781 1968 5821 ex-

1084 309 1142 367 S.
1182 308 1458 366 JOANNIS
1494 303 1963 365 CHRYSOSTOMI
2000 302 2316 363 ARCIIIEP.
2355 310 2889 377 CONSTANTINOP.

3575 323 3681 378 528

2098 417 2247 485 cidit,
2276 420 2406 477 nihil
2433 422 2570 479 ultra
2601 424 2782 492 habet,
2825 442 2925 484 nec
2964 428 3053 485 ubi
3096 430 3398 499 consistat,
3442 447 3543 487 nec
3572 449 3680 503 quo

2098 522 2319 578 pergat:
2354 528 2457 566 non
2486 514 2646 570 habet
2676 517 2858 583 vitam,
2887 534 3005 588 quae
3037 519 3135 589 ipsi
3175 523 3429 590 prodesse
3458 523 3633 578 valeat
3660 542 3677 577 :

2098 616 2219 655 nam
2249 606 2422 672 capite
2442 605 2551 675 jam
2579 621 2852 679 corrupto,
2880 611 3003 680 quid
3032 614 3249 681 prodest
3267 616 3532 685 reliquum
3555 632 3680 672 cor-

2098 693 2230 759 pus?
2255 692 2308 749 Si
2327 696 2467 751 enim
2482 696 2614 754 ﬁdes
2634 701 2751 755 sine
2771 701 2906 755 bona
2929 706 3032 756 vita
3054 703 3182 757 nihil
3204 715 3307 773 est,
3328 708 3492 762 multo
3512 712 3683 783 magis,

2097 784 2141 836 si
2166 785 2252 838 illa.
2275 786 2431 842 absit.
2463 788 2519 844 Si
2550 804 2645 844 sua
2675 791 2904 862 despicit
2952 795 3088 849 Deus
3115 809 3334 867 propter
3359 815 3478 866 nos,
3512 804 3678 857 multo

2098 878 2264 948 magis
2302 896 2397 933 nos
2424 893 2643 952 prepter
2666 885 2813 939 illum
2843 896 3022 940 nostra
3050 886 3327 959 despicere
3348 904 3575 959 Oportet.
3601 893 3674 949 Ita

2095 971 2236 1024 enim
2264 987 2323 1027 se
2350 972 2511 1028 habet
2538 975 2581 1028 is
2620 978 2708 1045 qui
2739 992 2804 1031 ex
2835 978 2936 1032 fide
2965 980 3163 1035 excidit
3192 1000 3204 1033 :
3235 998 3502 1053 nusquam
3531 1002 3663 1040 con-

2095 1062 2254 1126 sistit,
2306 1062 2427 1118 hinc
2475 1064 2622 1121 illinc
2653 1076 2818 1132 natat,
2869 1069 3039 1125 donec
3086 1072 3485 1143 submergatur.
3536 1076 3673 1143 Quos

2096 1151 2303 1218 tradidi,
2353 1154 2539 1223 inquit,
2568 1167 2779 1221 satanw,
2814 1168 2865 1211 ut
2894 1160 3092 1215 discant
3134 1180 3237 1218 non
3288 1166 3659 1237 blasphemare.

2095 1244 2282 1301 Viden’
2310 1248 2452 1316 quod
2483 1250 2809 1320 blasphemia
2839 1255 2943 1318 sit,
2987 1255 3165 1311 divina
3206 1259 3503 1315 ratiociniis
3547 1277 3669 1330 per-

2093 1339 2485 1406 quirere?.lure
2511 1343 2725 1411 quidem
2758 1361 2772 1396 :
2802 1345 2929 1414 quid
2968 1347 3110 1401 enim
3146 1364 3433 1405 commune
3476 1352 3671 1408 habeat

2094 1430 2425 1486 ratiocinium
2457 1434 2741 1489 humanum
2770 1451 2889 1491 cum
2920 1438 3066 1493 illis?
3089 1438 3367 1506 Quomodo
3388 1452 3563 1498 autem
3586 1459 3672 1498 sa-

2094 1529 2243 1574 tanas
2270 1522 2389 1577 illos
2414 1538 2518 1577 non
2542 1525 2914 1596 blasphemare
2934 1529 3129 1585 docet?
3153 1531 3200 1586 si
3224 1535 3366 1586 enim
3390 1534 3525 1588 alios
3555 1552 3662 1590 non

2091 1612 2461 1684 quSphemare
2487 1616 2645 1672 docet
2670 1658 2688 1683 ,
2730 1619 2896 1675 multo
2927 1622 3095 1692 magis
3116 1624 3352 1693 seipsum
3384 1626 3433 1680 id
3473 1626 3669 1682 docere

2091 1708 2362 1775 oportuit:
2393 1709 2437 1762 si
2465 1723 2594 1763 vero
2639 1710 2875 1779 seipsum
2912 1713 3168 1770 hactenus
3196 1716 3389 1771 ducere
3432 1734 3537 1772 non
3569 1734 3667 1787 po-

2094 1799 2209 1863 tuit,
2240 1814 2411 1869 neque
2440 1799 2573 1855 alios
2614 1803 2829 1869 poterit.
2860 1803 2977 1858 Non
3004 1805 3172 1873 dixit,
3205 1806 3275 1863 Ut
3311 1808 3503 1863 doceat
3546 1810 3668 1866 illos

2092 1904 2196 1944 non
2232 1890 2637 1961 blaSpbemare,
2676 1893 2801 1963 sed,
2837 1894 2906 1951 Ut
2934 1897 3131 1951 discant
3159 1915 3257 1952 non
3298 1899 3665 1971 blasphemare.

2089 1982 2204 2037 Non
2250 1984 2340 2039 ille
2366 1984 2470 2039 hoc
2510 1996 2783 2055 operatur,
2818 1988 2913 2044 sed
2954 1988 3057 2044 hoc
3107 1991 3173 2044 ita
3205 1993 3381 2046 evenit
3420 2011 3435 2047 :
3481 2010 3669 2063 quetn~

2089 2074 2372 2129 admodum
2400 2076 2526 2131 alibi
2553 2077 2683 2132 dicit
2702 2079 2768 2133 de
2789 2079 3114 2137 fornicatore
3138 2100 3151 2135 :
3180 2082 3384 2137 Tradite
3407 2086 3670 2157 hujusmo-

2088 2166 2141 2218 di
2165 2177 2356 2221 satana:
2382 2168 2450 2221 ad
2492 2170 2745 2224 interitum
2785 2172 2953 2226 carnis
2984 2173 3058 2244 (1.
3092 2173 3209 2229 Cor.
3240 2177 3295 2231 5.
3333 2176 3388 2246 5)
3417 2193 3431 2231 :
3475 2193 3581 2232 non
3611 2189 3669 2233 ut

2087 2272 2283 2328 corpus
2322 2259 2525 2339 salvum
2554 2261 2745 2327 faciat,
2776 2262 2871 2318 sed
2900 2274 2958 2318 ut
3001 2266 3221 2333 spiritus
3245 2279 3489 2324 servetur
3517 2287 3532 2326 :
3562 2273 3665 2327 hoc

2084 2367 2213 2405 vero
2241 2353 2434 2407 nullam
2457 2368 2739 2423 personam
2770 2356 2984 2412 indicat.
3016 2359 3295 2424 Quomodo
3319 2372 3497 2416 autem
3523 2378 3659 2418 con-

2088 2444 2280 2513 tingit?
2307 2444 2457 2499 Sicut
2483 2446 2764 2501 carniﬁces
2789 2448 3087 2504 innumeris
3108 2452 3325 2506 obnoxii
3351 2454 3660 2523 sceleribus,

2086 2536 2218 2588 alios
2242 2536 2522 2606 castigant,
2553 2537 2623 2591 ita
2652 2547 2707 2591 et
2736 2540 2821 2593 hic
2846 2539 2914 2595 de
2942 2541 3176 2611 maligno
3204 2543 3449 2599 daemone
3477 2546 3662 2601 dicen-

2085 2627 2231 2680 duni.
2267 2626 2331 2680 Et
2357 2642 2453 2681 cur
2481 2638 2534 2681 tu
2566 2628 2686 2681 illos
2728 2646 2832 2683 non
2866 2632 3114 2698 puuivisti
3141 2673 3155 2695 ,
3191 2635 3329 2688 sicut
3358 2635 3505 2689 illum
3535 2637 3662 2690 Bar—

2081 2717 2275 2786 jcsuni.
2306 2720 2441 2773 sicut
2488 2719 2701 2788 Cephus
2750 2722 3045 2787 Ananiam;
3090 2726 3183 2779 sed
3220 2736 3418 2780 satana:
3451 2727 3664 2781 tradidi-

2085 2813 2187 2865 sti?
2232 2812 2346 2867 Non
2378 2822 2435 2867 ut
2466 2814 2770 2883 puniantur,
2802 2816 2896 2871 sed
2942 2828 3000 2872 ut
3023 2818 3251 2875 discant.
3279 2820 3348 2874 Et
3373 2834 3519 2877 certe
3556 2826 3661 2877 vim

2085 2914 2139 2958 et
2162 2907 2531 2959 auctoritatem
2580 2905 2831 2973 habebat,
2865 2920 2922 2961 ut
2957 2923 3077 2963 cum
3103 2910 3268 2964 dicit:
3300 2911 3436 2978 Quid
3475 2913 3661 2968 uultis!

2084 2996 2138 3049 in
2192 2996 2332 3066 virga
2397 2998 2595 3049 veniam
2643 2998 2711 3049 ad
2755 3014 2841 3053 vos
2884 2999 3061 3071 (Ibid.
3117 3003 3173 3056 4.
3226 3002 3287 3057 21
3321 3004 3383 3073 )?
3432 3015 3486 3058 et
3540 3021 3660 3059 rur-

2084 3105 2196 3155 sus,
2255 3088 2380 3143 Non
2434 3098 2489 3142 ut
2537 3106 2627 3143 nos
2680 3092 2877 3159 probati
2931 3093 3246 3155 simus,sed
3293 3108 3346 3148 ut
3397 3111 3483 3149 vos
3526 3099 3662 3166 quod

2086 3183 2267 3236 bonum
2323 3191 2394 3236 est
2444 3183 2686 3253 faciatis;
2735 3187 3071 3256 iterumque,
3134 3187 3256 3242 Non
3314 3191 3370 3243 in
3438 3192 3661 3246 eversio-

2085 3293 2216 3341 nem,
2256 3276 2345 3331 sed
2374 3277 2426 3330 in
2455 3277 2838 3347 ludiﬁcationem
2883 3277 2962 3349 (2.
3004 3278 3121 3333 Cor.
3172 3281 3260 3334 15.
3312 3281 3364 3335 7.
3396 3281 3509 3354 10).
3553 3284 3661 3339 Cur

2085 3369 2245 3437 igitur
2280 3377 2518 3422 satanam
2563 3368 2630 3423 ad
2670 3369 2990 3439 supplicium
3046 3372 3244 3425 vocat?
3284 3372 3353 3427 Ut
3390 3388 3512 3428 cum
3563 3392 3660 3431 ve-

2083 3459 2352 3513 hementia
2400 3469 2454 3515 et
2511 3460 2775 3529 supplicio
2849 3464 3170 3519 contumelia
3223 3474 3369 3520 esset
3425 3467 3597 3537 major
3645 3490 3659 3524 :

2083 3550 2190 3604 imo
2242 3564 2371 3605 vero
2422 3549 2666 3605 inﬁdeles
2716 3551 2790 3605 illi
2854 3551 3154 3617 docebant,
3183 3570 3276 3610 eos
3320 3572 3450 3611 vero
3498 3559 3588 3628 qui
3632 3576 3661 3612 a

2081 3641 2187 3695 ﬁde
2231 3650 2564 3697 recesserant
2604 3652 2804 3697 satana:
2854 3643 3146 3699 tradebant.
3177 3644 3282 3701 Cur
3306 3663 3433 3718 ergo
3474 3648 3664 3704 Petrus

2079 3734 2340 3788 Ananiam
2384 3734 2629 3803 punivit?
2658 3735 2892 3790 Anauias
2937 3736 3162 3791 inﬁdelis
3206 3747 3322 3792 erat
3369 3740 3547 3795 adhuc
3571 3742 3662 3810 qui

2084 3824 2243 3880 etiam
2287 3824 2544 3879 tentabat.
2572 3824 2643 3880 Ut
2689 3840 2819 3895 ergo
2868 3826 3109 3882 inﬁdeles
3149 3828 3417 3885 discerent
3455 3846 3516 3886 se
3552 3846 3661 3887 non

2079 3930 2238 3987 posse
2294 3916 2494 3981 latere,
2547 3916 2667 3971 ideo
2716 3932 2812 3987 per
2870 3918 3076 3988 seipsos
3147 3920 3268 3975 illos
3321 3922 3659 3990 puniebant:

2079 4021 2173 4062 eos
2215 4022 2346 4062 vero
2382 4008 2474 4077 qui
2523 4007 2637 4061 haec
2684 4007 3024 4073 didicissent,
3067 4010 3367 4081 deindcque
3409 4013 3664 4068 abscede-

2081 4097 2243 4164 bant,
2294 4099 2575 4154 tradebant
2603 4099 2678 4154 illi
2724 4110 2944 4166 satanas,
2996 4109 3053 4155 ut
3091 4104 3437 4159 ostenderent
3464 4120 3523 4159 se
3553 4121 3660 4160 non

2079 4192 2294 4261 propria
2342 4193 2561 4257 virtute,
2610 4191 2706 4246 sed
2748 4197 2986 4262 ipsorum
3035 4195 3275 4249 custodia
3320 4197 3556 4263 retineri,
3608 4209 3663 4252 et

2082 4282 2426 4339 tradebantur
2451 4293 2712 4353 quotquot
2750 4299 2809 4340 se
2839 4286 2891 4339 in
2918 4286 3279 4357 arrogantiam
3322 4289 3658 4344 extulissent.

2079 4375 2537 4443 Quemadmodum
2565 4376 2722 4447 igitur
2747 4376 2885 4446 apud
2916 4393 3071 4448 reges
3116 4379 3359 4433 inimicos
3398 4380 3510 4434 suis
3538 4396 3658 4434 ma-

2081 4470 2238 4525 nibus
2263 4470 2540 4541 iugulant,
2569 4469 2812 4525 subditos
2843 4486 2972 4525 vero
3017 4473 3356 4528 carniﬁcibus
3400 4474 3617 4529 tradunt
3644 4493 3657 4528 :

2080 4561 2153 4615 ila
2182 4570 2235 4616 et
2256 4561 2342 4617 hic
2362 4562 2553 4632 agitur.
2585 4562 2719 4617 llinc
2745 4562 3041 4617 ostenditur
3063 4573 3280 4633 propter
3300 4566 3659 4635 apostolorum

2080 4650 2376 4706 custodiam
2405 4652 2474 4705 ita
2497 4651 2697 4706 factum
2727 4651 2933 4708 fuisse:
2965 4662 3020 4708 et
3052 4664 3311 4723 prteterea
3350 4671 3459 4710 non
3498 4672 3662 4727 parva

2080 4761 2170 4801 res
2199 4752 2314 4800 erat
2351 4760 2509 4815 posse
2551 4746 2818 4815 imperare
2862 4745 3077 4801 diabolo
3106 4764 3121 4800 :
3152 4747 3277 4803 hinc
3302 4748 3445 4803 enim
3476 4760 3660 4804 osten-

2080 4837 2308 4893 debatur
2331 4838 2603 4893 diabolum
2645 4839 2907 4908 apostolis
2936 4840 3141 4896 servire
3188 4856 3254 4897 ac
3298 4842 3383 4897 vel
3435 4844 3661 4899 invilunt

2082 4930 2211 4999 ipsis
2237 4930 2450 4985 cedere.
2480 4929 2659 5000 itaque
2689 4946 2796 4986 non
2823 4944 3041 5001 parvum
3062 4932 3189 4987 illud
3216 4944 3331 4988 erat
3352 4934 3416 4988 ad
3437 4936 3661 5005 gratiam

2082 5021 2488 5076 ostendendam.
2543 5021 2827 5090 Quomodo
2887 5032 3068 5078 autem
3122 5024 3401 5079 tradiderit
3450 5024 3571 5080 audi
3644 5043 3662 5081 :

2082 5114 2428 5185 Congregatis,
2458 5115 2656 5183 inquit,
2688 5115 2824 5170 vobis
2850 5125 2897 5170 et
2921 5116 3124 5188 Spiritu
3168 5135 3277 5171 meo
3300 5160 3313 5182 ,
3342 5135 3459 5173 cum
3482 5119 3666 5175 virtute

2082 5207 2291 5263 Domini
2318 5208 2477 5262 nostri
2504 5207 2632 5262 Iesu
2674 5206 2885 5275 Christi,
2919 5210 3103 5265 tradite
3132 5208 3426 5278 huiusmodi
3469 5221 3675 5271 satana:

2083 5303 2161 5372 (1.
2203 5300 2320 5356 Cor.
2372 5301 2426 5356 5.
2457 5301 2512 5355 4.
2542 5300 2622 5369 5).
2656 5300 2985 5369 Ejiciebatur
3026 5317 3156 5373 ergo
3191 5304 3371 5358 statim
3428 5319 3459 5359 a
3507 5318 3663 5360 com-

2083 5391 2228 5446 muni
2255 5405 2535 5453 consessu,
2565 5389 2979 5445 abscindebatur
3001 5407 3030 5445 a
3053 5407 3213 5463 grege
3237 5411 3249 5446 :
3277 5403 3393 5449 erat
3416 5393 3667 5449 desertus

2082 5493 2136 5539 et
2161 5486 2352 5550 nudus,
2394 5482 2707 5538 tradebatur
2736 5482 2882 5552 lupo.
2914 5482 3064 5538 Sicut
3092 5485 3236 5540 enim
3280 5486 3454 5541 nubes
3482 5494 3665 5542 castra

2082 5576 2460 5640 Hebr-.eorum,
2506 5574 2585 5630 sic
2616 5572 2847 5642 Spiritus
2889 5573 3184 5630 Ecclesiam
3214 5576 3567 5646 signiﬁcabat.
3601 5578 3665 5633 Si

2082 5669 2201 5739 quis
2232 5668 2388 5737 igitur
2417 5675 2575 5721 extra
2620 5664 2914 5720 Ecclesiam
2960 5676 3141 5733 esset,
3193 5667 3611 5725 comburebatur
3644 5688 3660 5725 :

2093 5771 2242 5819 extra
2278 5769 2454 5816 autem
2482 5755 2810 5815 educabatur
2833 5755 3039 5826 judicio
3067 5758 3454 5831 apostolorum.
3498 5758 3587 5817 Sic
3608 5773 3668 5819 et
