4090 6396
376 239 482 297 527
1053 296 1103 333 ἱ

373 357 404 409 6
428 352 691 425 Τιμόθεος
716 352 907 427 ᾑρέθη.
932 355 1276 427 Προφητείας
1313 358 1371 412 δὲ
1405 357 1642 413 ἐνταῦθά
1674 376 1809 429 φησι
1844 360 1944 423 τὰς

380 437 604 503 πολλάς,
633 438 762 502 ἴσως
783 450 810 479 α
838 440 1054 509 ἐκείνην
1078 440 1196 510 μεθ’
1216 438 1283 514 ἦς
1306 442 1469 496 αὐτὸν
1498 442 1690 496 ἐλαϐεν
1720 442 1811 495 ὅτε
1846 460 1944 496 πε-

371 522 613 592 ριέτεμε,
630 522 726 575 καὶ
743 522 833 575 ὅτε
853 522 1201 595 ἐχειροτόνει,
1218 526 1400 590 καθὼς
1422 526 1518 579 καὶ
1536 526 1697 590 αὐτὸς
1714 526 1943 598 γράφων

370 606 536 674 φησί·
560 603 659 673 Μὴ
703 604 913 675 ἀμέλει
955 606 1063 660 τοῦ
1111 608 1183 660 ἐν
1212 609 1312 663 σοί
1354 610 1746 679 χαρίσματος.
1779 611 1941 663 Διαν-

370 688 525 751 ιστὰς
552 688 729 742 τοίνυν
775 690 965 756 αὐτὸν,
997 692 1091 744 καὶ
1127 694 1319 765 νήφειν
1363 694 1802 766 παρασκευάζων
1846 697 1941 749 καὶ

366 774 754 845 ἐγρηγορέναι,
786 776 1194 847 ἀναμιμνήσκει
1221 778 1316 832 τοῦ
1353 779 1608 851 ἑλομένου
1634 782 1729 834 καὶ
1758 799 1939 852 χειρο-

368 858 494 927 τονή
504 873 697 921 σαντος
712 875 726 889 ⁸
746 858 820 922 ὡς
836 859 902 913 ἂν
926 862 975 912 εί
993 859 1178 927 έλεγεν
1193 879 1207 893 ·
1235 862 1292 917 '0
1309 863 1441 927 Θεός
1458 881 1516 916 σε
1542 864 1826 930 ἐξελέξατο
1843 865 1940 918 αὺ-

363 938 456 1001 τός
484 955 565 992 σοι
591 942 988 1007 ἐνεπίστευσεν,
1014 945 1115 998 οὐκ
1147 945 1469 1019 ἀνθρωπίνῃ
1489 947 1716 1015 γέγονας
1736 945 1904 1015 ψήφῳ
1922 964 1935 977 ·

370 1025 443 1092 μὴ
478 1021 728 1094 ὑϐρίσῃς.
770 1023 904 1092 μηδὲ
938 1020 1307 1099 καταισχύνῃς
1337 1029 1432 1082 τοῦ
1463 1029 1599 1083 Θεοῦ
1625 1028 1722 1097 τὴν
1744 1030 1941 1099 ψῆφον.

368 1102 502 1159 Εἶτα
534 1106 721 1177 ἐπειδὴ
768 1108 1146 1178 παραγγελίαν
1182 1109 1373 1180 ἐφησε,
1405 1110 1500 1163 καὶ
1544 1110 1945 1180 φορτικώτερον

365 1183 455 1257 ἦν,
483 1187 535 1241 τί
567 1205 732 1257 φησι;
775 1189 1009 1257 Ταύτην
1048 1191 1162 1258 τὴν
1191 1193 1598 1261 παραγγελίαν
1636 1194 1944 1260 παρατίθε-

363 1270 471 1341 μαί
483 1272 831 1336 σοι,τέκνον
850 1275 1101 1343 Τιμόθεε.
1126 1275 1213 1338 Ὠς
1237 1276 1432 1345 τέκνῳ,
1459 1276 1555 1328 καὶ
1576 1275 1781 1346 γνησίῳ
1805 1293 1944 1346 παρ-

365 1353 642 1419 αγγέλλει.
676 1354 750 1406 Οὐ
786 1355 898 1424 γάρ
948 1356 1286 1419 αὑθεντικῶς
1316 1356 1437 1409 οὐδὲ
1471 1356 1804 1418 δεσποτικῶς
1824 1357 1945 1409 ούδέ

369 1436 486 1504 μετ’
506 1435 771 1500 ἐξουσίας,
794 1438 929 1492 ἀλλὰ
941 1439 1238 1509 πατρικῶς,
1258 1438 1495 1504 Τέκνον,
1515 1441 1667 1508 φησὶ,
1692 1440 1941 1508 Τιμόθεε.

367 1519 440 1570 Τὸ
461 1518 518 1571 δὲ
542 1520 883 1591 παραθέσθαι
912 1524 1010 1591 τῆς
1041 1523 1287 1595 φυλακῆς
1303 1525 1364 1575 τὸ
1393 1523 1621 1593 ἀκριϐὲς
1648 1523 1823 1593 δηλοῖ,
1849 1525 1943 1575 καὶ

365 1602 426 1654 τὸ
468 1605 565 1673 οὐχ
605 1605 872 1675 ήμέτερον
896 1621 910 1634 ⁸
942 1607 1003 1659 οὐ
1039 1607 1148 1677 γὰρ
1187 1610 1351 1677 ἡμεῖς
1396 1608 1528 1660 αὐτὸ
1562 1607 1942 1676 ἐκτησάμεθα,

366 1684 480 1736 ἀλλ’
510 1688 538 1739 6
563 1686 696 1750 Θεὸς
718 1691 851 1759 ήμίν
873 1689 1167 1759 ἐχαρίσατο
1193 1707 1208 1721 ⁸
1238 1690 1299 1743 ού
1325 1689 1485 1743 τοῦτο
1508 1688 1565 1741 δέ
1596 1690 1777 1760 μόνον,
1806 1689 1944 1745 ἀλλά

366 1768 462 1819 καὶ
491 1770 673 1823 πίστιν
704 1774 798 1825 καὶ
825 1772 1037 1843 ἀγαθὴν
1061 1773 1385 1843 συνείδησιν.
1420 1775 1600 1843 "Am-:9
1637 1768 1730 1826 οὖν
1755 1772 1943 1836 ἔδωκε,

367 1849 539 1903 ταῦτα
569 1852 947 1924 φυλάττωμεν.
978 1857 1042 1908 Εἰ
1072 1854 1145 1927 μὴ
1174 1856 1335 1931 αὐτὸς
1360 1850 1544 1926 ἦλθεν,
1576 1853 1699 1907 οὔτε
1726 1854 1875 1926 [575]
1910 1856 1944 1926 ἡ

369 1933 552 1996 πίστις
583 1935 717 2006 αὑτὴ
753 1936 1057 2006 εὑρίσκετο,
1092 1936 1217 1990 οὔτε
1242 1941 1269 1990 6
1301 1938 1415 2007 βίος
1448 1939 1476 1988 6
1502 1936 1763 2007 καθαρὸς,
1800 1936 1857 1990 ὃν
1881 1937 1945 1990 ἐκ

368 2016 617 2081 παιδείας
644 2019 1015 2091 λαμϐάνομεν.
1044 2022 1130 2085 Ὠς
1160 2022 1226 2075 ἂν
1256 2022 1303 2072 εξ
1330 2021 1532 2088 ἔλεγεν·
1560 2022 1676 2072 υὺκ
1703 2018 1815 2088 ἐγώ
1829 2020 1945 2089 εἰμι

366 2098 396 2150 6
426 2102 843 2170 παραγγέλλων,
876 2105 991 2158 ἀλλ’
1020 2107 1049 2158 6
1078 2104 1332 2175 ἐλόμενος
1357 2120 1372 2133 ⁸
1402 2102 1463 2156 :6
1494 2102 1593 2174 μὲν
1625 2102 1751 2172 γὰρ,
1784 2102 1945 2157 Κατὰ

367 2183 475 2249 τὰς
509 2189 894 2256 προαγούσας
919 2189 1021 2243 ἐπὶ
1058 2189 1134 2243 σὲ
1169 2189 1568 2257 προφητείας,
1596 2186 1754 2240 τοῦτό
1771 2188 1941 2242 ἐστιν.

380 2265 633 2323 Ἐκείνων
662 2271 914 2337 ἄκουσον,
948 2272 1185 2334 ἐκείναις
1221 2271 1431 2325 πείθου.
1468 2270 1531 2322 Τί
1561 2270 1617 2324 δέ
1642 2269 1945 2340 παραγγέλ-

369 2347 503 2417 λεις,
549 2354 710 2422 είπέ;
749 2355 884 2409 "Ira
936 2357 1233 2423 στρατεύῃ
1265 2356 1335 2407 ἐν
1367 2353 1575 2419 αὐταῖς
1598 2352 1714 2421 τὴν
1747 2352 1945 2422 καλὴν

367 2436 704 2500 στρατείαν.
728 2436 965 2491 Ἐκεῖναί
982 2457 1041 2492 σε
1058 2439 1262 2493 εἴλοντο
1289 2441 1368 2503 είς
1390 2438 1418 2490 6
1444 2437 1646 2490 εἵλοντό
1670 2453 1752 2500 σε,
1778 2453 1943 2509 στρα-

366 2515 529 2569 τεύου
568 2519 667 2588 τὴν
697 2520 867 2590 καλὴν
906 2523 1211 2593 στρατείαν.
1256 2520 1438 2589 Καλὴν
1468 2516 1622 2572 εἶπεν
1644 2534 1659 2548 ο
1692 2519 1806 2571 ἐστι
1832 2518 1942 2590 7&9

368 2601 459 2651 καὶ
476 2603 618 2672 κακὴ
646 2604 925 2676 στρατεία,
946 2607 1072 2675 περὶ
1084 2601 1152 2677 ἧς
1176 2619 1368 2674 φησιν’
1388 2604 1612 2671 Ὥσπερ
1650 2602 1759 2671 τὰρ
1802 2617 1945 2670 παρ-

366 2686 669 2753 εστήσατε
712 2690 784 2742 τὰ
798 2689 956 2758 μέλη
993 2688 1161 2759 ὑμῶν
1186 2691 1346 2743 ὅπλα
1373 2687 1446 2756 τῇ
1471 2688 1724 2756 ἁμαρτίᾳ
1738 2686 1837 2740 καὶ
1864 2687 1943 2757 τῇ

367 2767 723 2837 ἀκαθαρσία.
755 2772 984 2825 Ἐκεῖνοι
1007 2772 1109 2825 ὑπὸ
1128 2772 1374 2841 τυράννῳ
1424 2768 1834 2839 στρατεύονται,
1874 2771 1939 2824 σὺ

365 2848 423 2900 66
453 2851 557 2903 ὑπὸ
598 2851 827 2920 βασιλεῖ.
858 2855 957 2908 Διά
987 2854 1041 2907 τί
1080 2855 1137 2908 δὲ
1174 2854 1326 2907 καλεῖ
1357 2853 1647 2923 στρατείαν
1671 2852 1732 2905 :6
1762 2853 1941 2924 πρᾶγ-

368 2949 445 3001 μα
467 2950 481 2996 ;
504 2934 688 3005 Δηλῶν
720 2938 801 2990 ὅτι
835 2939 1069 3008 πόλεμος
1100 2940 1395 3008 ἐγήγερται
1418 2935 1644 3007 σφοδρὸς
1665 2937 1794 2988 πᾶσι
1818 2934 1938 3006 μὲν,

371 3016 607 3083 μάλιστα
634 3019 689 3070 66
726 3020 803 3090 τῷ
834 3022 1155 3092 διδασκάλῳ,
1197 3023 1279 3074 ὅτι
1308 3020 1486 3073 ὅπλων
1527 3022 1659 3091 ήμῖν
1706 3019 1939 3092 ἰσχυρῶν

364 3098 463 3164 δεῖ,
486 3101 568 3154 ὅτι
590 3102 819 3171 νήψεως,
846 3104 926 3156 ὅτι
951 3104 1355 3174 ἐγρηγόρσεως,
1376 3104 1456 3156 ὅτι
1473 3102 1755 3173 διηνεκοῦς
1770 3107 1940 3174 ἀγρυ-

366 3183 547 3247 πνίας,
576 3184 658 3237 ὅτι
685 3185 820 3255 πρὸς
841 3180 980 3255 αἷμα
1012 3187 1107 3238 καὶ
1131 3186 1308 3255 μάχας
1333 3186 1775 3255 παρεσκευάσθαι
1797 3187 1941 3255 ὀφεί-

366 3266 551 3336 λομεν,
587 3268 669 3320 ὂτι
706 3269 1166 3338 παρατάττεσθαι,
1201 3269 1300 3321 καὶ
1342 3269 1511 3340 μηδὲν
1548 3269 1693 3339 ἐχειν
1719 3269 1935 3340 χαῦνον.

368 3351 503 3403 Ἵνα
540 3353 833 3421 στρατεύῃ
852 3353 926 3404 ἐν
948 3353 1181 3417 αὐταῖς,
1208 3353 1361 3422 φησί.
1402 3353 1668 3423 Καθάπερ
1702 3355 1812 3425 7&9
1844 3355 1939 3407 ἐπὶ

367 3433 477 3485 τῶν
514 3435 889 3504 στρατοπέδων
921 3436 982 3487 οὐ
1009 3436 1210 3497 πάντες
1237 3436 1316 3498 εἰς
1351 3435 1410 3487 ἒν
1440 3431 1579 3498 εἶδος
1612 3436 1937 3507 στρατεύον-

365 3535 477 3582 ται,
502 3519 616 3571 άλλ’
637 3520 695 3571 ἐν
722 3520 997 3590 διαφόροις
1022 3520 1295 3589 τάγμασιν
1318 3536 1332 3550 ⁸
1359 3519 1501 3573 οὕτω
1527 3522 1621 3572 καὶ
1644 3521 1702 3573 ἐν
1718 3523 1787 3592 τῇ
1815 3521 1941 3576 Ἐκ-

368 3601 585 3672 κλησίᾳ,
628 3603 657 3654 6
690 3603 787 3672 μὲν
817 3606 896 3666 είς
928 3603 1249 3658 διδασκάλου
1285 3603 1461 3667 τάξιν,
1497 3604 1525 3655 6
1556 3603 1613 3656 66
1643 3605 1725 3667 είς
1759 3604 1938 3675 μαθη-

367 3678 480 3749 τοῦ,
512 3689 540 3739 6
570 3686 625 3739 66
645 3688 725 3751 είς
757 3685 985 3752 ἰδιώτου,
1005 3688 1070 3740 σὺ
1095 3687 1152 3740 δέ
1175 3690 1235 3741 ἐν
1257 3686 1455 3754 τούτῳ.
1478 3684 1635 3748 Εἶτα,
1657 3686 1746 3740 ἵνα
1765 3688 1838 3762 μή
1856 3706 1938 3754 τις

369 3772 567 3842 νομίσῃ
618 3773 808 3842 ἀρκεῖν
861 3770 1039 3835 τοῦτο,
1077 3772 1129 3823 τί
1159 3788 1324 3841 φησιν
1348 3787 1362 3834 ;
1384 3773 1584 3839 Ἔχων
1612 3772 1820 3828 πίστιν
1839 3774 1939 3828 καί

367 3853 602 3919 ἀγαθὴν
648 3853 1032 3920 συνείδησιν.
1066 3852 1171 3906 Τὸν
1198 3852 1307 3927 7&9
1327 3853 1647 3909 διδάσκαλον
1676 3856 1938 3927 πρότερον

366 3935 558 3988 ἑαυτοῦ
579 3936 683 4008 χρὴ
699 3933 1411 4009 είναιδιδάσκαλον.’⁹Ωσπερ
1435 3939 1542 4009 γὰρ
1564 3940 1592 3992 6
1612 3941 1935 4010 στρατηγὸς,

358 4019 465 4069 νέαν
504 4016 578 4091 μὴ
603 4018 863 4092 πρότερον
889 4017 923 4095 ᾖ
955 4019 1291 4091 στρατιώτης
1328 4021 1567 4091 ἀριστος,
1589 4022 1709 4075 οὐδὲ
1736 4039 1936 4093 στρατ-

366 4104 500 4179 ηγὸς
560 4108 710 4162 ἐσται
760 4108 893 4163 ποτέ
914 4126 929 4141 ⁸
974 4109 1115 4163 οὓτω
1145 4111 1238 4163 καὶ
1274 4111 1302 4162 6
1329 4109 1614 4165 διδάσκων.
1653 4109 1822 4165 Τοῦτο
1845 4112 1939 4165 καὶ

368 4190 599 4262 ἀλλαχοῦ
631 4209 702 4262 φη
711 4207 784 4245 σι’
809 4192 903 4257 Μή
919 4203 1043 4258 πως
1060 4191 1271 4258 ἄλλοις
1286 4193 1574 4261 κηρύξας,
1597 4194 1778 4260 αὐτὸς
1797 4194 1937 4249 ἀδό-

371 4289 540 4340 κιμος
589 4272 863 4341 γένωμαι.
887 4274 1098 4340 Ἕχων,
1145 4273 1301 4343 φησὶ,
1328 4274 1542 4328 πίστιν
1575 4275 1674 4328 καὶ
1704 4274 1939 4343 ἀγαθὴν

368 4354 744 4422 συνείδησιν,
780 4356 844 4408 ἵν’
870 4354 1011 4408 οὕτω
1038 4355 1149 4409 τῶν
1187 4356 1358 4431 ἄλλων
1384 4359 1725 4430 προῖστᾶσαι.
1755 4356 1938 4411 Ταῦτα

367 4438 674 4501 ἀκούοντες,
712 4438 786 4509 μὴ
809 4438 1210 4509 ἀπαξιώσωμεν
1234 4438 1333 4502 τὰς
1358 4439 1465 4494 τῶν
1492 4440 1757 4509 μειζόνων
1790 4458 1936 4512 παρ-

358 4523 623 4586 ἀινέσεις,
656 4522 756 4576 κᾶν
796 4522 1107 4577 διδάσκαλοι
1152 4517 1324 4593 ὦμεν.
1346 4523 1408 4576 Et
1429 4523 1538 4594 7&9
1558 4524 1840 4594 Τιμόθεος,
1873 4516 1935 4577 οῦ

369 4606 568 4667 πάντες
603 4606 701 4659 οὐκ
731 4606 897 4673 ἐσμὲν
917 4606 1176 4672 ἀντάξιοι,
1207 4606 1420 4675 δέχεται
1446 4606 1825 4676 παραγγελίας
1844 4608 1939 4661 καὶ

366 4688 689 4753 διδάσκεται,
711 4688 998 4743 καὶταῦτα
1042 4691 1098 4742 ἐν
1121 4689 1268 4753 τάξει
1296 4688 1612 4742 διδασκάλου
1639 4688 1733 4755 ὢν,
1759 4688 1938 4760 πολλῷ

371 4772 569 4842 μᾶλλον
592 4773 769 4842 ήμεῖς.
811 4772 918 4829 Ἤν
947 4790 1125 4838 τινες,
1147 4773 1330 4843 φησὶν,
1374 4772 1773 4842 ἀπωσάμενοι,
1803 4774 1937 4841 περὶ

370 4856 483 4921 τὴν
508 4856 711 4909 πίστιν
740 4855 1148 4925 ἐναυάγησαν.
1179 4856 1438 4919 Εἰκότως.
1461 4856 1627 4909 Ὅταν
1642 4856 1749 4924 γὰρ
1824 4856 1938 4926 βίος

367 4940 807 5010 ἀπεγνωσμένος,
838 4943 931 4994 καὶ
952 4940 1126 5012 δόγμα
1151 4940 1391 4994 τίκτεται
1416 4938 1655 4993 τοιοῦτον
1685 4955 1700 4968 ⁸
1731 4940 1827 4992 κα¹ι
1849 4939 1940 4993 έσ-

366 5041 452 5077 τιν
488 5024 617 5078 ἰδεῖν
647 5024 873 5088 πολλοὺς
901 5026 966 5078 ἐκ
1000 5025 1191 5079 τούτου
1225 5022 1634 5088 καταπεσόντας
1658 5023 1738 5085 είς
1778 5023 1939 5093 βυθὸν

369 5108 576 5173 κακῶν,
625 5108 719 5162 καὶ
746 5109 826 5172 είς
867 5108 1219 5179 Ἐλληνισμὸν
1247 5107 1646 5181 ἐκτραπέντας.
1681 5106 1799 5161 Ἵνα
1828 5107 1938 5180 7&9

369 5193 445 5262 μὴ
473 5191 552 5264 τῷ
591 5193 739 5265 φόϐῳ
768 5193 876 5247 τῶν
910 5192 1212 5264 μελλόντων
1244 5192 1663 5263 βασανίζωνται,
1702 5192 1937 5246 σπουδά-

367 5273 520 5337 ζουσι
567 5278 753 5329 πεῖσαι
800 5275 899 5347 τὴν
931 5275 1130 5346 ψυχὴν,
1162 5277 1242 5330 ὅτι
1283 5276 1452 5347 ψευδῆ
1485 5276 1666 5330 πάντα
1704 5276 1772 5329 τά
1807 5278 1937 5347 παρ’

366 5358 515 5426 ἡμῖν.
566 5358 679 5411 Καὶ
722 5358 956 5423 πίστεώς
988 5376 1132 5422 τινες
1169 5360 1546 5430 ἐκτρέπονται,
1580 5360 1628 5411 οί
1658 5358 1939 5429 λογισμοῖς

365 5441 425 5493 :6
463 5442 569 5494 πᾶν
594 5441 881 5513 ζητοῦντες
907 5459 919 5473 ·
953 5442 1209 5511 ναυάγιον
1255 5443 1364 5513 γὰρ
1418 5441 1708 5513 ἐργάζεται
1738 5444 1766 5495 ὀ
1792 5442 1940 5512 λογι-

367 5523 521 5593 σμὸς,
545 5526 639 5579 καὶ
668 5525 855 5598 ῶσπερ
883 5526 1069 5582 πλοῖον
1098 5524 1338 5597 ἀσφαλές
1362 5527 1510 5578 ἐστιν
1535 5527 1568 5595 ή
1592 5524 1794 5588 πίστις.

364 5633 619 5758 ορῗίῐξέιι).
642 5642 697 5689 et
718 5616 869 5703 marg.
892 5637 1064 5702 Savil.,
1088 5636 1284 5689 ἐνταῦθα
1323 5638 1641 5696 πληθυντικῶς
1660 5635 1784 5684 εἶπεν
1801 5638 1937 5698 ἴσως,

1244 240 1312 298 IN
1348 240 1562 301 EPIST.
1605 242 1623 297 Ι
1662 241 1753 298 AD
1789 241 2074 299 TIMOTH.
2116 241 2270 299 CAP.
2316 239 2352 294 Ι.
2399 236 2638 294 IIOMIL.
2676 236 2741 293 V.

3514 231 3621 287 59.8

2122 358 2190 429 β’.
2219 359 2358 422 Τοὺς
2399 357 2773 429 ἐκτραπέντας
2807 353 2984 407 τοίνυν
3010 350 3219 407 ἐκεῖθεν
3259 349 3470 419 ἀνάγκη
3496 367 3625 429 ναυ-

2050 427 2225 511 αγεῖν,
2250 444 2344 496 καὶ
2368 427 2613 496 δείκνυσι
2634 438 2792 493 τοῦτο
2817 438 2924 492 ἀπὸ
2950 438 3044 491 τοῦ
3064 436 3481 505 ὑποδείγματος.
3505 427 3623 487 Ὧν

2047 527 2218 580 ἐστιν
2231 526 2551 596 Ὑμέναιος,
2567 525 2721 594 φησὶ,
2735 522 2837 577 καὶ
2851 520 3257 589 Ἀλέξανδρος.
3268 518 3374 571 Καὶ
3386 518 3493 571 ἀπὸ
3508 516 3626 568 τού-

2047 627 2155 663 των
2172 610 2321 680 ήμᾶς
2343 609 2686 679 σωφρονίζει.
2706 608 2899 677 Ὁρᾶτε
2922 605 3040 669 πῶς
3060 604 3120 669 ἐξ
3138 603 3360 656 ἐκείνων
3379 601 3488 653 τῶν
3504 600 3626 671 χρόα

2045 712 2151 748 νων
2169 691 2310 766 ἦσαν
2327 693 2375 746 οἱ
2398 711 2474 746 πα
2484 692 2916 764 ραδιδάσκοντες,
2931 691 2979 742 οί
3005 684 3621 758 πολυπραγμονοῦντες,

2044 782 2093 833 οἱ
2118 781 2218 848 τῆς
2257 780 2493 841 πίστεως
2527 776 2881 847 ἀπεχόμενοι,
2920 776 2971 827 οἱ
3008 771 3299 845 ζητοῦντες
3342 771 3626 839 λογισμοῖς

2044 865 2265 928 οἰκείοις
2285 863 2344 930 h;
2382 862 2440 915 '0
2463 861 2716 929 ναυαγῶν
2736 859 2942 930 γυμνὸς
2963 859 3059 911 καὶ
3080 857 3299 910 πάντων
3323 855 3472 907 ἐστὶν
3494 855 3626 923 ἐρη-

2048 964 2148 1017 μος
2170 963 2184 977 ⁸
2211 946 2355 1001 οὕτω
2382 948 2476 999 καὶ
2499 948 2528 1000 6
2553 945 2652 1013 τῆς
2673 945 2910 1007 πίστεως
2939 945 3190 996 ἐκπεσὼν
3213 941 3365 995 οὐδὲν
3389 942 3500 1011 ἕχει
3522 940 3627 994 λοι-

2049 1033 2171 1094 πὸν,
2214 1030 2313 1101 οὐχ
2340 1030 2473 1083 ὅπου
2502 1032 2624 1101 στῇ,
2653 1029 2750 1099 οὐχ
2775 1031 2910 1083 ὅπου
2937 1031 3186 1103 κατάσχῃ
3204 1046 3219 1059 ⁸
3252 1030 3313 1082 οὐ
3345 1030 3455 1100 βίον
3482 1028 3616 1099 ἔχει,

2047 1112 2115 1167 δι’
2136 1105 2199 1167 οἶ»
2227 1112 2483 1185 κερδαίνῃ
2500 1130 2552 1166 τι
2575 1113 2785 1166 ἐκεῖθεν
2808 1130 2823 1145 ο
2846 1112 2947 1182 τῆς
2970 1113 3079 1183 7&9
3109 1112 3350 1183 κεφαλῆς
3371 1111 3621 1184 διεφθαρ-

2051 1196 2241 1266 μένης,
2270 1193 2422 1268 [576]
2449 1196 2503 1248 τί
2521 1196 2616 1249 τοῦ
2641 1193 2828 1248 λοιποῦ
2854 1194 3102 1265 σώματος
3125 1195 3349 1263 δφελοςς
3379 1196 3440 1248 El
3457 1198 3565 1268 7&9
3582 1198 3617 1267 ή

2047 1278 2233 1342 πίστις
2277 1278 2392 1347 βίου
2428 1278 2598 1350 χωρὶς
2630 1278 2781 1332 οὐδέν
2803 1280 2938 1341 ἐστι,
2971 1277 3149 1348 πολλῷ
3173 1278 3371 1349 μᾶλλον
3393 1279 3620 1332 τούναν-

2046 1359 2181 1414 τίον.
2211 1361 2273 1413 El
2298 1360 2404 1414 τῶν
2424 1360 2590 1415 αὐτοῦ
2612 1363 2945 1432 καταφρονεῖ
2964 1363 2991 1413 6
3007 1360 3138 1423 Θεὸς
3156 1361 3221 1413 δι’
3242 1360 3411 1429 ἡμᾶς,
3436 1359 3621 1431 πολλῷ

2051 1446 2251 1515 μᾶλλον
2272 1446 2416 1515 ἡμᾶς
2428 1446 2536 1500 τῶν
2555 1444 2836 1516 ἡμετέρων
2852 1443 2920 1497 δι’
2937 1445 3100 1498 αὐτὸν
3116 1444 3220 1517 χρὴ
3236 1446 3617 1515 καταφρονεῖν.

2049 1530 2203 1583 Οὕτω
2235 1531 2343 1601 γάρ
2377 1532 2547 1593 ἐστιν,
2582 1530 2711 1582 ὅταν
2741 1545 2824 1590 τις
2853 1526 3063 1599 ἐκπέσῃ
3088 1527 3186 1597 τῆς
3217 1527 3454 1591 πίστεως
3478 1544 3491 1558 ⁸
3523 1529 3619 1581 ού-

2048 1613 2217 1684 δαμοῦ
2267 1615 2502 1677 ἵσταται,
2541 1612 2676 1665 ἀλλά
2707 1612 2874 1681 ἀλλην
2920 1610 3094 1674 ἄλλως
3141 1612 3386 1681 νήχεται,
3421 1610 3526 1673 ἐως
3553 1611 3620 1663 ἂν

2046 1697 2447 1768 καταποντισθῇ
2481 1696 2663 1749 πάλιν,
2693 1695 2811 1760 Οὓς
2842 1693 3172 1762 παρέδωκα,
3208 1695 3363 1765 φησὶ,
3403 1693 3483 1759 τῷ
3504 1697 3620 1747 Σα-

2047 1780 2218 1847 τανᾷ,
2257 1781 2359 1834 ἵνα
2389 1779 2753 1833 παιδευθῶσι
2795 1777 2878 1847 μὴ
2903 1777 3315 1847 βλασφημεῖν.
3347 1776 3509 1847 Ὀρᾷς
3537 1778 3620 1829 ὃτι

2052 1862 2367 1932 βλασφημία
2406 1861 2523 1915 ἐστὶ
2551 1862 2612 1914 :6
2642 1862 2921 1931 λογισμοῖς
2960 1861 3142 1929 ζητεῖν
3172 1861 3239 1913 τὰ
3270 1861 3387 1913 θεῖα
3412 1876 3428 1924 ;
3460 1860 3620 1913 Εἰκόο

2047 1964 2154 2008 τως
2173 1963 2187 1977 ⁸
2208 1945 2262 1998 τί
2290 1946 2399 2017 γὰρ
2422 1947 2487 1999 ἂν
2513 1944 2625 2014 ἔχοι
2656 1945 2832 1998 κοινὸν
2856 1942 3113 2013 λογισμὸς
3130 1943 3467 2015 ἀνθρώπινος
3484 1943 3620 2013 πρὸς

2048 2029 2260 2095 ἐκεῖνα;
2298 2029 2422 2092 Πῶς
2446 2028 2503 2082 66
2531 2031 2559 2080 6
2581 2028 2821 2090 Σατανᾶς
2850 2027 3046 2090 αὐτοὺς
3084 2026 3324 2079 παιδεύει
3361 2026 3434 2097 μὴ
3460 2026 3620 2097 βλασ-

2049 2110 2289 2179 φημεῖν;
2355 2109 2403 2161 εἰ
2464 2109 2572 2177 7&9
2614 2108 2741 2167 τοὺς
2769 2105 2963 2168 ἄλλους
3000 2105 3244 2159 παιδεύει
3283 2106 3355 2175 μὴ
3388 2104 3621 2175 βλασφη-

2050 2194 2194 2262 μεῖν,
2229 2190 2408 2261 πολλῷ
2438 2190 2637 2261 μᾶλλον
2664 2191 2856 2242 ἐαυτὸν
2888 2188 3055 2259 ἐχρῆν
3084 2204 3098 2217 ⁸
3135 2191 3183 2241 εί
3214 2189 3271 2241 δὲ
3304 2190 3491 2241 ἐαυτὸν
3521 2190 3619 2254 μέ-

2047 2291 2140 2345 χρι
2177 2272 2272 2327 τοῦ
2311 2273 2407 2327 νῦν
2437 2274 2498 2327 οὐ
2523 2272 2741 2326 δύναται
2770 2271 3079 2335 παιδεῦσαι,
3110 2272 3229 2323 οὐδέ
3256 2272 3381 2332 τοὺς
3406 2271 3617 2333 ἄλλους.

2048 2356 2161 2409 Οὐκ
2208 2352 2525 2423 εἷπεν,⁶Ἱνα
2572 2354 2838 2427 παιδεύσῃ
2883 2355 3079 2417 αὐτοὺς
3125 2354 3201 2423 μὴ
3257 2353 3615 2423 βλασφημεῖν,

2046 2441 2185 2505 ἀλλ’,
2219 2443 2343 2495 Ἵνα
2367 2439 2730 2495 παιδευθῶσι
2748 2438 2832 2509 μὴ
2850 2438 3263 2508 βλασφημεῖν.
3290 2439 3401 2491 Ούκ
3417 2439 3621 2498 ἐκεῖνος

2044 2524 2204 2577 τοῦτο
2218 2523 2528 2595 ἐργάζεται,
2554 2524 2689 2577 ἀλλά
2714 2522 2871 2575 τοῦτο
2888 2522 3129 2575 ἐκϐαίνει
3156 2534 3171 2549 ⁸
3192 2521 3379 2591 ῶσπερ
3405 2515 3496 2573 οὖν
3524 2519 3621 2573 καὶ

2046 2608 2281 2680 ἀλλαχοῦ
2333 2624 2497 2679 φησιν
2549 2607 2643 2659 ἐπὶ
2680 2605 2777 2659 τοῦ
2807 2605 3242 2675 πεπορνευκότος
3265 2621 3278 2634 ⁸
3317 2602 3623 2671 Παράδοτε

2044 2693 2152 2746 τὸν
2178 2691 2451 2746 τοιοῦτον
2474 2689 2555 2755 τῷ
2582 2687 2818 2755 Σατανᾷ
2841 2691 2927 2755 είς
2952 2688 3199 2756 ὄλεθρον
3219 2685 3331 2755 τῆς
3355 2687 3582 2754 σαρκός
3601 2701 3616 2715 ⁸

2044 2779 2142 2847 οὐχ
2189 2776 2276 2830 ἵνα
2318 2774 2468 2847 σώσῃ
2513 2773 2572 2827 τὸ
2600 2773 2780 2845 σῶμα,
2817 2772 2932 2827 ἀλλ’
2966 2772 3055 2826 ἴνα
3087 2771 3232 2842 σωθῇ
3263 2772 3323 2824 :6
3356 2769 3574 2841 πνεῦμα
3601 2785 3615 2799 ο

2042 2859 2201 2913 τοῦτο
2230 2857 2288 2911 66
2330 2857 2657 2929 ἀπρόσωπόν
2698 2860 2834 2910 ἐστι.
2878 2855 3001 2919 Πῶς
3042 2852 3135 2910 οὖν
3171 2854 3329 2908 τοῦτο
3373 2854 3618 2921 γίνεται;

2045 2943 2255 3014 Ὥσπερ
2306 2938 2397 2996 οῦν
2443 2943 2493 2996 οἱ
2525 2942 2710 3013 δήμιοι
2742 2939 2955 3010 μυρίων
2984 2940 3245 3010 γέμοντες
3280 2937 3469 2992 κακῶν
3497 2936 3622 3000 τοὺς

2042 3025 2235 3088 ἄλλους
2286 3024 2733 3095 σωφρονίζουσιν,
2781 3022 2923 3076 οὕτω
2971 3022 3067 3075 καὶ
3113 3020 3349 3076 ἐνταῦθα
3391 3020 3483 3072 ἐπὶ
3524 3019 3619 3073 τοῦ

2043 3127 2177 3179 πονη
2188 3108 2280 3180 ρυῦ
2305 3108 2577 3178 δαίμονος.
2602 3108 2711 3162 Καὶ
2735 3107 2822 3161 διά
2850 3108 2903 3159 τί
2923 3106 2997 3177 μὴ
3026 3106 3088 3158 σὺ
3114 3106 3311 3167 αὐτοὺς
3332 3104 3617 3166 ἐκόλασας,

2041 3192 2232 3263 ὥσπερ
2284 3193 2491 3245 ἐκεῖνον
2529 3191 2621 3245 τὸν
2654 3191 2980 3265 Βαριησοῦν,
3024 3190 3212 3260 ῶσπερ
3238 3188 3435 3259 Κηφᾶς
3459 3187 3621 3239 Ἀνα-

2042 3278 2180 3343 νίαν,
2214 3277 2348 3330 ἀλλά
2370 3278 2449 3346 τῷ
2473 3278 2689 3348 Σατανᾷ
2709 3277 3031 3347 παρέδωκας
3053 3292 3068 3341 ;
3098 3274 3209 3343 Οὐχ
3237 3273 3325 3326 ἵνα
3342 3269 3618 3348 κολασθῶ-

2045 3376 2154 3428 σιν,
2200 3360 2319 3413 ἀλλ’
2369 3359 2455 3413 ἵνα
2514 3346 2869 3413 παιδευθῶσι.
2930 3356 3127 3414 Καίτοι
3171 3358 3269 3411 καὶ
3310 3346 3463 3419 οὗτος
3510 3356 3621 3425 ἔχει

2047 3446 2218 3517 ἰσχὺν,
2236 3446 2310 3508 ῶς
2340 3444 2467 3497 ὅταν
2488 3441 2640 3515 λέγῃ⁸
2667 3441 2729 3498 Τί
2742 3442 2964 3507 θέλετε,
2994 3442 3063 3495 ἐν
3077 3440 3278 3509 ῥάϐδῳ
3303 3440 3455 3493 ἔλθω
3471 3439 3623 3506 πρὸς

2039 3528 2234 3598 ὑμᾶς;
2286 3528 2382 3584 καὶ
2426 3528 2621 3582 πάλιν·
2664 3528 2788 3594 Οὐχ
2837 3526 2938 3578 ἵνα
2971 3525 3143 3592 ἡμεῖς
3175 3524 3413 3592 δόκιμοι
3439 3519 3617 3591 ὦμεν,

2042 3610 2179 3669 ἀλλ’
2210 3612 2310 3664 ἵνα
2344 3610 2509 3678 ὑμεῖς
2536 3608 2602 3661 τὸ
2628 3610 2821 3661 καλὸν
2862 3606 3073 3675 ποιῆτε
3095 3623 3109 3637 ⁸
3139 3607 3234 3659 καὶ
3283 3605 3465 3669 πάλιν,
3494 3608 3617 3659 Οὐκ

2040 3697 2127 3760 είς
2152 3694 2517 3760 καθαίρεσιν,
2543 3693 2783 3756 ἀλλέἱς
2804 3690 3143 3760 οἰκοδομήν.
3176 3690 3242 3743 Τί
3268 3687 3362 3743 οὖν
3390 3689 3482 3742 τὸν
3512 3691 3621 3742 Σα-

2041 3777 2207 3829 τανᾶν
2234 3775 2390 3828 καλεῖ
2416 3774 2552 3845 πρὸς
2575 3772 2674 3844 τὴν
2698 3774 2969 3844 τιμωρίαν
2997 3791 3012 3841 ;
3037 3774 3155 3826 Ἵνα
3187 3773 3324 3843 μετά
3356 3773 3458 3842 τῆς
3488 3790 3618 3841 σφο-

2042 3859 2297 3929 δρότητος
2347 3856 2443 3911 καὶ
2494 3857 2593 3925 τῆς
2614 3855 2887 3919 κολάσεως
2938 3855 3033 3910 καὶ
3062 3858 3095 3928 ἡ
3131 3853 3350 3928 ὖϐριςῇ
3384 3856 3619 3926 μείζωνο

2047 3941 2244 4012 μᾶλλον
2266 3941 2323 3994 δέ
2340 3941 2466 4003 τοὺς
2502 3940 2599 4009 μὲν
2620 3938 2883 4001 ἀπίστους
2909 3939 3062 3992 αὐτοὶ
3089 3940 3394 4005 ἐπαίδευον,
3412 3940 3534 4003 τοὺς
3561 3939 3621 3993 δέ

2042 4025 2415 4096 ἐκτραπέντας
2430 4022 2508 4091 τῷ
2532 4023 2745 4094 Σατανᾷ
2774 4023 3113 4094 παρεδίδουν.
3141 4024 3206 4076 Τί
3225 4024 3423 4095 δήποτε
3443 4024 3499 4076 δέ
3517 4024 3621 4077 Πέ-

2041 4125 2172 4179 τρος
2193 4107 2284 4160 τὸν
2312 4105 2566 4161 Ἀνανίαν
2585 4124 2600 4172 ;
2636 4105 2861 4175 καὶγὰρ
2876 4106 2905 4157 6
2933 4105 3180 4169 Ἀνανίας
3200 4106 3426 4170 ἄπιστος
3450 4102 3516 4177 ἦν
3536 4106 3622 4161 ἔτι

2041 4190 2467 4262 πειράζων.⁹’ῐνα
2486 4189 2699 4259 μάθωσι
2714 4189 2893 4241 τοίνυν
2915 4191 2963 4241 οἱ
2980 4188 3219 4253 ἀπιστοι,
3242 4190 3323 4242 ὃτι
3343 4190 3402 4242 ού
3424 4189 3616 4244 δύναν-

2040 4291 2131 4327 ται
2158 4273 2359 4337 λαθεῖν,
2380 4272 2467 4325 διὰ
2487 4270 2645 4325 τοῦτο
2664 4272 2731 4325 δι’
2755 4272 2966 4325 ἐαυτῶν
2988 4273 3185 4335 αὐτοὺς
3206 4273 3575 4343 ἐτιμωροῦντο
3600 4289 3618 4304 ο

2040 4358 2165 4420 τοὺς
2198 4357 2254 4409 δέ
2282 4355 2439 4409 τοῦτο
2461 4356 2732 4424 μαθόντας
2758 4356 2966 4420 λοιπὸν,
2984 4352 3103 4408 εἶτα
3122 4357 3517 4425 ἐκτραπέντας,
3540 4358 3623 4427 τῷ

2040 4441 2255 4510 Σατανᾷ
2275 4439 2616 4510 παρεδίδουν,
2639 4439 2944 4501 δεικνύντες
2964 4440 3045 4491 ὅτι
3062 4439 3161 4491 οὐκ
3178 4437 3356 4508 οἰκεία
3370 4439 3619 4508 δυνάμει,

2041 4523 2178 4577 ἀλλά
2199 4526 2265 4593 τῇ
2292 4522 2471 4576 αὐτῶν
2502 4521 2715 4593 φυλακῇ
2765 4522 3093 4592 συνείχοντο,
3145 4522 3240 4575 καὶ
3275 4523 3624 4593 παρεδίδοντο

2041 4606 2155 4660 ὅσοι
2179 4608 2261 4677 είς
2282 4606 2537 4660 ἀπόνοιαν
2568 4605 2836 4675 ῆρθησαν.
2869 4605 3137 4676 Καθάπερ
3161 4603 3255 4659 οῦν
3278 4607 3372 4660 ἐπὶ
3387 4606 3495 4661 τῶν
3525 4606 3622 4677 βα-

2044 4690 2257 4755 σιλέων,
2298 4691 2426 4752 τοὺς
2480 4688 2581 4760 μὲν
2627 4689 2919 4752 πολεμίους
2949 4691 3044 4742 καὶ
3072 4690 3299 4751 οἰκείαις
3326 4690 3622 4759 σφάττουσι

2041 4771 2219 4842 χερσὶ,
2248 4771 2375 4831 τοὺς
2396 4768 2454 4821 δέ
2480 4768 2568 4837 ὑφ’
2594 4769 2822 4831 ἑαυτοὺς
2845 4772 2958 4832 τοῖς
2980 4770 3195 4841 δημίοις
3215 4771 3620 4843 παραδιδόασιν,

2041 4855 2182 4908 οὕτω
2213 4853 2308 4906 καὶ
2340 4852 2594 4906 ἐνταῦθα.
2626 4853 2912 4907 Δείκνυται
2941 4853 2998 4906 δέ
3043 4854 3150 4907 ἀπὸ
3178 4853 3394 4916 τούτου,
3426 4855 3507 4907 ὅτι
3533 4854 3622 4907 διά

2040 4939 2139 5009 τὴν
2162 4939 2270 4992 τῶν
2305 4938 2618 4992 ἀποστόλων
2642 4938 2889 5009 φυλακὴν
2910 4939 3067 4993 τοῦτο
3089 4940 3299 5008 ἐγίνετο
3323 4956 3336 4970 ⁸
3363 4939 3537 5002 ἄλλως
3558 4940 3619 4992 δέ

2041 5025 2163 5077 ούδέ
2202 5023 2398 5095 μικρὸν
2428 5018 2496 5093 ἦν
2534 5022 2595 5075 :6
2623 5022 2883 5075 δύνασθαι
2912 5024 3219 5077 ἐπιτάττειν
3239 5023 3318 5092 τῷ
3338 5021 3569 5092 διαϐόλῳ
3596 5036 3609 5049 ⁸

2041 5107 2198 5160 τοῦτο
2229 5104 2337 5176 7&9
2377 5103 2683 5168 δεικνύντος
2714 5101 2904 5175 ἦν,ὄτι
2942 5106 3182 5160 δουλεύει
3221 5106 3318 5159 καὶ
3356 5105 3495 5158 εἴκει
3522 5106 3622 5157 καὶ

2041 5192 2189 5247 ἄκων
2204 5194 2315 5253 τοῖς
2325 5190 2642 5253 ἀποστόλοις
2663 5192 2691 5244 6
2708 5190 3143 5253 διάϐολος.Ὄστε
3164 5192 3264 5244 οὐκ
3292 5190 3515 5243 ἔλαττον
3543 5190 3626 5252 είς

2041 5274 2202 5344 χάριν
2231 5273 2388 5326 τοῦτο
2418 5269 2505 5344 ἦν.
2543 5273 2666 5337 [Ιῶς
2710 5274 2768 5327 66
2815 5274 3148 5344 παρέδωκεν,
3183 5274 3432 5326 ἄκουσον.
3474 5275 3625 5326 Συν-

2042 5374 2079 5409 α
2082 5377 2116 5426 χ
2123 5357 2343 5412 θέντων
2361 5355 2547 5425 ὐμῶν,
2561 5373 2633 5426 φη
2642 5357 2715 5419 σὶ,
2740 5357 2960 5411 καὶτοῦ
2982 5358 3127 5425 ἐμοῦ
3141 5358 3482 5426 Πνεύματος
3501 5353 3614 5409 σὺν

2042 5439 2115 5507 τῇ
2146 5438 2393 5507 δυνάμει
2411 5438 2518 5492 τοῦ
2538 5440 2759 5506 Κυρίου
2780 5439 2950 5507 ήμῶν
2973 5439 3174 5505 Ἰησοῦ
3197 5439 3477 5507 Χριστοῦ,
3502 5454 3618 5491 πα-

2035 5521 2252 5591 ράδοτε
2298 5521 2405 5575 τὸν
2431 5521 2704 5575 τοιοῦτον
2753 5520 2831 5587 τῷ
2855 5520 3109 5589 Σατανᾷ.
3150 5521 3492 5587 Ἐξεὸάλλετο
3529 5516 3626 5573 οὖν

2072 5625 2314 5738 ἰδ’Μαῐε.
2342 5625 2493 5677 Savil.
2525 5629 2568 5675 οἱ
2594 5626 2838 5686 ζητοῦντες
2863 5628 2922 5675 τά
2958 5627 3059 5676 θεῖα
3101 5628 3337 5690 μυστήρια
3384 5625 3630 5690 λογισμοῖς

2090 5705 2250 5738 κειοιε.

2044 5705 2250 5745 οικειοις.
