4090 6396
496 342 602 399 5‘29

495 454 697 517 εὐθέως
730 451 825 506 τοῦ
856 454 1035 507 κοινοῦ
1062 455 1361 525 συνεδρίου,
1388 458 1712 527 ἀπεσχίζετο
1730 459 1829 529 τῆς
1846 458 2067 527 ἀγέλης,

497 538 707 607 ἐγίνετο
732 537 937 607 ἔρημος
968 538 1063 589 καὶ
1086 555 1155 605 γυ
1164 538 1313 608 μνὸς,
1335 540 1740 612 παρεδίδοτοτῷ
1756 542 1924 611 λύκῳ.
1942 543 2072 593 Ὤση

499 638 606 691 περ
625 621 731 690 γὰρ
751 619 952 693 [ὅτηή
976 622 1177 693 νεφέλη
1194 622 1253 675 τὸ
1278 624 1638 693 στρατόπεδον
1658 626 2069 697 τῶνἘϐραίων,

496 707 639 760 οῦτω
689 707 789 777 τὴν
822 707 1149 776 Ἐκκλησίαν
1195 708 1257 760 τὸ
1301 709 1523 779 Πνεῦμα
1554 710 1867 781 ἐγνώριζεν.
1895 710 1962 763 Εἴ
1988 728 2073 772 τις

496 790 677 843 τοίνυν
715 790 871 852 ἐκτὸς
914 791 1143 857 ἐγίνετο,
1191 794 1548 847 κατεκαίετοο
1583 795 1794 863 ἐγίνετο
1822 795 1879 847 δὲ
1914 794 2073 856 ἐκτὸς

496 875 564 941 τῇ
595 872 776 943 κρίσει
802 871 909 924 τῶν
938 874 1272 928 ἀποστόλων.
1317 875 1475 930 Οῦτω
1504 879 1599 931 καὶ
1624 881 1651 931 6
1672 878 1878 948 Κύριος
1926 893 2070 945 παρ-

497 955 665 1008 έδωκε
691 958 781 1007 τὸν
804 955 1004 1009 Ἰούδαν
1026 955 1103 1025 τῷ
1118 958 1351 1028 Σατανᾷ·
1370 959 1568 1022 εὐθέως
1599 961 1706 1031 γάρ
1725 961 1860 1030 μετά
1880 960 1940 1015 τὸ
1960 960 2074 1029 ψω-

500 1038 620 1107 μίον
634 1038 881 1109 εἰσῆλθεν
898 1041 977 1101 είς
992 1041 1193 1093 ἐκεῖνον
1210 1044 1237 1092 6
1256 1042 1520 1106 Σατανᾶς.
1541 1045 1695 1096 Ἐστι
1715 1044 1773 1097 δὲ
1797 1045 1889 1096 καὶ
1914 1042 2073 1095 τοῦτο

495 1124 691 1185 εἰπεῖν,
715 1123 795 1174 ὅτι
828 1121 919 1187 οὓς
940 1124 1036 1193 μὲν
1066 1125 1464 1193 διορθώσασθαι
1494 1127 1801 1190 ἐϐούλοντο,
1831 1127 1931 1180 οὐκ
1949 1126 2070 1180 ἐκό-

494 1204 657 1269 λαζον
680 1206 832 1258 αὐτοί
850 1224 863 1236 ·
879 1209 1005 1271 τούς
1028 1208 1083 1260 δὲ
1107 1209 1468 1280 ἀδιορθώτους
1490 1212 1646 1265 αὐτοὶ
1672 1211 2069 1282 ἐτιμωροῦντο⁶

494 1286 528 1358 ἢ
560 1290 607 1340 εί
646 1290 720 1358 μή
741 1288 919 1353 τοῦτο,
953 1291 1034 1343 ὅτι
1064 1292 1430 1363 φοϐερώτεροι
1461 1295 1661 1364 μᾶλλον
1692 1290 1832 1365 ἦσαν
1863 1294 2072 1363 ἐτέροις

496 1370 790 1435 ἐκδιδόντες
811 1371 1026 1435 αὐτούς.
1053 1373 1210 1427 Οὐτω
1242 1377 1332 1429 καὶ
1360 1378 1388 1429 6
1428 1377 1549 1430 Ἰὼϐ
1576 1378 1846 1449 παρεδόθη
1872 1377 1950 1447 τῷ
1971 1377 2075 1428 Σα-

493 1454 664 1523 τανᾷο
714 1454 829 1507 ἀλλ’
883 1457 1089 1519 ἐκεῖνος
1134 1458 1234 1527 οὐχ
1289 1459 1430 1531 ὑπὲρ
1484 1460 1921 1530 ἁμαρτημάτων,
1954 1457 2071 1512 ἀλλ’

494 1536 635 1608 ὑπὲρ
666 1537 906 1601 πλείόνος
928 1540 1358 1611 εὐδοκιμήσεως.

563 1627 631 1687 γ’.
668 1621 844 1673 Πολλὰ
872 1621 1099 1674 τοιαῦτα
1136 1624 1346 1691 γίνεται
1394 1625 1489 1677 καὶ
1508 1623 1623 1679 νῦν.
1653 1624 1871 1692 Ἐπειδὴ
1891 1624 2000 1693 γὰρ
2022 1625 2070 1677 οἱ

496 1702 659 1767 ίερεῖς
690 1705 751 1757 οὐ
783 1706 993 1768 πάντας
1022 1708 1167 1759 ἴσασι
1197 1707 1325 1769 τούς
1344 1708 1702 1776 ἁμαρτωλοὺς
1726 1709 1819 1761 καὶ
1838 1707 2071 1772 ἀναξίως

492 1786 602 1839 τῶν
654 1790 969 1859 μυστηρίων
1014 1792 1363 1861 μετέχοντας,
1393 1792 1420 1841 6
1458 1791 1589 1854 Θεὸς
1629 1791 1889 1853 πολλάκις
1916 1788 2073 1842 τοῦτο

494 1873 659 1936 ποιεῖ,
686 1873 777 1924 καὶ
798 1873 1164 1943 παραδίδωσιν
1183 1874 1380 1935 αὐτοὺς
1407 1874 1483 1943 τῷ
1509 1874 1743 1945 Σατανᾷ.
1769 1873 1933 1926 Ὅταν
1964 1871 2072 1941 γὰρ

493 1956 659 2017 νόσοι,
677 1957 803 2009 ὅταν
826 1957 1133 2023 ἐπιϐουλαὶ,
1150 1960 1277 2011 ὅταν
1300 1958 1475 2027 πένθη
1493 1960 1586 2012 καὶ
1618 1958 1900 2028 συμφοραὶ
1928 1973 1992 2008 συ
2002 1974 2070 2025 μς

492 2039 773 2105 ϐαίνωσιν,
803 2042 930 2094 ὅταν
956 2042 1090 2095 ἄλλα
1114 2042 1236 2095 τινά
1270 2042 1516 2106 τοιαῦτα,
1548 2043 1635 2097 διὰ
1657 2042 1816 2095 τοῦτο
1838 2040 2069 2111 γίνεται.

494 2124 605 2175 Καὶ
649 2124 806 2176 τοῦτο
840 2127 867 2176 6
897 2124 1108 2188 Παῦλος
1146 2126 1315 2195 δηλοῖ,
1358 2127 1501 2179 οὕτω
1538 2126 1712 2195 λέγων
1734 2143 1747 2156 ·
1780 2125 1882 2177 Διά
1898 2122 2072 2177 τοῦτο

490 2206 562 2258 ἐν
577 2206 718 2274 ὑμῖν
730 2210 946 2260 πολλοὶ
973 2209 1249 2276 ἀσθενεῖς
1268 2210 1364 2263 καί
1387 2209 1699 2278 ἄρρωστοι,
1714 2209 1811 2262 καί
1833 2206 2074 2277 κοιμῶν-

493 2308 587 2343 ται
616 2293 828 2346 ἱκανοί.
864 2292 973 2345 Καὶ
1006 2293 1144 2359 πῶς,
1180 2294 1367 2364 φησὶν,
1408 2294 1537 2346 ὅταν
1570 2292 1796 2357 ἀπαξδι’
1822 2289 2071 2345 ἐνιαυτοῦ

492 2373 926 2445 προσερχώμεθα
942 2391 955 2437 ;
975 2374 1144 2428 Τοῦτο
1160 2376 1266 2445 γὰρ
1282 2374 1342 2428 τὸ
1359 2376 1549 2441 δεινὸν,
1568 2376 1725 2428 ὅτιού
1740 2373 2072 2444 καθαρότητι
2106 2393 2112 2399 -

490 2456 748 2519 διανοίας,
782 2457 919 2510 ἀλλά
943 2457 1274 2527 διαστήματι
1296 2459 1490 2528 χρόνου
1510 2458 1610 2529 τὴν
1630 2458 1789 2524 ἀξίαν
1816 2455 2072 2526 διορίζεις

489 2540 590 2608 τῆς
628 2540 912 2608 προσόδου,
945 2542 1040 2593 καὶ
1065 2540 1223 2593 τοῦτο
1252 2542 1541 2594 εὐλάϐειαν
1559 2537 1699 2594 εἶναι
1721 2538 1985 2608 νομίζεις,
2010 2538 2072 2591 τὺ

494 2624 569 2692 μὴ
607 2624 869 2686 πολλάκις
908 2623 1249 2695 προσελθεῖν,
1290 2626 1392 2677 οὐκ
1426 2625 1579 2687 εἰδὼς
1627 2626 1709 2677 δτι
1742 2624 1805 2675 τὸ
1841 2622 2072 2687 ἀναξίως

491 2708 827 2778 προσελθεῖν,
844 2708 944 2761 κᾶν
964 2709 1111 2774 ἅπαξ
1124 2710 1369 2779 γένηται,
1390 2709 1709 2780 ἐκηλίδωσεο
1735 2707 1797 2759 τὸ
1811 2706 1865 2758 δὲ
1882 2707 2069 2771 ἀξίως,

490 2792 595 2845 κᾶν
633 2792 912 2855 πολλάκις,
952 2792 1177 2846 ἔσωσεν.
1222 2795 1337 2845 Οὐκ
1367 2792 1482 2845 ἐστι
1516 2792 1692 2861 τόλμα
1729 2791 1790 2843 τὸ
1808 2789 2070 2851 πολλάκις

490 2876 795 2946 προσιέναι,
833 2875 970 2928 ἀλλά
989 2875 1049 2928 τὸ
1078 2875 1335 2941 ἀναξίως,
1353 2876 1456 2929 κάν
1478 2874 1625 2939 ἅπαξ
1647 2892 1733 2936 τις
1758 2871 1853 2925 τοῦ
1869 2872 2071 2933 παντὸς

486 2960 679 3029 χρόνου
712 2960 1010 3031 προσέλθῃ.
1051 2959 1245 3029 Ἡμεῖς
1294 2960 1351 3012 δὲ
1389 2960 1560 3022 οὑτως
1590 2961 1832 3029 ἀνοήτως
1861 2954 2069 3009 διακεί-

486 3044 628 3115 μεθα
663 3048 756 3097 καὶ
798 3043 1018 3106 ἀθλίως,
1052 3042 1135 3095 ὅτι
1175 3044 1346 3113 μυρία
1376 3042 1670 3105 διαπαντὸς
1711 3039 2068 3110 ἐργαζόμενοι

484 3128 580 3180 τοῦ
611 3126 859 3180 ἐνιαυτοῦ
892 3124 1058 3188 κακὰ,
1097 3124 1189 3179 τοῦ
1221 3126 1320 3197 μὲν
1357 3126 1732 3181 ἀποδύσασθαι
1758 3126 1943 3178 ἐκεῖνα
1978 3124 2069 3175 οὐ·

485 3210 679 3281 δεμίαν
718 3211 1021 3282 ποιούμεθα
1058 3210 1341 3280 φροντίδα,
1374 3210 1669 3281 νομίζομεν
1698 3211 1756 3264 δὲ
1784 3212 1974 3280 ἀρκεῖν
2007 3208 2070 3260 τὸ

489 3297 565 3365 μὴ
594 3297 831 3367 συνεχῶς
854 3295 1202 3364 κατατολμᾷν
1230 3294 1324 3346 καὶ¹
1346 3286 1617 3365 ἐπιπηδᾷν
1640 3293 1971 3365 ὑϐριστικῶς
1992 3290 2068 3361 τῷ

486 3381 702 3448 σώματι
744 3379 839 3433 τοῦ
871 3378 1132 3450 Χριστοῦ,
1163 3377 1265 3429 οὐκ
1304 3377 1613 3441 ἐννοοῦντες
1645 3378 1729 3431 ὅτι
1769 3379 1862 3431 καὶ
1895 3379 1944 3429 οἱ
1976 3376 2068 3428 τὸν

485 3462 721 3535 Χριστὸν
755 3462 1168 3533 σταυρώσαντες
1206 3461 1354 3527 ἀπαξ
1387 3461 1762 3532 ἐσταύρωσαν.
1790 3456 1917 3532 'Ap’
1950 3456 2067 3523 οῦν,

485 3551 673 3622 ἐπειδὴ
699 3551 866 3617 ἀπαξ,
888 3550 1110 3604 ἔλαττον
1137 3548 1197 3602 τὸ
1220 3550 1524 3619 ἁμάρτημα
1552 3566 1565 3614 ;
1594 3551 1705 3602 Καὶ
1722 3551 1749 3602 6
1776 3548 1977 3612 Ἰούδας
2010 3548 2068 3601 δὲ

483 3634 637 3698 ἅπαξ
658 3634 937 3702 προέδωκε
962 3649 976 3663 ·
1004 3634 1057 3686 τί
1081 3628 1175 3687 οῦν
1198 3649 1213 3698 ;
1236 3629 1394 3686 τοῦτο
1414 3632 1576 3685 αὐτὸν
1600 3632 1870 3699 ἐξείλετο;
1896 3631 1995 3683 Διά
2012 3631 2063 3683 τί

486 3716 595 3787 γάρ
619 3717 797 3787 χρόνῳ
820 3716 881 3769 τὸ
898 3718 1128 3788 πρᾶγμα
1149 3715 1560 3787 μετερχόμεθα;
1585 3715 1777 3786 χρόνος
1798 3714 2062 3785 προσόδου

484 3801 626 3853 ἐστω
656 3802 788 3870 ἡμῖν
810 3801 872 3854 τὸ
903 3799 1147 3869 καθαρὸν
1178 3798 1438 3862 συνειδός.
1469 3799 1636 3852 Οὐδὲν
1669 3799 1832 3852 πλέον
1858 3798 1974 3869 ἔχει
2001 3797 2065 3849 τὸ

476 3885 544 3936 ἐν
576 3882 653 3953 τῷ
684 3884 873 3955 Πάσχα
905 3885 1207 3956 μυστήριον
1234 3882 1328 3935 τοῦ
1349 3882 1444 3936 νῦν
1474 3884 1802 3954 τελουμένου
1824 3900 1837 3914 ο
1869 3884 1927 3936 ἐν
1948 3884 2065 3935 ἐστι

1174 342 1230 397 S.
1269 340 1554 396 JOANNIS
1591 341 2091 402 CIIBYSOSTOMI
2130 347 2452 403 ARCHIEP.
2494 342 3045 403 CONSTANTINOP.

3629 347 3737 402 530

2173 460 2267 513 καὶ
2299 459 2357 511 τὸ
2387 460 2539 523 αὐτὸ,
2560 461 2593 529 ή
2620 457 2758 529 αὐτὴ
2777 459 2870 512 τοῦ
2902 456 3043 511 Πνεύ
3052 473 3220 529 ματος
3236 456 3424 527 χάρις’
3447 457 3535 513 ἀεὶ
3554 458 3751 529 Πάσχα

2174 544 2341 597 ἐστίν.
2382 546 2527 597 Ἰστε
2570 544 2619 596 οί
2649 542 2849 613 μύσται
2878 542 2940 597 τὸ
2969 542 3279 613 εἰρημένον.
3310 541 3420 594 Καὶ
3461 542 3521 595 ἐν
3556 543 3749 612 Παρα-

2175 630 2365 698 σκευῇ,
2391 629 2482 681 καὶ
2499 630 2557 681 ἐν
2572 626 2854 695 Σαϐϐάτῳ,
2877 626 2971 678 καὶ
3000 626 3059 679 ἐν
3084 625 3362 695 κυριακῇ,
3380 624 3476 676 καὶ
3491 626 3549 679 ἐν
3562 627 3753 698 ἡμέρα

2177 711 2469 782 μαρτύρων
2513 711 2547 781 ἠ
2591 708 2727 779 αὐτὴ
2775 708 2939 762 θυσία
2967 707 3318 761 ἐπιτελεῖται.
3358 706 3606 774 Ὁσάκις
3634 707 3752 776 γὰρ

2172 795 2249 849 ἂν
2276 796 2517 859 ἐσθίητε
2558 793 2665 847 τὸν
2703 792 2904 860 ἄρτον,
2960 790 3114 860 φησὶ,
3143 790 3379 853 τοῦτον,
3412 790 3450 857 ἣ
3473 788 3540 842 τὸ
3562 790 3751 856 ποτήο

2164 895 2301 946 ριον
2351 877 2526 931 τοῦτο
2551 876 2783 943 πίνητε,
2807 875 2915 928 τὸν
2964 873 3225 928 θάνατον
3240 872 3345 926 τοῦ
3368 872 3588 941 Κυρίου
3609 890 3750 926 κατ-

2172 959 2512 1030 αγγέλλετε.
2557 960 2669 1028 Οὐχ
2703 959 2814 1029 ὅρῳ
2839 956 3035 1027 καιροῦ
3057 954 3396 1028 περιέγραψε
3418 955 3516 1025 τὴν
3533 954 3746 1009 θυσίαν.

2173 1044 2298 1106 Πῶς
2320 1040 2410 1097 οὖν
2428 1043 2571 1110 τότε,
2589 1042 2741 1113 φησὶ,
2777 1043 2967 1112 Πάσχα
2991 1040 3241 1110 λέγεται;
3263 1042 3382 1093 Ὅτι
3396 1041 3519 1092 τότε
3547 1039 3750 1092 ἔπαθεν

2171 1130 2199 1181 6
2236 1128 2472 1199 Χριστὸς
2505 1126 2647 1197 ὑπὲρ
2668 1125 2845 1196 ήμῶν,
2871 1125 3078 1192 Μηδεὶς
3116 1123 3294 1176 τοίνυν
3324 1123 3529 1192 ἑτέρως
3555 1123 3749 1192 ἐκείνῳ

2176 1212 2437 1281 προσίτω,
2484 1212 2580 1262 καὶ
2615 1209 2791 1280 τούτῳ
2839 1208 3016 1270 ἄλλως
3039 1225 3053 1238 ·
3084 1207 3181 1277 μία
3220 1205 3449 1276 δύναμίς
3476 1206 3614 1270 ἐστι,
3647 1206 3747 1277 μία

2172 1295 2317 1360 ἀξία,
2348 1295 2445 1364 μία
2466 1294 2644 1364 χάρις,
2662 1292 2720 1346 ἐν
2751 1292 2911 1362 σῶμα
2940 1290 3119 1345 καὶτὸ
3141 1289 3291 1353 αὐτὸ,
3309 1290 3411 1342 οὐκ
3435 1292 3611 1343 ἐκεῖνο
3623 1290 3749 1343 τού-

2170 1396 2262 1430 του
2292 1377 2613 1446 ἀγιώτερον,
2642 1375 2761 1429 οὐδέ
2781 1373 2941 1428 τοῦτο
2966 1373 3177 1427 ἐκείνου
3201 1372 3441 1427 ἔλαττον.
3461 1373 3570 1427 Καὶ
3588 1372 3749 1427 τοῦτο

2172 1463 2267 1515 καὶ
2301 1463 2457 1531 ὑμεῖς
2495 1460 2630 1518 ίστε,
2669 1460 2821 1512 οὐδὲν
2866 1456 3179 1527 καινότερον
3200 1456 3455 1526 ὁρῶντες,
3480 1456 3617 1527 πλὴν
3636 1456 3747 1510 τῶν

2172 1546 2455 1615 κοσμικῶν
2487 1545 2694 1596 τούτων
2726 1540 3247 1612 παραπετασμάτων
3264 1540 3467 1593 καὶτοῦ
3488 1538 3744 1609 λαμπροῦ

2172 1629 2431 1700 πλήθους.
2454 1628 2677 1698 Ἔχουσι
2699 1627 2755 1679 δέ
2786 1643 2839 1678 τι
2866 1624 3027 1678 πλέον
3048 1625 3103 1677 αἱ
3126 1624 3329 1695 ήμέραι
3346 1626 3553 1677 ἐκεῖναι
3567 1622 3746 1687 τοῦτο,

2173 1713 2253 1765 ὅτι
2293 1714 2385 1765 ἀπ’
2416 1710 2568 1782 [578]
2601 1709 2779 1763 αὐτῶν
2803 1710 2979 1779 ἀρχὴν
3010 1707 3199 1761 ἔλαϐεν
3234 1709 3268 1778 ή
3296 1708 3564 1776 σωτήριος
3588 1707 3749 1777 ήμῶν

2173 1798 2373 1868 ήμέρα,
2402 1797 2482 1849 ὅτι
2512 1797 2569 1848 ἐν
2599 1794 2735 1863 αὐτῇ
2771 1794 2935 1861 ἐτύθη
2959 1796 2987 1846 6
3015 1790 3268 1863 Χριστὸς,
3307 1791 3492 1843 λοιπὸν
3516 1790 3572 1842 δὲ
3605 1788 3750 1843 κατά

2172 1880 2241 1933 τὰ
2266 1881 2541 1950 μυστήρια
2573 1878 2831 1948 οὐδεμίαν
2855 1875 3185 1947 προτέρησιν
3211 1874 3414 1944 ἐχουσι.
3438 1874 3549 1926 Καὶ
3570 1873 3747 1943 τροφῇ

2177 1965 2275 2036 μὲν
2326 1962 2681 2035 προσϐάλλων
2719 1960 3201 2030 αἱσθητῇ,νίπτεις
3230 1959 3329 2021 τάς
3361 1959 3572 2027 χεῖρας,
3609 1954 3748 2007 πλύ-

2173 2066 2283 2112 νεις
2314 2047 2374 2101 τὸ
2411 2046 2585 2116 στόμα
2604 2061 2618 2076 ’
2663 2046 2839 2115 τροφῇ
2865 2042 2920 2095 δὲ
2962 2042 3171 2113 μέλλων
3194 2042 3475 2112 προσιέναι
3504 2056 3749 2109 πνευμαο

2171 2134 2321 2201 τικῇ,
2353 2132 2413 2184 οὐ
2443 2129 2651 2190 νίπτεις
2677 2126 2773 2198 τήν
2802 2125 2998 2196 ψυχὴν.
3038 2125 3174 2179 ἀλλά
3198 2125 3385 2195 γέμων
3406 2123 3748 2193 ἀκαθαρσίας

2174 2211 2487 2283 προσέρχῃς
2518 2208 2626 2261 Καὶ
2650 2207 2724 2272 τί,
2766 2209 2963 2278 φησίν;
2992 2206 3093 2259 οὐκ
3126 2204 3388 2276 ἀρκοῦσιν
3413 2205 3467 2257 αἱ
3497 2203 3606 2256 τῶν
3622 2219 3751 2255 τεσ-

2174 2296 2480 2368 σαράκοντα
2501 2291 2725 2363 ἡμερῶν
2744 2293 2990 2361 νηστεϊαι
3019 2290 3109 2342 τὸν
3132 2290 3301 2342 πολὺν
3322 2287 3552 2359 φορυτὺν
3575 2286 3750 2340 καθᾶ-

2175 2398 2266 2451 ραι
2294 2378 2400 2431 τῶν
2427 2374 2841 2447 ἁμαρτημάτων
2864 2391 2880 2441 ;
2917 2376 3027 2427 Καὶ
3060 2374 3115 2427 τί
3145 2373 3206 2426 τὸ
3232 2373 3445 2442 ὄφελος,
3470 2371 3589 2424 εἰπέ
3619 2386 3746 2441 μοις

2171 2465 2237 2519 ἄν
2278 2478 2364 2527 ’τις
2412 2461 2581 2531 μύρον
2614 2459 2914 2513 ἀποθέσθαι
2960 2458 3131 2511 θέλων
3167 2458 3388 2528 καθάρῃ
3421 2455 3513 2509 τὸν
3554 2454 3745 2517 τόπον,

2173 2542 2291 2598 εἶτα
2318 2544 2479 2598 πάλιν
2508 2542 2704 2613 μικρὸν
2741 2541 2880 2611 μετά
2914 2540 2976 2595 τδ
2999 2541 3259 2610 ἐμϐαλεῖν
3280 2540 3374 2595 καὶ
3397 2540 3599 2608 κόπρον
3619 2539 3746 2589 ἐπι-

2173 2629 2332 2699 ϐάλῃ,
2360 2627 2460 2681 οὐκ
2480 2626 2696 2695 ἀπέπτη
2724 2627 2759 2696 ή
2786 2624 2983 2679 εὐωδία
3001 2643 3015 2691 ;
3034 2625 3205 2679 Τοῦτο
3227 2624 3440 2693 γίνεται
3456 2621 3550 2675 καὶ
3572 2621 3705 2690 ἡμῖν
3726 2636 3744 2651 ·

2173 2710 2469 2781 ἐγενόμεθα
2518 2709 2660 2776 ἄξιοι
2705 2710 3141 2782 προσερχόμενοι
3183 2708 3326 2762 κατὰ
3370 2706 3603 2774 δύναμιν
3643 2702 3747 2772 τὴν

2173 2795 2447 2867 ἡμετέραν
2468 2810 2484 2826 ·
2514 2790 2636 2846 εἶτα
2666 2793 2827 2847 πάλιν
2854 2791 3155 2872 μολύνομεν
3190 2791 3442 2853 ἑαυτούς.
3481 2790 3548 2842 Τί
3567 2782 3658 2842 οὖν
3678 2787 3748 2841 τδ

2172 2880 2362 2951 κέρδος
2387 2896 2401 2946 ;
2431 2878 2602 2931 Τοῦτο
2630 2878 2724 2931 καὶ
2754 2878 2883 2947 περὶ
2913 2876 3019 2929 τῶν
3042 2876 3355 2944 δυναμένων
3379 2876 3438 2928 ἐν
3466 2875 3585 2935 ταῖς
3616 2888 3747 2924 τεσ-

2174 2963 2482 3032 σαράκοντα
2508 2961 2747 3031 ἡμέραις
2772 2959 3165 3012 ἀπονίπτεσθαί
3196 2976 3395 3029 φαμεν.
3414 2957 3507 3027 Μὴ
3530 2955 3593 3025 δὴ
3615 2956 3748 3024 ἀμε-

2169 3046 2351 3114 λῶμεν
2398 3047 2499 3116 τῆς
2530 3046 2806 3116 ἡμετέρας
2840 3044 3137 3113 σωτηρίας,
3173 3041 3500 3115 παρακαλῶ,
3539 3040 3628 3093 ἵνα
3666 3038 3747 3109 μὴ

2169 3131 2394 3201 γένηται
2426 3129 2579 3191 κενός
2602 3131 2630 3182 6
2658 3130 2824 3191 κόπος
2841 3126 3021 3198 ἡμῶν.
3043 3126 3367 3198 Ἀνθρωπος
3392 3124 3524 3194 γὰρ,
3553 3123 3742 3192 φησὶν,

2169 3217 2528 3289 ἀποστρέφων
2559 3215 2665 3269 ἀπὸ
2695 3214 2969 3286 ἁμαρτίας
2998 3214 3302 3277 αὐτοῦ,καὶ
3324 3213 3487 3266 πάλιν
3517 3210 3746 3280 πορευό-

2173 3319 2353 3371 μενος,
2390 3301 2483 3353 καὶ
2513 3298 2581 3352 τὰ
2610 3300 2750 3351 αὐτά
2795 3298 2987 3361 ποιῶν,
3028 3298 3253 3364 Ὠσπερ
3284 3297 3448 3349 κύων
3464 3293 3635 3348 ἐστίν
3655 3292 3746 3358 εις

2170 3384 2276 3439 τὸν
2319 3382 2475 3438 ἰδιον
2511 3383 2723 3452 ἔμετον
2758 3382 3155 3451 ἐπιστρέφων.
3185 3384 3283 3433 "Av
3308 3380 3448 3433 οὑτω
3476 3377 3743 3448 ποιῶμεν,

2169 3470 2265 3522 καὶ
2304 3467 2452 3520 οὑτω
2491 3466 2877 3537 προσέχωμεν,
2922 3465 3268 3536 δυνησόμεθα
3306 3464 3416 3516 τῶν
3474 3460 3747 3532 βραϐείων

2169 3550 2468 3619 ἀξιωθῆναι
2499 3550 2725 3619 ἐκείνων
2746 3566 2759 3579 ·
2790 3542 2867 3602 ὧν
2896 3548 3106 3616 γένοιτο
3138 3548 3348 3609 πάντας
3374 3546 3525 3617 ἡμᾶς
3558 3547 3746 3596 ἐπιτυ-

2168 3636 2304 3705 χεῖν,
2320 3616 2609 3705 χάριτικαὶ
2629 3616 2819 3701 φιλανθ
2830 3632 3010 3704 ρωπίᾳ
3033 3632 3127 3685 τοῦ
3152 3631 3357 3702 Κυρίου
3384 3616 3540 3701 ήμῶν
3567 3626 3743 3697 Ἰησοῦ

2166 3717 2426 3789 Χριστοῦ,
2464 3716 2584 3787 μεθ’
2642 3708 2702 3769 οὑ
2728 3715 2806 3786 τῷ
2833 3717 3009 3789 Πατρὶ
3043 3716 3160 3786 ἀμα
3195 3715 3273 3785 τῷ
3298 3715 3438 3785 ἁγίῳ
3464 3712 3746 3783 Πνεύματι

2166 3800 2314 3867 δόξα,
2358 3801 2581 3872 κράτος,
2614 3798 2771 3871 τιμὴ,
2811 3798 2907 3854 νῦν
2938 3801 3032 3853 καὶ⁵
3056 3801 3163 3866 ἀεὶ,
3205 3798 3300 3853 καὶ
3338 3800 3419 3862 εἰς
3448 3798 3574 3861 τοὺς
3604 3796 3737 3850 αἰῶ·

2167 3902 2264 3950 νας
2292 3887 2400 3939 τῶν
2423 3884 2657 3940 αἰώνων.
2697 3884 2890 3957 Ἀμήν.

1967 4151 2210 4204 OMIAIA
2249 4146 2339 4217 (τ’.

484 4239 817 4310 Παρακαλῶ
868 4237 983 4296 οὖν
1025 4241 1261 4309 πρῶτον
1315 4241 1559 4294 πάντων
1597 4240 1893 4295 ποιεῖσθαι
1920 4241 2062 4307 δεή-

553 4330 703 4394 σεις,
738 4312 1106 4397 προσευχὰς,
1148 4312 1470 4397 ἐντεύξεις,
1500 4312 2062 4397 εὐχαριστίας-’ὑπὲρ

550 4379 796 4435 πάι-των
820 4379 1168 4448 ἀνθρώπιον,
1196 4382 1347 4447 ὑπὲρ
1358 4379 1672 4447 βασιλέων
1692 4382 1788 4434 καὶ
1822 4381 2063 4435 πάντων

554 4469 671 4504 των
690 4452 760 4504 ἐν
776 4450 1043 4520 ὑπεροχῇ
1068 4451 1280 4517 ὄντων,
1308 4454 1407 4505 ἵνα
1426 4452 1651 4519 ἤρεμον
1673 4453 1770 4505 καὶ
1798 4452 2062 4520 ἡσύχιον

545 4524 693 4586 ,βίον
725 4520 1021 4590 διάγωμεν
1051 4523 1120 4573 ἐν
1166 4522 1334 4590 πείσῃ
1378 4523 1656 4589 εὐσεϐείᾳ
1697 4523 1789 4575 καὶ
1840 4523 2062 4591 σεμνό-

551 4610 701 4659 τητι.
739 4591 921 4645 Τοῦτο
969 4597 1081 4660 γὰρ
1099 4594 1291 4645 καλὸν
1316 4595 1413 4646 καὶ
1437 4594 1777 4646 ἀποδεκτόν
1800 4592 2063 4646 ἐνώπιον

549 4663 656 4716 τοῦ
697 4661 971 4729 Σωτῆρος
1014 4661 1185 4726 ἡμῶν
1226 4664 1397 4726 Θεοῦ,
1450 4663 1517 4729 ὃς
1556 4664 1790 4727 πάντας
1839 4661 2063 4729 ἀνθρώ⁴

547 4750 704 4797 πους
743 4732 901 4802 θέλει
934 4731 1225 4800 σωθῆναι,
1268 4734 1368 4787 καὶ
1403 4735 1492 4799 εὶς
1547 4734 1878 4802 ἐπίγνωσιν
1907 4733 2059 4801 ἀλη-

549 4805 714 4866 θείας
742 4801 966 4854 ἐλθεῖν.

548 4912 616 4959 α’.
650 4907 862 4975 ’Ὠσπερ
905 4906 1084 4968 κοινός
1116 4905 1200 4970 τίς
1232 4908 1348 4960 ἐστι
1378 4906 1563 4977 πατὴρ
1602 4907 1701 4976 τῆς
1730 4894 2061 4977 οίκουμένῆς

476 4991 692 5061 ἀπάσης
736 4988 765 5039 6
795 4988 993 5059 ἱερεύς.
1031 4990 1259 5044 Πάντων
1301 4992 1483 5044 τοίνυν
1515 4991 1665 5057 ἄξιον
1699 4992 1865 5045 αὐτὸν
1901 4991 2061 5061 κήδε-

478 5076 627 5137 σθαι,
662 5073 916 5143 καθάπερ
946 5075 1041 5127 καὶ
1068 5077 1097 5127 ὁ
1117 5076 1270 5138 Θεὸς,
1299 5070 1343 5144 ᾧ
1375 5078 1588 5147 ἱερᾶται
1610 5094 1623 5108 ο
1659 5077 1746 5131 διὰ
1773 5076 1929 5129 τοῦτό
1953 5093 2057 5146 φη-

480 5179 554 5219 σι,
614 5156 948 5227 Παρακαλῶ
996 5154 1111 5213 οὖν
1154 5160 1389 5228 πρῶτον
1442 5160 1687 5214 πάντων
1760 5159 2060 5213 ποιεῖσθαι

475 5244 739 5309 δεήσεις,
790 5243 1159 5310 προσευχάς.
1195 5243 1299 5296 Δύο
1331 5246 1439 5317 γάρ
1472 5244 1723 5298 ἐντεῦθεν
1744 5244 1952 5313 γίνεται
1990 5243 2059 5295 τά

477 5326 681 5395 ἀγαθὰ,
716 5326 777 5379 τό
805 5343 865 5378 τε
910 5326 1064 5397 ἔχθος
1101 5327 1129 5379 ὃ
1152 5329 1290 5396 πρὸς
1340 5330 1469 5391 τοὺς
1512 5328 1618 5394 ἔξω
1649 5328 1848 5399 ἔχομεν
1891 5344 2059 5381 κατα-

477 5414 691 5465 λύεται·
747 5412 922 5473 οὐδεὶς
960 5411 1070 5480 γὰρ
1132 5412 1270 5482 πρὸς
1329 5412 1519 5466 τοῦτον
1580 5412 1840 5482 ἀπεχθῶς
1910 5412 2057 5481 ἔχειν

474 5493 783 5563 δυνήσεται,
825 5495 964 5564 ὑπὲρ
1003 5488 1064 5548 οῦ
1100 5496 1313 5565 δεήσεις
1336 5498 1606 5548 ποιεῖται·
1636 5494 1791 5547 αὐτοί
1816 5511 1877 5546 τε
1905 5495 2051 5546 ἐκεῖ-

473 5594 555 5629 νοι
586 5576 830 5647 βελτίους
855 5578 1194 5649 γίνονταιτῷ
1221 5596 1280 5632 τε
1314 5579 1481 5649 εὐχὰς
1525 5580 1668 5646 ὑπὲρ
1699 5578 1880 5631 αὐτῶν
1904 5579 2051 5647 γίνε-

473 5660 621 5724 σθαι,
654 5660 732 5730 τῷ
763 5678 821 5714 τε
853 5662 930 5733 μή
954 5662 1342 5732 ἐκθηριοῦσθαι
1382 5662 1521 5733 πρὸς
1547 5664 1719 5732 ἡμᾶς.
1747 5662 1914 5716 Οὐδὲν
1944 5665 2053 5736 γάρ

471 5743 616 5798 οὕτω
642 5744 780 5815 πρὸς
806 5744 1159 5801 διδασκαλίαν
1199 5745 1516 5814 ἐπαγωγὸν,
1544 5746 1620 5809 ὡς
1662 5746 1723 5799 τὸ
1758 5746 1936 5815 φιλεῖν
1958 5750 2053 5803 καὶ

2163 4242 2463 4313 φιλεῖσθαι.
2529 4243 2815 4314 Ἐννόησον
2844 4243 2899 4296 δέ
2928 4244 3056 4297 ὅσον
3091 4239 3160 4316 ἦν
3195 4242 3416 4296 ἀκούειν
3450 4244 3575 4308 τούς
3609 4246 3736 4298 ἐπι-

2163 4326 2539 4389 ϐουλεύοντας,
2556 4326 2680 4390 τοὺς
2702 4326 3082 4396 μαστίζοντας,
3100 4328 3227 4390 τοὺς
3247 4327 3589 4395 ἐλαύνοντας,
3609 4330 3737 4392 τοὺς

2162 4410 2613 4473 ἀποκτιννύντας,
2670 4410 2752 4463 ὃτι
2780 4412 2829 4463 οἱ
2874 4410 2944 4463 τά
2976 4412 3203 4465 τοιαῦτα
3256 4412 3558 4480 πάσχοντες
3597 4412 3741 4483 ὑπὲρ

2163 4493 2271 4546 τῶν
2301 4493 2367 4545 τά
2397 4492 2623 4545 τοιαῦτα
2668 4493 2920 4561 δρώντων
2967 4496 3273 4567 προσευχὰς
3306 4493 3456 4567 [579]
3483 4496 3619 4566 πρὸς
3645 4497 3740 4549 τὸν

2160 4576 2295 4629 Θεὸν
2323 4575 2605 4629 ποιοῦνται
2635 4578 2897 4641 ἐκτενεῖς.
3094 4586 3095 4589 “

2242 4662 2407 4731 ὐρᾷς
2436 4660 2553 4724 πῶς
2592 4659 2867 4731 ἀνώτερον
2896 4657 3037 4715 εἶναι
3062 4660 3311 4731 βούλεται
3348 4663 3440 4715 τὸν
3468 4664 3735 4735 Χριστια-

2161 4747 2252 4802 νὸν
2308 4748 2564 4814 πάντων;
2609 4748 2883 4818 Καθάπερ
2914 4749 3023 4817 γὰρ
3077 4749 3170 4801 ἐπὶ
3219 4749 3329 4801 τῶν
3384 4751 3592 4805 παίδων
3627 4754 3737 4806 τῶν

2162 4830 2393 4899 νηπίων.
2448 4829 2551 4883 κᾶν
2608 4830 3013 4903 βασταζόμενον
3066 4832 3126 4885 τὸ
3174 4833 3389 4887 παιδίον
3429 4834 3608 4907 τύπτῃ
3637 4835 3731 4889 τοῦ

2162 4913 2368 4983 πατρὸς
2408 4913 2507 4983 τὴν
2546 4913 2688 4982 ὄψιν,
2729 4914 2881 4967 οὐδὲν
2921 4915 3282 4986 ὑποτέμνεται
3312 4919 3412 4986 τῆς
3442 4918 3727 4990 φιλοστορ-

2160 4997 2305 5065 γίας·
2345 4997 2487 5050 οῦτω
2509 4997 2612 5050 κᾶν
2634 4998 2972 5069 τυπτὼμεθα
3012 5002 3163 5070 παρά
3197 5000 3304 5053 τῶν
3328 5002 3548 5066 ἔξωθεν,
3579 5005 3732 5058 οὐδὲν

2160 5081 2450 5150 ὀφείλομεν
2498 5080 2757 5136 ἐλαττοῦν
2802 5083 2902 5153 τῆς
2934 5083 3149 5149 εὐνοίας
3193 5084 3295 5151 τῆς
3342 5086 3481 5157 πρὸς
3513 5087 3732 5153 αὐτούς.

2161 5165 2225 5217 Τί
2247 5164 2301 5217 δέ
2331 5166 2449 5217 ἐστι
2477 5163 2558 5229 τὸ,
2612 5164 2857 5233 Πρῶτον
2895 5166 3180 5232 πάντων;
3228 5169 3544 5233 Τουτέστιν,
3579 5172 3636 5223 ἐν
3670 5176 3733 5242 τῇ

2159 5246 2388 5318 λατρεία
2414 5248 2480 5318 τῇ
2509 5245 2874 5320 καθημερινῇ.
2901 5251 3014 5304 Καὶ
3049 5251 3210 5305 τοῦτο
3250 5251 3432 5307 ῐσασιν
3454 5256 3503 5307 οί
3532 5255 3736 5325 μύσται

2159 5331 2278 5394 πῶς
2310 5329 2432 5385 καθ’
2477 5330 2715 5402 ἑκάστην
2757 5334 2973 5405 ἡμέραν
3014 5334 3244 5403 γίνεται,
3278 5337 3373 5390 καὶ
3423 5339 3484 5391 ἐν
3524 5339 3736 5409 ἐσπέρα

2159 5416 2255 5468 καὶ
2288 5417 2346 5467 ἐν
2384 5414 2569 5486 πρωῒᾳ
2591 5430 2605 5444 ·
2645 5414 2763 5480 πῶς
2802 5417 2944 5487 ὑπὲρ
2990 5419 3190 5483 παντὸς
3227 5420 3321 5474 τοῦ
3374 5422 3604 5492 κόσμου,
3638 5424 3737 5474 καὶ

2163 5498 2430 5569 βασιλέων
2459 5498 2554 5551 καὶ
2581 5498 2800 5553 πάντων
2826 5500 2938 5555 τῶν
2968 5502 3028 5555 ἐν
3069 5502 3310 5577 ὑπεροχῇ
3348 5504 3517 5558 ὅντων
3545 5504 3736 5559 ποιού-

2165 5581 2305 5648 μεθα
2334 5581 2432 5650 τὴν
2457 5580 2663 5650 δέησιν.
2716 5582 2861 5635 Ἀλλ’
2890 5584 3022 5648 ἴσως
3063 5587 3183 5655 ἐρεῖ
3204 5603 3311 5651 τις,
3352 5587 3433 5641 ὃτι
3462 5589 3561 5658 οὐχ
3589 5589 3734 5659 ὑπὲρ

2158 5664 2379 5717 πάντων
2410 5659 2586 5730 εἶπεν,
2619 5664 2733 5719 ἀλλ’
2762 5666 2904 5739 ὑπὲρ
2936 5668 3044 5721 τῶν
3086 5669 3319 5725 πιστῶν.
3361 5671 3427 5724 Τί
3454 5666 3570 5735 οῦν,
3600 5672 3735 5725 ὅταν

2157 5748 2314 5822 λέγῃ,
2349 5746 2533 5817 Ὑπὲρ
2557 5748 2873 5812 ,βασιλέων
2891 5768 2912 5817 ;
2936 5752 3001 5807 οὐ
3043 5751 3159 5824 γὰρ
3190 5753 3255 5824 δὴ
3304 5754 3425 5809 τότε
3455 5754 3735 5820 θεοσεϐεῖς
