4090 6396
331 322 436 383 529

334 437 591 494 Dominus
617 430 809 489 Iudam
840 439 1041 487 satana:
1064 427 1245 501 (Joan.
1268 428 1357 483 15.
1382 425 1477 496 27)
1509 421 1765 480 tradidit:
1794 429 1908 475 sta-

332 533 428 587 tim
454 529 596 584 enim
615 535 737 598 post
757 523 1049 581 buccellam
1072 518 1291 576 intravit
1308 508 1374 573 in'
1384 516 1529 572 illum
1545 523 1777 568 satanas.
1796 510 1908 566 Diei

335 632 511 693 potest
539 621 700 675 etiam
731 618 875 689 quod
913 616 1009 682 illi,
1041 629 1177 685 quos
1204 612 1476 681 corrigere
1497 609 1767 674 volebant,
1802 622 1908 662 non

334 712 434 783 ipsi
460 709 825 782 castigabant;
852 707 976 762 illos
996 714 1174 760 autem
1201 703 1289 773 qui
1314 700 1589 758 emendari
1618 714 1723 753 non
1765 706 1913 767 pote-

335 813 476 869 rant,
520 801 781 873 supplicio
832 798 1183 855 alliciebant:
1224 795 1310 851 vel
1356 795 1518 849 etiam
1562 790 1913 847 terribiliores

333 906 508 964 erant,
543 912 663 951 cum
687 894 804 949 aliis
830 891 1102 947 traderent
1127 886 1443 959 puniendos.
1475 884 1565 940 Sic
1590 893 1643 939 et
1671 882 1773 938 Job
1801 890 1914 935 tra-

333 990 477 1045 ditus
507 997 590 1043 est
615 996 812 1043 satana:
837 1003 850 1051 ;
881 998 1067 1039 verum
1110 982 1198 1036 ille
1225 996 1332 1036 non
1363 987 1703 1050 peccatorum
1728 987 1911 1040 causa,

334 1079 430 1135 sed
458 1087 516 1135 ut
542 1078 740 1135 clarior
769 1076 1041 1131 evaderet.

409 1175 464 1229 5.
510 1171 701 1227 Contra
743 1187 827 1225 eos
869 1170 955 1239 qui
1001 1177 1089 1222 aut
1129 1164 1338 1236 indigne
1381 1172 1467 1217 aut
1518 1160 1672 1217 semel
1715 1167 1912 1212 tantum

337 1268 393 1321 in
418 1283 552 1321 anno
581 1265 649 1318 ad
675 1262 1079 1317 communionem
1123 1256 1443 1312 accedebant.
1472 1283 1547 1294 —
1573 1251 1733 1307 Multa
1772 1262 1915 1303 nunc

339 1372 554 1431 quoque
596 1355 789 1410 similia
842 1351 993 1406 ﬁunt.
1044 1349 1177 1418 Quia
1221 1348 1365 1403 enim
1429 1343 1742 1401 sacerdotes
1809 1355 1916 1395 non

344 1464 532 1504 omnes
562 1455 876 1519 peccatores
906 1450 1133 1505 norunt,
1164 1453 1264 1493 nec
1288 1453 1381 1493 eos
1419 1437 1507 1507 qui
1552 1434 1765 1504 indigne
1803 1446 1922 1502 my-

342 1542 502 1596 steria
532 1538 850 1611 percipiunt,
884 1536 1023 1590 Deus
1051 1547 1194 1602 saepe
1216 1530 1318 1585 hoc
1344 1528 1487 1591 facit,
1516 1535 1572 1582 et
1598 1540 1693 1581 eos
1721 1532 1921 1579 satana:

348 1632 531 1688 tradit.
560 1628 784 1698 Quando
807 1628 949 1682 enim
980 1624 1176 1691 morbi,
1205 1619 1420 1693 quando
1449 1618 1676 1684 insidiaa,
1707 1614 1922 1687 quando

344 1725 522 1780 luctus
542 1729 596 1777 et
616 1720 946 1775 calamitates
972 1716 1309 1786 contingunt,
1332 1710 1548 1784 quando
1574 1708 1788 1771 similia,
1805 1706 1924 1774 ejus

347 1816 428 1870 rei
459 1828 618 1869 causa
662 1811 815 1865 ﬁunt.
852 1808 963 1864 Hoc
988 1822 1203 1879 quoque
1225 1804 1422 1861 Paulus
1446 1801 1705 1865 declarat,
1738 1800 1810 1854 ita
1838 1798 1922 1852 die

350 1921 482 1963 cens
510 1921 525 1960 :
557 1902 684 1959 Ideo
705 1904 836 1957 inter
860 1918 946 1955 vos
965 1900 1113 1953 multi
1141 1897 1333 1967 inﬁrmi
1356 1905 1402 1949 et
1422 1892 1715 1959 imbecilles,
1737 1900 1783 1944 et
1804 1889 1925 1944 dor-

348 1999 513 2053 miunt
553 1996 701 2050 multi
732 1995 808 2065 (1.
837 1993 957 2050 Cor.
1003 1992 1091 2046 11.
1122 1990 1238 2061 ⁸50).
1268 1989 1337 2043 Ει
1372 1984 1662 2057 quomodo,
1691 1981 1923 2052 inquies,

345 2107 467 2149 cum
499 2090 551 2145 in
583 2104 725 2144 anno
754 2086 925 2142 semel
948 2081 1306 2140 accedamus?
1336 2080 1447 2135 Iloc
1470 2078 1613 2134 enim
1642 2090 1802 2146 grave
1820 2082 1924 2139 est,

350 2186 493 2257 quod
525 2200 630 2239 non
675 2181 937 2237 munditia
982 2178 1197 2243 animaz,
1225 2174 1318 2231 sed
1351 2172 1632 2228 intervallo
1672 2165 1929 2237 temporis

351 2277 667 2348 dignitatem
696 2288 949 2329 accessus
991 2271 1238 2330 metiare,
1270 2276 1324 2321 et
1368 2265 1470 2321 hoc
1511 2264 1765 2334 pietatem
1809 2274 1930 2316 esse

356 2370 656 2435 existimes,
675 2367 816 2438 quod
849 2380 957 2421 non
985 2363 1182 2433 saepius
1208 2359 1469 2415 accedas:
1494 2358 1768 2427 ignorans,
1787 2350 1931 2424 quod

357 2461 575 2531 indigne
600 2459 882 2525 accedere,
909 2456 1010 2512 etsi
1037 2453 1206 2511 semel
1236 2460 1471 2514 tantum,
1505 2457 1688 2504 notam
1718 2447 1928 2511 inurat;

357 2552 519 2623 digne
548 2561 725 2607 autem
758 2548 1036 2612 accedere,
1069 2548 1169 2601 etsi
1201 2544 1431 2614 sapius,
1464 2541 1693 2596 salutem
1734 2539 1930 2609 pariat.

358 2643 475 2701 Non
524 2652 609 2699 est
657 2642 893 2696 audaciae
950 2639 1148 2708 saepius
1200 2634 1497 2699 accedere,
1548 2630 1643 2687 sed
1693 2629 1931 2699 indigne,

358 2735 571 2793 etiamsi
596 2734 763 2789 semel
795 2740 995 2788 tantum
1029 2730 1083 2784 in
1116 2742 1259 2783 anno
1284 2726 1404 2796 quis
1432 2722 1673 2797 accedat.
1697 2720 1807 2776 Nos
1840 2736 1936 2776 au-

359 2836 468 2884 tem
510 2827 582 2882 ita
626 2824 807 2879 stolidi
843 2832 899 2878 et
926 2821 1110 2877 miseri
1158 2833 1366 2884 sumus,
1411 2824 1473 2873 ut
1512 2816 1790 2871 innumera
1839 2826 1936 2882 per

354 2935 553 2975 annum
594 2917 800 2973 scelera
849 2919 1250 2986 perpetrantes,
1281 2910 1432 2966 nullo
1480 2908 1643 2964 modo
1687 2920 1937 2962 curemus

361 3012 451 3068 illa
479 3011 768 3080 deponere,
798 3006 1158 3076 suiﬁcereque
1201 3012 1456 3074 putamus
1483 3000 1628 3071 quod
1657 3014 1764 3054 non
1793 2991 1937 3068 saepe

360 3104 653 3158 audeamus
702 3102 755 3154 in
797 3114 995 3171 corpus
1020 3095 1224 3152 Christi
1267 3093 1653 3151 contumeliose
1696 3090 1936 3146 insilire:

362 3213 469 3252 non
490 3194 791 3265 cogitantes
810 3206 905 3246 eos
935 3190 1024 3260 qui
1045 3189 1323 3245 Christum
1345 3184 1748 3249 cruciﬁxerunt,
1774 3181 1939 3237 semel

360 3298 565 3345 tantum
596 3285 951 3342 crucifixisse.
980 3284 1062 3337 An
1085 3294 1235 3352 ergo,
1265 3279 1388 3350 quia
1416 3278 1583 3334 semel
1608 3284 1812 3331 tantum
1839 3274 1941 3330 mi-

360 3397 461 3438 nus
486 3390 570 3436 est
616 3377 833 3435 scelus?
887 3375 1054 3433 Judas
1081 3373 1251 3430 semel
1305 3371 1581 3444 prodidit:
1613 3370 1740 3439 quid
1769 3369 1939 3440 ergo?

359 3490 429 3529 an
483 3475 586 3529 hoc
626 3471 777 3527 illum
823 3484 854 3523 a
900 3467 1164 3537 supplicio
1207 3464 1443 3534 eripuit?
1484 3464 1593 3517 Cur
1636 3460 1776 3515 hanc
1825 3474 1936 3514 rem

362 3560 606 3636 tempore
643 3560 939 3618 metimur?
968 3569 1181 3628 tempus
1206 3553 1495 3610 accedendi
1521 3552 1591 3607 sit
1614 3551 1767 3606 nobis
1791 3548 1941 3619 puri-

364 3671 445 3716 tas
472 3656 839 3714 conscientias.
884 3651 1032 3708 Nihil
1072 3651 1194 3722 plus
1224 3647 1388 3703 habet
1414 3644 1727 3718 mysterium
1752 3644 1804 3697 in
1835 3642 1937 3697 Pa-

364 3752 552 3808 schate
580 3747 934 3810 celebratum,
966 3757 1033 3799 eo
1062 3740 1204 3813 quod
1235 3753 1377 3794 nunc
1401 3736 1702 3793 celebratur
1731 3753 1745 3789 :
1774 3749 1940 3788 unum

361 3852 416 3898 et
444 3840 583 3896 idem
612 3848 715 3906 est,
740 3836 928 3892 eadem
962 3834 1195 3905 Spiritus
1235 3831 1404 3902 gratia
1436 3846 1451 3883 :
1483 3842 1698 3898 semper
1728 3825 1935 3881 Pascha

1206 306 1272 365 IN
1311 305 1527 363 EPIST.
1568 303 1587 357 ι
1654 301 1741 357 ιιι)
1779 294 2055 354 τιιιοτιι.
2097 295 2249 354 me.
2292 299 2357 357 ιι.
2399 276 2629 359 nam.
2668 300 2755 358 vr.

3494 313 3601 369 5m

2017 430 2119 478 est.
2152 420 2285 477 Illud
2314 424 2481 478 nostis
2509 425 2599 495 qui
2628 424 2820 481 initiati
2852 427 3001 482 estis.
3035 428 3103 483 Et
3129 429 3182 481 in
3201 405 3504 488 'Parasceve
3542 444 3600 490 et

2016 516 2070 571 in
2121 515 2359 571 Sabbato
2385 526 2440 572 et
2476 518 2530 571 in
2565 517 2653 573 die
2697 519 2981 575 Dominico
3004 522 3138 576 etin
3169 523 3257 578 die
3304 524 3595 593 Martyrum

2019 608 2157 663 idem
2202 610 2521 665 sacriﬁcium
2546 622 2950 668 consummatur
2979 633 2990 667 :
3025 615 3439 689 Quotiescumque
3463 621 3600 674 enim

2018 701 2389 755 mandurabitis
2417 719 2599 772 panem
2639 704 2792 768 hunc,
2825 705 3015 774 inquit,
3058 716 3105 759 et
3149 709 3356 762 calicem
3402 709 3599 777 bibetis,

2018 803 2230 846 mortem
2277 792 2482 847 Domini
2521 795 2891 849 annuntiabitis
2931 796 3008 867 (2.
3035 797 3151 852 Cor.
3210 801 3295 854 11.
3336 800 3452 871 9.6).
3483 800 3602 860 Non

2022 887 2278 955 temporis
2298 887 2527 942 termino
2543 888 2863 943 sacrificium
2884 890 3432 962 circumscripsitﬁur
3448 910 3602 965 ergo,

2021 980 2254 1049 inquies,
2288 988 2413 1035 tunc
2456 981 2658 1036 Pascha
2704 982 2940 1037 dicitur?
2969 984 3101 1051 Quia
3131 994 3266 1039 tunc
3297 1001 3483 1055 passus
3522 998 3606 1042 est

2020 1071 2266 1126 Christus
2293 1089 2389 1142 pro
2418 1074 2592 1129 nobis.
2622 1074 2791 1130 Netno
2823 1078 2984 1147 igitur
3028 1090 3152 1132 tunc
3179 1079 3335 1134 aliter
3363 1080 3603 1146 accedat,

2020 1163 2179 1217 aliter
2204 1180 2345 1218 nunc
2370 1181 2383 1217 :
2418 1181 2521 1219 una
2550 1166 2721 1222 virtus
2749 1176 2852 1234 est,
2873 1185 2974 1222 una
3008 1169 3258 1238 dignitas,
3288 1188 3391 1226 una
3413 1173 3604 1242 gratia,

2022 1271 2190 1310 unum
2218 1265 2273 1310 et
2318 1256 2548 1325 idipsum
2579 1274 2820 1330 corpus:
2870 1278 2975 1315 non
3010 1263 3141 1317 illud
3192 1265 3296 1319 isto
3340 1267 3604 1330 sanctius,

2025 1362 2198 1418 neque
2224 1349 2363 1404 istud
2399 1350 2490 1405 illo
2530 1353 2707 1407 minus
2737 1361 2840 1407 est.
2891 1354 2957 1408 Et
2989 1355 3091 1410 hoc
3132 1371 3226 1410 vos
3255 1358 3441 1411 scitis:
3476 1358 3609 1412 nihil

2025 1456 2163 1497 nova
2194 1442 2390 1497 videtis
2421 1453 2615 1513 praeter
2657 1447 2935 1501 saecularia
2969 1448 3067 1502 ista
3098 1448 3238 1514 vela,
3267 1459 3321 1503 et
3368 1450 3608 1519 splendi-

2026 1532 2152 1588 dum
2178 1544 2400 1589 emtum.
2433 1537 2641 1591 llabent
2673 1548 2850 1593 tamen
2881 1540 3081 1611 aliquid
3113 1542 3342 1611 amplius
3365 1542 3481 1597 dies
3509 1543 3607 1607 illi,

2026 1627 2149 1697 quia
2199 1626 2251 1681 in
2300 1627 2406 1683 illis
2446 1628 2654 1684 initium
2704 1631 2906 1700 accepit
2938 1632 3190 1686 salutaris
3220 1634 3309 1687 ille
3334 1633 3471 1699 dies,
3503 1649 3613 1703 quo

2028 1718 2337 1774 immolatus
2361 1731 2444 1775 est
2462 1721 2706 1777 Christus
2731 1740 2746 1786 ;
2778 1723 2921 1794 quod
2950 1723 3016 1778 ad
3049 1725 3302 1795 mysteria
3331 1741 3461 1781 vero
3488 1742 3613 1796 per-

2028 1811 2185 1876 tinet,
2219 1812 2420 1867 nullam
2452 1817 2864 1886 prterogativam
2898 1816 3120 1873 habent.
3160 1818 3240 1872 Tu
3272 1833 3405 1873 vero
3434 1818 3499 1874 ad
3531 1820 3612 1873 ci-

2028 1902 2157 1957 bum
2187 1904 2439 1958 scnsilem
2470 1906 2758 1972 accedens,
2789 1922 2979 1962 manus
3024 1916 3079 1963 ct
3124 1923 3187 1963 os
3233 1908 3408 1964 abluis
3438 1927 3451 1963 :
3491 1923 3617 1964 cum

2029 2005 2210 2049 autem
2252 1995 2319 2049 ad
2350 1995 2687 2065 spiritualem
2714 2012 2895 2052 escam
2924 2013 3239 2054 accessurus
3266 2014 3348 2063 es,
3376 2000 3610 2054 animam

2031 2101 2139 2141 non
2159 2087 2351 2154 abluis,
2376 2087 2469 2143 sed
2494 2088 2826 2143 immunditia
2860 2090 3051 2159 plenus
3081 2090 3332 2145 accedis?
3358 2090 3425 2144 Et
3444 2090 3570 2159 quid
3590 2092 3615 2143 ?

2036 2179 2173 2234 dicis
2201 2195 2217 2233 :
2248 2194 2428 2234 annon
2459 2181 2592 2234 satis
2633 2189 2759 2235 sunt
2784 2182 3135 2252 quadraginta
3173 2182 3369 2252 jejunii
3408 2182 3524 2238 dies
3549 2182 3617 2237 ad

2033 2279 2380 2339 peccatorum
2411 2271 2717 2341 congeriem
2746 2272 3189 2343 expurgandam?
3236 2274 3414 2343 Ecqua
3456 2273 3608 2327 utili—

2034 2361 2159 2415 tas?
2186 2360 2272 2415 dic
2302 2359 2467 2424 mihi;
2512 2360 2558 2415 si
2603 2362 2723 2430 quis
2762 2371 3088 2432 unguentum
3124 2364 3358 2418 condere
3399 2364 3611 2427 volens,

2035 2451 2288 2506 emundet
2330 2452 2527 2518 locum,
2556 2452 2857 2524 deindeque
2902 2454 3059 2523 paulo
3085 2464 3364 2524 postquam
3409 2455 3611 2524 injece-

2036 2544 2128 2607 rit,
2162 2553 2372 2598 stercus
2419 2544 2642 2612 adjiciat
2684 2562 2697 2598 :
2750 2560 2928 2599 nonne
2974 2547 3145 2599 bonus
3180 2544 3314 2600 odor
3352 2545 3622 2602 evolavit?

2038 2634 2153 2690 Hoc
2182 2636 2341 2691 etiam
2372 2636 2528 2690 nobis
2569 2637 2765 2691 accidit
2795 2655 2808 2690 :
2842 2637 2988 2707 digni
3032 2654 3128 2707 pro
3175 2638 3378 2693 viribus
3422 2638 3621 2693 nostris

2040 2727 2167 2783 facti
2200 2743 2387 2782 sumus
2431 2743 2554 2783 cum
2595 2728 3016 2794 accederemus;
3049 2728 3243 2783 deinde
3280 2744 3494 2783 rursum
3524 2743 3626 2782 nos

2042 2819 2405 2890 inquinamus.
2434 2819 2565 2886 Qum
2594 2835 2724 2890 ergo
2752 2820 2993 2874 utilitas?
3043 2819 3157 2874 Iloc
3198 2820 3425 2874 dicimus
3461 2819 3623 2874 etiam

2041 2910 2112 2966 de
2141 2911 2227 2977 iis,
2255 2911 2344 2981 qui
2374 2910 2726 2981 quadraginta
2770 2911 2981 2965 dierum
3029 2911 3203 2980 spatio
3248 2925 3367 2966 sese
3409 2912 3628 2966 abluere

2041 3010 2092 3056 et
2120 3001 2387 3056 mundare
2426 3011 2675 3071 possunt.
2720 3001 2798 3057 Ne
2837 3002 3067 3056 salutem
3098 3010 3340 3056 nostram
3382 3000 3625 3071 negliga-

2042 3108 2180 3159 mus,
2213 3108 2362 3163 rogo,
2397 3108 2466 3148 ne
2492 3093 2645 3148 labor
2675 3104 2860 3148 noster
2886 3094 2957 3147 sit
2984 3092 3212 3149 inutilis.
3255 3092 3430 3147 Homo
3456 3092 3625 3155 enim,

2044 3186 2235 3255 inquit,
2262 3186 2353 3255 qui
2384 3199 2612 3239 aversus
2662 3183 2825 3238 fuerit
2852 3200 2882 3237 a
2914 3193 3135 3254 peccato
3184 3200 3308 3251 suo,
3337 3193 3391 3238 et
3441 3198 3629 3238 rursus

2022 3290 2294 3346 pergens,
2337 3274 2635 3346 eademque
2679 3277 2793 3345 ipsa
2838 3276 3060 3340 faciens,
3097 3275 3255 3341 Quasi
3296 3276 3435 3329 conis
3461 3284 3533 3328 est
3563 3276 3632 3327 ad

2044 3370 2312 3440 proprium
2344 3369 2586 3421 vomitum
2631 3385 2858 3422 reversus
2905 3369 3086 3439 (Prov.
3119 3368 3210 3423 26.
3240 3370 3353 3435 11).
3385 3368 3440 3424 Si
3477 3370 3546 3423 i!a
3576 3381 3633 3423 ut

2043 3459 2153 3513 dixi
2184 3460 2462 3525 faciamus,
2494 3468 2549 3513 et
2576 3460 2644 3512 ita
2673 3458 3031 3524 attendamus,
3066 3459 3287 3528 praemia
3321 3458 3405 3513 illa
3435 3473 3630 3513 conse-

2044 3551 2136 3622 qui
2189 3552 2534 3622 poterimus:
2585 3568 2706 3622 quae
2757 3552 2962 3606 utinam
3015 3552 3356 3607 obtineamus
3415 3552 3629 3620 omnes,

2044 3645 2212 3715 gratia
2242 3652 2298 3699 et
2327 3644 2657 3714 benignitate
2681 3644 2891 3698 Domini
2918 3646 3086 3699 nostri
3115 3644 3241 3699 .Iesu
3271 3644 3494 3711 Christi,
3513 3647 3630 3715 qui-

2044 3751 2165 3791 cum
2196 3736 2340 3791 Patri
2372 3751 2587 3807 unaque
2632 3736 2856 3806 Spiritui
2877 3746 3065 3791 sancto
3096 3735 3286 3806 gloria,
3320 3738 3629 3806 imperium,

2047 3827 2238 3893 honor,
2256 3843 2396 3883 nunc
2412 3837 2466 3883 et
2486 3843 2723 3899 semper,
2737 3838 2792 3883 et
2810 3829 2861 3882 in
2879 3829 3072 3883 smcula
3088 3829 3630 3885 saeculorum.Amen.

364 3945 3612 3975 W

1706 4008 2054 4071 HOMILIA
2095 4010 2205 4071 VI.

362 4172 493 4229 Car.
514 4170 582 4225 2.
609 4184 657 4223 ν.
697 4168 750 4224 1.
778 4166 997 4222 Obsecro
1020 4167 1176 4236 igitur
1206 4163 1426 4233 primum
1450 4160 1675 4215 omnium
1712 4157 1823 4227 fieri
1854 4154 1941 4209 ob-

436 4261 763 4324 secrationes,
781 4260 1056 4321 orationes,
1078 4256 1459 4323 postulationes,
1482 4252 1761 4323 gratiarum
1785 4250 1943 4303 actio-

436 4370 525 4409 nes
554 4369 647 4424 pro
689 4352 920 4407 omnibus
962 4348 1267 4414 hominibus,
1298 4346 1355 4401 2.
1400 4362 1495 4417 pro
1523 4343 1722 4416 regibus
1765 4352 1811 4397 et
1852 4360 1943 4412 pro

437 4445 670 4500 omnibus
710 4445 794 4515 qui
821 4444 875 4496 in
903 4441 1209 4497 sublimitate
1234 4447 1353 4493 sunt
1382 4437 1663 4501 constituti,
1694 4445 1751 4488 ut
1797 4450 1943 4488 secu-

437 4553 550 4589 ram
563 4545 611 4589 et
639 4536 863 4605 quietam
881 4535 1035 4588 vitam
1061 4546 1272 4601 agamus
1297 4530 1351 4582 in
1378 4529 1513 4583 omni
1543 4528 1726 4597 pietate
1754 4536 1798 4579 ct
1824 4542 1944 4578 san-

438 4628 626 4681 ctitate.
659 4626 715 4681 5.
750 4625 861 4679 Hoc
887 4625 1022 4677 enim
1068 4622 1336 4693 pulchrum
1362 4631 1408 4674 et
1447 4619 1750 4686 acceptabile
1776 4633 1946 4671 coram

440 4717 709 4773 Saluatore
736 4728 910 4770 nostra
940 4710 1062 4778 Leo,
1085 4714 1139 4769 4.
1164 4715 1250 4782 qui
1275 4728 1445 4765 omnes
1464 4712 1685 4764 homines
1713 4710 1816 4763 vult
1841 4709 1945 4763 sal-

437 4809 571 4877 vari,
597 4818 646 4863 et
685 4807 754 4862 ad
782 4807 1117 4877 cognitionem
1142 4804 1363 4859 veritatis
1393 4804 1580 4858 venire.

438 4901 495 4957 1.
518 4900 680 4968 Quasi
702 4898 1002 4954 communis
1030 4897 1193 4952 totius
1214 4895 1361 4950 orbis
1388 4904 1539 4964 pater
1559 4894 1812 4949 sacerdos
1835 4903 1942 4949 est.

368 4993 566 5049 Curam
598 4991 756 5062 igitur
806 4990 1041 5044 omnium
1082 4997 1234 5058 gerat
1262 4995 1496 5057 oportet,
1530 4986 1670 5040 sicut
1698 4996 1753 5040 et
1782 4986 1945 5049 Deus,

369 5085 524 5155 cujus
549 5083 801 5139 sacerdos
825 5091 909 5137 est
937 5097 953 5137 :
988 5080 1109 5135 ideo
1137 5081 1214 5135 ait
1244 5097 1257 5133 :
1293 5079 1513 5134 Obsecro
1538 5080 1695 5149 igitur
1724 5080 1947 5148 primum

370 5176 597 5231 omnium
638 5174 749 5239 fieri
772 5174 1170 5234 obsecrationes,
1195 5172 1467 5225 orationes.
1502 5171 1617 5225 Duo
1649 5170 1789 5225 enim
1820 5170 1948 5225 hinc

370 5269 619 5322 oriuntur
640 5266 809 5331 bona;
839 5264 1020 5320 odium
1041 5264 1182 5334 quod
1201 5279 1325 5333 erga
1349 5273 1633 5318 extraneos
1663 5262 1946 5328 habemus,

370 5361 603 5415 solvitur
635 5376 649 5412 :
686 5374 845 5414 nemo
870 5359 1012 5412 enim
1042 5357 1169 5411 odio
1196 5356 1394 5412 habere
1445 5356 1641 5425 poterit
1668 5372 1813 5419 eum,
1851 5371 1948 5426 pro

371 5467 481 5522 quo
503 5450 905 5506 obsecrationes
930 5450 1127 5505 emittit
1156 5468 1169 5504 :
1198 5458 1254 5505 et
1278 5449 1350 5503 illi
1378 5448 1477 5518 ipsi
1509 5449 1761 5504 meliores
1790 5451 1943 5513 liunt,

371 5556 426 5597 et
452 5544 575 5614 quia
604 5546 880 5598 orationes
920 5557 1017 5612 pro
1041 5541 1177 5611 ipsis
1215 5544 1547 5604 emittuntur,
1575 5550 1630 5595 et
1659 5541 1801 5610 quod
1840 5543 1943 5611 ipsi

371 5637 642 5695 feritatem
688 5637 969 5692 adversum
1013 5651 1113 5691 nos
1151 5635 1443 5705 deponant.
1493 5633 1635 5689 Nihil
1679 5635 1822 5689 enim
1874 5635 1946 5690 ita

372 5731 582 5786 confert
606 5729 672 5785 ad
717 5730 1037 5792 doctrinam,
1069 5738 1125 5782 ut
1168 5743 1288 5783 cum
1319 5727 1438 5797 quis
1466 5732 1611 5782 amat
1632 5736 1687 5781 et
1713 5735 1945 5781 amatur.

370 5822 556 5893 Cogita
597 5839 724 5879 vero
764 5832 1019 5895 quantum
1052 5822 1179 5876 illud
1221 5829 1384 5888 esset,
1416 5834 1538 5874 cum
1584 5818 1828 5874 audirent
1862 5820 1939 5875 illi

2050 4156 2140 4224 qui
2186 4152 2394 4208 insidiis
2433 4154 2777 4223 appetebant,
2808 4156 2896 4224 qui
2931 4155 3290 4225 ﬂagellabant,
3338 4157 3629 4227 pellebant,

2049 4247 2338 4313 necabam,
2381 4247 2533 4318 quod
2576 4247 2613 4301 ii
2656 4248 2745 4317 qui
2793 4248 2916 4301 talia
2968 4257 3297 4316 paterentur,
3330 4264 3427 4318 pro
3454 4251 3517 4303 iis
3540 4250 3633 4319 qui

2050 4339 2167 4395 hinc
2198 4350 2478 4411 patrarent
2518 4342 2755 4397 intentas
2799 4344 3139 4411 precationes
3164 4343 3231 4397 ad
3263 4344 3428 4398 Deum
3470 4346 3630 4398 entit-

2054 4442 2248 4489 ιειεηι.

2124 4526 2448 4581 Christianus
2476 4524 2709 4579 omnibus
2731 4524 2964 4595 superior
2983 4540 3089 4579 esse
3115 4526 3355 4580 debet.——
3370 4526 3557 4581 Viden'
3578 4538 3633 4582 ut

2051 4618 2419 4673 Christianum
2448 4618 2699 4673 omnibus
2740 4620 3071 4688 superiorem
3103 4634 3223 4674 esse
3268 4619 3436 4675 velit?
3484 4621 3633 4677 Sicut

2052 4716 2194 4769 enim
2240 4716 2294 4769 in
2340 4714 2655 4777 infantibus,
2691 4715 2904 4770 etiamsi
2950 4723 3187 4785 gestatus
3226 4715 3439 4785 puellus
3467 4720 3635 4787 patris

2053 4806 2241 4861 faciem
2294 4807 2593 4876 percutiat,
2626 4805 2756 4859 nihil
2810 4805 2935 4860 hinc
2978 4817 3236 4875 paternus
3274 4805 3499 4861 allectus
3530 4809 3631 4861 Illi-

2054 4900 2233 4953 nuitur
2264 4916 2277 4952 :
2310 4901 2383 4954 ita
2412 4899 2624 4953 etiamsi
2672 4899 2741 4953 ab
2768 4897 3039 4954 extraneis
3086 4898 3194 4953 illis
3245 4900 3634 4969 percutiamnr,

2052 5006 2159 5045 non
2189 4990 2451 5045 debemus
2496 5000 2733 5045 nostram
2765 5004 2892 5058 erga
2938 5005 3033 5045 eos
3075 4991 3500 5046 benevolentiam
3531 4993 3633 5046 mi-

2054 5098 2242 5138 nuere.
2268 5082 2407 5150 Quid
2440 5082 2542 5137 sibi
2570 5083 2682 5136 vult
2708 5082 2858 5146 illud,
2886 5080 3127 5136 Primum
3152 5082 3417 5136 omnium?
3444 5082 3499 5137 Id
3527 5092 3633 5150 est,

2054 5176 2111 5230 in
2136 5176 2284 5231 cultu
2312 5175 2648 5246 quotidiana.
2682 5176 2746 5229 Et
2781 5176 2883 5228 hoc
2915 5174 3091 5229 sciunt
3121 5174 3331 5238 initiati,
3363 5172 3629 5244 quomodo

2053 5266 2293 5336 quotidie
2307 5266 2431 5320 liant
2449 5266 2782 5335 precationes
2794 5274 2846 5318 et
2859 5280 3083 5335 vespere
3095 5275 3146 5319 et
3160 5279 3315 5319 mane
3331 5280 3347 5322 :
3361 5263 3629 5334 quomodo

2053 5377 2153 5432 pro
2183 5370 2295 5416 toto
2339 5360 2564 5426 mundo,
2594 5376 2693 5429 pro
2720 5360 2934 5430 regibus
2963 5368 3019 5415 et
3059 5360 3308 5414 omnibus
3348 5359 3433 5430 qui
3466 5360 3629 5430 magi-

2054 5461 2279 5507 stratum
2310 5461 2525 5522 gerunt,
2557 5450 2985 5505 obsecrationem
3031 5450 3358 5504 emittainus.
3387 5452 3457 5504 At
3487 5451 3627 5506 dicet

2056 5545 2283 5599 fortasse
2326 5544 2613 5614 quispiam,
2647 5545 2797 5599 illum
2843 5560 2947 5597 non
2998 5558 3093 5613 pro
3120 5544 3369 5597 omnibus
3399 5543 3621 5604 dixisse,

2056 5634 2149 5689 sed
2196 5649 2292 5704 pro
2342 5633 2609 5688 tidelibus.
2644 5630 2751 5687 Cur
2799 5648 2929 5702 ergo
2975 5632 3189 5697 dixerit,
3242 5630 3347 5686 Pro
3391 5631 3631 5703 regibus?

2056 5728 2228 5798 Reges
2258 5727 2399 5782 enim
2431 5741 2528 5781 seu
2575 5726 2930 5792 Imperatores
2957 5732 3081 5779 tunc
3103 5742 3281 5779 veram
3313 5726 3627 5797 religionem

2056 5836 2162 5875 non
2205 5819 2565 5885 sectabantur,
2595 5818 2688 5873 sed
2741 5818 2900 5888 longo
2958 5826 3199 5888 tempore
3249 5818 3395 5889 impii
3447 5819 3625 5889 impiis
