4090 6396
548 301 644 359 53!

543 416 922 473 succedebant.
958 417 1159 474 Deinde
1183 433 1251 474 ne
1277 432 1367 474 res
1395 420 1630 474 adulatio
1658 434 1779 476 esse
1821 420 2114 485 videretur,

545 508 696 576 prius
743 509 899 576 dixit,
925 509 1031 564 Pro
1066 510 1320 577 erunibus,
1342 525 1405 565 ac
1430 510 1643 576 deinde,
1668 510 1776 565 Pro
1815 513 2035 582 regibus.
2064 512 2119 568 Si

540 600 685 654 enim
711 600 956 667 dixisset,
991 601 1094 655 Pro
1123 602 1357 671 regibus,
1381 605 1847 667 tantum,fortasse
1877 604 1994 671 quis
2018 602 2117 657 hoc

536 692 839 761 suspicatus
861 704 1024 748 esset.
1050 693 1267 757 Deinde,
1285 694 1410 760 quia
1439 693 1728 748 verisimile
1757 702 1873 747 erat
1900 692 2116 747 utChri—

536 786 747 843 stianus
766 786 976 840 animus
1007 786 1119 839 lure
1136 786 1358 841 audiens
1376 795 1725 854 torpesceret,
1746 801 1919 853 neque
1942 786 2113 839 moni-

535 890 646 945 tum
683 879 784 934 hoc
805 879 1139 943 admitteret;
1161 878 1205 932 si
1229 893 1326 947 pro
1356 878 1539 947 gentili
1563 879 1937 948 mysteriorum
1969 886 2108 931 tem-

533 988 666 1043 pore
698 987 882 1042 preces
905 981 1174 1040 oporteret
1208 971 1386 1026 oﬂ‘erri
1404 988 1417 1023 :
1437 971 1556 1025 vide
1585 971 1710 1040 quid
1735 971 1896 1035 dicat,
1912 978 1966 1025 et
1986 985 2108 1039 quo-

534 1066 695 1120 modo
712 1066 918 1121 lucrum
936 1072 1188 1135 apponat,
1206 1071 1265 1117 ut
1280 1063 1359 1117 sic
1379 1064 1467 1117 ille
1484 1062 1903 1118 admonitionem
1919 1061 2107 1115 admit-

529 1164 698 1221 teret;
733 1154 801 1210 Ut
819 1170 1065 1219 securam,
1089 1154 1278 1224 inquit,
1296 1164 1340 1207 et
1361 1154 1576 1223 quietam
1592 1153 1835 1207 ducamus
1852 1154 2021 1207 vitam.
2046 1152 2101 1207 ld

524 1248 845 1309 est,illorum
861 1248 1003 1301 salus
1020 1246 1170 1300 nobis
1190 1245 1621 1315 tranquillitatem
1643 1246 1804 1313 parit:
1824 1245 1961 1299 sicut
1977 1253 2029 1297 et
2046 1244 2097 1296 in

526 1340 762 1410 Epistola
778 1338 844 1393 ad
860 1338 1127 1391 Romanos
1148 1338 1364 1392 hortans
1384 1337 1501 1392 illos
1519 1348 1572 1390 ut
1586 1337 1839 1392 obediant
1855 1335 2101 1406 principi-

522 1432 641 1495 bus,
657 1432 786 1486 dicit
808 1449 821 1483 :
848 1430 907 1485 Si
933 1447 1030 1483 non
1050 1440 1255 1500 prapter
1278 1432 1638 1493 necessitatem,
1658 1430 1746 1484 sed
1762 1439 1964 1501 propter
1983 1445 2097 1481 con-

516 1525 775 1579 scientiam
789 1524 806 1591 (
816 1522 1145 1592 Ront.15.5).
1164 1523 1301 1576 Deus
1319 1524 1459 1577 enim
1478 1522 1803 1592 principatus
1818 1522 2094 1577 eoosutuit

515 1615 580 1669 ad
612 1630 948 1670 communem
978 1614 1278 1667 utilitatem.
1308 1613 1588 1680 Quomodo
1614 1628 1743 1683 ergo
1770 1630 1875 1667 nou
1903 1614 2092 1668 absur-

520 1707 646 1760 dum
680 1706 861 1771 fuerit,
892 1707 1036 1776 ipsos
1062 1704 1277 1774 quidem
1324 1704 1447 1760 ideo
1474 1706 1703 1761 militare
1730 1717 1784 1761 et
1811 1721 1957 1760 arma
1979 1707 2091 1760 cir-

511 1800 799 1863 cumferre,
826 1808 881 1853 ut
908 1813 1005 1852 nos
1030 1799 1084 1851 in
1114 1798 1496 1867 tranquillitate
1525 1798 1767 1852 vivamus
1794 1814 1808 1863 ;
1865 1814 1960 1852 nos
1991 1813 2088 1851 au-

510 1903 616 1948 tem
648 1906 755 1947 non
797 1892 1213 1961 supplicationes
1239 1890 1436 1945 offerre
1463 1905 1562 1960 pro
1604 1892 1671 1946 iis
1710 1892 1800 1962 qui
1843 1894 2084 1960 periculo

509 1985 742 2038 subeunt
780 1991 836 2037 et
874 1981 1144 2036 militant?
1190 1981 1372 2051 Itaque
1402 1997 1508 2036 non
1554 1982 1789 2036 adulatio
1817 1984 1945 2037 illud
1975 1993 2077 2048 est,

506 2074 601 2128 sed
631 2073 926 2129 secundum
950 2073 1171 2143 justitiae
1193 2073 1454 2127 rationem
1478 2074 1673 2143 agitur.
1699 2073 1808 2128 Nisi
1831 2076 1971 2129 enim
2001 2076 2077 2130 illi

508 2174 871 2231 servarentur,
902 2176 956 2220 et
986 2166 1030 2219 si
1070 2164 1208 2219 bella
1238 2181 1341 2219 non
1373 2180 1630 2235 prospere
1668 2178 1937 2236 gererent,
1981 2186 2078 2223 no-

505 2266 611 2312 stra
644 2257 784 2311 haud
812 2256 973 2311 dubie
1005 2257 1172 2312 turbis
1197 2266 1252 2312 et
1290 2257 1605 2312 tumultibus
1655 2260 1809 2327 plena
1856 2259 2032 2315 forent
2059 2280 2087 2317 :r

502 2365 624 2403 nam
659 2350 741 2404 vel
770 2364 868 2404 nos
894 2349 1091 2404 bellum
1116 2364 1305 2419 gerere
1334 2358 1629 2418 oporteret,
1653 2350 1946 2421 proﬂigatis
1968 2352 2072 2408 illis

495 2449 552 2496 et
596 2441 771 2505 caesis,
806 2448 899 2495 aut
948 2440 1304 2510 undequaque
1354 2440 1535 2511 fugere
1586 2450 1641 2496 et
1685 2457 1889 2497 errare.
1938 2442 2071 2498 Sunt

492 2535 636 2589 enim
661 2533 736 2588 illi
764 2534 909 2588 velut
928 2533 1113 2588 obices
1141 2534 1423 2603 praemissi,
1444 2535 1536 2604 qui
1554 2550 1648 2590 eos
1675 2536 1764 2606 qui
1794 2537 1936 2592 intus
1958 2552 2070 2591 ma-

498 2634 629 2680 nent
657 2626 709 2679 in
742 2640 873 2695 pace
916 2635 1261 2679 conservent.
1300 2624 1702 2692 Obsecrationes,
1731 2627 1919 2697 inquit,
1951 2644 2068 2681 ora-

490 2718 671 2782 tiones,
701 2717 1086 2785 postulationes,
1114 2716 1398 2785 gratiarum
1440 2718 1679 2772 actiones.
1714 2718 1825 2772 Dco
1868 2720 2067 2789 quippe

489 2811 673 2880 gratiae
700 2810 921 2881 agenda:
947 2820 1073 2864 sunt
1102 2810 1264 2864 etiam
1290 2809 1357 2865 de
1389 2810 1542 2866 bonis
1584 2827 1704 2882 quae
1727 2812 1845 2867 aliis
1874 2813 2062 2867 confe-

491 2912 685 2957 runtur
716 2920 730 2957 :
763 2902 912 2957 verbi
938 2902 1109 2972 gratia
1130 2942 1147 2968 ,
1174 2901 1320 2971 quod
1347 2902 1517 2958 solem
1548 2917 1700 2957 suum
1745 2905 1872 2958 oriri
1905 2904 2063 2960 faciat

485 3008 650 3062 super
677 2993 845 3047 malos
867 3001 922 3046 et
950 2990 1145 3056 bonos,
1175 2991 1317 3059 quod
1346 2992 1492 3061 pluat
1522 3007 1684 3062 super
1706 2992 1879 3063 justos
1901 3004 1955 3050 et
1980 2996 2061 3049 in-

479 3089 673 3160 justos.
699 3086 864 3142 Vides
894 3095 951 3140 ut
980 3086 1071 3139 ille
1098 3100 1204 3140 non
1252 3086 1412 3140 modo
1462 3101 1558 3155 per
1595 3088 1915 3155 orationem,
1962 3088 2057 3144 scd

487 3183 649 3237 etiam
679 3196 776 3251 per
803 3179 1094 3249 gratiarum
1121 3179 1388 3233 actionem
1412 3194 1510 3233 nos
1537 3180 1827 3251 conjungat
1847 3191 1901 3236 et
1925 3196 2054 3237 con-

480 3274 748 3345 glutinet?
804 3272 937 3330 Nam
980 3271 1069 3342 qui
1111 3272 1321 3341 cogitur
1362 3273 1563 3342 gratias
1604 3286 1764 3342 agere
1808 3273 1916 3327 Deo
1961 3288 2057 3343 pro

480 3366 636 3425 bonis
664 3364 915 3435 proximi,
945 3363 1157 3433 cogitur
1187 3364 1347 3416 etiam
1398 3363 1543 3417 illum
1574 3362 1815 3433 diligere,
1846 3373 1897 3419 et
1927 3380 2051 3435 erga

479 3459 629 3513 illum
658 3458 798 3513 bene
824 3455 1045 3510 affectus
1066 3470 1207 3510 esse.
1238 3454 1389 3523 Quod
1420 3455 1464 3509 si
1498 3470 1594 3524 pro
1615 3456 1680 3510 iis
1701 3457 1791 3526 qui
1824 3458 2050 3526 proximi

476 3550 629 3603 nobis
644 3556 785 3610 sunt,
802 3556 1046 3616 Oporteat
1072 3547 1267 3617 gratias
1289 3562 1466 3617 agere,
1492 3547 1660 3602 multo
1683 3547 1852 3618 magis
1873 3564 1969 3619 pro
1987 3550 2051 3603 iis

474 3641 565 3712 qui
592 3640 656 3694 ad
677 3654 774 3693 nos
800 3638 889 3693 vel
916 3639 1091 3707 palam
1121 3638 1202 3693 vel
1229 3638 1362 3692 clam
1393 3638 1671 3703 accedunt,
1688 3640 1799 3694 sive
1826 3640 2053 3695 libenter

473 3734 585 3788 sive
608 3731 779 3795 inviti,
803 3746 899 3800 pro
923 3732 985 3785 iis
1006 3731 1163 3785 etiam
1190 3731 1278 3801 qui
1311 3732 1531 3786 molesta
1553 3732 1750 3786 inferre
1769 3731 2048 3787 videntur:

470 3824 668 3879 etenim
701 3822 768 3877 ad
796 3823 1075 3876 utilitatem
1119 3832 1355 3875 nostram
1382 3822 1561 3876 omnia
1585 3821 1859 3893 dispensat
1888 3824 2048 3878 Deus.

540 3917 576 3969 2
636 3915 887 3968 Adversus
914 3930 999 3967 eos
1026 3912 1114 3982 qui
1142 3924 1320 3966 contra
1349 3914 1635 3981 proximum
1672 3924 1960 3983 precantur.
1980 3946 2055 3957 —

469 4006 656 4062 Omnis
688 4006 845 4074 igitur
876 4005 1047 4058 oratio
1082 4012 1265 4060 nostra
1315 4005 1607 4074 gratiarum
1639 4009 1904 4063 actionem
1947 4011 2047 4064 ha-

469 4098 610 4152 beat.
643 4094 796 4163 Quod
826 4094 869 4149 si
908 4095 1115 4165 precari
1155 4094 1407 4163 jubemur
1449 4110 1547 4165 pro
1593 4098 1854 4165 proximis
1878 4139 1895 4164 ,
1937 4114 2043 4155 non

469 4204 567 4260 pro
597 4188 839 4243 lidelibus
866 4195 1070 4241 tantum
1096 4227 1111 4252 ,
1141 4186 1236 4241 sed
1266 4188 1428 4240 etiam
1460 4202 1557 4255 pro
1583 4187 1885 4245 infidelibus
1906 4230 1921 4257 ,
1946 4205 2043 4245 co-

466 4284 572 4354 gita
596 4292 849 4352 quantum
879 4279 947 4336 sit
971 4279 1166 4333 malum
1197 4278 1455 4334 adversus
1483 4279 1674 4335 fratres
1702 4296 1879 4337 orare.
1903 4283 2042 4350 Quid

465 4374 642 4429 dicis?
672 4375 759 4428 ille
786 4382 838 4428 te
874 4388 970 4443 pro
998 4371 1228 4426 inimicis
1265 4370 1423 4441 jussit
1449 4386 1625 4438 orare,
1659 4382 1713 4427 et
1758 4382 1810 4427 ιιι
1855 4384 2041 4430 contra

465 4466 683 4521 fratrem
717 4463 997 4533 precaris?
1034 4462 1149 4517 Non
1192 4471 1380 4518 contra
1426 4463 1574 4517 illum
1617 4465 1857 4532 precaris
1886 4507 1901 4529 ,
1945 4466 2040 4521 sed

462 4565 648 4610 contra
681 4556 905 4624 teipsum
939 4576 951 4609 :
984 4554 1151 4609 Deum
1183 4555 1323 4608 enim
1359 4554 1567 4620 irritas,
1598 4555 1685 4609 illa
1716 4557 1874 4626 impia
1911 4573 2040 4628 pro-

466 4649 643 4702 ferens
666 4646 827 4700 verba
862 4665 874 4701 :
908 4647 983 4703 lla
1010 4657 1061 4701 te
1091 4646 1283 4702 exhibe
1320 4646 1414 4710 illi,
1449 4647 1517 4700 ita
1546 4646 1625 4700 iac
1656 4646 1767 4714 illi,
1809 4659 2029 4718 percute

462 4736 633 4801 illum,
666 4735 901 4792 retribue
944 4736 1040 4790 illi.
1073 4735 1200 4790 Haec
1228 4737 1413 4805 procul
1449 4736 1564 4791 sint
1593 4752 1623 4790 a
1655 4736 1850 4792 Christi
1872 4738 2039 4794 disci-

460 4826 619 4898 pulis,
644 4827 956 4892 mansuetis,
977 4826 1240 4896 benignis.
1261 4826 1341 4880 Ab
1368 4841 1480 4890 ore,
1500 4826 1640 4896 quod
1668 4836 1816 4882 tanto
1837 4838 2036 4899 myste-

458 4918 540 4974 rio
564 4918 837 4987 dignatum
854 4926 956 4983 est,
974 4917 1101 4971 nihil
1128 4932 1366 4971 amarum
1394 4917 1637 4986 prodeat,
1666 4918 1799 4973 nihil
1816 4921 2036 4978 insuave

456 5008 692 5083 proferat
729 5009 904 5079 lingua
931 5051 946 5075 ,
974 5009 1056 5062 cui
1081 5008 1318 5063 divinum
1342 5024 1536 5079 corpus
1567 5011 1878 5079 impositum
1906 5022 1990 5067 est
2017 5031 2031 5068 :

457 5119 643 5173 puram
671 5102 812 5157 illam
840 5116 1135 5167 servemus,
1164 5117 1232 5156 ne
1260 5102 1540 5157 maledicta
1571 5118 1664 5171 per
1682 5104 1824 5158 illam
1851 5107 2031 5175 profe-

457 5208 656 5247 ramus.
680 5192 810 5247 Nam
832 5192 876 5246 si
897 5192 1262 5247 contumeliosi
1284 5208 1505 5262 regnum
1532 5209 1636 5247 non
1657 5196 2027 5265 possidebunt,

460 5285 537 5349 (l.
562 5282 681 5337 Cor.
714 5282 766 5338 6.
798 5281 886 5355 10)
912 5282 1112 5347 ,multo
1134 5282 1493 5353 minusilliqui
1522 5284 1913 5353 imprecantur:
1932 5301 2031 5340 ne-

454 5376 747 5429 cessarium
775 5375 917 5429 enim
948 5382 1031 5428 est
1059 5388 1179 5428 eum
1210 5374 1533 5429 contumelia
1565 5376 1777 5430 allicere
1805 5378 1895 5446 qui
1928 5377 2029 5431 im-

459 5474 706 5533 precatur
740 5482 753 5518 :
787 5464 1108 5519 contumelia
1149 5474 1327 5518 autem
1381 5473 1436 5519 et
1489 5466 1724 5533 precatio
1767 5467 1923 5536 longe
1959 5468 2027 5523 ab

455 5552 683 5609 invicem
710 5553 910 5609 distant
940 5571 954 5608 :
988 5553 1303 5623 imprecatio
1344 5564 1398 5608 ct
1433 5554 1606 5608 oratio
1646 5555 1806 5625 longo
1855 5556 2025 5611 inter-

452 5643 595 5698 vallo
623 5655 959 5715 separantur.
992 5644 1125 5700 Oras
1163 5646 1328 5700 Deum
1359 5655 1415 5699 ut
1443 5646 1513 5699 sit
1542 5646 1840 5714 propitius,
1872 5657 1925 5701 et
1968 5655 2025 5702 tu

447 5746 635 5794 contra
660 5738 821 5793 alium
848 5739 1080 5809 precaris
1105 5740 1126 5792 ?
1157 5738 1213 5795 Si
1246 5754 1348 5793 non
1377 5739 1672 5807 remiseris,
1708 5754 1811 5795 non
1840 5741 2024 5795 remit-

1277 301 1334 362 S.
1371 301 1649 361 JOANNIS
1677 300 2147 361 CHRYSOSTOMI
2185 304 2498 365 ARCHIEP.
2537 308 3064 371 CONSTANTINOP.

3706 321 3813 376 532

2231 428 2374 475 tetur
2398 423 2489 477 tibi
2520 423 2730 494 (Matth.
2756 426 2810 481 6.
2842 428 2935 499 t5)
2962 446 2975 482 :
3003 436 3058 483 et
3084 438 3137 484 tu
3162 443 3269 485 non
3296 430 3455 488 modo
3479 446 3586 488 non
3614 436 3811 489 remit-

2226 513 2312 579 tis,
2357 513 2451 569 sed
2503 515 2668 570 Deum
2718 514 2786 571 tie
2824 519 3059 573 remittat
3099 524 3302 591 rogas?
3326 522 3512 578 Viden'
3540 527 3801 595 nequitiae

2220 606 2546 659 excessum?
2588 605 2646 660 Si
2676 621 2782 662 non
2811 609 3105 665 remittenti
3148 626 3254 665 non
3298 614 3623 678 remittitur,
3662 631 3802 686 quo-

2221 693 2380 746 modo
2426 695 2727 752 remittetur
2754 698 2839 765 ei,
2885 700 2976 770 qui
3021 700 3186 756 Deum
3235 712 3386 773 rogat
3421 720 3489 759 ne
3509 707 3799 761 remittat!

2215 785 2328 839 Non
2359 786 2429 841 illi
2460 803 2642 854 noces,
2670 789 2764 845 sed
2788 791 2900 845 tibi.
2927 790 3143 858 Quare?
3170 793 3226 849 Si
3254 795 3396 849 enim
3423 796 3795 853 exaudiendus

2212 892 2333 931 eras
2358 878 2406 932 in
2441 879 2505 933 iis
2525 895 2643 950 quae
2670 895 2767 951 pro
2795 892 2846 938 te
2877 885 3112 952 precaris
3132 926 3147 950 ,
3182 896 3464 957 propterea
3495 903 3788 958 numquam

2211 968 2533 1034 exaudieris,
2562 971 2651 1040 qui
2677 972 3006 1028 exsecranda
3029 988 3123 1029 ore
3153 990 3340 1045 preces
3369 977 3568 1031 emittis
3593 995 3605 1031 :
3629 994 3788 1033 exse-

2207 1059 2461 1112 crandum
2493 1062 2636 1115 enim
2664 1071 2720 1116 et
2761 1063 3028 1132 impurum
3055 1067 3275 1122 omnino
3301 1077 3384 1121 est
3408 1082 3469 1122 os
3498 1068 3787 1138 hujusmo-

2207 1146 2297 1211 di,
2336 1152 2484 1205 omni
2525 1151 2716 1208 faetore
2764 1154 3014 1223 plenum,
3045 1158 3190 1211 omni
3241 1159 3597 1215 immunditia.
3641 1160 3779 1217 Cum

2203 1249 2477 1308 oporteret
2501 1252 2551 1298 te
2579 1243 2649 1299 de
2673 1246 2905 1314 peccatis
2929 1248 3031 1303 tuis
3052 1258 3303 1315 tremere,
3329 1260 3383 1305 et
3409 1252 3554 1307 omni
3578 1262 3777 1308 conatu

2201 1329 2287 1382 illa
2318 1347 2509 1389 curare
2528 1374 2543 1400 ,
2571 1336 2782 1391 accedis
2810 1346 2870 1392 ut
2910 1339 3080 1394 Deum
3110 1341 3348 1397 concites
3374 1342 3630 1400 adversus
3667 1344 3775 1399 fra-

2201 1427 2333 1475 trem
2362 1431 2509 1477 tuum
2530 1465 2547 1491 ,
2587 1440 2689 1482 nec
2727 1427 2883 1482 times
2906 1467 2922 1493 ,
2951 1444 3052 1484 nec
3079 1429 3145 1484 de
3188 1431 3347 1486 rebus
3377 1430 3479 1487 tuis
3509 1433 3771 1490 sollicitus

2195 1516 2295 1569 es?
2340 1531 2450 1570 non
2488 1516 2639 1573 vides
2689 1519 2816 1589 quid
2861 1520 2955 1576 tibi
2998 1522 3280 1578 moliaris?
3322 1523 3535 1582 Imitare
3578 1528 3769 1583 saltem

2194 1622 2388 1677 pueros
2409 1651 2423 1676 ,
2453 1611 2543 1679 qui
2583 1610 2636 1665 in
2668 1610 2820 1667 ludos
2864 1612 3131 1670 literarios
3158 1626 3420 1686 pergunt,
3448 1628 3649 1672 etcum
3682 1621 3765 1674 vi-

2191 1700 2321 1755 dent
2345 1716 2375 1755 a
2402 1702 2563 1757 sociis
2590 1703 2700 1757 suis
2720 1718 2905 1758 eorum
2930 1720 3045 1774 quae
3070 1706 3360 1763 didicerint
3388 1710 3624 1765 rationes
3642 1712 3767 1766 exi-

2189 1791 2261 1861 gi,
2292 1801 2345 1847 et
2370 1793 2439 1848 ob
2462 1795 2836 1864 negligentiam
2859 1809 3050 1853 omnes
3069 1798 3365 1866 verberari,
3403 1811 3565 1871 atque
3605 1818 3770 1857 accu-

2188 1893 2303 1941 rate
2342 1886 2577 1957 singulos
2617 1889 2906 1945 examinari
2952 1898 3006 1945 et
3042 1890 3210 1961 plagis
3234 1890 3375 1947 afﬁci
3422 1933 3439 1958 ,
3477 1909 3586 1963 prae
3613 1905 3763 1950 metu

2185 1978 2335 2046 quasi
2376 1980 2714 2045 moriuntur;
2745 1995 2808 2035 ac
2845 1981 2888 2036 si
2929 1982 3049 2050 quis
3096 1998 3161 2037 ex
3205 1983 3591 2055 condiscipulis
3634 1986 3759 2041 illos

2183 2082 2326 2136 serpe
2362 2070 2661 2137 percutiat,
2708 2087 2775 2126 ne
2809 2072 3112 2128 irascuntur
3141 2074 3353 2143 quidem
3379 2116 3397 2143 ,
3435 2081 3569 2132 adeo
3610 2088 3758 2133 metu

2180 2159 2539 2228 distinentur,
2576 2177 2748 2233 neque
2779 2165 3092 2234 magistrum
3132 2167 3479 2238 interpellare
3517 2170 3755 2235 audent;

2180 2251 2277 2306 sed
2304 2269 2465 2306 unum
2508 2263 2711 2309 tantum
2751 2265 3035 2325 spectant,
3078 2268 3136 2312 ut
3164 2258 3389 2329 ingressi
3427 2261 3542 2316 sine
3584 2262 3756 2332 plagis

2177 2343 2324 2398 exire
2371 2345 2607 2413 possint;
2657 2345 2894 2417 illudque
2936 2357 3143 2418 tempus
3179 2350 3506 2406 observant:
3535 2363 3588 2407 et
3626 2369 3752 2408 cuni

2173 2435 2375 2505 egressi
2404 2435 2636 2505 fuerint,
2672 2438 2786 2494 sive
2811 2439 2979 2510 plagis
3007 2442 3244 2511 acceptis
3269 2484 3286 2509 ,
3315 2444 3430 2499 sive
3458 2460 3561 2499 non
3598 2461 3755 2502 acce-

2172 2528 2299 2598 ptis,
2328 2544 2439 2599 prae
2458 2530 2732 2600 voluptate
2751 2531 2818 2587 de
2848 2533 2913 2588 iis
2934 2549 3041 2589 non
3063 2535 3202 2591 ultra
3226 2539 3483 2607 cogitant.
3511 2539 3588 2594 Tu
3619 2556 3752 2595 vero

2170 2628 2319 2675 stans
2348 2632 2403 2676 et
2430 2620 2498 2677 de
2538 2624 2770 2692 peccatis
2799 2624 2904 2679 tuis
2941 2625 3233 2694 sollicitus,
3266 2642 3371 2682 non
3401 2629 3741 2686 exhorrescis

2167 2726 2290 2767 cum
2316 2713 2545 2769 aliorum
2576 2724 2793 2785 peccata
2819 2717 2871 2771 in
2906 2719 3217 2773 memoriam
3245 2723 3507 2776 revocas?
3535 2733 3586 2778 et
3610 2742 3761 2793 quor

2166 2804 2330 2861 modo
2379 2805 2546 2861 Deum
2590 2807 2791 2877 rogas?
2834 2808 2967 2863 Dum
3016 2809 3164 2864 illum
3210 2821 3399 2866 contra
3444 2815 3743 2883 proximum
3780 2810 3785 2817 ’

2167 2897 2422 2965 precaris,
2453 2906 2669 2966 peccata
2702 2907 2789 2952 tua
2820 2901 3069 2969 graviora
3102 2901 3250 2968 facis,
3283 2918 3384 2958 nec
3410 2905 3540 2958 sinis
3572 2916 3627 2959 ut
3649 2908 3745 2962 ille

2164 2989 2257 3044 tibi
2289 2991 2497 3045 veniam
2525 2991 2802 3046 concedat.
2835 2992 3117 3060 Quomodo
3142 2995 3286 3049 enim
3307 3037 3320 3062 ,
3355 2996 3526 3067 inquit
3565 2999 3739 3067 Deus,

2162 3082 2208 3136 si
2235 3081 2314 3136 vis
2345 3096 2429 3137 me
2458 3097 2645 3138 severe
2676 3084 2949 3154 inquirere
2975 3083 3045 3140 de
3070 3086 3224 3140 malis
3254 3097 3437 3142 contra
3476 3098 3528 3143 te
3558 3098 3740 3159 patra-

2162 3174 2251 3241 tis,
2282 3183 2620 3244 peceatorum
2654 3184 2865 3230 tuorum
2910 3166 3103 3231 contra'
3135 3192 3223 3232 me
3259 3178 3614 3235 admissorum
3646 3197 3741 3236 ve-

2159 3267 2304 3321 niam
2340 3266 2432 3320 tibi
2474 3266 2695 3321 concedi
2729 3268 3011 3338 postulas?
3038 3268 3316 3324 Discatnus
3361 3272 3571 3327 tandem
3613 3289 3738 3329 esse

2159 3357 2445 3412 Christiani
2476 3375 2489 3412 :
2520 3357 2563 3412 si
2594 3360 2800 3428 precari
2825 3360 3147 3426 nesciamus,
3178 3361 3320 3430 quod
3350 3372 3526 3418 tamen
3548 3365 3736 3420 admo-

2158 3448 2282 3503 dum
2311 3448 2466 3503 facile
2488 3458 2591 3513 est,
2616 3449 2741 3518 quid
2764 3449 2906 3504 aliud
2930 3452 3202 3505 sciemus?
3230 3452 3507 3508 Discamus
3529 3458 3735 3524 precari

2158 3554 2215 3596 ut
2235 3540 2519 3596 Christiani
2553 3558 2565 3594 :
2598 3542 2877 3611 gentilium
2899 3553 3026 3596 sunt
3056 3543 3160 3597 illae
3190 3558 3398 3613 preces,
3422 3545 3733 3603 Iuda-orum

2157 3643 2282 3689 sunt
2326 3634 2431 3689 illa:
2473 3634 2921 3703 supplicationes;
2954 3634 3244 3691 Christiani
3282 3652 3412 3693 vero
3453 3622 3731 3695 suntillis

2156 3727 2457 3791 contrariae,
2480 3728 2690 3781 veniam
2724 3741 2918 3797 nempe
2943 3736 2998 3782 et
3025 3728 3394 3782 remissionem
3425 3740 3603 3799 petere
3632 3747 3731 3801 pro

2155 3818 2219 3873 iis
2248 3833 2367 3888 qua:
2397 3826 2585 3872 contra
2612 3833 2710 3873 nos
2741 3816 2889 3872 facta
2920 3828 3064 3872 sunt.
3096 3817 3486 3882 Haledicimur,
3520 3821 3725 3891 inquit,

2151 3920 2200 3965 et
2218 3909 2586 3975 benedicimus;
2607 3911 3036 3979 persequutionem
3053 3912 3292 3980 patimur,
3309 3921 3354 3966 et
3374 3913 3674 3967 sustinemus
3701 3930 3721 3977 ;
3740 3970 3747 3975 _

2152 4004 2563 4073 blasphemamur
2580 4013 2629 4057 et
2654 4002 2971 4058 obsecramus
3005 4005 3054 4074 (l
3070 4042 3086 4059 .
3109 4004 3227 4059 Cor.
3251 4005 3304 4060 4.
3340 4005 3422 4060 1‘2.
3448 4006 3560 4075 13).
3584 4008 3719 4061 Audi

2150 4094 2477 4166 Stephanum
2522 4094 2789 4150 dicentem
2821 4113 2834 4150 :
2866 4094 3081 4149 Domine
3105 4137 3121 4161 ,
3162 4112 3223 4150 ne
3266 4106 3461 4152 statuas
3497 4097 3601 4153 illis
3628 4100 3720 4153 hoc

2150 4197 2408 4260 peceatum
2439 4186 2576 4259 (Act.
2608 4187 2662 4240 7.
2695 4187 2809 4257 59).
2838 4186 2953 4241 Non
2986 4187 3145 4242 modo
3176 4204 3283 4242 non
3312 4188 3568 4244 adversus
3598 4191 3719 4245 illos

2148 4279 2467 4351 precabatur
2490 4320 2503 4342 ,
2545 4277 2640 4333 sed
2678 4278 2836 4332 etiam
2866 4293 2963 4347 pro
2987 4278 3091 4333 illis
3124 4296 3139 4332 :
3174 4287 3226 4334 tu
3254 4295 3382 4335 vero
3411 4295 3517 4333 non
3562 4281 3719 4335 modo
3796 4324 3801 4328 .

2147 4385 2253 4426 non
2296 4383 2393 4441 pro
2435 4369 2538 4423 illis
2569 4371 2805 4438 precaris
2828 4409 2844 4434 ,
2878 4369 2970 4423 sed
2997 4380 3182 4423 contra
3213 4370 3352 4425 illos.
3387 4370 3535 4426 Sicut
3563 4373 3720 4442 igitur

2147 4462 2239 4519 ille
2264 4460 2593 4515 admirabilis
2615 4502 2628 4525 ,
2662 4460 2733 4513 ita
2760 4468 2817 4514 et
2857 4469 2909 4513 tu
2950 4461 3214 4529 pessimus
3238 4475 3298 4515 es
3338 4460 3519 4517 homo.
3549 4463 3715 4529 Quem

2145 4552 2575 4609 admirabimur?
2603 4550 2690 4605 dic
2720 4550 2852 4605 mihi
2878 4568 2891 4616 ;
2928 4566 3093 4606 eosne
3136 4567 3237 4623 pro
3279 4554 3473 4623 quibus
3502 4556 3679 4610 oravit
3704 4598 3716 4619 ,

2144 4663 2210 4701 an
2243 4661 2364 4701 eum
2391 4645 2481 4715 qui
2527 4658 2625 4714 pro
2665 4642 2769 4697 illis
2811 4652 3056 4712 precatus
3084 4645 3210 4699 est?
3242 4645 3393 4701 Hunc
3422 4649 3641 4718 utique:
3669 4650 3713 4701 si

2143 4753 2273 4795 vero
2304 4752 2432 4803 nos,
2464 4736 2632 4791 multo
2659 4736 2828 4805 magis
2855 4736 3017 4790 Deus.
3051 4736 3144 4791 Vis
3173 4738 3445 4793 inimicum
3475 4741 3715 4808 percuti?

2143 4845 2237 4885 ora
2268 4844 2365 4900 pro
2392 4827 2506 4893 illo,
2540 4825 2635 4881 sed
2662 4841 2771 4880 non
2799 4841 2863 4881 ea
2895 4835 3098 4894 mente,
3128 4843 3236 4883 non
3264 4838 3321 4883 ut
3346 4830 3671 4898 percutiatur
3696 4848 3711 4884 :

2142 4921 2245 4976 hoc
2269 4920 2410 4974 enim
2442 4920 2511 4973 ita
2540 4918 2756 4983 evenit;
2783 4925 2841 4973 tu
2862 4933 2992 4972 vero
3014 4933 3118 4972 non
3143 4919 3195 4973 id
3222 4919 3273 4973 in
3305 4934 3470 4989 scopo
3493 4920 3711 4977 habeas.

2140 5011 2271 5067 Nam
2300 5011 2486 5065 beatus
2519 5009 2609 5063 ille
2639 5008 2835 5077 injuste
2863 5010 3044 5063 omnia
3081 5010 3381 5079 patiebatur
3403 5053 3419 5078 ,
3449 5021 3505 5066 et
3532 5026 3715 5081 preca-

2140 5104 2296 5159 batur
2325 5117 2421 5171 pro
2441 5100 2860 5170 percussoribus
2895 5117 2910 5153 :
2943 5116 3042 5156 nos
3083 5112 3261 5157 autem
3307 5104 3535 5173 plurima
3570 5104 3713 5173 justo

2140 5193 2371 5264 patimur
2398 5191 2465 5245 ab
2492 5191 2743 5245 inimicis.
2770 5190 2827 5246 Si
2857 5200 3036 5247 autem
3066 5194 3111 5247 is
3133 5194 3222 5263 qui
3250 5194 3445 5263 injuste
3474 5196 3712 5265 patieba-

2138 5294 2255 5348 tur,
2289 5299 2395 5336 non
2440 5298 2603 5338 ausus
2649 5290 2733 5337 est
2770 5294 2956 5338 contra
3004 5299 3349 5353 percussores
3386 5302 3545 5342 orare
3574 5305 3586 5339 :
3618 5288 3708 5356 qui

2132 5376 2276 5446 juste
2306 5376 2538 5445 patimur
2560 5416 2575 5438 ,
2604 5383 2659 5429 et
2687 5389 2793 5429 non
2825 5375 2985 5429 modo
3011 5391 3116 5431 non
3146 5392 3429 5447 precamur
3472 5396 3570 5449 pro
3608 5383 3711 5434 im-

2136 5466 2320 5531 micis,
2351 5464 2446 5519 sed
2475 5465 2637 5518 etiam
2662 5474 2846 5519 contra
2881 5466 3001 5522 illos
3028 5483 3276 5533 oramus,
3307 5486 3413 5539 quo
3444 5487 3547 5525 non
3578 5486 3709 5539 sup-

2136 5557 2295 5627 plicio
2315 5556 2459 5626 digni
2492 5555 2720 5610 sumus?
2746 5554 2961 5611 Videris
2985 5559 3198 5626 quidem
3227 5561 3299 5615 illi
3330 5562 3534 5632 plagam
3568 5563 3676 5617 inlli

2133 5664 2283 5719 gere,
2304 5648 2400 5703 sed
2424 5663 2550 5702 vere
2574 5657 2760 5702 contra
2792 5657 2843 5702 te
2869 5648 3101 5718 gladium
3127 5653 3416 5719 convertis,
3443 5669 3563 5708 cum
3598 5672 3704 5710 non

2138 5740 2417 5812 permittas
2447 5748 2502 5794 ut
2537 5738 2708 5796 Judcx
2733 5738 2829 5795 tibi
2860 5751 3076 5817 peccata
3104 5751 3194 5799 tua
3239 5744 3543 5815 condonet,
3574 5746 3700 5803 dum
