4112 6398
490 359 572 413 ίςςδ
1469 346 1533 401 I'N
1573 344 1786 401 EPIST.
1825 344 1842 396 I
1910 341 1998 397 AI)
2036 342 2315 398 TIMOTII.
2357 346 2509 401 CAP.
2552 346 2617 402 II.
2661 347 2890 404 IIOMIL.
2934 349 3043 410 VII.

462 469 610 523 illum
649 468 825 524 irritas
844 473 1029 521 contra
1052 462 1234 516 alium.
1263 460 1331 513 1η
1349 476 1447 530 qua
1469 460 1601 513 enim
1622 472 1857 510 mensura
1880 459 2037 508 mensi

465 559 667 634 [ueritis
692 599 708 624 ,
749 556 1035 610 remetiatur
1063 553 1218 616 vobis,
1250 551 1420 621 inquit
1443 568 1458 614 ;
1488 560 1534 603 et
1560 563 1655 618 quo
1673 546 1870 618 judicia
1906 546 2039 617 judi-

466 652 673 715 cabitis,
704 646 1059 722 judicabimitti
1100 644 1316 716 (Matth.
1358 644 1411 697 7.
1459 642 1539 713 2).
1576 641 1755 696 Simus
1802 653 1931 709 ergo
1974 638 2038 692 ad

464 746 675 802 veniam
707 742 880 812 proni,
908 748 966 793 ut
995 737 1202 793 veniam
1228 748 1619 805 consequamur
1638 747 1668 785 a
1696 732 1839 786 Deo.

494 838 595 901 .3.
636 834 762 887 llzec
799 841 975 886 autem
1014 830 1137 884 volo
1174 844 1271 883 vos
1297 842 1404 881 non
1434 825 1621 879 audire
1653 832 1858 877 tantum
1883 865 1898 887 ,
1947 821 2040 876 sed

472 928 635 980 etiam
661 938 896 979 servare.
924 921 1073 976 Nunc
1100 934 1226 974 vero
1248 917 1407 973 verba
1435 915 1609 971 solum
1639 914 1895 968 memoria
1915 912 2040 966 reti-

476 1018 634 1083 netis,
664 1017 772 1071 imo
801 1016 1024 1069 fortasse
1044 1027 1111 1066 ne
1139 1010 1301 1066 verba
1328 1006 1574 1078 quidem;
1603 1006 1697 1061 sed
1720 1020 1840 1058 cum
1864 1004 2053 1059 reces-‘

469 1111 648 1166 seritis
673 1149 687 1173 ,
729 1108 774 1162 si
813 1106 932 1176 quis
954 1120 1017 1159 ex
1048 1102 1360 1157 absentibus
1402 1097 1814 1166 interrogaverit
1835 1136 1849 1161 ,
1879 1110 2038 1165 quam

467 1218 581 1256 rem
615 1197 1016 1255 tractaverimus
1042 1235 1057 1257 ,
1090 1194 1179 1247 alii
1215 1207 1282 1246 ne
1312 1189 1641 1259 respondent
1663 1187 1876 1256 quidem
1902 1227 1918 1251 ,
1952 1186 2042 1238 alii

471 1293 620 1362 gnari
671 1290 852 1344 dicent
896 1294 1263 1355 argumentum
1306 1281 1448 1352 quod
1490 1280 1870 1343 tractavimus,
1901 1276 2043 1346 quod

474 1400 578 1437 non
626 1387 873 1450 oporteat
912 1377 1226 1447 injuriarum
1266 1373 1570 1435 reminisci,
1623 1371 1730 1423 into
1755 1368 1914 1421 etiam
1944 1382 2041 1434 pro

471 1475 703 1529 inimicis
728 1486 883 1526 orare
908 1486 925 1535 ;
954 1468 1148 1524 deinde
1172 1482 1289 1536 qua:
1325 1465 1466 1520 dicta
1500 1463 1649 1517 fuere
1677 1460 1854 1516 omnia
1886 1458 2043 1513 omit-

471 1577 586 1622 tent
618 1584 631 1619 :
665 1580 837 1632 neque
885 1564 1028 1617 enim
1071 1560 1380 1621 meminisse
1429 1564 1693 1625 possunt:
1738 1554 1827 1607 alii
1864 1560 2041 1606 autem

472 1671 637 1727 pauca
676 1653 772 1709 sed
797 1652 1040 1723 quaedam
1072 1661 1247 1705 tamen
1287 1648 1545 1703 memoria
1589 1646 1874 1701 retineant.
1920 1641 2045 1696 Ideo

471 1750 718 1810 obsecro,
750 1746 795 1800 si
826 1743 958 1798 nihil
983 1758 1048 1798 ex
1074 1741 1233 1796 dictis
1256 1737 1560 1802 lueramini,
1594 1751 1661 1790 nc
1688 1735 1844 1790 dictis
1867 1742 2043 1789 atten-

472 1841 633 1895 datis.
669 1838 800 1905 Qua:
844 1837 988 1892 enim
1028 1834 1152 1888 hinc
1181 1830 1424 1887 utilitas?
1454 1828 1625 1900 majus
1657 1828 1858 1883 crimen
1904 1827 2047 1892 erit,

473 1934 688 2003 gravius
712 1929 1054 2000 supplicium,
1080 1929 1205 1998 quia
1226 1935 1349 1995 post
1372 1924 1518 1980 mille
1548 1923 1747 1978 monita
1774 1922 1828 1976 in
1858 1920 2046 1977 iisdem

472 2039 773 2082 manemus.
802 2024 929 2080 Ideo
958 2023 1113 2078 nobis
1141 2022 1283 2076 Deus
1311 2019 1608 2075 orationem
1638 2016 1919 2072 constituit
1943 2057 1958 2079 ,
1992 2023 2050 2068 ut

474 2119 607 2173 nihil
634 2117 958 2173 mundanum
991 2115 1076 2169 vel
1104 2114 1393 2167 humanum
1420 2118 1684 2180 petamus.
1710 2107 1870 2163 Scitis
1897 2120 2045 2171 vero,

475 2213 681 2276 ﬁdeles,
712 2225 954 2279 quamam
986 2219 1168 2278 petere
1198 2207 1251 2260 in
1281 2204 1525 2261 oratione
1548 2210 1814 2272 oporteat,
1840 2207 1894 2254 et
1914 2213 2049 2267 quo-

476 2304 636 2360 modo
661 2304 838 2359 omnis
882 2302 1056 2357 oratio
1096 2299 1396 2355 communis
1437 2298 1529 2351 sit.
1577 2297 1647 2351 At
1694 2310 1800 2350 non
1846 2293 2047 2348 dictum

474 2398 577 2453 fuit
598 2438 612 2460 ,
644 2396 875 2465 inquies,
903 2393 1046 2464 quod
1073 2408 1172 2462 pro
1198 2391 1502 2445 infidelibus
1529 2390 1599 2444 sit
1628 2389 1734 2443 illic
1762 2385 2043 2441 orandum.

478 2488 612 2554 Quia
643 2486 862 2541 nescitis
887 2483 1145 2539 orationis
1173 2483 1279 2535 vim
1305 2522 1321 2546 ,
1361 2495 1536 2550 neque
1578 2477 1915 2534 altitudinem
1951 2489 2051 2530 nec

484 2583 789 2631 thesaurum
828 2576 972 2630 illius
995 2574 1316 2644 cognoscitis
1348 2590 1360 2626 :
1391 2571 1436 2625 si
1462 2569 1584 2637 quis
1610 2569 1753 2624 enim
1779 2582 1896 2622 eam
1925 2564 2051 2619 dili-

475 2681 661 2739 genter
699 2675 999 2732 scrutetur,
1050 2665 1151 2718 hoc
1192 2664 1353 2718 etiam
1395 2664 1446 2715 in
1494 2661 1584 2715 illa
1634 2658 1890 2713 inveniet.
1918 2656 2050 2710 Cum

476 2763 620 2816 enim
645 2760 913 2831 precando
940 2758 1154 2823 dicitur,
1190 2755 1310 2809 Fiat
1331 2756 1563 2809 voluntas
1590 2762 1676 2805 tua
1702 2750 1830 2805 sicut
1853 2750 1907 2803 in
1929 2748 2053 2801 creto

477 2866 523 2908 et
544 2856 596 2907 in
627 2864 780 2915 terra,
809 2851 941 2905 nihil
969 2849 1112 2904 aliud
1139 2864 1297 2918 quam
1330 2846 1461 2901 illttd
1492 2843 1881 2900 subindieatur.
1909 2839 2054 2905 Quo-

477 2944 681 2999 modo?
714 2944 848 3011 Quia
892 2943 947 2995 in
978 2941 1111 2997 caelo
1142 2941 1318 2994 nullus
1346 2936 1575 2992 inﬁdelis
1603 2944 1685 2989 est
1709 2974 1724 2999 ,
1753 2932 1934 2987 nullus
1962 2932 2052 3000 qui

478 3038 731 3093 offendat.
755 3038 808 3091 Si
827 3050 955 3106 ergo
983 3036 1033 3089 id
1057 3034 1123 3089 de
1151 3033 1393 3087 ﬁdelibus
1416 3040 1622 3085 tantum
1644 3026 2049 3098 intelligendum

478 3137 644 3192 esset,
675 3129 875 3182 dictum
907 3143 1011 3180 non
1040 3134 1187 3181 esset
1223 3124 1417 3178 rationi
1444 3130 1889 3177 consentaneum.
1923 3119 2054 3173 Nam

479 3224 525 3275 si
565 3220 747 3275 ﬁdeles
788 3219 1115 3272 voluntatem
1144 3216 1263 3285 ejus
1308 3214 1497 3268 facturi
1540 3222 1761 3274 essent,
1811 3210 2054 3265 infideles

480 3326 609 3366 vero
633 3309 871 3369 minime,
897 3308 1145 3361 voluntas
1166 3308 1281 3374 ejus
1308 3319 1411 3358 non
1439 3304 1575 3358 sicut
1596 3305 1649 3356 in
1671 3302 1804 3357 caelo
1834 3302 1886 3355 in
1913 3310 2054 3355 terra

482 3405 658 3469 ﬁeret;
693 3402 786 3456 sed
813 3400 981 3471 quid?
1008 3400 1158 3454 Sicut
1188 3400 1238 3451 in
1262 3396 1393 3451 caelo
1412 3438 1425 3458 ,
1454 3395 1666 3463 inquit,
1697 3408 1855 3447 nemo
1884 3392 2054 3445 malus

483 3504 602 3558 est;
632 3495 710 3549 sic
738 3507 909 3563 neque
936 3493 988 3545 in
1021 3502 1158 3546 terra
1205 3490 1275 3543 sit
1304 3506 1315 3540 ε
1346 3487 1439 3543 scd
1473 3501 1662 3541 omnes
1689 3527 1703 3550 ,
1748 3485 1956 3554 inquit,
1990 3484 2056 3536 ad

482 3589 557 3642 tui
590 3589 836 3641 timorem
861 3584 1072 3648 attrahe
1090 3625 1105 3649 ,
1132 3597 1320 3637 omnes
1343 3581 1591 3635 homines
1619 3580 1837 3649 angelos
1859 3577 2017 3633 facito
2040 3619 2054 3639 ,

483 3682 694 3737 etiamsi
725 3680 925 3733 inimici
969 3679 1255 3746 hostesque
1301 3676 1424 3728 sint.
1472 3673 1588 3727 Non
1629 3673 1779 3727 vides
1802 3678 2058 3740 quantum

482 3773 719 3843 quotidie
766 3774 905 3827 Deus
948 3767 1388 3838 blasphematur?
1431 3773 1685 3834 quantum
1737 3760 2056 3817 contumelia

482 3863 744 3918 afﬁciatur
765 3874 817 3917 et
843 3863 912 3917 ab
933 3861 1236 3915 inﬁdelibus
1265 3869 1318 3915 et
1343 3876 1372 3914 a
1402 3857 1668 3923 fidelibus,
1695 3865 1749 3910 et
1771 3869 1869 3923 per
1895 3851 2057 3906 verba

482 3966 538 4010 et
572 3970 667 4024 per
705 3970 793 4008 res
835 3952 1012 4021 ipsas?
1059 3951 1193 4019 Quid
1241 3952 1405 4020 ergo?
1444 3965 1509 4003 an
1554 3956 1831 4017 prepterea
1875 3944 2043 3997 solem

485 4046 777 4101 exstinxit?
806 4061 874 4099 an
902 4044 1043 4098 lunae
1078 4057 1291 4098 cursum
1318 4040 1571 4096 sustulit?
1602 4054 1670 4092 an
1691 4037 1878 4092 caelum
1908 4036 2057 4088 diru-

488 4138 603 4207 pit?
629 4153 695 4191 an
729 4145 925 4191 terram
974 4133 1285 4189 concussit?
1314 4148 1383 4186 an
1430 4147 1577 4186 mare
1614 4127 1947 4185 exsiccavit?
1992 4141 2059 4179 an

487 4231 663 4285 fontes
684 4242 943 4296 aquarum
968 4226 1218 4279 sustulit?
1246 4239 1311 4277 an
1340 4238 1519 4278 aerem
1546 4220 1828 4277 confudit?
1856 4218 2062 4287 Nequa-

488 4334 645 4388 quam
676 4335 692 4373 :
725 4318 833 4372 into
860 4325 1043 4371 contra
1064 4358 1079 4380 ,
1109 4316 1279 4369 solem
1309 4314 1437 4368 oriri
1481 4323 1649 4375 curat,
1688 4312 1921 4383 pluviam
1964 4310 2061 4363 de-

488 4411 673 4475 mittit,
704 4407 907 4463 fructus
928 4406 1019 4461 dat
1038 4416 1092 4462 et
1110 4420 1317 4460 annuos
1338 4406 1485 4459 cibos
1509 4404 1858 4472 bIaSpltemis,
1882 4402 2059 4454 insen-

490 4501 621 4555 satis
644 4543 658 4566 ,
687 4499 1033 4554 exsecrandis
1053 4540 1068 4564 ,
1102 4497 1608 4567 perscquutoribus;
1649 4510 1755 4548 non
1787 4510 1894 4548 uno
1932 4492 2019 4547 die
2045 4535 2058 4558 ,

492 4608 597 4646 non
626 4593 883 4655 secundo,
917 4608 1021 4646 non
1050 4592 1228 4657 tertio,
1260 4591 1353 4644 sed
1390 4606 1486 4659 per
1509 4600 1672 4643 totam
1705 4589 1887 4642 vitam.

566 4682 668 4737 Pro
706 4684 922 4737 inimicis
966 4684 1296 4754 precandum.
1326 4711 1392 4721 ——
1418 4682 1567 4735 Ilunc
1606 4691 1660 4733 et
1706 4689 1760 4733 tu
1805 4679 2013 4732 imitare
2047 4719 2060 4740 ,

495 4780 635 4832 hunc
674 4778 964 4833 secundum
992 4777 1251 4831 humanas
1277 4776 1414 4829 vires
1443 4774 1715 4829 annulare.
1758 4773 1871 4825 Non
1906 4784 2057 4841 potes

491 4879 549 4921 ιιι
577 4868 657 4923 sol
685 4868 887 4922 oriatur
914 4868 1139 4923 enrare?
1179 4882 1209 4919 a
1238 4866 1534 4920 maledictis
1562 4864 1788 4918 abstine.
1824 4863 1937 4915 Non
1970 4880 2061 4931 po-

1629 4992 1797 5002 ...ο-ι..

3618 354 3717 407 531

2145 467 2225 514 tes
2252 461 2480 529 pluviam
2500 462 2627 517 dare
2642 465 2668 519 ?
2687 480 2754 519 ne
2777 466 3152 521 contumeliam
3182 465 3397 521 inferas.
3424 466 3539 522 Non
3569 482 3721 537 petes

2145 552 2393 607 alimenta
2425 553 2599 609 dare?
2642 572 2710 610 ne
2736 558 3005 612 violentus
3032 558 3127 611 sis.
3162 557 3289 613 Hinc
3319 568 3405 612 tua
3440 559 3578 614 dona
3605 561 3718 619 suf-

2147 642 2367 698 ﬁciunt:
2398 660 2427 698 a
2469 646 2578 700 Deo
2626 657 2802 702 autem
2839 664 2933 718 per
2962 664 3124 719 opera
3164 650 3488 705 exhibentur
3525 652 3720 706 collata

2146 733 2373 791 inimicis
2405 739 2662 795 beneﬁcia
2689 759 2701 795 :
2734 752 2787 795 ιιι
2832 758 2928 811 per
2952 745 3112 799 verba
3164 744 3351 799 saltem
3382 746 3596 809 exhibe,
3625 763 3723 816 pro

2148 825 2362 882 inimico
2389 843 2608 896 precare
2639 850 2652 884 :
2681 832 2758 885 sic
2784 834 2893 885 eris
2921 834 3108 887 similis
3131 833 3273 887 Patri
3307 844 3396 887 tuo
3416 835 3505 903 qui
3532 836 3584 889 in
3612 851 3721 890 Ct!!-

2154 918 2220 973 Iis
2245 929 2345 973 est.
2378 921 2450 975 De
2478 920 2562 975 his
2593 923 2791 976 millies
2811 924 3162 979 disseruimus
3187 969 3201 991 ,
3243 936 3298 981 et
3331 928 3629 982 disserendi
3659 928 3723 981 ﬁ-

2149 1026 2270 1064 nem
2302 1026 2406 1064 non
2438 1012 2660 1069 facimus
2691 1032 2704 1068 :
2738 1015 2937 1085 aliquid
2971 1017 3088 1084 plus
3116 1018 3306 1072 saltem
3348 1019 3583 1074 eveniat.
3614 1018 3725 1073 Nos

2149 1118 2252 1157 non
2288 1106 2669 1176 torpescimus,
2700 1125 2797 1164 nec
2823 1110 3205 1179 defatigamur,
3238 1127 3337 1167 nec
3369 1115 3612 1169 molestia
3638 1115 3724 1168 tli-

2146 1198 2316 1251 cendo
2345 1198 2608 1254 afﬁcimur
2646 1218 2659 1254 :
2700 1218 2795 1257 vos
2826 1204 3016 1258 saltem
3061 1206 3329 1259 audiendo
3373 1223 3439 1260 ne
3482 1207 3725 1262 molestia

2148 1287 2288 1343 afﬁci
2316 1291 2625 1347 videamini.
2654 1294 2873 1349 Videtur
2901 1308 3079 1351 autem
3119 1299 3238 1369 quis
3268 1300 3512 1354 molestia
3547 1301 3684 1355 afﬁci
3710 1343 3726 1363 ,

2148 1395 2268 1433 cum
2299 1380 2439 1435 dicta
2468 1398 2575 1438 non
2604 1388 2915 1455 exsequitur
2946 1405 2957 1440 :
2991 1390 3078 1458 qui
3102 1390 3244 1444 enim
3274 1393 3619 1461 exsequitur,
3658 1392 3721 1446 li-

2149 1470 2338 1526 benter
2365 1481 2419 1527 et
2455 1489 2597 1544 saepe
2621 1476 2737 1531 vult
2769 1478 2855 1531 illa
2883 1478 3068 1533 audire
3089 1519 3104 1546 ,
3138 1482 3309 1549 utqui
3340 1496 3444 1535 non
3486 1484 3727 1537 molestia

2150 1563 2431 1631 afﬁciatur,
2459 1567 2552 1622 sed
2583 1568 2849 1623 laudetur.
2879 1569 3062 1641 Itaque
3103 1588 3208 1625 non
3240 1573 3458 1628 aliunde
3483 1574 3729 1629 molestia

2151 1655 2363 1721 accidit,
2386 1672 2544 1726 quam
2571 1659 2713 1729 quod
2749 1660 2888 1714 dicta
2933 1661 2999 1714 ad
3029 1676 3166 1731 opus
3198 1679 3301 1716 non
3339 1674 3535 1718 exeant
3564 1680 3577 1716 :
3604 1664 3732 1718 hinc

2150 1748 2383 1805 efﬁcitur
2420 1761 2476 1806 ut
2507 1766 2689 1808 orator
2716 1755 2867 1809 oneri
2910 1754 2999 1809 sit.
3043 1755 3099 1811 Si
3135 1758 3254 1825 quis
3279 1796 3294 1821 ,
3342 1758 3492 1812 verbi
3524 1758 3687 1827 gratia
3711 1800 3729 1823 ,

2150 1843 2545 1915 eleemosyuam
2581 1844 2760 1911 faciat,
2798 1845 3101 1916 deindeque
3126 1847 3259 1901 alius
3290 1848 3360 1901 de
3384 1848 3726 1918 eleemosyna

2152 1932 2431 2004 loquatur,
2461 1951 2567 1990 non
2596 1936 2756 1991 modo
2793 1951 2901 1992 non
2932 1939 3189 2008 torpescit
3214 1938 3472 2005 audiens,
3503 1937 3599 1993 sed
3633 1939 3731 1992 la:-

2154 2034 2332 2092 tatur,
2357 2040 2477 2079 cum
2506 2026 2656 2081 audit
2696 2042 2859 2095 opera
2900 2041 2994 2081 sua
3022 2028 3305 2097 praedicari
3349 2036 3406 2083 et
3446 2027 3732 2084 celebrari.

2153 2116 2227 2170 Ita
2259 2132 2358 2171 nos
2382 2134 2615 2187 quoque,
2651 2120 2775 2189 quia
2813 2119 2948 2174 nihil
2986 2134 3274 2175 commune
3312 2120 3573 2175 habemus
3611 2135 3735 2176 curn

2155 2208 2469 2276 injuriarnnt
2497 2209 2793 2275 oblivione,
2830 2226 3000 2280 neque
3029 2212 3158 2265 illud
3187 2212 3385 2266 bonum
3408 2226 3547 2282 opus
3572 2226 3733 2268 exse-

2152 2300 2382 2369 quimur,
2403 2300 2522 2355 ideo
2538 2300 2699 2355 verba
2726 2300 3031 2371 hujusmodi
3049 2302 3291 2356 videmur
3308 2303 3534 2356 moleste
3556 2303 3694 2357 ferre
3718 2320 3732 2356 :

2154 2395 2199 2448 si
2226 2404 2402 2449 autem
2444 2410 2557 2450 rem
2598 2410 3033 2465 exsequeremur,
3069 2397 3232 2450 verba
3269 2397 3357 2450 illa
3410 2412 3515 2452 non
3566 2398 3737 2451 mole-

2154 2486 2311 2541 stiam
2337 2496 2604 2541 crearent.
2620 2487 2677 2543 Si
2704 2502 2833 2557 ergo
2850 2487 3014 2541 vultis
3040 2503 3139 2542 nos
3166 2500 3276 2542 non
3296 2487 3555 2543 molestos
3583 2489 3738 2543 vobis

2154 2595 2310 2646 esse,
2337 2580 2415 2635 sic
2458 2581 2654 2635 facite:
2686 2580 2942 2650 operibus
2981 2596 3094 2635 rem
3125 2581 3397 2635 exhibete.
3434 2580 3735 2650 Numquam

2156 2672 2484 2726 cessabimus
2509 2672 2574 2727 de
2600 2672 2681 2727 his
2708 2687 2805 2728 vos
2837 2672 3061 2742 alloqui,
3090 2673 3261 2727 donec
3280 2672 3371 2726 illa
3395 2674 3737 2742 exsequami-

2157 2764 2232 2816 ni.
2264 2762 2343 2817 Ex
2384 2762 2577 2819 aiI'ectu
2607 2765 2749 2818 enim
2786 2765 3021 2819 maxime
3056 2773 3111 2818 et
3139 2763 3505 2818 sollicitudine
3532 2762 3634 2817 hoc
3662 2765 3740 2816 fa-

2160 2856 2365 2919 cimus;
2408 2856 2728 2925 insuperque
2761 2857 2883 2925 quia
2921 2857 3075 2909 nobis
3104 2856 3397 2923 periculum
3443 2854 3737 2924 impendet.

2160 2946 2472 3002 Tubicinem
2502 2962 2753 3016 namque,
2785 2948 2993 3001 etiamsi
3027 2962 3185 2999 nemo
3224 2947 3290 2999 ad
3320 2946 3518 3000 bellum
3549 2956 3740 3010 exeat,

2163 3039 2284 3093 tuba
2316 3053 2511 3093 canere
2535 3045 2770 3107 oportet,
2801 3036 3141 3106 ofﬁciumque
3168 3052 3324 3090 suum
3351 3036 3601 3104 implere.
3626 3035 3744 3090 Non

2163 3130 2324 3199 igitur
2347 3137 2403 3183 ut
2427 3128 2598 3198 majus
2618 3127 2771 3182 vobis
2796 3127 3114 3197 supplicium
3140 3142 3392 3196 paremus
3419 3127 3470 3180 id
3494 3125 3742 3189 facimus,

2160 3221 2255 3277 sed
2285 3230 2363 3286 ut,
2390 3230 2644 3290 qttantum
2674 3221 2726 3273 in
2750 3220 2903 3273 nobis
2924 3229 3027 3282 est,
3061 3234 3159 3274 vos
3185 3220 3502 3273 eximamus.
3534 3216 3614 3272 Ad
3632 3217 3747 3272 haee

2162 3324 2338 3369 vestra
2364 3314 2524 3368 etiam
2552 3328 2648 3365 nos
2677 3313 2874 3366 caritas
2900 3311 3106 3365 detinet
3136 3330 3150 3368 :
3180 3326 3302 3364 nam
3330 3311 3537 3365 viscera
3560 3320 3740 3363 nostra

2162 3405 2556 3473 discerpuntur,
2589 3412 2642 3457 et
2670 3418 2869 3472 angore
2898 3402 3194 3467 afﬁeimur,
3229 3403 3272 3455 si
3304 3401 3431 3471 quid
3461 3400 3744 3469 hnjusmo-

2162 3496 2214 3550 di
2243 3495 2535 3564 contingat.
2580 3493 2686 3547 Sed
2727 3494 2887 3547 absit.
2926 3492 3041 3546 Non
3075 3493 3379 3561 sumptibus
3408 3507 3543 3561 opus
3570 3498 3651 3545 est
3680 3492 3743 3543 ad

2164 3587 2215 3641 id
2241 3585 2383 3655 quod
2404 3585 2650 3649 dicimus,
2676 3600 2781 3638 non
2810 3584 3051 3654 pecunia:
3084 3582 3456 3651 impendenda:
3482 3622 3496 3647 ,
3528 3597 3635 3636 non
3663 3596 3748 3637 εει

2165 3680 2320 3749 longa
2357 3677 2785 3747 peregrinatione
2823 3692 2996 3746 opus;
3029 3678 3302 3730 voluntate
3343 3677 3516 3730 solum
3538 3716 3552 3741 ,
3579 3676 3748 3731 verbo

2162 3779 2218 3826 et
2246 3772 2508 3825 electione
2540 3778 2624 3823 est
2667 3783 2820 3836 opus.
2853 3768 3228 3821 Custodiamus
3257 3782 3317 3821 os
3356 3777 3594 3820 nostrum
3620 3807 3636 3830 ,
3660 3767 3745 3834 ja-

2165 3877 2325 3916 nuam
2353 3876 2416 3915 ac
2438 3869 2645 3914 vectem
2672 3874 3003 3927 apponamus
3030 3903 3043 3923 ,
3079 3869 3134 3912 ut
3163 3859 3293 3912 nihil
3318 3859 3461 3928 quod
3495 3859 3607 3913 Deo
3633 3860 3745 3912 dis-

2164 3954 2356 4023 pliceat
2384 3953 2686 4021 loquamur.
2714 3951 2817 4003 Pro
2843 3950 2997 4003 nobis
3025 3953 3251 4019 agimus,
3281 3967 3388 4003 non
3421 3966 3515 4017 pro
3547 3950 3739 4018 quibus

2168 4060 2466 4113 precamur.
2495 4044 2607 4098 Iloc
2637 4058 2852 4113 semper
2881 4045 3179 4112 cogitemus
3205 4085 3219 4106 ,
3251 4042 3391 4112 quod
3439 4043 3527 4112 qui
3573 4044 3747 4096 inimi-

2166 4152 2286 4190 cum
2314 4136 2583 4191 benedicit
2603 4178 2615 4198 ,
2644 4137 2879 4204 seipsum
2910 4134 3191 4188 benedicat
3210 4175 3223 4197 ,
3246 4143 3300 4187 ct
3331 4134 3419 4203 qtti
3451 4133 3742 4199 maledicit,

2166 4230 2399 4297 seipsum
2433 4227 2750 4291 inaletlicat,
2777 4234 2832 4280 et
2862 4225 2951 4294 qui
2982 4240 3078 4292 pro
3107 4225 3324 4278 inimico
3355 4232 3622 4292 precatur,
3653 4240 3751 4292 pro

2168 4336 2226 4372 se
2253 4328 2519 4388 precetur,
2554 4334 2659 4370 non
2694 4333 2790 4385 pro
2821 4317 2930 4369 illo.
2961 4317 3017 4369 Si
3047 4316 3124 4369 sic
3152 4331 3248 4369 nos
3278 4330 3524 4384 geramus
3546 4357 3560 4381 ,
3596 4326 3751 4382 pote—

2168 4413 2335 4464 rimus
2365 4411 2573 4478 insigne
2616 4409 2744 4462 illttd
2783 4424 2916 4475 Opus
2946 4422 3201 4476 peragere
3228 4416 3281 4461 et
3313 4406 3575 4475 promissa
3612 4406 3751 4460 bona

2167 4502 2445 4570 consequi,
2477 4501 2643 4569 gratia
2689 4509 2743 4552 ct
2782 4499 3109 4568 benignitate
3154 4497 3363 4550 Domini
3411 4498 3580 4550 nostri
3620 4496 3749 4551 .Icsn

2167 4592 2398 4657 Christi,
2429 4592 2641 4659 quicunt
2675 4591 2816 4643 l’alri
2847 4606 3055 4658 unaque
3079 4588 3299 4656 Spiritui
3327 4598 3517 4641 sancto
3537 4588 3707 4656 gloria
3735 4628 3750 4649 ,

2170 4684 2474 4751 imperium,
2510 4683 2701 4745 honor,
2734 4697 2873 4735 nunc
2900 4692 2954 4735 et
2983 4696 3228 4750 semper,
3255 4688 3310 4734 ct
3336 4680 3387 4733 in
3417 4679 3613 4734 saecula
3644 4695 3751 4733 ste-

2168 4775 2430 4829 culorutn.
2462 4775 2629 4826 Amen
2644 4814 2657 4829 .

1802 4984 3746 5008 ——__———-—————-—-——-——————-—-—-———-—L——-——————

1838 5074 2179 5132 IIOMILIA
2230 5076 2363 5133 VII.

491 5219 623 5275 CAP.
654 5218 708 5272 ‘2.
731 5217 853 5271 v.2.
882 5217 947 5272 Ut
974 5218 1194 5287 quietam
1229 5227 1273 5268 ct
1306 5218 1628 5278 tranquillt’tm
1661 5218 1814 5267 ritum
1854 5233 2062 5283 agamus

565 5314 617 5365 in
644 5313 778 5366 omni
824 5313 1005 5381 pietate
1031 5322 1073 5363 et
1105 5310 1348 5361 castitate.
1380 5310 1429 5362 5.
1464 5308 1571 5360 Hoc
1613 5311 1747 5360 enim
1775 5311 1965 5362 bonum
2008 5320 2055 5361 et

567 5413 820 5473 acceptum
849 5413 919 5458 est
957 5420 1127 5456 coram
1176 5400 1444 5455 Saluatore
1475 5411 1642 5452 nostra
1683 5400 1791 5453 Deo
1819 5444 1832 5463 ,
1884 5404 1936 5455 4.
1970 5403 2061 5472 qui

570 5496 674 5547 vult
714 5511 881 5547 omnes
912 5493 1134 5546 homines
1173 5492 1335 5545 salvos
1365 5492 1474 5559 ﬁeri
1496 5532 1511 5555 ,
1559 5502 1606 5544 et
1650 5492 1715 5544 ad
1756 5494 2065 5562 agnitionem

572 5584 788 5637 veritatis
818 5584 1001 5635 uenire.

576 5677 596 5730 ί
612 5714 625 5727 .
658 5675 773 5729 Tria
798 5677 1038 5730 bellorum
1063 5692 1263 5745 genera.
1282 5705 1350 5713 »μ
1372 5674 1422 5728 Si
1456 5675 1564 5729 vult
1590 5677 1885 5730 cotnmtuiia
1931 5674 2059 5729 bella

506 5768 718 5825 dissolvi
746 5777 796 5823 ct
823 5783 1021 5837 pugnas
1052 5767 1579 5835 perturbationesque
1600 5808 1613 5833 ,
1644 5777 1696 5821 et
1722 5766 1841 5821 ideo
1868 5783 2047 5823 succr—

832 5880 1104 5940 PATROL.
1146 5879 1261 5940 Gn.
1310 5876 1504 5937 LXII.

2183 5216 2361 5268 dotem
2392 5215 2635 5267 hortatur
2664 5224 2718 5266 ut
2741 5230 2929 5282 preces
2961 5214 3143 5267 fundat
3172 5232 3267 5283 pro
3295 5216 3507 5283 regibus
3530 5225 3579 5267 cl
3610 5214 3755 5281 prin.

2179 5307 2403 5372 cipibns,
2434 5309 2601 5359 multo
2628 5308 2795 5375 magis
2827 5306 3059 5373 privatos
3100 5323 3313 5375 quoque
3346 5306 3393 5357 id
3426 5314 3636 5373 Oportet
3671 5304 3715 5359 ft
3737 5336 3752 5345 -

2177 5411 2318 5449 cere.
2358 5395 2626 5448 Bellorum
2674 5397 2870 5465 quippe
2913 5405 3035 5448 sunt
3078 5395 3173 5447 tria
3220 5410 3415 5463 genera
3463 5394 3748 5462 graviora:

2177 5497 2257 5541 est
2287 5487 2483 5540 bellttm
2511 5502 2816 5549 commune,
2848 5502 2967 5539 cum
2996 5486 3192 5539 milites
3224 5485 3390 5537 nostri
3435 5499 3463 5537 a
3509 5484 3743 5538 barbaris

2178 5583 2503 5648 itnpetttntur
2548 5596 2560 5629 :
2621 5579 2911 5631 secundum
2967 5579 3161 5629 bellum
3203 5589 3285 5631 est
3314 5619 3327 5640 ,
3367 5593 3486 5629 cunt
3516 5618 3528 5637 ,
3586 5580 3745 5628 etiam

2178 5674 2321 5741 pacis
2363 5684 2634 5739 tempore,
2668 5686 2764 5724 nos
2813 5672 3039 5723 invicem
3085 5672 3457 5734 iinpngnntnus
3492 5688 3501 5719 :
3534 5671 3744 5721 tertium

2179 5780 2300 5820 cum
2321 5763 2682 5835 unusquisque
2703 5762 2980 5818 adversum
3008 5775 3065 5814 se
3084 5760 3223 5814 bella
3250 5760 3403 5830 gerit.
3431 5758 3541 5811 Hoc
3568 5768 3742 5814 autem

3378 5857 3455 5921 3ft-
