4090 6396
424 343 527 398 535

426 467 507 511 ρει
522 455 758 511 omnium
777 450 1169 523 gravissimum.
1197 446 1330 502 lllud
1350 446 1489 501 enim
1514 443 1858 499 barbarorum
1890 439 2001 493 bel-

425 551 574 612 lum,
627 562 731 601 non
791 542 1076 600 admodum
1127 540 1281 595 nobis
1339 552 1531 592 nocere
1580 534 1825 606 poterit:
1873 530 1997 600 quid

429 643 569 695 enim
589 682 605 707 ,
634 653 836 710 qureso,
869 636 1065 691 faciem
1092 632 1209 689 illi?
1230 630 1568 701 jugulabunt,
1598 624 1842 681 occident
1861 665 1874 687 ,
1904 621 1998 677 sed

430 734 662 787 animam
704 746 806 785 non
876 726 1287 783 labelactabunt.
1347 722 1451 777 Sed
1496 736 1670 790 neque
1707 716 1997 772 secundum

428 825 626 879 bellum
673 822 925 876 damnum
962 819 1155 873 allerre
1196 814 1429 885 poterit,
1476 812 1631 866 nobis
1666 808 1995 864 nolentibus.

430 914 654 971 Etiamsi
683 913 824 967 enim
852 910 941 965 alii
972 925 1070 963 nos
1100 908 1240 963 bello
1282 907 1572 974 impetant,
1604 902 1756 956 nobis
1786 900 1911 955 licet
1946 900 2000 952 in

427 1018 560 1073 pace
588 1002 785 1071 degere
818 1018 831 1054 :
865 1000 989 1053 audi
1020 999 1162 1053 enim
1202 996 1518 1066 prophetam
1548 992 1816 1048 dicentem
1850 1007 1865 1045 :
1894 989 1999 1043 Pro

434 1113 492 1150 eo
522 1105 574 1148 ut
617 1110 695 1147 me
728 1094 995 1163 diligerent
1019 1088 1345 1143 detrahebant
1374 1088 1536 1150 mihi;
1564 1101 1658 1155 ego
1683 1093 1852 1138 autem
1880 1098 2000 1137 ora-

431 1191 542 1242 bam
568 1205 587 1253 ;
616 1196 671 1243 et
694 1200 880 1241 rursus
900 1225 915 1250 ,
949 1184 1075 1239 Cum
1104 1183 1170 1237 iis
1197 1185 1283 1252 qui
1310 1182 1524 1235 oderunt
1554 1196 1729 1249 pacem
1754 1194 1889 1232 eram
1912 1194 2004 1244 pa-

427 1280 644 1344 ciﬁcus;
675 1287 729 1331 et.
778 1276 1007 1339 iterum,
1039 1271 1166 1328 Cum
1195 1272 1434 1339 loquebar
1478 1270 1581 1324 illis
1601 1310 1615 1332 ,
1642 1266 2002 1338 impugnabant

433 1387 511 1423 me
554 1370 713 1440 gratis
743 1366 930 1436 (Psal.
960 1366 1083 1421 108.
1111 1366 1165 1419 4.
1197 1374 1243 1418 et
1275 1362 1399 1417 119.
1432 1364 1484 1416 7.
1516 1372 1562 1416 et
1591 1362 1715 1417 108.
1748 1361 1781 1415 5
1807 1359 1844 1429 ).
1874 1358 2005 1413 Ter-

433 1466 562 1516 tium
596 1475 721 1514 vero
748 1458 947 1514 bellum
978 1458 1095 1511 sine
1124 1455 1365 1526 periculo
1394 1453 1629 1524 effugere
1672 1466 1778 1506 non
1808 1465 2000 1520 possu-

430 1568 565 1606 mus.
606 1552 740 1606 Cum
781 1549 923 1603 enim
966 1563 1164 1617 corpus
1195 1555 1434 1601 nostrum
1479 1544 1739 1599 adversus
1772 1544 2002 1596 animam

429 1642 685 1707 dissidet,
717 1656 1019 1713 gravesque
1052 1640 1372 1710 cupiditates
1401 1639 1631 1705 excitat,
1674 1646 1729 1693 et
1766 1636 2005 1705 corporis

428 1736 730 1805 voluptates
750 1745 941 1799 armat,
972 1735 1125 1796 iram,
1157 1731 1408 1786 invidiam
1433 1747 1449 1795 ;
1481 1729 1528 1784 si
1550 1729 1652 1784 hoc
1676 1728 1873 1784 bellum
1900 1742 2005 1782 non

428 1830 687 1894 solvatur,
716 1843 821 1880 non
851 1841 1132 1896 possumus
1156 1825 1415 1894 promissa
1448 1822 1699 1892 consequi
1728 1822 1887 1888 bona,
1910 1820 2005 1876 sed

430 1935 651 1975 necesse
676 1929 760 1975 est
789 1936 909 1975 eum
939 1920 1027 1989 qui
1057 1918 1197 1975 hunc
1227 1918 1509 1973 tumultum
1538 1932 1643 1973 non
1671 1915 2003 1985 comprimit,

430 2012 624 2065 «sidere
653 2021 707 2065 ct
732 2012 816 2065 illa
844 2011 1088 2081 accipere
1113 2012 1353 2076 vulnera,
1384 2026 1502 2081 qua:
1533 2010 1747 2078 pariunt
1773 2017 2002 2063 mortem

429 2105 485 2158 in
508 2104 771 2173 gebenua.
804 2104 965 2159 Nobis
991 2119 1119 2173 ergo
1141 2104 1380 2174 quotidie
1399 2117 1535 2171 opus
1564 2111 1649 2158 est
1666 2117 1795 2157 cura
1820 2112 1875 2157 et
1902 2102 2008 2156 sol-

428 2196 701 2252 licitudine
729 2199 913 2263 multa,
943 2213 1009 2252 ne
1035 2199 1085 2251 in
1113 2197 1267 2251 nobis
1298 2195 1601 2266 hujusmodi
1631 2195 1829 2251 bellum
1858 2194 2007 2249 exei-

430 2297 576 2343 tetur
601 2304 615 2352 ;
644 2289 727 2343 vel
752 2289 802 2343 si
830 2290 1118 2343 excitatum
1147 2298 1260 2354 est,
1286 2304 1353 2343 ne
1381 2298 1592 2344 maneat
1616 2329 1632 2355 ,
1661 2286 1757 2342 sed
1785 2287 2008 2355 compri-

428 2391 606 2433 matur
654 2390 709 2435 et
750 2380 990 2435 sedetur.
1037 2380 1174 2447 Quid
1209 2381 1351 2435 enim
1376 2380 1562 2448 juvat,
1594 2379 1639 2434 si
1678 2377 1826 2433 orbis
1865 2386 2008 2432 totus

428 2471 690 2542 profunda
738 2487 867 2541 pace
916 2472 1158 2537 fruatur,
1205 2472 1330 2527 dum
1370 2480 1426 2526 tu
1474 2472 1731 2527 adversus
1776 2471 2006 2540 leipsum

426 2564 626 2619 bellum
670 2564 847 2634 geris?
898 2564 1045 2619 Hanc
1075 2564 1273 2619 habere
1317 2578 1499 2633 pacem
1547 2572 1760 2631 oportet
1790 2580 1803 2616 :
1832 2562 1876 2617 si
1917 2561 2009 2616 illa

428 2655 668 2709 fruamur
689 2697 703 2721 ,
753 2654 885 2709 nihil
911 2665 1195 2710 externum
1227 2656 1381 2710 nobis
1422 2669 1619 2710 nocere
1664 2653 1859 2723 poterit
1892 2669 1905 2705 :
1940 2652 2005 2706 ad

433 2746 572 2801 hanc
606 2762 734 2800 vero
764 2762 869 2802 non
903 2762 1089 2816 parum
1120 2747 1330 2802 confert
1369 2762 1468 2817 pax
1511 2746 1812 2801 communis
1844 2763 1856 2798 :
1888 2745 2015 2805 ideo,

428 2837 506 2890 ait
538 2854 552 2891 :
589 2835 657 2891 Ut
682 2837 900 2906 quietam
926 2848 971 2890 et
1013 2838 1338 2907 tranquillam
1361 2837 1513 2891 vitam
1536 2852 1764 2907 agamus.
1808 2835 1864 2891 Si
1889 2836 2009 2905 quis

427 2936 628 2992 autem,
657 2927 780 2980 dum
808 2927 1165 2998 tranquillitas
1193 2937 1294 2993 est,
1328 2928 1690 2997 perturbatur,
1719 2926 2007 2982 admodum

427 3027 515 3071 est
545 3018 747 3073 infelix.
776 3020 966 3076 Viden‘
986 3021 1137 3076 illum
1164 3021 1231 3077 de
1254 3020 1354 3076 hac
1380 3021 1521 3091 loqui
1548 3035 1700 3090 pace,
1725 3035 1886 3091 quam
1907 3034 2007 3090 ego

430 3112 643 3165 tertiam
676 3112 840 3167 dico?
872 3113 997 3169 ideo
1026 3128 1151 3168 cum
1180 3113 1425 3177 dixisset,
1456 3112 1528 3167 Ut
1548 3114 1769 3183 quietam
1794 3122 1840 3166 et
1866 3121 2009 3167 tran-

427 3203 642 3272 quillam
667 3204 820 3256 vitam
858 3220 1070 3273 agamus
1094 3245 1108 3267 ,
1142 3220 1249 3258 non
1282 3204 1367 3259 hic
1406 3206 1595 3271 stetit,
1641 3204 1734 3258 sed
1767 3204 2005 3273 addidit,

433 3295 498 3349 In
524 3298 660 3350 omni
688 3298 869 3367 pietate
904 3310 951 3352 et
1003 3309 1251 3355 castitate.
1285 3299 1341 3354 ln
1384 3300 1582 3369 pietate
1612 3308 1787 3354 autem
1818 3307 1873 3354 et
1910 3315 2003 3353 ca-

428 3388 610 3442 stitate
654 3389 771 3458 quis
818 3404 940 3446 esse
979 3405 1083 3444 non
1110 3399 1305 3460 potest,
1338 3391 1439 3445 nisi
1477 3406 1577 3458 pax
1606 3390 1691 3444 illa
1722 3392 2007 3445 constituta

430 3482 520 3534 sit.
564 3481 699 3536 Cum
742 3482 883 3536 enim
928 3484 1204 3538 ratiocinia
1234 3493 1290 3538 et
1333 3488 1657 3553 quaestiones
1699 3482 1856 3538 ﬁdem
1904 3498 2008 3536 no—

429 3581 596 3627 stram
627 3574 979 3643 perturbant,
1025 3590 1146 3645 quae
1175 3574 1321 3644 pax?
1346 3589 1469 3630 cum
1499 3575 1717 3645 spiritus
1746 3573 2005 3637 libidinis,

429 3680 549 3735 quae
571 3666 713 3733 pax?
738 3665 814 3720 Ne
834 3667 977 3721 enim
1006 3667 1282 3723 existimes
1311 3667 1460 3722 illum
1486 3667 1554 3722 de
1584 3666 1681 3722 hac
1709 3667 1854 3737 loqui
1877 3666 2005 3731 vita,

431 3773 591 3827 quam
608 3773 796 3813 omnes
816 3759 1060 3814 homines
1080 3770 1263 3829 agunt;
1282 3775 1403 3815 cum
1428 3759 1674 3825 dixisset,
1691 3757 1766 3814 Ut
1785 3761 2006 3830 quietam

435 3859 482 3901 et
506 3850 832 3919 tranquillam
855 3850 1009 3904 vitam
1032 3866 1244 3921 agamus
1266 3890 1281 3915 ,
1312 3851 1606 3922 subjungit,
1632 3850 1698 3906 In
1726 3855 1864 3907 omni
1894 3853 2010 3922 pie-

435 3948 537 3993 tate
555 3949 599 3993 et
626 3941 872 3996 castitate.
901 3940 1130 3996 Possunt
1155 3943 1297 3997 enim
1327 3943 1559 4015 quietam
1586 3952 1640 3999 et
1664 3943 2007 4015 tranquillam

435 4032 596 4085 vitam
624 4046 783 4101 agere
808 4033 1057 4103 gentiles,
1078 4033 1350 4105 impudici,
1369 4045 1422 4091 et
1441 4035 1530 4106 qui
1556 4035 1609 4089 in
1638 4035 1845 4092 deliciis
1860 4036 2011 4090 volu-

434 4130 632 4188 tantur,
662 4132 717 4177 et
741 4139 807 4177 ex
838 4124 903 4178 iis
929 4124 1197 4180 inveneris
1222 4126 1311 4195 qui
1350 4124 1489 4181 hanc
1516 4127 1678 4181 vitam
1730 4136 1908 4197 agant.
1936 4127 2009 4183 Ut

435 4212 596 4281 igitur
617 4213 793 4270 discas
824 4215 970 4269 illum
1001 4231 1106 4270 non
1131 4215 1273 4270 hanc
1300 4217 1462 4272 vitam
1484 4218 1681 4284 dicere,
1707 4218 1906 4288 adjicit,
1940 4218 2010 4274 In

435 4307 571 4359 omni
598 4307 783 4376 pietate
802 4319 847 4362 et
868 4310 1111 4365 castitate.
1128 4309 1218 4364 Illa
1239 4312 1379 4367 enim
1411 4313 1518 4366 vita
1536 4311 1755 4367 insidias
1770 4311 1932 4369 habet
1957 4334 2010 4369 et

440 4412 645 4467 pugnas
664 4441 677 4463 ,
709 4409 763 4454 et
791 4401 965 4455 anima
1004 4402 1241 4472 quotidie
1265 4403 1573 4458 vulneratur
1599 4418 1628 4457 a
1657 4404 2016 4473 perturbatio-

441 4491 596 4547 nibus
617 4493 1021 4562 cogitationum.
1058 4494 1209 4562 Quod
1231 4504 1410 4550 autem
1433 4495 1570 4551 hanc
1592 4498 1754 4557 vitam
1776 4498 2011 4553 indicare

441 4582 608 4650 velit,
642 4584 816 4652 palam
844 4593 1015 4641 estex
1044 4586 1444 4652 additamenta;
1477 4588 1647 4657 palam
1680 4590 1808 4644 item
1835 4600 1919 4645 est
1947 4606 2015 4645 ex

441 4688 507 4728 co
535 4674 674 4742 quod
706 4691 809 4729 non
838 4677 1178 4747 simpliciter,
1209 4679 1264 4733 ln
1298 4679 1516 4749 pietate,
1545 4680 1762 4745 dixerit,
1797 4683 1891 4737 sed
1920 4681 2017 4736 ad-

439 4764 547 4817 (lita
577 4768 675 4818 hac
695 4780 847 4831 voce,
876 4765 944 4820 In
967 4768 1121 4821 omni.
1153 4768 1262 4822 Hoc
1279 4768 1422 4824 enim
1445 4769 1652 4835 dicens,
1679 4771 1887 4826 videtur
1908 4787 2015 4826 non

437 4854 616 4909 solum
641 4856 692 4908 in
722 4855 1057 4926 dogmatibus
1078 4858 1239 4913 vitam
1267 4860 1563 4931 requirere,
1577 4861 1671 4916 sed
1693 4863 1852 4916 etiam
1874 4862 2014 4917 illam

1107 331 1164 388 S.
1201 328 1475 387 JOANNIS
1509 320 1976 382 CHRYSOSTOMI
2017 316 2331 376 ARCHIEP.
2372 322 2897 385 CONSTANTINOP.

3573 328 3679 382 5'56

2096 452 2235 504 sum,
2250 438 2352 505 Qui
2370 444 2578 511 fratrem
2589 460 2735 497 suum
2753 445 3089 514 odit,'ignorat
3110 442 3271 498 Deum
3286 446 3334 512 (l
3350 444 3676 513 .Joan.2.9).

2098 532 2284 587 Viden’
2310 545 2441 603 quot
2476 536 2585 591 sint
2613 538 2899 606 impietatis
2939 537 3124 592 modi?
3158 537 3281 592 Ideo
3323 538 3418 600 ait,
3454 537 3515 590 ln
3539 538 3681 590 omni

2101 626 2282 695 pietate
2306 638 2352 681 et
2377 630 2624 683 castitate.
2642 630 2955 685 Fornicator
2978 632 3121 685 enim
3144 647 3247 685 non
3266 631 3424 684 modo
3454 631 3683 685 inhone-

2102 727 2214 770 stus
2240 720 2451 784 est,sed
2477 721 2637 775 etiam
2672 721 2985 791 impudicus.
3011 722 3291 793 Etiamque
3307 738 3499 777 avarus
3524 734 3575 777 et
3599 724 3684 776 in-

2103 810 2360 865 honestus
2379 812 2584 867 dicatur
2608 823 2662 869 et
2688 814 3068 883 intemperans.
3103 815 3227 869 llaec
3250 815 3392 868 enim
3414 815 3681 884 cupidita‘t

2103 912 2204 966 est,
2236 918 2342 958 non
2378 905 2554 961 minus
2580 922 2737 976 quam
2776 907 3201 975 concupiscentia
3226 922 3536 975 corporum.
3575 907 3679 975 Qui

2101 1010 2229 1063 ergo
2265 996 2405 1051 illam
2444 1013 2548 1052 non
2576 999 2832 1069 castigat,
2876 999 3239 1068 intemperans
3264 998 3500 1054 dicitur:
3533 998 3679 1066 quod

2104 1087 2244 1139 enim
2270 1090 2755 1155 concupiscentiam
2796 1105 2902 1144 non
2947 1090 3230 1159 castigent,
3257 1090 3682 1158 intemperantes

2104 1188 2380 1232 vocantur.
2435 1178 2615 1248 Itaque
2665 1180 2974 1235 iracundum
3021 1181 3180 1235 etiam
3234 1182 3682 1248 intemperantem

2105 1266 2348 1332 dixerim,
2368 1278 2419 1322 et
2441 1270 2693 1333 invidum,
2709 1281 2754 1324 et
2780 1273 3012 1340 pecuniae
3035 1281 3325 1334 amantem,
3340 1280 3392 1325 ct
3409 1270 3677 1329 delostnn,

2105 1372 2159 1417 et
2185 1378 2394 1418 omnem
2438 1368 2491 1419 in
2521 1373 2736 1433 peccato
2767 1373 3067 1418 versantem
3091 1405 3105 1426 ,
3134 1372 3189 1417 et
3237 1363 3681 1431 intemperantem

2107 1466 2161 1511 et
2207 1456 2543 1512 inhonestum
2569 1468 2625 1513 et
2668 1456 2990 1526 impudicum
3034 1456 3367 1526 appellarim.
3400 1454 3512 1509 Hoc
3546 1455 3685 1507 enim

2107 1549 2291 1603 bonum
2312 1560 2356 1605 et
2384 1560 2643 1619 acceptum
2665 1560 2757 1613 est,
2790 1550 2982 1618 inquit,
3009 1549 3061 1602 in
3093 1556 3362 1617 conspectu
3396 1547 3684 1602 Saluatoris

2109 1643 2266 1697 nostri
2292 1640 2406 1699 Dei.
2445 1641 2556 1696 Hoc
2576 1642 2701 1711 quid
2728 1641 2854 1697 eat?
2887 1641 3099 1697 Precari
3130 1655 3225 1709 pro
3252 1640 3497 1694 omnibus
3530 1657 3544 1693 :
3577 1639 3686 1693 hoc

2108 1742 2386 1803 acceptum
2429 1743 2512 1789 est
2555 1734 2665 1789 Deo
2690 1775 2705 1794 .
2755 1732 2858 1787 hoc
2900 1734 2986 1787 ille
3013 1734 3124 1785 vult
3155 1750 3169 1788 :
3200 1748 3321 1786 nam
3360 1731 3477 1785 Vult
3509 1748 3687 1786 omnes

2110 1826 2334 1881 homines
2367 1826 2530 1879 salvos
2556 1824 2689 1892 ﬁeri,
2718 1834 2762 1879 et
2790 1824 2857 1877 ad
2881 1825 3184 1895 agnitionem
3212 1824 3433 1877 unitatis
3455 1823 3645 1877 venire.

2178 1919 2232 1973 2.
2275 1919 2486 1975 Imitare
2514 1920 2701 1974 Deum.
2751 1918 2805 1972 Si
2850 1917 2963 1973 vult
2991 1933 3180 1973 omnes
3223 1917 3467 1972 homines
3502 1917 3689 1971 salvos

2110 2011 2223 2066 ﬁeri
2250 2053 2264 2078 ,
2306 2011 2427 2080 jure
2452 2026 2547 2080 pro
2572 2010 2822 2065 omnibus
2865 2009 3126 2063 orandum
3173 2018 3255 2063 est
3300 2026 3313 2062 :
3360 2010 3403 2063 si
3446 2009 3561 2063 vult
3590 2010 3689 2064 ille

2108 2117 2294 2157 omnes
2318 2102 2494 2157 salvos
2520 2101 2656 2168 ﬁeri,
2682 2110 2736 2156 tu
2760 2101 2920 2157 etiam
2945 2101 3076 2155 velis
3100 2118 3112 2154 :
3145 2100 3192 2155 si
3216 2100 3297 2154 vis
3326 2108 3524 2164 autem,
3552 2116 3685 2169 pre-

2109 2212 2233 2252 care
2262 2213 2274 2248 :
2303 2212 2425 2250 nam
2443 2194 2733 2249 volentium
2756 2203 2837 2249 est
2857 2192 3084 2263 precari.
3108 2191 3298 2247 Viden’
3323 2192 3591 2263 quomodo
3613 2208 3687 2248 ex

2109 2290 2255 2344 omni
2287 2298 2436 2359 parte
2458 2288 2652 2342 animae
2693 2285 2952 2350 suadeat,
3000 2294 3057 2339 ut
3083 2284 3245 2339 etiam
3273 2301 3368 2354 pro
3394 2286 3689 2355 gentilibus

2111 2381 2397 2452 precetur?
2417 2379 2482 2434 Et
2507 2389 2760 2450 quantum
2788 2378 2985 2435 indicet
3008 2377 3133 2433 hinc
3171 2378 3424 2434 obvenire
3447 2379 3686 2445 lucrum,

2115 2472 2182 2527 Ut
2201 2472 2419 2543 quietam
2444 2510 2460 2537 ,
2493 2470 2663 2541 inquit
2686 2513 2702 2536 ,
2731 2479 2776 2524 et
2806 2471 3134 2540 tranquillam
3156 2471 3310 2523 vitam
3337 2486 3551 2541 agamus
3570 2486 3589 2525 :
3614 2479 3677 2526 ct

2111 2563 2250 2634 quod
2275 2562 2443 2618 multo
2462 2562 2633 2631 majus
2654 2570 2756 2629 est,
2780 2560 2920 2630 quod
2941 2560 3043 2615 hoc
3070 2561 3180 2615 Deo
3207 2560 3430 2630 placeat.
3460 2559 3681 2631 etquod

2111 2658 2165 2711 in
2209 2657 2310 2712 hoc
2346 2655 2550 2710 similes
2577 2654 2653 2708 illi
2681 2654 3003 2721 evadamus,
3042 2668 3163 2708 cum
3189 2652 3376 2708 eadem
3405 2669 3522 2721 quae
3563 2655 3681 2724 ipse

2111 2749 2356 2804 velimus.
2397 2747 2523 2802 Haec
2545 2753 2767 2816 possent
2790 2746 2872 2800 ve!
2904 2743 3067 2799 feram
3116 2743 3354 2801 ﬂectere.
3396 2744 3474 2799 Ne
3497 2745 3689 2800 timeas

2110 2855 2238 2912 ergo
2265 2841 2308 2894 si
2332 2853 2427 2910 pro
2443 2839 2727 2909 gentilibus
2750 2837 3007 2908 preceris;
3038 2836 3153 2907 ipse
3178 2851 3391 2906 quoque
3409 2837 3510 2893 hoc
3530 2839 3641 2893 vult
3668 2858 3682 2895 :

2110 2934 2240 2988 time
2260 2940 2463 2987 tantum
2489 2946 2611 2988 cum
2638 2931 2977 3000 imprecaris;
3007 2931 3108 2985 hoc
3128 2932 3269 2985 enim
3294 2932 3409 2999 ipse
3426 2948 3529 2986 nun
3546 2933 3683 2988 vult.

2109 3024 2259 3093 Quod
2280 3024 2321 3078 si
2349 3038 2444 3094 pro
2461 3022 2746 3093 gentilibus
2761 3022 2964 3092 precari
2980 3030 3212 3092 oportet,
3234 3021 3407 3091 palam
3425 3032 3507 3078 est
3521 3025 3683 3079 etiam

2111 3129 2208 3186 pro
2250 3115 2517 3170 haereticis
2559 3128 2680 3170 esse
2727 3113 3053 3185 precandum
3080 3128 3096 3179 ;
3128 3128 3226 3183 pro
3264 3114 3511 3169 omnibus
3534 3117 3681 3172 enim

2112 3207 2417 3262 hominibus
2437 3205 2697 3261 orandum
2716 3214 2819 3269 est,
2843 3219 3017 3275 neque
3040 3204 3159 3258 illos
3184 3205 3430 3275 persequi
3450 3216 3680 3276 oportet.

2113 3298 2223 3353 Hoc
2238 3306 2416 3352 autem
2435 3296 2651 3351 aliunde
2666 3310 2878 3366 quoque
2893 3296 3089 3351 bonum
3112 3305 3211 3359 est,
3236 3297 3377 3365 quod
3397 3313 3585 3366 nempe
3608 3299 3685 3354 illi

2111 3386 2350 3457 ejusdem
2384 3388 2494 3442 sint
2523 3398 2748 3443 naturaz.
2768 3389 2909 3443 Deus
2949 3402 3079 3443 vero
3112 3388 3289 3443 laudat
3318 3397 3373 3444 et
3409 3402 3681 3460 acceptam

2112 3480 2715 3536 habetbenevolentiam
2729 3484 3100 3549 etamicitiam,
3120 3502 3277 3556 quam
3298 3488 3348 3543 in
3363 3490 3675 3546 alterutrum

2112 3571 2388 3627 habemus.
2418 3571 2474 3628 Si
2500 3587 2648 3644 ergo,
2680 3575 2909 3646 inquies,
2939 3578 3079 3635 Deus
3102 3581 3215 3651 ipse
3237 3582 3369 3639 dare
3394 3586 3526 3647 vult,
3552 3586 3684 3657 quid

2111 3665 2246 3719 meis
2277 3665 2525 3734 precibus
2565 3676 2647 3721 est
2671 3669 2850 3738 opus?
2887 3669 3003 3726 Hoc
3032 3674 3254 3736 multum
3280 3685 3334 3730 et
3373 3676 3466 3731 tibi
3492 3688 3546 3732 et
3580 3679 3686 3734 illis

2111 3755 2320 3812 confert
2344 3798 2359 3822 ,
2389 3757 2458 3811 ad
2481 3757 2823 3816 dilectionem
2853 3762 2972 3818 illos
3005 3766 3197 3834 trahit,
3244 3776 3298 3822 et
3324 3785 3427 3824 non
3471 3771 3599 3826 sinit
3624 3781 3685 3827 ut

2112 3844 2345 3901 ferarum
2371 3862 2521 3903 more
2559 3851 2823 3920 saaviant;
2869 3854 2984 3910 haec
3007 3856 3171 3912 etiam
3214 3871 3441 3928 possunt
3468 3861 3586 3916 illos
3613 3864 3682 3917 ad

2112 3935 2274 3993 ﬁdem
2318 3939 2608 3997 attrahere.
2648 3942 2796 3999 Multi
2839 3946 2980 4000 enim
3007 3946 3257 4006 homines
3284 3953 3424 4022 quod
3455 3955 3591 4009 inter
3628 3970 3693 4012 se

2114 4040 2364 4097 proterve
2391 4032 2797 4103 contenderent,
2825 4051 2855 4090 a
2873 4037 2983 4092 Deo
3003 4038 3388 4098 discesserunt.
3416 4043 3527 4098 Hoc
3547 4060 3693 4101 nunc

2117 4122 2212 4178 Dei
2234 4124 2458 4179 salutem
2480 4126 2734 4195 appellat,
2761 4128 2853 4198 qui
2890 4127 3031 4197 Vutt,
3057 4131 3247 4203 inquit,
3270 4149 3441 4189 omnes
3463 4136 3692 4190 homines

2115 4215 2281 4269 salvos
2309 4216 2419 4285 ﬁeri
2443 4232 2462 4269 :
2487 4218 2610 4287 quia
2642 4218 2759 4274 haec
2786 4229 2869 4275 est
2891 4235 3020 4277 vere
3044 4223 3223 4290 salus;
3267 4224 3385 4281 sine
3415 4226 3515 4281 hac
3542 4227 3689 4282 enim

2116 4304 2249 4359 nihil
2277 4320 2549 4376 magnum,
2572 4308 2672 4363 alia
2694 4309 2837 4365 salus
2858 4320 2961 4376 eet,
2976 4311 3071 4367 sed
3094 4313 3266 4368 solum
3286 4316 3474 4371 salutis
3494 4332 3693 4373 nomen

2118 4395 2297 4450 habet.
2321 4395 2387 4451 Et
2418 4397 2486 4451 ad
2510 4399 2820 4470 agnitionem
2844 4402 3067 4457 veritatis
3093 4404 3279 4468 venire,
3303 4404 3494 4475 inquit.
3526 4407 3693 4477 Cujus

2118 4486 2403 4543 veritatis?
2431 4485 2582 4543 Fidei
2609 4491 2665 4544 in
2695 4491 2893 4560 ipsum.
2922 4492 3055 4547 Nam
3083 4495 3236 4565 prius
3262 4493 3471 4559 dixerat
3498 4539 3515 4565 ,
3548 4498 3696 4554 Pras-

2118 4580 2237 4651 cipe
2266 4596 2374 4636 non
2397 4581 2553 4637 aliter
2579 4583 2774 4640 docere
2801 4602 2814 4638 :
2839 4599 2908 4640 ne
2931 4600 3059 4641 vero
3083 4586 3201 4657 quis
3226 4587 3355 4658 ipsis
3381 4599 3437 4644 ut
3466 4590 3696 4647 inimicis

2119 4672 2420 4727 attenderet
2442 4713 2457 4739 ,
2504 4688 2639 4730 neve
2678 4674 2802 4730 hinc
2834 4677 2977 4732 rixas
3004 4687 3305 4748 quaereret,
3357 4679 3487 4735 dicit
3518 4700 3532 4736 :
3572 4681 3694 4737 Vult

2121 4778 2293 4817 omnes
2322 4763 2547 4819 homines
2589 4766 2754 4821 salvos
2782 4767 2897 4836 ﬁeri
2913 4806 2929 4833 ,
2974 4779 3021 4822 et
3041 4768 3109 4822 ad
3132 4770 3442 4840 agnitionem
3471 4773 3697 4827 veritatis

2121 4853 2308 4907 uenire.
2338 4851 2432 4908 His
2454 4868 2585 4909 vero
2610 4854 2767 4911 dictis
2795 4857 3176 4927 subjunxit:5.
3209 4859 3352 4915 Unus
3378 4862 3511 4915 enim
3534 4861 3695 4927 Deus,

436 4961 558 5017 qua:
592 4962 689 5017 per
734 4914 859 5002 νὶἷω
894 4963 1065 5019 genus
1107 4914 1402 5007 ﬁrmatur';
1447 4914 1570 5005 nan;
1614 4952 1667 5007 in
1706 4963 1929 5023 utraque
1960 4914 2083 5009 rei
2123 4955 2169 4999 et
2198 4962 2330 4999 unus
2350 4947 2598 5003 mediator
2624 4948 2718 5003 Dei
2743 4959 2791 5004 et
2816 4951 3097 5007 hominum.
3146 4954 3401 5019 Dixerat,
3444 4956 3523 5009 Ad
3549 4957 3698 5027 agni-

440 5042 611 5109 pietas
634 5042 923 5112 quaerenda
950 5053 1053 5099 est.
1092 5044 1222 5113 Quae
1254 5046 1396 5101 enim
1425 5046 1627 5101 utilitas
1654 5086 1669 5111 ,
1699 5046 1743 5101 si
1775 5046 1810 5100 ii
1840 5047 1929 5116 qui
1960 5047 2016 5101 in

442 5133 546 5189 lide
574 5133 658 5201 pic
685 5135 939 5199 sentiunt,
971 5137 1073 5191 vita
1101 5146 1156 5192 et
1180 5137 1431 5207 operibus
1482 5138 1627 5207 impii
1654 5138 1803 5194 sint?
1836 5138 2020 5206 Quod-

440 5242 547 5297 que
572 5226 685 5283 hzec
706 5228 810 5283 vita
838 5230 1007 5299 possit
1028 5246 1092 5286 ex
1120 5230 1372 5302 operibus
1396 5230 1553 5300 impia
1582 5230 1717 5295 ﬁeri,
1742 5231 1864 5286 audi
1887 5232 2017 5287 bea-

445 5328 557 5372 tum
584 5317 731 5375 illum
759 5320 882 5374 alibi
908 5319 1177 5377 dicentem
1207 5338 1222 5374 :
1254 5320 1571 5391 Conﬁtentur
1597 5321 1757 5377 verbis
1788 5338 1842 5377 se
1870 5339 2020 5378 nosse

447 5408 614 5462 Deum
632 5449 649 5474 ,
676 5412 825 5478 {actis
852 5421 1024 5467 autem
1048 5422 1232 5484 negant
1254 5412 1275 5483 (
1301 5411 1406 5467 Tit.
1448 5414 1500 5468 1.
1536 5412 1604 5468 16
1626 5414 1676 5483 );
1706 5423 1761 5467 ει
1789 5427 1977 5468 rursus
2003 5452 2019 5477 ,

442 5500 625 5555 Fidem
647 5504 932 5573 abnegavit,
955 5515 1001 5559 et
1026 5515 1097 5561 est
1120 5506 1317 5575 inﬁdeli
1343 5506 1560 5561 deterior
1578 5508 1656 5577 (1.
1677 5506 1818 5561 Tim.
1847 5507 1900 5562 5.
1927 5508 2009 5576 8);

443 5592 767 5665 iterumque,
796 5596 859 5653 Si
884 5598 996 5662 quis
1020 5600 1180 5668 frater
1217 5597 1505 5668 appellatus
1534 5599 1688 5669 fuerit
1713 5599 2015 5671 fornicator,

446 5692 534 5736 aut
561 5701 762 5754 avarus,
793 5689 928 5757 quod
955 5698 1026 5744 est
1046 5689 1301 5744 idolorum
1320 5690 1531 5744 servitus
1550 5731 1566 5754 ,
1596 5700 1685 5746 aut
1712 5691 2013 5755 idololatra,

447 5774 738 5847 hujusmodi
772 5797 872 5836 non
901 5781 1112 5839 honorat
1136 5781 1297 5839 Deum
1323 5782 1401 5852 (1.
1422 5782 1542 5842 Cor.
1566 5784 1619 5841 5.
1652 5785 1784 5857 ll);
1816 5795 1869 5844 et
1902 5802 2025 5843 rur-

2125 5038 2311 5092 tionem
2342 5038 2567 5094 ueritatis
2598 5043 2808 5107 venire;
2850 5043 3141 5100 ostendens
3165 5045 3351 5101 orbem
3380 5047 3432 5101 in
3478 5050 3701 5103 veritate

2124 5145 2233 5185 non
2274 5145 2418 5187 csse.
2448 5131 2652 5189 Deinde
2697 5149 2849 5202 vero,
2890 5136 3037 5192 Unus
3076 5136 3237 5206 Deus,
3283 5149 3343 5195 ut
3393 5142 3703 5198 ostenderet

2127 5222 2387 5292 plurimos
2416 5239 2520 5279 non
2561 5239 2721 5292 esse,
2767 5228 2905 5284 sicut
2946 5230 3096 5285 multi
3137 5232 3411 5302 putabant.
3460 5234 3601 5289 Dixit
3642 5251 3703 5290 se

2127 5314 2318 5371 Filium
2348 5331 2503 5372 suum
2535 5320 2748 5375 misisse
2772 5321 3145 5387 medizdorem,
3177 5334 3234 5379 ut
3255 5338 3705 5383 commonstraret

2130 5422 2190 5463 se
2216 5422 2407 5465 omnes
2454 5410 2592 5465 velle
2627 5411 2807 5468 salvos
2848 5412 2983 5470 ﬁeri.
3029 5415 3167 5484 Quid
3213 5418 3382 5488 ergo?
3424 5434 3491 5473 an
3536 5418 3706 5475 Filius

2129 5516 2236 5557 non
2261 5511 2344 5557 est
2366 5503 2542 5559 Deus?
2562 5503 2754 5576 Utique
2771 5515 2872 5561 est.
2895 5506 3174 5576 Quomodo
3197 5524 3326 5580 ergo
3349 5510 3495 5574 dicit.
3521 5512 3662 5567 Unus
3683 5513 3710 5568 ἲ

2129 5593 2213 5650 Ad
2236 5593 2591 5651 dill'erentiam
2621 5597 2886 5653 idolorum
2910 5638 2927 5666 ,
2957 5614 3062 5654 non
3093 5610 3153 5655 ut
3184 5600 3377 5657 Filium
3418 5603 3664 5658 excludat
3688 5623 3709 5657 :

2132 5704 2256 5745 nam
2273 5688 2339 5745 de
2355 5689 2581 5745 veritate
2604 5698 2659 5746 et
2676 5689 2746 5745 de
2773 5705 2960 5747 errore
2982 5707 3162 5749 sermo
3183 5694 3260 5748 illi
3280 5705 3415 5751 erat.
3445 5696 3703 5754 Mediator

2136 5792 2313 5839 autem
2340 5781 2501 5839 debet
2526 5797 2585 5839 ea
2607 5781 2837 5853 jungere
2860 5793 2915 5841 et
2937 5787 3243 5843 communia
3262 5787 3459 5861 lacere,
3480 5807 3710 5862 quorum
