  <div class='ocr_page' id='page_1' title='image "/cluster/home/n/w/nwhite01/storage/ocr_20150623/62/nnc1.0046979654/542.png"; bbox 0 0 4112 6398; ppageno 0'>
   <div class='ocr_carea' id='block_1_1' title="bbox 574 436 680 491">
    <p class='ocr_par' dir='ltr' id='par_1_1' title="bbox 574 436 680 491">
     <span class='ocr_line' id='line_1_1' title="bbox 574 436 680 491; baseline -0.009 0"><span class='ocrx_word' id='word_1_1' title='bbox 574 436 680 491; x_wconf 79' lang='lat'>535</span> 
     </span>
    </p>
   </div>
   <div class='ocr_carea' id='block_1_2' title="bbox 570 543 2138 621">
    <p class='ocr_par' dir='ltr' id='par_1_2' title="bbox 570 543 2138 621">
     <span class='ocr_line' id='line_1_2' title="bbox 570 543 2138 621; baseline -0.002 -19"><span class='ocrx_word' id='word_1_2' title='bbox 570 567 681 621; x_wconf 91' lang='grc' dir='ltr'>ρος,</span> <span class='ocrx_word' id='word_1_3' title='bbox 719 547 815 601; x_wconf 76' lang='grc' dir='ltr'>ἐὰν</span> <span class='ocrx_word' id='word_1_4' title='bbox 846 545 920 617; x_wconf 85' lang='grc' dir='ltr'>μὴ</span> <span class='ocrx_word' id='word_1_5' title='bbox 949 545 1289 617; x_wconf 77' lang='grc' dir='ltr'>βουλώμεθα,</span> <span class='ocrx_word' id='word_1_6' title='bbox 1334 544 1537 615; x_wconf 74' lang='grc' dir='ltr'>βλάψαι</span> <span class='ocrx_word' id='word_1_7' title='bbox 1572 562 1625 598; x_wconf 92' lang='grc' dir='ltr'>τι</span> <span class='ocrx_word' id='word_1_8' title='bbox 1657 543 2138 616; x_wconf 79' lang='grc' dir='ltr'>ήμάςοδυνήσεται.</span> 
     </span>
    </p>
   </div>
   <div class='ocr_carea' id='block_1_3' title="bbox 571 626 2140 701">
    <p class='ocr_par' dir='ltr' id='par_1_3' title="bbox 571 626 2140 701">
     <span class='ocr_line' id='line_1_3' title="bbox 571 626 2140 701; baseline -0.002 -17"><span class='ocrx_word' id='word_1_9' title='bbox 571 631 688 686; x_wconf 80' lang='grc' dir='ltr'>Κᾶν</span> <span class='ocrx_word' id='word_1_10' title='bbox 706 631 815 701; x_wconf 83' lang='grc' dir='ltr'>γάρ</span> <span class='ocrx_word' id='word_1_11' title='bbox 843 630 1020 701; x_wconf 71' lang='grc' dir='ltr'>ἕτεροι</span> <span class='ocrx_word' id='word_1_12' title='bbox 1060 628 1197 700; x_wconf 82' lang='grc' dir='ltr'>πρὸς</span> <span class='ocrx_word' id='word_1_13' title='bbox 1224 630 1375 699; x_wconf 83' lang='grc' dir='ltr'>ήμᾶς</span> <span class='ocrx_word' id='word_1_14' title='bbox 1402 628 1734 699; x_wconf 79' lang='grc' dir='ltr'>πολεμῶσιν,</span> <span class='ocrx_word' id='word_1_15' title='bbox 1763 626 1969 693; x_wconf 81' lang='grc' dir='ltr'>ἔξεστιν</span> <span class='ocrx_word' id='word_1_16' title='bbox 2005 630 2140 699; x_wconf 79' lang='grc' dir='ltr'>ἡμῖν</span> 
     </span>
    </p>
   </div>
   <div class='ocr_carea' id='block_1_4' title="bbox 566 710 2136 785">
    <p class='ocr_par' dir='ltr' id='par_1_4' title="bbox 566 710 2136 785">
     <span class='ocr_line' id='line_1_4' title="bbox 566 710 2136 785; baseline -0.003 -17"><span class='ocrx_word' id='word_1_17' title='bbox 566 712 705 770; x_wconf 79' lang='grc' dir='ltr'>εἶναι</span> <span class='ocrx_word' id='word_1_18' title='bbox 738 717 1031 785; x_wconf 79' lang='grc' dir='ltr'>εἰρηνικοῖς</span> <span class='ocrx_word' id='word_1_19' title='bbox 1051 730 1064 743; x_wconf 77' lang='grc'><strong><em>⁸</em></strong></span> <span class='ocrx_word' id='word_1_20' title='bbox 1096 715 1258 770; x_wconf 82' lang='grc' dir='ltr'>ἄκουε</span> <span class='ocrx_word' id='word_1_21' title='bbox 1285 712 1393 785; x_wconf 84' lang='grc' dir='ltr'>γὰρ</span> <span class='ocrx_word' id='word_1_22' title='bbox 1423 712 1519 765; x_wconf 85' lang='grc' dir='ltr'>τοῦ</span> <span class='ocrx_word' id='word_1_23' title='bbox 1557 713 1835 782; x_wconf 82' lang='grc' dir='ltr'>προφήτου</span> <span class='ocrx_word' id='word_1_24' title='bbox 1867 710 2136 779; x_wconf 86' lang='grc' dir='ltr'>λέγοντος,</span> 
     </span>
    </p>
   </div>
   <div class='ocr_carea' id='block_1_5' title="bbox 577 793 2140 867">
    <p class='ocr_par' dir='ltr' id='par_1_5' title="bbox 577 793 2140 867">
     <span class='ocr_line' id='line_1_5' title="bbox 577 793 2140 867; baseline -0.001 -16"><span class='ocrx_word' id='word_1_25' title='bbox 577 799 733 851; x_wconf 76' lang='grc' dir='ltr'>Ἀντί</span> <span class='ocrx_word' id='word_1_26' title='bbox 758 798 865 851; x_wconf 87' lang='grc' dir='ltr'>τοῦ</span> <span class='ocrx_word' id='word_1_27' title='bbox 879 796 1121 865; x_wconf 77' lang='grc' dir='ltr'>ἀγαπᾷν</span> <span class='ocrx_word' id='word_1_28' title='bbox 1136 814 1231 867; x_wconf 84' lang='grc' dir='ltr'>με,</span> <span class='ocrx_word' id='word_1_29' title='bbox 1249 795 1602 849; x_wconf 77' lang='grc' dir='ltr'>ἐνδιέϐαλόν</span> <span class='ocrx_word' id='word_1_30' title='bbox 1615 812 1711 863; x_wconf 89' lang='grc' dir='ltr'>με,</span> <span class='ocrx_word' id='word_1_31' title='bbox 1730 794 1845 864; x_wconf 80' lang='grc' dir='ltr'>ἐγὼ</span> <span class='ocrx_word' id='word_1_32' title='bbox 1864 793 1933 847; x_wconf 81' lang='grc' dir='ltr'>δὲ</span> <span class='ocrx_word' id='word_1_33' title='bbox 1952 808 2140 861; x_wconf 85' lang='grc' dir='ltr'>προσ-</span> 
     </span>
    </p>
   </div>
   <div class='ocr_carea' id='block_1_6' title="bbox 560 876 2136 949">
    <p class='ocr_par' dir='ltr' id='par_1_6' title="bbox 560 876 2136 949">
     <span class='ocr_line' id='line_1_6' title="bbox 560 876 2136 949; baseline -0.003 -13"><span class='ocrx_word' id='word_1_34' title='bbox 560 882 869 949; x_wconf 85' lang='grc' dir='ltr'>ηυχόμην·</span> <span class='ocrx_word' id='word_1_35' title='bbox 891 881 984 933; x_wconf 81' lang='grc' dir='ltr'>καὶ</span> <span class='ocrx_word' id='word_1_36' title='bbox 1009 880 1191 940; x_wconf 87' lang='grc' dir='ltr'>πάλιν,</span> <span class='ocrx_word' id='word_1_37' title='bbox 1225 879 1386 933; x_wconf 87' lang='grc' dir='ltr'><em>Μετὰ</em></span> <span class='ocrx_word' id='word_1_38' title='bbox 1408 878 1529 930; x_wconf 87' lang='grc' dir='ltr'>τῶν</span> <span class='ocrx_word' id='word_1_39' title='bbox 1551 879 1895 946; x_wconf 79' lang='grc' dir='ltr'>μισούντων</span> <span class='ocrx_word' id='word_1_40' title='bbox 1922 876 2037 945; x_wconf 83' lang='grc' dir='ltr'>τὴν</span> <span class='ocrx_word' id='word_1_41' title='bbox 2057 880 2136 932; x_wconf 85' lang='grc' dir='ltr'>ει-</span> 
     </span>
    </p>
   </div>
   <div class='ocr_carea' id='block_1_7' title="bbox 556 960 2138 1034">
    <p class='ocr_par' dir='ltr' id='par_1_7' title="bbox 556 960 2138 1034">
     <span class='ocr_line' id='line_1_7' title="bbox 556 960 2138 1034; baseline -0.001 -18"><span class='ocrx_word' id='word_1_42' title='bbox 556 965 755 1034; x_wconf 86' lang='grc' dir='ltr'>ρήνην</span> <span class='ocrx_word' id='word_1_43' title='bbox 772 964 934 1033; x_wconf 79' lang='grc' dir='ltr'>ἤμην</span> <span class='ocrx_word' id='word_1_44' title='bbox 958 965 1255 1031; x_wconf 70' lang='grc' dir='ltr'>εἰρηνικός</span> <span class='ocrx_word' id='word_1_45' title='bbox 1279 978 1294 993; x_wconf 84' lang='lat'><strong><em>°</em></strong></span> <span class='ocrx_word' id='word_1_46' title='bbox 1319 962 1412 1016; x_wconf 76' lang='grc' dir='ltr'>καὶ</span> <span class='ocrx_word' id='word_1_47' title='bbox 1440 962 1624 1021; x_wconf 88' lang='grc' dir='ltr'>πάλιν,</span> <span class='ocrx_word' id='word_1_48' title='bbox 1655 963 1839 1014; x_wconf 88' lang='grc' dir='ltr'>Ὅταν</span> <span class='ocrx_word' id='word_1_49' title='bbox 1870 960 2138 1015; x_wconf 77' lang='grc' dir='ltr'>ἐλάλουν</span> 
     </span>
    </p>
   </div>
   <div class='ocr_carea' id='block_1_8' title="bbox 560 1044 2136 1115">
    <p class='ocr_par' dir='ltr' id='par_1_8' title="bbox 560 1044 2136 1115">
     <span class='ocr_line' id='line_1_8' title="bbox 560 1044 2136 1115; baseline -0.001 -16"><span class='ocrx_word' id='word_1_50' title='bbox 560 1047 786 1112; x_wconf 84' lang='grc' dir='ltr'>αὐτοῖς.</span> <span class='ocrx_word' id='word_1_51' title='bbox 820 1048 1162 1115; x_wconf 74' lang='grc' dir='ltr'>ἐπολέμουν</span> <span class='ocrx_word' id='word_1_52' title='bbox 1189 1063 1260 1113; x_wconf 84' lang='grc' dir='ltr'>με</span> <span class='ocrx_word' id='word_1_53' title='bbox 1286 1045 1537 1113; x_wconf 88' lang='grc' dir='ltr'>δωρεάν.</span> <span class='ocrx_word' id='word_1_54' title='bbox 1566 1045 1670 1099; x_wconf 83' lang='grc' dir='ltr'>Τὸν</span> <span class='ocrx_word' id='word_1_55' title='bbox 1707 1044 1766 1098; x_wconf 81' lang='grc' dir='ltr'>δὲ</span> <span class='ocrx_word' id='word_1_56' title='bbox 1798 1044 1980 1115; x_wconf 91' lang='grc' dir='ltr'>τρίτον</span> <span class='ocrx_word' id='word_1_57' title='bbox 2034 1045 2136 1098; x_wconf 82' lang='grc' dir='ltr'>οὐκ</span> 
     </span>
    </p>
   </div>
   <div class='ocr_carea' id='block_1_9' title="bbox 560 1128 2134 1201">
    <p class='ocr_par' dir='ltr' id='par_1_9' title="bbox 560 1128 2134 1201">
     <span class='ocr_line' id='line_1_9' title="bbox 560 1128 2134 1201; baseline -0.002 -18"><span class='ocrx_word' id='word_1_58' title='bbox 560 1132 641 1185; x_wconf 77' lang='grc' dir='ltr'>ἔνι</span> <span class='ocrx_word' id='word_1_59' title='bbox 676 1130 976 1191; x_wconf 74' lang='grc' dir='ltr'>ἀκινδύνως</span> <span class='ocrx_word' id='word_1_60' title='bbox 1012 1129 1159 1201; x_wconf 68' lang='lat'>[584]</span> <span class='ocrx_word' id='word_1_61' title='bbox 1192 1130 1499 1198; x_wconf 83' lang='grc' dir='ltr'>διαφυγεῖν.</span> <span class='ocrx_word' id='word_1_62' title='bbox 1528 1129 1697 1181; x_wconf 87' lang='grc' dir='ltr'>Ὅταν</span> <span class='ocrx_word' id='word_1_63' title='bbox 1730 1128 1840 1198; x_wconf 85' lang='grc' dir='ltr'>γὰρ</span> <span class='ocrx_word' id='word_1_64' title='bbox 1873 1128 2004 1199; x_wconf 80' lang='grc' dir='ltr'>ἡμῖν</span> <span class='ocrx_word' id='word_1_65' title='bbox 2025 1128 2134 1181; x_wconf 85' lang='grc' dir='ltr'>δια-</span> 
     </span>
    </p>
   </div>
   <div class='ocr_carea' id='block_1_10' title="bbox 560 1212 2134 1289">
    <p class='ocr_par' dir='ltr' id='par_1_10' title="bbox 560 1212 2134 1289">
     <span class='ocr_line' id='line_1_10' title="bbox 560 1212 2134 1289; baseline -0.002 -20"><span class='ocrx_word' id='word_1_66' title='bbox 560 1217 825 1289; x_wconf 80' lang='grc' dir='ltr'>στασιάζῃ</span> <span class='ocrx_word' id='word_1_67' title='bbox 851 1216 912 1270; x_wconf 79' lang='grc' dir='ltr'>τὸ</span> <span class='ocrx_word' id='word_1_68' title='bbox 946 1216 1105 1285; x_wconf 87' lang='grc' dir='ltr'>σῶμα</span> <span class='ocrx_word' id='word_1_69' title='bbox 1163 1216 1299 1284; x_wconf 83' lang='grc' dir='ltr'>πρὸς</span> <span class='ocrx_word' id='word_1_70' title='bbox 1344 1215 1443 1279; x_wconf 82' lang='grc' dir='ltr'>τὴν</span> <span class='ocrx_word' id='word_1_71' title='bbox 1485 1213 1684 1284; x_wconf 80' lang='grc' dir='ltr'>ψυχὴν,</span> <span class='ocrx_word' id='word_1_72' title='bbox 1746 1214 1839 1266; x_wconf 79' lang='grc' dir='ltr'>καὶ</span> <span class='ocrx_word' id='word_1_73' title='bbox 1890 1212 2134 1283; x_wconf 84' lang='grc' dir='ltr'>χαλεπὰς</span> 
     </span>
    </p>
   </div>
   <div class='ocr_carea' id='block_1_11' title="bbox 559 1296 2132 1370">
    <p class='ocr_par' dir='ltr' id='par_1_11' title="bbox 559 1296 2132 1370">
     <span class='ocr_line' id='line_1_11' title="bbox 559 1296 2132 1370; baseline 0.001 -18"><span class='ocrx_word' id='word_1_74' title='bbox 559 1301 856 1370; x_wconf 81' lang='grc' dir='ltr'>ἐπιθυμίας</span> <span class='ocrx_word' id='word_1_75' title='bbox 888 1299 1099 1370; x_wconf 86' lang='grc' dir='ltr'>ἐγείρῃ,</span> <span class='ocrx_word' id='word_1_76' title='bbox 1124 1300 1221 1352; x_wconf 74' lang='grc' dir='ltr'>καὶ</span> <span class='ocrx_word' id='word_1_77' title='bbox 1257 1297 1355 1362; x_wconf 83' lang='grc' dir='ltr'>τάς</span> <span class='ocrx_word' id='word_1_78' title='bbox 1376 1297 1570 1369; x_wconf 86' lang='grc' dir='ltr'>ήδονάς</span> <span class='ocrx_word' id='word_1_79' title='bbox 1601 1296 1796 1369; x_wconf 76' lang='grc' dir='ltr'>ὁπλίζῃ</span> <span class='ocrx_word' id='word_1_80' title='bbox 1812 1296 1921 1350; x_wconf 88' lang='grc' dir='ltr'>τῶν</span> <span class='ocrx_word' id='word_1_81' title='bbox 1954 1299 2132 1368; x_wconf 86' lang='grc' dir='ltr'>σωμά-</span> 
     </span>
    </p>
   </div>
   <div class='ocr_carea' id='block_1_12' title="bbox 558 1380 2131 1454">
    <p class='ocr_par' dir='ltr' id='par_1_12' title="bbox 558 1380 2131 1454">
     <span class='ocr_line' id='line_1_12' title="bbox 558 1380 2131 1454; baseline -0.001 -19"><span class='ocrx_word' id='word_1_82' title='bbox 558 1401 687 1449; x_wconf 87' lang='grc' dir='ltr'>των,</span> <span class='ocrx_word' id='word_1_83' title='bbox 715 1385 811 1452; x_wconf 87' lang='grc' dir='ltr'>τῆς</span> <span class='ocrx_word' id='word_1_84' title='bbox 836 1384 1024 1454; x_wconf 81' lang='grc' dir='ltr'>ὀργῆς,</span> <span class='ocrx_word' id='word_1_85' title='bbox 1062 1382 1155 1434; x_wconf 83' lang='lat'>106</span> <span class='ocrx_word' id='word_1_86' title='bbox 1180 1380 1398 1451; x_wconf 79' lang='grc' dir='ltr'>φθόνου,</span> <span class='ocrx_word' id='word_1_87' title='bbox 1438 1380 1537 1433; x_wconf 79' lang='grc' dir='ltr'>οὐκ</span> <span class='ocrx_word' id='word_1_88' title='bbox 1582 1381 1683 1442; x_wconf 79' lang='grc' dir='ltr'>ἔνι,</span> <span class='ocrx_word' id='word_1_89' title='bbox 1730 1381 1803 1451; x_wconf 86' lang='grc' dir='ltr'>μὴ</span> <span class='ocrx_word' id='word_1_90' title='bbox 1833 1380 1926 1432; x_wconf 75' lang='grc' dir='ltr'>τοῦ</span> <span class='ocrx_word' id='word_1_91' title='bbox 1975 1380 2131 1433; x_wconf 77' lang='grc' dir='ltr'>πολέ-</span> 
     </span>
    </p>
   </div>
   <div class='ocr_carea' id='block_1_13' title="bbox 560 1461 2129 1534">
    <p class='ocr_par' dir='ltr' id='par_1_13' title="bbox 560 1461 2129 1534">
     <span class='ocr_line' id='line_1_13' title="bbox 560 1461 2129 1534; baseline -0.001 -17"><span class='ocrx_word' id='word_1_92' title='bbox 560 1483 660 1534; x_wconf 89' lang='grc' dir='ltr'>μου</span> <span class='ocrx_word' id='word_1_93' title='bbox 696 1465 885 1518; x_wconf 85' lang='grc' dir='ltr'>τούτου</span> <span class='ocrx_word' id='word_1_94' title='bbox 912 1465 1184 1529; x_wconf 81' lang='grc' dir='ltr'>λυθέντος,</span> <span class='ocrx_word' id='word_1_95' title='bbox 1236 1466 1511 1533; x_wconf 81' lang='grc' dir='ltr'>ἐπιτυχεῖν</span> <span class='ocrx_word' id='word_1_96' title='bbox 1552 1462 1658 1515; x_wconf 89' lang='grc' dir='ltr'>τῶν</span> <span class='ocrx_word' id='word_1_97' title='bbox 1703 1461 2129 1533; x_wconf 82' lang='grc' dir='ltr'>ἐπηγγελμένων</span> 
     </span>
    </p>
   </div>
   <div class='ocr_carea' id='block_1_14' title="bbox 556 1547 2129 1620">
    <p class='ocr_par' dir='ltr' id='par_1_14' title="bbox 556 1547 2129 1620">
     <span class='ocr_line' id='line_1_14' title="bbox 556 1547 2129 1620; baseline -0.002 -17"><span class='ocrx_word' id='word_1_98' title='bbox 556 1548 793 1614; x_wconf 85' lang='grc' dir='ltr'>ἀγαθῶν,</span> <span class='ocrx_word' id='word_1_99' title='bbox 843 1549 957 1602; x_wconf 83' lang='grc' dir='ltr'>ἀλλ’</span> <span class='ocrx_word' id='word_1_100' title='bbox 981 1549 1194 1620; x_wconf 82' lang='grc' dir='ltr'>ἀνάγκη</span> <span class='ocrx_word' id='word_1_101' title='bbox 1223 1549 1316 1601; x_wconf 84' lang='grc' dir='ltr'>τὸν</span> <span class='ocrx_word' id='word_1_102' title='bbox 1352 1550 1428 1618; x_wconf 86' lang='grc' dir='ltr'>μὴ</span> <span class='ocrx_word' id='word_1_103' title='bbox 1469 1548 1905 1601; x_wconf 87' lang='grc' dir='ltr'>καταστέλλοντα</span> <span class='ocrx_word' id='word_1_104' title='bbox 1926 1547 2129 1618; x_wconf 88' lang='grc' dir='ltr'>ταύτην</span> 
     </span>
    </p>
   </div>
   <div class='ocr_carea' id='block_1_15' title="bbox 553 1630 2128 1703">
    <p class='ocr_par' dir='ltr' id='par_1_15' title="bbox 553 1630 2128 1703">
     <span class='ocr_line' id='line_1_15' title="bbox 553 1630 2128 1703; baseline -0.001 -19"><span class='ocrx_word' id='word_1_105' title='bbox 553 1632 654 1701; x_wconf 80' lang='grc' dir='ltr'>τὴν</span> <span class='ocrx_word' id='word_1_106' title='bbox 675 1633 942 1703; x_wconf 79' lang='grc' dir='ltr'>ταραχὴν,</span> <span class='ocrx_word' id='word_1_107' title='bbox 994 1635 1182 1685; x_wconf 85' lang='grc' dir='ltr'>πεσεῖν</span> <span class='ocrx_word' id='word_1_108' title='bbox 1231 1631 1327 1686; x_wconf 76' lang='grc' dir='ltr'>καὶ</span> <span class='ocrx_word' id='word_1_109' title='bbox 1357 1630 1651 1702; x_wconf 84' lang='grc' dir='ltr'>τραύματα</span> <span class='ocrx_word' id='word_1_110' title='bbox 1685 1631 1888 1697; x_wconf 91' lang='grc' dir='ltr'>λαϐεῖν,</span> <span class='ocrx_word' id='word_1_111' title='bbox 1923 1632 2128 1684; x_wconf 85' lang='grc' dir='ltr'>ἐκεῖνον</span> 
     </span>
    </p>
   </div>
   <div class='ocr_carea' id='block_1_16' title="bbox 552 1714 2127 1787">
    <p class='ocr_par' dir='ltr' id='par_1_16' title="bbox 552 1714 2127 1787">
     <span class='ocr_line' id='line_1_16' title="bbox 552 1714 2127 1787; baseline -0.001 -19"><span class='ocrx_word' id='word_1_112' title='bbox 552 1716 644 1769; x_wconf 84' lang='grc' dir='ltr'>τὸν</span> <span class='ocrx_word' id='word_1_113' title='bbox 686 1715 917 1768; x_wconf 87' lang='grc' dir='ltr'>θάνατον</span> <span class='ocrx_word' id='word_1_114' title='bbox 966 1715 1216 1770; x_wconf 77' lang='grc' dir='ltr'>τίκτοντα</span> <span class='ocrx_word' id='word_1_115' title='bbox 1242 1715 1333 1769; x_wconf 85' lang='grc' dir='ltr'>τὸν</span> <span class='ocrx_word' id='word_1_116' title='bbox 1364 1718 1423 1769; x_wconf 83' lang='grc' dir='ltr'>ἐν</span> <span class='ocrx_word' id='word_1_117' title='bbox 1458 1718 1526 1787; x_wconf 83' lang='grc' dir='ltr'>τῇ</span> <span class='ocrx_word' id='word_1_118' title='bbox 1560 1716 1772 1786; x_wconf 81' lang='grc' dir='ltr'>γεέννῃ.</span> <span class='ocrx_word' id='word_1_119' title='bbox 1821 1717 1914 1767; x_wconf 90' lang='grc' dir='ltr'>Δεῖ</span> <span class='ocrx_word' id='word_1_120' title='bbox 1948 1714 2127 1768; x_wconf 92' lang='grc' dir='ltr'>τοίνυν</span> 
     </span>
    </p>
   </div>
   <div class='ocr_carea' id='block_1_17' title="bbox 553 1798 2125 1871">
    <p class='ocr_par' dir='ltr' id='par_1_17' title="bbox 553 1798 2125 1871">
     <span class='ocr_line' id='line_1_17' title="bbox 553 1798 2125 1871; baseline -0.001 -20"><span class='ocrx_word' id='word_1_121' title='bbox 553 1800 684 1867; x_wconf 80' lang='grc' dir='ltr'>ἡμῖν</span> <span class='ocrx_word' id='word_1_122' title='bbox 715 1800 836 1853; x_wconf 86' lang='grc' dir='ltr'>καθ’</span> <span class='ocrx_word' id='word_1_123' title='bbox 884 1800 1122 1869; x_wconf 78' lang='grc' dir='ltr'>ἑκάστην</span> <span class='ocrx_word' id='word_1_124' title='bbox 1159 1799 1372 1869; x_wconf 79' lang='grc' dir='ltr'>ἡμέραν</span> <span class='ocrx_word' id='word_1_125' title='bbox 1406 1799 1676 1871; x_wconf 84' lang='grc' dir='ltr'>μερίμνης</span> <span class='ocrx_word' id='word_1_126' title='bbox 1723 1799 1819 1852; x_wconf 78' lang='grc' dir='ltr'>καὶ</span> <span class='ocrx_word' id='word_1_127' title='bbox 1847 1798 2125 1870; x_wconf 82' lang='grc' dir='ltr'>φροντίδος</span> 
     </span>
    </p>
   </div>
   <div class='ocr_carea' id='block_1_18' title="bbox 553 1881 2127 1954">
    <p class='ocr_par' dir='ltr' id='par_1_18' title="bbox 553 1881 2127 1954">
     <span class='ocr_line' id='line_1_18' title="bbox 553 1881 2127 1954; baseline 0.001 -20"><span class='ocrx_word' id='word_1_128' title='bbox 553 1882 775 1954; x_wconf 86' lang='grc' dir='ltr'>πολλῆς,</span> <span class='ocrx_word' id='word_1_129' title='bbox 827 1881 968 1935; x_wconf 84' lang='grc' dir='ltr'>ὥστε</span> <span class='ocrx_word' id='word_1_130' title='bbox 1010 1883 1146 1953; x_wconf 88' lang='grc' dir='ltr'>μήτε</span> <span class='ocrx_word' id='word_1_131' title='bbox 1176 1882 1486 1953; x_wconf 77' lang='grc' dir='ltr'>ἐγείρεσθαι</span> <span class='ocrx_word' id='word_1_132' title='bbox 1522 1884 1582 1934; x_wconf 84' lang='grc' dir='ltr'>ἐν</span> <span class='ocrx_word' id='word_1_133' title='bbox 1631 1884 1767 1953; x_wconf 78' lang='grc' dir='ltr'>ἡμῖν</span> <span class='ocrx_word' id='word_1_134' title='bbox 1796 1882 1989 1936; x_wconf 83' lang='grc' dir='ltr'>τοῦτον</span> <span class='ocrx_word' id='word_1_135' title='bbox 2034 1883 2127 1935; x_wconf 77' lang='grc' dir='ltr'>τὸν</span> 
     </span>
    </p>
   </div>
   <div class='ocr_carea' id='block_1_19' title="bbox 529 1964 2125 2037">
    <p class='ocr_par' dir='ltr' id='par_1_19' title="bbox 529 1964 2125 2037">
     <span class='ocr_line' id='line_1_19' title="bbox 529 1964 2125 2037; baseline 0.001 -21"><span class='ocrx_word' id='word_1_136' title='bbox 529 1964 808 2033; x_wconf 87' lang='grc' dir='ltr'>’πόλεμον,</span> <span class='ocrx_word' id='word_1_137' title='bbox 857 1966 994 2036; x_wconf 90' lang='grc' dir='ltr'>μήτε</span> <span class='ocrx_word' id='word_1_138' title='bbox 1035 1965 1383 2035; x_wconf 88' lang='grc' dir='ltr'>διεγερθέντα</span> <span class='ocrx_word' id='word_1_139' title='bbox 1413 1966 1618 2037; x_wconf 87' lang='grc' dir='ltr'>μένειν,</span> <span class='ocrx_word' id='word_1_140' title='bbox 1650 1965 1789 2020; x_wconf 88' lang='grc' dir='ltr'>ἀλλά</span> <span class='ocrx_word' id='word_1_141' title='bbox 1825 1964 2125 2019; x_wconf 88' lang='grc' dir='ltr'>καταστέλ-</span> 
     </span>
    </p>
   </div>
   <div class='ocr_carea' id='block_1_20' title="bbox 552 2048 2122 2120">
    <p class='ocr_par' dir='ltr' id='par_1_20' title="bbox 552 2048 2122 2120">
     <span class='ocr_line' id='line_1_20' title="bbox 552 2048 2122 2120; baseline 0.001 -21"><span class='ocrx_word' id='word_1_142' title='bbox 552 2048 739 2102; x_wconf 88' lang='grc' dir='ltr'>λεσθαι</span> <span class='ocrx_word' id='word_1_143' title='bbox 784 2050 879 2102; x_wconf 80' lang='grc' dir='ltr'>καὶ</span> <span class='ocrx_word' id='word_1_144' title='bbox 915 2048 1283 2119; x_wconf 83' lang='grc' dir='ltr'>κοιμίζεσθαι.</span> <span class='ocrx_word' id='word_1_145' title='bbox 1323 2049 1388 2102; x_wconf 88' lang='grc' dir='ltr'>Τί</span> <span class='ocrx_word' id='word_1_146' title='bbox 1426 2050 1534 2120; x_wconf 79' lang='grc' dir='ltr'>γὰρ</span> <span class='ocrx_word' id='word_1_147' title='bbox 1563 2049 1627 2103; x_wconf 88' lang='grc' dir='ltr'>ἂν</span> <span class='ocrx_word' id='word_1_148' title='bbox 1658 2049 1848 2117; x_wconf 72' lang='grc' dir='ltr'>ὄφελος</span> <span class='ocrx_word' id='word_1_149' title='bbox 1894 2048 2122 2117; x_wconf 88' lang='grc' dir='ltr'>γένοιτο,</span> 
     </span>
    </p>
   </div>
   <div class='ocr_carea' id='block_1_21' title="bbox 551 2133 2122 2207">
    <p class='ocr_par' dir='ltr' id='par_1_21' title="bbox 551 2133 2122 2207">
     <span class='ocr_line' id='line_1_21' title="bbox 551 2133 2122 2207; baseline 0.001 -22"><span class='ocrx_word' id='word_1_150' title='bbox 551 2133 681 2185; x_wconf 85' lang='grc' dir='ltr'>ὅταν</span> <span class='ocrx_word' id='word_1_151' title='bbox 709 2134 742 2203; x_wconf 86' lang='grc' dir='ltr'>ή</span> <span class='ocrx_word' id='word_1_152' title='bbox 781 2133 882 2203; x_wconf 90' lang='grc' dir='ltr'>μὲν</span> <span class='ocrx_word' id='word_1_153' title='bbox 910 2133 1204 2204; x_wconf 70' lang='grc' dir='ltr'>οἰκουμένη</span> <span class='ocrx_word' id='word_1_154' title='bbox 1234 2133 1453 2204; x_wconf 85' lang='grc' dir='ltr'>βαθείας</span> <span class='ocrx_word' id='word_1_155' title='bbox 1480 2134 1730 2207; x_wconf 84' lang='grc' dir='ltr'>ἀπολαύῃ</span> <span class='ocrx_word' id='word_1_156' title='bbox 1762 2134 2009 2205; x_wconf 80' lang='grc' dir='ltr'>εἰρήνης,</span> <span class='ocrx_word' id='word_1_157' title='bbox 2058 2134 2122 2187; x_wconf 85' lang='grc' dir='ltr'>σὺ</span> 
     </span>
    </p>
   </div>
   <div class='ocr_carea' id='block_1_22' title="bbox 549 2217 2124 2290">
    <p class='ocr_par' dir='ltr' id='par_1_22' title="bbox 549 2217 2124 2290">
     <span class='ocr_line' id='line_1_22' title="bbox 549 2217 2124 2290; baseline -0.001 -20"><span class='ocrx_word' id='word_1_158' title='bbox 549 2217 608 2270; x_wconf 82' lang='grc' dir='ltr'>δὲ</span> <span class='ocrx_word' id='word_1_159' title='bbox 641 2218 774 2289; x_wconf 86' lang='grc' dir='ltr'>πρὸς</span> <span class='ocrx_word' id='word_1_160' title='bbox 822 2219 1012 2272; x_wconf 77' lang='grc' dir='ltr'>ἑαυτὸν</span> <span class='ocrx_word' id='word_1_161' title='bbox 1058 2218 1341 2289; x_wconf 84' lang='grc' dir='ltr'>πολεμῇς;</span> <span class='ocrx_word' id='word_1_162' title='bbox 1388 2218 1603 2290; x_wconf 85' lang='grc' dir='ltr'>Ταύτην</span> <span class='ocrx_word' id='word_1_163' title='bbox 1653 2219 1736 2273; x_wconf 89' lang='grc' dir='ltr'>δεῖ</span> <span class='ocrx_word' id='word_1_164' title='bbox 1764 2218 1862 2288; x_wconf 88' lang='grc' dir='ltr'>τὴν</span> <span class='ocrx_word' id='word_1_165' title='bbox 1901 2219 2124 2289; x_wconf 90' lang='grc' dir='ltr'>εἰρήνην</span> 
     </span>
    </p>
   </div>
   <div class='ocr_carea' id='block_1_23' title="bbox 552 2300 2123 2373">
    <p class='ocr_par' dir='ltr' id='par_1_23' title="bbox 552 2300 2123 2373">
     <span class='ocr_line' id='line_1_23' title="bbox 552 2300 2123 2373; baseline 0.001 -21"><span class='ocrx_word' id='word_1_166' title='bbox 552 2302 728 2371; x_wconf 77' lang='grc' dir='ltr'>ἔχειν’</span> <span class='ocrx_word' id='word_1_167' title='bbox 777 2302 843 2356; x_wconf 87' lang='grc' dir='ltr'>ἂν</span> <span class='ocrx_word' id='word_1_168' title='bbox 883 2301 1087 2373; x_wconf 87' lang='grc' dir='ltr'>ταύτην</span> <span class='ocrx_word' id='word_1_169' title='bbox 1132 2302 1365 2373; x_wconf 76' lang='grc' dir='ltr'>ἔχωμεν,</span> <span class='ocrx_word' id='word_1_170' title='bbox 1403 2302 1554 2355; x_wconf 83' lang='grc' dir='ltr'>οὐδὲν</span> <span class='ocrx_word' id='word_1_171' title='bbox 1606 2303 1751 2371; x_wconf 81' lang='grc' dir='ltr'>ἡμᾶς</span> <span class='ocrx_word' id='word_1_172' title='bbox 1788 2302 1898 2354; x_wconf 89' lang='grc' dir='ltr'>τῶν</span> <span class='ocrx_word' id='word_1_173' title='bbox 1924 2300 2123 2367; x_wconf 79' lang='grc' dir='ltr'>ἔξωθεν</span> 
     </span>
    </p>
   </div>
   <div class='ocr_carea' id='block_1_24' title="bbox 555 2384 2119 2456">
    <p class='ocr_par' dir='ltr' id='par_1_24' title="bbox 555 2384 2119 2456">
     <span class='ocr_line' id='line_1_24' title="bbox 555 2384 2119 2456; baseline -0.001 -18"><span class='ocrx_word' id='word_1_174' title='bbox 555 2385 754 2456; x_wconf 76' lang='grc' dir='ltr'>βλάψαι</span> <span class='ocrx_word' id='word_1_175' title='bbox 803 2386 1108 2456; x_wconf 87' lang='grc' dir='ltr'>δυνήσεται.</span> <span class='ocrx_word' id='word_1_176' title='bbox 1184 2387 1432 2439; x_wconf 89' lang='grc' dir='ltr'>Συντελεῖ</span> <span class='ocrx_word' id='word_1_177' title='bbox 1486 2386 1543 2438; x_wconf 85' lang='grc' dir='ltr'>δὲ</span> <span class='ocrx_word' id='word_1_178' title='bbox 1598 2386 1734 2455; x_wconf 85' lang='grc' dir='ltr'>πρὸς</span> <span class='ocrx_word' id='word_1_179' title='bbox 1786 2384 1991 2455; x_wconf 89' lang='grc' dir='ltr'>ταύτην</span> <span class='ocrx_word' id='word_1_180' title='bbox 2058 2384 2119 2436; x_wconf 88' lang='grc' dir='ltr'>ού</span> 
     </span>
    </p>
   </div>
   <div class='ocr_carea' id='block_1_25' title="bbox 553 2469 2124 2541">
    <p class='ocr_par' dir='ltr' id='par_1_25' title="bbox 553 2469 2124 2541">
     <span class='ocr_line' id='line_1_25' title="bbox 553 2469 2124 2541; baseline -0.001 -19"><span class='ocrx_word' id='word_1_181' title='bbox 553 2472 747 2539; x_wconf 89' lang='grc' dir='ltr'>μικρὸν</span> <span class='ocrx_word' id='word_1_182' title='bbox 785 2471 879 2524; x_wconf 72' lang='grc' dir='ltr'>καὶ</span> <span class='ocrx_word' id='word_1_183' title='bbox 916 2472 948 2541; x_wconf 84' lang='grc' dir='ltr'>ἡ</span> <span class='ocrx_word' id='word_1_184' title='bbox 983 2470 1135 2541; x_wconf 85' lang='grc' dir='ltr'>κοινὴ</span> <span class='ocrx_word' id='word_1_185' title='bbox 1175 2470 1365 2541; x_wconf 87' lang='grc' dir='ltr'>εἰρήνη</span> <span class='ocrx_word' id='word_1_186' title='bbox 1390 2485 1405 2499; x_wconf 83' lang='lat'><strong>&#39;</strong></span> <span class='ocrx_word' id='word_1_187' title='bbox 1441 2470 1526 2523; x_wconf 76' lang='grc' dir='ltr'>διὰ</span> <span class='ocrx_word' id='word_1_188' title='bbox 1569 2469 1727 2522; x_wconf 81' lang='grc' dir='ltr'>τοῦτό</span> <span class='ocrx_word' id='word_1_189' title='bbox 1768 2486 1953 2539; x_wconf 90' lang='grc' dir='ltr'>φησιν,</span> <span class='ocrx_word' id='word_1_190' title='bbox 1989 2469 2124 2522; x_wconf 83' lang='grc' dir='ltr'>Ἵνα</span> 
     </span>
    </p>
   </div>
   <div class='ocr_carea' id='block_1_26' title="bbox 549 2552 2117 2624">
    <p class='ocr_par' dir='ltr' id='par_1_26' title="bbox 549 2552 2117 2624">
     <span class='ocr_line' id='line_1_26' title="bbox 549 2552 2117 2624; baseline -0.003 -15"><span class='ocrx_word' id='word_1_191' title='bbox 549 2554 774 2624; x_wconf 79' lang='grc' dir='ltr'>ἤρεμον</span> <span class='ocrx_word' id='word_1_192' title='bbox 806 2554 905 2607; x_wconf 81' lang='grc' dir='ltr'>καὶ</span> <span class='ocrx_word' id='word_1_193' title='bbox 946 2555 1210 2623; x_wconf 77' lang='grc' dir='ltr'>ἡσύχιον</span> <span class='ocrx_word' id='word_1_194' title='bbox 1251 2554 1396 2618; x_wconf 79' lang='grc' dir='ltr'>,βίον</span> <span class='ocrx_word' id='word_1_195' title='bbox 1438 2553 1751 2623; x_wconf 82' lang='grc' dir='ltr'>διάγωμεν.</span> <span class='ocrx_word' id='word_1_196' title='bbox 1811 2554 1874 2606; x_wconf 89' lang='grc' dir='ltr'>Εἰ</span> <span class='ocrx_word' id='word_1_197' title='bbox 1910 2552 1967 2605; x_wconf 85' lang='grc' dir='ltr'>δέ</span> <span class='ocrx_word' id='word_1_198' title='bbox 2015 2570 2117 2618; x_wconf 92' lang='grc' dir='ltr'>τις,</span> 
     </span>
    </p>
   </div>
   <div class='ocr_carea' id='block_1_27' title="bbox 548 2636 2118 2709">
    <p class='ocr_par' dir='ltr' id='par_1_27' title="bbox 548 2636 2118 2709">
     <span class='ocr_line' id='line_1_27' title="bbox 548 2636 2118 2709; baseline -0.001 -19"><span class='ocrx_word' id='word_1_199' title='bbox 548 2638 778 2708; x_wconf 77' lang='grc' dir='ltr'>ἡσυχίας</span> <span class='ocrx_word' id='word_1_200' title='bbox 812 2638 998 2707; x_wconf 76' lang='grc' dir='ltr'>οΰσης,</span> <span class='ocrx_word' id='word_1_201' title='bbox 1049 2639 1398 2707; x_wconf 85' lang='grc' dir='ltr'>ταράττεται,</span> <span class='ocrx_word' id='word_1_202' title='bbox 1448 2637 1655 2709; x_wconf 84' lang='grc' dir='ltr'>σφόδρα</span> <span class='ocrx_word' id='word_1_203' title='bbox 1705 2636 1890 2700; x_wconf 81' lang='grc' dir='ltr'>ἄθλιός</span> <span class='ocrx_word' id='word_1_204' title='bbox 1950 2637 2118 2689; x_wconf 81' lang='grc' dir='ltr'>ἐστιν.</span> 
     </span>
    </p>
   </div>
   <div class='ocr_carea' id='block_1_28' title="bbox 560 2718 2121 2791">
    <p class='ocr_par' dir='ltr' id='par_1_28' title="bbox 560 2718 2121 2791">
     <span class='ocr_line' id='line_1_28' title="bbox 560 2718 2121 2791; baseline -0.002 -18"><span class='ocrx_word' id='word_1_205' title='bbox 560 2720 723 2791; x_wconf 81' lang='grc' dir='ltr'>Ὁρᾷς</span> <span class='ocrx_word' id='word_1_206' title='bbox 742 2721 821 2774; x_wconf 84' lang='grc' dir='ltr'>ὅτι</span> <span class='ocrx_word' id='word_1_207' title='bbox 853 2721 1056 2791; x_wconf 88' lang='grc' dir='ltr'>ταύτην</span> <span class='ocrx_word' id='word_1_208' title='bbox 1089 2721 1235 2787; x_wconf 90' lang='grc' dir='ltr'>λέγει</span> <span class='ocrx_word' id='word_1_209' title='bbox 1257 2721 1356 2789; x_wconf 85' lang='grc' dir='ltr'>τὴν</span> <span class='ocrx_word' id='word_1_210' title='bbox 1404 2722 1648 2791; x_wconf 88' lang='grc' dir='ltr'>εἰρήνην,</span> <span class='ocrx_word' id='word_1_211' title='bbox 1696 2722 1764 2791; x_wconf 85' lang='grc' dir='ltr'>ἢν</span> <span class='ocrx_word' id='word_1_212' title='bbox 1810 2718 1923 2787; x_wconf 86' lang='grc' dir='ltr'>ἐγώ</span> <span class='ocrx_word' id='word_1_213' title='bbox 1978 2735 2121 2788; x_wconf 88' lang='grc' dir='ltr'>φημι</span> 
     </span>
    </p>
   </div>
   <div class='ocr_carea' id='block_1_29' title="bbox 546 2804 2121 2877">
    <p class='ocr_par' dir='ltr' id='par_1_29' title="bbox 546 2804 2121 2877">
     <span class='ocr_line' id='line_1_29' title="bbox 546 2804 2121 2877; baseline -0.001 -19"><span class='ocrx_word' id='word_1_214' title='bbox 546 2805 646 2877; x_wconf 80' lang='grc' dir='ltr'>τὴν</span> <span class='ocrx_word' id='word_1_215' title='bbox 683 2805 903 2877; x_wconf 86' lang='grc' dir='ltr'>τρίτην;</span> <span class='ocrx_word' id='word_1_216' title='bbox 930 2806 1027 2856; x_wconf 88' lang='grc' dir='ltr'>Διά</span> <span class='ocrx_word' id='word_1_217' title='bbox 1052 2804 1211 2859; x_wconf 81' lang='grc' dir='ltr'>τοῦτο</span> <span class='ocrx_word' id='word_1_218' title='bbox 1233 2805 1423 2870; x_wconf 80' lang='grc' dir='ltr'>εἰπὼν,</span> <span class='ocrx_word' id='word_1_219' title='bbox 1452 2806 1588 2861; x_wconf 77' lang='lat' dir='ltr'>&quot;Ira</span> <span class='ocrx_word' id='word_1_220' title='bbox 1606 2805 1830 2874; x_wconf 78' lang='grc' dir='ltr'>ἤρεμον</span> <span class='ocrx_word' id='word_1_221' title='bbox 1854 2804 2121 2872; x_wconf 81' lang='grc' dir='ltr'>καίησύ-</span> 
     </span>
    </p>
   </div>
   <div class='ocr_carea' id='block_1_30' title="bbox 547 2887 2120 2960">
    <p class='ocr_par' dir='ltr' id='par_1_30' title="bbox 547 2887 2120 2960">
     <span class='ocr_line' id='line_1_30' title="bbox 547 2887 2120 2960; baseline -0.002 -19"><span class='ocrx_word' id='word_1_222' title='bbox 547 2906 684 2958; x_wconf 86' lang='grc' dir='ltr'>χιον</span> <span class='ocrx_word' id='word_1_223' title='bbox 709 2889 855 2952; x_wconf 79' lang='grc' dir='ltr'>βίον</span> <span class='ocrx_word' id='word_1_224' title='bbox 889 2888 1203 2957; x_wconf 74' lang='grc' dir='ltr'>διάγωμεν,</span> <span class='ocrx_word' id='word_1_225' title='bbox 1248 2890 1349 2941; x_wconf 80' lang='grc' dir='ltr'>οὐκ</span> <span class='ocrx_word' id='word_1_226' title='bbox 1374 2889 1502 2959; x_wconf 80' lang='grc' dir='ltr'>ἔστη</span> <span class='ocrx_word' id='word_1_227' title='bbox 1537 2890 1700 2960; x_wconf 85' lang='grc' dir='ltr'>μέχρι</span> <span class='ocrx_word' id='word_1_228' title='bbox 1732 2887 1944 2953; x_wconf 89' lang='grc' dir='ltr'>τούτου,</span> <span class='ocrx_word' id='word_1_229' title='bbox 1984 2887 2120 2941; x_wconf 74' lang='grc' dir='ltr'>ἀλλά</span> 
     </span>
    </p>
   </div>
   <div class='ocr_carea' id='block_1_31' title="bbox 546 2971 2120 3045">
    <p class='ocr_par' dir='ltr' id='par_1_31' title="bbox 546 2971 2120 3045">
     <span class='ocr_line' id='line_1_31' title="bbox 546 2971 2120 3045; baseline 0 -20"><span class='ocrx_word' id='word_1_230' title='bbox 546 2972 906 3045; x_wconf 87' lang='grc' dir='ltr'>προσέθηκεν,</span> <span class='ocrx_word' id='word_1_231' title='bbox 936 2974 1039 3026; x_wconf 89' lang='grc' dir='ltr'>Ἐν</span> <span class='ocrx_word' id='word_1_232' title='bbox 1058 2971 1225 3040; x_wconf 85' lang='grc' dir='ltr'>πάσῃ</span> <span class='ocrx_word' id='word_1_233' title='bbox 1240 2974 1514 3041; x_wconf 80' lang='grc' dir='ltr'>εὐσεϐείᾳ</span> <span class='ocrx_word' id='word_1_234' title='bbox 1542 2974 1638 3027; x_wconf 73' lang='grc' dir='ltr'>καὶ</span> <span class='ocrx_word' id='word_1_235' title='bbox 1658 2973 1997 3043; x_wconf 81' lang='grc' dir='ltr'>σεμνότητι.</span> <span class='ocrx_word' id='word_1_236' title='bbox 2033 2972 2120 3025; x_wconf 89' lang='grc' dir='ltr'>Ἐν</span> 
     </span>
    </p>
   </div>
   <div class='ocr_carea' id='block_1_32' title="bbox 543 3053 2118 3128">
    <p class='ocr_par' dir='ltr' id='par_1_32' title="bbox 543 3053 2118 3128">
     <span class='ocr_line' id='line_1_32' title="bbox 543 3053 2118 3128; baseline -0.001 -17"><span class='ocrx_word' id='word_1_237' title='bbox 543 3059 602 3112; x_wconf 81' lang='grc' dir='ltr'>δὲ</span> <span class='ocrx_word' id='word_1_238' title='bbox 643 3058 898 3128; x_wconf 80' lang='grc' dir='ltr'>εὐσεϐείᾳ</span> <span class='ocrx_word' id='word_1_239' title='bbox 926 3059 1020 3110; x_wconf 72' lang='grc' dir='ltr'>καὶ</span> <span class='ocrx_word' id='word_1_240' title='bbox 1045 3058 1337 3128; x_wconf 87' lang='grc' dir='ltr'>σεμνότητι</span> <span class='ocrx_word' id='word_1_241' title='bbox 1366 3053 1507 3112; x_wconf 79' lang='grc' dir='ltr'>εἰναι</span> <span class='ocrx_word' id='word_1_242' title='bbox 1534 3059 1635 3112; x_wconf 85' lang='grc' dir='ltr'>οὐκ</span> <span class='ocrx_word' id='word_1_243' title='bbox 1668 3058 1769 3122; x_wconf 78' lang='grc' dir='ltr'>ἔνι,</span> <span class='ocrx_word' id='word_1_244' title='bbox 1812 3056 1887 3127; x_wconf 83' lang='grc' dir='ltr'>μὴ</span> <span class='ocrx_word' id='word_1_245' title='bbox 1912 3057 2013 3126; x_wconf 83' lang='grc' dir='ltr'>τῆς</span> <span class='ocrx_word' id='word_1_246' title='bbox 2038 3058 2118 3109; x_wconf 83' lang='grc' dir='ltr'>εἰ-</span> 
     </span>
    </p>
   </div>
   <div class='ocr_carea' id='block_1_33' title="bbox 547 3139 2119 3212">
    <p class='ocr_par' dir='ltr' id='par_1_33' title="bbox 547 3139 2119 3212">
     <span class='ocr_line' id='line_1_33' title="bbox 547 3139 2119 3212; baseline -0.001 -20"><span class='ocrx_word' id='word_1_247' title='bbox 547 3143 715 3211; x_wconf 90' lang='grc' dir='ltr'>ρήνης</span> <span class='ocrx_word' id='word_1_248' title='bbox 759 3142 975 3208; x_wconf 88' lang='grc' dir='ltr'>ἐκείνης</span> <span class='ocrx_word' id='word_1_249' title='bbox 1026 3140 1486 3212; x_wconf 87' lang='grc' dir='ltr'>κατορθωθείσης.</span> <span class='ocrx_word' id='word_1_250' title='bbox 1529 3141 1697 3194; x_wconf 89' lang='grc' dir='ltr'>Ὅταν</span> <span class='ocrx_word' id='word_1_251' title='bbox 1731 3141 1840 3210; x_wconf 80' lang='grc' dir='ltr'>γὰρ</span> <span class='ocrx_word' id='word_1_252' title='bbox 1869 3139 2119 3210; x_wconf 69' lang='grc' dir='ltr'>λογισμοὶ</span> 
     </span>
    </p>
   </div>
   <div class='ocr_carea' id='block_1_34' title="bbox 544 3223 2116 3295">
    <p class='ocr_par' dir='ltr' id='par_1_34' title="bbox 544 3223 2116 3295">
     <span class='ocr_line' id='line_1_34' title="bbox 544 3223 2116 3295; baseline -0.001 -18"><span class='ocrx_word' id='word_1_253' title='bbox 544 3226 831 3295; x_wconf 78' lang='grc' dir='ltr'>ζητητικοὶ</span> <span class='ocrx_word' id='word_1_254' title='bbox 853 3225 1197 3294; x_wconf 76' lang='grc' dir='ltr'>ταράσσωσιν</span> <span class='ocrx_word' id='word_1_255' title='bbox 1221 3224 1379 3294; x_wconf 88' lang='grc' dir='ltr'>ἡμῶν</span> <span class='ocrx_word' id='word_1_256' title='bbox 1394 3225 1495 3295; x_wconf 84' lang='grc' dir='ltr'>τὴν</span> <span class='ocrx_word' id='word_1_257' title='bbox 1512 3224 1714 3287; x_wconf 88' lang='grc' dir='ltr'>πίστιν,</span> <span class='ocrx_word' id='word_1_258' title='bbox 1737 3223 1870 3277; x_wconf 86' lang='grc' dir='ltr'>ποία</span> <span class='ocrx_word' id='word_1_259' title='bbox 1888 3224 2079 3295; x_wconf 86' lang='grc' dir='ltr'>εἰρήνη</span> <span class='ocrx_word' id='word_1_260' title='bbox 2101 3239 2116 3288; x_wconf 89' lang='grc'>;</span> 
     </span>
    </p>
   </div>
   <div class='ocr_carea' id='block_1_35' title="bbox 542 3307 2118 3379">
    <p class='ocr_par' dir='ltr' id='par_1_35' title="bbox 542 3307 2118 3379">
     <span class='ocr_line' id='line_1_35' title="bbox 542 3307 2118 3379; baseline 0.001 -18"><span class='ocrx_word' id='word_1_261' title='bbox 542 3308 670 3362; x_wconf 79' lang='grc' dir='ltr'>ὅταν</span> <span class='ocrx_word' id='word_1_262' title='bbox 694 3307 986 3375; x_wconf 82' lang='grc' dir='ltr'>ἀσελγείας</span> <span class='ocrx_word' id='word_1_263' title='bbox 1017 3307 1469 3377; x_wconf 87' lang='grc' dir='ltr'>πνεύματα,ποία</span> <span class='ocrx_word' id='word_1_264' title='bbox 1500 3308 1727 3378; x_wconf 87' lang='grc' dir='ltr'>εἰρήνη;</span> <span class='ocrx_word' id='word_1_265' title='bbox 1761 3308 1878 3361; x_wconf 79' lang='grc' dir='ltr'>Ἵνα</span> <span class='ocrx_word' id='word_1_266' title='bbox 1904 3310 2012 3379; x_wconf 78' lang='grc' dir='ltr'>γὰρ</span> <span class='ocrx_word' id='word_1_267' title='bbox 2043 3307 2118 3379; x_wconf 85' lang='grc' dir='ltr'>μὴ</span> 
     </span>
    </p>
   </div>
   <div class='ocr_carea' id='block_1_36' title="bbox 541 3391 2118 3463">
    <p class='ocr_par' dir='ltr' id='par_1_36' title="bbox 541 3391 2118 3463">
     <span class='ocr_line' id='line_1_36' title="bbox 541 3391 2118 3463; baseline -0.001 -18"><span class='ocrx_word' id='word_1_268' title='bbox 541 3392 769 3463; x_wconf 81' lang='grc' dir='ltr'>νομίσῃς</span> <span class='ocrx_word' id='word_1_269' title='bbox 796 3393 877 3446; x_wconf 86' lang='grc' dir='ltr'>ὅτι</span> <span class='ocrx_word' id='word_1_270' title='bbox 917 3392 1105 3446; x_wconf 77' lang='grc' dir='ltr'>τοῦτον</span> <span class='ocrx_word' id='word_1_271' title='bbox 1136 3392 1321 3454; x_wconf 84' lang='grc' dir='ltr'>ἁπλῶς</span> <span class='ocrx_word' id='word_1_272' title='bbox 1368 3391 1517 3459; x_wconf 82' lang='grc' dir='ltr'>λέγει</span> <span class='ocrx_word' id='word_1_273' title='bbox 1544 3392 1635 3444; x_wconf 85' lang='grc' dir='ltr'>τὸν</span> <span class='ocrx_word' id='word_1_274' title='bbox 1666 3391 1799 3460; x_wconf 89' lang='grc' dir='ltr'>βίον,</span> <span class='ocrx_word' id='word_1_275' title='bbox 1823 3392 1882 3444; x_wconf 86' lang='grc' dir='ltr'>ὃν</span> <span class='ocrx_word' id='word_1_276' title='bbox 1916 3393 2118 3455; x_wconf 89' lang='grc' dir='ltr'>πάντες</span> 
     </span>
    </p>
   </div>
   <div class='ocr_carea' id='block_1_37' title="bbox 543 3474 2119 3547">
    <p class='ocr_par' dir='ltr' id='par_1_37' title="bbox 543 3474 2119 3547">
     <span class='ocr_line' id='line_1_37' title="bbox 543 3474 2119 3547; baseline 0.001 -20"><span class='ocrx_word' id='word_1_277' title='bbox 543 3477 705 3545; x_wconf 81' lang='grc' dir='ltr'>ζῶσιν</span> <span class='ocrx_word' id='word_1_278' title='bbox 739 3478 1036 3547; x_wconf 88' lang='grc' dir='ltr'>ἄνθρωποι,</span> <span class='ocrx_word' id='word_1_279' title='bbox 1086 3476 1276 3541; x_wconf 85' lang='grc' dir='ltr'>εἰπὼν,</span> <span class='ocrx_word' id='word_1_280' title='bbox 1308 3475 1443 3530; x_wconf 81' lang='grc' dir='ltr'>Ἵνα</span> <span class='ocrx_word' id='word_1_281' title='bbox 1476 3474 1701 3545; x_wconf 78' lang='grc' dir='ltr'>ἤρεμον</span> <span class='ocrx_word' id='word_1_282' title='bbox 1730 3475 1827 3528; x_wconf 82' lang='grc' dir='ltr'>καί</span> <span class='ocrx_word' id='word_1_283' title='bbox 1856 3477 2119 3544; x_wconf 76' lang='grc' dir='ltr'>ἡσύχιον</span> 
     </span>
    </p>
   </div>
   <div class='ocr_carea' id='block_1_38' title="bbox 535 3572 2113 3645">
    <p class='ocr_par' dir='ltr' id='par_1_38' title="bbox 535 3572 2113 3645">
     <span class='ocr_line' id='line_1_38' title="bbox 535 3572 2113 3645; baseline -0.003 -15"><span class='ocrx_word' id='word_1_284' title='bbox 535 3578 682 3641; x_wconf 77' lang='grc' dir='ltr'>,βίον</span> <span class='ocrx_word' id='word_1_285' title='bbox 730 3574 1045 3645; x_wconf 79' lang='grc' dir='ltr'>διάγωμεν,</span> <span class='ocrx_word' id='word_1_286' title='bbox 1088 3573 1307 3641; x_wconf 75' lang='grc' dir='ltr'>ἐπάγει,</span> <span class='ocrx_word' id='word_1_287' title='bbox 1351 3573 1456 3626; x_wconf 84' lang='grc' dir='ltr'>Ἐν</span> <span class='ocrx_word' id='word_1_288' title='bbox 1492 3572 1662 3640; x_wconf 81' lang='grc' dir='ltr'>πάσῃ</span> <span class='ocrx_word' id='word_1_289' title='bbox 1702 3573 1979 3639; x_wconf 79' lang='grc' dir='ltr'>εὐσεϐείᾳ</span> <span class='ocrx_word' id='word_1_290' title='bbox 2014 3572 2113 3625; x_wconf 80' lang='grc' dir='ltr'>καὶ</span> 
     </span>
    </p>
   </div>
   <div class='ocr_carea' id='block_1_39' title="bbox 540 3670 2115 3743">
    <p class='ocr_par' dir='ltr' id='par_1_39' title="bbox 540 3670 2115 3743">
     <span class='ocr_line' id='line_1_39' title="bbox 540 3670 2115 3743; baseline -0.002 -16"><span class='ocrx_word' id='word_1_291' title='bbox 540 3675 895 3743; x_wconf 75' lang='grc' dir='ltr'>σεμνότητιο</span> <span class='ocrx_word' id='word_1_292' title='bbox 944 3670 1133 3742; x_wconf 84' lang='grc' dir='ltr'>ἐπειδὴ</span> <span class='ocrx_word' id='word_1_293' title='bbox 1170 3670 1347 3723; x_wconf 80' lang='grc' dir='ltr'>ἔνεστι</span> <span class='ocrx_word' id='word_1_294' title='bbox 1374 3670 1465 3723; x_wconf 86' lang='grc' dir='ltr'>τὸν</span> <span class='ocrx_word' id='word_1_295' title='bbox 1500 3670 1706 3741; x_wconf 84' lang='grc' dir='ltr'>ήρεμον</span> <span class='ocrx_word' id='word_1_296' title='bbox 1753 3672 1847 3724; x_wconf 80' lang='grc' dir='ltr'>καὶ</span> <span class='ocrx_word' id='word_1_297' title='bbox 1892 3672 2115 3742; x_wconf 82' lang='grc' dir='ltr'>ἡσύχιον</span> 
     </span>
    </p>
   </div>
   <div class='ocr_carea' id='block_1_40' title="bbox 540 3765 2114 3840">
    <p class='ocr_par' dir='ltr' id='par_1_40' title="bbox 540 3765 2114 3840">
     <span class='ocr_line' id='line_1_40' title="bbox 540 3765 2114 3840; baseline -0.002 -16"><span class='ocrx_word' id='word_1_298' title='bbox 540 3771 656 3840; x_wconf 85' lang='grc' dir='ltr'>βίον</span> <span class='ocrx_word' id='word_1_299' title='bbox 685 3770 895 3837; x_wconf 83' lang='grc' dir='ltr'>διάγειν</span> <span class='ocrx_word' id='word_1_300' title='bbox 941 3770 1035 3822; x_wconf 78' lang='grc' dir='ltr'>καὶ</span> <span class='ocrx_word' id='word_1_301' title='bbox 1100 3766 1393 3837; x_wconf 86' lang='grc' dir='ltr'>Ἕλληνας,</span> <span class='ocrx_word' id='word_1_302' title='bbox 1467 3768 1559 3819; x_wconf 79' lang='grc' dir='ltr'>καὶ</span> <span class='ocrx_word' id='word_1_303' title='bbox 1636 3765 1974 3831; x_wconf 84' lang='grc' dir='ltr'>ἀκολάστους</span> <span class='ocrx_word' id='word_1_304' title='bbox 2022 3768 2114 3822; x_wconf 79' lang='grc' dir='ltr'>καὶ</span> 
     </span>
    </p>
   </div>
   <div class='ocr_carea' id='block_1_41' title="bbox 540 3850 2114 3923">
    <p class='ocr_par' dir='ltr' id='par_1_41' title="bbox 540 3850 2114 3923">
     <span class='ocr_line' id='line_1_41' title="bbox 540 3850 2114 3923; baseline -0.001 -16"><span class='ocrx_word' id='word_1_305' title='bbox 540 3855 930 3917; x_wconf 87' lang='grc' dir='ltr'>σπαταλῶντας</span> <span class='ocrx_word' id='word_1_306' title='bbox 981 3853 1073 3906; x_wconf 75' lang='grc' dir='ltr'>καὶ</span> <span class='ocrx_word' id='word_1_307' title='bbox 1102 3852 1423 3923; x_wconf 88' lang='grc' dir='ltr'>τρυφῶντας</span> <span class='ocrx_word' id='word_1_308' title='bbox 1477 3850 1658 3921; x_wconf 76' lang='grc' dir='ltr'>εὕροις</span> <span class='ocrx_word' id='word_1_309' title='bbox 1705 3850 1771 3904; x_wconf 86' lang='grc' dir='ltr'>ἂν</span> <span class='ocrx_word' id='word_1_310' title='bbox 1803 3851 1990 3905; x_wconf 78' lang='grc' dir='ltr'>τοῦτον</span> <span class='ocrx_word' id='word_1_311' title='bbox 2023 3852 2114 3906; x_wconf 87' lang='grc' dir='ltr'>τὸν</span> 
     </span>
    </p>
   </div>
   <div class='ocr_carea' id='block_1_42' title="bbox 542 3933 2109 4012">
    <p class='ocr_par' dir='ltr' id='par_1_42' title="bbox 542 3933 2109 4012">
     <span class='ocr_line' id='line_1_42' title="bbox 542 3933 2109 4012; baseline -0.003 -18"><span class='ocrx_word' id='word_1_312' title='bbox 542 3942 654 4012; x_wconf 85' lang='grc' dir='ltr'>βίον</span> <span class='ocrx_word' id='word_1_313' title='bbox 680 3939 907 4005; x_wconf 80' lang='grc' dir='ltr'>ζῶντας.</span> <span class='ocrx_word' id='word_1_314' title='bbox 944 3937 1063 3989; x_wconf 83' lang='grc' dir='ltr'>Ἵνα</span> <span class='ocrx_word' id='word_1_315' title='bbox 1109 3933 1203 3990; x_wconf 75' lang='grc' dir='ltr'>οὖν</span> <span class='ocrx_word' id='word_1_316' title='bbox 1256 3936 1432 4007; x_wconf 85' lang='grc' dir='ltr'>μάθῃς</span> <span class='ocrx_word' id='word_1_317' title='bbox 1473 3936 1553 3988; x_wconf 82' lang='grc' dir='ltr'>ὅτι</span> <span class='ocrx_word' id='word_1_318' title='bbox 1602 3935 1664 3987; x_wconf 87' lang='grc' dir='ltr'>ού</span> <span class='ocrx_word' id='word_1_319' title='bbox 1717 3934 1905 3989; x_wconf 78' lang='grc' dir='ltr'>τοῦτόν</span> <span class='ocrx_word' id='word_1_320' title='bbox 1957 3954 2109 4007; x_wconf 83' lang='grc' dir='ltr'>φησι,</span> 
     </span>
    </p>
   </div>
   <div class='ocr_carea' id='block_1_43' title="bbox 538 4018 2107 4095">
    <p class='ocr_par' dir='ltr' id='par_1_43' title="bbox 538 4018 2107 4095">
     <span class='ocr_line' id='line_1_43' title="bbox 538 4018 2107 4095; baseline -0.001 -18"><span class='ocrx_word' id='word_1_321' title='bbox 538 4023 862 4095; x_wconf 87' lang='grc' dir='ltr'>προστίθησι</span> <span class='ocrx_word' id='word_1_322' title='bbox 895 4022 974 4085; x_wconf 72' lang='grc' dir='ltr'>τὸ,</span> <span class='ocrx_word' id='word_1_323' title='bbox 1017 4022 1114 4073; x_wconf 81' lang='grc' dir='ltr'>Ἐν</span> <span class='ocrx_word' id='word_1_324' title='bbox 1137 4019 1306 4089; x_wconf 81' lang='grc' dir='ltr'>πάσῃ</span> <span class='ocrx_word' id='word_1_325' title='bbox 1333 4018 1611 4085; x_wconf 74' lang='grc' dir='ltr'>εὐσεϐείᾳ</span> <span class='ocrx_word' id='word_1_326' title='bbox 1641 4018 1738 4072; x_wconf 84' lang='grc' dir='ltr'>καί</span> <span class='ocrx_word' id='word_1_327' title='bbox 1769 4024 2107 4089; x_wconf 77' lang='grc' dir='ltr'>σεμνότητι.</span> 
     </span>
    </p>
   </div>
   <div class='ocr_carea' id='block_1_44' title="bbox 550 4101 2111 4175">
    <p class='ocr_par' dir='ltr' id='par_1_44' title="bbox 550 4101 2111 4175">
     <span class='ocr_line' id='line_1_44' title="bbox 550 4101 2111 4175; baseline -0.003 -14"><span class='ocrx_word' id='word_1_328' title='bbox 550 4110 786 4169; x_wconf 84' lang='grc' dir='ltr'>Ἐκεῖνος</span> <span class='ocrx_word' id='word_1_329' title='bbox 814 4107 922 4175; x_wconf 79' lang='grc' dir='ltr'>γὰρ</span> <span class='ocrx_word' id='word_1_330' title='bbox 956 4104 985 4156; x_wconf 91' lang='lat'>6</span> <span class='ocrx_word' id='word_1_331' title='bbox 1016 4102 1128 4174; x_wconf 89' lang='grc' dir='ltr'>βίος</span> <span class='ocrx_word' id='word_1_332' title='bbox 1161 4102 1449 4164; x_wconf 78' lang='grc' dir='ltr'>ἐπιϐουλὰς</span> <span class='ocrx_word' id='word_1_333' title='bbox 1480 4101 1594 4172; x_wconf 76' lang='grc' dir='ltr'>ἔχει</span> <span class='ocrx_word' id='word_1_334' title='bbox 1637 4105 1732 4155; x_wconf 77' lang='grc' dir='ltr'>καὶ</span> <span class='ocrx_word' id='word_1_335' title='bbox 1782 4104 1982 4173; x_wconf 80' lang='grc' dir='ltr'>μάχας,</span> <span class='ocrx_word' id='word_1_336' title='bbox 2010 4106 2111 4174; x_wconf 84' lang='grc' dir='ltr'>τῆς</span> 
     </span>
    </p>
   </div>
   <div class='ocr_carea' id='block_1_45' title="bbox 536 4185 2111 4262">
    <p class='ocr_par' dir='ltr' id='par_1_45' title="bbox 536 4185 2111 4262">
     <span class='ocr_line' id='line_1_45' title="bbox 536 4185 2111 4262; baseline -0.002 -18"><span class='ocrx_word' id='word_1_337' title='bbox 536 4191 716 4262; x_wconf 73' lang='grc' dir='ltr'>ψυχῆς</span> <span class='ocrx_word' id='word_1_338' title='bbox 762 4187 883 4242; x_wconf 83' lang='grc' dir='ltr'>καθ’</span> <span class='ocrx_word' id='word_1_339' title='bbox 941 4188 1174 4253; x_wconf 78' lang='grc' dir='ltr'>ἑκάστην</span> <span class='ocrx_word' id='word_1_340' title='bbox 1245 4185 1459 4256; x_wconf 79' lang='grc' dir='ltr'>ἡμέραν</span> <span class='ocrx_word' id='word_1_341' title='bbox 1519 4188 1959 4257; x_wconf 73' lang='grc' dir='ltr'>τιτρωσκομένης</span> <span class='ocrx_word' id='word_1_342' title='bbox 2007 4188 2111 4241; x_wconf 80' lang='grc' dir='ltr'>ὑπὸ</span> 
     </span>
    </p>
   </div>
   <div class='ocr_carea' id='block_1_46' title="bbox 536 4270 2110 4346">
    <p class='ocr_par' dir='ltr' id='par_1_46' title="bbox 536 4270 2110 4346">
     <span class='ocr_line' id='line_1_46' title="bbox 536 4270 2110 4346; baseline -0.003 -16"><span class='ocrx_word' id='word_1_343' title='bbox 536 4277 643 4330; x_wconf 90' lang='grc' dir='ltr'>τῶν</span> <span class='ocrx_word' id='word_1_344' title='bbox 677 4272 921 4346; x_wconf 91' lang='grc' dir='ltr'>θορύϐων</span> <span class='ocrx_word' id='word_1_345' title='bbox 948 4274 1058 4324; x_wconf 90' lang='grc' dir='ltr'>τῶν</span> <span class='ocrx_word' id='word_1_346' title='bbox 1109 4272 1168 4324; x_wconf 79' lang='grc' dir='ltr'>ἐν</span> <span class='ocrx_word' id='word_1_347' title='bbox 1212 4275 1324 4333; x_wconf 87' lang='grc' dir='ltr'>τοῖς</span> <span class='ocrx_word' id='word_1_348' title='bbox 1372 4270 1673 4339; x_wconf 88' lang='grc' dir='ltr'>λογισμοῖς.</span> <span class='ocrx_word' id='word_1_349' title='bbox 1734 4273 1856 4325; x_wconf 87' lang='grc' dir='ltr'>Ὅτι</span> <span class='ocrx_word' id='word_1_350' title='bbox 1909 4273 1966 4325; x_wconf 85' lang='grc' dir='ltr'>δὲ</span> <span class='ocrx_word' id='word_1_351' title='bbox 2020 4273 2110 4326; x_wconf 79' lang='grc' dir='ltr'>τὸν</span> 
     </span>
    </p>
   </div>
   <div class='ocr_carea' id='block_1_47' title="bbox 539 4354 2110 4431">
    <p class='ocr_par' dir='ltr' id='par_1_47' title="bbox 539 4354 2110 4431">
     <span class='ocr_line' id='line_1_47' title="bbox 539 4354 2110 4431; baseline 0 -21"><span class='ocrx_word' id='word_1_352' title='bbox 539 4362 653 4431; x_wconf 86' lang='grc' dir='ltr'>βίον</span> <span class='ocrx_word' id='word_1_353' title='bbox 710 4358 901 4412; x_wconf 75' lang='grc' dir='ltr'>τοῦτον</span> <span class='ocrx_word' id='word_1_354' title='bbox 945 4354 1138 4426; x_wconf 81' lang='grc' dir='ltr'>δηλοῦν</span> <span class='ocrx_word' id='word_1_355' title='bbox 1203 4355 1473 4425; x_wconf 89' lang='grc' dir='ltr'>βούλεται,</span> <span class='ocrx_word' id='word_1_356' title='bbox 1521 4356 1680 4425; x_wconf 85' lang='grc' dir='ltr'>δῆλον</span> <span class='ocrx_word' id='word_1_357' title='bbox 1717 4356 1815 4426; x_wconf 88' lang='grc' dir='ltr'>μὲν</span> <span class='ocrx_word' id='word_1_358' title='bbox 1863 4357 1971 4410; x_wconf 86' lang='grc' dir='ltr'>ἀπὸ</span> <span class='ocrx_word' id='word_1_359' title='bbox 2011 4358 2110 4428; x_wconf 85' lang='grc' dir='ltr'>τῆς</span> 
     </span>
    </p>
   </div>
   <div class='ocr_carea' id='block_1_48' title="bbox 538 4438 2109 4512">
    <p class='ocr_par' dir='ltr' id='par_1_48' title="bbox 538 4438 2109 4512">
     <span class='ocr_line' id='line_1_48' title="bbox 538 4438 2109 4512; baseline -0.003 -14"><span class='ocrx_word' id='word_1_360' title='bbox 538 4442 857 4512; x_wconf 76' lang='grc' dir='ltr'>ἐπαγωγῆς,</span> <span class='ocrx_word' id='word_1_361' title='bbox 888 4440 1046 4510; x_wconf 81' lang='grc' dir='ltr'>δῆλον</span> <span class='ocrx_word' id='word_1_362' title='bbox 1084 4440 1141 4493; x_wconf 82' lang='grc' dir='ltr'>δὲ</span> <span class='ocrx_word' id='word_1_363' title='bbox 1166 4442 1262 4493; x_wconf 80' lang='grc' dir='ltr'>καὶ</span> <span class='ocrx_word' id='word_1_364' title='bbox 1280 4439 1389 4492; x_wconf 85' lang='grc' dir='ltr'>ἀπὸ</span> <span class='ocrx_word' id='word_1_365' title='bbox 1423 4438 1517 4492; x_wconf 80' lang='grc' dir='ltr'>τοῦ</span> <span class='ocrx_word' id='word_1_366' title='bbox 1545 4441 1621 4511; x_wconf 85' lang='grc' dir='ltr'>μὴ</span> <span class='ocrx_word' id='word_1_367' title='bbox 1642 4439 1827 4503; x_wconf 87' lang='grc' dir='ltr'>ἁπλῶς</span> <span class='ocrx_word' id='word_1_368' title='bbox 1857 4443 1914 4494; x_wconf 82' lang='grc' dir='ltr'>ἐν</span> <span class='ocrx_word' id='word_1_369' title='bbox 1952 4443 2109 4495; x_wconf 83' lang='grc' dir='ltr'>εὐσε-</span> 
     </span>
    </p>
   </div>
   <div class='ocr_carea' id='block_1_49' title="bbox 536 4522 2109 4598">
    <p class='ocr_par' dir='ltr' id='par_1_49' title="bbox 536 4522 2109 4598">
     <span class='ocr_line' id='line_1_49' title="bbox 536 4522 2109 4598; baseline -0.002 -18"><span class='ocrx_word' id='word_1_370' title='bbox 536 4527 659 4598; x_wconf 80' lang='grc' dir='ltr'>ϐείᾳ</span> <span class='ocrx_word' id='word_1_371' title='bbox 677 4529 874 4589; x_wconf 91' lang='grc' dir='ltr'>εἰπεῖν,</span> <span class='ocrx_word' id='word_1_372' title='bbox 903 4525 1038 4577; x_wconf 85' lang='grc' dir='ltr'>ἀλλὰ</span> <span class='ocrx_word' id='word_1_373' title='bbox 1065 4522 1203 4593; x_wconf 87' lang='grc' dir='ltr'>μετὰ</span> <span class='ocrx_word' id='word_1_374' title='bbox 1230 4523 1546 4593; x_wconf 85' lang='grc' dir='ltr'>προσθήκης</span> <span class='ocrx_word' id='word_1_375' title='bbox 1564 4522 1681 4586; x_wconf 82' lang='grc' dir='ltr'>τοῦ,</span> <span class='ocrx_word' id='word_1_376' title='bbox 1706 4524 1903 4592; x_wconf 83' lang='grc' dir='ltr'>Πάσῃ.</span> <span class='ocrx_word' id='word_1_377' title='bbox 1940 4524 2109 4578; x_wconf 82' lang='grc' dir='ltr'>Τοῦτο</span> 
     </span>
    </p>
   </div>
   <div class='ocr_carea' id='block_1_50' title="bbox 534 4604 2110 4681">
    <p class='ocr_par' dir='ltr' id='par_1_50' title="bbox 534 4604 2110 4681">
     <span class='ocr_line' id='line_1_50' title="bbox 534 4604 2110 4681; baseline -0.002 -17"><span class='ocrx_word' id='word_1_378' title='bbox 534 4612 642 4681; x_wconf 78' lang='grc' dir='ltr'>γὰρ</span> <span class='ocrx_word' id='word_1_379' title='bbox 666 4604 1068 4670; x_wconf 79' lang='grc' dir='ltr'>είπὼν,’έοικεν</span> <span class='ocrx_word' id='word_1_380' title='bbox 1107 4608 1168 4659; x_wconf 87' lang='grc' dir='ltr'>ού</span> <span class='ocrx_word' id='word_1_381' title='bbox 1210 4607 1309 4676; x_wconf 85' lang='grc' dir='ltr'>τὴν</span> <span class='ocrx_word' id='word_1_382' title='bbox 1354 4607 1461 4659; x_wconf 87' lang='grc' dir='ltr'>ἀπὸ</span> <span class='ocrx_word' id='word_1_383' title='bbox 1489 4607 1596 4659; x_wconf 88' lang='grc' dir='ltr'>τῶν</span> <span class='ocrx_word' id='word_1_384' title='bbox 1625 4606 1910 4677; x_wconf 86' lang='grc' dir='ltr'>δογμάτων</span> <span class='ocrx_word' id='word_1_385' title='bbox 1952 4610 2110 4679; x_wconf 84' lang='grc' dir='ltr'>μόνον</span> 
     </span>
    </p>
   </div>
   <div class='ocr_carea' id='block_1_51' title="bbox 534 4690 2106 4762">
    <p class='ocr_par' dir='ltr' id='par_1_51' title="bbox 534 4690 2106 4762">
     <span class='ocr_line' id='line_1_51' title="bbox 534 4690 2106 4762; baseline -0.002 -15"><span class='ocrx_word' id='word_1_386' title='bbox 534 4694 786 4747; x_wconf 85' lang='grc' dir='ltr'>ἀπαιτεῖν</span> <span class='ocrx_word' id='word_1_387' title='bbox 844 4691 1138 4755; x_wconf 82' lang='grc' dir='ltr'>πολιτείαν,</span> <span class='ocrx_word' id='word_1_388' title='bbox 1195 4690 1331 4743; x_wconf 86' lang='grc' dir='ltr'>ἀλλά</span> <span class='ocrx_word' id='word_1_389' title='bbox 1396 4690 1490 4743; x_wconf 73' lang='grc' dir='ltr'>καὶ</span> <span class='ocrx_word' id='word_1_390' title='bbox 1543 4690 1641 4761; x_wconf 83' lang='grc' dir='ltr'>τὴν</span> <span class='ocrx_word' id='word_1_391' title='bbox 1684 4690 1794 4743; x_wconf 77' lang='grc' dir='ltr'>άπὸ</span> <span class='ocrx_word' id='word_1_392' title='bbox 1836 4692 1931 4743; x_wconf 84' lang='grc' dir='ltr'>τοῦ</span> <span class='ocrx_word' id='word_1_393' title='bbox 1990 4692 2106 4762; x_wconf 78' lang='grc' dir='ltr'>βίου</span> 
     </span>
    </p>
   </div>
   <div class='ocr_carea' id='block_1_52' title="bbox 532 4774 2107 4848">
    <p class='ocr_par' dir='ltr' id='par_1_52' title="bbox 532 4774 2107 4848">
     <span class='ocr_line' id='line_1_52' title="bbox 532 4774 2107 4848; baseline -0.002 -17"><span class='ocrx_word' id='word_1_394' title='bbox 532 4778 1010 4848; x_wconf 76' lang='grc' dir='ltr'>ἀσφαλιζομένην’</span> <span class='ocrx_word' id='word_1_395' title='bbox 1074 4775 1170 4828; x_wconf 76' lang='grc' dir='ltr'>καὶ</span> <span class='ocrx_word' id='word_1_396' title='bbox 1206 4776 1316 4843; x_wconf 83' lang='grc' dir='ltr'>γάρ</span> <span class='ocrx_word' id='word_1_397' title='bbox 1344 4775 1403 4825; x_wconf 86' lang='grc' dir='ltr'>ὲν</span> <span class='ocrx_word' id='word_1_398' title='bbox 1450 4774 1782 4845; x_wconf 80' lang='grc' dir='ltr'>ἀμφοτέροις</span> <span class='ocrx_word' id='word_1_399' title='bbox 1811 4776 1911 4845; x_wconf 85' lang='grc' dir='ltr'>τὴν</span> <span class='ocrx_word' id='word_1_400' title='bbox 1957 4777 2107 4829; x_wconf 82' lang='grc' dir='ltr'>εὐσέ-</span> 
     </span>
    </p>
   </div>
   <div class='ocr_carea' id='block_1_53' title="bbox 533 4856 2094 4929">
    <p class='ocr_par' dir='ltr' id='par_1_53' title="bbox 533 4856 2094 4929">
     <span class='ocr_line' id='line_1_53' title="bbox 533 4856 2094 4929; baseline -0.002 -15"><span class='ocrx_word' id='word_1_401' title='bbox 533 4862 688 4914; x_wconf 83' lang='grc' dir='ltr'>ϐειαν</span> <span class='ocrx_word' id='word_1_402' title='bbox 716 4860 796 4913; x_wconf 85' lang='grc' dir='ltr'>δεῖ</span> <span class='ocrx_word' id='word_1_403' title='bbox 826 4856 1030 4929; x_wconf 79' lang='grc' dir='ltr'>ζητεῖν.</span> <span class='ocrx_word' id='word_1_404' title='bbox 1062 4856 1128 4909; x_wconf 89' lang='grc' dir='ltr'>Τί</span> <span class='ocrx_word' id='word_1_405' title='bbox 1159 4858 1269 4927; x_wconf 82' lang='grc' dir='ltr'>γὰρ</span> <span class='ocrx_word' id='word_1_406' title='bbox 1305 4856 1497 4924; x_wconf 76' lang='grc' dir='ltr'>ὄφελος</span> <span class='ocrx_word' id='word_1_407' title='bbox 1530 4859 1587 4910; x_wconf 82' lang='grc' dir='ltr'>ἐν</span> <span class='ocrx_word' id='word_1_408' title='bbox 1631 4861 1696 4928; x_wconf 80' lang='grc' dir='ltr'>τῇ</span> <span class='ocrx_word' id='word_1_409' title='bbox 1742 4857 1922 4911; x_wconf 83' lang='grc' dir='ltr'>πίστει</span> <span class='ocrx_word' id='word_1_410' title='bbox 1958 4859 2094 4911; x_wconf 69' lang='grc' dir='ltr'>εὐσεα</span> 
     </span>
    </p>
   </div>
   <div class='ocr_carea' id='block_1_54' title="bbox 532 4940 2103 5012">
    <p class='ocr_par' dir='ltr' id='par_1_54' title="bbox 532 4940 2103 5012">
     <span class='ocr_line' id='line_1_54' title="bbox 532 4940 2103 5012; baseline -0.003 -14"><span class='ocrx_word' id='word_1_411' title='bbox 532 4945 761 5007; x_wconf 83' lang='grc' dir='ltr'>ϐοῦντας</span> <span class='ocrx_word' id='word_1_412' title='bbox 788 4943 874 4996; x_wconf 82' lang='grc' dir='ltr'>διὰ</span> <span class='ocrx_word' id='word_1_413' title='bbox 895 4943 989 4995; x_wconf 80' lang='grc' dir='ltr'>τοῦ</span> <span class='ocrx_word' id='word_1_414' title='bbox 1025 4941 1140 5012; x_wconf 87' lang='grc' dir='ltr'>βίου</span> <span class='ocrx_word' id='word_1_415' title='bbox 1172 4940 1422 5005; x_wconf 87' lang='grc' dir='ltr'>ἀσεϐεῖν;</span> <span class='ocrx_word' id='word_1_416' title='bbox 1448 4941 1568 4995; x_wconf 88' lang='grc' dir='ltr'>Ὅτι</span> <span class='ocrx_word' id='word_1_417' title='bbox 1589 4942 1699 5011; x_wconf 85' lang='grc' dir='ltr'>γὰρ</span> <span class='ocrx_word' id='word_1_418' title='bbox 1731 4941 1848 4994; x_wconf 76' lang='grc' dir='ltr'>ἔστι</span> <span class='ocrx_word' id='word_1_419' title='bbox 1873 4942 1963 4995; x_wconf 76' lang='grc' dir='ltr'>διὰ</span> <span class='ocrx_word' id='word_1_420' title='bbox 2009 4940 2103 4993; x_wconf 79' lang='grc' dir='ltr'>τοῦ</span> 
     </span>
    </p>
   </div>
   <div class='ocr_carea' id='block_1_55' title="bbox 534 5023 2104 5097">
    <p class='ocr_par' dir='ltr' id='par_1_55' title="bbox 534 5023 2104 5097">
     <span class='ocr_line' id='line_1_55' title="bbox 534 5023 2104 5097; baseline -0.003 -17"><span class='ocrx_word' id='word_1_421' title='bbox 534 5028 650 5097; x_wconf 91' lang='grc' dir='ltr'>βίου</span> <span class='ocrx_word' id='word_1_422' title='bbox 680 5026 921 5090; x_wconf 87' lang='grc' dir='ltr'>ἀσεϐεῖν,</span> <span class='ocrx_word' id='word_1_423' title='bbox 958 5028 1122 5080; x_wconf 81' lang='grc' dir='ltr'>ἄκουε</span> <span class='ocrx_word' id='word_1_424' title='bbox 1151 5024 1246 5077; x_wconf 82' lang='grc' dir='ltr'>τοῦ</span> <span class='ocrx_word' id='word_1_425' title='bbox 1275 5025 1545 5093; x_wconf 84' lang='grc' dir='ltr'>μακαρίου</span> <span class='ocrx_word' id='word_1_426' title='bbox 1583 5023 1775 5077; x_wconf 90' lang='grc' dir='ltr'>τούτου</span> <span class='ocrx_word' id='word_1_427' title='bbox 1819 5026 1980 5078; x_wconf 87' lang='grc' dir='ltr'>πάλιν</span> <span class='ocrx_word' id='word_1_428' title='bbox 2007 5025 2104 5077; x_wconf 88' lang='grc' dir='ltr'>ἀλ-</span> 
     </span>
    </p>
   </div>
   <div class='ocr_carea' id='block_1_56' title="bbox 530 5106 2105 5180">
    <p class='ocr_par' dir='ltr' id='par_1_56' title="bbox 530 5106 2105 5180">
     <span class='ocr_line' id='line_1_56' title="bbox 530 5106 2105 5180; baseline 0 -19"><span class='ocrx_word' id='word_1_429' title='bbox 530 5110 700 5180; x_wconf 82' lang='grc' dir='ltr'>λαχοῦ</span> <span class='ocrx_word' id='word_1_430' title='bbox 729 5110 981 5177; x_wconf 89' lang='grc' dir='ltr'>λέγοντος</span> <span class='ocrx_word' id='word_1_431' title='bbox 1002 5124 1015 5138; x_wconf 75' lang='grc' dir='ltr'><strong><em>ο</em></strong></span> <span class='ocrx_word' id='word_1_432' title='bbox 1056 5110 1207 5162; x_wconf 83' lang='grc' dir='ltr'>Θεὸν</span> <span class='ocrx_word' id='word_1_433' title='bbox 1245 5106 1650 5176; x_wconf 76' lang='grc' dir='ltr'>ὁμολογοῦσιν</span> <span class='ocrx_word' id='word_1_434' title='bbox 1686 5107 1939 5171; x_wconf 85' lang='grc' dir='ltr'>εἰδέναι,</span> <span class='ocrx_word' id='word_1_435' title='bbox 1981 5110 2105 5176; x_wconf 87' lang='grc' dir='ltr'>τοῖς</span> 
     </span>
    </p>
   </div>
   <div class='ocr_carea' id='block_1_57' title="bbox 529 5192 2103 5264">
    <p class='ocr_par' dir='ltr' id='par_1_57' title="bbox 529 5192 2103 5264">
     <span class='ocr_line' id='line_1_57' title="bbox 529 5192 2103 5264; baseline -0.002 -17"><span class='ocrx_word' id='word_1_436' title='bbox 529 5194 599 5247; x_wconf 80' lang='grc' dir='ltr'>δὲ</span> <span class='ocrx_word' id='word_1_437' title='bbox 628 5196 825 5264; x_wconf 80' lang='grc' dir='ltr'>ἔργοις</span> <span class='ocrx_word' id='word_1_438' title='bbox 845 5192 1191 5263; x_wconf 76' lang='grc' dir='ltr'>ἀρνοῦνταιι</span> <span class='ocrx_word' id='word_1_439' title='bbox 1214 5195 1309 5245; x_wconf 76' lang='grc' dir='ltr'>καὶ</span> <span class='ocrx_word' id='word_1_440' title='bbox 1334 5192 1513 5253; x_wconf 86' lang='grc' dir='ltr'>πάλιν,</span> <span class='ocrx_word' id='word_1_441' title='bbox 1552 5192 1670 5257; x_wconf 81' lang='grc' dir='ltr'>Τὴν</span> <span class='ocrx_word' id='word_1_442' title='bbox 1692 5193 1898 5245; x_wconf 83' lang='grc' dir='ltr'>πίστιν</span> <span class='ocrx_word' id='word_1_443' title='bbox 1917 5192 2103 5261; x_wconf 79' lang='grc' dir='ltr'>ἤρνη-</span> 
     </span>
    </p>
   </div>
   <div class='ocr_carea' id='block_1_58' title="bbox 530 5275 2104 5344">
    <p class='ocr_par' dir='ltr' id='par_1_58' title="bbox 530 5275 2104 5344">
     <span class='ocr_line' id='line_1_58' title="bbox 530 5275 2104 5344; baseline 0.001 -15"><span class='ocrx_word' id='word_1_444' title='bbox 530 5293 644 5340; x_wconf 85' lang='grc' dir='ltr'>ται,</span> <span class='ocrx_word' id='word_1_445' title='bbox 674 5276 773 5330; x_wconf 76' lang='grc' dir='ltr'>καὶ</span> <span class='ocrx_word' id='word_1_446' title='bbox 793 5277 962 5330; x_wconf 81' lang='grc' dir='ltr'>ἔστιν</span> <span class='ocrx_word' id='word_1_447' title='bbox 991 5277 1251 5328; x_wconf 84' lang='grc' dir='ltr'>ἀπίστου</span> <span class='ocrx_word' id='word_1_448' title='bbox 1266 5275 1508 5343; x_wconf 83' lang='grc' dir='ltr'>χείρων·</span> <span class='ocrx_word' id='word_1_449' title='bbox 1539 5275 1633 5327; x_wconf 73' lang='grc' dir='ltr'>καὶ</span> <span class='ocrx_word' id='word_1_450' title='bbox 1646 5275 1826 5341; x_wconf 87' lang='grc' dir='ltr'>πάλιν,</span> <span class='ocrx_word' id='word_1_451' title='bbox 1866 5275 2002 5329; x_wconf 81' lang='grc' dir='ltr'>Ἐάν</span> <span class='ocrx_word' id='word_1_452' title='bbox 2016 5295 2104 5344; x_wconf 84' lang='grc' dir='ltr'>τις</span> 
     </span>
    </p>
   </div>
   <div class='ocr_carea' id='block_1_59' title="bbox 528 5352 2101 5433">
    <p class='ocr_par' dir='ltr' id='par_1_59' title="bbox 528 5352 2101 5433">
     <span class='ocr_line' id='line_1_59' title="bbox 528 5352 2101 5433; baseline 0.008 -19"><span class='ocrx_word' id='word_1_453' title='bbox 528 5360 790 5427; x_wconf 64' lang='grc' dir='ltr'>ἀδελφὸς</span> <span class='ocrx_word' id='word_1_454' title='bbox 842 5356 1265 5433; x_wconf 73' lang='grc' dir='ltr'>ὀνομαζόμενος</span> <span class='ocrx_word' id='word_1_455' title='bbox 1298 5352 1339 5428; x_wconf 72' lang='grc' dir='ltr'><em>ᾖ</em></span> <span class='ocrx_word' id='word_1_456' title='bbox 1353 5360 1596 5425; x_wconf 76' lang='grc' dir='ltr'>πόρνοςν</span> <span class='ocrx_word' id='word_1_457' title='bbox 1633 5358 1672 5427; x_wconf 75' lang='grc' dir='ltr'><strong>ἦ</strong></span> <span class='ocrx_word' id='word_1_458' title='bbox 1707 5359 2101 5428; x_wconf 74' lang='grc' dir='ltr'>πλεονέκτης,</span> 
     </span>
    </p>
   </div>
   <div class='ocr_carea' id='block_1_60' title="bbox 530 5440 2096 5510">
    <p class='ocr_par' dir='ltr' id='par_1_60' title="bbox 530 5440 2096 5510">
     <span class='ocr_line' id='line_1_60' title="bbox 530 5440 2096 5510; baseline 0.001 -15"><span class='ocrx_word' id='word_1_459' title='bbox 530 5444 568 5509; x_wconf 76' lang='grc' dir='ltr'><strong><em>ἣ</em></strong></span> <span class='ocrx_word' id='word_1_460' title='bbox 592 5442 1046 5509; x_wconf 74' lang='grc' dir='ltr'>εἰδωλολάτρης,</span> <span class='ocrx_word' id='word_1_461' title='bbox 1112 5444 1145 5494; x_wconf 86' lang='grc' dir='ltr'>ό</span> <span class='ocrx_word' id='word_1_462' title='bbox 1187 5440 1456 5505; x_wconf 87' lang='grc' dir='ltr'>τοιοῦτος</span> <span class='ocrx_word' id='word_1_463' title='bbox 1490 5443 1562 5493; x_wconf 81' lang='grc' dir='ltr'>οὐ</span> <span class='ocrx_word' id='word_1_464' title='bbox 1611 5440 1750 5510; x_wconf 82' lang='grc' dir='ltr'>τιμᾷ</span> <span class='ocrx_word' id='word_1_465' title='bbox 1787 5444 1895 5495; x_wconf 82' lang='grc' dir='ltr'>τὸν</span> <span class='ocrx_word' id='word_1_466' title='bbox 1924 5445 2096 5496; x_wconf 85' lang='grc' dir='ltr'>Θεόν·</span> 
     </span>
    </p>
   </div>
   <div class='ocr_carea' id='block_1_61' title="bbox 529 5525 2105 5595">
    <p class='ocr_par' dir='ltr' id='par_1_61' title="bbox 529 5525 2105 5595">
     <span class='ocr_line' id='line_1_61' title="bbox 529 5525 2105 5595; baseline 0.002 -16"><span class='ocrx_word' id='word_1_467' title='bbox 529 5527 625 5580; x_wconf 73' lang='grc' dir='ltr'>καὶ</span> <span class='ocrx_word' id='word_1_468' title='bbox 649 5526 830 5584; x_wconf 87' lang='grc' dir='ltr'>πάλιν.</span> <span class='ocrx_word' id='word_1_469' title='bbox 868 5527 929 5579; x_wconf 87' lang='grc' dir='ltr'>Ὀ</span> <span class='ocrx_word' id='word_1_470' title='bbox 948 5527 1057 5579; x_wconf 88' lang='grc' dir='ltr'>τὸν</span> <span class='ocrx_word' id='word_1_471' title='bbox 1080 5525 1350 5594; x_wconf 66' lang='grc' dir='ltr'>ἀδελφὸν</span> <span class='ocrx_word' id='word_1_472' title='bbox 1375 5526 1560 5579; x_wconf 84' lang='grc' dir='ltr'>αὐτοῦ</span> <span class='ocrx_word' id='word_1_473' title='bbox 1578 5525 1794 5595; x_wconf 85' lang='grc' dir='ltr'>μισῶν,</span> <span class='ocrx_word' id='word_1_474' title='bbox 1820 5527 1927 5581; x_wconf 87' lang='grc' dir='ltr'>τὸν</span> <span class='ocrx_word' id='word_1_475' title='bbox 1956 5528 2105 5582; x_wconf 87' lang='grc' dir='ltr'>Θεὸν</span> 
     </span>
    </p>
   </div>
   <div class='ocr_carea' id='block_1_62' title="bbox 528 5609 2099 5683">
    <p class='ocr_par' dir='ltr' id='par_1_62' title="bbox 528 5609 2099 5683">
     <span class='ocr_line' id='line_1_62' title="bbox 528 5609 2099 5683; baseline 0.001 -19"><span class='ocrx_word' id='word_1_476' title='bbox 528 5609 748 5678; x_wconf 77' lang='grc' dir='ltr'>ἀγνοεῖ.</span> <span class='ocrx_word' id='word_1_477' title='bbox 767 5611 925 5680; x_wconf 80' lang='grc' dir='ltr'>Ὁρᾷς</span> <span class='ocrx_word' id='word_1_478' title='bbox 947 5611 1103 5663; x_wconf 86' lang='grc' dir='ltr'>πόσοι</span> <span class='ocrx_word' id='word_1_479' title='bbox 1121 5609 1571 5679; x_wconf 84' lang='grc' dir='ltr'>ἀσεϐείαςτρόποι</span> <span class='ocrx_word' id='word_1_480' title='bbox 1592 5627 1605 5674; x_wconf 89' lang='grc'><strong>;</strong></span> <span class='ocrx_word' id='word_1_481' title='bbox 1628 5611 1724 5664; x_wconf 88' lang='grc' dir='ltr'>Διά</span> <span class='ocrx_word' id='word_1_482' title='bbox 1739 5613 1897 5665; x_wconf 72' lang='grc' dir='ltr'>τοῦτό</span> <span class='ocrx_word' id='word_1_483' title='bbox 1915 5630 2099 5683; x_wconf 87' lang='grc' dir='ltr'>φησιν,</span> 
     </span>
    </p>
   </div>
   <div class='ocr_carea' id='block_1_63' title="bbox 542 5691 2099 5768">
    <p class='ocr_par' dir='ltr' id='par_1_63' title="bbox 542 5691 2099 5768">
     <span class='ocr_line' id='line_1_63' title="bbox 542 5691 2099 5768; baseline 0.003 -22"><span class='ocrx_word' id='word_1_484' title='bbox 542 5694 646 5747; x_wconf 85' lang='grc' dir='ltr'>Ἐν</span> <span class='ocrx_word' id='word_1_485' title='bbox 677 5693 846 5759; x_wconf 83' lang='grc' dir='ltr'>πάσῃ</span> <span class='ocrx_word' id='word_1_486' title='bbox 875 5693 1150 5758; x_wconf 78' lang='grc' dir='ltr'>εὐσεϐείᾳ</span> <span class='ocrx_word' id='word_1_487' title='bbox 1188 5691 1285 5745; x_wconf 75' lang='grc' dir='ltr'>καί</span> <span class='ocrx_word' id='word_1_488' title='bbox 1315 5693 1654 5762; x_wconf 85' lang='grc' dir='ltr'>σεμνότητι.</span> <span class='ocrx_word' id='word_1_489' title='bbox 1685 5696 1956 5766; x_wconf 77' lang='grc' dir='ltr'>’Λσεμνος</span> <span class='ocrx_word' id='word_1_490' title='bbox 1990 5698 2099 5768; x_wconf 79' lang='grc' dir='ltr'>γὰρ</span> 
     </span>
    </p>
   </div>
   <div class='ocr_carea' id='block_1_64' title="bbox 528 5775 2099 5851">
    <p class='ocr_par' dir='ltr' id='par_1_64' title="bbox 528 5775 2099 5851">
     <span class='ocr_line' id='line_1_64' title="bbox 528 5775 2099 5851; baseline 0.004 -23"><span class='ocrx_word' id='word_1_491' title='bbox 528 5776 629 5829; x_wconf 75' lang='grc' dir='ltr'>οὐκ</span> <span class='ocrx_word' id='word_1_492' title='bbox 670 5776 819 5829; x_wconf 76' lang='grc' dir='ltr'>ἐστιν</span> <span class='ocrx_word' id='word_1_493' title='bbox 850 5778 877 5829; x_wconf 97' lang='lat'>6</span> <span class='ocrx_word' id='word_1_494' title='bbox 904 5777 1102 5846; x_wconf 83' lang='grc' dir='ltr'>πόρνος</span> <span class='ocrx_word' id='word_1_495' title='bbox 1142 5777 1323 5846; x_wconf 82' lang='grc' dir='ltr'>μόνον,</span> <span class='ocrx_word' id='word_1_496' title='bbox 1360 5775 1496 5828; x_wconf 80' lang='grc' dir='ltr'>ἀλλά</span> <span class='ocrx_word' id='word_1_497' title='bbox 1549 5778 1643 5830; x_wconf 85' lang='grc' dir='ltr'>καὶ</span> <span class='ocrx_word' id='word_1_498' title='bbox 1703 5781 1731 5831; x_wconf 90' lang='grc' dir='ltr'>ὁ</span> <span class='ocrx_word' id='word_1_499' title='bbox 1772 5780 2099 5851; x_wconf 85' lang='grc' dir='ltr'>πλεονέκτης</span> 
     </span>
    </p>
   </div>
   <div class='ocr_carea' id='block_1_65' title="bbox 528 5859 2096 5935">
    <p class='ocr_par' dir='ltr' id='par_1_65' title="bbox 528 5859 2096 5935">
     <span class='ocr_line' id='line_1_65' title="bbox 528 5859 2096 5935; baseline 0.004 -23"><span class='ocrx_word' id='word_1_500' title='bbox 528 5860 760 5930; x_wconf 87' lang='grc' dir='ltr'>ἄσεμνος</span> <span class='ocrx_word' id='word_1_501' title='bbox 791 5860 856 5915; x_wconf 86' lang='grc' dir='ltr'>ἂν</span> <span class='ocrx_word' id='word_1_502' title='bbox 895 5860 1104 5929; x_wconf 78' lang='grc' dir='ltr'>λέγοιτο</span> <span class='ocrx_word' id='word_1_503' title='bbox 1148 5859 1299 5935; x_wconf 76' lang='grc'>[585]</span> <span class='ocrx_word' id='word_1_504' title='bbox 1350 5863 1441 5914; x_wconf 76' lang='grc' dir='ltr'>καὶ</span> <span class='ocrx_word' id='word_1_505' title='bbox 1482 5861 1778 5927; x_wconf 87' lang='grc' dir='ltr'>ἀκόλαστος</span> <span class='ocrx_word' id='word_1_506' title='bbox 1803 5880 1816 5894; x_wconf 87' lang='grc'>·</span> <span class='ocrx_word' id='word_1_507' title='bbox 1869 5866 1960 5918; x_wconf 75' lang='grc' dir='ltr'>καί</span> <span class='ocrx_word' id='word_1_508' title='bbox 1990 5866 2096 5935; x_wconf 80' lang='grc' dir='ltr'>γὰρ</span> 
     </span>
    </p>
   </div>
   <div class='ocr_carea' id='block_1_66' title="bbox 1412 426 2977 497">
    <p class='ocr_par' dir='ltr' id='par_1_66' title="bbox 1412 426 2977 497">
     <span class='ocr_line' id='line_1_66' title="bbox 1412 426 2977 497; baseline 0.004 -13"><span class='ocrx_word' id='word_1_509' title='bbox 1412 429 1478 484; x_wconf 82' lang='lat' dir='ltr'>IN</span> <span class='ocrx_word' id='word_1_510' title='bbox 1518 429 1732 485; x_wconf 82' lang='lat' dir='ltr'>EPIST.</span> <span class='ocrx_word' id='word_1_511' title='bbox 1779 431 1795 484; x_wconf 94' lang='grc' dir='ltr'><strong>Ι</strong></span> <span class='ocrx_word' id='word_1_512' title='bbox 1838 429 1926 483; x_wconf 79' lang='grc' dir='ltr'>ΑΙ)</span> <span class='ocrx_word' id='word_1_513' title='bbox 1975 426 2260 485; x_wconf 76' lang='grc' dir='ltr'>ΤΙΜΟΤΙΙ.</span> <span class='ocrx_word' id='word_1_514' title='bbox 2294 428 2447 485; x_wconf 83' lang='lat' dir='ltr'>CAP.</span> <span class='ocrx_word' id='word_1_515' title='bbox 2488 431 2551 485; x_wconf 92' lang='lat' dir='ltr'>ll.</span> <span class='ocrx_word' id='word_1_516' title='bbox 2595 432 2829 497; x_wconf 72' lang='lat' dir='ltr'>HOMIL.</span> <span class='ocrx_word' id='word_1_517' title='bbox 2869 436 2977 491; x_wconf 81' lang='lat' dir='ltr'>VII.</span> 
     </span>
    </p>
   </div>
   <div class='ocr_carea' id='block_1_67' title="bbox 3713 442 3813 496">
    <p class='ocr_par' dir='ltr' id='par_1_67' title="bbox 3713 442 3813 496">
     <span class='ocr_line' id='line_1_67' title="bbox 3713 442 3813 496; baseline 0.01 -3"><span class='ocrx_word' id='word_1_518' title='bbox 3713 442 3813 496; x_wconf 67' lang='lat'>556</span> 
     </span>
    </p>
   </div>
   <div class='ocr_carea' id='block_1_68' title="bbox 2248 546 3813 624">
    <p class='ocr_par' dir='ltr' id='par_1_68' title="bbox 2248 546 3813 624">
     <span class='ocr_line' id='line_1_68' title="bbox 2248 546 3813 624; baseline 0.008 -26"><span class='ocrx_word' id='word_1_519' title='bbox 2248 547 2345 599; x_wconf 86' lang='grc' dir='ltr'>καὶ</span> <span class='ocrx_word' id='word_1_520' title='bbox 2376 546 2534 601; x_wconf 81' lang='grc' dir='ltr'>τοῦτο</span> <span class='ocrx_word' id='word_1_521' title='bbox 2569 548 2834 619; x_wconf 81' lang='grc' dir='ltr'>ἐπιθυμία</span> <span class='ocrx_word' id='word_1_522' title='bbox 2884 551 2981 621; x_wconf 84' lang='grc' dir='ltr'>οὐχ</span> <span class='ocrx_word' id='word_1_523' title='bbox 3028 552 3207 621; x_wconf 74' lang='grc' dir='ltr'>ἥττων</span> <span class='ocrx_word' id='word_1_524' title='bbox 3243 553 3341 622; x_wconf 81' lang='grc' dir='ltr'>τῆς</span> <span class='ocrx_word' id='word_1_525' title='bbox 3382 554 3490 607; x_wconf 88' lang='grc' dir='ltr'>τῶν</span> <span class='ocrx_word' id='word_1_526' title='bbox 3522 555 3813 624; x_wconf 88' lang='grc' dir='ltr'>σωμάτων.</span> 
     </span>
    </p>
   </div>
   <div class='ocr_carea' id='block_1_69' title="bbox 2254 629 3810 707">
    <p class='ocr_par' dir='ltr' id='par_1_69' title="bbox 2254 629 3810 707">
     <span class='ocr_line' id='line_1_69' title="bbox 2254 629 3810 707; baseline 0.008 -26"><span class='ocrx_word' id='word_1_527' title='bbox 2254 629 2314 681; x_wconf 86' lang='grc'>’0</span> <span class='ocrx_word' id='word_1_528' title='bbox 2343 631 2525 683; x_wconf 90' lang='grc' dir='ltr'>τοίνυν</span> <span class='ocrx_word' id='word_1_529' title='bbox 2578 631 2653 702; x_wconf 84' lang='grc' dir='ltr'>μὴ</span> <span class='ocrx_word' id='word_1_530' title='bbox 2711 633 2957 696; x_wconf 78' lang='grc' dir='ltr'>κολάζων</span> <span class='ocrx_word' id='word_1_531' title='bbox 2990 634 3181 705; x_wconf 76' lang='grc' dir='ltr'>αὐτὴν.</span> <span class='ocrx_word' id='word_1_532' title='bbox 3212 636 3515 701; x_wconf 81' lang='grc' dir='ltr'>ἀκόλαστος</span> <span class='ocrx_word' id='word_1_533' title='bbox 3546 639 3763 707; x_wconf 89' lang='grc' dir='ltr'>λέγεται</span> <span class='ocrx_word' id='word_1_534' title='bbox 3796 657 3810 671; x_wconf 86' lang='grc'><em>’</em></span> 
     </span>
    </p>
   </div>
   <div class='ocr_carea' id='block_1_70' title="bbox 2241 712 3813 791">
    <p class='ocr_par' dir='ltr' id='par_1_70' title="bbox 2241 712 3813 791">
     <span class='ocr_line' id='line_1_70' title="bbox 2241 712 3813 791; baseline 0.009 -25"><span class='ocrx_word' id='word_1_535' title='bbox 2241 712 2331 767; x_wconf 86' lang='grc' dir='ltr'>διά</span> <span class='ocrx_word' id='word_1_536' title='bbox 2363 715 2475 786; x_wconf 85' lang='grc' dir='ltr'>γάρ</span> <span class='ocrx_word' id='word_1_537' title='bbox 2505 715 2567 768; x_wconf 80' lang='lat'>16</span> <span class='ocrx_word' id='word_1_538' title='bbox 2611 717 2685 787; x_wconf 83' lang='grc' dir='ltr'>μὴ</span> <span class='ocrx_word' id='word_1_539' title='bbox 2732 717 2981 781; x_wconf 77' lang='grc' dir='ltr'>κολάζειν</span> <span class='ocrx_word' id='word_1_540' title='bbox 3018 718 3115 790; x_wconf 83' lang='grc' dir='ltr'>τὴν</span> <span class='ocrx_word' id='word_1_541' title='bbox 3176 720 3473 791; x_wconf 75' lang='grc' dir='ltr'>ἐπιθυμίαν</span> <span class='ocrx_word' id='word_1_542' title='bbox 3521 724 3813 779; x_wconf 82' lang='grc' dir='ltr'>ἀκόλαστοι</span> 
     </span>
    </p>
   </div>
   <div class='ocr_carea' id='block_1_71' title="bbox 2240 795 3815 871">
    <p class='ocr_par' dir='ltr' id='par_1_71' title="bbox 2240 795 3815 871">
     <span class='ocr_line' id='line_1_71' title="bbox 2240 795 3815 871; baseline 0.007 -23"><span class='ocrx_word' id='word_1_543' title='bbox 2240 795 2512 865; x_wconf 85' lang='grc' dir='ltr'>λέγονται.</span> <span class='ocrx_word' id='word_1_544' title='bbox 2542 797 2709 852; x_wconf 79' lang='grc' dir='ltr'>Ὥστε</span> <span class='ocrx_word' id='word_1_545' title='bbox 2745 799 2840 855; x_wconf 78' lang='grc' dir='ltr'>καὶ</span> <span class='ocrx_word' id='word_1_546' title='bbox 2888 800 2981 853; x_wconf 81' lang='grc' dir='ltr'>τὸν</span> <span class='ocrx_word' id='word_1_547' title='bbox 3033 802 3249 871; x_wconf 85' lang='grc' dir='ltr'>ὀργίλον</span> <span class='ocrx_word' id='word_1_548' title='bbox 3277 804 3578 859; x_wconf 71' lang='grc' dir='ltr'>ἀκόλαστον</span> <span class='ocrx_word' id='word_1_549' title='bbox 3619 806 3688 860; x_wconf 83' lang='grc' dir='ltr'>ἀν</span> <span class='ocrx_word' id='word_1_550' title='bbox 3734 808 3815 861; x_wconf 84' lang='grc' dir='ltr'>εῖ-</span> 
     </span>
    </p>
   </div>
   <div class='ocr_carea' id='block_1_72' title="bbox 2241 881 3811 963">
    <p class='ocr_par' dir='ltr' id='par_1_72' title="bbox 2241 881 3811 963">
     <span class='ocr_line' id='line_1_72' title="bbox 2241 881 3811 963; baseline 0.008 -30"><span class='ocrx_word' id='word_1_551' title='bbox 2241 898 2399 951; x_wconf 88' lang='grc' dir='ltr'>ποιμι</span> <span class='ocrx_word' id='word_1_552' title='bbox 2433 881 2630 951; x_wconf 74' lang='grc' dir='ltr'>ἔγωγε,</span> <span class='ocrx_word' id='word_1_553' title='bbox 2655 885 2750 937; x_wconf 75' lang='grc' dir='ltr'>καὶ</span> <span class='ocrx_word' id='word_1_554' title='bbox 2778 885 2870 937; x_wconf 78' lang='grc' dir='ltr'>τὸν</span> <span class='ocrx_word' id='word_1_555' title='bbox 2905 885 3196 954; x_wconf 85' lang='grc' dir='ltr'>βάσκανον,</span> <span class='ocrx_word' id='word_1_556' title='bbox 3219 889 3421 942; x_wconf 74' lang='grc' dir='ltr'>καὶτὸν</span> <span class='ocrx_word' id='word_1_557' title='bbox 3451 889 3811 963; x_wconf 86' lang='grc' dir='ltr'>φιλάργυρον,</span> 
     </span>
    </p>
   </div>
   <div class='ocr_carea' id='block_1_73' title="bbox 2241 964 3810 1045">
    <p class='ocr_par' dir='ltr' id='par_1_73' title="bbox 2241 964 3810 1045">
     <span class='ocr_line' id='line_1_73' title="bbox 2241 964 3810 1045; baseline 0.008 -29"><span class='ocrx_word' id='word_1_558' title='bbox 2241 965 2457 1018; x_wconf 75' lang='grc' dir='ltr'>καὶτὸν</span> <span class='ocrx_word' id='word_1_559' title='bbox 2504 964 2758 1031; x_wconf 78' lang='grc' dir='ltr'>ὕπουλον,</span> <span class='ocrx_word' id='word_1_560' title='bbox 2801 970 2897 1022; x_wconf 75' lang='grc' dir='ltr'>καὶ</span> <span class='ocrx_word' id='word_1_561' title='bbox 2944 969 3122 1024; x_wconf 87' lang='grc' dir='ltr'>πάντα</span> <span class='ocrx_word' id='word_1_562' title='bbox 3156 970 3248 1025; x_wconf 81' lang='grc' dir='ltr'>τὸν</span> <span class='ocrx_word' id='word_1_563' title='bbox 3279 973 3338 1024; x_wconf 84' lang='grc' dir='ltr'>ἐν</span> <span class='ocrx_word' id='word_1_564' title='bbox 3386 973 3630 1045; x_wconf 80' lang='grc' dir='ltr'>ἁμαρτίᾳ</span> <span class='ocrx_word' id='word_1_565' title='bbox 3660 975 3810 1042; x_wconf 79' lang='grc' dir='ltr'>ὄντα,</span> 
     </span>
    </p>
   </div>
   <div class='ocr_carea' id='block_1_74' title="bbox 2240 1045 3812 1127">
    <p class='ocr_par' dir='ltr' id='par_1_74' title="bbox 2240 1045 3812 1127">
     <span class='ocr_line' id='line_1_74' title="bbox 2240 1045 3812 1127; baseline 0.008 -28"><span class='ocrx_word' id='word_1_566' title='bbox 2240 1047 2541 1101; x_wconf 83' lang='grc' dir='ltr'>ἀκόλαστον</span> <span class='ocrx_word' id='word_1_567' title='bbox 2590 1045 2731 1103; x_wconf 77' lang='grc' dir='ltr'>εἶναι</span> <span class='ocrx_word' id='word_1_568' title='bbox 2778 1053 2874 1105; x_wconf 75' lang='grc' dir='ltr'>καί⁵</span> <span class='ocrx_word' id='word_1_569' title='bbox 2930 1052 3167 1122; x_wconf 81' lang='grc' dir='ltr'>ἄσεμνον</span> <span class='ocrx_word' id='word_1_570' title='bbox 3219 1055 3314 1108; x_wconf 78' lang='grc' dir='ltr'>καὶ</span> <span class='ocrx_word' id='word_1_571' title='bbox 3346 1056 3572 1127; x_wconf 87' lang='grc' dir='ltr'>ἀσελγῆ.</span> <span class='ocrx_word' id='word_1_572' title='bbox 3629 1058 3812 1112; x_wconf 85' lang='grc' dir='ltr'>Τοῦτο</span> 
     </span>
    </p>
   </div>
   <div class='ocr_carea' id='block_1_75' title="bbox 2238 1132 3812 1208">
    <p class='ocr_par' dir='ltr' id='par_1_75' title="bbox 2238 1132 3812 1208">
     <span class='ocr_line' id='line_1_75' title="bbox 2238 1132 3812 1208; baseline 0.007 -24"><span class='ocrx_word' id='word_1_573' title='bbox 2238 1132 2348 1199; x_wconf 80' lang='grc' dir='ltr'>γὰρ</span> <span class='ocrx_word' id='word_1_574' title='bbox 2387 1134 2581 1186; x_wconf 83' lang='grc' dir='ltr'>καλὸν</span> <span class='ocrx_word' id='word_1_575' title='bbox 2629 1134 2727 1187; x_wconf 83' lang='grc' dir='ltr'>καὶ</span> <span class='ocrx_word' id='word_1_576' title='bbox 2761 1134 3119 1201; x_wconf 83' lang='grc' dir='ltr'>ἀποδεκτόν,</span> <span class='ocrx_word' id='word_1_577' title='bbox 3173 1139 3360 1208; x_wconf 85' lang='grc' dir='ltr'>φησὶν,</span> <span class='ocrx_word' id='word_1_578' title='bbox 3404 1139 3661 1195; x_wconf 83' lang='grc' dir='ltr'>ἐνώπιον</span> <span class='ocrx_word' id='word_1_579' title='bbox 3704 1142 3812 1195; x_wconf 86' lang='grc' dir='ltr'>τοῦ</span> 
     </span>
    </p>
   </div>
   <div class='ocr_carea' id='block_1_76' title="bbox 2236 1214 3811 1294">
    <p class='ocr_par' dir='ltr' id='par_1_76' title="bbox 2236 1214 3811 1294">
     <span class='ocr_line' id='line_1_76' title="bbox 2236 1214 3811 1294; baseline 0.007 -27"><span class='ocrx_word' id='word_1_580' title='bbox 2236 1214 2512 1284; x_wconf 82' lang='grc' dir='ltr'>Σωτῆρος</span> <span class='ocrx_word' id='word_1_581' title='bbox 2558 1216 2728 1287; x_wconf 75' lang='grc' dir='ltr'>ἡμῶν</span> <span class='ocrx_word' id='word_1_582' title='bbox 2764 1220 2932 1274; x_wconf 85' lang='grc' dir='ltr'>Θεοῦ.</span> <span class='ocrx_word' id='word_1_583' title='bbox 2973 1222 3132 1274; x_wconf 90' lang='grc' dir='ltr'>Ποῖον</span> <span class='ocrx_word' id='word_1_584' title='bbox 3184 1222 3383 1287; x_wconf 79' lang='lat'>10610;</span> <span class='ocrx_word' id='word_1_585' title='bbox 3434 1223 3507 1276; x_wconf 83' lang='lat' dir='ltr'>T6</span> <span class='ocrx_word' id='word_1_586' title='bbox 3554 1223 3811 1294; x_wconf 75' lang='grc' dir='ltr'>εΰχεσθαι</span> 
     </span>
    </p>
   </div>
   <div class='ocr_carea' id='block_1_77' title="bbox 2237 1298 3807 1374">
    <p class='ocr_par' dir='ltr' id='par_1_77' title="bbox 2237 1298 3807 1374">
     <span class='ocr_line' id='line_1_77' title="bbox 2237 1298 3807 1374; baseline 0.007 -25"><span class='ocrx_word' id='word_1_587' title='bbox 2237 1298 2377 1369; x_wconf 84' lang='grc' dir='ltr'>ὑπὲρ</span> <span class='ocrx_word' id='word_1_588' title='bbox 2407 1300 2647 1364; x_wconf 87' lang='grc' dir='ltr'>πάντων,</span> <span class='ocrx_word' id='word_1_589' title='bbox 2675 1301 2832 1354; x_wconf 75' lang='grc' dir='ltr'>τοῦτο</span> <span class='ocrx_word' id='word_1_590' title='bbox 2855 1303 3180 1374; x_wconf 87' lang='grc' dir='ltr'>ἀποδέχεται</span> <span class='ocrx_word' id='word_1_591' title='bbox 3208 1308 3236 1358; x_wconf 92' lang='lat'>6</span> <span class='ocrx_word' id='word_1_592' title='bbox 3262 1306 3416 1370; x_wconf 84' lang='grc' dir='ltr'>Θεὸς,</span> <span class='ocrx_word' id='word_1_593' title='bbox 3443 1307 3603 1359; x_wconf 82' lang='grc' dir='ltr'>τοῦτο</span> <span class='ocrx_word' id='word_1_594' title='bbox 3631 1307 3775 1362; x_wconf 88' lang='grc' dir='ltr'>θέλει</span> <span class='ocrx_word' id='word_1_595' title='bbox 3795 1324 3807 1336; x_wconf 80' lang='grc'><em>’</em></span> 
     </span>
    </p>
   </div>
   <div class='ocr_carea' id='block_1_78' title="bbox 2235 1381 3808 1460">
    <p class='ocr_par' dir='ltr' id='par_1_78' title="bbox 2235 1381 3808 1460">
     <span class='ocr_line' id='line_1_78' title="bbox 2235 1381 3808 1460; baseline 0.006 -28"><span class='ocrx_word' id='word_1_596' title='bbox 2235 1381 2471 1448; x_wconf 81' lang='grc' dir='ltr'>Πάντας</span> <span class='ocrx_word' id='word_1_597' title='bbox 2517 1384 2626 1455; x_wconf 85' lang='grc' dir='ltr'>γὰρ</span> <span class='ocrx_word' id='word_1_598' title='bbox 2692 1385 3042 1453; x_wconf 79' lang='grc' dir='ltr'>ἀνθρώπους</span> <span class='ocrx_word' id='word_1_599' title='bbox 3100 1387 3258 1441; x_wconf 85' lang='grc' dir='ltr'>θέλει</span> <span class='ocrx_word' id='word_1_600' title='bbox 3309 1387 3592 1459; x_wconf 82' lang='grc' dir='ltr'>σωθῆναι,</span> <span class='ocrx_word' id='word_1_601' title='bbox 3653 1391 3808 1460; x_wconf 73' lang='grc' dir='ltr'>φησί,</span> 
     </span>
    </p>
   </div>
   <div class='ocr_carea' id='block_1_79' title="bbox 2233 1464 3343 1536">
    <p class='ocr_par' dir='ltr' id='par_1_79' title="bbox 2233 1464 3343 1536">
     <span class='ocr_line' id='line_1_79' title="bbox 2233 1464 3343 1536; baseline 0.01 -21"><span class='ocrx_word' id='word_1_602' title='bbox 2233 1464 2331 1517; x_wconf 79' lang='grc' dir='ltr'>καί</span> <span class='ocrx_word' id='word_1_603' title='bbox 2364 1467 2450 1530; x_wconf 81' lang='grc' dir='ltr'>είς</span> <span class='ocrx_word' id='word_1_604' title='bbox 2467 1465 2791 1532; x_wconf 74' lang='grc' dir='ltr'>ἐπίγνωσιν</span> <span class='ocrx_word' id='word_1_605' title='bbox 2818 1469 3104 1536; x_wconf 78' lang='grc' dir='ltr'>ἀληθείας</span> <span class='ocrx_word' id='word_1_606' title='bbox 3126 1470 3343 1526; x_wconf 81' lang='grc' dir='ltr'>ἐλθεῖν.</span> 
     </span>
    </p>
   </div>
   <div class='ocr_carea' id='block_1_80' title="bbox 2303 1590 3809 1669">
    <p class='ocr_par' dir='ltr' id='par_1_80' title="bbox 2303 1590 3809 1669">
     <span class='ocr_line' id='line_1_80' title="bbox 2303 1590 3809 1669; baseline 0.005 -25"><span class='ocrx_word' id='word_1_607' title='bbox 2303 1590 2368 1660; x_wconf 85' lang='grc' dir='ltr'>β’.</span> <span class='ocrx_word' id='word_1_608' title='bbox 2407 1593 2589 1663; x_wconf 82' lang='grc' dir='ltr'>Μιμοῠ</span> <span class='ocrx_word' id='word_1_609' title='bbox 2629 1593 2718 1648; x_wconf 84' lang='grc' dir='ltr'>τὸν</span> <span class='ocrx_word' id='word_1_610' title='bbox 2753 1594 2909 1650; x_wconf 82' lang='grc' dir='ltr'>Θεόν.</span> <span class='ocrx_word' id='word_1_611' title='bbox 2960 1597 3023 1650; x_wconf 87' lang='grc' dir='ltr'><strong>Εἰ</strong></span> <span class='ocrx_word' id='word_1_612' title='bbox 3067 1597 3277 1661; x_wconf 85' lang='grc' dir='ltr'>πάντας</span> <span class='ocrx_word' id='word_1_613' title='bbox 3312 1597 3633 1669; x_wconf 81' lang='grc' dir='ltr'>ἀνθρώπους</span> <span class='ocrx_word' id='word_1_614' title='bbox 3664 1597 3809 1652; x_wconf 89' lang='grc' dir='ltr'>θέλει</span> 
     </span>
    </p>
   </div>
   <div class='ocr_carea' id='block_1_81' title="bbox 2233 1674 3811 1751">
    <p class='ocr_par' dir='ltr' id='par_1_81' title="bbox 2233 1674 3811 1751">
     <span class='ocr_line' id='line_1_81' title="bbox 2233 1674 3811 1751; baseline 0.006 -26"><span class='ocrx_word' id='word_1_615' title='bbox 2233 1674 2491 1743; x_wconf 82' lang='grc' dir='ltr'>σωθῆναι,</span> <span class='ocrx_word' id='word_1_616' title='bbox 2517 1677 2739 1738; x_wconf 83' lang='grc' dir='ltr'>εἰκότως</span> <span class='ocrx_word' id='word_1_617' title='bbox 2762 1678 2899 1748; x_wconf 83' lang='grc' dir='ltr'>ὑπὲρ</span> <span class='ocrx_word' id='word_1_618' title='bbox 2924 1680 3180 1734; x_wconf 89' lang='grc' dir='ltr'>ἀπάντων</span> <span class='ocrx_word' id='word_1_619' title='bbox 3205 1682 3285 1734; x_wconf 87' lang='grc' dir='ltr'>δεῖ</span> <span class='ocrx_word' id='word_1_620' title='bbox 3308 1679 3582 1751; x_wconf 72' lang='grc' dir='ltr'>εὔχεσθαιο</span> <span class='ocrx_word' id='word_1_621' title='bbox 3601 1684 3650 1735; x_wconf 88' lang='grc' dir='ltr'>εἰ</span> <span class='ocrx_word' id='word_1_622' title='bbox 3679 1682 3811 1747; x_wconf 83' lang='grc' dir='ltr'>πάν-</span> 
     </span>
    </p>
   </div>
   <div class='ocr_carea' id='block_1_82' title="bbox 2229 1763 3807 1837">
    <p class='ocr_par' dir='ltr' id='par_1_82' title="bbox 2229 1763 3807 1837">
     <span class='ocr_line' id='line_1_82' title="bbox 2229 1763 3807 1837; baseline 0.004 -25"><span class='ocrx_word' id='word_1_623' title='bbox 2229 1777 2328 1825; x_wconf 85' lang='grc' dir='ltr'>τας</span> <span class='ocrx_word' id='word_1_624' title='bbox 2352 1763 2514 1827; x_wconf 79' lang='grc' dir='ltr'>αύτδς</span> <span class='ocrx_word' id='word_1_625' title='bbox 2540 1764 2771 1834; x_wconf 80' lang='grc' dir='ltr'>ἠθέλησε</span> <span class='ocrx_word' id='word_1_626' title='bbox 2800 1766 3062 1837; x_wconf 82' lang='grc' dir='ltr'>σωθῆναι,</span> <span class='ocrx_word' id='word_1_627' title='bbox 3114 1766 3234 1819; x_wconf 82' lang='grc' dir='ltr'>θέλε</span> <span class='ocrx_word' id='word_1_628' title='bbox 3284 1768 3380 1820; x_wconf 73' lang='grc' dir='ltr'>καὶ</span> <span class='ocrx_word' id='word_1_629' title='bbox 3418 1766 3482 1819; x_wconf 89' lang='grc' dir='ltr'>σύ</span> <span class='ocrx_word' id='word_1_630' title='bbox 3503 1785 3514 1797; x_wconf 88' lang='grc'><strong>·</strong></span> <span class='ocrx_word' id='word_1_631' title='bbox 3543 1769 3591 1820; x_wconf 91' lang='grc' dir='ltr'>εἰ</span> <span class='ocrx_word' id='word_1_632' title='bbox 3632 1767 3688 1820; x_wconf 87' lang='grc' dir='ltr'>δὲ</span> <span class='ocrx_word' id='word_1_633' title='bbox 3716 1767 3807 1820; x_wconf 83' lang='grc' dir='ltr'>θέ-</span> 
     </span>
    </p>
   </div>
   <div class='ocr_carea' id='block_1_83' title="bbox 2230 1845 3804 1922">
    <p class='ocr_par' dir='ltr' id='par_1_83' title="bbox 2230 1845 3804 1922">
     <span class='ocr_line' id='line_1_83' title="bbox 2230 1845 3804 1922; baseline -0.003 -13"><span class='ocrx_word' id='word_1_634' title='bbox 2230 1845 2362 1909; x_wconf 78' lang='grc' dir='ltr'>λεις,</span> <span class='ocrx_word' id='word_1_635' title='bbox 2395 1846 2555 1917; x_wconf 73' lang='grc' dir='ltr'>εὔχου</span> <span class='ocrx_word' id='word_1_636' title='bbox 2582 1866 2599 1881; x_wconf 78' lang='grc'><strong><em>⁸</em></strong></span> <span class='ocrx_word' id='word_1_637' title='bbox 2659 1850 2767 1903; x_wconf 84' lang='grc' dir='ltr'>τῶν</span> <span class='ocrx_word' id='word_1_638' title='bbox 2820 1851 2928 1922; x_wconf 81' lang='grc' dir='ltr'>γάρ</span> <span class='ocrx_word' id='word_1_639' title='bbox 2960 1851 3218 1905; x_wconf 85' lang='grc' dir='ltr'>τοιούτων</span> <span class='ocrx_word' id='word_1_640' title='bbox 3260 1852 3378 1905; x_wconf 76' lang='grc' dir='ltr'>ἐστὶ</span> <span class='ocrx_word' id='word_1_641' title='bbox 3424 1850 3485 1903; x_wconf 81' lang='grc' dir='ltr'>τὸ</span> <span class='ocrx_word' id='word_1_642' title='bbox 3527 1850 3804 1921; x_wconf 77' lang='grc' dir='ltr'>εῠχεσθαι.</span> 
     </span>
    </p>
   </div>
   <div class='ocr_carea' id='block_1_84' title="bbox 2241 1927 3807 2006">
    <p class='ocr_par' dir='ltr' id='par_1_84' title="bbox 2241 1927 3807 2006">
     <span class='ocr_line' id='line_1_84' title="bbox 2241 1927 3807 2006; baseline 0.004 -25"><span class='ocrx_word' id='word_1_643' title='bbox 2241 1927 2404 2000; x_wconf 84' lang='grc' dir='ltr'>Ὀρᾷς</span> <span class='ocrx_word' id='word_1_644' title='bbox 2426 1931 2543 1994; x_wconf 90' lang='grc' dir='ltr'>πῶς</span> <span class='ocrx_word' id='word_1_645' title='bbox 2564 1934 2903 2004; x_wconf 88' lang='grc' dir='ltr'>πανταχόθεν</span> <span class='ocrx_word' id='word_1_646' title='bbox 2934 1935 3033 2006; x_wconf 80' lang='grc' dir='ltr'>τὴν</span> <span class='ocrx_word' id='word_1_647' title='bbox 3061 1935 3239 2005; x_wconf 68' lang='grc' dir='ltr'>ψυχὴν</span> <span class='ocrx_word' id='word_1_648' title='bbox 3266 1934 3503 1997; x_wconf 80' lang='grc' dir='ltr'>ἔπεισεν,</span> <span class='ocrx_word' id='word_1_649' title='bbox 3538 1935 3681 1987; x_wconf 83' lang='grc' dir='ltr'>ὥστε</span> <span class='ocrx_word' id='word_1_650' title='bbox 3712 1936 3807 1988; x_wconf 75' lang='grc' dir='ltr'>καὶ</span> 
     </span>
    </p>
   </div>
   <div class='ocr_carea' id='block_1_85' title="bbox 2229 2012 3805 2091">
    <p class='ocr_par' dir='ltr' id='par_1_85' title="bbox 2229 2012 3805 2091">
     <span class='ocr_line' id='line_1_85' title="bbox 2229 2012 3805 2091; baseline 0.004 -26"><span class='ocrx_word' id='word_1_651' title='bbox 2229 2012 2372 2083; x_wconf 82' lang='grc' dir='ltr'>ὑπὲρ</span> <span class='ocrx_word' id='word_1_652' title='bbox 2405 2014 2671 2088; x_wconf 83' lang='grc' dir='ltr'>Ἑλλήνων</span> <span class='ocrx_word' id='word_1_653' title='bbox 2691 2016 2946 2089; x_wconf 72' lang='grc' dir='ltr'>εὔχεσθαι</span> <span class='ocrx_word' id='word_1_654' title='bbox 2972 2035 2986 2081; x_wconf 87' lang='grc'>;</span> <span class='ocrx_word' id='word_1_655' title='bbox 3010 2020 3121 2072; x_wconf 73' lang='grc' dir='ltr'>Καὶ</span> <span class='ocrx_word' id='word_1_656' title='bbox 3150 2020 3212 2073; x_wconf 76' lang='grc' dir='ltr'>τὸ</span> <span class='ocrx_word' id='word_1_657' title='bbox 3241 2019 3433 2091; x_wconf 86' lang='grc' dir='ltr'>κέρδος</span> <span class='ocrx_word' id='word_1_658' title='bbox 3452 2019 3665 2081; x_wconf 77' lang='grc' dir='ltr'>δεικνὺς</span> <span class='ocrx_word' id='word_1_659' title='bbox 3681 2019 3805 2072; x_wconf 83' lang='grc' dir='ltr'>ὅσον</span> 
     </span>
    </p>
   </div>
   <div class='ocr_carea' id='block_1_86' title="bbox 2228 2098 3804 2173">
    <p class='ocr_par' dir='ltr' id='par_1_86' title="bbox 2228 2098 3804 2173">
     <span class='ocr_line' id='line_1_86' title="bbox 2228 2098 3804 2173; baseline 0.004 -23"><span class='ocrx_word' id='word_1_660' title='bbox 2228 2098 2293 2151; x_wconf 87' lang='grc' dir='ltr'>ἐκ</span> <span class='ocrx_word' id='word_1_661' title='bbox 2331 2100 2520 2152; x_wconf 88' lang='grc' dir='ltr'>τούτου</span> <span class='ocrx_word' id='word_1_662' title='bbox 2548 2100 2812 2166; x_wconf 86' lang='grc' dir='ltr'>τίκτεται,</span> <span class='ocrx_word' id='word_1_663' title='bbox 2836 2102 2970 2157; x_wconf 86' lang='grc' dir='ltr'>Ἵνα</span> <span class='ocrx_word' id='word_1_664' title='bbox 2992 2102 3233 2170; x_wconf 79' lang='grc' dir='ltr'>ἤρεμον,</span> <span class='ocrx_word' id='word_1_665' title='bbox 3251 2102 3518 2173; x_wconf 77' lang='grc' dir='ltr'>φησὶ,καὶ</span> <span class='ocrx_word' id='word_1_666' title='bbox 3540 2103 3804 2170; x_wconf 77' lang='grc' dir='ltr'>ἡσύχιον</span> 
     </span>
    </p>
   </div>
   <div class='ocr_carea' id='block_1_87' title="bbox 2222 2178 3802 2256">
    <p class='ocr_par' dir='ltr' id='par_1_87' title="bbox 2222 2178 3802 2256">
     <span class='ocr_line' id='line_1_87' title="bbox 2222 2178 3802 2256; baseline 0.003 -23"><span class='ocrx_word' id='word_1_667' title='bbox 2222 2182 2367 2245; x_wconf 81' lang='grc' dir='ltr'>,ϐίον</span> <span class='ocrx_word' id='word_1_668' title='bbox 2390 2181 2682 2253; x_wconf 75' lang='grc' dir='ltr'>διάγωμεν</span> <span class='ocrx_word' id='word_1_669' title='bbox 2703 2201 2718 2215; x_wconf 89' lang='grc'><strong>·</strong></span> <span class='ocrx_word' id='word_1_670' title='bbox 2744 2184 2838 2236; x_wconf 78' lang='grc' dir='ltr'>καὶ</span> <span class='ocrx_word' id='word_1_671' title='bbox 2864 2185 2926 2238; x_wconf 82' lang='grc' dir='ltr'>τὸ</span> <span class='ocrx_word' id='word_1_672' title='bbox 2959 2186 3140 2256; x_wconf 88' lang='grc' dir='ltr'>πολλῷ</span> <span class='ocrx_word' id='word_1_673' title='bbox 3153 2186 3346 2239; x_wconf 88' lang='grc' dir='ltr'>τούτου</span> <span class='ocrx_word' id='word_1_674' title='bbox 3377 2178 3585 2256; x_wconf 78' lang='grc' dir='ltr'>μεῖζον,</span> <span class='ocrx_word' id='word_1_675' title='bbox 3609 2186 3689 2239; x_wconf 87' lang='grc' dir='ltr'>ὃτι</span> <span class='ocrx_word' id='word_1_676' title='bbox 3706 2188 3802 2238; x_wconf 73' lang='grc' dir='ltr'>καὶ</span> 
     </span>
    </p>
   </div>
   <div class='ocr_carea' id='block_1_88' title="bbox 2224 2263 3804 2339">
    <p class='ocr_par' dir='ltr' id='par_1_88' title="bbox 2224 2263 3804 2339">
     <span class='ocr_line' id='line_1_88' title="bbox 2224 2263 3804 2339; baseline 0.003 -23"><span class='ocrx_word' id='word_1_677' title='bbox 2224 2263 2302 2334; x_wconf 86' lang='grc' dir='ltr'>τῷ</span> <span class='ocrx_word' id='word_1_678' title='bbox 2335 2263 2455 2333; x_wconf 85' lang='grc' dir='ltr'>Θεῷ</span> <span class='ocrx_word' id='word_1_679' title='bbox 2483 2266 2638 2318; x_wconf 83' lang='grc' dir='ltr'>τοῦτο</span> <span class='ocrx_word' id='word_1_680' title='bbox 2666 2268 2835 2334; x_wconf 86' lang='grc' dir='ltr'>δοκεῖ,</span> <span class='ocrx_word' id='word_1_681' title='bbox 2863 2268 2957 2321; x_wconf 75' lang='grc' dir='ltr'>καὶ</span> <span class='ocrx_word' id='word_1_682' title='bbox 2981 2270 3062 2322; x_wconf 82' lang='grc' dir='ltr'>ὅτι</span> <span class='ocrx_word' id='word_1_683' title='bbox 3096 2271 3269 2339; x_wconf 84' lang='grc' dir='ltr'>ὅμοιοι</span> <span class='ocrx_word' id='word_1_684' title='bbox 3294 2269 3444 2339; x_wconf 75' lang='grc' dir='ltr'>αὐτῷ</span> <span class='ocrx_word' id='word_1_685' title='bbox 3473 2269 3614 2321; x_wconf 87' lang='grc' dir='ltr'>κατά</span> <span class='ocrx_word' id='word_1_686' title='bbox 3644 2268 3804 2321; x_wconf 81' lang='grc' dir='ltr'>τοῦτο</span> 
     </span>
    </p>
   </div>
   <div class='ocr_carea' id='block_1_89' title="bbox 2225 2348 3801 2422">
    <p class='ocr_par' dir='ltr' id='par_1_89' title="bbox 2225 2348 3801 2422">
     <span class='ocr_line' id='line_1_89' title="bbox 2225 2348 3801 2422; baseline 0.003 -23"><span class='ocrx_word' id='word_1_687' title='bbox 2225 2348 2507 2419; x_wconf 88' lang='grc' dir='ltr'>γινόμεθα,</span> <span class='ocrx_word' id='word_1_688' title='bbox 2530 2352 2670 2404; x_wconf 75' lang='grc' dir='ltr'>κατὰ</span> <span class='ocrx_word' id='word_1_689' title='bbox 2691 2351 2828 2404; x_wconf 85' lang='grc' dir='ltr'>τὺτά</span> <span class='ocrx_word' id='word_1_690' title='bbox 2845 2351 2982 2405; x_wconf 85' lang='grc' dir='ltr'>αὑτά</span> <span class='ocrx_word' id='word_1_691' title='bbox 3010 2353 3159 2422; x_wconf 86' lang='grc' dir='ltr'>αύτῷ</span> <span class='ocrx_word' id='word_1_692' title='bbox 3178 2353 3371 2407; x_wconf 85' lang='grc' dir='ltr'>θέλειν.</span> <span class='ocrx_word' id='word_1_693' title='bbox 3416 2352 3600 2406; x_wconf 85' lang='grc' dir='ltr'>Ἱκανὰ</span> <span class='ocrx_word' id='word_1_694' title='bbox 3627 2350 3801 2405; x_wconf 81' lang='grc' dir='ltr'>ταῦτα</span> 
     </span>
    </p>
   </div>
   <div class='ocr_carea' id='block_1_90' title="bbox 2224 2431 3801 2506">
    <p class='ocr_par' dir='ltr' id='par_1_90' title="bbox 2224 2431 3801 2506">
     <span class='ocr_line' id='line_1_90' title="bbox 2224 2431 3801 2506; baseline 0.003 -23"><span class='ocrx_word' id='word_1_695' title='bbox 2224 2431 2544 2502; x_wconf 82' lang='grc' dir='ltr'>δυσωπῆσαι</span> <span class='ocrx_word' id='word_1_696' title='bbox 2601 2434 2697 2487; x_wconf 86' lang='grc' dir='ltr'>καὶ</span> <span class='ocrx_word' id='word_1_697' title='bbox 2735 2434 2944 2505; x_wconf 87' lang='grc' dir='ltr'>θηρίον.</span> <span class='ocrx_word' id='word_1_698' title='bbox 3001 2436 3091 2506; x_wconf 85' lang='grc' dir='ltr'><strong>Μὴ</strong></span> <span class='ocrx_word' id='word_1_699' title='bbox 3140 2435 3319 2489; x_wconf 88' lang='grc' dir='ltr'>τοίνυν</span> <span class='ocrx_word' id='word_1_700' title='bbox 3366 2435 3610 2505; x_wconf 84' lang='grc' dir='ltr'>φοϐηθῇς</span> <span class='ocrx_word' id='word_1_701' title='bbox 3660 2434 3801 2504; x_wconf 82' lang='grc' dir='ltr'>ὑπὲρ</span> 
     </span>
    </p>
   </div>
   <div class='ocr_carea' id='block_1_91' title="bbox 2235 2515 3801 2588">
    <p class='ocr_par' dir='ltr' id='par_1_91' title="bbox 2235 2515 3801 2588">
     <span class='ocr_line' id='line_1_91' title="bbox 2235 2515 3801 2588; baseline 0.001 -20"><span class='ocrx_word' id='word_1_702' title='bbox 2235 2515 2502 2587; x_wconf 83' lang='grc' dir='ltr'>Ἑλλήνων</span> <span class='ocrx_word' id='word_1_703' title='bbox 2518 2517 2842 2587; x_wconf 86' lang='grc' dir='ltr'>εὐχόμενος·</span> <span class='ocrx_word' id='word_1_704' title='bbox 2874 2520 2968 2572; x_wconf 82' lang='grc' dir='ltr'>καὶ</span> <span class='ocrx_word' id='word_1_705' title='bbox 2997 2518 3158 2583; x_wconf 85' lang='grc' dir='ltr'>αὐτὸς</span> <span class='ocrx_word' id='word_1_706' title='bbox 3194 2518 3351 2572; x_wconf 78' lang='grc' dir='ltr'>τοῦτο</span> <span class='ocrx_word' id='word_1_707' title='bbox 3391 2518 3674 2588; x_wconf 85' lang='grc' dir='ltr'>βούλεται·</span> <span class='ocrx_word' id='word_1_708' title='bbox 3705 2534 3801 2586; x_wconf 84' lang='grc' dir='ltr'>φο-</span> 
     </span>
    </p>
   </div>
   <div class='ocr_carea' id='block_1_92' title="bbox 2225 2600 3796 2673">
    <p class='ocr_par' dir='ltr' id='par_1_92' title="bbox 2225 2600 3796 2673">
     <span class='ocr_line' id='line_1_92' title="bbox 2225 2600 3796 2673; baseline 0.001 -20"><span class='ocrx_word' id='word_1_709' title='bbox 2225 2601 2421 2671; x_wconf 89' lang='grc' dir='ltr'>ϐήθητι</span> <span class='ocrx_word' id='word_1_710' title='bbox 2442 2601 2504 2653; x_wconf 82' lang='grc' dir='ltr'>τὸ</span> <span class='ocrx_word' id='word_1_711' title='bbox 2521 2601 2885 2668; x_wconf 80' lang='grc' dir='ltr'>κατεύξασθαι</span> <span class='ocrx_word' id='word_1_712' title='bbox 2921 2602 3081 2671; x_wconf 90' lang='grc' dir='ltr'>μόνον</span> <span class='ocrx_word' id='word_1_713' title='bbox 3098 2614 3113 2629; x_wconf 84' lang='lat'><strong><em>°</em></strong></span> <span class='ocrx_word' id='word_1_714' title='bbox 3137 2601 3296 2655; x_wconf 84' lang='lat'>10610</span> <span class='ocrx_word' id='word_1_715' title='bbox 3322 2619 3431 2673; x_wconf 87' lang='grc' dir='ltr'>γαρ</span> <span class='ocrx_word' id='word_1_716' title='bbox 3445 2601 3507 2654; x_wconf 86' lang='grc' dir='ltr'>οὐ</span> <span class='ocrx_word' id='word_1_717' title='bbox 3527 2600 3796 2671; x_wconf 88' lang='grc' dir='ltr'>βούλεται.</span> 
     </span>
    </p>
   </div>
   <div class='ocr_carea' id='block_1_93' title="bbox 2224 2682 3801 2756">
    <p class='ocr_par' dir='ltr' id='par_1_93' title="bbox 2224 2682 3801 2756">
     <span class='ocr_line' id='line_1_93' title="bbox 2224 2682 3801 2756; baseline -0.001 -18"><span class='ocrx_word' id='word_1_718' title='bbox 2224 2686 2284 2738; x_wconf 86' lang='grc' dir='ltr'>Εἰ</span> <span class='ocrx_word' id='word_1_719' title='bbox 2320 2685 2377 2738; x_wconf 86' lang='grc' dir='ltr'>δὲ</span> <span class='ocrx_word' id='word_1_720' title='bbox 2402 2684 2544 2755; x_wconf 85' lang='grc' dir='ltr'>ὑπὲρ</span> <span class='ocrx_word' id='word_1_721' title='bbox 2582 2684 2853 2755; x_wconf 82' lang='grc' dir='ltr'>Ἑλλήνων</span> <span class='ocrx_word' id='word_1_722' title='bbox 2886 2682 3144 2755; x_wconf 74' lang='grc' dir='ltr'>εὔχεσθαι</span> <span class='ocrx_word' id='word_1_723' title='bbox 3171 2684 3299 2756; x_wconf 85' lang='grc' dir='ltr'>χρὴ,</span> <span class='ocrx_word' id='word_1_724' title='bbox 3327 2685 3423 2739; x_wconf 70' lang='grc' dir='ltr'>καὶ</span> <span class='ocrx_word' id='word_1_725' title='bbox 3460 2684 3602 2753; x_wconf 82' lang='grc' dir='ltr'>ὑπὲρ</span> <span class='ocrx_word' id='word_1_726' title='bbox 3650 2684 3801 2755; x_wconf 88' lang='grc' dir='ltr'>αἱρε-</span> 
     </span>
    </p>
   </div>
   <div class='ocr_carea' id='block_1_94' title="bbox 2222 2766 3799 2840">
    <p class='ocr_par' dir='ltr' id='par_1_94' title="bbox 2222 2766 3799 2840">
     <span class='ocr_line' id='line_1_94' title="bbox 2222 2766 3799 2840; baseline -0.002 -18"><span class='ocrx_word' id='word_1_727' title='bbox 2222 2769 2387 2822; x_wconf 88' lang='grc' dir='ltr'>τικῶν</span> <span class='ocrx_word' id='word_1_728' title='bbox 2418 2769 2580 2838; x_wconf 79' lang='grc' dir='ltr'>δῆλον</span> <span class='ocrx_word' id='word_1_729' title='bbox 2609 2768 2689 2821; x_wconf 82' lang='grc' dir='ltr'>ὅτι</span> <span class='ocrx_word' id='word_1_730' title='bbox 2707 2784 2721 2797; x_wconf 88' lang='grc'><strong>·</strong></span> <span class='ocrx_word' id='word_1_731' title='bbox 2768 2766 2911 2838; x_wconf 84' lang='grc' dir='ltr'>ὑπὲρ</span> <span class='ocrx_word' id='word_1_732' title='bbox 2941 2769 3049 2840; x_wconf 84' lang='grc' dir='ltr'>γὰρ</span> <span class='ocrx_word' id='word_1_733' title='bbox 3094 2768 3348 2822; x_wconf 85' lang='grc' dir='ltr'>ἁπάντων</span> <span class='ocrx_word' id='word_1_734' title='bbox 3376 2766 3677 2838; x_wconf 82' lang='grc' dir='ltr'>ἀνθρώπων</span> <span class='ocrx_word' id='word_1_735' title='bbox 3706 2766 3799 2819; x_wconf 79' lang='grc' dir='ltr'>εὖ·</span> 
     </span>
    </p>
   </div>
   <div class='ocr_carea' id='block_1_95' title="bbox 2222 2849 3803 2923">
    <p class='ocr_par' dir='ltr' id='par_1_95' title="bbox 2222 2849 3803 2923">
     <span class='ocr_line' id='line_1_95' title="bbox 2222 2849 3803 2923; baseline -0.001 -18"><span class='ocrx_word' id='word_1_736' title='bbox 2222 2852 2412 2923; x_wconf 89' lang='grc' dir='ltr'>χεσθαι</span> <span class='ocrx_word' id='word_1_737' title='bbox 2448 2851 2548 2916; x_wconf 84' lang='grc' dir='ltr'>δεῖ,</span> <span class='ocrx_word' id='word_1_738' title='bbox 2606 2851 2666 2903; x_wconf 88' lang='grc' dir='ltr'>ού</span> <span class='ocrx_word' id='word_1_739' title='bbox 2696 2849 2934 2905; x_wconf 87' lang='grc' dir='ltr'>διώκειν.</span> <span class='ocrx_word' id='word_1_740' title='bbox 2971 2852 3143 2905; x_wconf 80' lang='grc' dir='ltr'>Τοῦτο</span> <span class='ocrx_word' id='word_1_741' title='bbox 3192 2852 3248 2905; x_wconf 82' lang='grc' dir='ltr'>δὲ</span> <span class='ocrx_word' id='word_1_742' title='bbox 3293 2852 3392 2905; x_wconf 73' lang='grc' dir='ltr'>καὶ</span> <span class='ocrx_word' id='word_1_743' title='bbox 3420 2851 3595 2915; x_wconf 78' lang='grc' dir='ltr'>ἄλλως</span> <span class='ocrx_word' id='word_1_744' title='bbox 3635 2851 3803 2905; x_wconf 85' lang='grc' dir='ltr'>καλὸν</span> 
     </span>
    </p>
   </div>
   <div class='ocr_carea' id='block_1_96' title="bbox 2222 2935 3801 3005">
    <p class='ocr_par' dir='ltr' id='par_1_96' title="bbox 2222 2935 3801 3005">
     <span class='ocr_line' id='line_1_96' title="bbox 2222 2935 3801 3005; baseline -0.001 -16"><span class='ocrx_word' id='word_1_745' title='bbox 2222 2938 2331 2990; x_wconf 84' lang='grc' dir='ltr'>ἀπὸ</span> <span class='ocrx_word' id='word_1_746' title='bbox 2362 2935 2459 2989; x_wconf 84' lang='lat'>106</span> <span class='ocrx_word' id='word_1_747' title='bbox 2502 2935 2605 3005; x_wconf 78' lang='grc' dir='ltr'>τῆς</span> <span class='ocrx_word' id='word_1_748' title='bbox 2634 2935 2809 3005; x_wconf 81' lang='grc' dir='ltr'>αὐτῆς</span> <span class='ocrx_word' id='word_1_749' title='bbox 2846 2936 2994 3005; x_wconf 83' lang='grc' dir='ltr'>ἡμᾶς</span> <span class='ocrx_word' id='word_1_750' title='bbox 3027 2935 3244 3005; x_wconf 88' lang='grc' dir='ltr'>φύσεως</span> <span class='ocrx_word' id='word_1_751' title='bbox 3288 2938 3567 2989; x_wconf 88' lang='grc' dir='ltr'>κοινωνεῖν</span> <span class='ocrx_word' id='word_1_752' title='bbox 3588 2952 3601 2966; x_wconf 81' lang='grc'><em>’</em></span> <span class='ocrx_word' id='word_1_753' title='bbox 3640 2936 3737 2989; x_wconf 79' lang='grc' dir='ltr'>καὶ</span> <span class='ocrx_word' id='word_1_754' title='bbox 3770 2936 3801 2988; x_wconf 91' lang='lat'>6</span> 
     </span>
    </p>
   </div>
   <div class='ocr_carea' id='block_1_97' title="bbox 2221 3017 3803 3091">
    <p class='ocr_par' dir='ltr' id='par_1_97' title="bbox 2221 3017 3803 3091">
     <span class='ocr_line' id='line_1_97' title="bbox 2221 3017 3803 3091; baseline -0.001 -18"><span class='ocrx_word' id='word_1_755' title='bbox 2221 3020 2352 3085; x_wconf 85' lang='grc' dir='ltr'>Θεὸς</span> <span class='ocrx_word' id='word_1_756' title='bbox 2378 3020 2433 3074; x_wconf 82' lang='grc' dir='ltr'>δὲ</span> <span class='ocrx_word' id='word_1_757' title='bbox 2468 3021 2681 3072; x_wconf 87' lang='grc' dir='ltr'>ἐπαινεῖ</span> <span class='ocrx_word' id='word_1_758' title='bbox 2709 3019 2802 3071; x_wconf 74' lang='grc' dir='ltr'>καὶ</span> <span class='ocrx_word' id='word_1_759' title='bbox 2830 3017 3149 3089; x_wconf 87' lang='grc' dir='ltr'>ἀποδέχεται</span> <span class='ocrx_word' id='word_1_760' title='bbox 3186 3019 3287 3091; x_wconf 82' lang='grc' dir='ltr'>τὴν</span> <span class='ocrx_word' id='word_1_761' title='bbox 3308 3018 3546 3083; x_wconf 75' lang='grc' dir='ltr'>εὔνοιαν,</span> <span class='ocrx_word' id='word_1_762' title='bbox 3586 3019 3687 3088; x_wconf 87' lang='grc' dir='ltr'>τὴν</span> <span class='ocrx_word' id='word_1_763' title='bbox 3713 3035 3803 3087; x_wconf 82' lang='grc' dir='ltr'>φι-</span> 
     </span>
    </p>
   </div>
   <div class='ocr_carea' id='block_1_98' title="bbox 2221 3100 3799 3175">
    <p class='ocr_par' dir='ltr' id='par_1_98' title="bbox 2221 3100 3799 3175">
     <span class='ocr_line' id='line_1_98' title="bbox 2221 3100 3799 3175; baseline -0.001 -18"><span class='ocrx_word' id='word_1_764' title='bbox 2221 3103 2540 3175; x_wconf 86' lang='grc' dir='ltr'>λοστοργίαν</span> <span class='ocrx_word' id='word_1_765' title='bbox 2559 3101 2658 3171; x_wconf 84' lang='grc' dir='ltr'>τὴν</span> <span class='ocrx_word' id='word_1_766' title='bbox 2681 3101 2817 3173; x_wconf 85' lang='grc' dir='ltr'>πρὸς</span> <span class='ocrx_word' id='word_1_767' title='bbox 2839 3100 3124 3172; x_wconf 84' lang='grc' dir='ltr'>ἀλλήλους.</span> <span class='ocrx_word' id='word_1_768' title='bbox 3161 3104 3224 3156; x_wconf 91' lang='grc' dir='ltr'>Εἰ</span> <span class='ocrx_word' id='word_1_769' title='bbox 3245 3103 3426 3157; x_wconf 84' lang='grc' dir='ltr'>τοίνυν</span> <span class='ocrx_word' id='word_1_770' title='bbox 3442 3102 3605 3167; x_wconf 71' lang='grc' dir='ltr'>αὐτὸς</span> <span class='ocrx_word' id='word_1_771' title='bbox 3629 3101 3799 3164; x_wconf 90' lang='grc' dir='ltr'>θέλει,</span> 
     </span>
    </p>
   </div>
   <div class='ocr_carea' id='block_1_99' title="bbox 2221 3184 3798 3259">
    <p class='ocr_par' dir='ltr' id='par_1_99' title="bbox 2221 3184 3798 3259">
     <span class='ocr_line' id='line_1_99' title="bbox 2221 3184 3798 3259; baseline 0 -21"><span class='ocrx_word' id='word_1_772' title='bbox 2221 3188 2375 3259; x_wconf 75' lang='grc' dir='ltr'>φησί,</span> <span class='ocrx_word' id='word_1_773' title='bbox 2405 3186 2586 3241; x_wconf 82' lang='grc' dir='ltr'>δοῦναι</span> <span class='ocrx_word' id='word_1_774' title='bbox 2618 3188 2646 3239; x_wconf 94' lang='lat'>6</span> <span class='ocrx_word' id='word_1_775' title='bbox 2687 3184 2913 3255; x_wconf 86' lang='grc' dir='ltr'>Κύριος,</span> <span class='ocrx_word' id='word_1_776' title='bbox 2944 3185 2997 3237; x_wconf 87' lang='grc' dir='ltr'>τί</span> <span class='ocrx_word' id='word_1_777' title='bbox 3022 3186 3105 3239; x_wconf 91' lang='grc' dir='ltr'>δεῖ</span> <span class='ocrx_word' id='word_1_778' title='bbox 3131 3185 3305 3255; x_wconf 83' lang='grc' dir='ltr'>εὐχῶν</span> <span class='ocrx_word' id='word_1_779' title='bbox 3324 3187 3433 3240; x_wconf 88' lang='grc' dir='ltr'>τῶν</span> <span class='ocrx_word' id='word_1_780' title='bbox 3467 3187 3597 3256; x_wconf 80' lang='grc' dir='ltr'>παρ’</span> <span class='ocrx_word' id='word_1_781' title='bbox 3623 3185 3756 3256; x_wconf 81' lang='grc' dir='ltr'>ἐμοῦ</span> <span class='ocrx_word' id='word_1_782' title='bbox 3782 3201 3798 3248; x_wconf 88' lang='lat'><strong>;</strong></span> 
     </span>
    </p>
   </div>
   <div class='ocr_carea' id='block_1_100' title="bbox 2222 3269 3800 3340">
    <p class='ocr_par' dir='ltr' id='par_1_100' title="bbox 2222 3269 3800 3340">
     <span class='ocr_line' id='line_1_100' title="bbox 2222 3269 3800 3340; baseline -0.002 -14"><span class='ocrx_word' id='word_1_783' title='bbox 2222 3272 2363 3326; x_wconf 85' lang='grc' dir='ltr'>Πολὺ</span> <span class='ocrx_word' id='word_1_784' title='bbox 2403 3270 2562 3324; x_wconf 81' lang='grc' dir='ltr'>τοῦτο</span> <span class='ocrx_word' id='word_1_785' title='bbox 2592 3270 2820 3332; x_wconf 87' lang='grc' dir='ltr'>ἐκείνοις</span> <span class='ocrx_word' id='word_1_786' title='bbox 2846 3270 2943 3322; x_wconf 74' lang='grc' dir='ltr'>καὶ</span> <span class='ocrx_word' id='word_1_787' title='bbox 2971 3271 3053 3322; x_wconf 77' lang='grc' dir='ltr'>σοὶ</span> <span class='ocrx_word' id='word_1_788' title='bbox 3080 3270 3473 3340; x_wconf 87' lang='grc' dir='ltr'>συμϐάλλεται,</span> <span class='ocrx_word' id='word_1_789' title='bbox 3504 3269 3641 3340; x_wconf 81' lang='grc' dir='ltr'>πρὸς</span> <span class='ocrx_word' id='word_1_790' title='bbox 3660 3269 3800 3336; x_wconf 90' lang='grc' dir='ltr'>ἀγά-</span> 
     </span>
    </p>
   </div>
   <div class='ocr_carea' id='block_1_101' title="bbox 2219 3352 3798 3426">
    <p class='ocr_par' dir='ltr' id='par_1_101' title="bbox 2219 3352 3798 3426">
     <span class='ocr_line' id='line_1_101' title="bbox 2219 3352 3798 3426; baseline -0.001 -19"><span class='ocrx_word' id='word_1_791' title='bbox 2219 3372 2330 3426; x_wconf 91' lang='grc' dir='ltr'>πην</span> <span class='ocrx_word' id='word_1_792' title='bbox 2359 3355 2555 3418; x_wconf 75' lang='grc' dir='ltr'>αὐτοὺς</span> <span class='ocrx_word' id='word_1_793' title='bbox 2587 3354 2758 3417; x_wconf 69' lang='grc' dir='ltr'>ἕλκει,</span> <span class='ocrx_word' id='word_1_794' title='bbox 2792 3354 2853 3407; x_wconf 83' lang='grc' dir='ltr'>σὲ</span> <span class='ocrx_word' id='word_1_795' title='bbox 2882 3352 3044 3406; x_wconf 90' lang='grc' dir='ltr'>πάλιν</span> <span class='ocrx_word' id='word_1_796' title='bbox 3073 3356 3174 3407; x_wconf 84' lang='grc' dir='ltr'>οὐκ</span> <span class='ocrx_word' id='word_1_797' title='bbox 3205 3354 3432 3425; x_wconf 89' lang='grc' dir='ltr'>ἀφίησιν</span> <span class='ocrx_word' id='word_1_798' title='bbox 3462 3353 3798 3425; x_wconf 79' lang='grc' dir='ltr'>ἐκτεθηριῶ-</span> 
     </span>
    </p>
   </div>
   <div class='ocr_carea' id='block_1_102' title="bbox 2220 3435 3794 3507">
    <p class='ocr_par' dir='ltr' id='par_1_102' title="bbox 2220 3435 3794 3507">
     <span class='ocr_line' id='line_1_102' title="bbox 2220 3435 3794 3507; baseline -0.001 -15"><span class='ocrx_word' id='word_1_799' title='bbox 2220 3440 2376 3493; x_wconf 76' lang='grc' dir='ltr'>σθαιο</span> <span class='ocrx_word' id='word_1_800' title='bbox 2403 3438 2565 3492; x_wconf 85' lang='grc' dir='ltr'>ἰκανά</span> <span class='ocrx_word' id='word_1_801' title='bbox 2638 3437 2692 3490; x_wconf 83' lang='grc' dir='ltr'>δὲ</span> <span class='ocrx_word' id='word_1_802' title='bbox 2724 3435 2901 3491; x_wconf 83' lang='grc' dir='ltr'>ταῦτα</span> <span class='ocrx_word' id='word_1_803' title='bbox 2933 3436 3068 3507; x_wconf 82' lang='grc' dir='ltr'>πρὸς</span> <span class='ocrx_word' id='word_1_804' title='bbox 3130 3437 3313 3490; x_wconf 84' lang='grc' dir='ltr'>πίστιν</span> <span class='ocrx_word' id='word_1_805' title='bbox 3364 3437 3794 3492; x_wconf 86' lang='grc' dir='ltr'>ἐπισπάσασθαι.</span> 
     </span>
    </p>
   </div>
   <div class='ocr_carea' id='block_1_103' title="bbox 2219 3518 3797 3592">
    <p class='ocr_par' dir='ltr' id='par_1_103' title="bbox 2219 3518 3797 3592">
     <span class='ocr_line' id='line_1_103' title="bbox 2219 3518 3797 3592; baseline -0.001 -18"><span class='ocrx_word' id='word_1_806' title='bbox 2219 3521 2411 3575; x_wconf 72' lang='grc' dir='ltr'>Πολλοὶ</span> <span class='ocrx_word' id='word_1_807' title='bbox 2435 3520 2543 3590; x_wconf 80' lang='grc' dir='ltr'>γάρ</span> <span class='ocrx_word' id='word_1_808' title='bbox 2574 3520 2681 3574; x_wconf 89' lang='grc' dir='ltr'>τῶν</span> <span class='ocrx_word' id='word_1_809' title='bbox 2710 3518 3015 3590; x_wconf 82' lang='grc' dir='ltr'>ἀνθρώπων</span> <span class='ocrx_word' id='word_1_810' title='bbox 3040 3520 3128 3573; x_wconf 89' lang='grc' dir='ltr'>διά</span> <span class='ocrx_word' id='word_1_811' title='bbox 3161 3520 3492 3589; x_wconf 86' lang='grc' dir='ltr'>φιλονεικίαν</span> <span class='ocrx_word' id='word_1_812' title='bbox 3519 3520 3620 3592; x_wconf 85' lang='grc' dir='ltr'>τὴν</span> <span class='ocrx_word' id='word_1_813' title='bbox 3658 3521 3797 3591; x_wconf 83' lang='grc' dir='ltr'>πρὸς</span> 
     </span>
    </p>
   </div>
   <div class='ocr_carea' id='block_1_104' title="bbox 2216 3602 3796 3675">
    <p class='ocr_par' dir='ltr' id='par_1_104' title="bbox 2216 3602 3796 3675">
     <span class='ocr_line' id='line_1_104' title="bbox 2216 3602 3796 3675; baseline -0.001 -17"><span class='ocrx_word' id='word_1_814' title='bbox 2216 3604 2478 3672; x_wconf 88' lang='grc' dir='ltr'>ἀλλήλους</span> <span class='ocrx_word' id='word_1_815' title='bbox 2508 3603 2827 3671; x_wconf 87' lang='grc' dir='ltr'>ἀπέστησαν</span> <span class='ocrx_word' id='word_1_816' title='bbox 2844 3604 2939 3656; x_wconf 82' lang='grc' dir='ltr'>τοῦ</span> <span class='ocrx_word' id='word_1_817' title='bbox 2974 3602 3132 3658; x_wconf 83' lang='grc' dir='ltr'>Θεόῦ.</span> <span class='ocrx_word' id='word_1_818' title='bbox 3173 3603 3347 3657; x_wconf 83' lang='grc' dir='ltr'>Τοῦτο</span> <span class='ocrx_word' id='word_1_819' title='bbox 3387 3605 3664 3675; x_wconf 86' lang='grc' dir='ltr'>σωτηρίαν</span> <span class='ocrx_word' id='word_1_820' title='bbox 3699 3604 3796 3657; x_wconf 84' lang='grc' dir='ltr'>νῦν</span> 
     </span>
    </p>
   </div>
   <div class='ocr_carea' id='block_1_105' title="bbox 2216 3685 3797 3755">
    <p class='ocr_par' dir='ltr' id='par_1_105' title="bbox 2216 3685 3797 3755">
     <span class='ocr_line' id='line_1_105' title="bbox 2216 3685 3797 3755; baseline -0.001 -13"><span class='ocrx_word' id='word_1_821' title='bbox 2216 3688 2352 3742; x_wconf 85' lang='grc' dir='ltr'>Θεοῦ</span> <span class='ocrx_word' id='word_1_822' title='bbox 2409 3686 2584 3751; x_wconf 87' lang='grc' dir='ltr'>καλεῖ,</span> <span class='ocrx_word' id='word_1_823' title='bbox 2622 3687 2680 3749; x_wconf 79' lang='grc' dir='ltr'>ὃς</span> <span class='ocrx_word' id='word_1_824' title='bbox 2734 3687 2972 3752; x_wconf 85' lang='grc' dir='ltr'>Πάντας</span> <span class='ocrx_word' id='word_1_825' title='bbox 3001 3686 3351 3755; x_wconf 83' lang='grc' dir='ltr'>ἀνθρώπους</span> <span class='ocrx_word' id='word_1_826' title='bbox 3398 3686 3559 3741; x_wconf 83' lang='grc' dir='ltr'>θέλει</span> <span class='ocrx_word' id='word_1_827' title='bbox 3600 3685 3797 3755; x_wconf 85' lang='grc' dir='ltr'>σωθῆ-</span> 
     </span>
    </p>
   </div>
   <div class='ocr_carea' id='block_1_106' title="bbox 2214 3769 3790 3841">
    <p class='ocr_par' dir='ltr' id='par_1_106' title="bbox 2214 3769 3790 3841">
     <span class='ocr_line' id='line_1_106' title="bbox 2214 3769 3790 3841; baseline -0.002 -15"><span class='ocrx_word' id='word_1_828' title='bbox 2214 3789 2335 3833; x_wconf 83' lang='grc' dir='ltr'>ναι,</span> <span class='ocrx_word' id='word_1_829' title='bbox 2353 3769 2525 3824; x_wconf 87' lang='grc' dir='ltr'>εἰπών</span> <span class='ocrx_word' id='word_1_830' title='bbox 2542 3787 2554 3800; x_wconf 83' lang='grc'><em>’</em></span> <span class='ocrx_word' id='word_1_831' title='bbox 2584 3770 2773 3840; x_wconf 81' lang='grc' dir='ltr'>ἐπειδὴ</span> <span class='ocrx_word' id='word_1_832' title='bbox 2789 3770 2883 3822; x_wconf 73' lang='grc' dir='ltr'>καὶ</span> <span class='ocrx_word' id='word_1_833' title='bbox 2900 3769 3037 3840; x_wconf 75' lang='grc' dir='ltr'>αὕτη</span> <span class='ocrx_word' id='word_1_834' title='bbox 3067 3770 3235 3833; x_wconf 83' lang='grc' dir='ltr'>ὅντως</span> <span class='ocrx_word' id='word_1_835' title='bbox 3260 3771 3407 3823; x_wconf 75' lang='grc' dir='ltr'>ἐστὶν</span> <span class='ocrx_word' id='word_1_836' title='bbox 3436 3772 3469 3841; x_wconf 85' lang='grc' dir='ltr'>ἡ</span> <span class='ocrx_word' id='word_1_837' title='bbox 3508 3769 3755 3841; x_wconf 86' lang='grc' dir='ltr'>σωτηρία</span> <span class='ocrx_word' id='word_1_838' title='bbox 3775 3785 3790 3800; x_wconf 84' lang='lat'><strong><em>°</em></strong></span> 
     </span>
    </p>
   </div>
   <div class='ocr_carea' id='block_1_107' title="bbox 2214 3852 3791 3925">
    <p class='ocr_par' dir='ltr' id='par_1_107' title="bbox 2214 3852 3791 3925">
     <span class='ocr_line' id='line_1_107' title="bbox 2214 3852 3791 3925; baseline -0.002 -17"><span class='ocrx_word' id='word_1_839' title='bbox 2214 3855 2420 3925; x_wconf 89' lang='grc' dir='ltr'>ταύτης</span> <span class='ocrx_word' id='word_1_840' title='bbox 2462 3852 2572 3923; x_wconf 83' lang='grc' dir='ltr'>γάρ</span> <span class='ocrx_word' id='word_1_841' title='bbox 2612 3857 2780 3924; x_wconf 66' lang='grc' dir='ltr'>χωρὶς</span> <span class='ocrx_word' id='word_1_842' title='bbox 2838 3853 2990 3906; x_wconf 77' lang='grc' dir='ltr'>οὐδὲν</span> <span class='ocrx_word' id='word_1_843' title='bbox 3027 3852 3168 3923; x_wconf 91' lang='grc' dir='ltr'>μέγα</span> <span class='ocrx_word' id='word_1_844' title='bbox 3212 3854 3246 3924; x_wconf 88' lang='grc' dir='ltr'>ή</span> <span class='ocrx_word' id='word_1_845' title='bbox 3289 3853 3423 3923; x_wconf 85' lang='grc' dir='ltr'>ἄλλη</span> <span class='ocrx_word' id='word_1_846' title='bbox 3470 3854 3642 3918; x_wconf 68' lang='grc' dir='ltr'>ἐστὶν,</span> <span class='ocrx_word' id='word_1_847' title='bbox 3676 3853 3791 3906; x_wconf 82' lang='grc' dir='ltr'>ἀλλ’</span> 
     </span>
    </p>
   </div>
   <div class='ocr_carea' id='block_1_108' title="bbox 2213 3936 3793 4009">
    <p class='ocr_par' dir='ltr' id='par_1_108' title="bbox 2213 3936 3793 4009">
     <span class='ocr_line' id='line_1_108' title="bbox 2213 3936 3793 4009; baseline 0 -18"><span class='ocrx_word' id='word_1_848' title='bbox 2213 3940 2386 4007; x_wconf 77' lang='grc' dir='ltr'>ὄνομα</span> <span class='ocrx_word' id='word_1_849' title='bbox 2417 3937 2690 4008; x_wconf 88' lang='grc' dir='ltr'>σωτηρίας</span> <span class='ocrx_word' id='word_1_850' title='bbox 2721 3937 2837 3989; x_wconf 78' lang='grc' dir='ltr'>ἐστὶ</span> <span class='ocrx_word' id='word_1_851' title='bbox 2870 3937 2966 3991; x_wconf 79' lang='grc' dir='ltr'>καὶ</span> <span class='ocrx_word' id='word_1_852' title='bbox 2990 3937 3330 4009; x_wconf 88' lang='grc' dir='ltr'>προσηγορία</span> <span class='ocrx_word' id='word_1_853' title='bbox 3352 3937 3534 4005; x_wconf 84' lang='grc' dir='ltr'>μόνον.</span> <span class='ocrx_word' id='word_1_854' title='bbox 3567 3936 3677 3992; x_wconf 75' lang='grc' dir='ltr'>Καὶ</span> <span class='ocrx_word' id='word_1_855' title='bbox 3705 3939 3793 4003; x_wconf 86' lang='grc' dir='ltr'>εἰς</span> 
     </span>
    </p>
   </div>
   <div class='ocr_carea' id='block_1_109' title="bbox 2214 4020 3790 4091">
    <p class='ocr_par' dir='ltr' id='par_1_109' title="bbox 2214 4020 3790 4091">
     <span class='ocr_line' id='line_1_109' title="bbox 2214 4020 3790 4091; baseline -0.001 -16"><span class='ocrx_word' id='word_1_856' title='bbox 2214 4023 2544 4091; x_wconf 84' lang='grc' dir='ltr'>ἐπίγνωσιν</span> <span class='ocrx_word' id='word_1_857' title='bbox 2586 4021 2897 4089; x_wconf 81' lang='grc' dir='ltr'>ἀληθείας,</span> <span class='ocrx_word' id='word_1_858' title='bbox 2955 4021 3140 4090; x_wconf 72' lang='grc' dir='ltr'>φησὶν,</span> <span class='ocrx_word' id='word_1_859' title='bbox 3182 4020 3404 4075; x_wconf 80' lang='grc' dir='ltr'>ἐλθεῖν.</span> <span class='ocrx_word' id='word_1_860' title='bbox 3484 4020 3790 4090; x_wconf 68' lang='grc' dir='ltr'>Ἀληθείας,</span> 
     </span>
    </p>
   </div>
   <div class='ocr_carea' id='block_1_110' title="bbox 2214 4099 3786 4175">
    <p class='ocr_par' dir='ltr' id='par_1_110' title="bbox 2214 4099 3786 4175">
     <span class='ocr_line' id='line_1_110' title="bbox 2214 4099 3786 4175; baseline -0.003 -16"><span class='ocrx_word' id='word_1_861' title='bbox 2214 4106 2372 4169; x_wconf 89' lang='grc' dir='ltr'>ποίας</span> <span class='ocrx_word' id='word_1_862' title='bbox 2393 4123 2407 4171; x_wconf 89' lang='lat'><strong>;</strong></span> <span class='ocrx_word' id='word_1_863' title='bbox 2433 4107 2544 4175; x_wconf 79' lang='grc' dir='ltr'>Τῆς</span> <span class='ocrx_word' id='word_1_864' title='bbox 2569 4106 2648 4168; x_wconf 91' lang='grc' dir='ltr'>εἰς</span> <span class='ocrx_word' id='word_1_865' title='bbox 2664 4104 2826 4157; x_wconf 76' lang='grc' dir='ltr'>αὑτὸν</span> <span class='ocrx_word' id='word_1_866' title='bbox 2847 4104 3102 4166; x_wconf 87' lang='grc' dir='ltr'>πίστεως.</span> <span class='ocrx_word' id='word_1_867' title='bbox 3122 4105 3232 4157; x_wconf 72' lang='grc' dir='ltr'>Καὶ</span> <span class='ocrx_word' id='word_1_868' title='bbox 3249 4104 3311 4174; x_wconf 82' lang='grc' dir='ltr'>δὴ</span> <span class='ocrx_word' id='word_1_869' title='bbox 3333 4103 3623 4175; x_wconf 86' lang='grc' dir='ltr'>προλαϐὼν</span> <span class='ocrx_word' id='word_1_870' title='bbox 3642 4099 3786 4166; x_wconf 86' lang='grc' dir='ltr'>εἷπε,</span> 
     </span>
    </p>
   </div>
   <div class='ocr_carea' id='block_1_111' title="bbox 2214 4186 3791 4259">
    <p class='ocr_par' dir='ltr' id='par_1_111' title="bbox 2214 4186 3791 4259">
     <span class='ocr_line' id='line_1_111' title="bbox 2214 4186 3791 4259; baseline -0.003 -18"><span class='ocrx_word' id='word_1_871' title='bbox 2214 4188 2569 4259; x_wconf 90' lang='grc' dir='ltr'>Παράγγελλε</span> <span class='ocrx_word' id='word_1_872' title='bbox 2606 4189 2681 4259; x_wconf 88' lang='grc' dir='ltr'>μὴ</span> <span class='ocrx_word' id='word_1_873' title='bbox 2710 4186 3209 4257; x_wconf 78' lang='grc' dir='ltr'>ἑτεροδιδασκαλεῖν</span> <span class='ocrx_word' id='word_1_874' title='bbox 3235 4204 3246 4217; x_wconf 91' lang='grc'>·</span> <span class='ocrx_word' id='word_1_875' title='bbox 3288 4187 3374 4239; x_wconf 82' lang='grc' dir='ltr'>ἵνα</span> <span class='ocrx_word' id='word_1_876' title='bbox 3402 4187 3459 4240; x_wconf 87' lang='grc' dir='ltr'>δὲ</span> <span class='ocrx_word' id='word_1_877' title='bbox 3492 4188 3567 4257; x_wconf 88' lang='grc' dir='ltr'>μή</span> <span class='ocrx_word' id='word_1_878' title='bbox 3602 4203 3687 4249; x_wconf 92' lang='grc' dir='ltr'>τις</span> <span class='ocrx_word' id='word_1_879' title='bbox 3715 4186 3791 4249; x_wconf 85' lang='grc' dir='ltr'>ὡς</span> 
     </span>
    </p>
   </div>
   <div class='ocr_carea' id='block_1_112' title="bbox 2214 4271 3789 4345">
    <p class='ocr_par' dir='ltr' id='par_1_112' title="bbox 2214 4271 3789 4345">
     <span class='ocr_line' id='line_1_112' title="bbox 2214 4271 3789 4345; baseline 0 -22"><span class='ocrx_word' id='word_1_880' title='bbox 2214 4272 2429 4343; x_wconf 86' lang='grc' dir='ltr'>ἐχθροῖς</span> <span class='ocrx_word' id='word_1_881' title='bbox 2469 4273 2655 4335; x_wconf 85' lang='grc' dir='ltr'>αὐτοῖς</span> <span class='ocrx_word' id='word_1_882' title='bbox 2712 4274 2979 4345; x_wconf 85' lang='grc' dir='ltr'>προσέχῃ,</span> <span class='ocrx_word' id='word_1_883' title='bbox 3032 4273 3168 4341; x_wconf 85' lang='grc' dir='ltr'>μηδὲ</span> <span class='ocrx_word' id='word_1_884' title='bbox 3220 4271 3400 4342; x_wconf 87' lang='grc' dir='ltr'>μάχας</span> <span class='ocrx_word' id='word_1_885' title='bbox 3450 4272 3558 4324; x_wconf 86' lang='grc' dir='ltr'>ἀπὸ</span> <span class='ocrx_word' id='word_1_886' title='bbox 3596 4271 3789 4324; x_wconf 90' lang='grc' dir='ltr'>τούτου</span> 
     </span>
    </p>
   </div>
   <div class='ocr_carea' id='block_1_113' title="bbox 2214 4354 3787 4428">
    <p class='ocr_par' dir='ltr' id='par_1_113' title="bbox 2214 4354 3787 4428">
     <span class='ocr_line' id='line_1_113' title="bbox 2214 4354 3787 4428; baseline -0.001 -20"><span class='ocrx_word' id='word_1_887' title='bbox 2214 4356 2411 4428; x_wconf 87' lang='grc' dir='ltr'>πλέκῃ,</span> <span class='ocrx_word' id='word_1_888' title='bbox 2444 4357 2609 4425; x_wconf 88' lang='grc' dir='ltr'>φησί·</span> <span class='ocrx_word' id='word_1_889' title='bbox 2639 4355 2875 4421; x_wconf 84' lang='grc' dir='ltr'>Πάντας</span> <span class='ocrx_word' id='word_1_890' title='bbox 2906 4354 3258 4422; x_wconf 85' lang='grc' dir='ltr'>ἀνθρώπους</span> <span class='ocrx_word' id='word_1_891' title='bbox 3299 4354 3459 4408; x_wconf 87' lang='grc' dir='ltr'>θέλει</span> <span class='ocrx_word' id='word_1_892' title='bbox 3496 4355 3787 4423; x_wconf 85' lang='grc' dir='ltr'>σωθῆναι,</span> 
     </span>
    </p>
   </div>
   <div class='ocr_carea' id='block_1_114' title="bbox 2213 4434 3791 4508">
    <p class='ocr_par' dir='ltr' id='par_1_114' title="bbox 2213 4434 3791 4508">
     <span class='ocr_line' id='line_1_114' title="bbox 2213 4434 3791 4508; baseline -0.001 -15"><span class='ocrx_word' id='word_1_893' title='bbox 2213 4440 2310 4493; x_wconf 76' lang='grc' dir='ltr'>καὶ</span> <span class='ocrx_word' id='word_1_894' title='bbox 2353 4443 2439 4505; x_wconf 77' lang='grc' dir='ltr'>εἰς</span> <span class='ocrx_word' id='word_1_895' title='bbox 2472 4440 2802 4508; x_wconf 77' lang='grc' dir='ltr'>ἐπίγνωσιν</span> <span class='ocrx_word' id='word_1_896' title='bbox 2837 4437 3125 4505; x_wconf 86' lang='grc' dir='ltr'>ἀληθείας</span> <span class='ocrx_word' id='word_1_897' title='bbox 3162 4436 3382 4493; x_wconf 86' lang='grc' dir='ltr'>ἐλθεῖν.</span> <span class='ocrx_word' id='word_1_898' title='bbox 3438 4434 3574 4492; x_wconf 82' lang='grc' dir='ltr'>Εἶτα</span> <span class='ocrx_word' id='word_1_899' title='bbox 3631 4440 3791 4492; x_wconf 87' lang='grc' dir='ltr'>τούτο</span> 
     </span>
    </p>
   </div>
   <div class='ocr_carea' id='block_1_115' title="bbox 2213 4516 3788 4593">
    <p class='ocr_par' dir='ltr' id='par_1_115' title="bbox 2213 4516 3788 4593">
     <span class='ocr_line' id='line_1_115' title="bbox 2213 4516 3788 4593; baseline 0.001 -18"><span class='ocrx_word' id='word_1_900' title='bbox 2213 4523 2403 4585; x_wconf 86' lang='grc' dir='ltr'>εἰπὼν,</span> <span class='ocrx_word' id='word_1_901' title='bbox 2437 4524 2718 4593; x_wconf 82' lang='grc' dir='ltr'>ἐπήγαγεν</span> <span class='ocrx_word' id='word_1_902' title='bbox 2740 4538 2753 4551; x_wconf 85' lang='grc'><em>’</em></span> <span class='ocrx_word' id='word_1_903' title='bbox 2791 4517 2899 4585; x_wconf 81' lang='grc' dir='ltr'>Εἷς</span> <span class='ocrx_word' id='word_1_904' title='bbox 2936 4520 3046 4588; x_wconf 86' lang='grc' dir='ltr'>γὰρ</span> <span class='ocrx_word' id='word_1_905' title='bbox 3089 4520 3255 4588; x_wconf 84' lang='grc' dir='ltr'>Θεὸς,</span> <span class='ocrx_word' id='word_1_906' title='bbox 3289 4516 3377 4587; x_wconf 79' lang='grc' dir='ltr'>εἷς</span> <span class='ocrx_word' id='word_1_907' title='bbox 3412 4522 3510 4575; x_wconf 83' lang='grc' dir='ltr'>καί</span> <span class='ocrx_word' id='word_1_908' title='bbox 3530 4523 3788 4593; x_wconf 85' lang='grc' dir='ltr'>μεσίτης</span> 
     </span>
    </p>
   </div>
   <div class='ocr_carea' id='block_1_116' title="bbox 2215 4600 3786 4676">
    <p class='ocr_par' dir='ltr' id='par_1_116' title="bbox 2215 4600 3786 4676">
     <span class='ocr_line' id='line_1_116' title="bbox 2215 4600 3786 4676; baseline -0.001 -15"><span class='ocrx_word' id='word_1_909' title='bbox 2215 4606 2363 4661; x_wconf 87' lang='grc' dir='ltr'>Θεοῦ</span> <span class='ocrx_word' id='word_1_910' title='bbox 2391 4605 2489 4658; x_wconf 86' lang='grc' dir='ltr'>καί</span> <span class='ocrx_word' id='word_1_911' title='bbox 2521 4603 2864 4673; x_wconf 86' lang='grc' dir='ltr'>ἀνθρώπων.</span> <span class='ocrx_word' id='word_1_912' title='bbox 2897 4600 3086 4666; x_wconf 80' lang='grc' dir='ltr'>Εἰπεν,</span> <span class='ocrx_word' id='word_1_913' title='bbox 3131 4606 3236 4670; x_wconf 86' lang='grc' dir='ltr'>Εἰς</span> <span class='ocrx_word' id='word_1_914' title='bbox 3270 4605 3598 4676; x_wconf 83' lang='grc' dir='ltr'>ἐπίγνωσιν</span> <span class='ocrx_word' id='word_1_915' title='bbox 3635 4607 3786 4673; x_wconf 55' lang='lat' dir='ltr'>cum</span> 
     </span>
    </p>
   </div>
   <div class='ocr_carea' id='block_1_117' title="bbox 2212 4687 3787 4761">
    <p class='ocr_par' dir='ltr' id='par_1_117' title="bbox 2212 4687 3787 4761">
     <span class='ocr_line' id='line_1_117' title="bbox 2212 4687 3787 4761; baseline -0.002 -17"><span class='ocrx_word' id='word_1_916' title='bbox 2212 4693 2373 4755; x_wconf 84' lang='grc' dir='ltr'>θείας</span> <span class='ocrx_word' id='word_1_917' title='bbox 2401 4690 2620 4752; x_wconf 81' lang='grc' dir='ltr'>ἐλθεῖν,</span> <span class='ocrx_word' id='word_1_918' title='bbox 2659 4688 2874 4749; x_wconf 75' lang='grc' dir='ltr'>δεικνὺς</span> <span class='ocrx_word' id='word_1_919' title='bbox 2908 4688 2991 4740; x_wconf 84' lang='grc' dir='ltr'>ὅτι</span> <span class='ocrx_word' id='word_1_920' title='bbox 3029 4687 3129 4741; x_wconf 81' lang='grc' dir='ltr'>οὐκ</span> <span class='ocrx_word' id='word_1_921' title='bbox 3168 4688 3314 4743; x_wconf 78' lang='grc' dir='ltr'>ἔστιν</span> <span class='ocrx_word' id='word_1_922' title='bbox 3342 4691 3375 4760; x_wconf 88' lang='grc' dir='ltr'>ή</span> <span class='ocrx_word' id='word_1_923' title='bbox 3407 4690 3701 4761; x_wconf 89' lang='grc' dir='ltr'>οἰκουμένη</span> <span class='ocrx_word' id='word_1_924' title='bbox 3728 4692 3787 4742; x_wconf 85' lang='grc' dir='ltr'>ἐν</span> 
     </span>
    </p>
   </div>
   <div class='ocr_carea' id='block_1_118' title="bbox 2210 4767 3784 4843">
    <p class='ocr_par' dir='ltr' id='par_1_118' title="bbox 2210 4767 3784 4843">
     <span class='ocr_line' id='line_1_118' title="bbox 2210 4767 3784 4843; baseline 0 -16"><span class='ocrx_word' id='word_1_925' title='bbox 2210 4772 2461 4843; x_wconf 78' lang='grc' dir='ltr'>ἀληθείᾳ.</span> <span class='ocrx_word' id='word_1_926' title='bbox 2503 4768 2638 4825; x_wconf 76' lang='grc' dir='ltr'>Εἶπε</span> <span class='ocrx_word' id='word_1_927' title='bbox 2660 4771 2844 4825; x_wconf 83' lang='grc' dir='ltr'>πάλιν⁶</span> <span class='ocrx_word' id='word_1_928' title='bbox 2881 4767 2986 4838; x_wconf 76' lang='grc' dir='ltr'>Εἷς</span> <span class='ocrx_word' id='word_1_929' title='bbox 3011 4772 3120 4842; x_wconf 82' lang='grc' dir='ltr'>γὰρ</span> <span class='ocrx_word' id='word_1_930' title='bbox 3152 4775 3315 4839; x_wconf 85' lang='grc' dir='ltr'>Θεὸς,</span> <span class='ocrx_word' id='word_1_931' title='bbox 3339 4774 3551 4836; x_wconf 70' lang='grc' dir='ltr'>δεικνὺς</span> <span class='ocrx_word' id='word_1_932' title='bbox 3589 4776 3671 4828; x_wconf 83' lang='grc' dir='ltr'>ὅτι</span> <span class='ocrx_word' id='word_1_933' title='bbox 3723 4776 3784 4827; x_wconf 81' lang='grc' dir='ltr'>ού</span> 
     </span>
    </p>
   </div>
   <div class='ocr_carea' id='block_1_119' title="bbox 2211 4854 3784 4929">
    <p class='ocr_par' dir='ltr' id='par_1_119' title="bbox 2211 4854 3784 4929">
     <span class='ocr_line' id='line_1_119' title="bbox 2211 4854 3784 4929; baseline 0.003 -21"><span class='ocrx_word' id='word_1_934' title='bbox 2211 4856 2414 4921; x_wconf 76' lang='grc' dir='ltr'>πολλοὶ,</span> <span class='ocrx_word' id='word_1_935' title='bbox 2437 4855 2620 4919; x_wconf 85' lang='grc' dir='ltr'>καθώς</span> <span class='ocrx_word' id='word_1_936' title='bbox 2658 4872 2803 4918; x_wconf 91' lang='grc' dir='ltr'>τινες</span> <span class='ocrx_word' id='word_1_937' title='bbox 2824 4855 3157 4925; x_wconf 76' lang='grc' dir='ltr'>νομίζουσιν.</span> <span class='ocrx_word' id='word_1_938' title='bbox 3192 4854 3379 4921; x_wconf 83' lang='grc' dir='ltr'>Εἶπεν,</span> <span class='ocrx_word' id='word_1_939' title='bbox 3407 4859 3487 4911; x_wconf 75' lang='grc' dir='ltr'>ὃτι</span> <span class='ocrx_word' id='word_1_940' title='bbox 3517 4860 3610 4913; x_wconf 77' lang='grc' dir='ltr'>καὶ</span> <span class='ocrx_word' id='word_1_941' title='bbox 3628 4860 3784 4929; x_wconf 84' lang='grc' dir='ltr'>μεσί-</span> 
     </span>
    </p>
   </div>
   <div class='ocr_carea' id='block_1_120' title="bbox 2208 4938 3784 5013">
    <p class='ocr_par' dir='ltr' id='par_1_120' title="bbox 2208 4938 3784 5013">
     <span class='ocr_line' id='line_1_120' title="bbox 2208 4938 3784 5013; baseline 0.003 -20"><span class='ocrx_word' id='word_1_942' title='bbox 2208 4958 2309 5013; x_wconf 88' lang='grc' dir='ltr'>την</span> <span class='ocrx_word' id='word_1_943' title='bbox 2339 4941 2433 4995; x_wconf 75' lang='grc' dir='ltr'>καὶ</span> <span class='ocrx_word' id='word_1_944' title='bbox 2462 4942 2591 4994; x_wconf 84' lang='grc' dir='ltr'>Υίὸν</span> <span class='ocrx_word' id='word_1_945' title='bbox 2632 4938 2781 5012; x_wconf 76' lang='grc'>[586]</span> <span class='ocrx_word' id='word_1_946' title='bbox 2815 4941 3094 5010; x_wconf 82' lang='grc' dir='ltr'>πέπομφε,</span> <span class='ocrx_word' id='word_1_947' title='bbox 3148 4941 3363 5006; x_wconf 86' lang='grc' dir='ltr'>δεικνὺς</span> <span class='ocrx_word' id='word_1_948' title='bbox 3403 4943 3486 4995; x_wconf 85' lang='grc' dir='ltr'>ὅτι</span> <span class='ocrx_word' id='word_1_949' title='bbox 3546 4945 3784 5013; x_wconf 85' lang='grc' dir='ltr'>σωθῆναι</span> 
     </span>
    </p>
   </div>
   <div class='ocr_carea' id='block_1_121' title="bbox 2210 5022 3778 5097">
    <p class='ocr_par' dir='ltr' id='par_1_121' title="bbox 2210 5022 3778 5097">
     <span class='ocr_line' id='line_1_121' title="bbox 2210 5022 3778 5097; baseline 0.004 -20"><span class='ocrx_word' id='word_1_950' title='bbox 2210 5025 2352 5078; x_wconf 85' lang='grc' dir='ltr'>θέλει</span> <span class='ocrx_word' id='word_1_951' title='bbox 2382 5027 2611 5087; x_wconf 89' lang='grc' dir='ltr'>πάντας.</span> <span class='ocrx_word' id='word_1_952' title='bbox 2654 5024 2719 5077; x_wconf 81' lang='grc' dir='ltr'>Τί</span> <span class='ocrx_word' id='word_1_953' title='bbox 2743 5022 2869 5090; x_wconf 81' lang='grc' dir='ltr'>οὖν;</span> <span class='ocrx_word' id='word_1_954' title='bbox 2893 5027 2922 5077; x_wconf 98' lang='lat'>6</span> <span class='ocrx_word' id='word_1_955' title='bbox 2954 5025 3078 5088; x_wconf 80' lang='grc' dir='ltr'>Υἱὸς</span> <span class='ocrx_word' id='word_1_956' title='bbox 3106 5024 3167 5078; x_wconf 87' lang='grc' dir='ltr'>ού</span> <span class='ocrx_word' id='word_1_957' title='bbox 3197 5026 3360 5093; x_wconf 87' lang='grc' dir='ltr'>Θεός;</span> <span class='ocrx_word' id='word_1_958' title='bbox 3400 5028 3512 5080; x_wconf 78' lang='grc' dir='ltr'>Καὶ</span> <span class='ocrx_word' id='word_1_959' title='bbox 3547 5028 3778 5097; x_wconf 81' lang='grc' dir='ltr'>σφόδρα.</span> 
     </span>
    </p>
   </div>
   <div class='ocr_carea' id='block_1_122' title="bbox 2210 5102 3783 5181">
    <p class='ocr_par' dir='ltr' id='par_1_122' title="bbox 2210 5102 3783 5181">
     <span class='ocr_line' id='line_1_122' title="bbox 2210 5102 3783 5181; baseline 0.001 -20"><span class='ocrx_word' id='word_1_960' title='bbox 2210 5108 2334 5171; x_wconf 88' lang='grc' dir='ltr'>Πῶς</span> <span class='ocrx_word' id='word_1_961' title='bbox 2353 5105 2446 5160; x_wconf 82' lang='grc' dir='ltr'>οὖν</span> <span class='ocrx_word' id='word_1_962' title='bbox 2476 5125 2660 5177; x_wconf 86' lang='grc' dir='ltr'>φησιν,</span> <span class='ocrx_word' id='word_1_963' title='bbox 2690 5102 2834 5174; x_wconf 86' lang='grc' dir='ltr'>Εἶς;</span> <span class='ocrx_word' id='word_1_964' title='bbox 2880 5106 3023 5180; x_wconf 85' lang='grc' dir='ltr'>Πρὸς</span> <span class='ocrx_word' id='word_1_965' title='bbox 3048 5109 3455 5181; x_wconf 84' lang='grc' dir='ltr'>ἀντιδιαστολὴν</span> <span class='ocrx_word' id='word_1_966' title='bbox 3482 5110 3590 5163; x_wconf 86' lang='grc' dir='ltr'>τῶν</span> <span class='ocrx_word' id='word_1_967' title='bbox 3629 5109 3783 5163; x_wconf 83' lang='grc' dir='ltr'>εἰδώ-</span> 
     </span>
    </p>
   </div>
   <div class='ocr_carea' id='block_1_123' title="bbox 2207 5190 3784 5265">
    <p class='ocr_par' dir='ltr' id='par_1_123' title="bbox 2207 5190 3784 5265">
     <span class='ocr_line' id='line_1_123' title="bbox 2207 5190 3784 5265; baseline 0.002 -22"><span class='ocrx_word' id='word_1_968' title='bbox 2207 5191 2333 5257; x_wconf 87' lang='grc' dir='ltr'>λων,</span> <span class='ocrx_word' id='word_1_969' title='bbox 2382 5191 2442 5243; x_wconf 86' lang='grc' dir='ltr'>οὐ</span> <span class='ocrx_word' id='word_1_970' title='bbox 2496 5190 2632 5260; x_wconf 68' lang='grc' dir='ltr'>πρὸς</span> <span class='ocrx_word' id='word_1_971' title='bbox 2670 5190 2763 5243; x_wconf 87' lang='grc' dir='ltr'>τὸν</span> <span class='ocrx_word' id='word_1_972' title='bbox 2806 5191 2963 5244; x_wconf 86' lang='grc' dir='ltr'>Υίόν·</span> <span class='ocrx_word' id='word_1_973' title='bbox 3023 5194 3152 5265; x_wconf 80' lang='grc' dir='ltr'>περὶ</span> <span class='ocrx_word' id='word_1_974' title='bbox 3209 5194 3318 5263; x_wconf 88' lang='grc' dir='ltr'>γὰρ</span> <span class='ocrx_word' id='word_1_975' title='bbox 3378 5194 3641 5264; x_wconf 88' lang='grc' dir='ltr'>ἀληθείας</span> <span class='ocrx_word' id='word_1_976' title='bbox 3688 5196 3784 5247; x_wconf 77' lang='grc' dir='ltr'>καὶ</span> 
     </span>
    </p>
   </div>
   <div class='ocr_carea' id='block_1_124' title="bbox 2207 5272 3780 5349">
    <p class='ocr_par' dir='ltr' id='par_1_124' title="bbox 2207 5272 3780 5349">
     <span class='ocr_line' id='line_1_124' title="bbox 2207 5272 3780 5349; baseline 0.002 -20"><span class='ocrx_word' id='word_1_977' title='bbox 2207 5276 2417 5347; x_wconf 87' lang='grc' dir='ltr'>πλάνης</span> <span class='ocrx_word' id='word_1_978' title='bbox 2462 5272 2530 5346; x_wconf 79' lang='grc' dir='ltr'>ἦν</span> <span class='ocrx_word' id='word_1_979' title='bbox 2577 5274 2727 5345; x_wconf 85' lang='grc' dir='ltr'>αὑτῷ</span> <span class='ocrx_word' id='word_1_980' title='bbox 2782 5277 2810 5328; x_wconf 89' lang='lat'>6</span> <span class='ocrx_word' id='word_1_981' title='bbox 2848 5275 3023 5344; x_wconf 85' lang='grc' dir='ltr'>λόγος.</span> <span class='ocrx_word' id='word_1_982' title='bbox 3078 5278 3137 5330; x_wconf 74' lang='grc' dir='ltr'>Ὀ</span> <span class='ocrx_word' id='word_1_983' title='bbox 3190 5278 3250 5331; x_wconf 85' lang='grc' dir='ltr'>δὲ</span> <span class='ocrx_word' id='word_1_984' title='bbox 3310 5279 3534 5349; x_wconf 89' lang='grc' dir='ltr'>μεσίτης</span> <span class='ocrx_word' id='word_1_985' title='bbox 3575 5277 3780 5345; x_wconf 75' lang='grc' dir='ltr'>ὀφείλει</span> 
     </span>
    </p>
   </div>
   <div class='ocr_carea' id='block_1_125' title="bbox 2205 5352 3779 5431">
    <p class='ocr_par' dir='ltr' id='par_1_125' title="bbox 2205 5352 3779 5431">
     <span class='ocr_line' id='line_1_125' title="bbox 2205 5352 3779 5431; baseline 0 -17"><span class='ocrx_word' id='word_1_986' title='bbox 2205 5360 2539 5431; x_wconf 87' lang='grc' dir='ltr'>ἀμφοτέροις</span> <span class='ocrx_word' id='word_1_987' title='bbox 2586 5360 2884 5420; x_wconf 87' lang='grc' dir='ltr'>κοινωνεῖν,</span> <span class='ocrx_word' id='word_1_988' title='bbox 2946 5352 3021 5412; x_wconf 84' lang='grc' dir='ltr'>ὧν</span> <span class='ocrx_word' id='word_1_989' title='bbox 3063 5361 3178 5412; x_wconf 90' lang='grc' dir='ltr'>ἐστι</span> <span class='ocrx_word' id='word_1_990' title='bbox 3246 5360 3507 5430; x_wconf 68' lang='grc' dir='ltr'>μεσίτης*</span> <span class='ocrx_word' id='word_1_991' title='bbox 3558 5361 3779 5431; x_wconf 85' lang='grc' dir='ltr'>μεσίτου</span> 
     </span>
    </p>
   </div>
   <div class='ocr_carea' id='block_1_126' title="bbox 2204 5439 3779 5517">
    <p class='ocr_par' dir='ltr' id='par_1_126' title="bbox 2204 5439 3779 5517">
     <span class='ocr_line' id='line_1_126' title="bbox 2204 5439 3779 5517; baseline -0.001 -18"><span class='ocrx_word' id='word_1_992' title='bbox 2204 5448 2313 5517; x_wconf 84' lang='grc' dir='ltr'>γὰρ</span> <span class='ocrx_word' id='word_1_993' title='bbox 2370 5443 2530 5498; x_wconf 79' lang='grc' dir='ltr'>τοῦτό</span> <span class='ocrx_word' id='word_1_994' title='bbox 2581 5445 2720 5503; x_wconf 87' lang='grc' dir='ltr'>ἐστι,</span> <span class='ocrx_word' id='word_1_995' title='bbox 2774 5442 2834 5496; x_wconf 85' lang='grc' dir='ltr'>τὸ</span> <span class='ocrx_word' id='word_1_996' title='bbox 2874 5443 3149 5514; x_wconf 79' lang='grc' dir='ltr'>ἑκατέρων</span> <span class='ocrx_word' id='word_1_997' title='bbox 3205 5445 3484 5515; x_wconf 78' lang='grc' dir='ltr'>ἐχόμενον,</span> <span class='ocrx_word' id='word_1_998' title='bbox 3532 5439 3609 5499; x_wconf 84' lang='grc' dir='ltr'>ὧν</span> <span class='ocrx_word' id='word_1_999' title='bbox 3660 5446 3779 5498; x_wconf 81' lang='grc' dir='ltr'>ἐστι</span> 
     </span>
    </p>
   </div>
   <div class='ocr_carea' id='block_1_127' title="bbox 2208 5527 3775 5600">
    <p class='ocr_par' dir='ltr' id='par_1_127' title="bbox 2208 5527 3775 5600">
     <span class='ocr_line' id='line_1_127' title="bbox 2208 5527 3775 5600; baseline 0 -19"><span class='ocrx_word' id='word_1_1000' title='bbox 2208 5529 2453 5600; x_wconf 87' lang='grc' dir='ltr'>μεσίτης,</span> <span class='ocrx_word' id='word_1_1001' title='bbox 2504 5528 2810 5581; x_wconf 58' lang='grc' dir='ltr'>κοινωνεῖν</span> <span class='ocrx_word' id='word_1_1002' title='bbox 2866 5527 3039 5580; x_wconf 80' lang='grc' dir='ltr'>ἐὰνδὲ</span> <span class='ocrx_word' id='word_1_1003' title='bbox 3093 5527 3188 5581; x_wconf 83' lang='grc' dir='ltr'>τοῦ</span> <span class='ocrx_word' id='word_1_1004' title='bbox 3239 5529 3337 5599; x_wconf 82' lang='grc' dir='ltr'>μὲν</span> <span class='ocrx_word' id='word_1_1005' title='bbox 3384 5528 3500 5592; x_wconf 83' lang='grc' dir='ltr'>ἐνὸς</span> <span class='ocrx_word' id='word_1_1006' title='bbox 3561 5529 3775 5599; x_wconf 79' lang='grc' dir='ltr'>ἔχηται,</span> 
     </span>
    </p>
   </div>
   <div class='ocr_carea' id='block_1_128' title="bbox 2202 5609 3778 5686">
    <p class='ocr_par' dir='ltr' id='par_1_128' title="bbox 2202 5609 3778 5686">
     <span class='ocr_line' id='line_1_128' title="bbox 2202 5609 3778 5686; baseline 0 -20"><span class='ocrx_word' id='word_1_1007' title='bbox 2202 5613 2295 5666; x_wconf 76' lang='grc' dir='ltr'>τοῦ</span> <span class='ocrx_word' id='word_1_1008' title='bbox 2333 5612 2391 5666; x_wconf 79' lang='grc' dir='ltr'>δὲ</span> <span class='ocrx_word' id='word_1_1009' title='bbox 2452 5612 2571 5675; x_wconf 83' lang='grc' dir='ltr'>ἐνὸς</span> <span class='ocrx_word' id='word_1_1010' title='bbox 2617 5613 3097 5684; x_wconf 85' lang='grc' dir='ltr'>ἀπεσχοινισμένος</span> <span class='ocrx_word' id='word_1_1011' title='bbox 3167 5609 3255 5685; x_wconf 83' lang='grc' dir='ltr'>ᾖ,</span> <span class='ocrx_word' id='word_1_1012' title='bbox 3309 5613 3494 5667; x_wconf 81' lang='grc' dir='ltr'>οὐκέτι</span> <span class='ocrx_word' id='word_1_1013' title='bbox 3551 5615 3778 5686; x_wconf 88' lang='grc' dir='ltr'>μεσίτης</span> 
     </span>
    </p>
   </div>
   <div class='ocr_carea' id='block_1_129' title="bbox 2208 5696 3776 5768">
    <p class='ocr_par' dir='ltr' id='par_1_129' title="bbox 2208 5696 3776 5768">
     <span class='ocr_line' id='line_1_129' title="bbox 2208 5696 3776 5768; baseline 0 -19"><span class='ocrx_word' id='word_1_1014' title='bbox 2208 5697 2374 5749; x_wconf 82' lang='grc' dir='ltr'>ἐστίν.</span> <span class='ocrx_word' id='word_1_1015' title='bbox 2404 5696 2467 5748; x_wconf 88' lang='grc' dir='ltr'>Εἰ</span> <span class='ocrx_word' id='word_1_1016' title='bbox 2498 5696 2675 5748; x_wconf 88' lang='grc' dir='ltr'>τοίνυν</span> <span class='ocrx_word' id='word_1_1017' title='bbox 2717 5697 2791 5766; x_wconf 83' lang='grc' dir='ltr'>μὴ</span> <span class='ocrx_word' id='word_1_1018' title='bbox 2829 5696 3009 5766; x_wconf 84' lang='grc' dir='ltr'>ἔχεται</span> <span class='ocrx_word' id='word_1_1019' title='bbox 3040 5697 3140 5764; x_wconf 82' lang='grc' dir='ltr'>τῆς</span> <span class='ocrx_word' id='word_1_1020' title='bbox 3166 5696 3260 5749; x_wconf 81' lang='grc' dir='ltr'>τοῦ</span> <span class='ocrx_word' id='word_1_1021' title='bbox 3293 5696 3506 5768; x_wconf 83' lang='grc' dir='ltr'>Πατρὺς</span> <span class='ocrx_word' id='word_1_1022' title='bbox 3537 5697 3776 5765; x_wconf 84' lang='grc' dir='ltr'>φύσεως,</span> 
     </span>
    </p>
   </div>
   <div class='ocr_carea' id='block_1_130' title="bbox 2202 5779 3778 5853">
    <p class='ocr_par' dir='ltr' id='par_1_130' title="bbox 2202 5779 3778 5853">
     <span class='ocr_line' id='line_1_130' title="bbox 2202 5779 3778 5853; baseline 0 -20"><span class='ocrx_word' id='word_1_1023' title='bbox 2202 5782 2304 5833; x_wconf 84' lang='grc' dir='ltr'>ούκ</span> <span class='ocrx_word' id='word_1_1024' title='bbox 2342 5779 2456 5831; x_wconf 75' lang='grc' dir='ltr'>ἔστι</span> <span class='ocrx_word' id='word_1_1025' title='bbox 2495 5780 2741 5849; x_wconf 88' lang='grc' dir='ltr'>μεσίτης,</span> <span class='ocrx_word' id='word_1_1026' title='bbox 2797 5779 2912 5832; x_wconf 89' lang='grc' dir='ltr'>ἀλλ’</span> <span class='ocrx_word' id='word_1_1027' title='bbox 2961 5781 3390 5849; x_wconf 84' lang='grc' dir='ltr'>ἁπεσχοίνισται.</span> <span class='ocrx_word' id='word_1_1028' title='bbox 3424 5782 3636 5853; x_wconf 83' lang='grc' dir='ltr'>’Ὠσπερ</span> <span class='ocrx_word' id='word_1_1029' title='bbox 3667 5782 3778 5852; x_wconf 74' lang='grc' dir='ltr'>γὰρ</span> 
     </span>
    </p>
   </div>
   <div class='ocr_carea' id='block_1_131' title="bbox 2204 5864 3777 5940">
    <p class='ocr_par' dir='ltr' id='par_1_131' title="bbox 2204 5864 3777 5940">
     <span class='ocr_line' id='line_1_131' title="bbox 2204 5864 3777 5940; baseline 0.002 -22"><span class='ocrx_word' id='word_1_1030' title='bbox 2204 5866 2301 5936; x_wconf 79' lang='grc' dir='ltr'>τῆς</span> <span class='ocrx_word' id='word_1_1031' title='bbox 2334 5864 2443 5918; x_wconf 88' lang='grc' dir='ltr'>τῶν</span> <span class='ocrx_word' id='word_1_1032' title='bbox 2473 5864 2776 5936; x_wconf 85' lang='grc' dir='ltr'>ἀνθρώπων</span> <span class='ocrx_word' id='word_1_1033' title='bbox 2806 5864 2988 5937; x_wconf 78' lang='grc' dir='ltr'>ἔχεται</span> <span class='ocrx_word' id='word_1_1034' title='bbox 3023 5864 3257 5934; x_wconf 80' lang='grc' dir='ltr'>φύσεως,</span> <span class='ocrx_word' id='word_1_1035' title='bbox 3294 5867 3480 5940; x_wconf 80' lang='grc' dir='ltr'>ἐπειδὴ</span> <span class='ocrx_word' id='word_1_1036' title='bbox 3523 5866 3659 5939; x_wconf 65' lang='grc' dir='ltr'>προς</span> <span class='ocrx_word' id='word_1_1037' title='bbox 3683 5868 3777 5922; x_wconf 89' lang='grc' dir='ltr'>ἀν-</span> 
     </span>
    </p>
   </div>
  </div>
