4090 6396
416 360 510 422 551

411 483 658 552 θρώπους
711 480 925 550 ἤρχετο,
973 477 1113 532 οὕτω
1165 481 1258 532 καὶ
1301 480 1398 550 τῆς
1439 479 1532 533 τοῦ
1585 481 1744 544 Θεοῦ,
1776 482 1963 550 ἐπειδὴ

409 568 561 636 παρά
598 564 730 617 Θεοῦ
772 566 991 634 ἧρχετο.
1040 563 1256 633 Ἐπειδὴ
1284 565 1392 634 γὰρ
1419 564 1514 617 δύο
1550 564 1767 634 φύσεων
1801 565 1966 632 μέσος

345 660 348 662 ’
406 651 652 718 γέγονεν,
677 649 843 715 ἐγγὺς
873 647 981 699 τῶν
1008 645 1100 698 δύο
1125 647 1338 714 φύσεων
1359 647 1522 700 αὐτὸν
1546 643 1684 700 εἶναι
1715 647 1814 702 δεῖ.
1839 649 1965 699 ’Ὠσ-

405 749 511 804 περ
532 733 640 802 γὰρ
672 731 731 784 16
758 731 922 782 τόπου
955 729 1097 792 τινῆς
1128 731 1288 799 μέσον
1304 731 1576 800 ἑκατέρων
1597 731 1715 782 ἐστὶ
1745 730 1853 782 τῶν
1879 729 1968 782 τό-

407 833 525 868 πων
557 813 897 882 ἐγγὺς,οῦτω
916 815 1009 865 καὶ
1030 813 1092 864 16
1118 813 1227 864 τῶν
1251 812 1468 880 φύσεων
1501 813 1667 882 μέσον
1692 813 1969 883 ἑκατέρων

405 899 609 966 ὀφείλει
641 893 780 950 εἶναι
807 896 914 949 τῶν
933 894 1151 965 φύσεων
1183 895 1370 964 ἐγγύς.
1404 896 1616 968 ’Ὠσπερ
1634 893 1729 952 οὖν
1761 899 1971 968 ἀνθρω-

407 998 510 1044 πος
533 980 777 1050 γέγονεν,
807 976 948 1033 οὕτω
986 978 1078 1031 καὶ
1132 979 1263 1040 Θεὸς
1288 973 1378 1050 ἦν.
1418 980 1738 1051 Ἀνθρωπος
1770 981 1871 1033 οὐκ
1903 981 1969 1033 ἂν

407 1065 625 1132 ἐγένετο
659 1063 916 1134 μεσίτης·
935 1061 1042 1115 ἔδει
1075 1061 1184 1132 γὰρ
1215 1061 1311 1115 καῖ⁸
1327 1062 1403 1133 τῷ
1441 1063 1560 1133 Θεῷ
1587 1063 1965 1131 διαλέγεσθαι*

407 1148 540 1211 Θεὸς
576 1147 676 1201 οὐκ
709 1147 774 1201 ἂν
803 1145 1018 1213 ἐγένετο
1047 1145 1272 1216 μεσίτης
1295 1161 1310 1176 ⁶
1357 1147 1418 1200 οὐ
1451 1147 1559 1217 γάρ
1601 1145 1667 1200 ἂν
1721 1147 1972 1212 ἐδέξαντο

407 1234 568 1287 αὐτὸν
596 1227 678 1295 οἷς
708 1230 1078 1301 ἐμεσίτευσεν.
1097 1230 1309 1299 Ὠσπερ
1333 1230 1449 1283 ἐκεῖ
1471 1247 1653 1301 φησιν,
1681 1225 1784 1295 Εἷς
1827 1229 1972 1295 Θεὸς

408 1321 444 1371 ὁ
465 1315 688 1384 Πατὴρ,
706 1314 804 1368 καί
821 1310 909 1380 εἷς
925 1315 1138 1382 Κύριος
1161 1314 1403 1383 Ἰησοῦς
1420 1315 1694 1382 Χριστὸς,
1712 1315 1854 1368 οὕτω
1878 1316 1972 1368 καὶ

407 1399 660 1464 ἐνταῦθα,
684 1393 787 1462 Εἷς
809 1399 902 1451 καὶ
916 1396 1025 1463 εἷς.
1045 1397 1122 1449 Οὐ
1147 1397 1327 1466 τίθησι
1346 1397 1439 1451 δύο
1456 1415 1468 1426 ⁸
1499 1397 1684 1468 ἐπειδὴ
1713 1399 1823 1467 γάρ
1843 1401 1970 1469 περὶ

408 1481 697 1545 πολυθετας
726 1480 1016 1548 διελέγετο,
1050 1480 1138 1534 ἵνα
1169 1481 1241 1550 μή
1270 1497 1355 1543 τις
1375 1479 1598 1550 ἁρπάσῃ
1627 1480 1736 1534 τῶν
1759 1479 1852 1533 δύο
1879 1481 1970 1532 τὸν

407 1563 639 1636 ἀριθμὸν
685 1564 766 1627 είς
799 1561 1108 1622 πολυθεῗαν,
1139 1557 1244 1627 Εἷς
1269 1562 1364 1614 καὶ
1389 1557 1478 1627 εἷς
1509 1563 1770 1617 τέθεικεν.
1805 1562 1971 1634 Ὁρᾷς

407 1649 524 1711 πῶς
553 1650 587 1717 ἡ
614 1645 805 1717 Γραφὴ
839 1645 977 1715 μετά
1017 1643 1218 1714 πολλῆς
1267 1647 1365 1714 τῆς
1399 1645 1684 1718 ἀκριϐείας
1708 1645 1970 1716 κέχρηται

406 1730 483 1800 τῷ
521 1728 707 1800 λόγως
733 1729 805 1781 Τὸ
827 1728 958 1798 γάρ,
979 1722 1062 1790 εἷς
1097 1727 1192 1781 καὶ
1233 1722 1334 1790 εἷς,
1381 1728 1504 1781 δύο·
1541 1728 1656 1782 ἀλλ’
1682 1729 1782 1783 οῦκ
1811 1729 1969 1799 ἐροῦ-

410 1829 511 1882 μεν
537 1811 713 1874 τοῦτο,
741 1811 918 1864 καίτοι
956 1809 1051 1861 τοῦ
1099 1808 1362 1880 λογισμοῦ
1399 1811 1810 1876 ύποϐάλλοντος.
1850 1813 1969 1865 Ἐν-

408 1894 581 1948 ταῦθα
611 1894 672 1947 οὐ
707 1894 907 1961 λέγεις.
949 1886 1042 1956 Εἷς
1075 1893 1168 1945 καὶ
1202 1887 1302 1957 εἷς,
1354 1892 1474 1946 δύο·
1527 1895 1663 1964 ὅπερ
1705 1895 1762 1948 δέ
1790 1895 1911 1948 οὐδὲ
1943 1897 1973 1947 6

406 1978 666 2048 λογισμὸς
694 1976 1008 2040 ὑποϐάλλει,
1037 1975 1193 2028 τοῦτο
1214 1976 1410 2044 λέγεις,
1435 1978 1483 2028 εί
1501 1977 1807 2048 ἐγέννησεν,
1837 1977 1971 2030 ἔπα-

410 2064 520 2118 θεν.
549 2057 792 2131 bile-709
821 2063 854 2113 ὁ
884 2059 1047 2125 Θεὸς,
1071 2061 1255 2128 φησὶν,
1288 2055 1376 2126 εἷς
1405 2061 1502 2113 καὶ
1535 2064 1789 2130 μεσίτης
1826 2062 1974 2135 Θεοῦ

409 2147 508 2200 καὶ
525 2142 854 2214 ἀνθρώπων
880 2143 1119 2209 Ἰησοῦς
1134 2145 1406 2211 Χριστὸς,
1433 2148 1466 2198 ὁ
1479 2145 1622 2211 δοὺς
1637 2144 1854 2200 ἑαυτὸν
1871 2147 1974 2200 ἀν-

408 2230 691 2297 τίλυτρον
736 2225 888 2294 ὑπὲρ
946 2227 1210 2287 πάντων,
1265 2227 1332 2279 τὸ
1370 2228 1698 2296 μαρτύριον
1748 2227 1974 2296 καιροῖς

411 2313 603 2378 ίδίοις.
657 2311 723 2365 Τί
751 2307 883 2375 οὗν;
915 2311 1011 2363 καὶ
1041 2309 1330 2380 Ἑλλήνων,
1359 2312 1478 2366 εἰπέ
1507 2330 1627 2382 μοις
1654 2312 1783 2367 Ναί.
1815 2313 1926 2366 Καὶ
1947 2314 1976 2364 ὁ

411 2397 512 2468 μὲν
541 2396 776 2467 Χριστὸς
834 2396 929 2448 καὶ
983 2393 1252 2448 ἀπέθανεν
1298 2395 1439 2465 ὑπὲρ
1478 2395 1768 2466 Ἑλλήνων,
1810 2397 1874 2450 σὺ
1919 2397 1975 2450 δὲ

408 2479 665 2546 εὔξασθαι
694 2479 795 2531 οὐκ
824 2478 1024 2548 άνέχῃς
1073 2477 1194 2540 Πῶς
1229 2472 1340 2540 οῦν,
1379 2480 1564 2548 φησὶν,
1595 2481 1692 2533 οὐκ
1721 2481 1976 2534 ἐπίστευ-

410 2579 538 2626 σαν;
574 2563 696 2615 ’Ὀτι
727 2562 828 2614 οὐκ
850 2559 1124 2630 ἠθέλησαν
1143 2577 1157 2590 ·
1181 2561 1242 2613 16
1261 2561 1317 2613 δὲ
1342 2561 1505 2614 αὐτοῦ
1539 2563 1706 2633 μέρος
1731 2563 1970 2630 ἐγένετο·

410 2644 710 2717 μαρτύριον
737 2642 798 2696 16
820 2643 1010 2708 πάθος,
1035 2643 1219 2714 φησίν.
1251 2640 1423 2696 τΗλθε
1445 2643 1554 2712 γάρ
1585 2647 1971 2716 μαρτυρήσων,

410 2728 565 2800 φησὶ,
600 2730 666 2798 τῇ
718 2725 947 2795 ἀληθείᾳ
983 2725 1077 2777 τοῦ
1137 2725 1370 2795 Πατρὺς,
1410 2728 1504 2779 καὶ
1537 2727 1773 2796 ἐσφάγη.
1811 2729 1973 2781 Ὥστε

405 2816 506 2884 οὐχ
542 2815 571 2866 6
603 2811 793 2881 Πατὴρ
823 2811 972 2880 αὐτῷ
1001 2814 1272 2880 μαρτυρεῖ
1301 2811 1481 2878 μόνον,
1508 2810 1645 2865 ἀλλὰ
1681 2813 1774 2864 καὶ
1811 2813 1975 2875 αὐτὸς

405 2895 486 2966 τῷ
518 2893 716 2964 Πατρί.
773 2893 921 2963 Ἐγὼ
964 2892 1073 2962 γάρ
1114 2889 1309 2962 ἦλθον
1345 2893 1416 2946 ἐν
1458 2893 1540 2958 τῷ
1585 2895 1830 2962 ὀνόματι
1865 2896 1973 2950 τοῦ

407 2979 638 3047 Πατρός
677 2994 818 3046 μου,
883 2976 1040 3046 φησί’
1084 2977 1179 3028 καὶ
1225 2974 1406 3035 πάλιν,
1454 2976 1563 3028 Τὸν
1599 2977 1747 3029 Θεὸν
1778 2978 1977 3044 οὐδεὶς

407 3061 628 3129 ἑώρακε
666 3058 933 3113 πώποτε·
977 3059 1074 3110 καὶ
1113 3057 1298 3120 πάλιν,
1346 3057 1480 3112 Ἵνα
1535 3059 1873 3128 γινώσκωσί
1904 3077 1977 3114 σε

408 3143 518 3198 τὸν
550 3144 741 3212 μόνον
775 3141 1064 3208 ἀληθινόν
1099 3141 1282 3193 Θεόν·
1313 3140 1408 3192 καὶ
1448 3141 1630 3206 πάλιν,
1663 3143 1907 3212 Πνεῦμα
1945 3147 1976 3196 ὀ

413 3228 578 3294 Θεός.
631 3226 810 3296 Μέχρι
867 3225 1096 3278 θανάτου
1129 3226 1310 3277 τοίνυν
1344 3226 1716 3295 ἐμαρτύρησε.
1764 3228 1838 3280 Τὸ
1896 3228 1975 3294 δέ,

411 3309 647 3379 Καιροῖς
692 3308 883 3374 ίδιόις,
919 3308 1073 3361 τοῦτό
1111 3309 1246 3370 ἐστι,
1282 3310 1393 3371 τοῖς
1431 3309 1820 3380 προσήκουσιν.
1871 3314 1979 3378 Εἰς

412 3397 446 3449 ὃ
481 3395 691 3460 ἐτέθην
726 3392 841 3462 ἐγὼ
888 3391 1082 3460 κήρυξ
1119 3391 1219 3444 καὶ
1273 3393 1615 3458 ἀπόστολος
1657 3393 1980 3463 (ἀλήθειαν

413 3479 586 3546 λέγω,
607 3479 679 3531 οὐ
693 3475 1032 3546 ψεύδομαι),
1057 3474 1424 3540 διδάσκαλος
1441 3474 1670 3529 ἐνθνῶν
1691 3477 1760 3529 ἐν
1780 3479 1980 3535 πίστει

413 3561 517 3620 καὶ
544 3560 807 3629 ἀληθείᾳ.

483 3674 554 3744 γ’.
590 3673 810 3745 Ἐπειδὴ
843 3673 1020 3726 τοίνυν
1069 3673 1099 3725 6
1142 3672 1376 3741 Χριστὸς
1417 3672 1556 3742 ὑπὲρ
1596 3673 1766 3728 ἐθνῶν
1789 3674 1980 3743 ἔπαθε,

417 3760 511 3812 καὶ
541 3757 652 3824 ἐγὼ
681 3755 998 3817 διδάσκαλος
1043 3753 1212 3807 ἐθνῶν
1244 3755 1580 3825 ἀφωρίσθην,
1609 3757 1754 3820 τίνος
1800 3758 1985 3812 ἕνεκεν

419 3844 484 3896 σὺ
517 3843 618 3894 οὐκ
643 3839 775 3910 εῦχῃ
802 3839 941 3911 ὑπὲρ
971 3838 1184 3903 αὐτῶν;
1219 3839 1414 3900 Καλῶς
1442 3839 1676 3892 ἐνταῦθα
1696 3841 1758 3893 16
1787 3842 1981 3897 ἑαυτοῦ

419 3925 726 3990 ἀξιόπιστον
760 3923 993 3986 δεικνὺς,
1034 3921 1115 3986 τὸ,
1176 3923 1279 3986 Εἰς
1306 3921 1337 3973 ὃ
1376 3920 1590 3989 ἐτέθην
1621 3922 1734 3993 ἐγὼ
1765 3924 1980 3995 κῆρυξ,

419 4008 552 4076 φησὶ
578 4005 752 4077 [⁷587],
774 4006 1069 4068 τουτέστιν,
1116 4004 1483 4074 ’Λφωρίσθην⁹
1521 4007 1658 4060 πάνυ
1689 4009 1795 4079 γάρ
1824 4013 1983 4081 ἐνάρ-

419 4108 529 4144 κων
563 4089 700 4160 πρὸς
721 4087 878 4141 τοῦτο
908 4090 955 4140 οί
985 4086 1289 4140 ἀπόστολοι.
1324 4083 1457 4140 Εἶτα
1501 4090 1769 4159 ἐπήγαγε,
1815 4095 1983 4146 Διδά-

417 4176 649 4236 σκαλος
672 4170 861 4226 ἐθνῶν
883 4171 954 4224 ἐν
989 4169 1191 4221 πίστει
1218 4170 1315 4221 καὶ
1344 4171 1612 4236 ἀληθείᾳ.
1655 4174 1756 4226 Ἔν
1785 4177 1985 4232 πίστει

417 4255 598 4308 πάλιν·
618 4253 754 4307 ἀλλά
779 4253 852 4323 μὴ
879 4252 1126 4321 νομίσῃς,
1145 4252 1348 4323 ἐπειδὴ,
1371 4254 1470 4306 Ἑν
1485 4255 1703 4322 πίστει,
1723 4258 1983 4326 ἤκουσας,

417 4341 500 4392 ὅτι
525 4339 708 4407 ἀπάτη
737 4337 797 4388 16
841 4336 1072 4405 πρᾶγμά
1099 4337 1245 4388 ἐστι·
1280 4338 1374 4388 καὶ
1405 4337 1533 4406 γάρ,
1577 4339 1678 4392 Ἐν
1707 4342 1977 4410 ἀληθείᾳ,

418 4422 618 4490 φησίν·
645 4420 779 4472 εἰδὲ
832 4418 1078 4489 ἀλήθεια,
1124 4419 1223 4471 οὐκ
1267 4419 1378 4472 ἔστι
1410 4419 1623 4488 ψεῦδος.
1679 4424 1843 4494 Ὁρᾷς
1886 4428 1985 4496 τὴν

416 4504 577 4574 χάριν
607 4502 1131 4572 ἐκτεταμένηνςτοῖς
1171 4502 1278 4570 γάρ
1321 4502 1594 4566 Ἰουδαίοις
1626 4507 1681 4557 αἱ
1705 4508 1860 4576 εὐχαὶ
1889 4512 1986 4580 οὐχ

417 4586 559 4655 ὑπὲρ
598 4586 855 4638 τοιούτων
889 4585 1152 4652 ἐγίνοντο,
1200 4584 1294 4636 νῦν
1321 4584 1378 4636 δὲ
1408 4588 1440 4654 ἡ
1481 4587 1640 4655 χάρις
1677 4591 1982 4646 ἐκτέταται.

415 4671 516 4724 Διά
535 4669 692 4723 τοῦτο
720 4671 812 4723 καὶ
838 4670 1154 4723 διδάσκαλον
1186 4670 1354 4722 ἐθνῶν
1377 4673 1565 4725 ἐαυτὸν
1602 4673 1754 4728 εἶπεν
1773 4679 1985 4747 ἀφωρί-

419 4754 564 4816 σθαι,
591 4753 688 4823 τὴν
742 4751 1013 4821 πανταχοῦ
1048 4753 1148 4822 τῆς
1180 4753 1502 4824 οἰκουμένης
1525 4757 1780 4825 χυθεῖσαν
1817 4763 1986 4814 αίνιτ-

416 4836 643 4906 τόμενος
666 4834 843 4904 χάριν.
880 4836 940 4887 Ὀ
958 4835 1123 4900 δοὺς,
1155 4836 1341 4905 φησὶν,
1369 4837 1587 4890 ἑαυτὸν
1603 4840 1982 4910 ἀντίλυτρον.

417 4920 543 4984 Πῶς
593 4915 685 4973 οὖν
725 4919 995 4989 παρεδόθη
1033 4919 1137 4972 61:6
1170 4919 1263 4972 τοῦ
1303 4921 1552 4990 Πατρός;
1602 4924 1711 4993 ἄρα
1752 4921 1843 4978 οῦν
1886 4929 1987 4998 τῆς

419 4998 581 5057 αὐτοῦ
613 5002 948 5070 ἀγαθότητος
987 5003 1226 5070 γέγονεν.
1271 5003 1680 5073 Ἀντίλυτρον,
1707 5009 1758 5060 τί
1788 5011 1936 5062 ἐστιν
1968 5030 1984 5079 τ

424 5086 653 5156 Ἔμελλε
677 5086 1032 5155 τιμωρεῖσθαι
1090 5084 1314 5150 αὐτούς·
1346 5086 1503 5139 τοῦτο
1554 5089 1654 5142 οὐκ
1706 5092 1983 5163 ἐποίησεν.

433 5168 790 5222 Ἀπόλλυσθαι
820 5167 1078 5236 ἔμελλον·
1115 5168 1230 5221 ἀλλ’
1263 5170 1379 5222 ἀντ’
1423 5171 1647 5224 ἐκείνων
1673 5173 1764 5226 16v
1816 5177 1984 5230 αὑτοῦ

420 5252 618 5304 ἔδωκεν
641 5251 786 5316 Υἰδν,
828 5251 921 5304 καὶ
963 5252 1210 5322 κήρυκας
1236 5254 1383 5322 ἡμᾶς
1415 5253 1679 5324 ἐπεμψεν,
1715 5256 1854 5310 ὥστε
1884 5277 1986 5329 κη-

423 5337 638 5404 ρύττειν
672 5335 764 5387 τὸν
803 5335 1056 5405 σταυρόν.
1096 5337 1278 5389 Ἱκανὰ
1335 5335 1509 5389 ταῦτα
1578 5339 1987 5396 ἐπισπάσασθαι

425 5419 654 5482 πάντας,
694 5419 789 5471 καὶ
829 5418 928 5487 τὴν
957 5420 1177 5490 ἀγάπην
1223 5419 1560 5485 ἐνδείξασθαι
1605 5422 1697 5474 τοῦ
1724 5425 1985 5491 Χριστοῦ.

429 5502 631 5564 Ὄντως
659 5501 767 5571 γάρ
799 5503 1009 5571 μεγάλα
1043 5505 1136 5556 καὶ
1159 5504 1524 5574 ἀνεκδιήγητα
1565 5505 1633 5557 τὰ
1668 5510 1820 5578 παρὰ
1850 5511 1987 5563 Θεοῦ

427 5587 505 5650 εἰς
530 5587 676 5654 ἡμᾶς
711 5588 1138 5656 ἐπιδεδειγμένα.
1163 5589 1473 5642 Κατέθυσεν
1489 5591 1694 5657 ἱέαυτὸν
1715 5592 1854 5662 ὑπὲρ
1878 5595 1987 5646 τῶν

429 5667 659 5737 ἐχθρῶν,
699 5671 808 5724 τῶν
865 5671 1189 5740 μισούντων,
1223 5672 1330 5723 τῶν
1370 5673 1860 5743 ἀποστρεφομένων
1889 5679 1987 5727 αύ-

427 5751 540 5806 τὸν.
565 5755 629 5806 ’Ὀ
646 5755 762 5807 ούδέ
791 5757 928 5827 ὑπὲρ
955 5756 1142 5826 φίλων,
1171 5756 1290 5809 οὐδὲ
1315 5757 1456 5826 ὑπὲρ
1486 5759 1688 5814 παίδων
1711 5763 1986 5830 ποιήσειεν

1102 365 1162 420 S.
1200 363 1486 420 JOANNIS
1521 365 2014 421 CIIRYSOSTOMI
2058 367 2376 424 ARCHIEP.
2417 368 2956 426 CONSTANTINOP.

3522 368 3627 423 558

2071 483 2136 536 ἄν
2159 500 2260 546 τις,
2311 483 2428 536 οὐδὲ
2464 485 2603 552 ὑπὲρ
2638 483 2901 552 ἀδελφῶν,
2935 483 3212 550 Δεσπότης
3254 481 3391 551 ὺπέρ
3427 481 3628 536 δούλων

2067 567 2312 637 ἐποίησε,
2371 566 2637 634 δεσπότης
2695 567 2756 618 ού
2809 565 3082 627 τοιοῦτος,
3136 559 3248 626 οἶος
3291 567 3341 616 οῖ
3380 565 3550 618 δοῦλοι
3573 580 3624 629 ει,

2067 649 2202 701 ἀλλὰ
2237 650 2369 712 Θεὸς
2401 650 2538 718 ὑπὲρ
2563 648 2884 717 ἀνθρώπων,
2936 649 3030 700 καὶ
3056 647 3358 718 ἀνθρώπων
3387 649 3512 701 οὐδὲ
3533 651 3627 703 εῦ-

2066 733 2454 802 δοκιμούντων.
2488 733 2550 785 Εί
2601 733 2709 802 γὰρ
2754 729 3176 800 εὐδοκιμηκότες
3241 726 3404 801 ἦσαν,
3435 735 3482 784 εἰ
3517 736 3627 802 γὰρ

2068 815 2516 887 εύηρεστηκότες,
2545 815 2608 868 οὐ
2660 813 2909 867 τοσοῦτον
2941 809 3008 883 ἦν
3032 812 3344 883 θαυμαστόν
3365 830 3380 846 ο
3422 815 3515 868 νῦν
3569 819 3630 870 δέ

2066 897 2225 951 τοῦτό
2257 898 2459 951 ἐστιτὸ
2515 900 2695 952 πᾶσαν
2742 897 2980 950 διάνοιαν
3021 897 3342 966 ἐκπλῆττον,
3380 899 3440 952 16
3489 901 3630 969 ὑπὲρ

2067 980 2324 1034 τοιούτων
2369 981 2679 1052 ἀχαρίστων
2726 980 2820 1033 καὶ
2861 979 3193 1048 ἀγνωμόνων
3224 979 3532 1036 ἀποθανεῖν.
3563 985 3630 1035 Ὃ

2067 1064 2175 1135 γάρ
2201 1065 2310 1118 ἀπὸ
2330 1065 2634 1136 ἀνθρώπων
2658 1064 2798 1134 πρὸς
2823 1061 3128 1133 ὁμοφύλους
3142 1064 3204 1116 ού
3226 1063 3455 1131 γίνεται,
3475 1065 3632 1119 τοῦτο

2068 1149 2283 1216 ἐγένετο
2309 1147 2416 1200 άπὸ
2443 1147 2576 1200 Θεοῦ
2608 1148 2690 1209 είς
2719 1146 2899 1216 ἡμᾶς·
2936 1146 3032 1198 καὶ
3063 1145 3330 1216 τοσαύτης
3390 1148 3629 1201 ἀπολαύ-

2070 1247 2261 1293 σαντες
2290 1230 2530 1301 ἀγάπης,
2562 1227 2899 1300 ἀκκιξόμεθα
2920 1227 3022 1293 ἔτι,
3051 1228 3146 1282 καὶ
3172 1227 3234 1282 οῦ
3265 1229 3526 1301 φιλοῦμεν
3545 1233 3631 1284 τὸν

2069 1315 2321 1384 Χριστόν.
3068 1357 3077 1365 .

2139 1397 2310 1460 Αὐτὸς
2358 1396 2656 1451 κατέθυσεν
2702 1395 2893 1448 ἑαυτὸν
2939 1393 3078 1464 ὑπὲρ
3119 1395 3312 1464 ὴμῶν’
3362 1397 3524 1466 ἡμεῖς
3571 1397 3632 1450 δέ

2069 1483 2230 1536 αὐτὸν
2256 1483 2351 1535 καὶ
2383 1482 2483 1550 τῆς
2520 1480 2825 1548 ἀναγκαίας
2855 1479 3059 1549 τροφῆς
3103 1479 3415 1550 ἀποροῦντα
3479 1497 3633 1552 περι-

2068 1566 2316 1638 ορῶμεν,
2349 1564 2444 1618 καὶ
2471 1563 2731 1617 νοσοῦντα
2783 1563 2878 1616 καὶ
2921 1561 3329 1631 γυμνητεύοντα
3371 1565 3469 1617 οὐκ
3516 1567 3636 1617 ἐπι-

2070 1647 2435 1718 σκεπτόμεθα.
2480 1647 2662 1718 Πόσης
2683 1645 2852 1716 ὀργῆς
2878 1645 3050 1699 ταῦτα
3076 1646 3223 1713 ἄξια,
3256 1649 3430 1717 πόσης
3476 1648 3635 1701 κολάο

2072 1747 2241 1796 σεως,
2277 1731 2453 1800 πόσης
2491 1730 2755 1799 γεέννης;
2792 1728 2854 1781 Εί
2883 1729 2991 1799 γάρ
3035 1729 3203 1800 μηδὲν
3239 1729 3446 1800 ἕτερον,
3477 1729 3639 1784 τοῦτο

2069 1814 2200 1882 γοῦν
2236 1814 2369 1868 αὐτὸ
2401 1814 2561 1884 μόνον
2582 1853 2597 1876 ,
2640 1813 2723 1866 ὅτι
2757 1811 3060 1880 κατηξίωσε
3101 1813 3170 1866 10
3197 1813 3306 1866 τῶν
3335 1812 3637 1885 ἀνθρώπων

2071 1897 2218 1964 πάθη
2256 1896 2588 1950 οἰκειοῦσθαι
2609 1933 2624 1958 ,
2655 1896 2748 1948 καὶ
2790 1895 2987 1962 λέγειν,
3015 1897 3097 1949 ὅτι
3139 1897 3314 1950 Πεινῶ
3343 1898 3436 1951 καὶ
3461 1898 3597 1967 διψῶ
3619 1936 3636 1959 ,

2071 1981 2167 2050 οὐχ
2195 1980 2374 2034 ἱκανὸν
2403 1975 2473 2048 ἦν
2508 1979 2715 2041 πάντας
2744 1979 3082 2048 προτρέψαις
3127 1979 3288 2041 Ἀλλ’,
3329 1979 3373 2033 ὣ
3403 1982 3500 2048 τῆς
3530 1981 3640 2032 τῶν

2072 2065 2366 2136 χρημάτων
2392 2062 2738 2134 τυραννίδοςί
2773 2063 2971 2131 μᾶλλον
3003 2063 3092 2127 δέ,
3122 2062 3166 2116 ὣ
3189 2065 3289 2132 τῆς
3315 2065 3421 2116 τῶν
3460 2066 3640 2116 ἑκοντὶ

2071 2149 2482 2219 δεδουλωμένων
2525 2148 2710 2208 αὐτοῖς
2765 2147 3068 2217 μοχθηρίας
3099 2150 3112 2200 ί
3144 2151 3256 2202 Οῦκ
3301 2151 3482 2204 ἐκεῖνα
3528 2150 3640 2219 ἔχει

2077 2233 2320 2304 μεγάλην
2347 2234 2445 2302 τὴν
2489 2232 2669 2301 ἰσχὺν,
2705 2229 2819 2283 ἀλλ’
2846 2233 3006 2301 ἡμεῖς
3041 2233 3246 2302 σφόδρα
3279 2233 3444 2300 ἐσμὲν
3485 2233 3642 2286 ἔκλυ-

2073 2334 2153 2370 τοι
2177 2317 2272 2368 καὶ
2299 2315 2684 2384 δεδουλωμένοι
2703 2314 2752 2378 b,
2785 2315 2947 2383 ἡμεῖς
2989 2316 3236 2367 ταπεινοὶ
3276 2316 3369 2368 καὶ
3397 2315 3640 2383 γεώδεις,

2073 2401 2232 2469 ἡμεῖς
2262 2398 2515 2469 σαρκικοί
2534 2439 2549 2461 ,
2575 2400 2738 2467 ἡμεῖς
2777 2398 3025 2466 ἀνόητοι·
3051 2397 3114 2449 οὐ
3146 2398 3255 2468 γάρ
3298 2400 3518 2452 ἐκείνων
3547 2419 3644 2470 με-

2073 2485 2210 2554 γάλη
2239 2485 2272 2554 ἡ
2306 2482 2477 2552 ἰσχύς.
2525 2481 2588 2534 Τί
2613 2482 2722 2550 γὰρ
2743 2480 2984 2543 δύναται,
3017 2483 3137 2534 εἶπέ
3181 2500 3305 2552 μοι;
3340 2485 3499 2551 κωφά
3527 2487 3642 2537 ἐστι

2074 2569 2166 2621 καὶ
2195 2567 2516 2634 ἀναίσθητα.
2563 2566 2626 2617 El
2660 2567 2687 2617 6
2717 2564 2958 2628 διάϐολος
2987 2565 3138 2617 οὐδέν
3177 2567 3354 2628 ἐστιν,
3384 2568 3413 2617 6
3450 2569 3643 2636 μιαρὸς

2073 2651 2301 2719 δαίμων,
2328 2650 2357 2700 6
2395 2649 2537 2702 οὕτω
2565 2648 2802 2718 πονηρὸς
2831 2647 2925 2700 καὶ
2966 2648 3143 2700 πάντα
3170 2648 3353 2701 κυκῶν
3375 2691 3391 2714 ,
3419 2651 3487 2703 τά
3510 2652 3643 2720 χρή-

2079 2749 2224 2803 ματα
2248 2732 2371 2785 τίνα
2402 2731 2514 2800 ἔχει
2556 2729 2740 2799 ἰσχύν;
2793 2729 2918 2782 Ἐάν
2961 2730 3075 2802 ἴδῃς
3121 2729 3392 2800 ἄργυρον,
3423 2731 3643 2802 νόμισον

2075 2812 2212 2868 εἶναι
2253 2815 2596 2881 κασσίτερον.
2638 2812 2777 2864 Ἀλλ’
2818 2811 2879 2865 οὐ
2916 2811 3177 2875 δύνασαι;
3221 2813 3465 2875 Οὐκοῦν,
3508 2815 3642 2884 ὅπερ

2076 2899 2225 2951 ἐστὶν
2257 2897 2453 2965 ἀληθὲς
2473 2935 2488 2956 .
2519 2895 2676 2949 τοῦτο
2715 2895 2934 2966 νόμισον
2955 2934 2970 2959 ,
3013 2896 3096 2948 ὃτι
3128 2896 3197 2964 γῆ
3239 2895 3355 2948 ἐστι
3380 2913 3392 2925 ·
3429 2897 3498 2964 γῆ
3536 2898 3647 2967 γάρ

2075 2984 2242 3034 ἐστιν.
2278 2981 2417 3032 Ἀλλ’
2441 2980 2559 3033 οὐδὲ
2595 2978 2782 3032 τοῦτον
2809 2978 2937 3050 δέχῃ
2970 2979 3061 3031 16v
3097 2978 3385 3048 λογισμόν;
3429 2980 3644 3051 Ἐννόη-

2076 3081 2167 3116 σον
2204 3065 2284 3116 ὅτι
2311 3061 2659 3132 ἀπολούμεθα
2705 3062 2804 3114 καὶ
2833 3062 2991 3129 ἡμεῖς
3014 3103 3028 3124 ,
3059 3060 3140 3114 ὅτι
3178 3061 3364 3114 πολλοὶ
3399 3063 3508 3114 τῶν
3550 3081 3643 3117 κε·-

2075 3144 2358 3214 κτημένων
2403 3145 2556 3199 οὐδὲν
2594 3144 2779 3213 σχεδὸν
2816 3144 2991 3196 αὐτῶν
3028 3142 3175 3214 [588]
3211 3143 3524 3210 ἀπὼναντο,
3563 3147 3643 3198 ὅτι

2079 3227 2261 3298 μυρίοι
2305 3227 2687 3297 κομπάσαντες
2729 3229 2788 3280 ἐν
2823 3225 3008 3294 αὐτῷ,
3041 3225 3218 3294 τέφρα
3255 3227 3502 3293 ἐγένοντο
3552 3230 3645 3281 καὶ

2076 3311 2244 3374 κόνις,
2275 3311 2357 3363 ὅτι
2378 3311 2473 3362 καὶ
2497 3311 2590 3362 νῦν
2617 3309 2771 3378 δίκην
2798 3309 3002 3361 τίνουσι
3031 3310 3130 3379 τὴν
3159 3310 3415 3378 ἐσχάτην,
3452 3312 3558 3362 τῶν
3589 3314 3646 3364 ἐν

2076 3394 2328 3464 ὀστράκῳ
2355 3394 2449 3445 καὶ
2485 3392 2624 3462 ῦέλῳ
2655 3391 3040 3461 διαιτηθέντων
3078 3392 3260 3462 πολλῷ
3292 3394 3646 3463 τυγχάνοντες

2079 3477 2428 3547 πτωχότεροι,
2442 3475 2550 3529 τῶν
2565 3478 2622 3528 ἐν
2642 3475 2845 3545 κοπρίᾳ
2869 3474 3128 3538 πολλάκις
3148 3476 3196 3529 οἱ
3219 3477 3434 3530 ἐπὶτῶν
3455 3477 3647 3530 κλινῶν

2077 3559 2187 3611 τῶν
2209 3559 2566 3628 ἐλεφαντίνων
2587 3557 2943 3628 ἀπορώτεροι.
2977 3555 3138 3610 Ἀλλά
3148 3558 3340 3628 τέρπει
3351 3562 3446 3623 τάς
3463 3561 3612 3628 ὄψεις
3631 3577 3646 3626 ;

2092 3644 2252 3696 Ἀλλά
2280 3644 2483 3697 τούτων
2525 3642 2690 3712 ἕτερα
2721 3642 2890 3694 πολλά
2917 3641 3139 3711 τέρπειν
3170 3642 3393 3697 δύναται
3426 3644 3643 3715 μᾶλλον.

2080 3727 2191 3781 K0).
2213 3725 2320 3794 γὰρ
2349 3727 2442 3779 καὶ
2470 3725 2535 3778 τά
2564 3725 2722 3795 ἄνθη,
2756 3724 2852 3778 καὶ
2881 3725 2909 3776 6
2943 3724 3050 3794 ἀὴρ
3079 3725 3321 3797 καθαρὸς
3351 3726 3457 3792 ὢν,
3501 3729 3591 3780 καὶ
3617 3727 3647 3779 ό

2081 3809 2344 3879 οὐρανὸς,
2394 3810 2485 3861 καὶ
2522 3811 2550 3861 6
2590 3809 2740 3878 ἥλιος
2776 3808 2956 3878 πολλῷ
2989 3809 3188 3878 μᾶλλον
3216 3810 3426 3879 τέρπει.
3481 3803 3646 3872 Οὗτος

2086 3893 2182 3963 μὲν
2209 3895 2316 3962 γὰρ
2351 3893 2448 3945 καὶ
2481 3893 2556 3943 ἱὸν
2595 3891 2708 3960 ἔχει
2731 3891 2917 3956 πολὺν,
2955 3891 3078 3944 ὅθεν
3107 3891 3288 3943 πολλοὶ
3318 3893 3410 3944 καὶ
3446 3892 3648 3961 μέλανα

2083 3978 2242 4032 αὑτὸν
2286 3972 2424 4030 εἶναι
2463 3977 2812 4046 ἀπεφήναντο
2836 3991 2848 4006 ·
2883 3973 2979 4028 καὶ
3011 3975 3168 4044 δῆλον
3201 3975 3307 4027 ἀπὸ
3337 3975 3444 4027 τῶν
3477 3977 3644 4044 ἐκμαο

2081 4064 2244 4133 γείων
2274 4063 2381 4115 τῶν
2429 4061 2828 4132 μελαινομένων
2849 4078 2862 4092 ·
2894 4061 2952 4114 ἐν
2984 4063 3040 4114 δέ
3083 4060 3220 4131 ἡλίῳ
3258 4060 3424 4130 μέλον
3462 4060 3642 4125 οὐδὲν,

2083 4148 2140 4198 ἐν
2184 4145 2427 4215 οὐρανῷ,
2467 4147 2524 4195 ἐν
2561 4145 2800 4213 ἄστροις.
2838 4143 3014 4214 Πολλὴ
3057 4145 3115 4196 ἐν
3155 4143 3367 4206 τούτοις
3412 4145 3522 4206 τοῖς
3553 4143 3646 4196 άν-

2085 4228 2231 4281 Θεσιν
2253 4231 2286 4296 ἡ
2314 4228 2633 4291 ἀπόλαυσις,
2675 4227 2708 4294 ἢ
2750 4229 2809 4278 ἐν
2848 4227 3041 4298 ἐκείνῳ
3076 4226 3154 4296 τῷ
3183 4226 3453 4298 χρώματι.
3490 4228 3562 4279 Οὐ
3591 4227 3650 4278 16

2085 4313 2243 4375 ἄνθος
2276 4313 2456 4365 τοίνυν
2506 4312 2619 4364 ἐστὶ
2652 4311 2711 4363 16
2759 4313 2988 4382 τέρπον,
3038 4312 3154 4364 ἀλλ’
3183 4313 3216 4380 ἡ
3253 4309 3562 4376 πλεονεξία,
3612 4314 3645 4380 ἡ

2085 4398 2292 4452 ἀδικία·
2340 4396 2497 4448 τοῦτο
2547 4396 2741 4464 τέρπει
2795 4398 2892 4459 τὰς
2925 4396 3133 4466 ψυχάς,
3187 4396 3287 4465 οὐχ
3331 4398 3360 4449 6
3393 4397 3646 4466 ἄργυρος.

2089 4480 2324 4534 Ἔκϐαλε
2352 4479 2552 4548 ταύτην
2590 4479 2697 4532 ἀπὸ
2733 4480 2832 4548 τῆς
2856 4478 3056 4548 ψυχῆς,
3094 4478 3188 4532 καὶ
3235 4479 3355 4557 ὄφει
3391 4478 3559 4549 πηλοῦ
3591 4478 3650 4530 16

2085 4563 2274 4617 δοκοῦν
2304 4559 2442 4615 εἶναι
2471 4563 2652 4630 τίμιον
2692 4563 3045 4630 ἀτιμότερον’
3102 4561 3298 4614 ἔκϐαλε
3339 4563 3402 4614 16
3445 4562 3647 4624 πάθος⁶

2087 4649 2207 4700 ἐπεὶ
2256 4646 2351 4700 καὶ
2379 4646 2428 4698 οἱ
2457 4647 2835 4714 πυρέττοντες,
2875 4644 2978 4696 κᾶν
3021 4644 3281 4714 βόρϐορον
3319 4646 3532 4708 ἴδωσιν,
3577 4645 3651 4706 ὡς

2088 4730 2268 4801 πηγάς
2311 4726 2661 4780 ἐπιποθοῦσιν
2681 4744 2693 4757 ⁸
2731 4729 2779 4779 οἱ
2811 4726 3141 4793 ὑγιαίνοντες
3168 4727 3225 4780 δὲ
3254 4728 3331 4790 ὡς
3371 4728 3510 4799 χρὴ,
3535 4727 3650 4781 οὐδὲ

2089 4816 2276 4876 ὓδατος
2301 4811 2624 4880 ἐπιθυμοῦσι
2650 4811 2930 4872 πολλάκις.
2970 4809 3209 4863 Ἔκϐαλε
3233 4813 3332 4881 τὴν
3361 4814 3533 4876 νόσον,
3561 4811 3649 4863 καὶ

2088 4898 2207 4967 ὄψει
2237 4895 2303 4949 τά
2333 4895 2633 4966 πράγματα
2675 4895 2749 4958 ὡς
2777 4894 2911 4947 ἐστι.
2953 4895 3065 4946 Καὶ
3105 4894 3192 4947 ἵνα
3240 4895 3421 4965 μάθῃς
3440 4936 3454 4957 ,
3483 4896 3560 4947 ὅτι
3590 4891 3650 4944 οὐ

2087 4979 2386 5050 ψεύδομαι,
2439 4977 2667 5040 πολλοὺς
2705 4977 2812 5047 ἔχω
2855 4975 3026 5041 δεῖξαι
3063 4977 3219 5029 τοῦτο
3266 4978 3646 5048 πεποιηκότας.

2089 5064 2291 5118 Σϐέσον
2318 5061 2380 5115 16
2409 5061 2540 5130 πῦρ,
2568 5061 2662 5113 καὶ
2688 5061 2807 5129 ὄψει
2836 5061 2918 5113 ὅτι
2947 5060 3152 5114 ἀνθέων
3190 5061 3365 5114 ταῦτά
3395 5063 3537 5113 ἐστιν
3567 5058 3654 5110 εύ-

2089 5147 2402 5215 τελέστερα.
2445 5144 2623 5197 Καλὸν
2648 5143 2708 5196 16
2737 5144 2990 5213 χρυσίον;
3035 5143 3150 5198 ἀλλ’
3177 5145 3256 5205 εἰς
3291 5142 3652 5219 ἐλεημοσύνην

2090 5230 2253 5283 καλὸν
2273 5269 2287 5292 ,
2322 5230 2401 5290 εἰς
2440 5227 2759 5295 ἐπικουρίαν
2805 5227 3052 5293 πενήτων
3092 5226 3256 5278 καλὸν
3276 5268 3290 5291 ,
3323 5227 3424 5279 οὐκ
3455 5228 3532 5289 εἰς
3558 5224 3654 5292 τὴν

2091 5314 2346 5380 ἀνόνητον
2385 5311 2609 5382 χρῆσιν,
2643 5309 2727 5362 ἵνα
2771 5310 2918 5362 ἔνδον
2966 5308 3264 5378 ἁποκέηται
3283 5349 3299 5371 ,
3330 5309 3419 5362 ἵνα
3447 5311 3528 5372 είς
3553 5308 3654 5375 γῆν

2092 5396 2508 5466 κατορύττηται,
2543 5393 2630 5445 ἵνα
2661 5393 2792 5462 περὶ
2822 5395 3007 5461 χεῖρας
3038 5393 3132 5444 καὶ
3157 5391 3321 5455 πόδας
3351 5392 3448 5445 καὶ
3485 5405 3653 5460 κεφα-

2154 5585 2177 5612 ³
2205 5582 2534 5639 Cnnjccerum.
2557 5603 2567 5629 ;
2598 5583 2689 5630 οἷοι
2714 5586 2757 5630 οἱ
2783 5580 2941 5630 δοῦλοι
2979 5581 3153 5642 Savil.,
3205 5584 3303 5638 οἷος
3326 5587 3351 5632 ό
3379 5585 3534 5632 διὸ>ου
3575 5583 3653 5630 vel

2091 5646 2259 5692 διόλων
2287 5644 2514 5692 Πιιηεεης.

2155 5707 2181 5744 b
2210 5706 2343 5770 U003
2367 5705 2543 5770 code},
2577 5705 2915 5770 ὃιαλελυμένοι,
2962 5713 3014 5758 ει
3050 5705 3117 5756 ila
3160 5705 3282 5770 legit
3328 5714 3470 5756 vetus
3509 5705 3659 5753 inter-

2096 5781 2227 5831 pres.
2261 5768 2477 5827 ljtraque
2504 5766 2656 5818 lectio
2676 5769 2896 5828 quadrat.
