4090 6396
509 336 611 394 53w
1315 334 1380 390 IN
1418 333 1633 392 EPIST.
1675 334 1697 387 ι
1759 333 1852 389 AD
1891 329 2171 388 TIMOTH.
2210 331 2364 392 CAP.
2403 338 2469 394 η.
2513 341 2740 398 HOMIL.
2789 344 2896 401 vn.

508 465 772 527 mediainr
801 480 884 526 est
914 489 927 526 :
956 471 1000 524 si
1030 486 1157 525 vero
1188 471 1278 524 uni
1321 470 1521 524 haereat
1542 511 1557 535 ,
1591 469 1658 523 ab
1704 469 1875 524 altero
1901 477 2080 522 autem

505 575 780 634 separetur
805 607 819 629 ,
840 564 951 634 jam
979 579 1083 618 non
1115 564 1399 628 mediator,
1429 563 1525 618 sed
1549 562 1825 631 seiunctus
1866 571 1970 617 est.
2018 560 2079 616 Si

504 672 634 712 (Ὗξο
659 671 764 710 non
795 671 1018 710 CODSOI‘S
1045 664 1127 710 est
1153 665 1391 726 paterna:
1436 663 1640 708 naturae
1660 697 1675 719 ,
1706 668 1813 708 non
1842 663 1926 708 εει
1970 667 2082 707 me-

501 748 716 813 diator,
747 747 842 801 sed
885 757 1183 816 separatus.
1226 746 1374 802 Sicut
1397 746 1542 801 enim
1588 747 1834 799 humana:
1878 753 2085 798 natura:

499 841 718 910 junctus
735 850 836 906 est,
859 841 983 909 quia
1005 840 1069 893 ad
1093 839 1336 893 homines
1357 840 1502 892 venit
1527 855 1540 888 :
1560 839 1630 892 ita
1655 848 1707 892 et
1734 837 1930 891 divinae
1949 851 2084 906 quo-

504 949 609 1002 que
633 943 716 988 est
739 941 941 986 natura:
970 946 1225 996 consors,
1253 931 1374 1000 quia
1400 945 1429 984 a
1457 930 1566 983 Deo
1592 933 1739 983 venit
1768 945 1781 981 :
1821 929 2079 997 quoniam

503 1026 646 1078 enim
685 1027 826 1078 inter
845 1023 977 1078 duas
1000 1032 1216 1077 naturas
1239 1023 1445 1077 medius
1466 1031 1548 1076 est
1568 1062 1583 1086 ,
1614 1023 1892 1075 ambarum
1922 1030 2077 1074 natu-

504 1133 683 1172 rarum
716 1117 954 1186 oportuit
999 1116 1150 1170 illum
1193 1130 1313 1169 esse
1352 1115 1685 1183 participem.
1725 1111 2082 1179 Quemadmo-

505 1210 630 1263 dum
655 1208 796 1263 enim
819 1206 1052 1261 n'tcdium
1077 1205 1177 1259 loci
1199 1205 1484 1273 cujuslibet
1508 1205 1719 1272 utrique
1737 1206 1856 1256 loco
1879 1202 2079 1256 lueret:

505 1301 575 1354 ita
603 1309 655 1354 et
675 1299 896 1353 duarum
927 1308 1234 1351 naturarum
1257 1296 1488 1350 medium
1516 1296 1794 1362 utriUSque
1821 1309 1939 1348 esse
1961 1309 2082 1362 par-

505 1392 720 1461 ticipem
756 1398 988 1459 oportet.
1036 1387 1106 1444 Ut
1132 1404 1260 1459 ergo
1286 1388 1444 1440 homo
1467 1385 1640 1440 factus
1668 1427 1682 1450 ,
1732 1385 1800 1438 ita
1841 1393 1896 1441 et
1941 1384 2082 1439 Deus

502 1494 641 1541 erat.
683 1484 854 1538 llomo
877 1483 1019 1538 enim
1049 1481 1312 1535 mediator
1339 1481 1508 1534 factus
1531 1495 1636 1532 non
1662 1477 1884 1541 fuisset;
1918 1491 2082 1546 opor-

505 1579 648 1633 tebat
668 1579 810 1631 enim
834 1576 1003 1630 Deum
1029 1573 1224 1642 alloqui
1248 1590 1260 1625 :
1287 1573 1426 1627 Deus
1448 1585 1660 1641 quoque
1683 1569 1946 1623 mediator
1970 1583 2076 1622 non

505 1670 717 1732 fuisset;
757 1683 928 1737 neque
969 1667 1109 1721 enim
1155 1665 1519 1734 suscepissent
1565 1663 1716 1716 illum
1766 1663 1800 1714 ii
1844 1675 2073 1730 quorum

503 1761 763 1816 mediator
789 1759 1086 1813 accederet.
1113 1758 1181 1813 Ut
1206 1758 1281 1811 illi
1307 1757 1458 1820 dixit,
1491 1755 1636 1812 Unus
1664 1754 1802 1809 Deus
1828 1753 2005 1818 Pater,
2033 1765 2081 1807 et

503 1869 635 1906 unus
663 1852 906 1905 Dominus
925 1850 1076 1905 Iesus
1097 1850 1324 1904 Christus
1355 1849 1428 1919 (1.
1453 1846 1570 1902 Cor.
1599 1847 1651 1903 8.
1683 1847 1740 1917 6)
1768 1864 1780 1900 :
1813 1847 1884 1900 ita
1910 1855 1964 1900 et
1994 1845 2082 1900 hic

505 1945 608 2008 ait,
640 1944 782 1998 Unus
807 1955 858 1998 et
884 1961 1035 2008 unus,
1065 1958 1163 1997 nec
1185 1941 1319 1995 duos
1342 1941 1509 2010 ponit.
1537 1940 1670 2006 Quia
1697 1939 1838 1993 enim
1861 1938 1928 1992 de
1948 1938 2080 1992 deo-

505 2052 620 2090 rum
647 2036 1034 2104 multiplicilate
1059 2033 1379 2096 disserebat,
1413 2047 1480 2086 ne
1505 2033 1624 2102 quis
1644 2031 1870 2085 duorum
1895 2045 2084 2084 nume-

505 2143 623 2181 rum
655 2127 719 2181 ad
747 2126 968 2180 deorum
1001 2125 1443 2193 meltiplieitatem
1473 2122 1802 2192 probandam
1835 2130 2080 2191 raperet,

509 2219 653 2274 Unus
680 2227 731 2272 et
753 2236 911 2281 unus,
942 2219 1138 2287 posuit.
1167 2215 1355 2270 Viden’
1370 2215 1639 2285 quomodo
1659 2215 1934 2283 Scriptura
1959 2228 2080 2267 cum

505 2327 695 2381 magna
721 2311 968 2366 cautione
1004 2309 1288 2380 loquatur?
1335 2308 1483 2364 Unus
1509 2308 1650 2362 enim
1692 2316 1748 2362 et
1778 2321 1917 2361 unus
1957 2315 2083 2361 sunt

502 2405 649 2469 duo;
690 2403 786 2458 sed
831 2419 934 2457 non
971 2403 1072 2457 hoc
1099 2403 1338 2457 dicemus
1363 2441 1379 2465 ,
1406 2402 1528 2455 licet
1570 2399 1701 2453 illud
1741 2399 2081 2452 ratiocinium

503 2497 768 2562 subjiciat.
796 2496 892 2551 llic
915 2511 1020 2549 non
1046 2495 1200 2558 dicis,
1224 2493 1374 2548 Unus
1397 2501 1452 2546 et
1477 2506 1614 2545 unus
1630 2490 1757 2554 duo;
1781 2489 1923 2558 quod
1957 2504 2084 2543 vero

504 2603 677 2658 neque
703 2588 1034 2641 ratiocinium
1057 2585 1292 2653 subjicit,
1322 2584 1372 2637 id
1395 2583 1551 2644 dicis.
1574 2582 1630 2637 Si
1652 2582 1867 2651 genuit,
1893 2596 2082 2651 passus

503 2689 606 2734 est.
653 2678 798 2733 Unus
817 2680 962 2733 enim
986 2719 1001 2742 ,
1034 2678 1234 2746 inquit.
1269 2676 1406 2730 Deus
1431 2717 1444 2738 ,
1473 2692 1609 2728 unus
1638 2683 1684 2728 et
1711 2675 1962 2728 mediator
1986 2673 2082 2728 Dei

501 2781 550 2825 et
577 2771 832 2824 hominum
872 2769 1026 2823 Iesus
1071 2767 1300 2823 Christus
1326 2810 1340 2832 ,
1375 2768 1428 2822 6.
1457 2767 1542 2835 qui
1581 2766 1720 2819 dedit
1758 2765 2080 2834 semetipsum

503 2861 893 2930 redemptionem
914 2876 1006 2929 pro
1021 2859 1616 2924 omnibus,testimonium
1634 2858 1940 2924 temporibus
1951 2859 2078 2912 suis.

502 2953 768 3022 Numquid
793 2953 976 3018 etiam,
1002 2951 1090 3006 dic
1120 2951 1270 3013 mihi,
1298 2966 1396 3020 pro
1425 2951 1757 3019 gentilibus?
1784 2951 1958 3005 Etiam
1981 2969 1995 3005 :
2028 2960 2083 3004 et

502 3044 748 3100 Christus
773 3043 991 3114 quidem
1023 3059 1118 3112 pro
1147 3041 1435 3111 gentilibus
1463 3057 1677 3111 quoque
1706 3051 1948 3097 mortuus
1975 3053 2081 3107 est;

503 3148 560 3191 tu
603 3151 734 3191 vero
763 3152 861 3208 pro
903 3135 1011 3190 illis
1053 3150 1210 3190 orare
1257 3149 1361 3188 non
1413 3136 1512 3188 vis.
1557 3133 1836 3201 Quomodo
1876 3133 2081 3203 igitur,

504 3227 713 3298 inquies
737 3269 752 3292 ,
785 3243 889 3282 non
918 3225 1301 3280 crediderunt?
1328 3225 1460 3293 Quia
1481 3227 1764 3279 noluerunt
1799 3245 1812 3280 :
1841 3240 1967 3280 suas
1994 3225 2084 3279 ille

506 3328 680 3372 tamen
705 3328 885 3387 partes
916 3317 1156 3386 implevit
1183 3335 1194 3370 :
1228 3316 1279 3370 id
1313 3317 1492 3386 passio
1524 3317 1860 3380 testificatur,
1890 3317 2080 3385 inquit.

509 3408 666 3462 Venit
681 3409 822 3462 enim
845 3417 902 3461 ut
920 3407 1284 3462 testimonium
1312 3407 1621 3475 perhiberet
1650 3394 1860 3461 veritati
1885 3407 2080 3474 Patris,

502 3514 560 3555 et
585 3500 795 3554 occisus
823 3508 925 3552 est.
968 3499 1150 3567 Itaque
1193 3512 1300 3551 non
1328 3497 1486 3552 Pater
1514 3507 1716 3552 tanttmi
1749 3498 1850 3566 ipsi
1889 3498 2080 3553 testifi-

503 3599 675 3654 catur,
705 3589 799 3643 sed
825 3589 986 3642 etiam
1015 3588 1128 3656 ipse
1149 3587 1313 3642 Patri.
1347 3587 1457 3656 Ego
1481 3588 1625 3642 enim
1653 3590 1762 3641 veni
1788 3589 1841 3642 in
1870 3590 2074 3642 nomine

512 3680 678 3734 Patris
720 3680 852 3747 mei,
907 3679 1110 3749 inquit;
1154 3688 1210 3734 et
1238 3693 1488 3746 rursum,
1539 3679 1703 3732 Deum
1761 3696 1908 3733 nemo
1956 3679 2083 3733 vidit

504 3791 744 3844 umquam
769 3789 789 3838 ;
819 3772 1118 3842 iterumque
1141 3813 1156 3835 ,
1191 3771 1259 3826 Ut
1289 3781 1592 3844 cognoscant
1638 3781 1686 3825 te
1715 3771 1881 3825 solum
1911 3787 2083 3826 verum

505 3865 712 3931 Deum;
740 3873 795 3920 et
820 3879 1032 3918 rursum
1055 3905 1071 3929 ,
1106 3864 1332 3934 Spiritus
1361 3873 1435 3918 est
1457 3862 1594 3918 Deus
1615 3861 1793 3934 (Joan.
1826 3864 1881 3919 5.
1910 3865 2000 3918 45.
2032 3873 2079 3916 et

506 3959 556 4012 1.
587 3958 673 4012 18.
702 3966 749 4010 et
778 3957 864 4012 17.
895 3957 932 4012 5
969 3965 1018 4011 et
1043 3955 1098 4010 4.
1129 3956 1203 4009 24
1231 3955 1271 4023 ).
1320 3955 1502 4026 Usque
1548 3955 1614 4009 ad
1642 3965 1869 4008 mortem
1916 3955 2079 4026 igitur

505 4047 870 4104 testimonium
900 4047 1190 4117 perhibuit.
1223 4046 1359 4100 Illud
1380 4056 1580 4110 autem,
1610 4045 1942 4116 Temporibus
1958 4063 2082 4116 pro-

506 4141 630 4211 priis
656 4183 670 4204 ,
701 4141 754 4196 id
786 4148 870 4196 est
892 4183 910 4208 ,
956 4140 1401 4211 congruentibus.
1432 4141 1488 4195 7.
1517 4139 1585 4194 In
1611 4156 1709 4208 quo
1741 4139 1938 4204 positus
1967 4155 2084 4192 sum

503 4250 596 4305 ego
624 4233 928 4304 prtedicator
956 4243 1003 4286 et
1023 4233 1287 4303 apostolus
1315 4233 1334 4303 (
1357 4233 1614 4287 veritatem
1639 4231 1773 4297 dico,
1806 4248 1908 4286 non
1934 4247 2077 4285 men-

505 4327 604 4379 tior
625 4324 666 4394 ),
696 4324 872 4378 doctor
898 4324 1122 4395 gentium
1150 4324 1203 4377 in
1231 4323 1334 4391 fide
1361 4333 1408 4378 et
1433 4325 1659 4378 veritate.

573 4419 631 4474 3.
669 4416 802 4482 Quia
830 4413 991 4484 igitur
1017 4414 1265 4470 Christus
1295 4429 1392 4484 pro
1417 4414 1662 4486 gentibus
1685 4428 1874 4485 passus
1901 4422 2005 4481 est,
2031 4422 2088 4471 et

505 4525 606 4580 ego
650 4509 838 4568 doctor
885 4509 1122 4578 gentium
1157 4508 1486 4563 constitutus
1536 4523 1656 4563 sum
1682 4549 1697 4572 ,
1729 4522 1829 4563 cur
1867 4517 1922 4561 tu
1978 4522 2083 4563 non

506 4599 744 4671 precaris
771 4615 872 4670 pro
901 4599 1053 4654 illis?
1115 4599 1282 4654 Recte
1323 4599 1425 4653 hoc
1452 4599 1604 4665 loco,
1636 4610 1919 4668 postquam
1972 4615 2087 4656 rem

507 4691 614 4745 fide
641 4691 1001 4762 dignamesse
1045 4690 1223 4757 dixit,
1269 4690 1400 4745 illud
1424 4731 1443 4757 ,
1497 4689 1567 4744 In
1611 4707 1712 4760 quo
1741 4695 1934 4761 positus
1973 4709 2087 4746 sum

505 4799 598 4854 ego
639 4781 976 4852 pradicator,
1031 4781 1282 4851 apposuit
1329 4799 1342 4834 :
1395 4783 1447 4836 in
1500 4781 1602 4836 hac
1651 4783 1794 4837 enim
1855 4798 1915 4838 re
1973 4798 2079 4837 non

508 4873 733 4927 multum
759 4887 936 4942 operae
957 4872 1226 4940 ponebant
1249 4871 1477 4940 apostoli
1503 4870 1604 4944 (a).
1636 4872 1844 4927 Deinde
1865 4873 2087 4943 subjun-

477 4967 606 5029 -xit,
636 4964 834 5019 Doctor
856 4964 1083 5035 gentium
1123 4965 1178 5018 in
1221 4965 1322 5033 ﬁde
1348 4973 1395 5018 et
1436 4965 1662 5019 ueritate.
1713 4965 1944 5020 Rursum
1970 5007 1988 5032 ,
2020 4966 2087 5020 In

509 5059 652 5127 ﬁde;
677 5056 772 5111 sed
815 5072 882 5112 ne
909 5066 1065 5126 putes
1087 5097 1102 5122 ,
1133 5056 1258 5126 quia
1305 5055 1369 5110 In
1406 5057 1509 5126 ﬁde
1534 5057 1767 5124 audisti,
1814 5072 1928 5113 rem
1966 5073 2088 5115 esse

510 5148 814 5212 fallaciam;
848 5163 969 5202 nam
1013 5146 1080 5201 In
1119 5149 1358 5212 veritate,
1401 5149 1596 5218 inquit.
1640 5148 1698 5203 Si
1741 5150 1941 5204 veritas
1967 5160 2086 5217 est,

508 5256 614 5295 non
638 5249 720 5295 est
745 5238 1103 5294 mendacium.
1133 5238 1293 5294 Vides
1319 5239 1544 5309 gratiam
1571 5239 1819 5311 diffusam
1842 5241 1864 5294 ?
1885 5241 2085 5297 .iudaeis

1795 5503 1977 5550 cntium
1999 5502 2082 5550 do-

507 5567 694 5623 (torem
719 5568 771 5623 et
794 5560 1157 5620 przedicatorem
1174 5574 1185 5608 :
1200 5569 1404 5609 cancros
1419 5569 1585 5610 autem
1596 5560 1837 5623 apostolos
1861 5577 1918 5611 ea
1939 5567 1986 5611 in
2003 5577 2081 5621 re,

506 5622 692 5672 scilicet
716 5621 764 5669 in
799 5623 1019 5686 gentium
1058 5625 1402 5686 conversione,
1424 5636 1523 5686 non
1561 5621 1765 5672 multum
1801 5638 1967 5686 Operm
1993 5639 2079 5686 po-

505 5686 847 5747 suisse._Quod
885 5682 1104 5732 fortassis
1149 5685 1207 5732 iis
1248 5685 1296 5731 in
1327 5684 1628 5745 regionibus,
1652 5698 1764 5747 quae
1789 5682 1849 5734 in'
1878 5682 2078 5736 Actibus

507 5743 842 5805 Apostolorum:
880 5751 1227 5805 memorantur,
1253 5759 1281 5794 a
1306 5743 1422 5794 vero
1443 5760 1538 5796 non
1562 5743 1764 5799 multum
1789 5748 2045 5799 abhorreat
2065 5792 2077 5802 .

509 5806 558 5855 in
581 5810 772 5857 autem
793 5815 959 5858 autem
981 5807 1282 5871 regionibus,
1311 5821 1474 5859 secus.
2065 5807 2070 5811 ’

569 5500 643 5560 (α)
675 5496 1309 5562 SignificatChrysostomus
1329 5497 1532 5547 Paulum
1575 5498 1726 5549 fuisse

3660 352 3762 410 538

2183 449 2324 504 enim
2343 453 2614 512 orationes
2635 474 2739 512 non
2767 459 2868 515 hac
2889 460 2958 517 de
2979 477 3140 518 causa
3161 463 3359 520 fiebant
3381 481 3396 528 ;
3424 481 3565 522 nunc
3585 476 3763 524 autem

2181 541 2352 608 gratia
2381 555 2605 604 extensa
2641 559 2744 606 est.
2780 550 2906 607 Ideo
2935 567 2996 608 se
3036 553 3315 610 doctorem
3359 558 3600 624 gentium
3638 559 3766 616 dicit

2183 636 2530 694 constitutum
2560 656 2716 706 esse;
2748 660 2844 714 per
2879 654 3048 702 totum
3092 649 3277 705 orbem
3305 648 3551 706 diﬂ'usam
3579 652 3766 708 subin-

2185 725 2372 782 dicans
2394 733 2642 799 gratiam.
2670 735 2772 800 Qui
2796 736 2956 804 dedit,
2988 740 3181 809 inquit,
3209 743 3431 811 seipsum
3453 745 3762 814 redemptio-

2185 835 2317 874 nem.
2346 823 2625 888 Quomodo
2654 828 2813 894 igitur
2850 846 2879 883 a
2926 831 3086 888 Patre
3115 834 3344 889 traditus
3367 836 3496 890 est?
3537 837 3592 892 ld
3635 854 3766 908 ergo

2185 927 2248 964 ex
2277 913 2394 980 ejus
2434 914 2759 982 benignitate
2795 931 3015 976 tactum.
3047 923 3185 992 Quid
3213 934 3297 980 est
3335 925 3466 982 illud
3489 967 3506 991 ,
3547 928 3766 985 Redem-

2186 1005 2450 1072 ptionem?
2478 1007 2600 1062 Illos
2639 1019 2923 1079 pumturus
2951 1025 3107 1082 erat,
3143 1015 3194 1070 id
3238 1027 3418 1072 autem
3463 1034 3567 1074 non
3601 1022 3762 1076 fecit:

2185 1099 2405 1166 perituri
2431 1111 2621 1165 erant,
2651 1105 2744 1159 sed
2775 1120 2872 1173 pro
2913 1106 3019 1161 illis
3062 1106 3259 1163 Filium
3300 1124 3457 1166 suum
3500 1110 3680 1175 dedit,
3710 1125 3766 1168 ct

2185 1192 2563 1257 przedieatores
2605 1212 2705 1250 nos
2747 1198 2928 1262 misit,
2959 1209 3018 1254 ut
3063 1214 3277 1256 crucem
3324 1202 3762 1270 pradicaremus.

2183 1281 2323 1336 Satis
2349 1283 2464 1341 haec
2489 1298 2642 1341 erant
2662 1298 2719 1343 ut
2742 1304 2934 1346 omnes
2962 1292 3314 1360 attraherent,
3344 1303 3401 1348 et
3420 1295 3764 1353 dilectionem

2183 1373 2382 1430 Christi
2408 1379 2779 1436 ostenderent.
2814 1381 2953 1437 Vere
2980 1392 3212 1455 namque
3248 1399 3440 1454 magna
3468 1393 3526 1442 et
3555 1387 3767 1442 inenar-

2182 1466 2368 1522 rabilia
2414 1481 2567 1535 sunt,
2599 1488 2717 1541 qua:
2746 1488 2776 1526 a
2831 1474 2943 1529 Deo
2978 1490 3074 1544 pro
3119 1476 3276 1532 nobis
3303 1476 3440 1532 facta
3481 1487 3606 1532 sunt
3635 1497 3650 1533 :
3677 1493 3765 1534 sc-

2184 1557 2357 1626 ipsum
2406 1560 2699 1617 immolavit
2744 1578 2844 1634 pro
2887 1565 3163 1633 inimicis,
3215 1569 3305 1637 qui
3346 1582 3405 1624 se
3451 1569 3678 1624 oderant
3715 1580 3772 1625 et

2185 1652 2569 1707 aversabantur
2600 1674 2611 1708 :
2643 1656 2786 1724 quod
2828 1672 2931 1712 nec
2960 1672 3059 1727 pro
3094 1658 3307 1725 amicis,
3339 1674 3437 1728 pro
3478 1658 3634 1724 ﬁliis,
3671 1676 3770 1730 pro

2186 1744 2438 1800 fratribus
2466 1749 2746 1818 quisquam
2777 1743 2980 1806 faceret
3000 1793 3015 1816 ,
3050 1751 3153 1806 hoc
3183 1751 3439 1806 Dominus
3477 1768 3575 1822 pro
3601 1754 3771 1807 servis

2184 1836 2342 1903 fecit;
2375 1838 2625 1894 dominus
2664 1856 2768 1895 non
2801 1842 2921 1898 talis
2950 1843 3137 1913 quales
3161 1843 3344 1909 servi,
3375 1842 3470 1898 sed
3500 1843 3641 1899 Deus
3671 1859 3772 1914 pro

2186 1929 2511 1992 hominibus.
2535 1944 2587 1985 et
2614 1933 2922 1989 hominibus
2941 1950 3046 1989 non
3075 1935 3399 2005 conspicuis.
3422 1933 3554 1990 Nam
3577 1935 3622 1990 si
3642 1949 3772 1991 Con-

2186 2023 2378 2091 spicui,
2408 2025 2452 2078 si
2483 2026 2688 2095 accepti
2720 2036 2774 2080 et
2799 2028 2934 2096 grati
2969 2027 3222 2094 fuissent,
3259 2043 3364 2082 non
3393 2036 3501 2082 tam
3524 2027 3770 2082 mirabile

2186 2126 2330 2172 esset
2354 2133 2368 2170 ι
2397 2134 2539 2173 nunc
2567 2134 2695 2173 vero
2718 2163 2732 2185 ,
2763 2121 2906 2190 quod
2943 2137 3158 2177 omnem
3203 2122 3462 2192 percellat
3492 2132 3727 2176 mentem
3753 2164 3768 2186 ,

2185 2221 2284 2276 pro
2306 2209 2519 2275 talibus,
2551 2212 2775 2279 ingratis
2802 2225 2855 2266 ct
2887 2214 3145 2282 improbis
3172 2216 3424 2270 moritur.
3447 2214 3601 2281 Quod
3626 2214 3770 2269 enim

2186 2297 2430 2354 homines
2453 2317 2548 2369 pro
2567 2303 2955 2358 contribulibus
2977 2319 3082 2359 non
3113 2305 3334 2370 faciunt;
3370 2306 3472 2362 hoc
3500 2307 3639 2360 Deus
3666 2320 3764 2374 pro

2186 2389 2342 2445 nobis
2374 2390 2496 2446 fecit
2521 2410 2534 2446 :
2559 2403 2612 2447 et
2638 2410 2758 2448 cum
2793 2405 2938 2449 tanta
2969 2395 3213 2450 fruamur
3241 2397 3563 2461 dilectione,
3595 2397 3771 2451 adhuc

2189 2484 2560 2551 torpescimus,
2594 2502 2690 2541 nec
2720 2488 2989 2542 Christum
3017 2488 3307 2559 diligimus.

2259 2574 2594 2647 Eleemosyna
2631 2581 3029 2635 commendatur.
3076 2580 3420 2636 Pecuniarum
3457 2582 3646 2636 vilitas.
3701 2611 3773 2623 —-

2187 2667 2306 2737 ipse
2334 2669 2566 2738 seipsum
2601 2685 2694 2738 pro
2723 2671 2878 2726 nobis
2908 2673 3238 2739 immolavit;
3288 2687 3386 2728 nos
3427 2688 3555 2729 vero
3580 2688 3772 2729 neces-

2186 2759 2329 2814 sario
2358 2769 2604 2830 egentem
2632 2761 2774 2826 cibo,
2805 2762 3150 2832 despicimus,
3181 2763 3560 2834 infirmumque
3583 2778 3646 2819 ac
3669 2781 3774 2818 nu-

2185 2849 2313 2904 dum
2361 2866 2468 2904 non
2517 2851 2814 2907 visitamus.
2860 2853 3066 2920 Quanta
3095 2855 3196 2919 ira,
3233 2863 3436 2923 quanto
3474 2855 3775 2924 supplicio,

2184 2951 2383 3013 quanta
2412 2942 2655 3014 geheuna
2685 2945 2800 3002 lucc
2820 2945 2978 3018 digna
3003 2946 3166 3003 sunt!
3195 2944 3252 3004 Si
3280 2947 3424 3004 enim
3445 2945 3576 3004 nihil
3601 2947 3776 3016 aliud,

2186 3036 2272 3090 vel
2294 3035 2346 3090 id
2375 3037 2548 3092 solum
2578 3037 2720 3107 quod
2762 3038 3022 3093 humanas
3049 3041 3331 3109 passiones
3371 3055 3648 3098 assumere
3677 3058 3775 3098 voc

2185 3129 2368 3196 luerit,
2402 3139 2458 3184 ut
2479 3129 2704 3194 diceret,
2732 3131 2926 3187 Esurio
2953 3141 3007 3188 et
3026 3133 3170 3196 sitio,
3193 3149 3377 3188 annon
3402 3148 3593 3190 omnes
3614 3134 3680 3190 ad
3711 3149 3773 3190 se

2186 3238 2478 3293 provocare
2517 3223 2740 3278 debuit?
2772 3226 2862 3290 At,
2911 3239 2944 3279 ο
2985 3227 3337 3294 pecuniarum
3383 3227 3654 3298 tyrannis!
3689 3226 3772 3282 vel

2186 3317 2384 3386 potius,
2405 3333 2439 3370 ο
2461 3317 2692 3386 nequitia
2715 3331 2900 3372 eorum
2919 3317 3007 3387 qui
3023 3328 3214 3388 sponte
3237 3318 3474 3387 pecuniis
3501 3318 3772 3375 serviunt!

2187 3409 2278 3463 illa
2307 3425 2412 3462 non
2441 3424 2690 3478 magnam
2714 3411 2820 3464 vim
2840 3409 3024 3476 habet,
3048 3411 3145 3466 sed
3169 3425 3265 3466 nos
3291 3411 3445 3466 valde
3465 3426 3650 3467 sumus
3676 3411 3774 3467 de-

2181 3501 2309 3571 jecti
2335 3510 2390 3556 et
2413 3502 2631 3566 subditi,
2654 3517 2754 3556 nos
2778 3503 2910 3557 viles
2931 3511 2981 3557 et
3012 3504 3231 3568 terreni,
3256 3518 3356 3559 nos
3381 3503 3643 3569 carnales,
3672 3519 3772 3559 nos

2186 3593 2443 3647 insensati
2470 3611 2484 3646 :
2508 3609 2612 3647 non
2633 3593 2774 3647 enim
2794 3594 3002 3648 illarum
3020 3609 3210 3664 magna
3225 3595 3305 3650 vis
3325 3603 3428 3650 est.
3452 3595 3590 3661 Quid
3607 3595 3773 3658 enim,

2186 3700 2368 3753 quasso
2388 3693 2452 3744 te
2472 3725 2490 3749 ,
2518 3683 2789 3753 possunt?
2817 3684 3046 3754 stupida:
3077 3695 3204 3738 sunt
3241 3694 3297 3740 et
3323 3685 3685 3742 insensibiles.
3717 3684 3774 3742 Si

2189 3775 2432 3830 diabolus
2456 3775 2589 3830 nihil
2611 3783 2712 3841 est,
2744 3776 3105 3831 exsecrandus
3124 3777 3360 3842 daemon,
3390 3778 3460 3831 ita
3489 3779 3774 3850 malignus,

2187 3871 2277 3938 qui
2304 3869 2482 3922 omnia
2519 3869 2709 3924 miscet
2761 3885 2776 3922 :
2822 3870 3064 3940 pecunia:
3107 3886 3267 3940 quam
3300 3873 3406 3926 vim
3457 3872 3692 3927 habent?
3719 3872 3772 3929 Si

2188 3959 2370 4015 videas
2391 3968 2696 4030 argentum,
2722 3969 2969 4016 stannum
3000 3975 3124 4017 esse
3151 3971 3299 4032 puta.
3319 3962 3426 4019 Sed
3456 3978 3560 4017 non
3587 3967 3782 4033 potes?

2189 4052 2354 4122 igitur
2381 4051 2523 4121 quod
2546 4068 2731 4108 verum
2753 4062 2838 4108 est
2871 4052 3000 4108 illud
3026 4056 3222 4125 cogita,
3245 4056 3385 4124 quod
3415 4070 3608 4125 nempe
3634 4063 3774 4109 terra

2189 4145 2280 4209 sit,
2299 4153 2356 4198 ut
2379 4159 2561 4198 revera
2585 4153 2689 4200 est.
2711 4144 2814 4200 Sed
2835 4144 2971 4200 hanc
2990 4145 3252 4200 rationem
3273 4161 3376 4200 non
3395 4147 3657 4215 suscipis?
3674 4149 3777 4200 Co-

2191 4239 2296 4306 gita
2317 4235 2461 4306 quod
2484 4250 2583 4290 nos
2604 4251 2906 4304 pereamus,
2929 4236 3072 4306 quod
3098 4237 3252 4292 multi
3285 4237 3373 4306 qui
3411 4237 3773 4306 possidebant,

2192 4328 2326 4383 nihil
2350 4327 2463 4383 fere
2485 4327 2615 4381 lucri
2642 4326 2768 4381 inde
2793 4326 3103 4390 retulerint;
3136 4326 3280 4397 quod
3312 4326 3462 4382 nuntii
3487 4326 3580 4397 qui
3603 4328 3670 4382 de
3691 4328 3780 4381 his

2191 4421 2555 4491 gloriabantur
2583 4429 2638 4474 et
2667 4433 2728 4474 se
2751 4419 3110 4484 ostentabant,
3135 4421 3272 4475 cinis
3299 4428 3354 4475 et
3391 4421 3561 4490 pulvis
3589 4435 3782 4477 evase-

2194 4522 2337 4577 runt,
2367 4523 2421 4566 et
2443 4527 2583 4566 nunc
2612 4525 2795 4580 pinnas
2814 4509 3019 4565 dabunt
3043 4519 3336 4579 extremas,
3363 4513 3429 4567 iis
3450 4513 3614 4583 quiin
3642 4523 3777 4567 testa

2191 4615 2246 4660 et
2274 4606 2330 4660 in
2349 4605 2488 4660 vitro
2515 4611 2804 4658 versantur
2831 4602 2987 4673 longe
3017 4604 3368 4674 pauperiores
3394 4603 3556 4666 facti;
3584 4605 3649 4659 iis
3683 4607 3775 4672 qui

2193 4700 2244 4751 in
2265 4696 2601 4765 ﬁmojaccnt,
2628 4710 2772 4765 saepe
2793 4695 2830 4750 ii
2851 4695 2939 4765 qui
2961 4696 3014 4750 in
3036 4695 3188 4750 lectis
3207 4696 3460 4751 eburneis
3479 4695 3772 4759 dormiunt,

2195 4788 2502 4843 miseriores
2515 4797 2660 4843 sunt.
2677 4785 2784 4844 Sed
2802 4785 2887 4840 illa
2905 4795 3180 4856 aspectum
3197 4786 3466 4841 delectant
3481 4786 3505 4839 ?
3523 4788 3591 4840 At
3613 4787 3778 4842 multa

2193 4880 2299 4934 alia
2323 4880 2492 4948 magis
2535 4879 2680 4933 illum
2721 4878 2991 4934 delectare
3035 4889 3262 4948 possunt
3288 4896 3301 4931 :
3329 4893 3448 4932 nam
3477 4879 3656 4943 tiores,
3684 4894 3778 4933 aer

2197 4986 2380 5041 purus,
2398 4971 2696 5038 caelum,sol
2718 4970 2884 5024 multo
2901 4971 3069 5040 magis
3084 4971 3370 5026 oblectant.
3393 4969 3564 5024 liabet
3582 4969 3778 5040 quippe

2194 5074 2474 5134 argentum
2495 5078 2638 5131 saepe
2679 5063 2980 5132 rubiginem
3019 5061 3422 5130 multam,undc
3457 5061 3670 5132 plurimi
3693 5063 3778 5115 ni-

2195 5173 2346 5227 grum
2375 5158 2544 5227 ipsum
2565 5170 2686 5210 esse
2710 5155 3069 5220 declararunt,
3098 5154 3238 5225 quod
3266 5162 3476 5210 constat
3499 5168 3566 5208 ex
3593 5153 3782 5223 imagi-

2195 5248 2371 5314 nibus,
2402 5265 2518 5316 quae
2540 5247 2702 5318 nigra:
2726 5255 3051 5302 evaserunt:
3084 5248 3136 5300 in
3182 5247 3297 5302 sole
3323 5256 3502 5301 autem
3529 5244 3661 5301 nihil
3693 5247 3779 5301 ni-

2193 5354 2346 5409 grum
2375 5348 2494 5403 est;
2525 5339 2576 5391 in
2601 5338 2735 5393 caelo
2763 5338 2909 5404 item,
2929 5337 2981 5392 in
3004 5337 3185 5391 astris.
3209 5336 3389 5407 Longe
3419 5336 3590 5407 major
3613 5347 3692 5392 est
3724 5339 3778 5393 in

2195 5430 2415 5484 lloribus
2442 5428 2743 5494 delectatio,
2766 5443 2924 5497 quam
2949 5429 3003 5482 in
3048 5428 3138 5482 illo
3166 5429 3370 5482 colore.
3399 5427 3515 5485 Non
3541 5439 3624 5484 est
3649 5444 3782 5499 ergo

2194 5523 2293 5577 flos
2313 5522 2402 5592 qui
2430 5521 2677 5588 delectat,
2701 5520 2793 5575 sed
2815 5519 3057 5587 avaritia,
3081 5519 3337 5588 injustitia
3371 5536 3383 5572 :
3416 5520 3516 5573 hoc
3551 5518 3780 5575 deiectat

2194 5615 2419 5680 animas,
2446 5630 2549 5668 non
2567 5624 2868 5684 argentum.
2891 5613 3037 5681 Ejice
3061 5611 3205 5665 illaut
3228 5628 3294 5666 ex
3317 5613 3512 5679 anin'ia,
3544 5623 3598 5669 ct
3627 5613 3772 5668 vidc-

2194 5708 2295 5774 bis,
2324 5708 2462 5776 quod
2487 5708 2777 5776 pretiosum
2805 5722 2920 5760 esse
2947 5705 3221 5761 videbatur
3250 5721 3406 5760 canto
3434 5705 3590 5763 vilius
3612 5723 3732 5762 csse
3759 5728 3774 5761 :

2195 5800 2652 5875 ejusmodivitium
2668 5801 2902 5856 elimina.
2928 5797 3059 5854 Nam
3083 5800 3170 5870 qui
3196 5798 3331 5855 febri
3356 5799 3622 5868 laborant,
3647 5814 3782 5855 cum
