4112 6398
360 288 460 342 539

355 417 566 457 omnum
595 401 794 465 vident,
824 401 949 456 illud
976 404 1127 470 quasi
1155 402 1326 458 fontes
1340 413 1596 473 exoptant
1615 420 1628 466 ;
1648 403 1736 474 qui
1754 412 1927 456 autem

353 498 466 549 sani
489 504 636 559 sunt,
663 509 806 562 saepe
827 511 893 548 ne
908 509 1098 563 aquam
1117 494 1332 563 quidem
1355 493 1761 562 concupiscunt.
1788 492 1931 562 Ejice

352 586 622 651 morbum,
649 594 703 640 et
728 600 817 640 res
845 596 901 638 ut
924 601 984 641 se
1011 586 1211 640 habent
1230 586 1451 639 videbis.
1482 586 1547 639 Et
1570 593 1627 638 ut
1646 584 1821 639 discas
1846 600 1932 639 me

355 692 461 730 non
491 678 726 743 mentiri,
751 677 944 731 mullos
968 680 1251 731 ostendere
1281 692 1518 746 possum,
1550 678 1637 744 qui
1666 676 1765 731 hoc
1791 675 1931 731 lece-

349 778 491 821 rnnt.
523 769 814 839 Exstingue
845 769 1041 839 ignem,
1071 778 1125 823 et
1155 768 1359 823 videbis
1404 769 1518 823 haec
1552 768 1771 823 ﬂoribus
1809 785 1929 824 esse

348 858 558 914 viliora.
592 862 876 916 Pulchrum
907 870 992 917 est
1025 862 1251 915 aurum?
1300 859 1391 913 sed
1433 860 1496 915 ad
1529 860 1923 931 eleemosynam

348 954 651 1022 pulchrum,
683 952 748 1006 ad
789 952 1054 1020 juvandos
1083 964 1341 1021 pauperes
1372 950 1674 1020 pulchrum,
1717 966 1822 1004 non
1858 952 1923 1004 ad

346 1045 586 1100 inutilem
613 1058 785 1108 usum,
819 1054 875 1096 ut
911 1045 1051 1096 intus
1085 1042 1278 1111 jaceat,
1307 1052 1365 1094 ut
1389 1042 1439 1095 in
1473 1050 1667 1096 terram
1690 1040 1925 1096 defodia-

344 1148 451 1201 tur,
501 1144 562 1189 ut
608 1135 871 1201 manibus,
900 1134 1143 1204 pedibus,
1178 1133 1337 1203 capiti
1362 1133 1811 1201 circumponatur.
1840 1134 1920 1187 Ad

344 1228 445 1281 hoc
477 1227 746 1280 inventum
780 1226 893 1287 luit,
926 1240 1030 1279 non
1063 1234 1121 1279 ut
1168 1225 1451 1293 imaginem
1487 1224 1575 1277 Dei
1603 1224 1694 1278 illo
1726 1224 1922 1277 vincia-

343 1333 481 1381 mns,
511 1317 604 1371 sed
637 1324 693 1370 ut
737 1316 941 1370 vinctos
969 1315 1240 1368 solvamus
1276 1332 1288 1369 :
1320 1313 1387 1368 ad
1419 1314 1519 1368 hnc
1561 1329 1695 1367 auro
1722 1326 1868 1369 utere
1902 1331 1914 1367 :

343 1412 573 1462 vinctum
596 1407 761 1471 solve,
794 1423 860 1460 ne
883 1406 1114 1460 solutam
1143 1406 1373 1459 animam
1401 1405 1619 1459 vincias.
1644 1404 1748 1458 Cur
1766 1420 1914 1474 ergo,

340 1500 425 1554 die
452 1498 603 1565 mihi,
628 1514 738 1553 rem
765 1497 1077 1552 viliSsiuiam
1100 1496 1348 1550 omnibus
1365 1495 1618 1564 prail'ers?
1648 1510 1772 1547 num
1792 1497 1915 1563 quia

337 1606 525 1644 aurum
556 1600 659 1656 est,
693 1605 800 1644 non
829 1588 1096 1643 vinculum
1125 1586 1281 1641 facit?
1305 1602 1371 1639 an
1399 1586 1618 1640 materia
1647 1586 1912 1639 vinculum

338 1681 496 1735 facit?
521 1682 644 1735 Sive
667 1695 854 1734 aurum
877 1681 964 1743 sit,
996 1680 1113 1733 sive
1137 1679 1356 1744 ferrum,
1390 1677 1617 1746 idipsum
1649 1687 1764 1741 est;
1808 1678 1913 1730 imo

334 1789 523 1828 aurum
552 1775 693 1827 lerro
716 1772 928 1843 gravius
956 1781 1058 1827 est.
1083 1772 1188 1827 Sed
1215 1772 1339 1842 quid
1360 1787 1470 1825 rem
1504 1771 1670 1825 levem
1699 1769 1913 1824 reddit?

336 1864 484 1917 Vana
511 1863 675 1933 gloria
696 1905 711 1929 ,
748 1874 802 1917 et
828 1862 968 1932 quod
996 1863 1190 1916 mulier
1218 1862 1285 1915 ab
1310 1862 1557 1916 omnibus
1583 1861 1756 1914 vincta
1783 1877 1910 1914 con-

333 1956 609 2023 Spiciatur,
642 1971 742 2024 qua
771 1955 837 2009 de
881 1970 938 2007 re
983 1954 1185 2022 pudore
1211 1951 1439 2006 sull‘undi
1470 1952 1724 2019 Oportuit.
1755 1950 1907 2018 Quod

333 2058 512 2099 autem
540 2047 641 2100 hoc
667 2062 847 2099 verum
879 2047 975 2111 sit,
1030 2044 1129 2114 liga
1161 2052 1215 2097 et
1249 2043 1490 2112 relinque
1520 2043 1571 2096 in
1601 2043 1903 2107 solitudine,

332 2139 421 2193 ubi
449 2138 621 2192 nullus
644 2138 715 2191 sit
740 2138 829 2208 qui
853 2137 1028 2191 videat
1052 2153 1066 2201 ;
1099 2145 1153 2190 et
1174 2146 1298 2189 tunc
1321 2134 1586 2188 vinculum
1605 2147 1766 2203 grave
1787 2148 1906 2186 mo-

1034 288 1090 342 S.
1128 287 1405 345 JOANNIS
1439 288 1905 345 CIIRYSOSTOMI
1952 287 2242 343 ARCHIEP
2300 290 2831 349 CONSTANTINOP.

3516 303 3617 358 file

2047 401 2346 471 iustumque
2377 404 2597 472 putabit.
2627 405 2952 464 Timeamus.
2984 406 3185 473 dilecti,
3234 426 3299 464 ne
3342 414 3616 468 audiamus

2042 491 2126 545 illa
2184 493 2437 548 terribilia
2493 495 2649 550 verba
2714 516 2725 550 :
2773 495 2965 565 Ligatis
3020 498 3252 553 manibus
3301 518 3361 555 ac
3408 505 3614 570 pedibus

2040 580 2263 651 (Matth.
2293 584 2383 637 22.
2417 584 2542 654 15).
2590 586 2696 641 Cur
2722 586 2823 641 hoc
2851 588 2944 641 tibi
2976 590 3090 642 lieri
3140 606 3326 656 curas,
3385 596 3611 650 mulier?

2039 690 2196 729 nemo
2254 692 2321 731 ex
2367 678 2668 732 vinctorum
2724 694 2947 733 numero
2995 683 3237 737 inanibus
3283 684 3612 755 pedibusque

2036 767 2282 824 vincitur.
2313 768 2420 822 Cur
2464 780 2625 838 caput
2650 771 2857 824 vincis?
2884 786 3062 825 annon
3103 774 3298 830 sufﬁcit
3323 793 3511 834 manus
3558 792 3613 836 et

2035 856 2196 924 pedes
2244 859 2472 913 vinciri?
2517 875 2613 914 cur
2660 861 2855 915 collum
2887 864 3030 917 mille
3081 866 3302 922 vinculis
3332 871 3605 924 constrin-

2031 949 2154 1018 gis?
2209 949 2358 1004 Mitto
2405 952 2816 1007 sollicitudinem
2871 953 2994 1008 hinc
3042 969 3283 1025 partam,
3330 960 3604 1028 timorem,

2030 1055 2305 1110 angorem,
2331 1042 2476 1097 litem
2507 1059 2626 1098 cum
2658 1044 2775 1097 viro
2801 1060 2861 1099 ea
2889 1044 2955 1100 de
2980 1062 3164 1111 causa,
3191 1049 3235 1102 si
3263 1052 3476 1118 quando
3505 1053 3608 1106 illis

2030 1131 2282 1202 indigeat,
2315 1145 2540 1191 mortem
2572 1152 2729 1207 quam
2760 1139 3045 1204 sustinent,
3075 1141 3119 1194 si
3150 1142 3274 1210 quid
3299 1142 3487 1197 horum
3510 1161 3605 1199 cx-

2028 1223 2190 1279 cidat.
2223 1225 2468 1282 lizeccine
2495 1229 2767 1297 voluptas?
2792 1229 2876 1284 die
2908 1232 3059 1288 milii.
3112 1231 3180 1287 Ut
3227 1235 3364 1288 alius
3387 1249 3604 1305 aspectu

2027 1315 2355 1383 oblectetur,
2385 1327 2439 1372 te
2469 1320 2730 1386 vinculis,
2782 1321 3231 1378 sollicitudinibus
3251 1366 3264 1386 ,
3322 1329 3601 1395 periculis,

2026 1409 2284 1463 molestiis
2304 1451 2318 1473 ,
2348 1411 2671 1480 quotidianis
2696 1412 2824 1466 rixis
2853 1413 3073 1482 subjicis
3093 1416 3116 1467 ?
3137 1432 3311 1470 annon
3340 1418 3439 1472 hoc
3460 1424 3601 1473 omni

2023 1498 2395 1553 criminatione
2421 1500 2636 1570 dignum
2665 1501 2787 1554 est?
2814 1501 2909 1566 Ne,
2940 1520 3145 1572 quaeso,
3196 1522 3264 1561 ne
3301 1508 3412 1561 lucc
3439 1509 3596 1564 facia—

2026 1603 2175 1652 mus;
2200 1589 2293 1644 sed
2318 1606 2476 1645 omne
2502 1592 2795 1662 iniquitatis
2832 1594 3095 1648 vinculum
3124 1596 3422 1662 solvamus;
3457 1601 3601 1654 lran-

2020 1694 2208 1748 gamus
2256 1682 2510 1736 esurienti
2550 1698 2738 1751 panem
2782 1699 2796 1737 :
2829 1685 2929 1739 alia
2978 1688 3153 1741 omnia
3183 1687 3456 1757 faciamus,
3484 1708 3600 1761 qua:

2020 1770 2174 1823 nobis
2196 1770 2439 1826 liduciam
2459 1773 2596 1841 apud
2618 1774 2781 1828 Deum
2806 1790 2993 1843 parere
3016 1780 3241 1846 possint,
3264 1790 3319 1834 ut
3343 1785 3597 1850 promissa

2020 1862 2153 1916 bona
2194 1879 2604 1933 consequamur,
2648 1869 2698 1920 in
2730 1867 2941 1921 Christo
2966 1868 3090 1923 Jesu
3123 1870 3350 1925 Domino
3380 1884 3561 1927 "0515'"
3582 1919 3595 1938 ,

2016 1953 2229 2020 quicum
2272 1953 2412 2007 Patri
2441 1955 2703 2025 simulque
2737 1955 2953 2025 Spiritui
2986 1970 3172 2015 sancto
3195 1963 3358 2031 gloria
3379 2006 3393 2029 ,
3424 1964 3593 2034 impe-

2017 2043 2153 2096 rium
2175 2084 2190 2108 ,
2224 2044 2417 2109 honor,
2449 2062 2589 2100 nunc
2615 2057 2669 2103 et
2694 2063 2925 2118 semper,
2960 2059 3013 2103 et
3057 2052 3107 2105 in
3142 2056 3332 2107 sarcula
3368 2059 3592 2110 sescun-

2017 2149 2157 2189 rum.
2213 2138 2404 2189 Amen.

1622 2250 3590 2275 _______________—________

1738 2312 2085 2375 HOMILIA
2146 2312 2312 2373 Vlll.

326 2466 461 2520 CAP.
505 2466 559 2519 2.
609 2481 665 2519 v.
710 2464 766 2519 8.
820 2462 946 2518 Volo
981 2464 1134 2535 igitur
1172 2464 1304 2516 viros
1333 2479 1481 2515 orare
1510 2461 1562 2514 in
1593 2460 1730 2514 omni
1770 2458 1902 2520 loco,

394 2558 685 2612 extollentes
715 2567 915 2610 sanctas
940 2572 1119 2608 manus
1148 2553 1333 2622 absque
1355 2555 1432 2606 ira
1452 2561 1499 2605 et
1515 2550 1893 2620 disceptatione.

395 2650 448 2702 9.
485 2649 733 2703 Similiter
764 2657 809 2699 et
847 2648 1082 2700 mulieres
1121 2647 1173 2698 in
1218 2644 1390 2697 habitu
1415 2653 1597 2697 ornato
1626 2658 1738 2694 cum
1766 2656 1906 2695 vere-

396 2739 581 2792 cundia
604 2748 650 2790 et
675 2738 919 2807 pudicitia
944 2738 1135 2804 seipsas
1150 2752 1355 2799 ornare,
1388 2750 1488 2787 non
1510 2733 1564 2785 in
1588 2732 1729 2785 tortis
1751 2731 1904 2783 crini-

394 2834 505 2895 bus,
547 2842 635 2885 aut
671 2848 817 2896 auro,
855 2842 943 2883 aut
981 2830 1289 2898 margaritis,
1336 2838 1425 2879 aut
1468 2836 1601 2880 veste
1646 2826 1900 2895 pretiosa;

390 2926 606 2990 10.sed,
646 2927 782 2992 quod
822 2922 1055 2976 mulieres
1091 2921 1250 2987 decet,
1310 2918 1603 2988 pollicentes
1659 2918 1895 2987 pietatem

392 3035 480 3085 per
502 3018 632 3068 bona
655 3032 829 3085 opera.

392 3110 443 3163 1.
494 3107 621 3161 Cum
655 3106 834 3171 oratis,
881 3105 1051 3173 inquit
1116 3103 1379 3164 Christus,
1428 3101 1583 3154 nolite
1627 3099 1737 3167 ﬁeri
1767 3099 1897 3151 sicut

320 3202 594 3273 ‘iypocritw
621 3217 638 3253 :
663 3209 835 3254 ainant
868 3200 1011 3253 enim
1042 3199 1094 3250 in
1116 3198 1386 3267 synagogis
1413 3206 1457 3249 et
1482 3196 1536 3247 in
1564 3194 1766 3261 angulis
1793 3193 1897 3261 pla-

314 3308 509 3350 tearum
551 3310 720 3357 orare,
770 3300 825 3344 ut
868 3290 1132 3344 videantur
1160 3288 1222 3340 ab
1244 3286 1549 3340 hominibus.
1580 3284 1739 3336 Amen
1782 3284 1895 3336 dico

313 3388 469 3449 vobis,
500 3386 618 3453 quia
639 3391 931 3451 receperunt
960 3379 1238 3434 mercedem
1270 3394 1434 3432 suam.
1465 3376 1542 3430 Tu
1563 3386 1732 3428 autem
1780 3390 1893 3426 cum

314 3476 554 3539 oraveris,
600 3475 734 3527 intra
773 3475 826 3526 in
865 3472 1151 3526 cubiculum
1183 3482 1344 3533 tuum,
1385 3478 1431 3523 et
1452 3470 1625 3521 clauso
1650 3468 1777 3520 ostio
1803 3484 1893 3519 ora

313 3566 522 3619 Patrem
540 3575 680 3617 tuum
708 3564 761 3615 in
783 3562 1113 3627 abscondito;
1144 3571 1190 3615 et
1210 3562 1318 3631 ipse
1338 3559 1512 3613 reddet
1544 3558 1632 3611 tibi
1658 3559 1708 3610 in
1738 3558 1893 3611 mani-

310 3658 438 3724 festo
467 3654 679 3725 (Matth.
708 3656 760 3708 6.
790 3655 841 3708 5.
876 3651 953 3722 6).
986 3652 1122 3719 Quid
1156 3652 1317 3721 igitur
1346 3650 1540 3704 Paulus
1570 3649 1721 3711 dicit,
1763 3647 1888 3702 Volo

309 3750 439 3802 viros
483 3764 632 3801 orare
674 3749 726 3799 in
764 3746 901 3799 omni
942 3746 1075 3810 loco,
1122 3742 1416 3797 extollentes
1460 3751 1661 3795 sanctas
1708 3757 1887 3793 manus

306 3842 492 3909 absque
528 3840 608 3892 ira
650 3848 693 3892 et
732 3837 1093 3906 disceptatione
1114 3836 1139 3889 ?
1160 3835 1263 3889 Sed
1295 3851 1398 3888 non
1429 3844 1511 3888 est
1540 3835 1640 3888 hoc
1668 3845 1883 3888 contra-

307 3933 442 3985 rium
494 3930 621 3995 illis,
677 3929 853 3992 absit;
902 3929 1010 3981 imo
1054 3926 1210 3979 valde
1256 3932 1536 3979 consonat.
1565 3924 1885 3991 Quomodo?

306 4023 461 4077 Prius
488 4029 668 4075 autem
696 4017 978 4073 dicendum
1018 4026 1118 4081 est,
1164 4016 1289 4085 quid
1329 4016 1398 4069 sit
1440 4014 1591 4079 illud,
1639 4014 1789 4067 Intra
1829 4017 1882 4067 in

304 4113 585 4166 cubiculum
606 4121 772 4175 tuum,
801 4119 856 4165 et
882 4126 977 4164 cur
1006 4109 1107 4162 hoc
1131 4107 1419 4177 pratcipiat,
1449 4107 1495 4160 si
1527 4107 1596 4160 sit
1620 4106 1879 4160 orandum

307 4209 358 4260 in
387 4206 530 4259 omni
566 4205 705 4269 loco,
736 4204 781 4259 si
807 4204 858 4257 in
882 4201 1108 4257 ecclesia
1126 4216 1283 4256 orare
1314 4214 1419 4252 non
1449 4207 1718 4268 oporteat,
1747 4205 1800 4251 et
1834 4196 1879 4251 si

304 4300 357 4351 in
400 4298 540 4351 nulla
579 4297 679 4351 alia
715 4295 908 4350 domus
957 4302 1107 4365 parte
1150 4293 1327 4355 liceat,
1374 4290 1473 4344 nisi
1519 4290 1571 4344 in
1611 4287 1875 4343 cubiculo.

299 4390 437 4459 Quid
463 4404 593 4459 ergo
619 4388 721 4443 sibi
749 4389 863 4442 vult
887 4387 1087 4441 dictum
1112 4385 1281 4439 illud?
1313 4384 1526 4438 lnanem
1548 4382 1769 4451 gloriam
1800 4380 1877 4437 fu-

305 4484 552 4555 giendam
574 4497 693 4537 esse
719 4482 921 4537 docens
945 4480 1210 4545 Christus,
1235 4478 1364 4532 dicit
1402 4492 1507 4531 non
1540 4474 1875 4543 simpliciter,

300 4576 477 4638 Clam,
526 4574 619 4627 sed
652 4572 872 4627 Occulte
908 4571 1207 4625 orationem
1250 4571 1456 4622 emitte.
1492 4567 1561 4623 Ut
1587 4567 1729 4621 enim
1757 4580 1876 4620 cum

295 4665 445 4729 dicit,
472 4662 679 4717 Nesciet
699 4664 905 4717 sinistra
935 4671 1021 4715 tua
1045 4660 1168 4731 quid
1198 4660 1319 4729 facit
1352 4660 1559 4713 dextera
1594 4666 1681 4711 tua
1708 4654 1871 4726 (Ibid.

294 4759 347 4813 6.
379 4759 413 4811 5
445 4756 488 4828 ),
534 4773 638 4809 non
688 4756 755 4809 de
810 4755 1054 4809 manibus
1102 4753 1418 4822 simpliciter
1468 4751 1724 4820 loquitur,
1780 4748 1874 4803 sed

296 4866 453 4921 quam
500 4850 564 4903 sit
608 4864 817 4903 summe
861 4847 1103 4916 fugienda
1140 4862 1271 4899 vana
1305 4845 1475 4915 gloria
1502 4845 1737 4899 declarat
1764 4865 1775 4897 :
1804 4841 1874 4895 ita

294 4947 347 4997 in
376 4943 476 4997 hoc
496 4956 707 5011 quoque
736 4941 853 4992 loco
880 4940 980 4993 hoc
1005 4938 1327 4992 subindicat.

367 5033 633 5089 Oranduin
649 5032 847 5101 ubique.
862 5030 908 5083 Ν
915 5031 1062 5083 imius
1078 5029 1494 5085 ornatus—Non
1515 5030 1670 5097 igitur
1684 5028 1734 5081 in
1755 5026 1873 5079 loco

296 5126 547 5194 qquiam
570 5125 865 5177 orationem
894 5121 1189 5175 faciendam
1217 5138 1336 5175 esse
1360 5121 1619 5185 delinivit,
1649 5119 1741 5173 sed
1772 5118 1871 5172 hoc

295 5234 455 5270 unum
487 5224 687 5269 tantum
720 5213 992 5282 praecepit,
1026 5210 1328 5281 fugiendam
1375 5226 1494 5265 esse
1529 5226 1713 5262 vanam
1751 5212 1868 5277 glo-

290 5314 445 5364 riam.
477 5307 673 5361 Paulus
704 5321 831 5360 vero
857 5305 971 5358 [NBG
996 5303 1125 5358 dicit
1159 5303 1225 5357 ad
1250 5301 1603 5357 differentiam
1631 5300 1866 5354 Judaic;c

287 5402 581 5456 orationis:
626 5399 750 5453 vide
784 5414 1012 5467 namque
1052 5396 1181 5466 quid
1228 5395 1412 5449 dicat:
1459 5394 1525 5448 In
1573 5395 1709 5447 omni
1755 5394 1867 5446 loco

287 5492 581 5548 extollentes
603 5500 803 5544 sanctas
843 5506 1060 5553 manus;
1103 5487 1243 5555 quod
1276 5487 1477 5541 Judieis
1508 5501 1611 5539 non
1644 5486 1859 5540 licebat.

286 5584 471 5651 Neque
495 5586 635 5637 enim
660 5590 908 5652 poterant
934 5581 1001 5636 ad
1034 5581 1199 5636 Deum
1225 5578 1483 5633 accedere
1508 5578 1636 5630 alibi
1664 5586 1719 5631 et
1756 5579 1859 5631 im-

289 5678 489 5730 molare
518 5687 569 5731 et
593 5677 1075 5745 cultuinimplere;
1106 5674 1199 5729 sed
1229 5674 1461 5742 undique
1489 5688 1555 5727 ex
1592 5680 1703 5725 toto
1724 5673 1861 5727 orbe

287 5777 685 5835 concurrentes,
709 5783 893 5825 omnes
917 5768 1311 5839 puriﬁeationes
1331 5768 1383 5821 in
1434 5765 1636 5835 templo
1676 5764 1849 5821 lacere

2016 2458 2316 2525 oportebat.
2352 2458 2445 2512 His
2472 2460 2759 2517 adversam
2785 2463 3201 2520 admonitionem
3231 2468 3457 2533 inducit;
3483 2480 3535 2523 et
3559 2487 3589 2524 a

2010 2550 2326 2605 necessitate
2364 2551 2449 2605 illa
2503 2553 2782 2620 liberans,
2835 2556 2950 2611 Non
3010 2559 3349 2627 liujusmudi,
3402 2564 3586 2633 inquit,

2010 2649 2189 2695 nostra
2219 2651 2362 2707 sunt,
2392 2644 2566 2710 qualia
2596 2645 2836 2701 Judaica.
2868 2649 3018 2704 Sient
3044 2652 3185 2703 enini
3218 2668 3312 2718 pro
3340 2655 3586 2707 omnibus

2009 2734 2282 2789 orationes
2325 2734 2501 2790 facere
2545 2738 2727 2805 jubet;
2769 2740 3037 2803 nam,Pro
3080 2743 3348 2807 omnibus,
3396 2746 3583 2814 inquit,

2007 2822 2256 2879 Christus
2285 2836 2528 2881 mortuus
2551 2839 2652 2891 est,
2681 2839 2756 2892 et.
2787 2830 2892 2885 Pro
2912 2833 3161 2889 omnibus
3184 2834 3297 2888 [nec
3320 2836 3581 2904 prwdico:

2006 2916 2087 2970 sic
2118 2916 2312 2985 ubique
2346 2919 2540 2972 bonum
2567 2930 2649 2974 est
2689 2935 2879 2987 orare;
2909 2923 3213 2979 observatio
3240 2936 3417 2981 autem
3443 2929 3582 2981 nulla

2005 3007 2260 3077 deinceps
2296 3008 2364 3064 de
2388 3012 2503 3064 loco
2530 3013 2618 3076 sit,
2650 3013 2743 3067 sed
2771 3014 2838 3067 de
2866 3015 3025 3069 modo
3048 3017 3327 3072 orationis.
3378 3018 3583 3088 Ubique

2004 3118 2121 3164 ora,
2151 3102 2350 3171 inquit;
2384 3106 2581 3174 ubique
2606 3117 2819 3160 sanctas
2845 3123 3037 3163 manus
3080 3110 3313 3164 extollo:
3358 3112 3459 3165 hoc
3499 3125 3581 3167 est

2001 3194 2141 3259 quod
2171 3196 2446 3263 qumritur.
2492 3196 2629 3264 Quid
2657 3198 2757 3252 sibi
2786 3200 2901 3252 vult
2928 3198 3187 3254 Sanctus?
3216 3200 3382 3256 Puras
3409 3221 3423 3255 :
3454 3206 3579 3272 quid

2001 3294 2084 3339 est
2128 3288 2322 3355 puras?
2360 3287 2476 3341 Non
2499 3303 2635 3355 aqua
2655 3288 2888 3355 ablutas,
2919 3290 3013 3346 sed
3044 3290 3112 3345 ab
3135 3293 3381 3359 avaritia,
3414 3294 3577 3348 caedi-

2000 3376 2120 3437 bus,
2168 3378 2390 3446 rapinis,
2426 3379 2592 3449 plagis
2634 3381 2934 3435 mandatas.
2970 3381 3097 3436 Sine
3134 3385 3213 3436 ira
3245 3393 3292 3437 et
3331 3385 3573 3454 discepta-

1998 3466 2150 3520 tione.
2200 3468 2337 3535 Quid
2384 3470 2485 3522 hoc
2522 3471 2643 3523 est?
2673 3472 2793 3538 quis
2817 3485 2979 3525 orans
3009 3472 3295 3527 irascitur?
3324 3474 3437 3529 Hoc
3469 3484 3571 3539 est,

1995 3558 2111 3612 sine
2140 3558 2456 3627 injuriarum
2488 3560 2881 3616 recordatione.
2908 3562 3078 3617 Purus
3112 3565 3181 3617 sit
3217 3566 3420 3620 orantis
3460 3569 3573 3620 ani-

1996 3663 2134 3713 mus,
2184 3652 2326 3703 omni
2377 3652 2506 3705 vitio
2553 3651 2913 3707 liberznemo
2951 3654 3256 3711 inimicitias
3282 3658 3482 3712 habens
3505 3661 3570 3712 ad

1997 3741 2160 3795 Deum
2191 3742 2446 3798 accedat:
2505 3760 2664 3799 nemo
2708 3761 2827 3799 cum
2878 3748 3177 3802 aversione
3204 3760 3255 3803 et
3302 3750 3568 3820 disceplao

1992 3830 2157 3886 tione.
2186 3832 2323 3899 Quid
2355 3844 2438 3888 est
2472 3835 2622 3901 illud,
2659 3836 2783 3891 Sine
2819 3838 3217 3909 disceptatione?
3258 3841 3565 3895 Audiamus.

1991 3923 2105 3979 Non
2144 3941 2274 3996 ergo
2304 3926 2655 3982 dubitandum
2688 3939 2789 3993 est,
2825 3945 2923 3984 nos
2962 3932 3266 3985 exauditam
3296 3933 3379 3985 iri.
3410 3934 3568 3998 Qua:-

1989 4032 2197 4086 cumque
2237 4020 2402 4082 enim,
2448 4020 2637 4088 inquit,
2691 4022 2950 4075 credentes
2999 4024 3262 4091 petieritis,
3308 4026 3569 4093 accipietis

1989 4108 2201 4176 (Matth.
2231 4109 2321 4164 21.
2354 4111 2482 4179 2‘3);
2525 4122 2580 4165 et
2610 4128 2846 4177 rursum,
2876 4116 3000 4165 Cum
3026 4115 3171 4168 statis
3199 4116 3266 4168 ad
3291 4117 3564 4181 orandum,

1987 4199 2238 4266 dimittite,
2262 4202 2305 4253 si
2324 4202 2445 4270 quid
2476 4202 2667 4255 habetis
2688 4214 2865 4256 contra
2883 4203 3100 4272 aliquem
3123 4204 3314 4274 (Marc.
3337 4207 3421 4260 ll.
3447 4206 3561 4277 25),

1999 4290 2099 4345 hoc
2124 4302 2227 4357 est,
2258 4292 2382 4347 Sine
2413 4294 2491 4347 ira
2518 4304 2563 4347 et
2594 4293 2978 4364 disceptatione.
3028 4294 3095 4348 Et
3139 4298 3429 4361 quomodo,
3480 4298 3564 4350 iii-

1983 4383 2154 4451 quies,
2179 4384 2400 4437 credere
2442 4393 2627 4452 potero
2656 4400 2741 4439 me
2776 4397 3227 4454 conscquuturum
3277 4402 3396 4439 esse
3422 4388 3564 4455 quod

1987 4476 2144 4542 peto?
2181 4476 2237 4531 Si
2284 4478 2410 4530 nihil
2457 4478 2788 4532 contrarium
2832 4489 2981 4546 petas
3016 4478 3103 4544 iis,
3133 4494 3253 4546 qua:
3284 4478 3396 4546 ipse
3426 4480 3557 4534 dare

1986 4576 2201 4633 paratus
2243 4575 2348 4632 est,
2395 4569 2439 4621 si
2470 4567 2599 4621 nihil
2650 4568 2922 4637 indignum
2956 4568 3121 4638 Rege,
3155 4570 3200 4621 si
3230 4568 3357 4622 nihil
3386 4585 3559 4623 sa2cu~

1985 4655 2115 4720 lare,
2166 4658 2209 4711 si
2253 4659 2431 4711 omnia
2475 4658 2791 4727 Spiritualia,
2821 4660 2866 4713 si
2896 4659 3098 4728 absque
3122 4661 3197 4713 ira
3224 4662 3465 4725 accedas,
3517 4664 3560 4715 si

1983 4764 2141 4816 puras
2172 4759 2225 4803 et
2267 4762 2481 4804 sanctas
2512 4750 2708 4805 habeas
2742 4767 2930 4805 manus
2962 4770 2973 4803 :
3006 4761 3203 4805 sancta:
3229 4762 3406 4805 autem
3434 4764 3559 4806 sunt

1982 4841 2086 4895 illa:
2126 4858 2244 4908 qua:
2287 4844 2659 4913 eleemosynas
2698 4850 2945 4911 erogant.
2980 4841 3036 4896 Si
3063 4844 3141 4896 sic
3171 4842 3417 4908 accedas,
3450 4844 3556 4895 vnti

1980 4949 2201 5002 compos
2246 4936 2371 4987 eris.
2418 4933 2547 4987 Nam
2600 4934 2659 4988 Si
2702 4950 2808 4999 vos,
2868 4933 3061 5002 inquit,
3103 4950 3218 4986 cum
3261 4934 3368 4987 sitis
3415 4935 3552 4997 mali,

1979 5026 2137 5079 nostis
2158 5030 2286 5078 bona
2312 5027 2432 5078 data
2467 5027 2588 5079 dare
2614 5026 2733 5094 ﬁliis
2760 5026 2956 5091 vestris,
2986 5035 3175 5095 quanto
3211 5027 3370 5095 magis
3404 5025 3553 5077 Pater

1978 5130 2135 5172 vester
2162 5120 2249 5188 qui
2277 5122 2329 5171 in
2350 5120 2487 5172 cretis
2517 5130 2588 5172 est
2615 5119 2831 5188 (Matth.
2856 5122 2909 5175 7.
2945 5119 3037 5192 Η)
3060 5123 3073 5175 i
3099 5119 3546 5187 Disceptationem

1980 5212 2066 5266 hic
2114 5222 2268 5265 vocat
2310 5210 2724 5265 dubitationem.
2762 5212 3019 5268 Similiter
3044 5221 3099 5268 et
3131 5210 3385 5270 tmtliel‘es
3410 5210 3554 5277 νυΙυ.

1978 5303 2169 5372 inquit,
2213 5301 2280 5355 ad
2329 5302 2492 5355 Deum
2531 5301 2795 5356 accedere
2834 5302 2951 5356 sine
2996 5305 3092 5367 ira,
3137 5304 3254 5357 sine
3285 5302 3556 5370 discepta-

1978 5395 2142 5459 tione,
2189 5402 2403 5446 sanctas
2428 5408 2618 5448 manus
2661 5392 2881 5457 habere,
2929 5396 3389 5462 concupiscentias
3433 5406 3555 5445 suas

1976 5500 2080 5539 non
2120 5485 2291 5552 sequi,
2336 5500 2440 5537 non
2474 5500 2683 5554 rapere,
2719 5500 2823 5538 non
2855 5500 3046 5538 avaras
3077 5500 3215 5538 esse.
3246 5485 3381 5551 Quid
3412 5484 3553 5538 enim

1976 5576 2141 5632 refert
2168 5576 2309 5629 illam
2356 5592 2460 5628 non
2507 5591 2723 5644 rapere,
2773 5576 2817 5629 si
2870 5591 2963 5644 per
3002 5576 3173 5628 virum
3218 5590 3371 5629 suum
3424 5575 3549 5630 illud

1975 5670 2206 5723 efﬁciat?
2248 5669 2288 5721 A
2339 5668 2648 5721 mulieribus
2695 5679 2876 5722 autem
2915 5666 3112 5734 aliquid
3156 5668 3382 5735 amplius
3420 5668 3551 5734 petit

1976 5763 2184 5819 Paulus.
2219 5761 2355 5832 Quid
2402 5760 2534 5817 illud
2583 5763 2701 5818 est?
2746 5760 2874 5817 Cum
2914 5759 3233 5826 verecundia,
3276 5760 3463 5830 inquit,
3507 5770 3552 5813 et
