4090 6396
453 448 553 513 λάς
596 452 940 524 περικέηται.
989 453 1087 507 Διά
1141 454 1301 511 τοῦτο
1354 457 1590 529 εὑρέθη,
1642 458 1739 531 οὐχ
1785 461 1875 514 ἵνα
1923 459 2022 531 τὴν

452 532 635 585 εἰκόνα
658 533 751 586 τοῦ
784 535 919 588 Θεοῦ
947 537 1378 609 καταδεσμῶμεν
1397 541 1593 611 τούτῳ,
1622 542 1739 595 ἀλλ’
1766 542 1854 596 ἵνα
1883 541 2022 595 λύω-

456 632 555 684 μεν
587 617 715 680 τοὺς
749 616 1091 688 δεδεμένουςο
1122 622 1203 685 εἰς
1228 622 1384 675 τοῦτο
1411 622 1653 694 κέχρησο
1692 624 1772 695 τῷ
1798 625 1984 696 χρυσῷ
2003 640 2017 653 °

450 696 611 751 λῦσον
636 699 729 752 τὸν
753 700 1055 771 δεδεμένον,
1095 704 1169 774 μὴ
1191 704 1360 776 δήσῃς
1390 704 1487 775 τὴν
1513 706 1832 777 λελυμένην.
1865 708 2021 771 Τίνος

450 781 559 850 γὰρ
594 781 960 848 ἐνεκεν,.εἰπέ
999 802 1124 857 μοι,
1158 788 1258 855 τὴν
1294 788 1589 860 οὐδαμινὴν
1629 790 1848 845 πάντων
1886 808 2019 864 προ-

449 866 634 937 τίθης;
675 867 749 937 μὴ
783 867 911 936 γὰρ,
954 868 1141 939 ἐπειδὴ
1171 870 1370 939 χρυσός
1405 871 1572 937 ἐστιν,
1615 873 1797 926 οὐκέτι
1824 874 2021 944 δεσμὸν

451 951 627 1014 ποιεῖς
664 948 738 1019 μὴ
766 948 873 1021 γάρ
901 951 934 1020 ἡ
964 949 1063 1022 ὕλη
1107 952 1197 1005 τὸν
1228 952 1426 1023 δεσμὸν
1451 957 1627 1020 ποιεῖ;
1665 957 1765 1008 Ἂν
1794 973 1856 1009 τε
1888 973 2021 1027 χρυ-

452 1032 543 1096 σὸς
571 1028 642 1104 ᾖ,
685 1033 750 1086 άν
793 1050 852 1085 τε
902 1032 1151 1106 σίδηρος,
1193 1035 1389 1089 ταυτόν
1439 1039 1593 1091 ἐστι·
1644 1039 1821 1093 καίτοι
1864 1038 2020 1091 τοῦτο

450 1116 658 1170 ἐκείνου
707 1117 803 1170 κα)⁸
845 1116 1165 1189 βαρύτερον.
1216 1118 1378 1173 Ἀλλὰ
1426 1120 1480 1173 τί
1522 1124 1666 1174 ποιεῖ
1711 1122 1912 1189 κοῦφον
1958 1124 2021 1176 τὸ

450 1200 681 1269 πρᾶγμα
702 1216 715 1263 ;
762 1199 826 1252 'H
849 1200 1144 1267 κενοδοξία,
1169 1201 1263 1253 καὶ
1288 1201 1349 1254 τὸ
1375 1202 1525 1275 παρά
1550 1203 1766 1257 πάντων
1788 1203 2019 1275 ὁρᾶσθαι

448 1280 761 1352 δεδεμένην.
816 1282 901 1351 ἐφ’
943 1275 988 1349 ᾧ
1024 1283 1195 1354 ἐχρῆν
1246 1282 1446 1353 μᾶλλον
1489 1285 1858 1355 αἰσχύνεσθαι.
1897 1288 2019 1340 Ὅτι

448 1364 558 1435 γάρ
589 1364 747 1419 τοῦτο
769 1364 966 1433 ἀληθές
990 1368 1127 1431 ἐστι,
1155 1368 1478 1438 κατάδησον,
1511 1371 1605 1423 καί
1630 1369 1765 1439 ἄφες
1797 1371 1856 1423 ἐν
1892 1373 2022 1443 ἐρη-

452 1447 584 1518 μίᾳ,
627 1447 754 1501 ἔνθα
786 1448 962 1512 οὐδεὶς
992 1450 1020 1502 ὁ
1052 1449 1304 1519 θεωρῶν,
1338 1451 1434 1503 καὶ
1483 1450 1775 1524 βαρύνεται
1805 1453 1897 1506 τὸν
1933 1454 2019 1507 δε-

449 1534 586 1600 σμδν
629 1533 724 1585 καὶ
762 1532 972 1603 ἐπαχθῆ
1019 1533 1249 1604 νομίζει.
1298 1534 1668 1605 Φοϐηθῶμεν,
1708 1537 2015 1607 ἀγαπητοὶ,

451 1614 526 1683 μὴ
568 1612 889 1684 ἀκούσωμεν
927 1616 1113 1669 ἐκεῖνα
1157 1615 1226 1669 τὰ
1258 1615 1467 1686 φοϐερὰ
1508 1618 1754 1688 ῥήματα,
1784 1618 2019 1683 Δήσατε

446 1695 632 1749 αὐτοῦ
655 1696 857 1766 χεῖρας
878 1698 977 1751 καί
1005 1697 1214 1764 πόδας.
1235 1698 1301 1751 Τί
1316 1698 1416 1769 ἢδη
1441 1698 1596 1752 τοῦτο
1619 1702 1787 1772 σαυτῇ
1817 1701 2013 1765 ποιεῖς,

447 1779 633 1848 γύναις
656 1780 832 1843 οὐδεὶς
856 1779 1137 1852 δεσμώτης
1166 1782 1356 1852 χεῖρας
1382 1782 1479 1834 καὶ
1502 1782 1671 1846 πόδας
1694 1783 1921 1837 δέδεται.
1948 1783 2014 1836 Τί

448 1863 541 1917 καὶ
574 1863 674 1931 τὴν
702 1863 943 1936 κεφαλὴν
970 1863 1224 1935 δεσμεῖς;
1259 1864 1319 1918 οὐ
1356 1865 1465 1935 γὰρ
1496 1867 1657 1937 ἀρκεῖ
1698 1869 1886 1937 χεῖρας
1918 1868 2012 1922 καὶ

1304 341 1371 397 ΙΝ
1409 341 1630 403 EPIST.
1664 344 1687 399 I
1724 344 1817 399 AI)
1858 343 2140 406 TIMOTH.
2171 347 2325 405 CAP.
2365 347 2696 405 11.ἰίοΜ11...
2744 348 2879 406 VIII.

3591 352 3700 406 5ιο

2124 461 2317 529 πόδας;
2366 462 2425 515 τί
2450 465 2548 516 καὶ
2589 464 2681 516 τὸν
2706 464 2978 534 τράχηλον
3014 463 3232 532 μυρίοις
3277 463 3496 533 δεσμοῖς
3537 481 3694 533 περι-

2124 546 2370 611 6άλλεις;
2404 548 2516 616 Τὴν
2544 546 2655 617 γὰρ
2682 547 2791 601 ἀπὸ
2818 547 3024 601 τούτων
3047 546 3306 618 φροντίδα
3336 546 3611 617 παρίημι,
3634 551 3696 600 το

2121 628 2259 693 δέος,
2287 629 2392 699 τὴν
2412 630 2673 697 ἀγωνίαν,
2698 629 2797 700 τὴν
2830 630 3009 701 μάχην
3044 631 3143 700 τὴν
3170 630 3311 701 ὑπὲρ
3341 630 3520 682 αὐτῶν
3558 631 3694 702 πρὸς

2120 712 2211 764 τὸν
2252 713 2453 783 ἄνδρα,
2494 714 2701 766 εἴποτε
2731 713 2909 767 αὐτῶν
2949 714 3194 784 δεηθείη,
3229 713 3322 767 τὸν
3363 712 3591 767 θάνατον
3634 713 3693 767 ὃν

2122 795 2515 865 ὑπομένουσιν,
2552 797 2759 850 εἴποτε
2783 797 3009 849 ἐκπέσοι
3041 814 3096 851 τι
3121 797 3349 850 τούτων.
3381 796 3567 850 Ταῦτα
3599 792 3693 850 οὖν

2121 880 2312 949 ἡδονὴ,
2342 881 2463 932 εἰπέ
2502 897 2628 948 μοις
2663 879 2781 933 ἰνα
2804 879 2991 950 ἔτερος
3017 879 3194 951 τέρπῃ
3230 880 3328 943 τὰς
3356 880 3528 948 ὄψεις,
3561 897 3693 933 σαυ-

2118 962 2218 1033 τὴν
2252 962 2344 1015 καὶ
2377 963 2597 1031 δεσμοῖς
2633 963 2729 1016 καὶ
2761 962 3007 1032 φροντίσι
3034 963 3128 1016 καὶ
3164 963 3432 1026 κινδύνοις
3462 964 3558 1016 καὶ
3586 962 3689 1032 ἀη-

2119 1044 2259 1109 δίαις
2297 1046 2391 1098 καὶ
2424 1045 2623 1115 μάχαις
2663 1044 3060 1116 καθημεριναῖς
3097 1044 3457 1111 ύτιοὸάλλεις;
3494 1041 3583 1117 ἆρ’
3628 1047 3691 1099 οὐ

2120 1129 2301 1197 πάσης
2344 1127 2679 1199 κατηγορίας
2718 1129 2813 1181 καὶ
2860 1128 3260 1196 καταγνώσεως
3306 1129 3455 1195 ἄξιον
3498 1129 3687 1193 τοῦτο;

2119 1213 2232 1282 Μὴ,
2261 1210 2584 1282 παρακαλῶ,
2623 1211 2700 1283 μὴ
2718 1212 2891 1265 ταῦτα
2919 1211 3183 1283 ποιῶμεν,
3212 1213 3347 1267 ἀλλὰ
3378 1212 3527 1285 [589]
3555 1213 3693 1266 λύω-

2122 1311 2224 1365 μεν
2268 1295 2444 1347 πάντα
2479 1293 2775 1364 σύνδεσμον
2805 1294 3055 1360 ἀδικίας,
3102 1295 3519 1366 διαθρύπτωμεν
3565 1312 3691 1349 πει-

2119 1378 2281 1431 νῶντι
2317 1377 2411 1431 τὸν
2431 1376 2593 1446 ἄρτον
2616 1392 2631 1407 ο
2663 1376 2842 1431 πάντα
2873 1377 2942 1430 τὰ
2968 1376 3103 1431 ἄλλα
3136 1379 3496 1449 πράττωμεν,
3524 1378 3559 1432 ἃ
3591 1378 3689 1449 τὴν

2119 1462 2257 1530 πρὸς
2276 1461 2368 1514 τὸν
2399 1460 2530 1516 Θεὸν
2557 1462 2690 1530 ἡμῖν
2730 1460 3042 1532 παρρησίαν
3079 1460 3411 1532 προξενῆσαι
3443 1461 3688 1526 δύναται,

2118 1544 2206 1596 ἴνα
2233 1542 2484 1614 τύχωμεν
2509 1543 2617 1596 τῶν
2654 1543 3085 1614 ἐπηγγελμένων
3124 1543 3347 1611 ἀγαθῶν
3374 1545 3432 1597 ἐν
3468 1544 3689 1615 Χριστῷ

2130 1625 2306 1697 Ἰησοῦ
2343 1626 2422 1697 τῷ
2454 1626 2643 1697 Κυρίῳ
2683 1625 2861 1697 ἡμῶν,
2909 1625 3026 1696 μεθ’
3052 1620 3116 1680 οὗ
3139 1626 3218 1696 τῷ
3248 1627 3422 1697 Πατρὶ
3457 1626 3574 1697 ἃμα
3609 1626 3690 1695 τῷ

2119 1709 2260 1781 ἁγίῳ
2296 1708 2572 1779 Πνεύματι
2613 1708 2758 1775 δόξα,
2814 1709 3046 1779 κράτος,
3095 1710 3264 1779 τιμὴ,
3311 1708 3407 1761 νῦν
3437 1710 3531 1762 καί.
3563 1709 3685 1774 ἀεὶ,

2119 1794 2214 1848 καὶ
2243 1793 2322 1857 εἰς
2350 1794 2476 1857 τοὺς
2505 1792 2706 1857 αἰῶνας
2736 1791 2843 1845 τῶν
2865 1791 3096 1848 αἰώνων.
3142 1794 3333 1863 Ἀμήν.

1894 2295 2144 2349 ΟΜΙΛΙΑ
2172 2297 2253 2352 Η’.

442 2446 743 2519 Βούλομαι
798 2443 912 2503 οὖν
967 2451 1409 2519 προσεύχεσθαι
1456 2452 1599 2518 τοὺς
1653 2452 1876 2519 ἄνδρας
1937 2454 2008 2506 ἐν

510 2518 689 2590 παντὶ
732 2520 925 2590 τόπῳ,
962 2518 1321 2588 ἐπαίροντας
1356 2521 1566 2587 ὁσίους
1605 2518 1807 2590 χεῖρας
1831 2522 2008 2590 χωρὶς

507 2585 690 2668 ὁρτῆς
726 2587 826 2668 κᾳι
856 2585 1279 2668 διαλογισμρῦο
1300 2585 1876 2668 ὡᾳαύτώςῖκάιρᾅ
1902 2585 2005 2668 ἀρυξ

507 2658 718 2722 ναῑκας
753 2658 823 2730 ἐν
855 2659 1200 2730 καταστολῇ
1228 2661 1455 2729 κοσμίῳ
1490 2661 1640 2730 μετὰ
1672 2661 1880 2725 αἰδοῦς
1909 2658 2007 2714 καί

506 2728 906 2799 σωφροσύνης
946 2729 1198 2799 κοσμεῖν
1239 2728 1456 2795 ἑαυτὰς
1474 2728 1503 2792 ,ἡ
1523 2731 1609 2798 μὴ
1652 2730 1722 2783 ἐν
1749 2731 2008 2799 πλέγμα-

505 2812 639 2862 σιν,
705 2797 743 2864 ἢ
802 2797 1073 2869 χρυσῷ,
1100 2798 1137 2867 ἧ
1184 2797 1599 2869 μαργαρίταις,
1641 2800 1679 2867 ἢ
1720 2797 2008 2868 ἱματισμῷ

505 2866 857 2939 πολυτελεῖ,
880 2868 1019 2939 ᾀλλ⁹
1052 2868 1082 2923 ὃ
1104 2866 1322 2939 πρέπει
1340 2866 2006 2939 γυναιξίνίέπαιγηοελλο-

498 2935 708 3004 μέν-αις
738 2936 1103 3003 θεοσέϐειαν,
1139 2935 1214 2992 δι’
1242 2935 1431 3008 ἔργων
1454 2938 1710 3009 ἀγαθῶν.

503 3068 570 3116 α’.
589 3063 774 3115 Ὅταν
804 3064 1248 3133 προσεύχησθε,
1270 3066 1435 3135 φησὶν
1465 3066 1493 3118 ὁ
1522 3066 1773 3135 Χριστὸς,
1803 3066 1882 3133 μὴ
1925 3068 2007 3135 τί·

433 3148 610 3197 νεσθε
628 3145 705 3211 ὠς
736 3147 789 3199 οί
829 3146 1159 3215 ὑποκριταὶ,
1177 3147 1266 3201 ὅτι
1290 3147 1576 3216 φιλοῦσιν
1607 3149 1677 3202 ἐν
1706 3149 1833 3214 ταῖς
1859 3164 2007 3202 συν-

432 3229 688 3296 αγωγαῖς
735 3230 831 3281 καὶ
888 3229 959 3282 ἐν
1013 3229 1142 3295 ταῖς
1224 3232 1462 3300 γωνίαις
1522 3231 1641 3284 τῶν
1711 3231 2008 3285 πλατειῶν

433 3310 688 3377 ἑστῶτες
729 3313 1208 3381 προσεύχεσθαι,
1254 3314 1413 3382 ὅπως
1461 3314 1696 3386 φανῶσι
1739 3316 1865 3382 τοῖς
1899 3319 2007 3372 ἀν·-

434 3392 707 3462 θρώποις.
767 3394 953 3462 Ἀμὴν
995 3395 1150 3465 λέγω
1194 3399 1367 3466 ὑμῖν,
1418 3400 1506 3453 ὅτι
1553 3401 1852 3469 ἀπέχουσι
1901 3401 2008 3453 τὸν

430 3477 653 3545 μισθὸν
696 3477 912 3533 αὐτῶν.
947 3482 1030 3533 Σὺ
1069 3480 1137 3532 δὲ
1176 3480 1323 3533 ὅταν
1365 3484 1675 3552 προσεύχῃ
1701 3525 1715 3539 .
1769 3484 2007 3537 εἴσελθε

432 3561 521 3626 είς
546 3560 611 3612 τὸ
631 3560 894 3628 ταμιεῖόν
918 3577 1055 3626 σου,
1078 3562 1175 3615 καὶ
1198 3565 1447 3629 κλείσας
1468 3567 1576 3631 τὰς
1599 3566 1801 3632 θύρας,
1822 3567 2007 3632 πρόσ-

431 3642 602 3705 ευξαι
636 3641 714 3695 τῶ
741 3644 924 3711 Πατρί
956 3660 1072 3698 σου
1111 3643 1192 3709 τῷ
1218 3645 1287 3697 ἐν
1322 3645 1403 3711 τῷ
1438 3646 1680 3713 κρυπτῷ
1702 3686 1716 3709 ,
1754 3648 1849 3700 καί
1897 3650 2005 3700 αὐ-

432 3724 535 3791 τὸς
562 3725 861 3780 ἀποδώσει
898 3742 997 3780 σοι
1028 3728 1098 3780 ἐν
1130 3715 1209 3792 τῷ
1241 3728 1497 3798 φανερῷ.
1526 3731 1591 3782 Τί
1619 3727 1711 3783 οὖν
1746 3732 1775 3782 ὁ
1800 3730 2005 3794 Παῦλός

433 3825 601 3878 φησι,
646 3809 944 3878 Βούλομαι
972 3811 1414 3878 προσεύχεσθαι
1465 3812 1607 3878 τοὺς
1662 3812 1887 3880 ἄνδρας
1936 3814 2006 3865 ἐν

432 3893 610 3947 παντί
656 3894 850 3957 τόπῳ,
897 3894 1254 3961 ἐπαίροντας
1305 3897 1515 3961 όσίους
1570 3894 1774 3964 χεῖρας
1828 3896 2005 3965 χωρὶς

433 3975 614 4044 ὀργῆς
648 3977 743 4029 καί
790 3974 1224 4045 maior-(07:01");
1273 3976 1413 4029 Ἀλλ’
1446 3978 1547 4031 οὐκ
1573 3978 1718 4031 ἐστιν
1766 3978 2005 4032 ἐναντίον

434 4058 664 4120 ἐκείνοις
708 4058 885 4121 τοῦτο,
929 4060 1003 4129 μὴ
1034 4060 1282 4127 γένοιτο,
1322 4059 1459 4113 ἀλλά
1498 4062 1594 4114 καὶ
1628 4060 1834 4131 σφόδρα
1876 4077 2001 4114 συν-

431 4140 576 4211 ᾆδον.
618 4141 741 4204 Πῶς
774 4142 869 4195 καὶ
906 4141 1013 4194 τίνι
1044 4143 1262 4215 τρόπῳ;
1295 4144 1466 4197 Δεῖδέ
1497 4144 1761 4214 πρότερον
1798 4145 1999 4209 εἰπεῖν,

430 4224 483 4277 τί
517 4225 696 4286 ἐστιν,
752 4224 1009 4278 Εἷσελθε
1056 4228 1141 4292 εἰς
1184 4226 1253 4280 τὸ
1303 4226 1566 4296 ταμιεῖόν
1602 4242 1754 4291 σου,
1801 4226 1896 4278 καί
1949 4226 2002 4278 τί

428 4307 626 4377 δήποτε
666 4307 824 4361 τοῦτο
857 4310 1211 4380 προστάττει,
1256 4312 1304 4363 εἰ
1331 4313 1387 4363 ἐν
1418 4310 1582 4363 παντί
1623 4309 1774 4379 τόπῳ
1803 4309 1883 4362 δεῖ
1913 4308 2003 4361 εὐ-

430 4388 650 4458 χεσθαι,
681 4390 776 4442 καὶ⁵
804 4392 854 4442 εἰ
889 4392 946 4442 ἐν
985 4392 1252 4463 ἐκκλησίᾳ.
1292 4392 1366 4463 μὴ
1400 4392 1481 4443 δεῖ
1510 4390 1789 4460 εὔχεσθαι,
1831 4392 1927 4443 καὶ
1952 4392 2001 4442 εί

430 4473 490 4523 ἐν
512 4472 655 4543 ἄλλῳ
681 4472 869 4543 μηδενὶ
901 4474 998 4545 τῆς
1027 4475 1207 4539 οἰκίας
1243 4476 1418 4552 μέρει,
1450 4475 1565 4528 ἀλλ’
1596 4477 1655 4527 ἐν
1679 4476 1759 4546 τῷ
1792 4476 2002 4545 ταμείῳ

434 4555 612 4624 μόνον.
664 4556 728 4608 Τί
775 4553 868 4609 οὖν
910 4558 1027 4609 ἐστι
1072 4558 1135 4611 τὸ
1183 4558 1515 4628 λεγόμενον;
1568 4559 1644 4610 Τδ
1692 4558 2002 4625 άκενόδοξον

428 4638 640 4700 δεικνὺς
674 4638 905 4692 ἐνταῦθα
927 4641 955 4692 ὁ
984 4642 1217 4712 Χριστός
1247 4660 1401 4713 φησι,
1445 4642 1540 4712 μὴ,
1562 4642 1773 4711 Λάθρα,
1794 4642 1998 4707 ἀπλῶς,

429 4720 586 4784 ἀλλὰ,
629 4722 1040 4792 Κεκρυμμένως
1082 4726 1181 4789 τὰς
1218 4726 1382 4794 εὐχὰς
1428 4724 1605 4779 ποιοῦ.
1661 4727 1869 4796 Ὥσπερ
1894 4726 2000 4797 γὰρ

428 4804 620 4871 λέγων,
651 4804 745 4873 Μὴ
782 4805 979 4873 γνώτω
1003 4808 1041 4874 ὴ
1082 4808 1365 4875 ἀριστερά
1394 4824 1531 4872 σου,
1564 4809 1621 4861 τί
1655 4809 1811 4861 ποιεῖ
1838 4810 1875 4875 ἡ
1907 4809 2001 4862 δε-

430 4886 529 4950 ξιά
572 4900 710 4949 σου,
753 4888 814 4939 οὐ
848 4889 978 4959 περὶ
1015 4888 1214 4958 χειρῶν
1259 4890 1569 4959 διαλέγεται
1611 4891 1816 4956 ἁπλῶς,
1864 4892 1998 4946 ἀλλά

428 4972 529 5039 τὴν
558 4968 862 5041 ὑπερϐολὴν
898 4971 999 5039 τῆς
1030 4972 1163 5041 πρὸς
1189 4973 1286 5041 τὴν
1319 4972 1622 5038 κενοδοξίαν
1649 4974 1829 5043 φυγῆς
1857 4991 1998 5046 παρ-

434 5052 661 5121 ίστησιν,
687 5051 831 5105 οὕτω
860 5053 923 5122 δὴ
951 5054 1047 5106 καὶ
1077 5054 1311 5107 ἐνταῦθα
1341 5054 1501 5108 τοῦτο
1540 5055 1854 5110 αἰνίττεται.

500 5136 575 5187 Οὐ
622 5135 801 5188 τοίνυν
845 5137 924 5199 είς
966 5136 1057 5189 τὸν
1102 5138 1264 5213 τόπον
1315 5138 1609 5208 περιώρισε
1649 5140 1748 5207 τὴν
1798 5140 1994 5211 εὐχὴν,

432 5219 545 5273 ἀλλ’
578 5218 645 5271 ἓν.
679 5219 836 5288 μόνον
882 5218 1115 5284 ἐπέταξε
1148 5221 1210 5273 τὸ
1243 5221 1576 5287 ἀκενόδοξον.
1618 5223 1675 5274 Ὀ
1704 5222 1762 5275 δέ
1786 5223 1997 5287 Παῦλος

430 5301 603 5355 ταῦτά
618 5317 749 5370 φησι
766 5302 900 5372 πρὸς
921 5302 1325 5373 ἀντιδιαστολὴν
1345 5303 1445 5373 τῆς
1479 5304 1773 5373 Ἰουδαϊκῆς
1796 5306 1956 5376 εὐχῆς
1982 5323 1993 5335 ·

431 5385 532 5453 ὅρα
575 5384 683 5453 γὰρ
718 5384 772 5436 τί
819 5401 1011 5454 φησιν·
1074 5387 1176 5439 Ἐν
1220 5386 1397 5439 παντί
1436 5386 1597 5449 τόπῳ
1643 5387 2000 5454 ἐπαίροντας

431 5466 641 5531 ὁσίους
684 5466 914 5535 χεῖρας-ο
950 5467 1085 5538 ὅπερ
1121 5472 1233 5532 τοῖς
1273 5468 1546 5525 Ἰουδαίοις
1577 5469 1735 5539 θέμις
1783 5471 1883 5522 οὐκ
1909 5465 1997 5539 ἦν.

432 5548 566 5601 Οὐδὲ
589 5547 697 5619 γὰρ
718 5548 846 5620 ἐξῆν
877 5549 955 5619 τῷ
985 5550 1104 5621 Θεῷ
1140 5551 1420 5620 προσιέναι
1457 5551 1692 5621 ἀλλαχοῦ
1726 5554 1820 5604 καί
1850 5553 1999 5605 θύειν

433 5632 527 5682 καὶ
560 5631 658 5695 τὰς
689 5632 942 5703 λατρείας
971 5633 1258 5696 ἐπιτελεῖν,
1289 5633 1404 5688 ἀλλ’
1438 5635 1519 5696 εἰς
1554 5633 1651 5688 ἕνα
1681 5636 1844 5687 τόπον
1871 5637 1997 5699 τοὺς

434 5713 768 5785 πανταχόθεν
794 5715 857 5767 ἐκ
888 5714 987 5783 τῆς
1005 5716 1329 5787 οἰκουμένης
1365 5716 1752 5787 συντρέχοντας
1784 5717 1995 5772 ἅπαντα

2103 2454 2172 2506 τά
2203 2454 2305 2526 τῆς
2336 2458 2617 2525 ἁγιστείας
2652 2459 2711 2511 ἐν
2742 2458 2821 2529 τῷ
2854 2457 2966 2527 ναῷ
3002 2457 3271 2509 ἐπιτελεῖν
3306 2455 3434 2510 ἔδει.
3461 2453 3690 2506 Τούτωνν

2104 2538 2430 2610 ἀντίρροπον
2464 2541 2562 2612 τὴν
2591 2541 2914 2612 παραίνεσιν
2957 2540 3188 2608 εἰσάγει.
3229 2538 3339 2592 Καὶ
3365 2537 3467 2607 τῆς
3510 2536 3680 2602 ἀνάγ-

2105 2637 2207 2691 κης
2233 2622 2548 2688 ἀπαλλάξας
2576 2625 2811 2693 ἐκείνης,
2842 2624 2957 2677 Οὐκ
2995 2623 3129 2687 ἐστι,
3164 2624 3322 2691 φησὶ,
3353 2620 3579 2674 τοιαῦτα
3610 2620 3681 2670 τὰ

2103 2704 2378 2776 ἡμέτερα,
2411 2703 2501 2760 οἷα.
2539 2709 2608 2761 τὰ
2646 2707 2937 2761 Ἰουδαῖκά.
2975 2707 3186 2777 Ὥσπερ
3214 2705 3322 2775 γὰρ
3357 2704 3499 2774 ὑπὲρ
3540 2702 3679 2755 πάν-

2103 2806 2214 2842 των
2243 2791 2341 2854 τὰς
2367 2792 2530 2860 εὐχὰς
2553 2789 2765 2844 κελεύει
2797 2792 2973 2843 ποιεῖν
3014 2790 3178 2858 (ὑπὲρ
3205 2788 3423 2841 πάντων
3443 2786 3555 2855 γὰρ
3586 2787 3681 2838 καὶ

2104 2875 2133 2925 ὁ
2159 2874 2389 2944 Χριστὸς
2422 2873 2688 2931 ἀπέθανε.
2720 2870 2870 2944 [590]
2903 2873 2998 2926 καὶ
3032 2872 3173 2941 ὑπὲρ
3204 2871 3422 2924 πάντων
3444 2911 3461 2933 ,
3503 2869 3640 2936 φησὶ
3663 2908 3677 2929 ,

2103 2956 2277 3011 ταῦτα
2321 2957 2622 3027 κηρύττω),
2663 2957 2805 3010 οὕτω
2853 2957 2948 3009 καὶ
2994 2953 3270 3026 πανταχοῦ
3310 2952 3475 3009 καλὸν
3523 2951 3681 3023 εὐχε-⁸

2109 3040 2232 3093 σθαι
2252 3057 2267 3071 ο
2295 3042 2327 3110 ἡ
2354 3040 2410 3091 δὲ
2441 3040 2829 3113 παρατήρησις
2856 3040 3044 3094 λοιπὸν
3069 3039 3143 3111 μὴ
3170 3040 3300 3108 περὶ
3328 3042 3492 3092 τόπον
3516 3037 3678 3101 ἔστω,

2106 3125 2241 3177 ἀλλὰ
2292 3124 2421 3195 περί
2463 3127 2555 3179 τὸν
2604 3126 2807 3196 τρόπον
2860 3126 2958 3193 τῆς
2996 3124 3183 3193 εὐχῆς.
3234 3120 3520 3191 Πανταχοῦ
3581 3121 3681 3190 μὲν

2105 3207 2299 3280 εὔχου,
2350 3210 2513 3279 φησὶ,
2559 3208 2835 3279 πανταχοῦ
2878 3209 2935 3262 δὲ
2981 3209 3162 3269 ὁσίους
3212 3210 3403 3277 χεῖρας
3454 3205 3677 3276 ἔπαιρεν

2105 3294 2262 3348 τοῦτό
2296 3295 2413 3346 ἐστι
2442 3292 2501 3345 τὸ
2533 3290 2884 3362 ζητούμενον.
2926 3285 3155 3355 Ὁσίους
3193 3290 3252 3341 δὲ
3292 3289 3347 3341 τί
3380 3291 3534 3353 ἐστι;
3563 3289 3680 3339 Κα-

2107 3379 2277 3448 θαράς
2301 3395 2313 3406 ·
2343 3376 2592 3446 καθαράς
2622 3375 2679 3428 δὲ
2708 3375 2762 3427 τί
2791 3377 2975 3436 ἐστιν;
3016 3374 3125 3442 Οὐχ
3153 3371 3306 3424 ὕδατι
3325 3372 3679 3440 νιπτομένας,

2105 3461 2240 3513 ἀλλά
2261 3458 2595 3523 πλεονεξίας,
2634 3459 2830 3527 φόνων,
2852 3457 3134 3528 ἁρπαγῆς,
3161 3454 3386 3523 πληγῶν
3410 3454 3677 3524 καθαράς.

2105 3546 2292 3613 Χωρίς
2324 3543 2506 3612 ὀργῆς
2537 3543 2635 3597 καὶ
2666 3539 3078 3610 διαλογισμοῦ.
3123 3538 3189 3592 Τί
3226 3538 3291 3608 δὴ
3330 3536 3490 3591 τοῦτό
3522 3538 3636 3588 ἐστι
3662 3555 3676 3596 ;

2105 3630 2187 3693 τίς
2223 3628 2281 3680 δὲ
2310 3626 2602 3696 εὐχόμενος
2632 3623 2943 3694 ὀργίζεταις
2987 3620 3247 3675 Τουτέστι
3270 3661 3286 3685 ,
3320 3621 3490 3691 χωρὶς
3541 3636 3677 3688 μνη-

2109 3711 2381 3774 σικακίας.
2428 3708 2661 3778 Καθαρά
2709 3707 2851 3761 έστω
2878 3706 2971 3760 τοῦ
3011 3705 3308 3775 εὐχομένου
3352 3706 3385 3773 ἡ
3431 3702 3675 3767 διάνοια,

2105 3795 2306 3859 παντὸς
2345 3793 2549 3856 πάθους
2587 3790 2986 3865 ἀπηλλαγμένῃ
3010 3808 3024 3821 ο
3063 3788 3254 3861 μηδεὶς
3302 3786 3440 3858 μετὰ
3478 3786 3679 3856 ἔχθρας

2105 3879 2347 3949 προσίτω
2374 3875 2451 3945 τῷ
2479 3874 2599 3945 Θεῷ
2620 3892 2633 3906 ·
2676 3873 2864 3944 μηδεὶς
2895 3873 3032 3943 μετὰ
3059 3870 3252 3937 ἀηδίας
3296 3870 3391 3924 καὶ
3435 3868 3674 3935 διαλογι-

2106 3962 2265 4032 σμοῦ.
2295 3960 2361 4013 Τί
2384 3960 2521 4023 ἐστι,
2548 3958 2734 4025 Χωρίς
2754 3955 3184 4025 διαλογισμοῦς
3224 3952 3674 4021 Ἐπακούσωμεν.

2108 4049 2175 4099 ’Ἀ
2187 4062 2253 4116 ρα
2280 4045 2339 4098 οὐ
2361 4044 2440 4096 δεῖ
2464 4043 2599 4105 ὅλως
2626 4040 2987 4110 ἁμφιὸάλλειν
3011 4042 3092 4093 ὅτι
3126 4034 3674 4107 ἐπακουσθησόμεθα.

2104 4129 2262 4181 Ὅσα
2292 4126 2399 4196 γὰρ
2442 4125 2517 4179 ἂν
2556 4124 2866 4193 αἰτήσητε,
2916 4124 3071 4193 φησί,
3124 4121 3531 4183 πιστεύοντες,
3570 4116 3678 4181 λή-

2102 4213 2295 4278 ψεσθε
2315 4227 2328 4239 ·
2354 4208 2447 4262 καὶ
2469 4208 2649 4269 πάλιν,
2675 4208 2853 4259 Ὅταν
2891 4206 3157 4273 στήκητε
3182 4204 3673 4272 προσευχόμενοι,

2102 4296 2326 4362 ἀφίετε,
2366 4292 2421 4344 ετ
2454 4309 2509 4343 τι
2545 4290 2715 4357 ἔχετε
2768 4288 2919 4343 κατὰ
2953 4305 3133 4351 τινος.
3182 4285 3352 4337 Τοῦτό
3383 4287 3519 4344 ἐστι,
3555 4286 3677 4335 Χω-

2094 4377 2192 4443 ρίς
2220 4373 2403 4444 ὀργῆς
2433 4373 2531 4427 καί
2555 4370 2971 4440 διαλογισμοῦ.
3008 4369 3119 4422 Καὶ
3152 4368 3292 4430 πῶς,
3325 4368 3481 4435 φησὶ,
3514 4364 3677 4435 δυνή-

2104 4480 2267 4533 σομαι
2306 4460 2616 4523 πιστεύειν,
2669 4460 2751 4513 ὅτι
2798 4456 3153 4525 ἐπιτεύξομαι
3209 4455 3312 4523 τῆς
3362 4455 3674 4523 αἰτήσεως;

2104 4547 2201 4599 Ἂν
2241 4544 2406 4616 μηδὲν
2436 4543 2677 4596 ἐναντίον
2712 4544 2892 4611 αἰτῇς,
2922 4534 2997 4592 ὧν
3020 4538 3204 4592 δοῦναί
3238 4540 3390 4590 ἐστιν
3428 4538 3673 4606 ἓτοιμοςσ

2103 4629 2170 4683 ἂν
2212 4629 2377 4699 μηδὲν
2410 4628 2626 4691 ἀνάξιον
2659 4625 2752 4680 τοῦ
2787 4624 3071 4695 βασιλέως,
3097 4623 3164 4677 ἂν
3199 4622 3366 4693 μηδὲν
3402 4622 3673 4691 βιωτικὸν,

2102 4713 2170 4766 ἂν
2198 4712 2379 4765 πάντα
2408 4710 2773 4781 πνευματικὰ,
2808 4707 2875 4761 ἂν
2905 4708 3072 4778 χωρὶς
3110 4707 3281 4776 ὀργῆς
3325 4704 3578 4775 προσίῃς,
3611 4704 3685 4756 ἂν

2100 4797 2349 4866 καθαρὰς
2396 4795 2536 4865 ἔχων
2580 4795 2678 4857 τὰς
2722 4795 2928 4865 χεῖρας,
2964 4790 3031 4844 ἂν
3077 4792 3258 4853 ὁσίαςσ
3303 4788 3491 4844 ὃσιαίει
3540 4790 3677 4840 εἰσιν

2102 4882 2159 4935 αἰ
2206 4878 2576 4951 ἐλεημοσύνας
2614 4878 2999 4947 ἐργαζόμεναι.
3058 4877 3154 4928 Ἂν
3202 4874 3344 4928 οὕτω
3403 4873 3675 4943 προσίῃς,

2103 4964 2318 5025 πάντως
2346 4961 2609 5032 ἐπιτεύξῃ
2624 4961 2723 5029 τῆς
2752 4962 3041 5029 αἰτήσεως.
3074 4961 3143 5012 Εἰ
3167 4958 3275 5027 γὰρ
3297 4956 3486 5025 ὑμεῖς,
3518 4957 3671 5025 φησί,

2104 5044 2353 5115 πονηροί
2386 5045 2555 5109 ὄντες
2589 5042 2786 5097 οἴδατε
2814 5041 3039 5111 δόματα
3070 5042 3261 5110 ἀγαθὰ
3294 5039 3525 5093 διδόναι
3549 5037 3674 5101 τοῖς

2101 5128 2334 5194 τέκνοις
2370 5127 2557 5196 ὑμῶν,
2581 5127 2750 5189 πόσῳ
2768 5124 3009 5194 μᾶλλον
3048 5127 3081 5178 ό
3113 5122 3313 5191 Πατὴρ
3344 5121 3511 5192 ὑμῶν
3537 5123 3571 5174 ό
3606 5121 3679 5172 ἐν

2101 5213 2226 5279 τοῖς
2264 5211 2571 5279 οὐρανοῖς;
2614 5210 2972 5279 Διαλογισμδν
2998 5208 3098 5278 τὴν
3138 5206 3469 5277 ἀμφιϐολίαν
3501 5203 3671 5271 λέγει.

2111 5294 2384 5356 Ὡσαύτως
2401 5293 2607 5356 καὶτὰς
2623 5296 2887 5362 γυναῖκας
2905 5291 3185 5362 βούλομαι,
3206 5290 3362 5358 φησὶ,
3375 5286 3494 5355 Θεῷ
3514 5303 3654 5356 προσ

2106 5380 2242 5432 ιέναι
2282 5378 2450 5447 χωρὶς
2472 5376 2663 5446 ὀργῆς,
2707 5376 2876 5445 χωρὶς
2898 5372 3272 5443 διαλογισμοῦ,
3289 5372 3468 5433 ὁσίους
3485 5372 3671 5439 χεῖρας

2100 5462 2266 5531 ἔχειν,
2310 5459 2384 5529 μὴ
2407 5461 2525 5521 ταῖς
2557 5458 2873 5528 ἐπιθυμίαις
2895 5455 3264 5523 ἐξακολουθεῖν
3294 5456 3414 5515 ταῖς
3439 5452 3667 5511 ἑαυτῶν,

2103 5545 2179 5615 μὴ
2206 5543 2493 5614 ἁρπάζειν,
2533 5541 2607 5612 μὴ
2640 5542 3003 5597 πλεονεκτεῖν.
3033 5538 3099 5590 Τί
3127 5538 3257 5606 γὰρ,
3292 5537 3395 5591 κᾶν
3426 5532 3563 5608 αὐτὴ
3595 5536 3673 5605 μὴ

2156 5726 2186 5751 ⁸
2205 5723 2323 5785 ch.
2351 5722 2478 5771 ὅσιαι
2510 5724 2579 5772 δέ.
