  <div class='ocr_page' id='page_1' title='image "/cluster/home/n/w/nwhite01/storage/ocr_20150623/62/nnc1.0046979654/547.png"; bbox 0 0 4114 6394; ppageno 0'>
   <div class='ocr_carea' id='block_1_1' title="bbox 384 329 482 385">
    <p class='ocr_par' dir='ltr' id='par_1_1' title="bbox 384 329 482 385">
     <span class='ocr_line' id='line_1_1' title="bbox 384 329 482 385; baseline -0.01 0"><span class='ocrx_word' id='word_1_1' title='bbox 384 329 482 385; x_wconf 74' lang='grc' dir='ltr'>διι</span> 
     </span>
    </p>
   </div>
   <div class='ocr_carea' id='block_1_2' title="bbox 387 431 1959 514">
    <p class='ocr_par' dir='ltr' id='par_1_2' title="bbox 387 431 1959 514">
     <span class='ocr_line' id='line_1_2' title="bbox 387 431 1959 514; baseline -0.01 -15"><span class='ocrx_word' id='word_1_2' title='bbox 387 445 608 514; x_wconf 76' lang='grc' dir='ltr'>ἁρπάζῃ</span> <span class='ocrx_word' id='word_1_3' title='bbox 629 485 645 508; x_wconf 86' lang='grc'>,</span> <span class='ocrx_word' id='word_1_4' title='bbox 675 444 762 497; x_wconf 72' lang='grc' dir='ltr'>διὰ</span> <span class='ocrx_word' id='word_1_5' title='bbox 809 444 862 496; x_wconf 84' lang='grc' dir='ltr'>δὲ</span> <span class='ocrx_word' id='word_1_6' title='bbox 896 441 986 495; x_wconf 91' lang='grc' dir='ltr'>τοῦ</span> <span class='ocrx_word' id='word_1_7' title='bbox 1025 442 1217 514; x_wconf 72' lang='grc' dir='ltr'>ἀνδρὸς</span> <span class='ocrx_word' id='word_1_8' title='bbox 1244 440 1403 494; x_wconf 89' lang='grc' dir='ltr'>τοῦτο</span> <span class='ocrx_word' id='word_1_9' title='bbox 1431 437 1762 510; x_wconf 74' lang='grc' dir='ltr'>ἐργάζηται;</span> <span class='ocrx_word' id='word_1_10' title='bbox 1801 431 1959 500; x_wconf 83' lang='grc' dir='ltr'>Παρὰ</span> 
     </span>
    </p>
   </div>
   <div class='ocr_carea' id='block_1_3' title="bbox 387 518 1961 596">
    <p class='ocr_par' dir='ltr' id='par_1_3' title="bbox 387 518 1961 596">
     <span class='ocr_line' id='line_1_3' title="bbox 387 518 1961 596; baseline -0.011 -13"><span class='ocrx_word' id='word_1_11' title='bbox 387 530 446 584; x_wconf 74' lang='grc' dir='ltr'>δὲ</span> <span class='ocrx_word' id='word_1_12' title='bbox 470 529 580 581; x_wconf 84' lang='grc' dir='ltr'>τῶν</span> <span class='ocrx_word' id='word_1_13' title='bbox 616 527 894 596; x_wconf 86' lang='grc' dir='ltr'>γυναικῶν</span> <span class='ocrx_word' id='word_1_14' title='bbox 923 529 1019 580; x_wconf 75' lang='grc' dir='ltr'>καὶ</span> <span class='ocrx_word' id='word_1_15' title='bbox 1049 527 1284 579; x_wconf 84' lang='grc' dir='ltr'>πλέον-τι</span> <span class='ocrx_word' id='word_1_16' title='bbox 1314 526 1455 577; x_wconf 85' lang='grc' dir='ltr'>αίτεῖ</span> <span class='ocrx_word' id='word_1_17' title='bbox 1483 527 1510 576; x_wconf 92' lang='grc' dir='ltr'>ό</span> <span class='ocrx_word' id='word_1_18' title='bbox 1540 519 1772 582; x_wconf 79' lang='grc' dir='ltr'>Παῦλος.</span> <span class='ocrx_word' id='word_1_19' title='bbox 1803 518 1961 568; x_wconf 85' lang='grc' dir='ltr'>Ποῖον</span> 
     </span>
    </p>
   </div>
   <div class='ocr_carea' id='block_1_4' title="bbox 389 603 1961 686">
    <p class='ocr_par' dir='ltr' id='par_1_4' title="bbox 389 603 1961 686">
     <span class='ocr_line' id='line_1_4' title="bbox 389 603 1961 686; baseline -0.003 -18"><span class='ocrx_word' id='word_1_20' title='bbox 389 614 455 686; x_wconf 77' lang='grc' dir='ltr'>δὴ</span> <span class='ocrx_word' id='word_1_21' title='bbox 474 614 660 678; x_wconf 84' lang='grc' dir='ltr'>τοῦτο;</span> <span class='ocrx_word' id='word_1_22' title='bbox 683 614 775 675; x_wconf 87' lang='grc' dir='ltr'>Τὸ,</span> <span class='ocrx_word' id='word_1_23' title='bbox 798 615 955 667; x_wconf 80' lang='grc' dir='ltr'>Μετὰ</span> <span class='ocrx_word' id='word_1_24' title='bbox 979 612 1181 678; x_wconf 69' lang='grc' dir='ltr'>αἰδοῦς</span> <span class='ocrx_word' id='word_1_25' title='bbox 1212 611 1310 665; x_wconf 82' lang='grc' dir='ltr'>καί</span> <span class='ocrx_word' id='word_1_26' title='bbox 1341 603 1961 678; x_wconf 67' lang='grc' dir='ltr'>σωφροσύνης,φησὶνν</span> 
     </span>
    </p>
   </div>
   <div class='ocr_carea' id='block_1_5' title="bbox 389 685 1964 765">
    <p class='ocr_par' dir='ltr' id='par_1_5' title="bbox 389 685 1964 765">
     <span class='ocr_line' id='line_1_5' title="bbox 389 685 1964 765; baseline -0.009 -13"><span class='ocrx_word' id='word_1_27' title='bbox 389 685 463 752; x_wconf 63' lang='grc' dir='ltr'>ἐκ</span> <span class='ocrx_word' id='word_1_28' title='bbox 521 697 868 765; x_wconf 80' lang='grc' dir='ltr'>καταστολῇ</span> <span class='ocrx_word' id='word_1_29' title='bbox 917 699 1138 765; x_wconf 78' lang='grc' dir='ltr'>κοσμία</span> <span class='ocrx_word' id='word_1_30' title='bbox 1185 693 1438 763; x_wconf 81' lang='grc' dir='ltr'>κοσμεῖν</span> <span class='ocrx_word' id='word_1_31' title='bbox 1478 691 1716 756; x_wconf 73' lang='grc' dir='ltr'>ἑαυτὰς,</span> <span class='ocrx_word' id='word_1_32' title='bbox 1762 687 1848 756; x_wconf 80' lang='grc' dir='ltr'>μὴ</span> <span class='ocrx_word' id='word_1_33' title='bbox 1895 685 1964 738; x_wconf 77' lang='grc' dir='ltr'>ἐν·</span> 
     </span>
    </p>
   </div>
   <div class='ocr_carea' id='block_1_6' title="bbox 393 769 1962 852">
    <p class='ocr_par' dir='ltr' id='par_1_6' title="bbox 393 769 1962 852">
     <span class='ocr_line' id='line_1_6' title="bbox 393 769 1962 852; baseline -0.01 -14"><span class='ocrx_word' id='word_1_34' title='bbox 393 783 762 852; x_wconf 64' lang='grc' dir='ltr'>πλέγμασιν,</span> <span class='ocrx_word' id='word_1_35' title='bbox 814 783 854 849; x_wconf 85' lang='grc' dir='ltr'><em>ἣ</em></span> <span class='ocrx_word' id='word_1_36' title='bbox 906 780 1111 850; x_wconf 81' lang='grc' dir='ltr'>χρυσῷ</span> <span class='ocrx_word' id='word_1_37' title='bbox 1137 819 1152 843; x_wconf 89' lang='grc'>,</span> <span class='ocrx_word' id='word_1_38' title='bbox 1196 779 1235 847; x_wconf 82' lang='grc' dir='ltr'><strong>ἢ</strong></span> <span class='ocrx_word' id='word_1_39' title='bbox 1289 777 1704 846; x_wconf 76' lang='grc' dir='ltr'>μαργαρίταις,</span> <span class='ocrx_word' id='word_1_40' title='bbox 1746 772 1884 826; x_wconf 70' lang='grc' dir='ltr'>ἀλλ’</span> <span class='ocrx_word' id='word_1_41' title='bbox 1929 769 1962 821; x_wconf 83' lang='grc' dir='ltr'><strong><em>ὃ</em></strong></span> 
     </span>
    </p>
   </div>
   <div class='ocr_carea' id='block_1_7' title="bbox 394 853 1962 936">
    <p class='ocr_par' dir='ltr' id='par_1_7' title="bbox 394 853 1962 936">
     <span class='ocr_line' id='line_1_7' title="bbox 394 853 1962 936; baseline -0.008 -18"><span class='ocrx_word' id='word_1_42' title='bbox 394 865 604 933; x_wconf 83' lang='grc' dir='ltr'>πρέπει</span> <span class='ocrx_word' id='word_1_43' title='bbox 632 866 908 936; x_wconf 76' lang='grc' dir='ltr'>γυναιξὶν</span> <span class='ocrx_word' id='word_1_44' title='bbox 934 862 1480 934; x_wconf 67' lang='grc' dir='ltr'>ἐπαγγελλομέναις</span> <span class='ocrx_word' id='word_1_45' title='bbox 1509 858 1851 913; x_wconf 80' lang='grc' dir='ltr'>θεοσέϐειαν</span> <span class='ocrx_word' id='word_1_46' title='bbox 1889 853 1962 908; x_wconf 84' lang='grc' dir='ltr'>δι’</span> 
     </span>
    </p>
   </div>
   <div class='ocr_carea' id='block_1_8' title="bbox 392 942 1962 1019">
    <p class='ocr_par' dir='ltr' id='par_1_8' title="bbox 392 942 1962 1019">
     <span class='ocr_line' id='line_1_8' title="bbox 392 942 1962 1019; baseline -0.007 -16"><span class='ocrx_word' id='word_1_47' title='bbox 392 950 581 1018; x_wconf 75' lang='grc' dir='ltr'>ἔργων</span> <span class='ocrx_word' id='word_1_48' title='bbox 630 949 889 1019; x_wconf 72' lang='grc' dir='ltr'>ἀγαθῶν.</span> <span class='ocrx_word' id='word_1_49' title='bbox 931 945 1294 1016; x_wconf 74' lang='grc' dir='ltr'>Καταστολὴν</span> <span class='ocrx_word' id='word_1_50' title='bbox 1346 945 1399 997; x_wconf 91' lang='grc' dir='ltr'>τί</span> <span class='ocrx_word' id='word_1_51' title='bbox 1448 959 1618 1014; x_wconf 85' lang='grc' dir='ltr'>φησι;</span> <span class='ocrx_word' id='word_1_52' title='bbox 1667 942 1962 1003; x_wconf 88' lang='grc' dir='ltr'>Τουτέστι,</span> 
     </span>
    </p>
   </div>
   <div class='ocr_carea' id='block_1_9' title="bbox 392 1025 1963 1103">
    <p class='ocr_par' dir='ltr' id='par_1_9' title="bbox 392 1025 1963 1103">
     <span class='ocr_line' id='line_1_9' title="bbox 392 1025 1963 1103; baseline -0.005 -19"><span class='ocrx_word' id='word_1_53' title='bbox 392 1032 492 1103; x_wconf 80' lang='grc' dir='ltr'>τὴν</span> <span class='ocrx_word' id='word_1_54' title='bbox 527 1034 845 1102; x_wconf 83' lang='grc' dir='ltr'>ἀμπεχόνην</span> <span class='ocrx_word' id='word_1_55' title='bbox 886 1031 1152 1087; x_wconf 78' lang='grc' dir='ltr'>πάντοθεν</span> <span class='ocrx_word' id='word_1_56' title='bbox 1193 1027 1580 1100; x_wconf 89' lang='grc' dir='ltr'>περιεστάλθαι</span> <span class='ocrx_word' id='word_1_57' title='bbox 1621 1025 1835 1089; x_wconf 85' lang='grc' dir='ltr'>καλῶς,</span> <span class='ocrx_word' id='word_1_58' title='bbox 1869 1040 1963 1076; x_wconf 85' lang='grc' dir='ltr'>κο·-</span> 
     </span>
    </p>
   </div>
   <div class='ocr_carea' id='block_1_10' title="bbox 394 1106 1965 1186">
    <p class='ocr_par' dir='ltr' id='par_1_10' title="bbox 394 1106 1965 1186">
     <span class='ocr_line' id='line_1_10' title="bbox 394 1106 1965 1186; baseline -0.004 -19"><span class='ocrx_word' id='word_1_59' title='bbox 394 1114 608 1183; x_wconf 86' lang='grc' dir='ltr'>σμίως,</span> <span class='ocrx_word' id='word_1_60' title='bbox 645 1117 720 1186; x_wconf 86' lang='grc' dir='ltr'>μὴ</span> <span class='ocrx_word' id='word_1_61' title='bbox 753 1109 1090 1186; x_wconf 70' lang='grc' dir='ltr'>περιέργως·</span> <span class='ocrx_word' id='word_1_62' title='bbox 1143 1115 1319 1166; x_wconf 78' lang='grc' dir='ltr'>έκεῖνο</span> <span class='ocrx_word' id='word_1_63' title='bbox 1357 1111 1467 1180; x_wconf 86' lang='grc' dir='ltr'>γὰρ</span> <span class='ocrx_word' id='word_1_64' title='bbox 1512 1110 1771 1178; x_wconf 88' lang='grc' dir='ltr'>κόσμιον,</span> <span class='ocrx_word' id='word_1_65' title='bbox 1803 1106 1965 1160; x_wconf 90' lang='grc' dir='ltr'>τοῦτο</span> 
     </span>
    </p>
   </div>
   <div class='ocr_carea' id='block_1_11' title="bbox 392 1187 1961 1264">
    <p class='ocr_par' dir='ltr' id='par_1_11' title="bbox 392 1187 1961 1264">
     <span class='ocr_line' id='line_1_11' title="bbox 392 1187 1961 1264; baseline -0.005 -17"><span class='ocrx_word' id='word_1_66' title='bbox 392 1194 448 1247; x_wconf 67' lang='grc' dir='ltr'>δὲ</span> <span class='ocrx_word' id='word_1_67' title='bbox 474 1195 736 1264; x_wconf 83' lang='grc' dir='ltr'>ἄκοσμον.</span> <span class='ocrx_word' id='word_1_68' title='bbox 765 1196 829 1247; x_wconf 99' lang='grc' dir='ltr'>Τί</span> <span class='ocrx_word' id='word_1_69' title='bbox 863 1195 1076 1262; x_wconf 88' lang='grc' dir='ltr'>λέγεις;</span> <span class='ocrx_word' id='word_1_70' title='bbox 1113 1193 1392 1264; x_wconf 81' lang='grc' dir='ltr'>προσέρχῃ</span> <span class='ocrx_word' id='word_1_71' title='bbox 1418 1191 1650 1260; x_wconf 78' lang='grc' dir='ltr'>δεομένη</span> <span class='ocrx_word' id='word_1_72' title='bbox 1673 1187 1766 1241; x_wconf 88' lang='grc' dir='ltr'>τοῦ</span> <span class='ocrx_word' id='word_1_73' title='bbox 1804 1187 1961 1250; x_wconf 80' lang='grc' dir='ltr'>Θεοῦ,</span> 
     </span>
    </p>
   </div>
   <div class='ocr_carea' id='block_1_12' title="bbox 393 1270 1965 1348">
    <p class='ocr_par' dir='ltr' id='par_1_12' title="bbox 393 1270 1965 1348">
     <span class='ocr_line' id='line_1_12' title="bbox 393 1270 1965 1348; baseline -0.006 -16"><span class='ocrx_word' id='word_1_74' title='bbox 393 1278 490 1332; x_wconf 83' lang='grc' dir='ltr'>καὶ</span> <span class='ocrx_word' id='word_1_75' title='bbox 533 1278 842 1348; x_wconf 71' lang='grc' dir='ltr'>περίκεισαι</span> <span class='ocrx_word' id='word_1_76' title='bbox 891 1279 1094 1348; x_wconf 79' lang='grc' dir='ltr'>χρυσία</span> <span class='ocrx_word' id='word_1_77' title='bbox 1133 1279 1228 1330; x_wconf 73' lang='grc' dir='ltr'>καὶ</span> <span class='ocrx_word' id='word_1_78' title='bbox 1281 1275 1675 1345; x_wconf 85' lang='grc' dir='ltr'>ὲμπλέγματα;</span> <span class='ocrx_word' id='word_1_79' title='bbox 1729 1272 1804 1342; x_wconf 84' lang='grc' dir='ltr'>μὴ</span> <span class='ocrx_word' id='word_1_80' title='bbox 1855 1270 1965 1341; x_wconf 81' lang='grc' dir='ltr'>γὰρ</span> 
     </span>
    </p>
   </div>
   <div class='ocr_carea' id='block_1_13' title="bbox 393 1355 1965 1431">
    <p class='ocr_par' dir='ltr' id='par_1_13' title="bbox 393 1355 1965 1431">
     <span class='ocr_line' id='line_1_13' title="bbox 393 1355 1965 1431; baseline -0.005 -17"><span class='ocrx_word' id='word_1_81' title='bbox 393 1360 650 1431; x_wconf 77' lang='grc' dir='ltr'>χορεῦσαι</span> <span class='ocrx_word' id='word_1_82' title='bbox 673 1357 871 1431; x_wconf 76' lang='grc' dir='ltr'>ἧλθεςς</span> <span class='ocrx_word' id='word_1_83' title='bbox 915 1361 990 1430; x_wconf 85' lang='grc' dir='ltr'>μὴ</span> <span class='ocrx_word' id='word_1_84' title='bbox 1017 1361 1126 1430; x_wconf 80' lang='grc' dir='ltr'>γὰρ</span> <span class='ocrx_word' id='word_1_85' title='bbox 1151 1360 1342 1429; x_wconf 84' lang='grc' dir='ltr'>γάμων</span> <span class='ocrx_word' id='word_1_86' title='bbox 1372 1357 1701 1429; x_wconf 84' lang='grc' dir='ltr'>μεθέξουσα;</span> <span class='ocrx_word' id='word_1_87' title='bbox 1747 1356 1822 1426; x_wconf 85' lang='grc' dir='ltr'>μὴ</span> <span class='ocrx_word' id='word_1_88' title='bbox 1857 1355 1965 1423; x_wconf 82' lang='grc' dir='ltr'>γὰρ</span> 
     </span>
    </p>
   </div>
   <div class='ocr_carea' id='block_1_14' title="bbox 395 1439 1966 1516">
    <p class='ocr_par' dir='ltr' id='par_1_14' title="bbox 395 1439 1966 1516">
     <span class='ocr_line' id='line_1_14' title="bbox 395 1439 1966 1516; baseline -0.003 -20"><span class='ocrx_word' id='word_1_89' title='bbox 395 1445 477 1508; x_wconf 85' lang='grc' dir='ltr'>εἰς</span> <span class='ocrx_word' id='word_1_90' title='bbox 517 1446 741 1516; x_wconf 87' lang='grc' dir='ltr'>πομπὴν</span> <span class='ocrx_word' id='word_1_91' title='bbox 781 1445 1123 1516; x_wconf 85' lang='grc' dir='ltr'>παρεγένου;</span> <span class='ocrx_word' id='word_1_92' title='bbox 1175 1445 1323 1496; x_wconf 87' lang='grc' dir='ltr'>Ἐκεῖ</span> <span class='ocrx_word' id='word_1_93' title='bbox 1373 1443 1440 1494; x_wconf 79' lang='grc' dir='ltr'>τὰ</span> <span class='ocrx_word' id='word_1_94' title='bbox 1485 1441 1716 1512; x_wconf 80' lang='grc' dir='ltr'>χρυσία,</span> <span class='ocrx_word' id='word_1_95' title='bbox 1750 1439 1966 1493; x_wconf 82' lang='grc' dir='ltr'>ἐκείτά</span> 
     </span>
    </p>
   </div>
   <div class='ocr_carea' id='block_1_15' title="bbox 395 1524 1964 1598">
    <p class='ocr_par' dir='ltr' id='par_1_15' title="bbox 395 1524 1964 1598">
     <span class='ocr_line' id='line_1_15' title="bbox 395 1524 1964 1598; baseline -0.002 -20"><span class='ocrx_word' id='word_1_96' title='bbox 395 1527 774 1598; x_wconf 86' lang='grc' dir='ltr'>ὲμπλέγματα,</span> <span class='ocrx_word' id='word_1_97' title='bbox 809 1530 924 1582; x_wconf 76' lang='grc' dir='ltr'>ἐκεῖ</span> <span class='ocrx_word' id='word_1_98' title='bbox 947 1528 1018 1581; x_wconf 84' lang='grc' dir='ltr'>τά-</span> <span class='ocrx_word' id='word_1_99' title='bbox 1056 1527 1319 1596; x_wconf 85' lang='grc' dir='ltr'>πολυτελῆ</span> <span class='ocrx_word' id='word_1_100' title='bbox 1354 1526 1543 1595; x_wconf 88' lang='grc' dir='ltr'>ίμάτια</span> <span class='ocrx_word' id='word_1_101' title='bbox 1582 1524 1692 1594; x_wconf 77' lang='grc' dir='ltr'>ἔχει</span> <span class='ocrx_word' id='word_1_102' title='bbox 1732 1524 1924 1596; x_wconf 86' lang='grc' dir='ltr'>καιρόν</span> <span class='ocrx_word' id='word_1_103' title='bbox 1946 1539 1964 1558; x_wconf 74' lang='grc' dir='ltr'><strong>ο</strong></span> 
     </span>
    </p>
   </div>
   <div class='ocr_carea' id='block_1_16' title="bbox 394 1607 1962 1682">
    <p class='ocr_par' dir='ltr' id='par_1_16' title="bbox 394 1607 1962 1682">
     <span class='ocr_line' id='line_1_16' title="bbox 394 1607 1962 1682; baseline -0.001 -21"><span class='ocrx_word' id='word_1_104' title='bbox 394 1609 490 1662; x_wconf 88' lang='grc' dir='ltr'>νῦν</span> <span class='ocrx_word' id='word_1_105' title='bbox 519 1611 576 1663; x_wconf 86' lang='grc' dir='ltr'>δὲ</span> <span class='ocrx_word' id='word_1_106' title='bbox 601 1611 813 1674; x_wconf 84' lang='grc' dir='ltr'>οὐδενὸς</span> <span class='ocrx_word' id='word_1_107' title='bbox 851 1613 1011 1682; x_wconf 82' lang='grc' dir='ltr'>χρεία</span> <span class='ocrx_word' id='word_1_108' title='bbox 1037 1611 1263 1665; x_wconf 85' lang='grc' dir='ltr'>τούτων.</span> <span class='ocrx_word' id='word_1_109' title='bbox 1311 1607 1512 1670; x_wconf 87' lang='grc' dir='ltr'>Ἦλθες</span> <span class='ocrx_word' id='word_1_110' title='bbox 1547 1609 1962 1679; x_wconf 78' lang='grc' dir='ltr'>παρακαλέσαι,</span> 
     </span>
    </p>
   </div>
   <div class='ocr_carea' id='block_1_17' title="bbox 391 1685 1995 1766">
    <p class='ocr_par' dir='ltr' id='par_1_17' title="bbox 391 1685 1995 1766">
     <span class='ocr_line' id='line_1_17' title="bbox 391 1685 1995 1766; baseline -0.002 -20"><span class='ocrx_word' id='word_1_111' title='bbox 391 1693 648 1764; x_wconf 84' lang='grc' dir='ltr'>δεηθῆναι</span> <span class='ocrx_word' id='word_1_112' title='bbox 670 1695 811 1766; x_wconf 81' lang='grc' dir='ltr'>ὑπὲρ</span> <span class='ocrx_word' id='word_1_113' title='bbox 850 1695 1296 1765; x_wconf 85' lang='grc' dir='ltr'>ἁμαρτημάτων,</span> <span class='ocrx_word' id='word_1_114' title='bbox 1322 1693 1680 1763; x_wconf 83' lang='grc' dir='ltr'>ὲντευξομένη</span> <span class='ocrx_word' id='word_1_115' title='bbox 1721 1692 1860 1761; x_wconf 82' lang='grc' dir='ltr'>ὑπὲρ</span> <span class='ocrx_word' id='word_1_116' title='bbox 1891 1685 1995 1746; x_wconf 87' lang='grc' dir='ltr'>ὧν·</span> 
     </span>
    </p>
   </div>
   <div class='ocr_carea' id='block_1_18' title="bbox 393 1776 1970 1849">
    <p class='ocr_par' dir='ltr' id='par_1_18' title="bbox 393 1776 1970 1849">
     <span class='ocr_line' id='line_1_18' title="bbox 393 1776 1970 1849; baseline -0.002 -19"><span class='ocrx_word' id='word_1_117' title='bbox 393 1779 839 1849; x_wconf 86' lang='grc' dir='ltr'>προσέκρουσας,</span> <span class='ocrx_word' id='word_1_118' title='bbox 872 1779 1168 1849; x_wconf 77' lang='grc' dir='ltr'>αἰτουμένη</span> <span class='ocrx_word' id='word_1_119' title='bbox 1216 1781 1308 1832; x_wconf 82' lang='grc' dir='ltr'>τὸν</span> <span class='ocrx_word' id='word_1_120' title='bbox 1356 1777 1633 1846; x_wconf 88' lang='grc' dir='ltr'>Δεσπότην</span> <span class='ocrx_word' id='word_1_121' title='bbox 1655 1816 1670 1838; x_wconf 94' lang='grc'>,</span> <span class='ocrx_word' id='word_1_122' title='bbox 1710 1776 1841 1830; x_wconf 84' lang='grc' dir='ltr'>ἵλεω</span> <span class='ocrx_word' id='word_1_123' title='bbox 1873 1792 1970 1828; x_wconf 86' lang='grc' dir='ltr'>κα-</span> 
     </span>
    </p>
   </div>
   <div class='ocr_carea' id='block_1_19' title="bbox 392 1859 1970 1932">
    <p class='ocr_par' dir='ltr' id='par_1_19' title="bbox 392 1859 1970 1932">
     <span class='ocr_line' id='line_1_19' title="bbox 392 1859 1970 1932; baseline -0.001 -19"><span class='ocrx_word' id='word_1_124' title='bbox 392 1864 739 1932; x_wconf 87' lang='grc' dir='ltr'>ταστήσουσα</span> <span class='ocrx_word' id='word_1_125' title='bbox 787 1863 986 1916; x_wconf 87' lang='grc' dir='ltr'>αὐτόν·</span> <span class='ocrx_word' id='word_1_126' title='bbox 1037 1863 1090 1916; x_wconf 89' lang='grc' dir='ltr'>τί</span> <span class='ocrx_word' id='word_1_127' title='bbox 1134 1863 1362 1932; x_wconf 81' lang='grc' dir='ltr'>κοσμεῖς</span> <span class='ocrx_word' id='word_1_128' title='bbox 1405 1863 1646 1931; x_wconf 89' lang='grc' dir='ltr'>σαυτήν;</span> <span class='ocrx_word' id='word_1_129' title='bbox 1687 1861 1801 1913; x_wconf 87' lang='grc' dir='ltr'>Οὐκ</span> <span class='ocrx_word' id='word_1_130' title='bbox 1853 1859 1970 1912; x_wconf 78' lang='grc' dir='ltr'>ἔστι</span> 
     </span>
    </p>
   </div>
   <div class='ocr_carea' id='block_1_20' title="bbox 392 1945 1971 2018">
    <p class='ocr_par' dir='ltr' id='par_1_20' title="bbox 392 1945 1971 2018">
     <span class='ocr_line' id='line_1_20' title="bbox 392 1945 1971 2018; baseline -0.002 -21"><span class='ocrx_word' id='word_1_131' title='bbox 392 1945 564 1999; x_wconf 86' lang='grc' dir='ltr'>ταῦτα</span> <span class='ocrx_word' id='word_1_132' title='bbox 597 1946 947 2018; x_wconf 82' lang='grc' dir='ltr'>ἱκετευούσης</span> <span class='ocrx_word' id='word_1_133' title='bbox 982 1945 1052 1998; x_wconf 77' lang='grc' dir='ltr'>τὰ</span> <span class='ocrx_word' id='word_1_134' title='bbox 1099 1949 1374 2016; x_wconf 83' lang='grc' dir='ltr'>σχήματα.</span> <span class='ocrx_word' id='word_1_135' title='bbox 1422 1945 1546 2006; x_wconf 89' lang='grc' dir='ltr'>Πῶς</span> <span class='ocrx_word' id='word_1_136' title='bbox 1579 1945 1805 1998; x_wconf 82' lang='grc' dir='ltr'>δύνασαι</span> <span class='ocrx_word' id='word_1_137' title='bbox 1850 1960 1971 1995; x_wconf 86' lang='grc' dir='ltr'>στε-</span> 
     </span>
    </p>
   </div>
   <div class='ocr_carea' id='block_1_21' title="bbox 395 2028 1970 2102">
    <p class='ocr_par' dir='ltr' id='par_1_21' title="bbox 395 2028 1970 2102">
     <span class='ocr_line' id='line_1_21' title="bbox 395 2028 1970 2102; baseline -0.002 -20"><span class='ocrx_word' id='word_1_138' title='bbox 395 2030 587 2096; x_wconf 76' lang='grc' dir='ltr'>νάξαις</span> <span class='ocrx_word' id='word_1_139' title='bbox 620 2030 738 2093; x_wconf 89' lang='grc' dir='ltr'>πῶς</span> <span class='ocrx_word' id='word_1_140' title='bbox 776 2030 1002 2085; x_wconf 84' lang='grc' dir='ltr'>δύνασαι</span> <span class='ocrx_word' id='word_1_141' title='bbox 1030 2031 1339 2102; x_wconf 83' lang='grc' dir='ltr'>δακρῦσαι;</span> <span class='ocrx_word' id='word_1_142' title='bbox 1371 2028 1486 2093; x_wconf 83' lang='grc' dir='ltr'>πῶς</span> <span class='ocrx_word' id='word_1_143' title='bbox 1519 2029 1658 2100; x_wconf 79' lang='grc' dir='ltr'>μετὰ</span> <span class='ocrx_word' id='word_1_144' title='bbox 1694 2029 1970 2091; x_wconf 79' lang='grc' dir='ltr'>ὲκτενείας</span> 
     </span>
    </p>
   </div>
   <div class='ocr_carea' id='block_1_22' title="bbox 396 2111 1972 2184">
    <p class='ocr_par' dir='ltr' id='par_1_22' title="bbox 396 2111 1972 2184">
     <span class='ocr_line' id='line_1_22' title="bbox 396 2111 1972 2184; baseline -0.001 -20"><span class='ocrx_word' id='word_1_145' title='bbox 396 2112 676 2178; x_wconf 81' lang='grc' dir='ltr'>εὔξασθαι,</span> <span class='ocrx_word' id='word_1_146' title='bbox 718 2112 961 2166; x_wconf 86' lang='grc' dir='ltr'>τοιοῦτον</span> <span class='ocrx_word' id='word_1_147' title='bbox 993 2115 1178 2183; x_wconf 80' lang='grc' dir='ltr'>σχῆμα</span> <span class='ocrx_word' id='word_1_148' title='bbox 1206 2112 1595 2184; x_wconf 88' lang='grc' dir='ltr'>περικειμένη;</span> <span class='ocrx_word' id='word_1_149' title='bbox 1627 2111 1742 2165; x_wconf 82' lang='grc' dir='ltr'>Κᾶν</span> <span class='ocrx_word' id='word_1_150' title='bbox 1771 2111 1972 2182; x_wconf 83' lang='grc' dir='ltr'>δακρύ-</span> 
     </span>
    </p>
   </div>
   <div class='ocr_carea' id='block_1_23' title="bbox 399 2198 1972 2270">
    <p class='ocr_par' dir='ltr' id='par_1_23' title="bbox 399 2198 1972 2270">
     <span class='ocr_line' id='line_1_23' title="bbox 399 2198 1972 2270; baseline -0.001 -18"><span class='ocrx_word' id='word_1_151' title='bbox 399 2217 527 2270; x_wconf 77' lang='grc' dir='ltr'>σῃς,</span> <span class='ocrx_word' id='word_1_152' title='bbox 563 2199 736 2266; x_wconf 83' lang='grc' dir='ltr'>γέλως</span> <span class='ocrx_word' id='word_1_153' title='bbox 781 2198 934 2252; x_wconf 79' lang='grc' dir='ltr'>ἔσται</span> <span class='ocrx_word' id='word_1_154' title='bbox 983 2200 1053 2253; x_wconf 84' lang='grc' dir='ltr'>τά</span> <span class='ocrx_word' id='word_1_155' title='bbox 1087 2200 1297 2268; x_wconf 75' lang='grc' dir='ltr'>δάκρυα</span> <span class='ocrx_word' id='word_1_156' title='bbox 1339 2201 1450 2263; x_wconf 90' lang='grc' dir='ltr'>τοῖς</span> <span class='ocrx_word' id='word_1_157' title='bbox 1497 2198 1733 2268; x_wconf 83' lang='grc' dir='ltr'>ὁρῶσιν·</span> <span class='ocrx_word' id='word_1_158' title='bbox 1775 2198 1833 2251; x_wconf 91' lang='grc' dir='ltr'>οὐ</span> <span class='ocrx_word' id='word_1_159' title='bbox 1864 2199 1972 2267; x_wconf 78' lang='grc' dir='ltr'>γὰρ</span> 
     </span>
    </p>
   </div>
   <div class='ocr_carea' id='block_1_24' title="bbox 396 2282 1973 2353">
    <p class='ocr_par' dir='ltr' id='par_1_24' title="bbox 396 2282 1973 2353">
     <span class='ocr_line' id='line_1_24' title="bbox 396 2282 1973 2353; baseline 0 -19"><span class='ocrx_word' id='word_1_160' title='bbox 396 2285 756 2353; x_wconf 80' lang='grc' dir='ltr'>χρυσοφορεῖν</span> <span class='ocrx_word' id='word_1_161' title='bbox 788 2283 886 2353; x_wconf 78' lang='grc' dir='ltr'>τὴν</span> <span class='ocrx_word' id='word_1_162' title='bbox 932 2282 1278 2353; x_wconf 82' lang='grc' dir='ltr'>δακρύουσαν</span> <span class='ocrx_word' id='word_1_163' title='bbox 1323 2282 1440 2334; x_wconf 74' lang='grc' dir='ltr'>δεῖο</span> <span class='ocrx_word' id='word_1_164' title='bbox 1483 2282 1605 2334; x_wconf 80' lang='grc' dir='ltr'>ἐπεὶ</span> <span class='ocrx_word' id='word_1_165' title='bbox 1647 2283 1820 2352; x_wconf 88' lang='grc' dir='ltr'>σκηνή</span> <span class='ocrx_word' id='word_1_166' title='bbox 1857 2283 1973 2334; x_wconf 73' lang='grc' dir='ltr'>ἐστι</span> 
     </span>
    </p>
   </div>
   <div class='ocr_carea' id='block_1_25' title="bbox 398 2365 1976 2437">
    <p class='ocr_par' dir='ltr' id='par_1_25' title="bbox 398 2365 1976 2437">
     <span class='ocr_line' id='line_1_25' title="bbox 398 2365 1976 2437; baseline -0.001 -20"><span class='ocrx_word' id='word_1_167' title='bbox 398 2365 491 2418; x_wconf 78' lang='grc' dir='ltr'>καὶ</span> <span class='ocrx_word' id='word_1_168' title='bbox 527 2365 836 2434; x_wconf 87' lang='grc' dir='ltr'>ὑπόκρισις.</span> <span class='ocrx_word' id='word_1_169' title='bbox 871 2365 995 2429; x_wconf 91' lang='grc' dir='ltr'>Πῶς</span> <span class='ocrx_word' id='word_1_170' title='bbox 1029 2365 1139 2436; x_wconf 85' lang='grc' dir='ltr'>γὰρ</span> <span class='ocrx_word' id='word_1_171' title='bbox 1180 2366 1242 2418; x_wconf 91' lang='grc' dir='ltr'>οὐ</span> <span class='ocrx_word' id='word_1_172' title='bbox 1272 2365 1476 2437; x_wconf 77' lang='grc' dir='ltr'>σκηνὴ,</span> <span class='ocrx_word' id='word_1_173' title='bbox 1505 2366 1633 2418; x_wconf 82' lang='grc' dir='ltr'>ὅταν</span> <span class='ocrx_word' id='word_1_174' title='bbox 1676 2366 1770 2416; x_wconf 87' lang='grc' dir='ltr'>ἀπ’</span> <span class='ocrx_word' id='word_1_175' title='bbox 1805 2365 1976 2434; x_wconf 76' lang='grc' dir='ltr'>αὐτῆς</span> 
     </span>
    </p>
   </div>
   <div class='ocr_carea' id='block_1_26' title="bbox 395 2445 1974 2521">
    <p class='ocr_par' dir='ltr' id='par_1_26' title="bbox 395 2445 1974 2521">
     <span class='ocr_line' id='line_1_26' title="bbox 395 2445 1974 2521; baseline -0.001 -20"><span class='ocrx_word' id='word_1_176' title='bbox 395 2449 495 2517; x_wconf 81' lang='grc' dir='ltr'>τῆς</span> <span class='ocrx_word' id='word_1_177' title='bbox 523 2448 782 2514; x_wconf 84' lang='grc' dir='ltr'>διανοίας,</span> <span class='ocrx_word' id='word_1_178' title='bbox 805 2449 897 2518; x_wconf 72' lang='grc' dir='ltr'>ἀφ’</span> <span class='ocrx_word' id='word_1_179' title='bbox 921 2445 990 2521; x_wconf 81' lang='grc' dir='ltr'>ἦς</span> <span class='ocrx_word' id='word_1_180' title='bbox 1014 2451 1048 2518; x_wconf 81' lang='grc' dir='ltr'>ἡ</span> <span class='ocrx_word' id='word_1_181' title='bbox 1077 2447 1316 2517; x_wconf 84' lang='grc' dir='ltr'>τοσαύτη</span> <span class='ocrx_word' id='word_1_182' title='bbox 1347 2449 1667 2502; x_wconf 85' lang='grc' dir='ltr'>πολυτέλεια</span> <span class='ocrx_word' id='word_1_183' title='bbox 1696 2449 1790 2500; x_wconf 74' lang='grc' dir='ltr'>καὶ</span> <span class='ocrx_word' id='word_1_184' title='bbox 1822 2448 1974 2517; x_wconf 82' lang='grc' dir='ltr'>φιλο-</span> 
     </span>
    </p>
   </div>
   <div class='ocr_carea' id='block_1_27' title="bbox 395 2532 1977 2605">
    <p class='ocr_par' dir='ltr' id='par_1_27' title="bbox 395 2532 1977 2605">
     <span class='ocr_line' id='line_1_27' title="bbox 395 2532 1977 2605; baseline -0.001 -20"><span class='ocrx_word' id='word_1_185' title='bbox 395 2532 554 2601; x_wconf 82' lang='grc' dir='ltr'>τιμία</span> <span class='ocrx_word' id='word_1_186' title='bbox 587 2533 805 2603; x_wconf 82' lang='grc' dir='ltr'>ὲτέχθη,</span> <span class='ocrx_word' id='word_1_187' title='bbox 834 2533 945 2586; x_wconf 78' lang='grc' dir='ltr'>ἀπὸ</span> <span class='ocrx_word' id='word_1_188' title='bbox 968 2533 1067 2604; x_wconf 81' lang='grc' dir='ltr'>τῆς</span> <span class='ocrx_word' id='word_1_189' title='bbox 1094 2534 1266 2602; x_wconf 83' lang='grc' dir='ltr'>αὐτῆς</span> <span class='ocrx_word' id='word_1_190' title='bbox 1297 2535 1390 2587; x_wconf 72' lang='grc' dir='ltr'>καὶ</span> <span class='ocrx_word' id='word_1_191' title='bbox 1412 2533 1625 2602; x_wconf 85' lang='grc' dir='ltr'>δάκρυα</span> <span class='ocrx_word' id='word_1_192' title='bbox 1657 2532 1808 2605; x_wconf 78' lang='grc'>[591]</span> <span class='ocrx_word' id='word_1_193' title='bbox 1841 2550 1977 2603; x_wconf 88' lang='grc' dir='ltr'>προ-</span> 
     </span>
    </p>
   </div>
   <div class='ocr_carea' id='block_1_28' title="bbox 396 2610 1976 2687">
    <p class='ocr_par' dir='ltr' id='par_1_28' title="bbox 396 2610 1976 2687">
     <span class='ocr_line' id='line_1_28' title="bbox 396 2610 1976 2687; baseline 0 -19"><span class='ocrx_word' id='word_1_194' title='bbox 396 2617 618 2686; x_wconf 87' lang='grc' dir='ltr'>χέηται;</span> <span class='ocrx_word' id='word_1_195' title='bbox 648 2610 874 2687; x_wconf 80' lang='grc' dir='ltr'>Περίὲλε</span> <span class='ocrx_word' id='word_1_196' title='bbox 908 2619 1089 2670; x_wconf 76' lang='grc' dir='ltr'>πᾶσαν</span> <span class='ocrx_word' id='word_1_197' title='bbox 1120 2617 1338 2685; x_wconf 80' lang='grc' dir='ltr'>ἐκείνην</span> <span class='ocrx_word' id='word_1_198' title='bbox 1368 2620 1466 2687; x_wconf 76' lang='grc' dir='ltr'>τὴν</span> <span class='ocrx_word' id='word_1_199' title='bbox 1493 2617 1818 2687; x_wconf 74' lang='grc' dir='ltr'>ὑπόκρισινο</span> <span class='ocrx_word' id='word_1_200' title='bbox 1844 2618 1976 2680; x_wconf 80' lang='grc' dir='ltr'>Θεὸς</span> 
     </span>
    </p>
   </div>
   <div class='ocr_carea' id='block_1_29' title="bbox 395 2699 1978 2770">
    <p class='ocr_par' dir='ltr' id='par_1_29' title="bbox 395 2699 1978 2770">
     <span class='ocr_line' id='line_1_29' title="bbox 395 2699 1978 2770; baseline 0.001 -19"><span class='ocrx_word' id='word_1_201' title='bbox 395 2700 458 2751; x_wconf 88' lang='grc' dir='ltr'>οὐ</span> <span class='ocrx_word' id='word_1_202' title='bbox 505 2699 780 2763; x_wconf 76' lang='grc' dir='ltr'>παίζεται.</span> <span class='ocrx_word' id='word_1_203' title='bbox 818 2700 1004 2752; x_wconf 90' lang='grc' dir='ltr'>Ταῦτα</span> <span class='ocrx_word' id='word_1_204' title='bbox 1043 2700 1152 2752; x_wconf 86' lang='grc' dir='ltr'>τῶν</span> <span class='ocrx_word' id='word_1_205' title='bbox 1189 2700 1373 2770; x_wconf 87' lang='grc' dir='ltr'>μίμων</span> <span class='ocrx_word' id='word_1_206' title='bbox 1408 2702 1501 2754; x_wconf 66' lang='grc' dir='ltr'>καὶ</span> <span class='ocrx_word' id='word_1_207' title='bbox 1553 2701 1664 2754; x_wconf 90' lang='grc' dir='ltr'>τῶν</span> <span class='ocrx_word' id='word_1_208' title='bbox 1693 2702 1978 2770; x_wconf 81' lang='grc' dir='ltr'>ὀρχηστῶν</span> 
     </span>
    </p>
   </div>
   <div class='ocr_carea' id='block_1_30' title="bbox 397 2783 1980 2854">
    <p class='ocr_par' dir='ltr' id='par_1_30' title="bbox 397 2783 1980 2854">
     <span class='ocr_line' id='line_1_30' title="bbox 397 2783 1980 2854; baseline 0.002 -20"><span class='ocrx_word' id='word_1_209' title='bbox 397 2784 515 2836; x_wconf 82' lang='grc' dir='ltr'>ἐστι</span> <span class='ocrx_word' id='word_1_210' title='bbox 556 2783 663 2836; x_wconf 78' lang='grc' dir='ltr'>τῶν</span> <span class='ocrx_word' id='word_1_211' title='bbox 714 2785 773 2836; x_wconf 82' lang='grc' dir='ltr'>ὲν</span> <span class='ocrx_word' id='word_1_212' title='bbox 806 2786 928 2847; x_wconf 92' lang='grc' dir='ltr'>ταῖς</span> <span class='ocrx_word' id='word_1_213' title='bbox 963 2787 1191 2854; x_wconf 80' lang='grc' dir='ltr'>σκηναῖς</span> <span class='ocrx_word' id='word_1_214' title='bbox 1233 2785 1669 2854; x_wconf 84' lang='grc' dir='ltr'>διημερευόντων</span> <span class='ocrx_word' id='word_1_215' title='bbox 1694 2801 1707 2813; x_wconf 92' lang='grc'><strong>·</strong></span> <span class='ocrx_word' id='word_1_216' title='bbox 1758 2786 1980 2853; x_wconf 60' lang='grc' dir='ltr'>γυναικὶ⁵</span> 
     </span>
    </p>
   </div>
   <div class='ocr_carea' id='block_1_31' title="bbox 395 2866 1976 2940">
    <p class='ocr_par' dir='ltr' id='par_1_31' title="bbox 395 2866 1976 2940">
     <span class='ocr_line' id='line_1_31' title="bbox 395 2866 1976 2940; baseline 0.001 -21"><span class='ocrx_word' id='word_1_217' title='bbox 395 2866 454 2919; x_wconf 83' lang='grc' dir='ltr'>δὲ</span> <span class='ocrx_word' id='word_1_218' title='bbox 485 2867 690 2939; x_wconf 82' lang='grc' dir='ltr'>κοσμίᾳ</span> <span class='ocrx_word' id='word_1_219' title='bbox 711 2868 863 2920; x_wconf 78' lang='grc' dir='ltr'>οὐδὲν</span> <span class='ocrx_word' id='word_1_220' title='bbox 887 2868 1092 2922; x_wconf 89' lang='grc' dir='ltr'>τούτων</span> <span class='ocrx_word' id='word_1_221' title='bbox 1126 2869 1346 2939; x_wconf 82' lang='grc' dir='ltr'>πρέπει.</span> <span class='ocrx_word' id='word_1_222' title='bbox 1372 2871 1534 2924; x_wconf 80' lang='grc' dir='ltr'>Μετὰ</span> <span class='ocrx_word' id='word_1_223' title='bbox 1563 2868 1790 2936; x_wconf 80' lang='grc' dir='ltr'>αίδοῦς,</span> <span class='ocrx_word' id='word_1_224' title='bbox 1822 2872 1976 2940; x_wconf 81' lang='grc' dir='ltr'>φησὶ,</span> 
     </span>
    </p>
   </div>
   <div class='ocr_carea' id='block_1_32' title="bbox 398 2949 954 3018">
    <p class='ocr_par' dir='ltr' id='par_1_32' title="bbox 398 2949 954 3018">
     <span class='ocr_line' id='line_1_32' title="bbox 398 2949 954 3018; baseline 0.004 -16"><span class='ocrx_word' id='word_1_225' title='bbox 398 2949 498 3003; x_wconf 75' lang='grc' dir='ltr'>καί</span> <span class='ocrx_word' id='word_1_226' title='bbox 531 2951 954 3018; x_wconf 66' lang='grc' dir='ltr'>σωφροσύνης.</span> 
     </span>
    </p>
   </div>
   <div class='ocr_carea' id='block_1_33' title="bbox 473 3049 1981 3123">
    <p class='ocr_par' dir='ltr' id='par_1_33' title="bbox 473 3049 1981 3123">
     <span class='ocr_line' id='line_1_33' title="bbox 473 3049 1981 3123; baseline 0 -18"><span class='ocrx_word' id='word_1_227' title='bbox 473 3051 540 3120; x_wconf 86' lang='grc' dir='ltr'>β’.</span> <span class='ocrx_word' id='word_1_228' title='bbox 575 3051 669 3121; x_wconf 86' lang='grc' dir='ltr'>Μὴ</span> <span class='ocrx_word' id='word_1_229' title='bbox 689 3051 870 3104; x_wconf 89' lang='grc' dir='ltr'>τοίνυν</span> <span class='ocrx_word' id='word_1_230' title='bbox 902 3051 1002 3115; x_wconf 77' lang='grc' dir='ltr'>τὰς</span> <span class='ocrx_word' id='word_1_231' title='bbox 1041 3049 1458 3120; x_wconf 74' lang='grc' dir='ltr'>ἑταιριζομένας</span> <span class='ocrx_word' id='word_1_232' title='bbox 1483 3050 1652 3120; x_wconf 87' lang='grc' dir='ltr'>μιμοῦ</span> <span class='ocrx_word' id='word_1_233' title='bbox 1676 3067 1690 3082; x_wconf 77' lang='grc' dir='ltr'><strong>ο</strong></span> <span class='ocrx_word' id='word_1_234' title='bbox 1741 3052 1828 3104; x_wconf 79' lang='grc' dir='ltr'>διὰ</span> <span class='ocrx_word' id='word_1_235' title='bbox 1873 3053 1981 3123; x_wconf 78' lang='grc' dir='ltr'>γὰρ</span> 
     </span>
    </p>
   </div>
   <div class='ocr_carea' id='block_1_34' title="bbox 398 3133 1982 3204">
    <p class='ocr_par' dir='ltr' id='par_1_34' title="bbox 398 3133 1982 3204">
     <span class='ocr_line' id='line_1_34' title="bbox 398 3133 1982 3204; baseline 0.001 -19"><span class='ocrx_word' id='word_1_236' title='bbox 398 3133 592 3187; x_wconf 87' lang='grc' dir='ltr'>τούτου</span> <span class='ocrx_word' id='word_1_237' title='bbox 609 3133 703 3187; x_wconf 89' lang='grc' dir='ltr'>τοῦ</span> <span class='ocrx_word' id='word_1_238' title='bbox 725 3137 1004 3204; x_wconf 88' lang='grc' dir='ltr'>σχήματος</span> <span class='ocrx_word' id='word_1_239' title='bbox 1025 3134 1234 3187; x_wconf 80' lang='grc' dir='ltr'>ἐκεῖναι</span> <span class='ocrx_word' id='word_1_240' title='bbox 1255 3134 1482 3196; x_wconf 82' lang='grc' dir='ltr'>πολλοὺς</span> <span class='ocrx_word' id='word_1_241' title='bbox 1496 3134 1839 3188; x_wconf 77' lang='grc' dir='ltr'>ἐπισπῶνται</span> <span class='ocrx_word' id='word_1_242' title='bbox 1855 3136 1982 3198; x_wconf 80' lang='grc' dir='ltr'>τοὺς</span> 
     </span>
    </p>
   </div>
   <div class='ocr_carea' id='block_1_35' title="bbox 401 3207 1982 3291">
    <p class='ocr_par' dir='ltr' id='par_1_35' title="bbox 401 3207 1982 3291">
     <span class='ocr_line' id='line_1_35' title="bbox 401 3207 1982 3291; baseline 0.001 -19"><span class='ocrx_word' id='word_1_243' title='bbox 401 3219 658 3289; x_wconf 77' lang='grc' dir='ltr'>ἐραστὰς,</span> <span class='ocrx_word' id='word_1_244' title='bbox 691 3217 983 3272; x_wconf 75' lang='grc' dir='ltr'>κάντεῦθεν</span> <span class='ocrx_word' id='word_1_245' title='bbox 1014 3207 1208 3272; x_wconf 75' lang='grc' dir='ltr'>πολλαὶ</span> <span class='ocrx_word' id='word_1_246' title='bbox 1233 3220 1474 3289; x_wconf 72' lang='grc' dir='ltr'>πονηρὰν</span> <span class='ocrx_word' id='word_1_247' title='bbox 1509 3219 1701 3272; x_wconf 74' lang='grc' dir='ltr'>ἔλαϐον</span> <span class='ocrx_word' id='word_1_248' title='bbox 1741 3222 1982 3291; x_wconf 74' lang='grc' dir='ltr'>ὑποψίαν</span> 
     </span>
    </p>
   </div>
   <div class='ocr_carea' id='block_1_36' title="bbox 403 3302 1980 3373">
    <p class='ocr_par' dir='ltr' id='par_1_36' title="bbox 403 3302 1980 3373">
     <span class='ocr_line' id='line_1_36' title="bbox 403 3302 1980 3373; baseline 0.002 -18"><span class='ocrx_word' id='word_1_249' title='bbox 403 3302 706 3366; x_wconf 77' lang='grc' dir='ltr'>πολλάκις,</span> <span class='ocrx_word' id='word_1_250' title='bbox 761 3302 858 3355; x_wconf 80' lang='grc' dir='ltr'>καὶ</span> <span class='ocrx_word' id='word_1_251' title='bbox 908 3303 1060 3356; x_wconf 77' lang='grc' dir='ltr'>οὐδὲν</span> <span class='ocrx_word' id='word_1_252' title='bbox 1110 3304 1174 3356; x_wconf 81' lang='grc' dir='ltr'>ἐκ</span> <span class='ocrx_word' id='word_1_253' title='bbox 1223 3303 1318 3355; x_wconf 89' lang='grc' dir='ltr'>τοῦ</span> <span class='ocrx_word' id='word_1_254' title='bbox 1373 3304 1581 3373; x_wconf 85' lang='grc' dir='ltr'>κόσμου</span> <span class='ocrx_word' id='word_1_255' title='bbox 1628 3305 1821 3356; x_wconf 88' lang='grc' dir='ltr'>τούτου</span> <span class='ocrx_word' id='word_1_256' title='bbox 1872 3306 1980 3358; x_wconf 87' lang='grc' dir='ltr'>ἀπ-</span> 
     </span>
    </p>
   </div>
   <div class='ocr_carea' id='block_1_37' title="bbox 401 3384 1978 3458">
    <p class='ocr_par' dir='ltr' id='par_1_37' title="bbox 401 3384 1978 3458">
     <span class='ocr_line' id='line_1_37' title="bbox 401 3384 1978 3458; baseline 0.003 -21"><span class='ocrx_word' id='word_1_257' title='bbox 401 3386 638 3439; x_wconf 82' lang='grc' dir='ltr'>ώναντο’</span> <span class='ocrx_word' id='word_1_258' title='bbox 673 3384 899 3449; x_wconf 84' lang='grc' dir='ltr'>πολλοὺς</span> <span class='ocrx_word' id='word_1_259' title='bbox 931 3385 1040 3457; x_wconf 80' lang='grc' dir='ltr'>γὰρ</span> <span class='ocrx_word' id='word_1_260' title='bbox 1061 3387 1148 3440; x_wconf 72' lang='grc' dir='ltr'>διὰ</span> <span class='ocrx_word' id='word_1_261' title='bbox 1178 3387 1275 3457; x_wconf 81' lang='grc' dir='ltr'>τῆς</span> <span class='ocrx_word' id='word_1_262' title='bbox 1295 3386 1453 3458; x_wconf 79' lang='grc' dir='ltr'>δόξης</span> <span class='ocrx_word' id='word_1_263' title='bbox 1482 3387 1690 3458; x_wconf 78' lang='grc' dir='ltr'>ταύτης</span> <span class='ocrx_word' id='word_1_264' title='bbox 1720 3387 1978 3456; x_wconf 72' lang='grc' dir='ltr'>ἔϐλαψαν.</span> 
     </span>
    </p>
   </div>
   <div class='ocr_carea' id='block_1_38' title="bbox 405 3471 1984 3544">
    <p class='ocr_par' dir='ltr' id='par_1_38' title="bbox 405 3471 1984 3544">
     <span class='ocr_line' id='line_1_38' title="bbox 405 3471 1984 3544; baseline 0.003 -23"><span class='ocrx_word' id='word_1_265' title='bbox 405 3471 615 3542; x_wconf 81' lang='grc' dir='ltr'>’Ὠσπερ</span> <span class='ocrx_word' id='word_1_266' title='bbox 666 3471 772 3542; x_wconf 81' lang='grc' dir='ltr'>γὰρ</span> <span class='ocrx_word' id='word_1_267' title='bbox 809 3473 866 3541; x_wconf 53' lang='grc' dir='ltr'>,ἠ</span> <span class='ocrx_word' id='word_1_268' title='bbox 914 3471 1331 3542; x_wconf 85' lang='grc' dir='ltr'>πεπορνευμένη</span> <span class='ocrx_word' id='word_1_269' title='bbox 1394 3473 1498 3525; x_wconf 76' lang='grc' dir='ltr'>κᾶν</span> <span class='ocrx_word' id='word_1_270' title='bbox 1546 3472 1646 3544; x_wconf 77' lang='grc' dir='ltr'>ἔχῃ</span> <span class='ocrx_word' id='word_1_271' title='bbox 1707 3476 1984 3543; x_wconf 84' lang='grc' dir='ltr'>σώφρονος</span> 
     </span>
    </p>
   </div>
   <div class='ocr_carea' id='block_1_39' title="bbox 402 3553 1987 3628">
    <p class='ocr_par' dir='ltr' id='par_1_39' title="bbox 402 3553 1987 3628">
     <span class='ocr_line' id='line_1_39' title="bbox 402 3553 1987 3628; baseline 0.001 -20"><span class='ocrx_word' id='word_1_272' title='bbox 402 3553 584 3621; x_wconf 83' lang='grc' dir='ltr'>δόξαν,</span> <span class='ocrx_word' id='word_1_273' title='bbox 634 3555 786 3607; x_wconf 87' lang='grc' dir='ltr'>οὐδὲν</span> <span class='ocrx_word' id='word_1_274' title='bbox 836 3555 936 3623; x_wconf 77' lang='grc' dir='ltr'>τῆς</span> <span class='ocrx_word' id='word_1_275' title='bbox 978 3555 1138 3624; x_wconf 79' lang='grc' dir='ltr'>δόξης</span> <span class='ocrx_word' id='word_1_276' title='bbox 1182 3555 1460 3621; x_wconf 87' lang='grc' dir='ltr'>ἀπώνατο,</span> <span class='ocrx_word' id='word_1_277' title='bbox 1514 3556 1610 3609; x_wconf 86' lang='grc' dir='ltr'>τοῦ</span> <span class='ocrx_word' id='word_1_278' title='bbox 1658 3555 1737 3608; x_wconf 79' lang='grc' dir='ltr'>τὰ·</span> <span class='ocrx_word' id='word_1_279' title='bbox 1777 3557 1987 3628; x_wconf 80' lang='grc' dir='ltr'>κρύφια</span> 
     </span>
    </p>
   </div>
   <div class='ocr_carea' id='block_1_40' title="bbox 402 3636 1987 3709">
    <p class='ocr_par' dir='ltr' id='par_1_40' title="bbox 402 3636 1987 3709">
     <span class='ocr_line' id='line_1_40' title="bbox 402 3636 1987 3709; baseline 0.003 -20"><span class='ocrx_word' id='word_1_280' title='bbox 402 3636 712 3703; x_wconf 78' lang='grc' dir='ltr'>δικάζοντος</span> <span class='ocrx_word' id='word_1_281' title='bbox 736 3638 858 3691; x_wconf 88' lang='grc' dir='ltr'>τότε</span> <span class='ocrx_word' id='word_1_282' title='bbox 887 3639 1064 3693; x_wconf 86' lang='grc' dir='ltr'>πάντα</span> <span class='ocrx_word' id='word_1_283' title='bbox 1088 3641 1167 3704; x_wconf 90' lang='grc' dir='ltr'>είς</span> <span class='ocrx_word' id='word_1_284' title='bbox 1200 3639 1364 3709; x_wconf 81' lang='grc' dir='ltr'>μέσον</span> <span class='ocrx_word' id='word_1_285' title='bbox 1388 3638 1611 3709; x_wconf 79' lang='grc' dir='ltr'>ἄγοντος</span> <span class='ocrx_word' id='word_1_286' title='bbox 1633 3656 1646 3668; x_wconf 94' lang='grc'><strong>·</strong></span> <span class='ocrx_word' id='word_1_287' title='bbox 1671 3640 1843 3702; x_wconf 75' lang='grc' dir='ltr'>οὕτως</span> <span class='ocrx_word' id='word_1_288' title='bbox 1865 3641 1987 3693; x_wconf 75' lang='grc' dir='ltr'>οὐδὲ</span> 
     </span>
    </p>
   </div>
   <div class='ocr_carea' id='block_1_41' title="bbox 405 3719 1988 3794">
    <p class='ocr_par' dir='ltr' id='par_1_41' title="bbox 405 3719 1988 3794">
     <span class='ocr_line' id='line_1_41' title="bbox 405 3719 1988 3794; baseline 0.003 -22"><span class='ocrx_word' id='word_1_289' title='bbox 405 3720 438 3788; x_wconf 82' lang='grc' dir='ltr'>ἡ</span> <span class='ocrx_word' id='word_1_290' title='bbox 471 3719 721 3791; x_wconf 78' lang='grc' dir='ltr'>σώφρων,</span> <span class='ocrx_word' id='word_1_291' title='bbox 742 3721 807 3774; x_wconf 84' lang='grc' dir='ltr'>ἂν</span> <span class='ocrx_word' id='word_1_292' title='bbox 841 3721 1172 3794; x_wconf 81' lang='grc' dir='ltr'>ὲπιτηδεύσῃ</span> <span class='ocrx_word' id='word_1_293' title='bbox 1199 3723 1286 3776; x_wconf 68' lang='grc' dir='ltr'>διὰ</span> <span class='ocrx_word' id='word_1_294' title='bbox 1301 3722 1395 3775; x_wconf 90' lang='grc' dir='ltr'>τοῦ</span> <span class='ocrx_word' id='word_1_295' title='bbox 1429 3726 1712 3794; x_wconf 85' lang='grc' dir='ltr'>σχήματος</span> <span class='ocrx_word' id='word_1_296' title='bbox 1741 3724 1988 3794; x_wconf 86' lang='grc' dir='ltr'>μοιχείας</span> 
     </span>
    </p>
   </div>
   <div class='ocr_carea' id='block_1_42' title="bbox 404 3803 1989 3878">
    <p class='ocr_par' dir='ltr' id='par_1_42' title="bbox 404 3803 1989 3878">
     <span class='ocr_line' id='line_1_42' title="bbox 404 3803 1989 3878; baseline 0.002 -21"><span class='ocrx_word' id='word_1_297' title='bbox 404 3803 563 3868; x_wconf 79' lang='grc' dir='ltr'>δόξαν</span> <span class='ocrx_word' id='word_1_298' title='bbox 597 3805 803 3871; x_wconf 76' lang='grc' dir='ltr'>λαϐεῖν,</span> <span class='ocrx_word' id='word_1_299' title='bbox 856 3806 1112 3860; x_wconf 83' lang='grc' dir='ltr'>ἀπώνατό</span> <span class='ocrx_word' id='word_1_300' title='bbox 1142 3824 1193 3860; x_wconf 86' lang='grc' dir='ltr'>τι</span> <span class='ocrx_word' id='word_1_301' title='bbox 1225 3807 1327 3876; x_wconf 81' lang='grc' dir='ltr'>τῆς</span> <span class='ocrx_word' id='word_1_302' title='bbox 1372 3808 1732 3878; x_wconf 76' lang='grc' dir='ltr'>σωφροσύνης</span> <span class='ocrx_word' id='word_1_303' title='bbox 1752 3826 1765 3839; x_wconf 93' lang='grc'><strong>·</strong></span> <span class='ocrx_word' id='word_1_304' title='bbox 1802 3808 1989 3860; x_wconf 76' lang='grc' dir='ltr'>πολλοὶ</span> 
     </span>
    </p>
   </div>
   <div class='ocr_carea' id='block_1_43' title="bbox 409 3888 1990 3961">
    <p class='ocr_par' dir='ltr' id='par_1_43' title="bbox 409 3888 1990 3961">
     <span class='ocr_line' id='line_1_43' title="bbox 409 3888 1990 3961; baseline 0.004 -21"><span class='ocrx_word' id='word_1_305' title='bbox 409 3888 519 3960; x_wconf 86' lang='grc' dir='ltr'>γὰρ</span> <span class='ocrx_word' id='word_1_306' title='bbox 549 3889 639 3943; x_wconf 84' lang='grc' dir='ltr'>διὰ</span> <span class='ocrx_word' id='word_1_307' title='bbox 670 3890 769 3958; x_wconf 80' lang='grc' dir='ltr'>τῆς</span> <span class='ocrx_word' id='word_1_308' title='bbox 801 3889 961 3960; x_wconf 80' lang='grc' dir='ltr'>δόξης</span> <span class='ocrx_word' id='word_1_309' title='bbox 999 3889 1205 3957; x_wconf 81' lang='grc' dir='ltr'>ταύτης</span> <span class='ocrx_word' id='word_1_310' title='bbox 1248 3890 1579 3961; x_wconf 76' lang='grc' dir='ltr'>ἐϐλάϐησαν.</span> <span class='ocrx_word' id='word_1_311' title='bbox 1637 3891 1702 3944; x_wconf 87' lang='grc' dir='ltr'>Τί</span> <span class='ocrx_word' id='word_1_312' title='bbox 1748 3890 1843 3946; x_wconf 83' lang='grc' dir='ltr'>οὖν</span> <span class='ocrx_word' id='word_1_313' title='bbox 1878 3892 1990 3960; x_wconf 77' lang='grc' dir='ltr'>ἐγὼ</span> 
     </span>
    </p>
   </div>
   <div class='ocr_carea' id='block_1_44' title="bbox 409 3972 1988 4047">
    <p class='ocr_par' dir='ltr' id='par_1_44' title="bbox 409 3972 1988 4047">
     <span class='ocr_line' id='line_1_44' title="bbox 409 3972 1988 4047; baseline 0.003 -21"><span class='ocrx_word' id='word_1_314' title='bbox 409 3974 592 4034; x_wconf 84' lang='grc' dir='ltr'>πάθω,</span> <span class='ocrx_word' id='word_1_315' title='bbox 616 3977 803 4043; x_wconf 80' lang='grc' dir='ltr'>φησιν,</span> <span class='ocrx_word' id='word_1_316' title='bbox 840 3972 907 4025; x_wconf 88' lang='grc' dir='ltr'>ἂν</span> <span class='ocrx_word' id='word_1_317' title='bbox 945 3973 1129 4044; x_wconf 88' lang='grc' dir='ltr'>’έτερος</span> <span class='ocrx_word' id='word_1_318' title='bbox 1167 3974 1520 4047; x_wconf 80' lang='grc' dir='ltr'>ὐποπτεύσῃ;</span> <span class='ocrx_word' id='word_1_319' title='bbox 1565 3975 1638 4028; x_wconf 79' lang='grc' dir='ltr'>Σὺ</span> <span class='ocrx_word' id='word_1_320' title='bbox 1684 3976 1842 4038; x_wconf 85' lang='grc' dir='ltr'>δίδως</span> <span class='ocrx_word' id='word_1_321' title='bbox 1887 3979 1988 4047; x_wconf 82' lang='grc' dir='ltr'>τὴν</span> 
     </span>
    </p>
   </div>
   <div class='ocr_carea' id='block_1_45' title="bbox 408 4055 1991 4131">
    <p class='ocr_par' dir='ltr' id='par_1_45' title="bbox 408 4055 1991 4131">
     <span class='ocr_line' id='line_1_45' title="bbox 408 4055 1991 4131; baseline 0.001 -20"><span class='ocrx_word' id='word_1_322' title='bbox 408 4057 667 4129; x_wconf 83' lang='grc' dir='ltr'>ἀφορμὴν</span> <span class='ocrx_word' id='word_1_323' title='bbox 687 4055 780 4110; x_wconf 75' lang='grc' dir='ltr'>διὰ</span> <span class='ocrx_word' id='word_1_324' title='bbox 800 4057 894 4110; x_wconf 91' lang='grc' dir='ltr'>τοῦ</span> <span class='ocrx_word' id='word_1_325' title='bbox 915 4058 1231 4131; x_wconf 84' lang='grc' dir='ltr'>σχήματος,</span> <span class='ocrx_word' id='word_1_326' title='bbox 1258 4057 1345 4109; x_wconf 80' lang='grc' dir='ltr'>διὰ</span> <span class='ocrx_word' id='word_1_327' title='bbox 1387 4057 1482 4110; x_wconf 90' lang='grc' dir='ltr'>τοῦ</span> <span class='ocrx_word' id='word_1_328' title='bbox 1517 4057 1850 4128; x_wconf 78' lang='grc' dir='ltr'>βλέμματος,</span> <span class='ocrx_word' id='word_1_329' title='bbox 1900 4060 1991 4112; x_wconf 83' lang='grc' dir='ltr'>διὰ</span> 
     </span>
    </p>
   </div>
   <div class='ocr_carea' id='block_1_46' title="bbox 407 4137 1991 4213">
    <p class='ocr_par' dir='ltr' id='par_1_46' title="bbox 407 4137 1991 4213">
     <span class='ocr_line' id='line_1_46' title="bbox 407 4137 1991 4213; baseline 0.001 -19"><span class='ocrx_word' id='word_1_330' title='bbox 407 4141 516 4194; x_wconf 91' lang='grc' dir='ltr'>τῶν</span> <span class='ocrx_word' id='word_1_331' title='bbox 545 4139 887 4212; x_wconf 87' lang='grc' dir='ltr'>κινημάτων.</span> <span class='ocrx_word' id='word_1_332' title='bbox 920 4137 1033 4194; x_wconf 76' lang='grc' dir='ltr'>’Διά</span> <span class='ocrx_word' id='word_1_333' title='bbox 1068 4140 1226 4194; x_wconf 89' lang='grc' dir='ltr'>τοῦτο</span> <span class='ocrx_word' id='word_1_334' title='bbox 1264 4141 1432 4205; x_wconf 85' lang='grc' dir='ltr'>πολὺς</span> <span class='ocrx_word' id='word_1_335' title='bbox 1476 4141 1556 4210; x_wconf 85' lang='grc' dir='ltr'>τῷ</span> <span class='ocrx_word' id='word_1_336' title='bbox 1601 4141 1801 4213; x_wconf 83' lang='grc' dir='ltr'>Παύλῳ</span> <span class='ocrx_word' id='word_1_337' title='bbox 1833 4142 1991 4210; x_wconf 86' lang='grc' dir='ltr'>λόγος</span> 
     </span>
    </p>
   </div>
   <div class='ocr_carea' id='block_1_47' title="bbox 407 4224 1987 4296">
    <p class='ocr_par' dir='ltr' id='par_1_47' title="bbox 407 4224 1987 4296">
     <span class='ocr_line' id='line_1_47' title="bbox 407 4224 1987 4296; baseline 0.001 -19"><span class='ocrx_word' id='word_1_338' title='bbox 407 4225 508 4296; x_wconf 81' lang='grc' dir='ltr'>τῆς</span> <span class='ocrx_word' id='word_1_339' title='bbox 541 4224 899 4295; x_wconf 85' lang='grc' dir='ltr'>ἀμφιάσεως,</span> <span class='ocrx_word' id='word_1_340' title='bbox 931 4225 1100 4288; x_wconf 80' lang='grc' dir='ltr'>πολὺς</span> <span class='ocrx_word' id='word_1_341' title='bbox 1129 4224 1231 4294; x_wconf 82' lang='grc' dir='ltr'>τῆς</span> <span class='ocrx_word' id='word_1_342' title='bbox 1255 4225 1460 4288; x_wconf 79' lang='grc' dir='ltr'>αἰδοῦς.</span> <span class='ocrx_word' id='word_1_343' title='bbox 1498 4225 1560 4278; x_wconf 63' lang='lat' dir='ltr'>Et</span> <span class='ocrx_word' id='word_1_344' title='bbox 1587 4224 1645 4278; x_wconf 81' lang='grc' dir='ltr'>δὲ</span> <span class='ocrx_word' id='word_1_345' title='bbox 1679 4224 1715 4278; x_wconf 80' lang='grc' dir='ltr'><strong>ἆ</strong></span> <span class='ocrx_word' id='word_1_346' title='bbox 1751 4225 1987 4279; x_wconf 88' lang='grc' dir='ltr'>πλούτου</span> 
     </span>
    </p>
   </div>
   <div class='ocr_carea' id='block_1_48' title="bbox 412 4309 1992 4382">
    <p class='ocr_par' dir='ltr' id='par_1_48' title="bbox 412 4309 1992 4382">
     <span class='ocr_line' id='line_1_48' title="bbox 412 4309 1992 4382; baseline -0.001 -20"><span class='ocrx_word' id='word_1_347' title='bbox 412 4310 574 4380; x_wconf 75' lang='grc' dir='ltr'>μόνον</span> <span class='ocrx_word' id='word_1_348' title='bbox 600 4309 720 4362; x_wconf 73' lang='grc' dir='ltr'>ἐστὶ</span> <span class='ocrx_word' id='word_1_349' title='bbox 735 4312 1012 4382; x_wconf 87' lang='grc' dir='ltr'>τεκμήρια</span> <span class='ocrx_word' id='word_1_350' title='bbox 1037 4310 1209 4364; x_wconf 89' lang='grc' dir='ltr'>ταῦτα</span> <span class='ocrx_word' id='word_1_351' title='bbox 1235 4310 1501 4376; x_wconf 84' lang='grc' dir='ltr'>περιεῖλε,</span> <span class='ocrx_word' id='word_1_352' title='bbox 1531 4309 1752 4380; x_wconf 82' lang='grc' dir='ltr'>χρυσὸν,</span> <span class='ocrx_word' id='word_1_353' title='bbox 1780 4327 1992 4380; x_wconf 83' lang='grc' dir='ltr'>μαργα-</span> 
     </span>
    </p>
   </div>
   <div class='ocr_carea' id='block_1_49' title="bbox 412 4391 1992 4465">
    <p class='ocr_par' dir='ltr' id='par_1_49' title="bbox 412 4391 1992 4465">
     <span class='ocr_line' id='line_1_49' title="bbox 412 4391 1992 4465; baseline 0.001 -18"><span class='ocrx_word' id='word_1_354' title='bbox 412 4394 588 4464; x_wconf 87' lang='grc' dir='ltr'>ρίτας,</span> <span class='ocrx_word' id='word_1_355' title='bbox 639 4393 830 4465; x_wconf 86' lang='grc' dir='ltr'>ίμάτια</span> <span class='ocrx_word' id='word_1_356' title='bbox 866 4393 1154 4463; x_wconf 76' lang='grc' dir='ltr'>πολυτελῆ,</span> <span class='ocrx_word' id='word_1_357' title='bbox 1205 4393 1322 4457; x_wconf 85' lang='grc' dir='ltr'>πῶς</span> <span class='ocrx_word' id='word_1_358' title='bbox 1377 4393 1438 4446; x_wconf 91' lang='grc' dir='ltr'>οὐ</span> <span class='ocrx_word' id='word_1_359' title='bbox 1489 4391 1668 4463; x_wconf 85' lang='grc' dir='ltr'>πολλῷ</span> <span class='ocrx_word' id='word_1_360' title='bbox 1725 4393 1925 4461; x_wconf 82' lang='grc' dir='ltr'>μᾶλλον</span> <span class='ocrx_word' id='word_1_361' title='bbox 1956 4394 1992 4448; x_wconf 79' lang='grc' dir='ltr'>ἃ</span> 
     </span>
    </p>
   </div>
   <div class='ocr_carea' id='block_1_50' title="bbox 411 4473 1994 4548">
    <p class='ocr_par' dir='ltr' id='par_1_50' title="bbox 411 4473 1994 4548">
     <span class='ocr_line' id='line_1_50' title="bbox 411 4473 1994 4548; baseline 0.001 -19"><span class='ocrx_word' id='word_1_362' title='bbox 411 4478 733 4548; x_wconf 83' lang='grc' dir='ltr'>περιεργίας</span> <span class='ocrx_word' id='word_1_363' title='bbox 803 4477 974 4540; x_wconf 77' lang='grc' dir='ltr'>ἐστὶν,</span> <span class='ocrx_word' id='word_1_364' title='bbox 1031 4473 1144 4530; x_wconf 77' lang='grc' dir='ltr'>οἷον</span> <span class='ocrx_word' id='word_1_365' title='bbox 1198 4478 1605 4548; x_wconf 81' lang='grc' dir='ltr'>ἐπιτρίμματα,</span> <span class='ocrx_word' id='word_1_366' title='bbox 1668 4477 1994 4548; x_wconf 84' lang='grc' dir='ltr'>ὐπογραφάς</span> 
     </span>
    </p>
   </div>
   <div class='ocr_carea' id='block_1_51' title="bbox 411 4560 1995 4633">
    <p class='ocr_par' dir='ltr' id='par_1_51' title="bbox 411 4560 1995 4633">
     <span class='ocr_line' id='line_1_51' title="bbox 411 4560 1995 4633; baseline -0.002 -18"><span class='ocrx_word' id='word_1_367' title='bbox 411 4561 730 4632; x_wconf 78' lang='grc' dir='ltr'>ὀφθαλμῶν,</span> <span class='ocrx_word' id='word_1_368' title='bbox 758 4561 1232 4633; x_wconf 86' lang='grc' dir='ltr'>διατεθρυμμένην</span> <span class='ocrx_word' id='word_1_369' title='bbox 1260 4561 1490 4630; x_wconf 79' lang='grc' dir='ltr'>βάδισιν,</span> <span class='ocrx_word' id='word_1_370' title='bbox 1519 4560 1995 4632; x_wconf 87' lang='grc' dir='ltr'>διακεκλασμένην</span> 
     </span>
    </p>
   </div>
   <div class='ocr_carea' id='block_1_52' title="bbox 412 4644 1992 4718">
    <p class='ocr_par' dir='ltr' id='par_1_52' title="bbox 412 4644 1992 4718">
     <span class='ocr_line' id='line_1_52' title="bbox 412 4644 1992 4718; baseline -0.001 -20"><span class='ocrx_word' id='word_1_371' title='bbox 412 4647 646 4718; x_wconf 48' lang='grc' dir='ltr'>φωνὴνα</span> <span class='ocrx_word' id='word_1_372' title='bbox 680 4647 836 4717; x_wconf 81' lang='grc' dir='ltr'>δμμα</span> <span class='ocrx_word' id='word_1_373' title='bbox 892 4645 1064 4716; x_wconf 78' lang='grc' dir='ltr'>ὑγρὸν</span> <span class='ocrx_word' id='word_1_374' title='bbox 1115 4646 1210 4698; x_wconf 60' lang='grc' dir='ltr'>καί⁵</span> <span class='ocrx_word' id='word_1_375' title='bbox 1273 4645 1455 4715; x_wconf 78' lang='grc' dir='ltr'>πάσης</span> <span class='ocrx_word' id='word_1_376' title='bbox 1510 4644 1768 4713; x_wconf 83' lang='grc' dir='ltr'>πορνείας</span> <span class='ocrx_word' id='word_1_377' title='bbox 1799 4644 1992 4715; x_wconf 87' lang='grc' dir='ltr'>γέμον,</span> 
     </span>
    </p>
   </div>
   <div class='ocr_carea' id='block_1_53' title="bbox 413 4728 1993 4802">
    <p class='ocr_par' dir='ltr' id='par_1_53' title="bbox 413 4728 1993 4802">
     <span class='ocr_line' id='line_1_53' title="bbox 413 4728 1993 4802; baseline -0.003 -19"><span class='ocrx_word' id='word_1_378' title='bbox 413 4732 706 4802; x_wconf 82' lang='grc' dir='ltr'>περίεργον</span> <span class='ocrx_word' id='word_1_379' title='bbox 751 4730 1020 4800; x_wconf 75' lang='grc' dir='ltr'>ἀναϐολὴν</span> <span class='ocrx_word' id='word_1_380' title='bbox 1073 4729 1170 4782; x_wconf 86' lang='grc' dir='ltr'>τοῦ</span> <span class='ocrx_word' id='word_1_381' title='bbox 1209 4730 1436 4800; x_wconf 85' lang='grc' dir='ltr'>φάρους,</span> <span class='ocrx_word' id='word_1_382' title='bbox 1499 4728 1594 4781; x_wconf 87' lang='grc' dir='ltr'>τοῦ</span> <span class='ocrx_word' id='word_1_383' title='bbox 1645 4728 1993 4797; x_wconf 85' lang='grc' dir='ltr'>χιτωνίσκου,</span> 
     </span>
    </p>
   </div>
   <div class='ocr_carea' id='block_1_54' title="bbox 415 4812 1994 4886">
    <p class='ocr_par' dir='ltr' id='par_1_54' title="bbox 415 4812 1994 4886">
     <span class='ocr_line' id='line_1_54' title="bbox 415 4812 1994 4886; baseline -0.001 -21"><span class='ocrx_word' id='word_1_384' title='bbox 415 4814 592 4886; x_wconf 78' lang='grc' dir='ltr'>ζώνην</span> <span class='ocrx_word' id='word_1_385' title='bbox 656 4815 1108 4886; x_wconf 80' lang='grc' dir='ltr'>περιεργοτέραν,</span> <span class='ocrx_word' id='word_1_386' title='bbox 1180 4812 1506 4883; x_wconf 86' lang='grc' dir='ltr'>ὑποδήματα</span> <span class='ocrx_word' id='word_1_387' title='bbox 1577 4812 1994 4883; x_wconf 73' lang='grc' dir='ltr'>ἀπηρτισμένας</span> 
     </span>
    </p>
   </div>
   <div class='ocr_carea' id='block_1_55' title="bbox 416 4895 1995 4969">
    <p class='ocr_par' dir='ltr' id='par_1_55' title="bbox 416 4895 1995 4969">
     <span class='ocr_line' id='line_1_55' title="bbox 416 4895 1995 4969; baseline -0.002 -17"><span class='ocrx_word' id='word_1_388' title='bbox 416 4900 668 4952; x_wconf 75' lang='grc' dir='ltr'>’Ἅπαντα</span> <span class='ocrx_word' id='word_1_389' title='bbox 692 4899 800 4969; x_wconf 79' lang='grc' dir='ltr'>γὰρ</span> <span class='ocrx_word' id='word_1_390' title='bbox 832 4897 1008 4951; x_wconf 89' lang='grc' dir='ltr'>ταῦτα</span> <span class='ocrx_word' id='word_1_391' title='bbox 1043 4897 1132 4948; x_wconf 77' lang='grc' dir='ltr'>διὰ</span> <span class='ocrx_word' id='word_1_392' title='bbox 1161 4895 1253 4947; x_wconf 86' lang='grc' dir='ltr'>τοῦ</span> <span class='ocrx_word' id='word_1_393' title='bbox 1295 4899 1490 4956; x_wconf 82' lang='grc' dir='ltr'>εἰπεῖν,</span> <span class='ocrx_word' id='word_1_394' title='bbox 1541 4899 1644 4949; x_wconf 74' lang='grc' dir='ltr'><em>Ἐν</em></span> <span class='ocrx_word' id='word_1_395' title='bbox 1693 4911 1995 4949; x_wconf 86' lang='grc' dir='ltr'>καταστο-</span> 
     </span>
    </p>
   </div>
   <div class='ocr_carea' id='block_1_56' title="bbox 414 4980 2000 5053">
    <p class='ocr_par' dir='ltr' id='par_1_56' title="bbox 414 4980 2000 5053">
     <span class='ocr_line' id='line_1_56' title="bbox 414 4980 2000 5053; baseline -0.004 -15"><span class='ocrx_word' id='word_1_396' title='bbox 414 4982 496 5048; x_wconf 66' lang='grc' dir='ltr'>λῇ</span> <span class='ocrx_word' id='word_1_397' title='bbox 543 4983 786 5050; x_wconf 77' lang='grc' dir='ltr'>κοσμίᾳ,</span> <span class='ocrx_word' id='word_1_398' title='bbox 816 4981 1067 5053; x_wconf 70' lang='grc' dir='ltr'>ᾐνίξατο,</span> <span class='ocrx_word' id='word_1_399' title='bbox 1104 4982 1198 5033; x_wconf 75' lang='grc' dir='ltr'>καὶ</span> <span class='ocrx_word' id='word_1_400' title='bbox 1231 4980 1320 5033; x_wconf 85' lang='grc' dir='ltr'>διὰ</span> <span class='ocrx_word' id='word_1_401' title='bbox 1345 4980 1436 5032; x_wconf 90' lang='grc' dir='ltr'>τοῦ</span> <span class='ocrx_word' id='word_1_402' title='bbox 1467 4982 1664 5044; x_wconf 79' lang='grc' dir='ltr'>εἰπεῖν,</span> <span class='ocrx_word' id='word_1_403' title='bbox 1701 4980 1863 5033; x_wconf 80' lang='grc' dir='ltr'>Μετὰ</span> <span class='ocrx_word' id='word_1_404' title='bbox 1910 4981 2000 5032; x_wconf 82' lang='lat' dir='ltr'>al-</span> 
     </span>
    </p>
   </div>
   <div class='ocr_carea' id='block_1_57' title="bbox 415 5063 1994 5136">
    <p class='ocr_par' dir='ltr' id='par_1_57' title="bbox 415 5063 1994 5136">
     <span class='ocr_line' id='line_1_57' title="bbox 415 5063 1994 5136; baseline -0.003 -15"><span class='ocrx_word' id='word_1_405' title='bbox 415 5066 588 5134; x_wconf 80' lang='grc' dir='ltr'>δοῦς’</span> <span class='ocrx_word' id='word_1_406' title='bbox 621 5065 798 5120; x_wconf 88' lang='grc' dir='ltr'>ταῦτα</span> <span class='ocrx_word' id='word_1_407' title='bbox 830 5067 938 5136; x_wconf 81' lang='grc' dir='ltr'>γὰρ</span> <span class='ocrx_word' id='word_1_408' title='bbox 963 5065 1246 5128; x_wconf 82' lang='grc' dir='ltr'>ἀναιδείας</span> <span class='ocrx_word' id='word_1_409' title='bbox 1284 5065 1402 5116; x_wconf 72' lang='grc' dir='ltr'>ἐστὶ</span> <span class='ocrx_word' id='word_1_410' title='bbox 1438 5064 1535 5135; x_wconf 79' lang='grc' dir='ltr'>καὶ</span> <span class='ocrx_word' id='word_1_411' title='bbox 1578 5063 1994 5134; x_wconf 82' lang='grc' dir='ltr'>ἀσχημοσύνης.</span> 
     </span>
    </p>
   </div>
   <div class='ocr_carea' id='block_1_58' title="bbox 427 5150 1999 5224">
    <p class='ocr_par' dir='ltr' id='par_1_58' title="bbox 427 5150 1999 5224">
     <span class='ocr_line' id='line_1_58' title="bbox 427 5150 1999 5224; baseline -0.005 -16"><span class='ocrx_word' id='word_1_412' title='bbox 427 5152 757 5224; x_wconf 79' lang='grc' dir='ltr'>Ἀνάσχεσθέ</span> <span class='ocrx_word' id='word_1_413' title='bbox 781 5170 904 5223; x_wconf 89' lang='grc' dir='ltr'>μου,</span> <span class='ocrx_word' id='word_1_414' title='bbox 929 5150 1237 5222; x_wconf 78' lang='grc' dir='ltr'>παρακαλῶ</span> <span class='ocrx_word' id='word_1_415' title='bbox 1253 5168 1266 5182; x_wconf 75' lang='grc' dir='ltr'><strong>ο</strong></span> <span class='ocrx_word' id='word_1_416' title='bbox 1291 5151 1628 5220; x_wconf 83' lang='grc' dir='ltr'>γυμνότερον</span> <span class='ocrx_word' id='word_1_417' title='bbox 1659 5153 1764 5221; x_wconf 75' lang='grc' dir='ltr'>γὰρ</span> <span class='ocrx_word' id='word_1_418' title='bbox 1799 5153 1827 5202; x_wconf 89' lang='grc' dir='ltr'>ό</span> <span class='ocrx_word' id='word_1_419' title='bbox 1843 5151 1999 5217; x_wconf 83' lang='grc' dir='ltr'>λόγος</span> 
     </span>
    </p>
   </div>
   <div class='ocr_carea' id='block_1_59' title="bbox 415 5236 1999 5310">
    <p class='ocr_par' dir='ltr' id='par_1_59' title="bbox 415 5236 1999 5310">
     <span class='ocr_line' id='line_1_59' title="bbox 415 5236 1999 5310; baseline -0.002 -18"><span class='ocrx_word' id='word_1_420' title='bbox 415 5241 504 5292; x_wconf 85' lang='grc' dir='ltr'>τὸν</span> <span class='ocrx_word' id='word_1_421' title='bbox 527 5239 748 5309; x_wconf 74' lang='grc' dir='ltr'>ἔλεγχον</span> <span class='ocrx_word' id='word_1_422' title='bbox 770 5238 1060 5308; x_wconf 87' lang='grc' dir='ltr'>προσάγει,</span> <span class='ocrx_word' id='word_1_423' title='bbox 1077 5239 1174 5307; x_wconf 87' lang='grc' dir='ltr'>οὐχ</span> <span class='ocrx_word' id='word_1_424' title='bbox 1207 5239 1294 5292; x_wconf 72' lang='grc' dir='ltr'>ἵνα</span> <span class='ocrx_word' id='word_1_425' title='bbox 1315 5236 1512 5310; x_wconf 78' lang='grc' dir='ltr'>πλήξῃ,</span> <span class='ocrx_word' id='word_1_426' title='bbox 1527 5237 1632 5289; x_wconf 81' lang='grc' dir='ltr'>οὐδ’</span> <span class='ocrx_word' id='word_1_427' title='bbox 1654 5238 1741 5291; x_wconf 81' lang='grc' dir='ltr'>ἵνα</span> <span class='ocrx_word' id='word_1_428' title='bbox 1757 5238 1999 5308; x_wconf 83' lang='grc' dir='ltr'>λυπήσῃ,</span> 
     </span>
    </p>
   </div>
   <div class='ocr_carea' id='block_1_60' title="bbox 419 5321 1884 5394">
    <p class='ocr_par' dir='ltr' id='par_1_60' title="bbox 419 5321 1884 5394">
     <span class='ocr_line' id='line_1_60' title="bbox 419 5321 1884 5394; baseline -0.001 -17"><span class='ocrx_word' id='word_1_429' title='bbox 419 5325 531 5377; x_wconf 85' lang='grc' dir='ltr'>ἀλλ’</span> <span class='ocrx_word' id='word_1_430' title='bbox 565 5325 650 5377; x_wconf 77' lang='grc' dir='ltr'>ἵνα</span> <span class='ocrx_word' id='word_1_431' title='bbox 681 5325 742 5377; x_wconf 87' lang='grc' dir='ltr'>τὸ</span> <span class='ocrx_word' id='word_1_432' title='bbox 782 5323 1063 5394; x_wconf 85' lang='grc' dir='ltr'>ἀλλότριον</span> <span class='ocrx_word' id='word_1_433' title='bbox 1102 5323 1202 5392; x_wconf 79' lang='grc' dir='ltr'>τῆς</span> <span class='ocrx_word' id='word_1_434' title='bbox 1238 5323 1440 5392; x_wconf 82' lang='grc' dir='ltr'>ἀγέλης</span> <span class='ocrx_word' id='word_1_435' title='bbox 1457 5321 1603 5375; x_wconf 73' lang='grc' dir='ltr'>ἅπαν</span> <span class='ocrx_word' id='word_1_436' title='bbox 1635 5321 1884 5392; x_wconf 84' lang='grc' dir='ltr'>περιέλῃ.</span> 
     </span>
    </p>
   </div>
   <div class='ocr_carea' id='block_1_61' title="bbox 422 5407 2000 5481">
    <p class='ocr_par' dir='ltr' id='par_1_61' title="bbox 422 5407 2000 5481">
     <span class='ocr_line' id='line_1_61' title="bbox 422 5407 2000 5481; baseline -0.003 -19"><span class='ocrx_word' id='word_1_437' title='bbox 422 5408 594 5481; x_wconf 82' lang='grc' dir='ltr'>σαύτη</span> <span class='ocrx_word' id='word_1_438' title='bbox 637 5411 670 5480; x_wconf 82' lang='grc' dir='ltr'>ἡ</span> <span class='ocrx_word' id='word_1_439' title='bbox 736 5410 830 5464; x_wconf 87' lang='grc' dir='ltr'>τοῦ</span> <span class='ocrx_word' id='word_1_440' title='bbox 881 5410 1028 5463; x_wconf 83' lang='grc' dir='ltr'>λιτοῦ</span> <span class='ocrx_word' id='word_1_441' title='bbox 1083 5410 1363 5480; x_wconf 89' lang='grc' dir='ltr'>σχήματός</span> <span class='ocrx_word' id='word_1_442' title='bbox 1394 5411 1509 5461; x_wconf 79' lang='grc' dir='ltr'>ἐστι</span> <span class='ocrx_word' id='word_1_443' title='bbox 1559 5409 1875 5478; x_wconf 87' lang='grc' dir='ltr'>περιεργία,</span> <span class='ocrx_word' id='word_1_444' title='bbox 1925 5407 2000 5470; x_wconf 88' lang='grc' dir='ltr'>ώς</span> 
     </span>
    </p>
   </div>
   <div class='ocr_carea' id='block_1_62' title="bbox 497 5507 2001 5580">
    <p class='ocr_par' dir='ltr' id='par_1_62' title="bbox 497 5507 2001 5580">
     <span class='ocr_line' id='line_1_62' title="bbox 497 5507 2001 5580; baseline -0.001 -19"><span class='ocrx_word' id='word_1_445' title='bbox 497 5510 556 5561; x_wconf 78' lang='grc' dir='ltr'>Εἰ</span> <span class='ocrx_word' id='word_1_446' title='bbox 590 5512 709 5572; x_wconf 82' lang='grc' dir='ltr'>ταῖς</span> <span class='ocrx_word' id='word_1_447' title='bbox 739 5511 940 5580; x_wconf 81' lang='grc' dir='ltr'>ἀνδρα-ς</span> <span class='ocrx_word' id='word_1_448' title='bbox 993 5509 1267 5580; x_wconf 76' lang='grc' dir='ltr'>ἐχούσαις,</span> <span class='ocrx_word' id='word_1_449' title='bbox 1315 5510 1364 5560; x_wconf 85' lang='grc' dir='ltr'>εἰ</span> <span class='ocrx_word' id='word_1_450' title='bbox 1411 5510 1532 5571; x_wconf 90' lang='grc' dir='ltr'>ταῖς</span> <span class='ocrx_word' id='word_1_451' title='bbox 1581 5507 1920 5578; x_wconf 78' lang='grc' dir='ltr'>τρυφώσαις,</span> <span class='ocrx_word' id='word_1_452' title='bbox 1953 5510 2001 5560; x_wconf 82' lang='grc' dir='ltr'>εἰ</span> 
     </span>
    </p>
   </div>
   <div class='ocr_carea' id='block_1_63' title="bbox 421 5591 2003 5663">
    <p class='ocr_par' dir='ltr' id='par_1_63' title="bbox 421 5591 2003 5663">
     <span class='ocr_line' id='line_1_63' title="bbox 421 5591 2003 5663; baseline 0 -19"><span class='ocrx_word' id='word_1_453' title='bbox 421 5596 539 5655; x_wconf 84' lang='grc' dir='ltr'>ταῖς</span> <span class='ocrx_word' id='word_1_454' title='bbox 576 5593 932 5657; x_wconf 86' lang='grc' dir='ltr'>πλουτούσαις</span> <span class='ocrx_word' id='word_1_455' title='bbox 963 5595 1133 5648; x_wconf 86' lang='grc' dir='ltr'>ταῦτα</span> <span class='ocrx_word' id='word_1_456' title='bbox 1176 5592 1532 5663; x_wconf 86' lang='grc' dir='ltr'>ἀπαγορεύει,</span> <span class='ocrx_word' id='word_1_457' title='bbox 1580 5591 1760 5661; x_wconf 82' lang='grc' dir='ltr'>πολλῷ</span> <span class='ocrx_word' id='word_1_458' title='bbox 1801 5591 2003 5662; x_wconf 79' lang='grc' dir='ltr'>μᾶλλον</span> 
     </span>
    </p>
   </div>
   <div class='ocr_carea' id='block_1_64' title="bbox 423 5677 2003 5749">
    <p class='ocr_par' dir='ltr' id='par_1_64' title="bbox 423 5677 2003 5749">
     <span class='ocr_line' id='line_1_64' title="bbox 423 5677 2003 5749; baseline 0 -21"><span class='ocrx_word' id='word_1_459' title='bbox 423 5681 540 5739; x_wconf 81' lang='grc' dir='ltr'>ταῖς</span> <span class='ocrx_word' id='word_1_460' title='bbox 570 5677 870 5748; x_wconf 77' lang='grc' dir='ltr'>παρθενίαν</span> <span class='ocrx_word' id='word_1_461' title='bbox 905 5679 1376 5749; x_wconf 82' lang='grc' dir='ltr'>ἀναδεδεγμέναις.</span> <span class='ocrx_word' id='word_1_462' title='bbox 1406 5680 1516 5732; x_wconf 78' lang='grc' dir='ltr'>Καὶ</span> <span class='ocrx_word' id='word_1_463' title='bbox 1544 5679 1646 5740; x_wconf 72' lang='grc' dir='ltr'>τίς,</span> <span class='ocrx_word' id='word_1_464' title='bbox 1676 5678 1830 5748; x_wconf 78' lang='grc' dir='ltr'>φησὶ,</span> <span class='ocrx_word' id='word_1_465' title='bbox 1865 5692 2003 5745; x_wconf 72' lang='grc' dir='ltr'>παρ-</span> 
     </span>
    </p>
   </div>
   <div class='ocr_carea' id='block_1_65' title="bbox 428 5761 2002 5835">
    <p class='ocr_par' dir='ltr' id='par_1_65' title="bbox 428 5761 2002 5835">
     <span class='ocr_line' id='line_1_65' title="bbox 428 5761 2002 5835; baseline 0.001 -22"><span class='ocrx_word' id='word_1_466' title='bbox 428 5761 576 5824; x_wconf 83' lang='grc' dir='ltr'>θένος</span> <span class='ocrx_word' id='word_1_467' title='bbox 611 5763 808 5833; x_wconf 81' lang='grc' dir='ltr'>χρυσία</span> <span class='ocrx_word' id='word_1_468' title='bbox 844 5764 1212 5835; x_wconf 81' lang='grc' dir='ltr'>περιτίθεται;</span> <span class='ocrx_word' id='word_1_469' title='bbox 1240 5765 1320 5828; x_wconf 74' lang='grc' dir='ltr'>τίς</span> <span class='ocrx_word' id='word_1_470' title='bbox 1351 5765 1406 5817; x_wconf 78' lang='grc' dir='ltr'>δὲ</span> <span class='ocrx_word' id='word_1_471' title='bbox 1457 5763 1855 5835; x_wconf 54' lang='grc' dir='ltr'>ἑμπλέγματπ</span> <span class='ocrx_word' id='word_1_472' title='bbox 1900 5764 2002 5815; x_wconf 86' lang='grc' dir='ltr'>Το-</span> 
     </span>
    </p>
   </div>
   <div class='ocr_carea' id='block_1_66' title="bbox 1089 308 2956 380">
    <p class='ocr_par' dir='ltr' id='par_1_66' title="bbox 1089 308 2956 380">
     <span class='ocr_line' id='line_1_66' title="bbox 1089 308 2956 380; baseline -0.01 1"><span class='ocrx_word' id='word_1_473' title='bbox 1089 325 1148 380; x_wconf 87' lang='lat' dir='ltr'>S.</span> <span class='ocrx_word' id='word_1_474' title='bbox 1183 321 1468 380; x_wconf 77' lang='lat' dir='ltr'>IOANNIS</span> <span class='ocrx_word' id='word_1_475' title='bbox 1505 309 2003 374; x_wconf 77' lang='lat' dir='ltr'>CHRYSOSTOMI-</span> <span class='ocrx_word' id='word_1_476' title='bbox 2033 310 2355 368; x_wconf 81' lang='lat' dir='ltr'>ARCHIEP.</span> <span class='ocrx_word' id='word_1_477' title='bbox 2398 308 2956 370; x_wconf 81' lang='lat' dir='ltr'>CONSTANTINOP.</span> 
     </span>
    </p>
   </div>
   <div class='ocr_carea' id='block_1_67' title="bbox 3532 297 3635 353">
    <p class='ocr_par' dir='ltr' id='par_1_67' title="bbox 3532 297 3635 353">
     <span class='ocr_line' id='line_1_67' title="bbox 3532 297 3635 353; baseline -0.019 0"><span class='ocrx_word' id='word_1_478' title='bbox 3532 297 3635 353; x_wconf 57' lang='lat'>562</span> 
     </span>
    </p>
   </div>
   <div class='ocr_carea' id='block_1_68' title="bbox 2068 414 3631 500">
    <p class='ocr_par' dir='ltr' id='par_1_68' title="bbox 2068 414 3631 500">
     <span class='ocr_line' id='line_1_68' title="bbox 2068 414 3631 500; baseline -0.009 -21"><span class='ocrx_word' id='word_1_479' title='bbox 2068 428 2243 482; x_wconf 87' lang='grc' dir='ltr'>ταῦτα</span> <span class='ocrx_word' id='word_1_480' title='bbox 2270 429 2434 500; x_wconf 80' lang='grc' dir='ltr'>μηδὲν</span> <span class='ocrx_word' id='word_1_481' title='bbox 2468 424 2609 481; x_wconf 82' lang='grc' dir='ltr'>εἶναι</span> <span class='ocrx_word' id='word_1_482' title='bbox 2648 429 2786 499; x_wconf 82' lang='grc' dir='ltr'>πρὸς</span> <span class='ocrx_word' id='word_1_483' title='bbox 2811 428 3017 481; x_wconf 74' lang='grc' dir='ltr'>ἐκεῖνα.</span> <span class='ocrx_word' id='word_1_484' title='bbox 3057 421 3275 473; x_wconf 84' lang='grc' dir='ltr'>Ἔνεστι</span> <span class='ocrx_word' id='word_1_485' title='bbox 3304 415 3540 500; x_wconf 73' lang='grc' dir='ltr'>γὰρκαὶ</span> <span class='ocrx_word' id='word_1_486' title='bbox 3566 414 3631 500; x_wconf 84' lang='grc' dir='ltr'>δι’</span> 
     </span>
    </p>
   </div>
   <div class='ocr_carea' id='block_1_69' title="bbox 2065 498 3634 583">
    <p class='ocr_par' dir='ltr' id='par_1_69' title="bbox 2065 498 3634 583">
     <span class='ocr_line' id='line_1_69' title="bbox 2065 498 3634 583; baseline -0.008 -20"><span class='ocrx_word' id='word_1_487' title='bbox 2065 498 2295 565; x_wconf 79' lang='grc' dir='ltr'>εὐτελῶν</span> <span class='ocrx_word' id='word_1_488' title='bbox 2334 498 2574 582; x_wconf 32' lang='grc' dir='ltr'>-ίματίων</span> <span class='ocrx_word' id='word_1_489' title='bbox 2636 498 2836 583; x_wconf 77' lang='grc' dir='ltr'>μᾶλλον</span> <span class='ocrx_word' id='word_1_490' title='bbox 2891 501 3330 583; x_wconf 81' lang='grc' dir='ltr'>καλλωπίζεσθαι</span> <span class='ocrx_word' id='word_1_491' title='bbox 3372 498 3496 583; x_wconf 33' lang='grc' dir='ltr'>*τῶν</span> <span class='ocrx_word' id='word_1_492' title='bbox 3566 499 3634 583; x_wconf 75' lang='grc' dir='ltr'>τὰ</span> 
     </span>
    </p>
   </div>
   <div class='ocr_carea' id='block_1_70' title="bbox 2065 576 3636 664">
    <p class='ocr_par' dir='ltr' id='par_1_70' title="bbox 2065 576 3636 664">
     <span class='ocr_line' id='line_1_70' title="bbox 2065 576 3636 664; baseline -0.013 -17"><span class='ocrx_word' id='word_1_493' title='bbox 2065 593 2264 661; x_wconf 87' lang='grc' dir='ltr'>χρυσία</span> <span class='ocrx_word' id='word_1_494' title='bbox 2297 576 2717 664; x_wconf 81' lang='grc' dir='ltr'>περικειμένων.</span> <span class='ocrx_word' id='word_1_495' title='bbox 2754 592 2919 644; x_wconf 86' lang='grc' dir='ltr'>Ὅταν</span> <span class='ocrx_word' id='word_1_496' title='bbox 2963 587 3073 656; x_wconf 85' lang='grc' dir='ltr'>γὰρ</span> <span class='ocrx_word' id='word_1_497' title='bbox 3114 582 3319 651; x_wconf 85' lang='grc' dir='ltr'>σφόδρα</span> <span class='ocrx_word' id='word_1_498' title='bbox 3439 577 3636 664; x_wconf 71' lang='grc' dir='ltr'>κυανδς</span> 
     </span>
    </p>
   </div>
   <div class='ocr_carea' id='block_1_71' title="bbox 2063 661 3637 746">
    <p class='ocr_par' dir='ltr' id='par_1_71' title="bbox 2063 661 3637 746">
     <span class='ocr_line' id='line_1_71' title="bbox 2063 661 3637 746; baseline -0.01 -19"><span class='ocrx_word' id='word_1_499' title='bbox 2063 677 2090 727; x_wconf 89' lang='grc' dir='ltr'>ὀ</span> <span class='ocrx_word' id='word_1_500' title='bbox 2118 675 2303 744; x_wconf 89' lang='grc' dir='ltr'>χιτὼν,</span> <span class='ocrx_word' id='word_1_501' title='bbox 2331 661 2426 727; x_wconf 79' lang='grc' dir='ltr'>καὶ</span> <span class='ocrx_word' id='word_1_502' title='bbox 2455 661 2533 746; x_wconf 14' lang='grc' dir='ltr'>τῇή</span> <span class='ocrx_word' id='word_1_503' title='bbox 2576 674 2721 745; x_wconf 80' lang='grc' dir='ltr'>ζώνῃ</span> <span class='ocrx_word' id='word_1_504' title='bbox 2774 667 3201 740; x_wconf 81' lang='grc' dir='ltr'>συνεσταλμένος</span> <span class='ocrx_word' id='word_1_505' title='bbox 3237 664 3382 746; x_wconf 15' lang='grc' dir='ltr'>μετὰ,</span> <span class='ocrx_word' id='word_1_506' title='bbox 3435 661 3637 746; x_wconf 67' lang='grc' dir='ltr'>πολλῇς</span> 
     </span>
    </p>
   </div>
   <div class='ocr_carea' id='block_1_72' title="bbox 2063 744 3638 829">
    <p class='ocr_par' dir='ltr' id='par_1_72' title="bbox 2063 744 3638 829">
     <span class='ocr_line' id='line_1_72' title="bbox 2063 744 3638 829; baseline -0.01 -19"><span class='ocrx_word' id='word_1_507' title='bbox 2063 759 2160 829; x_wconf 77' lang='grc' dir='ltr'>τῆς</span> <span class='ocrx_word' id='word_1_508' title='bbox 2195 744 2637 829; x_wconf 20' lang='grc' dir='ltr'>ἀκριϐείαςνπερὶ</span> <span class='ocrx_word' id='word_1_509' title='bbox 2666 744 2726 810; x_wconf 85' lang='grc' dir='ltr'>τδ</span> <span class='ocrx_word' id='word_1_510' title='bbox 2760 755 2979 826; x_wconf 78' lang='grc' dir='ltr'>στῆθος,</span> <span class='ocrx_word' id='word_1_511' title='bbox 3017 751 3270 820; x_wconf 79' lang='grc' dir='ltr'>καθάπερ</span> <span class='ocrx_word' id='word_1_512' title='bbox 3297 745 3506 829; x_wconf 81' lang='grc' dir='ltr'>τούτων</span> <span class='ocrx_word' id='word_1_513' title='bbox 3529 744 3638 829; x_wconf 86' lang='grc' dir='ltr'>τῶν</span> 
     </span>
    </p>
   </div>
   <div class='ocr_carea' id='block_1_73' title="bbox 2066 828 3639 912">
    <p class='ocr_par' dir='ltr' id='par_1_73' title="bbox 2066 828 3639 912">
     <span class='ocr_line' id='line_1_73' title="bbox 2066 828 3639 912; baseline -0.01 -18"><span class='ocrx_word' id='word_1_514' title='bbox 2066 828 2160 895; x_wconf 75' lang='grc' dir='ltr'>ἐπὶ</span> <span class='ocrx_word' id='word_1_515' title='bbox 2188 843 2287 912; x_wconf 81' lang='grc' dir='ltr'>τῆς</span> <span class='ocrx_word' id='word_1_516' title='bbox 2316 842 2524 911; x_wconf 80' lang='grc' dir='ltr'>σκηνῆς</span> <span class='ocrx_word' id='word_1_517' title='bbox 2556 828 2927 911; x_wconf 83' lang='grc' dir='ltr'>ὀρχουμένων,</span> <span class='ocrx_word' id='word_1_518' title='bbox 2978 834 3119 888; x_wconf 83' lang='grc' dir='ltr'>ὥστε</span> <span class='ocrx_word' id='word_1_519' title='bbox 3145 833 3282 903; x_wconf 87' lang='grc' dir='ltr'>μήτε</span> <span class='ocrx_word' id='word_1_520' title='bbox 3324 832 3404 894; x_wconf 87' lang='grc' dir='ltr'>είς</span> <span class='ocrx_word' id='word_1_521' title='bbox 3437 828 3639 912; x_wconf 77' lang='grc' dir='ltr'>πλάτος</span> 
     </span>
    </p>
   </div>
   <div class='ocr_carea' id='block_1_74' title="bbox 2066 909 3638 994">
    <p class='ocr_par' dir='ltr' id='par_1_74' title="bbox 2066 909 3638 994">
     <span class='ocr_line' id='line_1_74' title="bbox 2066 909 3638 994; baseline -0.01 -16"><span class='ocrx_word' id='word_1_522' title='bbox 2066 909 2338 980; x_wconf 75' lang='grc' dir='ltr'>ἐκϐαίνειν</span> <span class='ocrx_word' id='word_1_523' title='bbox 2366 909 2782 994; x_wconf 36' lang='grc' dir='ltr'>ἐξωγκω-μένον,</span> <span class='ocrx_word' id='word_1_524' title='bbox 2817 922 2954 992; x_wconf 89' lang='grc' dir='ltr'>μήτε</span> <span class='ocrx_word' id='word_1_525' title='bbox 2983 921 3064 981; x_wconf 87' lang='grc' dir='ltr'>είς</span> <span class='ocrx_word' id='word_1_526' title='bbox 3096 915 3386 986; x_wconf 78' lang='grc' dir='ltr'>ἰσχνότητα</span> <span class='ocrx_word' id='word_1_527' title='bbox 3414 909 3638 965; x_wconf 89' lang='grc' dir='ltr'>συστέλ-</span> 
     </span>
    </p>
   </div>
   <div class='ocr_carea' id='block_1_75' title="bbox 2065 994 3638 1078">
    <p class='ocr_par' dir='ltr' id='par_1_75' title="bbox 2065 994 3638 1078">
     <span class='ocr_line' id='line_1_75' title="bbox 2065 994 3638 1078; baseline -0.009 -17"><span class='ocrx_word' id='word_1_528' title='bbox 2065 1010 2416 1073; x_wconf 80' lang='grc' dir='ltr'>λεσθαι,ἀλλ’</span> <span class='ocrx_word' id='word_1_529' title='bbox 2479 1008 2809 1078; x_wconf 80' lang='grc' dir='ltr'>ἀμφοτέρων</span> <span class='ocrx_word' id='word_1_530' title='bbox 2863 1001 3006 1057; x_wconf 83' lang='grc' dir='ltr'>εἷναι</span> <span class='ocrx_word' id='word_1_531' title='bbox 3048 1003 3232 1072; x_wconf 87' lang='grc' dir='ltr'>μέσον,</span> <span class='ocrx_word' id='word_1_532' title='bbox 3299 998 3396 1052; x_wconf 71' lang='grc' dir='ltr'>καὶ</span> <span class='ocrx_word' id='word_1_533' title='bbox 3439 994 3638 1078; x_wconf 75' lang='grc' dir='ltr'>πολλάς</span> 
     </span>
    </p>
   </div>
   <div class='ocr_carea' id='block_1_76' title="bbox 2067 1077 3643 1162">
    <p class='ocr_par' dir='ltr' id='par_1_76' title="bbox 2067 1077 3643 1162">
     <span class='ocr_line' id='line_1_76' title="bbox 2067 1077 3643 1162; baseline -0.01 -18"><span class='ocrx_word' id='word_1_534' title='bbox 2067 1092 2212 1162; x_wconf 80' lang='grc' dir='ltr'>ἔχειν</span> <span class='ocrx_word' id='word_1_535' title='bbox 2233 1094 2359 1162; x_wconf 75' lang='grc' dir='ltr'>περὶ</span> <span class='ocrx_word' id='word_1_536' title='bbox 2399 1093 2467 1146; x_wconf 81' lang='grc' dir='ltr'>τὰ</span> <span class='ocrx_word' id='word_1_537' title='bbox 2500 1077 2709 1162; x_wconf 84' lang='grc' dir='ltr'>στέρνα</span> <span class='ocrx_word' id='word_1_538' title='bbox 2732 1090 2831 1152; x_wconf 85' lang='grc' dir='ltr'>τάς</span> <span class='ocrx_word' id='word_1_539' title='bbox 2888 1086 3126 1159; x_wconf 75' lang='grc' dir='ltr'>ῥυτίδας,</span> <span class='ocrx_word' id='word_1_540' title='bbox 3174 1083 3356 1136; x_wconf 86' lang='grc' dir='ltr'>πόσων</span> <span class='ocrx_word' id='word_1_541' title='bbox 3399 1077 3643 1150; x_wconf 90' lang='grc' dir='ltr'>σηρικῶν</span> 
     </span>
    </p>
   </div>
   <div class='ocr_carea' id='block_1_77' title="bbox 2066 1162 3644 1248">
    <p class='ocr_par' dir='ltr' id='par_1_77' title="bbox 2066 1162 3644 1248">
     <span class='ocr_line' id='line_1_77' title="bbox 2066 1162 3644 1248; baseline -0.012 -16"><span class='ocrx_word' id='word_1_542' title='bbox 2066 1181 2164 1248; x_wconf 78' lang='grc' dir='ltr'>οὐχ</span> <span class='ocrx_word' id='word_1_543' title='bbox 2199 1180 2377 1232; x_wconf 84' lang='grc' dir='ltr'>ίκανὺν</span> <span class='ocrx_word' id='word_1_544' title='bbox 2417 1179 2578 1232; x_wconf 89' lang='grc' dir='ltr'>τοῦτο</span> <span class='ocrx_word' id='word_1_545' title='bbox 2597 1177 2850 1230; x_wconf 81' lang='grc' dir='ltr'>δελεάσαι</span> <span class='ocrx_word' id='word_1_546' title='bbox 2883 1173 3114 1242; x_wconf 81' lang='grc' dir='ltr'>μᾶλλον;</span> <span class='ocrx_word' id='word_1_547' title='bbox 3167 1168 3232 1220; x_wconf 87' lang='grc' dir='ltr'>Τί</span> <span class='ocrx_word' id='word_1_548' title='bbox 3282 1167 3359 1229; x_wconf 82' lang='grc' dir='ltr'>δὲ,</span> <span class='ocrx_word' id='word_1_549' title='bbox 3413 1165 3544 1217; x_wconf 84' lang='grc' dir='ltr'>ὅταν</span> <span class='ocrx_word' id='word_1_550' title='bbox 3580 1162 3644 1214; x_wconf 74' lang='grc' dir='ltr'>τὸ</span> 
     </span>
    </p>
   </div>
   <div class='ocr_carea' id='block_1_78' title="bbox 2069 1247 3642 1334">
    <p class='ocr_par' dir='ltr' id='par_1_78' title="bbox 2069 1247 3642 1334">
     <span class='ocr_line' id='line_1_78' title="bbox 2069 1247 3642 1334; baseline -0.011 -16"><span class='ocrx_word' id='word_1_551' title='bbox 2069 1247 2320 1334; x_wconf 84' lang='grc' dir='ltr'>ὑπόδημα</span> <span class='ocrx_word' id='word_1_552' title='bbox 2352 1265 2410 1316; x_wconf 84' lang='grc' dir='ltr'>ὲν</span> <span class='ocrx_word' id='word_1_553' title='bbox 2431 1264 2509 1333; x_wconf 82' lang='grc' dir='ltr'>τῷ</span> <span class='ocrx_word' id='word_1_554' title='bbox 2549 1263 2737 1332; x_wconf 82' lang='grc' dir='ltr'>μέλανι</span> <span class='ocrx_word' id='word_1_555' title='bbox 2763 1259 2967 1328; x_wconf 77' lang='grc' dir='ltr'>σφόδρα</span> <span class='ocrx_word' id='word_1_556' title='bbox 2997 1251 3299 1323; x_wconf 78' lang='grc' dir='ltr'>ἀποστίλϐῃ</span> <span class='ocrx_word' id='word_1_557' title='bbox 3342 1253 3410 1303; x_wconf 86' lang='grc' dir='ltr'>δι’</span> <span class='ocrx_word' id='word_1_558' title='bbox 3451 1247 3642 1334; x_wconf 90' lang='grc' dir='ltr'>αὐτοῦ,</span> 
     </span>
    </p>
   </div>
   <div class='ocr_carea' id='block_1_79' title="bbox 2066 1333 3642 1418">
    <p class='ocr_par' dir='ltr' id='par_1_79' title="bbox 2066 1333 3642 1418">
     <span class='ocr_line' id='line_1_79' title="bbox 2066 1333 3642 1418; baseline -0.011 -18"><span class='ocrx_word' id='word_1_559' title='bbox 2066 1333 2232 1418; x_wconf 85' lang='grc' dir='ltr'>λῆγον</span> <span class='ocrx_word' id='word_1_560' title='bbox 2266 1350 2346 1410; x_wconf 89' lang='grc' dir='ltr'>είς</span> <span class='ocrx_word' id='word_1_561' title='bbox 2388 1347 2502 1412; x_wconf 76' lang='grc' dir='ltr'>ὀξὺ,</span> <span class='ocrx_word' id='word_1_562' title='bbox 2540 1347 2636 1399; x_wconf 70' lang='grc' dir='ltr'>καὶ</span> <span class='ocrx_word' id='word_1_563' title='bbox 2667 1345 2766 1414; x_wconf 81' lang='grc' dir='ltr'>τήν</span> <span class='ocrx_word' id='word_1_564' title='bbox 2789 1345 2846 1396; x_wconf 84' lang='grc' dir='ltr'>ὲν</span> <span class='ocrx_word' id='word_1_565' title='bbox 2872 1343 2996 1404; x_wconf 86' lang='grc' dir='ltr'>ταῖς</span> <span class='ocrx_word' id='word_1_566' title='bbox 3033 1337 3377 1418; x_wconf 81' lang='grc' dir='ltr'>ζωγραφίαις</span> <span class='ocrx_word' id='word_1_567' title='bbox 3411 1333 3642 1418; x_wconf 78' lang='grc' dir='ltr'>εὐφυΐαν</span> 
     </span>
    </p>
   </div>
   <div class='ocr_carea' id='block_1_80' title="bbox 2065 1414 3640 1503">
    <p class='ocr_par' dir='ltr' id='par_1_80' title="bbox 2065 1414 3640 1503">
     <span class='ocr_line' id='line_1_80' title="bbox 2065 1414 3640 1503; baseline -0.012 -19"><span class='ocrx_word' id='word_1_568' title='bbox 2065 1414 2499 1503; x_wconf 74' lang='grc' dir='ltr'>ᾗμιμούμενον,</span> <span class='ocrx_word' id='word_1_569' title='bbox 2536 1429 2678 1482; x_wconf 82' lang='grc' dir='ltr'>ὥστε</span> <span class='ocrx_word' id='word_1_570' title='bbox 2715 1429 2855 1498; x_wconf 84' lang='grc' dir='ltr'>μήτε</span> <span class='ocrx_word' id='word_1_571' title='bbox 2883 1425 2973 1478; x_wconf 84' lang='grc' dir='ltr'>τδν</span> <span class='ocrx_word' id='word_1_572' title='bbox 3003 1421 3204 1492; x_wconf 82' lang='grc' dir='ltr'>ταρσὸν</span> <span class='ocrx_word' id='word_1_573' title='bbox 3230 1414 3640 1503; x_wconf 27' lang='grc' dir='ltr'>ἀνέχεινλπολύς</span> 
     </span>
    </p>
   </div>
   <div class='ocr_carea' id='block_1_81' title="bbox 2069 1497 3643 1584">
    <p class='ocr_par' dir='ltr' id='par_1_81' title="bbox 2069 1497 3643 1584">
     <span class='ocr_line' id='line_1_81' title="bbox 2069 1497 3643 1584; baseline -0.014 -15"><span class='ocrx_word' id='word_1_574' title='bbox 2069 1497 2226 1579; x_wconf 65' lang='grc' dir='ltr'>τίδὲ,</span> <span class='ocrx_word' id='word_1_575' title='bbox 2265 1497 2392 1568; x_wconf 82' lang='grc' dir='ltr'>ὅταν</span> <span class='ocrx_word' id='word_1_576' title='bbox 2423 1515 2522 1584; x_wconf 83' lang='grc' dir='ltr'>τὴν</span> <span class='ocrx_word' id='word_1_577' title='bbox 2547 1513 2670 1582; x_wconf 76' lang='grc' dir='ltr'>δψιν</span> <span class='ocrx_word' id='word_1_578' title='bbox 2711 1497 3086 1581; x_wconf 71' lang='grc' dir='ltr'>έπιτρίμμασι</span> <span class='ocrx_word' id='word_1_579' title='bbox 3131 1505 3230 1578; x_wconf 82' lang='grc' dir='ltr'>μὲν</span> <span class='ocrx_word' id='word_1_580' title='bbox 3272 1503 3346 1572; x_wconf 85' lang='grc' dir='ltr'>μὴ</span> <span class='ocrx_word' id='word_1_581' title='bbox 3372 1497 3643 1584; x_wconf 76' lang='grc' dir='ltr'>καλλωπί-</span> 
     </span>
    </p>
   </div>
   <div class='ocr_carea' id='block_1_82' title="bbox 2071 1582 3646 1668">
    <p class='ocr_par' dir='ltr' id='par_1_82' title="bbox 2071 1582 3646 1668">
     <span class='ocr_line' id='line_1_82' title="bbox 2071 1582 3646 1668; baseline -0.019 -5"><span class='ocrx_word' id='word_1_582' title='bbox 2071 1598 2191 1668; x_wconf 52' lang='lat' dir='ltr'>Cn;</span> <span class='ocrx_word' id='word_1_583' title='bbox 2221 1582 2531 1666; x_wconf 69' lang='grc' dir='ltr'>ἀπνίπτης</span> <span class='ocrx_word' id='word_1_584' title='bbox 2555 1597 2610 1649; x_wconf 84' lang='grc' dir='ltr'>δὲ</span> <span class='ocrx_word' id='word_1_585' title='bbox 2658 1597 2798 1666; x_wconf 89' lang='grc' dir='ltr'>μετὰ.</span> <span class='ocrx_word' id='word_1_586' title='bbox 2849 1593 3050 1661; x_wconf 83' lang='grc' dir='ltr'>πολλῆς</span> <span class='ocrx_word' id='word_1_587' title='bbox 3082 1590 3182 1659; x_wconf 82' lang='grc' dir='ltr'>τῆς</span> <span class='ocrx_word' id='word_1_588' title='bbox 3237 1583 3522 1657; x_wconf 75' lang='grc' dir='ltr'>ἀκριϐείας</span> <span class='ocrx_word' id='word_1_589' title='bbox 3551 1582 3646 1668; x_wconf 51' lang='grc' dir='ltr'>καί</span> 
     </span>
    </p>
   </div>
   <div class='ocr_carea' id='block_1_83' title="bbox 2053 1665 3644 1750">
    <p class='ocr_par' dir='ltr' id='par_1_83' title="bbox 2053 1665 3644 1750">
     <span class='ocr_line' id='line_1_83' title="bbox 2053 1665 3644 1750; baseline -0.013 -14"><span class='ocrx_word' id='word_1_590' title='bbox 2053 1665 2171 1750; x_wconf 73' lang='grc' dir='ltr'>οτῆς</span> <span class='ocrx_word' id='word_1_591' title='bbox 2200 1680 2417 1750; x_wconf 83' lang='grc' dir='ltr'>σχολῆς,</span> <span class='ocrx_word' id='word_1_592' title='bbox 2445 1665 2540 1733; x_wconf 81' lang='grc' dir='ltr'>καὶ</span> <span class='ocrx_word' id='word_1_593' title='bbox 2569 1665 2841 1748; x_wconf 83' lang='grc' dir='ltr'>διατείνῃς</span> <span class='ocrx_word' id='word_1_594' title='bbox 2878 1677 3016 1746; x_wconf 83' lang='grc' dir='ltr'>μετὰ</span> <span class='ocrx_word' id='word_1_595' title='bbox 3045 1684 3065 1706; x_wconf 83' lang='grc'><strong><em>⁸</em></strong></span> <span class='ocrx_word' id='word_1_596' title='bbox 3097 1668 3475 1750; x_wconf 88' lang='grc' dir='ltr'>τοῦμετώπου</span> <span class='ocrx_word' id='word_1_597' title='bbox 3509 1665 3644 1750; x_wconf 77' lang='grc' dir='ltr'>πολύ</span> 
     </span>
    </p>
   </div>
   <div class='ocr_carea' id='block_1_84' title="bbox 2071 1747 3651 1833">
    <p class='ocr_par' dir='ltr' id='par_1_84' title="bbox 2071 1747 3651 1833">
     <span class='ocr_line' id='line_1_84' title="bbox 2071 1747 3651 1833; baseline -0.013 -13"><span class='ocrx_word' id='word_1_598' title='bbox 2071 1747 2171 1832; x_wconf 68' lang='grc' dir='ltr'>τῆς</span> <span class='ocrx_word' id='word_1_599' title='bbox 2193 1747 2368 1833; x_wconf 52' lang='grc' dir='ltr'>ὄφεως</span> <span class='ocrx_word' id='word_1_600' title='bbox 2399 1763 2721 1832; x_wconf 88' lang='grc' dir='ltr'>λευκότερον</span> <span class='ocrx_word' id='word_1_601' title='bbox 2749 1747 2808 1813; x_wconf 75' lang='lat'><strong>16</strong></span> <span class='ocrx_word' id='word_1_602' title='bbox 2839 1760 3128 1828; x_wconf 81' lang='grc' dir='ltr'>κάλυμμα,</span> <span class='ocrx_word' id='word_1_603' title='bbox 3175 1749 3296 1806; x_wconf 83' lang='grc' dir='ltr'>εἶτα</span> <span class='ocrx_word' id='word_1_604' title='bbox 3333 1749 3541 1833; x_wconf 81' lang='grc' dir='ltr'>ἀνωθεν</span> <span class='ocrx_word' id='word_1_605' title='bbox 3586 1747 3651 1800; x_wconf 75' lang='grc' dir='ltr'>τὸ</span> 
     </span>
    </p>
   </div>
   <div class='ocr_carea' id='block_1_85' title="bbox 2073 1831 3646 1916">
    <p class='ocr_par' dir='ltr' id='par_1_85' title="bbox 2073 1831 3646 1916">
     <span class='ocr_line' id='line_1_85' title="bbox 2073 1831 3646 1916; baseline -0.012 -16"><span class='ocrx_word' id='word_1_606' title='bbox 2073 1831 2246 1916; x_wconf 78' lang='grc' dir='ltr'>φάρος</span> <span class='ocrx_word' id='word_1_607' title='bbox 2269 1845 2540 1916; x_wconf 81' lang='grc' dir='ltr'>ὲπιτιθῇς,</span> <span class='ocrx_word' id='word_1_608' title='bbox 2563 1831 2638 1908; x_wconf 81' lang='grc' dir='ltr'>ὼς</span> <span class='ocrx_word' id='word_1_609' title='bbox 2663 1845 2727 1900; x_wconf 85' lang='grc' dir='ltr'>ἂν</span> <span class='ocrx_word' id='word_1_610' title='bbox 2765 1841 2843 1912; x_wconf 78' lang='grc' dir='ltr'>τῷ</span> <span class='ocrx_word' id='word_1_611' title='bbox 2864 1840 3043 1911; x_wconf 86' lang='grc' dir='ltr'>λευκῷ</span> <span class='ocrx_word' id='word_1_612' title='bbox 3071 1839 3130 1892; x_wconf 84' lang='grc' dir='ltr'>τὸ</span> <span class='ocrx_word' id='word_1_613' title='bbox 3153 1837 3321 1908; x_wconf 85' lang='grc' dir='ltr'>μέλαν</span> <span class='ocrx_word' id='word_1_614' title='bbox 3353 1831 3646 1916; x_wconf 69' lang='grc' dir='ltr'>ἐμπρέπῃς</span> 
     </span>
    </p>
   </div>
   <div class='ocr_carea' id='block_1_86' title="bbox 2073 1915 3649 1999">
    <p class='ocr_par' dir='ltr' id='par_1_86' title="bbox 2073 1915 3649 1999">
     <span class='ocr_line' id='line_1_86' title="bbox 2073 1915 3649 1999; baseline -0.01 -18"><span class='ocrx_word' id='word_1_615' title='bbox 2073 1930 2138 1981; x_wconf 91' lang='grc' dir='ltr'>Τί</span> <span class='ocrx_word' id='word_1_616' title='bbox 2156 1915 2219 1984; x_wconf 76' lang='grc' dir='ltr'>ἀν</span> <span class='ocrx_word' id='word_1_617' title='bbox 2237 1947 2320 1992; x_wconf 88' lang='grc' dir='ltr'>τις</span> <span class='ocrx_word' id='word_1_618' title='bbox 2335 1915 2483 1982; x_wconf 75' lang='grc' dir='ltr'>εἴποι</span> <span class='ocrx_word' id='word_1_619' title='bbox 2505 1929 2633 1999; x_wconf 78' lang='grc' dir='ltr'>περὶ</span> <span class='ocrx_word' id='word_1_620' title='bbox 2655 1929 2763 1979; x_wconf 89' lang='grc' dir='ltr'>τῶν</span> <span class='ocrx_word' id='word_1_621' title='bbox 2783 1924 3080 1995; x_wconf 83' lang='grc' dir='ltr'>ὀφθαλμῶν</span> <span class='ocrx_word' id='word_1_622' title='bbox 3099 1923 3196 1985; x_wconf 76' lang='grc' dir='ltr'>τὰς</span> <span class='ocrx_word' id='word_1_623' title='bbox 3224 1920 3419 1991; x_wconf 86' lang='grc' dir='ltr'>μυρίας</span> <span class='ocrx_word' id='word_1_624' title='bbox 3434 1915 3649 1999; x_wconf 76' lang='grc' dir='ltr'>ὲκείνας</span> 
     </span>
    </p>
   </div>
   <div class='ocr_carea' id='block_1_87' title="bbox 2074 1997 3651 2084">
    <p class='ocr_par' dir='ltr' id='par_1_87' title="bbox 2074 1997 3651 2084">
     <span class='ocr_line' id='line_1_87' title="bbox 2074 1997 3651 2084; baseline -0.011 -19"><span class='ocrx_word' id='word_1_625' title='bbox 2074 2012 2480 2084; x_wconf 87' lang='grc' dir='ltr'>περιστροφάς;</span> <span class='ocrx_word' id='word_1_626' title='bbox 2522 1997 2780 2082; x_wconf 72' lang='grc' dir='ltr'>περὶτῆς</span> <span class='ocrx_word' id='word_1_627' title='bbox 2823 2008 2973 2082; x_wconf 71' lang='lat'>[592]</span> <span class='ocrx_word' id='word_1_628' title='bbox 3007 2005 3229 2067; x_wconf 85' lang='grc' dir='ltr'>δέσεως,</span> <span class='ocrx_word' id='word_1_629' title='bbox 3285 2004 3386 2072; x_wconf 87' lang='grc' dir='ltr'>τῆς</span> <span class='ocrx_word' id='word_1_630' title='bbox 3417 1998 3512 2052; x_wconf 92' lang='grc' dir='ltr'>νῦν</span> <span class='ocrx_word' id='word_1_631' title='bbox 3551 1997 3651 2068; x_wconf 82' lang='grc' dir='ltr'>μὲν</span> 
     </span>
    </p>
   </div>
   <div class='ocr_carea' id='block_1_88' title="bbox 2075 2084 3653 2166">
    <p class='ocr_par' dir='ltr' id='par_1_88' title="bbox 2075 2084 3653 2166">
     <span class='ocr_line' id='line_1_88' title="bbox 2075 2084 3653 2166; baseline -0.011 -16"><span class='ocrx_word' id='word_1_632' title='bbox 2075 2097 2487 2166; x_wconf 86' lang='grc' dir='ltr'>κρυπτομένης,</span> <span class='ocrx_word' id='word_1_633' title='bbox 2511 2095 2606 2149; x_wconf 92' lang='grc' dir='ltr'>νῦν</span> <span class='ocrx_word' id='word_1_634' title='bbox 2627 2094 2682 2147; x_wconf 85' lang='grc' dir='ltr'>δὲ</span> <span class='ocrx_word' id='word_1_635' title='bbox 2700 2111 2908 2164; x_wconf 86' lang='grc' dir='ltr'>γυμνου</span> <span class='ocrx_word' id='word_1_636' title='bbox 2920 2093 3086 2162; x_wconf 83' lang='grc' dir='ltr'>μένης</span> <span class='ocrx_word' id='word_1_637' title='bbox 3111 2091 3166 2141; x_wconf 81' lang='grc' dir='ltr'>ὲν</span> <span class='ocrx_word' id='word_1_638' title='bbox 3186 2089 3256 2158; x_wconf 76' lang='grc' dir='ltr'>τῇ</span> <span class='ocrx_word' id='word_1_639' title='bbox 3276 2087 3419 2138; x_wconf 86' lang='grc' dir='ltr'>δέσει</span> <span class='ocrx_word' id='word_1_640' title='bbox 3437 2084 3535 2153; x_wconf 84' lang='grc' dir='ltr'>τῆς</span> <span class='ocrx_word' id='word_1_641' title='bbox 3558 2100 3653 2134; x_wconf 89' lang='grc' dir='ltr'>πε-</span> 
     </span>
    </p>
   </div>
   <div class='ocr_carea' id='block_1_89' title="bbox 2079 2167 3650 2250">
    <p class='ocr_par' dir='ltr' id='par_1_89' title="bbox 2079 2167 3650 2250">
     <span class='ocr_line' id='line_1_89' title="bbox 2079 2167 3650 2250; baseline -0.023 0"><span class='ocrx_word' id='word_1_642' title='bbox 2079 2179 2412 2249; x_wconf 71' lang='grc' dir='ltr'>ριπτηθίδοςς</span> <span class='ocrx_word' id='word_1_643' title='bbox 2445 2180 2538 2232; x_wconf 70' lang='grc' dir='ltr'>καὶ</span> <span class='ocrx_word' id='word_1_644' title='bbox 2579 2179 2688 2250; x_wconf 73' lang='grc' dir='ltr'>γὰρ</span> <span class='ocrx_word' id='word_1_645' title='bbox 2739 2179 2834 2231; x_wconf 68' lang='grc' dir='ltr'>καὶ</span> <span class='ocrx_word' id='word_1_646' title='bbox 2871 2175 3028 2228; x_wconf 86' lang='grc' dir='ltr'>τοῦτο</span> <span class='ocrx_word' id='word_1_647' title='bbox 3053 2172 3319 2242; x_wconf 89' lang='grc' dir='ltr'>γυμνοῦσι</span> <span class='ocrx_word' id='word_1_648' title='bbox 3360 2167 3650 2227; x_wconf 81' lang='grc' dir='ltr'>πολλάκις,</span> 
     </span>
    </p>
   </div>
   <div class='ocr_carea' id='block_1_90' title="bbox 2076 2249 3654 2332">
    <p class='ocr_par' dir='ltr' id='par_1_90' title="bbox 2076 2249 3654 2332">
     <span class='ocr_line' id='line_1_90' title="bbox 2076 2249 3654 2332; baseline -0.009 -17"><span class='ocrx_word' id='word_1_649' title='bbox 2076 2263 2216 2316; x_wconf 85' lang='grc' dir='ltr'>ὥστε</span> <span class='ocrx_word' id='word_1_650' title='bbox 2244 2262 2336 2315; x_wconf 87' lang='grc' dir='ltr'>τοῦ</span> <span class='ocrx_word' id='word_1_651' title='bbox 2355 2263 2638 2332; x_wconf 77' lang='grc' dir='ltr'>ζώσματος</span> <span class='ocrx_word' id='word_1_652' title='bbox 2661 2249 2766 2331; x_wconf 79' lang='grc' dir='ltr'>τὴν</span> <span class='ocrx_word' id='word_1_653' title='bbox 2798 2259 3088 2330; x_wconf 76' lang='grc' dir='ltr'>ἀκρίϐειαν</span> <span class='ocrx_word' id='word_1_654' title='bbox 3113 2253 3418 2324; x_wconf 80' lang='grc' dir='ltr'>φαίνεσθαι,</span> <span class='ocrx_word' id='word_1_655' title='bbox 3442 2251 3535 2303; x_wconf 90' lang='grc' dir='ltr'>τοῦ</span> <span class='ocrx_word' id='word_1_656' title='bbox 3560 2249 3654 2318; x_wconf 79' lang='grc' dir='ltr'>φά-</span> 
     </span>
    </p>
   </div>
   <div class='ocr_carea' id='block_1_91' title="bbox 2083 2333 3654 2416">
    <p class='ocr_par' dir='ltr' id='par_1_91' title="bbox 2083 2333 3654 2416">
     <span class='ocr_line' id='line_1_91' title="bbox 2083 2333 3654 2416; baseline -0.01 -16"><span class='ocrx_word' id='word_1_657' title='bbox 2083 2364 2207 2416; x_wconf 84' lang='grc' dir='ltr'>ρους</span> <span class='ocrx_word' id='word_1_658' title='bbox 2232 2347 2432 2409; x_wconf 78' lang='grc' dir='ltr'>παντὸς</span> <span class='ocrx_word' id='word_1_659' title='bbox 2456 2364 2518 2398; x_wconf 90' lang='grc' dir='ltr'>πε</span> <span class='ocrx_word' id='word_1_660' title='bbox 2529 2346 2584 2416; x_wconf 77' lang='grc' dir='ltr'>ρὶ</span> <span class='ocrx_word' id='word_1_661' title='bbox 2621 2345 2718 2414; x_wconf 85' lang='grc' dir='ltr'>τὴν</span> <span class='ocrx_word' id='word_1_662' title='bbox 2743 2342 2985 2411; x_wconf 81' lang='grc' dir='ltr'>κεφαλὴν</span> <span class='ocrx_word' id='word_1_663' title='bbox 3013 2338 3435 2410; x_wconf 83' lang='grc' dir='ltr'>περιαγομένου.</span> <span class='ocrx_word' id='word_1_664' title='bbox 3463 2335 3573 2396; x_wconf 76' lang='grc' dir='ltr'>Τὰς</span> <span class='ocrx_word' id='word_1_665' title='bbox 3597 2333 3654 2385; x_wconf 76' lang='grc' dir='ltr'>δὲ</span> 
     </span>
    </p>
   </div>
   <div class='ocr_carea' id='block_1_92' title="bbox 2079 2418 3656 2501">
    <p class='ocr_par' dir='ltr' id='par_1_92' title="bbox 2079 2418 3656 2501">
     <span class='ocr_line' id='line_1_92' title="bbox 2079 2418 3656 2501; baseline -0.01 -18"><span class='ocrx_word' id='word_1_666' title='bbox 2079 2434 2290 2501; x_wconf 88' lang='grc' dir='ltr'>χεῖρας,</span> <span class='ocrx_word' id='word_1_667' title='bbox 2324 2431 2578 2499; x_wconf 83' lang='grc' dir='ltr'>καθάπερ</span> <span class='ocrx_word' id='word_1_668' title='bbox 2603 2430 2653 2481; x_wconf 82' lang='grc' dir='ltr'>οἱ</span> <span class='ocrx_word' id='word_1_669' title='bbox 2685 2427 2984 2498; x_wconf 74' lang='grc' dir='ltr'>τραγῳδοὶ,</span> <span class='ocrx_word' id='word_1_670' title='bbox 3016 2423 3161 2477; x_wconf 84' lang='grc' dir='ltr'>οῦτω</span> <span class='ocrx_word' id='word_1_671' title='bbox 3202 2421 3335 2492; x_wconf 88' lang='grc' dir='ltr'>μετά</span> <span class='ocrx_word' id='word_1_672' title='bbox 3369 2418 3656 2490; x_wconf 78' lang='grc' dir='ltr'>ἀκριϐείας</span> 
     </span>
    </p>
   </div>
   <div class='ocr_carea' id='block_1_93' title="bbox 2081 2501 3656 2579">
    <p class='ocr_par' dir='ltr' id='par_1_93' title="bbox 2081 2501 3656 2579">
     <span class='ocr_line' id='line_1_93' title="bbox 2081 2501 3656 2579; baseline -0.009 -13"><span class='ocrx_word' id='word_1_673' title='bbox 2081 2514 2504 2576; x_wconf 76' lang='grc' dir='ltr'>ἐνδιδύσκουσιν,</span> <span class='ocrx_word' id='word_1_674' title='bbox 2537 2513 2679 2567; x_wconf 82' lang='grc' dir='ltr'>ὥστε</span> <span class='ocrx_word' id='word_1_675' title='bbox 2732 2511 2982 2579; x_wconf 79' lang='grc' dir='ltr'>νομίζειν</span> <span class='ocrx_word' id='word_1_676' title='bbox 3033 2505 3484 2577; x_wconf 86' lang='grc' dir='ltr'>προσπεφυκέναι</span> <span class='ocrx_word' id='word_1_677' title='bbox 3522 2501 3656 2571; x_wconf 80' lang='grc' dir='ltr'>μᾶλ-</span> 
     </span>
    </p>
   </div>
   <div class='ocr_carea' id='block_1_94' title="bbox 2081 2585 3655 2664">
    <p class='ocr_par' dir='ltr' id='par_1_94' title="bbox 2081 2585 3655 2664">
     <span class='ocr_line' id='line_1_94' title="bbox 2081 2585 3655 2664; baseline -0.01 -12"><span class='ocrx_word' id='word_1_678' title='bbox 2081 2601 2171 2652; x_wconf 89' lang='grc' dir='ltr'>λον</span> <span class='ocrx_word' id='word_1_679' title='bbox 2194 2601 2404 2662; x_wconf 84' lang='grc' dir='ltr'>αὐταῖς.</span> <span class='ocrx_word' id='word_1_680' title='bbox 2428 2600 2493 2650; x_wconf 92' lang='grc' dir='ltr'>Τί</span> <span class='ocrx_word' id='word_1_681' title='bbox 2524 2598 2590 2653; x_wconf 73' lang='grc' dir='ltr'>ἄν</span> <span class='ocrx_word' id='word_1_682' title='bbox 2619 2614 2704 2661; x_wconf 89' lang='grc' dir='ltr'>τις</span> <span class='ocrx_word' id='word_1_683' title='bbox 2741 2598 2887 2650; x_wconf 87' lang='grc' dir='ltr'>εῐποι</span> <span class='ocrx_word' id='word_1_684' title='bbox 2910 2595 3009 2664; x_wconf 82' lang='grc' dir='ltr'>τὴν</span> <span class='ocrx_word' id='word_1_685' title='bbox 3038 2591 3268 2663; x_wconf 73' lang='grc' dir='ltr'>βάδισιν,</span> <span class='ocrx_word' id='word_1_686' title='bbox 3298 2589 3391 2640; x_wconf 68' lang='grc' dir='ltr'>καὶ</span> <span class='ocrx_word' id='word_1_687' title='bbox 3426 2587 3493 2638; x_wconf 71' lang='grc' dir='ltr'>τὰ</span> <span class='ocrx_word' id='word_1_688' title='bbox 3523 2585 3655 2638; x_wconf 82' lang='grc' dir='ltr'>ἄλλα</span> 
     </span>
    </p>
   </div>
   <div class='ocr_carea' id='block_1_95' title="bbox 2083 2671 3656 2753">
    <p class='ocr_par' dir='ltr' id='par_1_95' title="bbox 2083 2671 3656 2753">
     <span class='ocr_line' id='line_1_95' title="bbox 2083 2671 3656 2753; baseline -0.011 -17"><span class='ocrx_word' id='word_1_689' title='bbox 2083 2683 2496 2753; x_wconf 80' lang='grc' dir='ltr'>ἐπιτηδεύματα</span> <span class='ocrx_word' id='word_1_690' title='bbox 2560 2681 2762 2745; x_wconf 81' lang='grc' dir='ltr'>παντὸς</span> <span class='ocrx_word' id='word_1_691' title='bbox 2819 2678 3047 2749; x_wconf 89' lang='grc' dir='ltr'>χρυσίου</span> <span class='ocrx_word' id='word_1_692' title='bbox 3113 2675 3314 2745; x_wconf 74' lang='grc' dir='ltr'>μᾶλλον</span> <span class='ocrx_word' id='word_1_693' title='bbox 3381 2671 3656 2738; x_wconf 76' lang='grc' dir='ltr'>δυνάμενα</span> 
     </span>
    </p>
   </div>
   <div class='ocr_carea' id='block_1_96' title="bbox 2082 2753 3656 2835">
    <p class='ocr_par' dir='ltr' id='par_1_96' title="bbox 2082 2753 3656 2835">
     <span class='ocr_line' id='line_1_96' title="bbox 2082 2753 3656 2835; baseline -0.011 -15"><span class='ocrx_word' id='word_1_694' title='bbox 2082 2769 2208 2830; x_wconf 79' lang='grc' dir='ltr'>τοὺς</span> <span class='ocrx_word' id='word_1_695' title='bbox 2255 2766 2564 2835; x_wconf 86' lang='grc' dir='ltr'>θεωμένους</span> <span class='ocrx_word' id='word_1_696' title='bbox 2607 2766 2784 2829; x_wconf 84' lang='grc' dir='ltr'>ὲλεῖν;</span> <span class='ocrx_word' id='word_1_697' title='bbox 2842 2760 3198 2829; x_wconf 79' lang='grc' dir='ltr'>Φοϐηθῶμεν,</span> <span class='ocrx_word' id='word_1_698' title='bbox 3252 2755 3551 2824; x_wconf 66' lang='grc' dir='ltr'>ἀγαπητοὶ,</span> <span class='ocrx_word' id='word_1_699' title='bbox 3581 2753 3656 2823; x_wconf 83' lang='grc' dir='ltr'>μη</span> 
     </span>
    </p>
   </div>
   <div class='ocr_carea' id='block_1_97' title="bbox 2084 2840 3659 2922">
    <p class='ocr_par' dir='ltr' id='par_1_97' title="bbox 2084 2840 3659 2922">
     <span class='ocr_line' id='line_1_97' title="bbox 2084 2840 3659 2922; baseline -0.003 -18"><span class='ocrx_word' id='word_1_700' title='bbox 2084 2851 2409 2922; x_wconf 87' lang='grc' dir='ltr'>ἀκούσωμεν</span> <span class='ocrx_word' id='word_1_701' title='bbox 2448 2853 2543 2905; x_wconf 78' lang='grc' dir='ltr'>καὶ</span> <span class='ocrx_word' id='word_1_702' title='bbox 2571 2853 2756 2922; x_wconf 84' lang='grc' dir='ltr'>ἡμεῖς,</span> <span class='ocrx_word' id='word_1_703' title='bbox 2788 2849 2932 2918; x_wconf 81' lang='grc' dir='ltr'>ἅπερ</span> <span class='ocrx_word' id='word_1_704' title='bbox 2962 2848 2990 2898; x_wconf 96' lang='lat'>6</span> <span class='ocrx_word' id='word_1_705' title='bbox 3031 2845 3320 2915; x_wconf 79' lang='grc' dir='ltr'>προφήτης</span> <span class='ocrx_word' id='word_1_706' title='bbox 3346 2841 3498 2906; x_wconf 75' lang='grc' dir='ltr'>ἔλεγε</span> <span class='ocrx_word' id='word_1_707' title='bbox 3538 2840 3659 2899; x_wconf 85' lang='grc' dir='ltr'>ταῖς</span> 
     </span>
    </p>
   </div>
   <div class='ocr_carea' id='block_1_98' title="bbox 2083 2924 3661 3010">
    <p class='ocr_par' dir='ltr' id='par_1_98' title="bbox 2083 2924 3661 3010">
     <span class='ocr_line' id='line_1_98' title="bbox 2083 2924 3661 3010; baseline -0.008 -19"><span class='ocrx_word' id='word_1_708' title='bbox 2083 2938 2192 2992; x_wconf 89' lang='grc' dir='ltr'>τῶν</span> <span class='ocrx_word' id='word_1_709' title='bbox 2231 2939 2502 3010; x_wconf 79' lang='grc' dir='ltr'>Ἑϐραίων</span> <span class='ocrx_word' id='word_1_710' title='bbox 2535 2924 2755 3008; x_wconf 70' lang='grc' dir='ltr'>γυναιξὶ</span> <span class='ocrx_word' id='word_1_711' title='bbox 2789 2935 2919 3003; x_wconf 74' lang='grc' dir='ltr'>περὶ</span> <span class='ocrx_word' id='word_1_712' title='bbox 2954 2935 3046 2987; x_wconf 77' lang='grc' dir='ltr'>τὸν</span> <span class='ocrx_word' id='word_1_713' title='bbox 3094 2932 3300 3002; x_wconf 84' lang='grc' dir='ltr'>κόσμον</span> <span class='ocrx_word' id='word_1_714' title='bbox 3334 2934 3423 2982; x_wconf 82' lang='grc' dir='ltr'>τὸν</span> <span class='ocrx_word' id='word_1_715' title='bbox 3465 2927 3661 3010; x_wconf 77' lang='grc' dir='ltr'>ἐξωθεν</span> 
     </span>
    </p>
   </div>
   <div class='ocr_carea' id='block_1_99' title="bbox 2085 3009 3660 3094">
    <p class='ocr_par' dir='ltr' id='par_1_99' title="bbox 2085 3009 3660 3094">
     <span class='ocr_line' id='line_1_99' title="bbox 2085 3009 3660 3094; baseline -0.021 -1"><span class='ocrx_word' id='word_1_716' title='bbox 2085 3009 2486 3094; x_wconf 23' lang='grc' dir='ltr'>ἠσκολημίέναις</span> <span class='ocrx_word' id='word_1_717' title='bbox 2513 3041 2526 3054; x_wconf 85' lang='grc'><strong><em>⁸</em></strong></span> <span class='ocrx_word' id='word_1_718' title='bbox 2599 3021 2757 3074; x_wconf 79' lang='grc' dir='ltr'>Ἀντὶ</span> <span class='ocrx_word' id='word_1_719' title='bbox 2808 3018 2994 3084; x_wconf 78' lang='grc' dir='ltr'>ζώνης</span> <span class='ocrx_word' id='word_1_720' title='bbox 3039 3018 3296 3091; x_wconf 76' lang='grc' dir='ltr'>σχοινίῳ</span> <span class='ocrx_word' id='word_1_721' title='bbox 3332 3014 3526 3080; x_wconf 78' lang='grc' dir='ltr'>ζώσῃ,</span> <span class='ocrx_word' id='word_1_722' title='bbox 3561 3009 3660 3062; x_wconf 78' lang='grc' dir='ltr'>καί</span> 
     </span>
    </p>
   </div>
   <div class='ocr_carea' id='block_1_100' title="bbox 2085 3096 3665 3175">
    <p class='ocr_par' dir='ltr' id='par_1_100' title="bbox 2085 3096 3665 3175">
     <span class='ocr_line' id='line_1_100' title="bbox 2085 3096 3665 3175; baseline -0.01 -14"><span class='ocrx_word' id='word_1_723' title='bbox 2085 3108 2220 3161; x_wconf 77' lang='grc' dir='ltr'>ἀντὶ</span> <span class='ocrx_word' id='word_1_724' title='bbox 2259 3107 2366 3162; x_wconf 77' lang='grc' dir='ltr'>τοῦ</span> <span class='ocrx_word' id='word_1_725' title='bbox 2413 3109 2644 3175; x_wconf 78' lang='grc' dir='ltr'>κόσμου</span> <span class='ocrx_word' id='word_1_726' title='bbox 2676 3103 2785 3172; x_wconf 83' lang='grc' dir='ltr'>τῆς</span> <span class='ocrx_word' id='word_1_727' title='bbox 2828 3101 3099 3170; x_wconf 71' lang='grc' dir='ltr'>κεφαλῆς</span> <span class='ocrx_word' id='word_1_728' title='bbox 3144 3114 3262 3155; x_wconf 87' lang='grc' dir='ltr'>σου</span> <span class='ocrx_word' id='word_1_729' title='bbox 3296 3096 3665 3166; x_wconf 65' lang='grc' dir='ltr'>φαλάκρωμα</span> 
     </span>
    </p>
   </div>
   <div class='ocr_carea' id='block_1_101' title="bbox 2084 3177 3663 3258">
    <p class='ocr_par' dir='ltr' id='par_1_101' title="bbox 2084 3177 3663 3258">
     <span class='ocr_line' id='line_1_101' title="bbox 2084 3177 3663 3258; baseline -0.011 -12"><span class='ocrx_word' id='word_1_730' title='bbox 2084 3192 2263 3258; x_wconf 76' lang='grc' dir='ltr'>ἕξεις.</span> <span class='ocrx_word' id='word_1_731' title='bbox 2317 3192 2481 3244; x_wconf 82' lang='grc' dir='ltr'>Ὥστε</span> <span class='ocrx_word' id='word_1_732' title='bbox 2512 3189 2684 3243; x_wconf 86' lang='grc' dir='ltr'>ταῦτα</span> <span class='ocrx_word' id='word_1_733' title='bbox 2723 3187 2925 3258; x_wconf 82' lang='grc' dir='ltr'>μᾶλλον</span> <span class='ocrx_word' id='word_1_734' title='bbox 2949 3185 3215 3253; x_wconf 78' lang='grc' dir='ltr'>ἐπαγωγὰ</span> <span class='ocrx_word' id='word_1_735' title='bbox 3263 3182 3372 3234; x_wconf 90' lang='grc' dir='ltr'>τῶν</span> <span class='ocrx_word' id='word_1_736' title='bbox 3428 3177 3663 3250; x_wconf 86' lang='grc' dir='ltr'>χρυσίων</span> 
     </span>
    </p>
   </div>
   <div class='ocr_carea' id='block_1_102' title="bbox 2088 3262 3731 3341">
    <p class='ocr_par' dir='ltr' id='par_1_102' title="bbox 2088 3262 3731 3341">
     <span class='ocr_line' id='line_1_102' title="bbox 2088 3262 3731 3341; baseline -0.01 -13"><span class='ocrx_word' id='word_1_737' title='bbox 2088 3275 2257 3340; x_wconf 77' lang='grc' dir='ltr'>ἐστὶν,</span> <span class='ocrx_word' id='word_1_738' title='bbox 2287 3274 2362 3336; x_wconf 83' lang='grc' dir='ltr'>ὡς</span> <span class='ocrx_word' id='word_1_739' title='bbox 2389 3271 2600 3326; x_wconf 88' lang='grc' dir='ltr'>πολλῶν</span> <span class='ocrx_word' id='word_1_740' title='bbox 2625 3271 2828 3341; x_wconf 85' lang='grc' dir='ltr'>ἑτέρων</span> <span class='ocrx_word' id='word_1_741' title='bbox 2854 3269 3104 3340; x_wconf 73' lang='grc' dir='ltr'>καὶπρὸς</span> <span class='ocrx_word' id='word_1_742' title='bbox 3134 3265 3291 3320; x_wconf 87' lang='grc' dir='ltr'>τοῦτο</span> <span class='ocrx_word' id='word_1_743' title='bbox 3320 3262 3663 3332; x_wconf 73' lang='grc' dir='ltr'>ἐπιτετηδευο</span> <span class='ocrx_word' id='word_1_744' title='bbox 3727 3314 3731 3318; x_wconf 72' lang='grc'>,</span> 
     </span>
    </p>
   </div>
   <div class='ocr_carea' id='block_1_103' title="bbox 2092 3345 3667 3430">
    <p class='ocr_par' dir='ltr' id='par_1_103' title="bbox 2092 3345 3667 3430">
     <span class='ocr_line' id='line_1_103' title="bbox 2092 3345 3667 3430; baseline -0.011 -17"><span class='ocrx_word' id='word_1_745' title='bbox 2092 3360 2289 3430; x_wconf 88' lang='grc' dir='ltr'>μένων,</span> <span class='ocrx_word' id='word_1_746' title='bbox 2317 3359 2454 3430; x_wconf 85' lang='grc' dir='ltr'>πρὸς</span> <span class='ocrx_word' id='word_1_747' title='bbox 2482 3358 2543 3411; x_wconf 84' lang='grc' dir='ltr'>τὸ</span> <span class='ocrx_word' id='word_1_748' title='bbox 2570 3354 2799 3428; x_wconf 80' lang='grc' dir='ltr'>ὁρᾶσθαι</span> <span class='ocrx_word' id='word_1_749' title='bbox 2817 3355 2910 3407; x_wconf 75' lang='grc' dir='ltr'>καὶ</span> <span class='ocrx_word' id='word_1_750' title='bbox 2933 3349 3358 3422; x_wconf 82' lang='grc' dir='ltr'>αἱχμαλωτίζειν</span> <span class='ocrx_word' id='word_1_751' title='bbox 3380 3349 3504 3410; x_wconf 82' lang='grc' dir='ltr'>τοὺς</span> <span class='ocrx_word' id='word_1_752' title='bbox 3535 3345 3667 3430; x_wconf 63' lang='lat'>05:0-</span> 
     </span>
    </p>
   </div>
   <div class='ocr_carea' id='block_1_104' title="bbox 2093 3428 3668 3514">
    <p class='ocr_par' dir='ltr' id='par_1_104' title="bbox 2093 3428 3668 3514">
     <span class='ocr_line' id='line_1_104' title="bbox 2093 3428 3668 3514; baseline -0.011 -17"><span class='ocrx_word' id='word_1_753' title='bbox 2093 3428 2309 3514; x_wconf 87' lang='grc' dir='ltr'>μένους,</span> <span class='ocrx_word' id='word_1_754' title='bbox 2341 3428 2457 3496; x_wconf 81' lang='grc' dir='ltr'>Οὐκ</span> <span class='ocrx_word' id='word_1_755' title='bbox 2487 3441 2603 3494; x_wconf 77' lang='grc' dir='ltr'>ἔστι</span> <span class='ocrx_word' id='word_1_756' title='bbox 2655 3440 2854 3510; x_wconf 75' lang='grc' dir='ltr'>μικρὸν</span> <span class='ocrx_word' id='word_1_757' title='bbox 2905 3437 2966 3490; x_wconf 77' lang='grc' dir='ltr'>τὸ</span> <span class='ocrx_word' id='word_1_758' title='bbox 3007 3435 3349 3506; x_wconf 81' lang='grc' dir='ltr'>ἁμάρτημα,</span> <span class='ocrx_word' id='word_1_759' title='bbox 3395 3430 3530 3484; x_wconf 80' lang='grc' dir='ltr'>ἀλλὰ</span> <span class='ocrx_word' id='word_1_760' title='bbox 3574 3428 3668 3514; x_wconf 79' lang='grc' dir='ltr'>καὶ</span> 
     </span>
    </p>
   </div>
   <div class='ocr_carea' id='block_1_105' title="bbox 2091 3511 3668 3598">
    <p class='ocr_par' dir='ltr' id='par_1_105' title="bbox 2091 3511 3668 3598">
     <span class='ocr_line' id='line_1_105' title="bbox 2091 3511 3668 3598; baseline -0.009 -20"><span class='ocrx_word' id='word_1_761' title='bbox 2091 3511 2301 3598; x_wconf 80' lang='grc' dir='ltr'>σφόδρα</span> <span class='ocrx_word' id='word_1_762' title='bbox 2334 3525 2499 3596; x_wconf 83' lang='grc' dir='ltr'>μέγα,</span> <span class='ocrx_word' id='word_1_763' title='bbox 2555 3523 2740 3578; x_wconf 82' lang='grc' dir='ltr'>ἱκανὸν</span> <span class='ocrx_word' id='word_1_764' title='bbox 2794 3520 3097 3592; x_wconf 79' lang='grc' dir='ltr'>παροξῦναι</span> <span class='ocrx_word' id='word_1_765' title='bbox 3148 3517 3240 3570; x_wconf 82' lang='grc' dir='ltr'>τὸν</span> <span class='ocrx_word' id='word_1_766' title='bbox 3295 3515 3450 3578; x_wconf 78' lang='grc' dir='ltr'>Θεὸν,</span> <span class='ocrx_word' id='word_1_767' title='bbox 3486 3511 3668 3566; x_wconf 84' lang='grc' dir='ltr'>ἱκανὸν</span> 
     </span>
    </p>
   </div>
   <div class='ocr_carea' id='block_1_106' title="bbox 2091 3599 3395 3679">
    <p class='ocr_par' dir='ltr' id='par_1_106' title="bbox 2091 3599 3395 3679">
     <span class='ocr_line' id='line_1_106' title="bbox 2091 3599 3395 3679; baseline -0.008 -17"><span class='ocrx_word' id='word_1_768' title='bbox 2091 3611 2258 3665; x_wconf 82' lang='grc' dir='ltr'>παντὶ</span> <span class='ocrx_word' id='word_1_769' title='bbox 2280 3609 2359 3678; x_wconf 85' lang='grc' dir='ltr'>τῷ</span> <span class='ocrx_word' id='word_1_770' title='bbox 2391 3609 2538 3679; x_wconf 85' lang='grc' dir='ltr'>πόνῳ</span> <span class='ocrx_word' id='word_1_771' title='bbox 2563 3608 2663 3677; x_wconf 78' lang='grc' dir='ltr'>τῆς</span> <span class='ocrx_word' id='word_1_772' title='bbox 2696 3604 2994 3676; x_wconf 85' lang='grc' dir='ltr'>παρθενίας</span> <span class='ocrx_word' id='word_1_773' title='bbox 3028 3599 3395 3673; x_wconf 85' lang='grc' dir='ltr'>λυμήνασθαι.</span> 
     </span>
    </p>
   </div>
   <div class='ocr_carea' id='block_1_107' title="bbox 2162 3680 3670 3765">
    <p class='ocr_par' dir='ltr' id='par_1_107' title="bbox 2162 3680 3670 3765">
     <span class='ocr_line' id='line_1_107' title="bbox 2162 3680 3670 3765; baseline -0.011 -17"><span class='ocrx_word' id='word_1_774' title='bbox 2162 3702 2232 3763; x_wconf 83' lang='grc' dir='ltr'>γ’.</span> <span class='ocrx_word' id='word_1_775' title='bbox 2270 3693 2507 3765; x_wconf 87' lang='grc' dir='ltr'>Χριστὸν</span> <span class='ocrx_word' id='word_1_776' title='bbox 2531 3693 2676 3762; x_wconf 78' lang='grc' dir='ltr'>έχεις</span> <span class='ocrx_word' id='word_1_777' title='bbox 2705 3689 2936 3759; x_wconf 82' lang='grc' dir='ltr'>νυμφίον</span> <span class='ocrx_word' id='word_1_778' title='bbox 2961 3705 2971 3716; x_wconf 91' lang='grc'><strong>·</strong></span> <span class='ocrx_word' id='word_1_779' title='bbox 2994 3687 3046 3738; x_wconf 91' lang='grc' dir='ltr'>τί</span> <span class='ocrx_word' id='word_1_780' title='bbox 3073 3685 3308 3757; x_wconf 81' lang='grc' dir='ltr'>ἐραστὰς</span> <span class='ocrx_word' id='word_1_781' title='bbox 3349 3680 3670 3765; x_wconf 82' lang='grc' dir='ltr'>ἀνθρώπους</span> 
     </span>
    </p>
   </div>
   <div class='ocr_carea' id='block_1_108' title="bbox 2092 3763 3671 3844">
    <p class='ocr_par' dir='ltr' id='par_1_108' title="bbox 2092 3763 3671 3844">
     <span class='ocr_line' id='line_1_108' title="bbox 2092 3763 3671 3844; baseline -0.01 -14"><span class='ocrx_word' id='word_1_782' title='bbox 2092 3763 2426 3842; x_wconf 82' lang='grc' dir='ltr'>ὲπισπᾶσαι;</span> <span class='ocrx_word' id='word_1_783' title='bbox 2451 3775 2709 3844; x_wconf 83' lang='grc' dir='ltr'>Μοιχείας</span> <span class='ocrx_word' id='word_1_784' title='bbox 2736 3791 2794 3825; x_wconf 89' lang='grc' dir='ltr'>σε</span> <span class='ocrx_word' id='word_1_785' title='bbox 2825 3771 2946 3825; x_wconf 87' lang='grc' dir='ltr'>τότε</span> <span class='ocrx_word' id='word_1_786' title='bbox 2973 3771 3166 3840; x_wconf 86' lang='grc' dir='ltr'>κρινεῖ.</span> <span class='ocrx_word' id='word_1_787' title='bbox 3194 3766 3293 3820; x_wconf 77' lang='grc' dir='ltr'>Διὰ</span> <span class='ocrx_word' id='word_1_788' title='bbox 3315 3765 3365 3818; x_wconf 89' lang='grc' dir='ltr'>τί</span> <span class='ocrx_word' id='word_1_789' title='bbox 3391 3764 3466 3835; x_wconf 80' lang='grc' dir='ltr'>μὴ</span> <span class='ocrx_word' id='word_1_790' title='bbox 3489 3763 3671 3832; x_wconf 79' lang='grc' dir='ltr'>κοσμῇ</span> 
     </span>
    </p>
   </div>
   <div class='ocr_carea' id='block_1_109' title="bbox 2092 3848 3668 3929">
    <p class='ocr_par' dir='ltr' id='par_1_109' title="bbox 2092 3848 3668 3929">
     <span class='ocr_line' id='line_1_109' title="bbox 2092 3848 3668 3929; baseline -0.01 -15"><span class='ocrx_word' id='word_1_791' title='bbox 2092 3863 2185 3914; x_wconf 73' lang='grc' dir='ltr'>τὸν</span> <span class='ocrx_word' id='word_1_792' title='bbox 2227 3861 2430 3929; x_wconf 87' lang='grc' dir='ltr'>κόσμον</span> <span class='ocrx_word' id='word_1_793' title='bbox 2469 3859 2560 3911; x_wconf 80' lang='grc' dir='ltr'>τὸν</span> <span class='ocrx_word' id='word_1_794' title='bbox 2609 3857 2758 3925; x_wconf 88' lang='grc' dir='ltr'>αὐτῷ</span> <span class='ocrx_word' id='word_1_795' title='bbox 2789 3856 3116 3925; x_wconf 85' lang='grc' dir='ltr'>ἀρέσκοντα,</span> <span class='ocrx_word' id='word_1_796' title='bbox 3156 3852 3250 3906; x_wconf 83' lang='grc' dir='ltr'>τὸν</span> <span class='ocrx_word' id='word_1_797' title='bbox 3299 3849 3449 3919; x_wconf 86' lang='grc' dir='ltr'>αὐτῷ</span> <span class='ocrx_word' id='word_1_798' title='bbox 3492 3848 3668 3916; x_wconf 84' lang='grc' dir='ltr'>φίλον,</span> 
     </span>
    </p>
   </div>
   <div class='ocr_carea' id='block_1_110' title="bbox 2095 3931 3672 4015">
    <p class='ocr_par' dir='ltr' id='par_1_110' title="bbox 2095 3931 3672 4015">
     <span class='ocr_line' id='line_1_110' title="bbox 2095 3931 3672 4015; baseline -0.01 -18"><span class='ocrx_word' id='word_1_799' title='bbox 2095 3945 2194 4015; x_wconf 84' lang='grc' dir='ltr'>τὴν</span> <span class='ocrx_word' id='word_1_800' title='bbox 2234 3945 2388 4007; x_wconf 85' lang='grc' dir='ltr'>αἰδὼ,</span> <span class='ocrx_word' id='word_1_801' title='bbox 2442 3941 2540 4012; x_wconf 86' lang='grc' dir='ltr'>τὴν</span> <span class='ocrx_word' id='word_1_802' title='bbox 2605 3939 2986 4010; x_wconf 77' lang='grc' dir='ltr'>σωφροσύνην,</span> <span class='ocrx_word' id='word_1_803' title='bbox 3027 3937 3126 4007; x_wconf 87' lang='grc' dir='ltr'>τὴν</span> <span class='ocrx_word' id='word_1_804' title='bbox 3166 3934 3525 4004; x_wconf 86' lang='grc' dir='ltr'>κοσμιότητα,</span> 
     </span>
    </p>
   </div>
   <div class='ocr_carea' id='block_1_111' title="bbox 2097 4014 3672 4098">
    <p class='ocr_par' dir='ltr' id='par_1_111' title="bbox 2097 4014 3672 4098">
     <span class='ocr_line' id='line_1_111' title="bbox 2097 4014 3672 4098; baseline -0.011 -16"><span class='ocrx_word' id='word_1_805' title='bbox 2097 4014 2352 4098; x_wconf 85' lang='grc' dir='ltr'>σώφρονα</span> <span class='ocrx_word' id='word_1_806' title='bbox 2399 4024 2766 4093; x_wconf 86' lang='grc' dir='ltr'>καταστολήν;</span> <span class='ocrx_word' id='word_1_807' title='bbox 2824 4021 2962 4091; x_wconf 80' lang='grc' dir='ltr'>αῦτη</span> <span class='ocrx_word' id='word_1_808' title='bbox 3009 4018 3244 4089; x_wconf 85' lang='grc' dir='ltr'>πορνική</span> <span class='ocrx_word' id='word_1_809' title='bbox 3294 4017 3375 4078; x_wconf 88' lang='grc' dir='ltr'>τίς</span> <span class='ocrx_word' id='word_1_810' title='bbox 3408 4016 3524 4066; x_wconf 81' lang='grc' dir='ltr'>ἐστι</span> <span class='ocrx_word' id='word_1_811' title='bbox 3574 4014 3672 4066; x_wconf 71' lang='grc' dir='ltr'>καὶ</span> 
     </span>
    </p>
   </div>
   <div class='ocr_carea' id='block_1_112' title="bbox 2095 4097 3673 4183">
    <p class='ocr_par' dir='ltr' id='par_1_112' title="bbox 2095 4097 3673 4183">
     <span class='ocr_line' id='line_1_112' title="bbox 2095 4097 3673 4183; baseline -0.011 -17"><span class='ocrx_word' id='word_1_812' title='bbox 2095 4097 2316 4183; x_wconf 84' lang='grc' dir='ltr'>αἰσχρά.</span> <span class='ocrx_word' id='word_1_813' title='bbox 2346 4110 2542 4164; x_wconf 86' lang='grc' dir='ltr'>Οὐκέτι</span> <span class='ocrx_word' id='word_1_814' title='bbox 2578 4104 3010 4174; x_wconf 81' lang='grc' dir='ltr'>διαγινώσκομεν</span> <span class='ocrx_word' id='word_1_815' title='bbox 3055 4102 3154 4164; x_wconf 77' lang='grc' dir='ltr'>τὰς</span> <span class='ocrx_word' id='word_1_816' title='bbox 3188 4100 3394 4168; x_wconf 88' lang='grc' dir='ltr'>πόρνας</span> <span class='ocrx_word' id='word_1_817' title='bbox 3440 4098 3538 4150; x_wconf 83' lang='grc' dir='ltr'>καὶ</span> <span class='ocrx_word' id='word_1_818' title='bbox 3576 4097 3673 4158; x_wconf 83' lang='grc' dir='ltr'>τάς</span> 
     </span>
    </p>
   </div>
   <div class='ocr_carea' id='block_1_113' title="bbox 2096 4181 3676 4268">
    <p class='ocr_par' dir='ltr' id='par_1_113' title="bbox 2096 4181 3676 4268">
     <span class='ocr_line' id='line_1_113' title="bbox 2096 4181 3676 4268; baseline -0.01 -18"><span class='ocrx_word' id='word_1_819' title='bbox 2096 4181 2428 4268; x_wconf 84' lang='grc' dir='ltr'>παρθένους.</span> <span class='ocrx_word' id='word_1_820' title='bbox 2470 4196 2613 4264; x_wconf 89' lang='grc' dir='ltr'>’Ὀρα</span> <span class='ocrx_word' id='word_1_821' title='bbox 2641 4193 2720 4255; x_wconf 87' lang='grc' dir='ltr'>είς</span> <span class='ocrx_word' id='word_1_822' title='bbox 2757 4189 2927 4258; x_wconf 91' lang='grc' dir='ltr'>πόσην</span> <span class='ocrx_word' id='word_1_823' title='bbox 2972 4185 3359 4257; x_wconf 85' lang='grc' dir='ltr'>ἀσχημοσύνην</span> <span class='ocrx_word' id='word_1_824' title='bbox 3407 4181 3676 4268; x_wconf 77' lang='grc' dir='ltr'>ἐξήγαγον</span> 
     </span>
    </p>
   </div>
   <div class='ocr_carea' id='block_1_114' title="bbox 2097 4265 3676 4345">
    <p class='ocr_par' dir='ltr' id='par_1_114' title="bbox 2097 4265 3676 4345">
     <span class='ocr_line' id='line_1_114' title="bbox 2097 4265 3676 4345; baseline -0.012 -10"><span class='ocrx_word' id='word_1_825' title='bbox 2097 4265 2316 4341; x_wconf 79' lang='grc' dir='ltr'>ἑαυτάς.</span> <span class='ocrx_word' id='word_1_826' title='bbox 2382 4277 2823 4345; x_wconf 78' lang='grc' dir='ltr'>Ἀνεπιτήδευτον</span> <span class='ocrx_word' id='word_1_827' title='bbox 2874 4269 3014 4325; x_wconf 82' lang='grc' dir='ltr'>εἶναι</span> <span class='ocrx_word' id='word_1_828' title='bbox 3063 4270 3170 4341; x_wconf 81' lang='grc' dir='ltr'>χρὴ</span> <span class='ocrx_word' id='word_1_829' title='bbox 3226 4268 3323 4338; x_wconf 84' lang='grc' dir='ltr'>τὴν</span> <span class='ocrx_word' id='word_1_830' title='bbox 3381 4265 3676 4336; x_wconf 84' lang='grc' dir='ltr'>παρθένον,</span> 
     </span>
    </p>
   </div>
   <div class='ocr_carea' id='block_1_115' title="bbox 2097 4349 3676 4430">
    <p class='ocr_par' dir='ltr' id='par_1_115' title="bbox 2097 4349 3676 4430">
     <span class='ocr_line' id='line_1_115' title="bbox 2097 4349 3676 4430; baseline -0.013 -12"><span class='ocrx_word' id='word_1_831' title='bbox 2097 4365 2284 4426; x_wconf 86' lang='grc' dir='ltr'>ἁπλῶς</span> <span class='ocrx_word' id='word_1_832' title='bbox 2314 4365 2410 4415; x_wconf 79' lang='grc' dir='ltr'>καὶ</span> <span class='ocrx_word' id='word_1_833' title='bbox 2442 4361 2565 4430; x_wconf 87' lang='grc' dir='ltr'>είκῆ</span> <span class='ocrx_word' id='word_1_834' title='bbox 2597 4355 3061 4427; x_wconf 83' lang='grc' dir='ltr'>διεσκευασμένην</span> <span class='ocrx_word' id='word_1_835' title='bbox 3082 4371 3095 4384; x_wconf 89' lang='grc'><strong>·</strong></span> <span class='ocrx_word' id='word_1_836' title='bbox 3120 4355 3154 4422; x_wconf 89' lang='grc' dir='ltr'>ή</span> <span class='ocrx_word' id='word_1_837' title='bbox 3191 4353 3248 4406; x_wconf 81' lang='grc' dir='ltr'>δὲ</span> <span class='ocrx_word' id='word_1_838' title='bbox 3281 4349 3452 4422; x_wconf 86' lang='grc' dir='ltr'>μυρία</span> <span class='ocrx_word' id='word_1_839' title='bbox 3480 4351 3676 4416; x_wconf 78' lang='grc' dir='ltr'>ἐπιτη-</span> 
     </span>
    </p>
   </div>
   <div class='ocr_carea' id='block_1_116' title="bbox 2096 4431 3676 4516">
    <p class='ocr_par' dir='ltr' id='par_1_116' title="bbox 2096 4431 3676 4516">
     <span class='ocr_line' id='line_1_116' title="bbox 2096 4431 3676 4516; baseline -0.013 -14"><span class='ocrx_word' id='word_1_840' title='bbox 2096 4449 2240 4502; x_wconf 87' lang='grc' dir='ltr'>δεύει</span> <span class='ocrx_word' id='word_1_841' title='bbox 2270 4447 2407 4516; x_wconf 76' lang='grc' dir='ltr'>πρδς</span> <span class='ocrx_word' id='word_1_842' title='bbox 2441 4445 2540 4514; x_wconf 85' lang='grc' dir='ltr'>τὴν</span> <span class='ocrx_word' id='word_1_843' title='bbox 2579 4443 2913 4513; x_wconf 83' lang='grc' dir='ltr'>φαινομένην</span> <span class='ocrx_word' id='word_1_844' title='bbox 2968 4438 3282 4505; x_wconf 85' lang='grc' dir='ltr'>διασκευήν.</span> <span class='ocrx_word' id='word_1_845' title='bbox 3321 4431 3534 4487; x_wconf 84' lang='grc' dir='ltr'>Παῦσαι</span> <span class='ocrx_word' id='word_1_846' title='bbox 3580 4432 3676 4516; x_wconf 74' lang='grc' dir='ltr'>της</span> 
     </span>
    </p>
   </div>
   <div class='ocr_carea' id='block_1_117' title="bbox 2103 4514 3679 4604">
    <p class='ocr_par' dir='ltr' id='par_1_117' title="bbox 2103 4514 3679 4604">
     <span class='ocr_line' id='line_1_117' title="bbox 2103 4514 3679 4604; baseline -0.013 -17"><span class='ocrx_word' id='word_1_847' title='bbox 2103 4514 2329 4604; x_wconf 72' lang='grc' dir='ltr'>μανίας,</span> <span class='ocrx_word' id='word_1_848' title='bbox 2352 4528 2536 4598; x_wconf 87' lang='grc' dir='ltr'>γύναι,</span> <span class='ocrx_word' id='word_1_849' title='bbox 2567 4525 2661 4579; x_wconf 70' lang='grc' dir='ltr'>ἐπὶ</span> <span class='ocrx_word' id='word_1_850' title='bbox 2689 4524 2786 4596; x_wconf 84' lang='grc' dir='ltr'>τὴν</span> <span class='ocrx_word' id='word_1_851' title='bbox 2818 4522 2994 4594; x_wconf 74' lang='grc' dir='ltr'>ψυχὴν</span> <span class='ocrx_word' id='word_1_852' title='bbox 3037 4521 3320 4591; x_wconf 84' lang='grc' dir='ltr'>μετάγαγε</span> <span class='ocrx_word' id='word_1_853' title='bbox 3368 4518 3467 4588; x_wconf 76' lang='grc' dir='ltr'>τὴν</span> <span class='ocrx_word' id='word_1_854' title='bbox 3497 4514 3679 4569; x_wconf 87' lang='grc' dir='ltr'>τοιαύ-</span> 
     </span>
    </p>
   </div>
   <div class='ocr_carea' id='block_1_118' title="bbox 2098 4595 3678 4687">
    <p class='ocr_par' dir='ltr' id='par_1_118' title="bbox 2098 4595 3678 4687">
     <span class='ocr_line' id='line_1_118' title="bbox 2098 4595 3678 4687; baseline -0.013 -17"><span class='ocrx_word' id='word_1_855' title='bbox 2098 4595 2201 4687; x_wconf 70' lang='grc' dir='ltr'>την</span> <span class='ocrx_word' id='word_1_856' title='bbox 2232 4595 2491 4682; x_wconf 82' lang='grc' dir='ltr'>σπουδὴν,</span> <span class='ocrx_word' id='word_1_857' title='bbox 2520 4610 2614 4663; x_wconf 74' lang='grc' dir='ltr'>ἐπὶ</span> <span class='ocrx_word' id='word_1_858' title='bbox 2640 4595 2878 4680; x_wconf 84' lang='grc' dir='ltr'>τὴνὲσω</span> <span class='ocrx_word' id='word_1_859' title='bbox 2896 4607 3246 4676; x_wconf 77' lang='grc' dir='ltr'>ὲμπρέπειαν</span> <span class='ocrx_word' id='word_1_860' title='bbox 3269 4619 3282 4631; x_wconf 74' lang='grc'><strong>⁸</strong></span> <span class='ocrx_word' id='word_1_861' title='bbox 3317 4595 3473 4663; x_wconf 74' lang='grc' dir='ltr'>οὗτος</span> <span class='ocrx_word' id='word_1_862' title='bbox 3504 4599 3613 4669; x_wconf 76' lang='grc' dir='ltr'>γὰρ</span> <span class='ocrx_word' id='word_1_863' title='bbox 3649 4599 3678 4650; x_wconf 89' lang='lat'>6</span> 
     </span>
    </p>
   </div>
   <div class='ocr_carea' id='block_1_119' title="bbox 2100 4683 3682 4770">
    <p class='ocr_par' dir='ltr' id='par_1_119' title="bbox 2100 4683 3682 4770">
     <span class='ocr_line' id='line_1_119' title="bbox 2100 4683 3682 4770; baseline -0.014 -14"><span class='ocrx_word' id='word_1_864' title='bbox 2100 4683 2306 4770; x_wconf 86' lang='grc' dir='ltr'>κόσμος</span> <span class='ocrx_word' id='word_1_865' title='bbox 2335 4701 2363 4751; x_wconf 90' lang='lat'>6</span> <span class='ocrx_word' id='word_1_866' title='bbox 2389 4695 2589 4760; x_wconf 77' lang='grc' dir='ltr'>ἔξωθεν</span> <span class='ocrx_word' id='word_1_867' title='bbox 2621 4692 3006 4765; x_wconf 88' lang='grc' dir='ltr'>περικείμενος</span> <span class='ocrx_word' id='word_1_868' title='bbox 3031 4689 3132 4742; x_wconf 86' lang='grc' dir='ltr'>οὐκ</span> <span class='ocrx_word' id='word_1_869' title='bbox 3170 4687 3365 4770; x_wconf 84' lang='grc' dir='ltr'>ἀφίησι</span> <span class='ocrx_word' id='word_1_870' title='bbox 3399 4685 3490 4770; x_wconf 78' lang='grc' dir='ltr'>τὸν</span> <span class='ocrx_word' id='word_1_871' title='bbox 3531 4683 3682 4770; x_wconf 57' lang='grc' dir='ltr'>ένδοχ</span> 
     </span>
    </p>
   </div>
   <div class='ocr_carea' id='block_1_120' title="bbox 2101 4763 3678 4854">
    <p class='ocr_par' dir='ltr' id='par_1_120' title="bbox 2101 4763 3678 4854">
     <span class='ocr_line' id='line_1_120' title="bbox 2101 4763 3678 4854; baseline -0.015 -16"><span class='ocrx_word' id='word_1_872' title='bbox 2101 4763 2355 4854; x_wconf 83' lang='grc' dir='ltr'>γενέσθαι</span> <span class='ocrx_word' id='word_1_873' title='bbox 2374 4780 2558 4835; x_wconf 85' lang='grc' dir='ltr'>καλόν.</span> <span class='ocrx_word' id='word_1_874' title='bbox 2619 4763 2860 4844; x_wconf 18' lang='grc' dir='ltr'>Ὀίπερὶ</span> <span class='ocrx_word' id='word_1_875' title='bbox 2909 4773 3100 4827; x_wconf 85' lang='grc' dir='ltr'>τοῦτον</span> <span class='ocrx_word' id='word_1_876' title='bbox 3152 4767 3547 4841; x_wconf 81' lang='grc' dir='ltr'>ήσχολημένος,</span> <span class='ocrx_word' id='word_1_877' title='bbox 3581 4763 3678 4816; x_wconf 87' lang='grc' dir='ltr'>τοῦ</span> 
     </span>
    </p>
   </div>
   <div class='ocr_carea' id='block_1_121' title="bbox 2103 4849 3678 4934">
    <p class='ocr_par' dir='ltr' id='par_1_121' title="bbox 2103 4849 3678 4934">
     <span class='ocr_line' id='line_1_121' title="bbox 2103 4849 3678 4934; baseline -0.013 -12"><span class='ocrx_word' id='word_1_878' title='bbox 2103 4868 2250 4922; x_wconf 84' lang='grc' dir='ltr'>ένδον</span> <span class='ocrx_word' id='word_1_879' title='bbox 2303 4865 2653 4934; x_wconf 81' lang='grc' dir='ltr'>καταφρονεῖ,</span> <span class='ocrx_word' id='word_1_880' title='bbox 2709 4859 2900 4929; x_wconf 81' lang='grc' dir='ltr'>ὥσπερ</span> <span class='ocrx_word' id='word_1_881' title='bbox 2949 4859 2978 4909; x_wconf 88' lang='grc' dir='ltr'>ό</span> <span class='ocrx_word' id='word_1_882' title='bbox 3029 4855 3220 4908; x_wconf 88' lang='grc' dir='ltr'>τούτου</span> <span class='ocrx_word' id='word_1_883' title='bbox 3300 4849 3678 4921; x_wconf 85' lang='grc' dir='ltr'>καταφρονῶν,</span> 
     </span>
    </p>
   </div>
   <div class='ocr_carea' id='block_1_122' title="bbox 2107 4932 3675 5019">
    <p class='ocr_par' dir='ltr' id='par_1_122' title="bbox 2107 4932 3675 5019">
     <span class='ocr_line' id='line_1_122' title="bbox 2107 4932 3675 5019; baseline -0.013 -13"><span class='ocrx_word' id='word_1_884' title='bbox 2107 4955 2285 5006; x_wconf 83' lang='grc' dir='ltr'>πᾶσαν</span> <span class='ocrx_word' id='word_1_885' title='bbox 2312 4952 2412 5019; x_wconf 80' lang='grc' dir='ltr'>τὴν</span> <span class='ocrx_word' id='word_1_886' title='bbox 2449 4932 2686 5017; x_wconf 82' lang='grc' dir='ltr'>σπουδὴν</span> <span class='ocrx_word' id='word_1_887' title='bbox 2717 4943 2845 5013; x_wconf 75' lang='grc' dir='ltr'>περὶ</span> <span class='ocrx_word' id='word_1_888' title='bbox 2872 4943 2961 4994; x_wconf 82' lang='grc' dir='ltr'>τὸν</span> <span class='ocrx_word' id='word_1_889' title='bbox 3002 4940 3150 4992; x_wconf 78' lang='grc' dir='ltr'>ἔνδον</span> <span class='ocrx_word' id='word_1_890' title='bbox 3179 4937 3537 4990; x_wconf 83' lang='grc' dir='ltr'>ἐνδείκνυται.</span> <span class='ocrx_word' id='word_1_891' title='bbox 3581 4932 3675 5002; x_wconf 78' lang='grc' dir='ltr'><strong>Μὴ</strong></span> 
     </span>
    </p>
   </div>
   <div class='ocr_carea' id='block_1_123' title="bbox 2109 5015 3682 5106">
    <p class='ocr_par' dir='ltr' id='par_1_123' title="bbox 2109 5015 3682 5106">
     <span class='ocr_line' id='line_1_123' title="bbox 2109 5015 3682 5106; baseline -0.015 -17"><span class='ocrx_word' id='word_1_892' title='bbox 2109 5054 2199 5106; x_wconf 90' lang='grc' dir='ltr'>μοι</span> <span class='ocrx_word' id='word_1_893' title='bbox 2257 5015 2449 5105; x_wconf 71' lang='grc' dir='ltr'>εἴπης,</span> <span class='ocrx_word' id='word_1_894' title='bbox 2501 5015 2682 5100; x_wconf 76' lang='grc' dir='ltr'>Οίμοι,</span> <span class='ocrx_word' id='word_1_895' title='bbox 2762 5026 2978 5095; x_wconf 80' lang='grc' dir='ltr'>ἱμάτιον</span> <span class='ocrx_word' id='word_1_896' title='bbox 3043 5020 3469 5106; x_wconf 76' lang='grc' dir='ltr'>ἐκτετριμμένον</span> <span class='ocrx_word' id='word_1_897' title='bbox 3508 5015 3682 5106; x_wconf 77' lang='grc' dir='ltr'>φορῶ,</span> 
     </span>
    </p>
   </div>
   <div class='ocr_carea' id='block_1_124' title="bbox 2107 5099 3682 5190">
    <p class='ocr_par' dir='ltr' id='par_1_124' title="bbox 2107 5099 3682 5190">
     <span class='ocr_line' id='line_1_124' title="bbox 2107 5099 3682 5190; baseline -0.015 -16"><span class='ocrx_word' id='word_1_898' title='bbox 2107 5099 2632 5190; x_wconf 44' lang='grc' dir='ltr'>ὐπόδημαηεύτελὲς,</span> <span class='ocrx_word' id='word_1_899' title='bbox 2673 5111 2943 5179; x_wconf 86' lang='grc' dir='ltr'>κάλυμμα</span> <span class='ocrx_word' id='word_1_900' title='bbox 2969 5105 3257 5176; x_wconf 81' lang='grc' dir='ltr'>οὐδαμινόν</span> <span class='ocrx_word' id='word_1_901' title='bbox 3277 5124 3290 5136; x_wconf 88' lang='grc'><strong>·</strong></span> <span class='ocrx_word' id='word_1_902' title='bbox 3329 5104 3481 5164; x_wconf 86' lang='grc' dir='ltr'>ποῖος</span> <span class='ocrx_word' id='word_1_903' title='bbox 3508 5099 3682 5154; x_wconf 88' lang='grc' dir='ltr'>ταῦτα</span> 
     </span>
    </p>
   </div>
   <div class='ocr_carea' id='block_1_125' title="bbox 2107 5183 3682 5274">
    <p class='ocr_par' dir='ltr' id='par_1_125' title="bbox 2107 5183 3682 5274">
     <span class='ocr_line' id='line_1_125' title="bbox 2107 5183 3682 5274; baseline -0.015 -17"><span class='ocrx_word' id='word_1_904' title='bbox 2107 5183 2350 5274; x_wconf 76' lang='grc' dir='ltr'>κόσμος;</span> <span class='ocrx_word' id='word_1_905' title='bbox 2399 5199 2491 5269; x_wconf 78' lang='grc' dir='ltr'>Μὴ</span> <span class='ocrx_word' id='word_1_906' title='bbox 2523 5196 2708 5251; x_wconf 84' lang='grc' dir='ltr'>ἀπάτα</span> <span class='ocrx_word' id='word_1_907' title='bbox 2751 5193 2977 5263; x_wconf 86' lang='grc' dir='ltr'>σαυτήν.</span> <span class='ocrx_word' id='word_1_908' title='bbox 3017 5191 3286 5274; x_wconf 79' lang='grc' dir='ltr'>Ἔνεστιν,</span> <span class='ocrx_word' id='word_1_909' title='bbox 3337 5187 3475 5274; x_wconf 71' lang='grc' dir='ltr'>δπερ</span> <span class='ocrx_word' id='word_1_910' title='bbox 3522 5183 3682 5274; x_wconf 72' lang='grc' dir='ltr'>έφην,</span> 
     </span>
    </p>
   </div>
   <div class='ocr_carea' id='block_1_126' title="bbox 2105 5268 3680 5351">
    <p class='ocr_par' dir='ltr' id='par_1_126' title="bbox 2105 5268 3680 5351">
     <span class='ocr_line' id='line_1_126' title="bbox 2105 5268 3680 5351; baseline -0.014 -11"><span class='ocrx_word' id='word_1_911' title='bbox 2105 5288 2196 5341; x_wconf 80' lang='grc' dir='ltr'>διὰ</span> <span class='ocrx_word' id='word_1_912' title='bbox 2214 5268 2431 5338; x_wconf 63' lang='grc' dir='ltr'>τούτων</span> <span class='ocrx_word' id='word_1_913' title='bbox 2469 5280 2732 5351; x_wconf 74' lang='grc' dir='ltr'>μειζόνως</span> <span class='ocrx_word' id='word_1_914' title='bbox 2757 5273 3223 5338; x_wconf 77' lang='grc' dir='ltr'>καλλωπίζεσθαι,</span> <span class='ocrx_word' id='word_1_915' title='bbox 3260 5273 3294 5341; x_wconf 85' lang='grc' dir='ltr'>ἢ</span> <span class='ocrx_word' id='word_1_916' title='bbox 3341 5271 3408 5323; x_wconf 84' lang='grc' dir='ltr'>δι’</span> <span class='ocrx_word' id='word_1_917' title='bbox 3432 5268 3680 5351; x_wconf 81' lang='grc' dir='ltr'>ἐκείνων,</span> 
     </span>
    </p>
   </div>
   <div class='ocr_carea' id='block_1_127' title="bbox 2111 5350 3684 5442">
    <p class='ocr_par' dir='ltr' id='par_1_127' title="bbox 2111 5350 3684 5442">
     <span class='ocr_line' id='line_1_127' title="bbox 2111 5350 3684 5442; baseline -0.016 -16"><span class='ocrx_word' id='word_1_918' title='bbox 2111 5371 2344 5442; x_wconf 82' lang='grc' dir='ltr'>μάλιστα</span> <span class='ocrx_word' id='word_1_919' title='bbox 2399 5366 2488 5421; x_wconf 88' lang='grc' dir='ltr'>διὰ</span> <span class='ocrx_word' id='word_1_920' title='bbox 2528 5365 2636 5417; x_wconf 87' lang='grc' dir='ltr'>τῶν</span> <span class='ocrx_word' id='word_1_921' title='bbox 2689 5356 3450 5442; x_wconf 83' lang='grc' dir='ltr'>ὲκτετριμμένωνίματίων,</span> <span class='ocrx_word' id='word_1_922' title='bbox 3491 5352 3523 5422; x_wconf 88' lang='grc' dir='ltr'>ἢ</span> <span class='ocrx_word' id='word_1_923' title='bbox 3556 5350 3684 5442; x_wconf 37' lang='grc' dir='ltr'>’τῶν</span> 
     </span>
    </p>
   </div>
   <div class='ocr_carea' id='block_1_128' title="bbox 2107 5436 3684 5526">
    <p class='ocr_par' dir='ltr' id='par_1_128' title="bbox 2107 5436 3684 5526">
     <span class='ocr_line' id='line_1_128' title="bbox 2107 5436 3684 5526; baseline -0.015 -17"><span class='ocrx_word' id='word_1_924' title='bbox 2107 5450 2651 5526; x_wconf 86' lang='grc' dir='ltr'>προσπεπλασμένων</span> <span class='ocrx_word' id='word_1_925' title='bbox 2687 5447 2766 5516; x_wconf 82' lang='grc' dir='ltr'>τῷ</span> <span class='ocrx_word' id='word_1_926' title='bbox 2797 5445 3041 5513; x_wconf 89' lang='grc' dir='ltr'>σώματι,</span> <span class='ocrx_word' id='word_1_927' title='bbox 3084 5441 3179 5494; x_wconf 71' lang='grc' dir='ltr'>καὶ</span> <span class='ocrx_word' id='word_1_928' title='bbox 3214 5436 3684 5503; x_wconf 79' lang='grc' dir='ltr'>ὲκτετυπωμένων</span> 
     </span>
    </p>
   </div>
   <div class='ocr_carea' id='block_1_129' title="bbox 2107 5519 3684 5608">
    <p class='ocr_par' dir='ltr' id='par_1_129' title="bbox 2107 5519 3684 5608">
     <span class='ocr_line' id='line_1_129' title="bbox 2107 5519 3684 5608; baseline -0.016 -15"><span class='ocrx_word' id='word_1_929' title='bbox 2107 5519 2287 5601; x_wconf 80' lang='grc' dir='ltr'>καλῶς</span> <span class='ocrx_word' id='word_1_930' title='bbox 2331 5519 2569 5608; x_wconf 79' lang='grc' dir='ltr'>πρὸςτὸ</span> <span class='ocrx_word' id='word_1_931' title='bbox 2620 5532 2807 5600; x_wconf 83' lang='grc' dir='ltr'>σχῆμα</span> <span class='ocrx_word' id='word_1_932' title='bbox 2846 5531 2906 5581; x_wconf 86' lang='grc' dir='ltr'>τὸ</span> <span class='ocrx_word' id='word_1_933' title='bbox 2947 5527 3184 5589; x_wconf 85' lang='grc' dir='ltr'>ἀναιδὲς,</span> <span class='ocrx_word' id='word_1_934' title='bbox 3218 5524 3316 5578; x_wconf 72' lang='grc' dir='ltr'>καὶ</span> <span class='ocrx_word' id='word_1_935' title='bbox 3357 5519 3684 5608; x_wconf 61' lang='grc' dir='ltr'>στιλδόντων</span> 
     </span>
    </p>
   </div>
   <div class='ocr_carea' id='block_1_130' title="bbox 2106 5605 3685 5695">
    <p class='ocr_par' dir='ltr' id='par_1_130' title="bbox 2106 5605 3685 5695">
     <span class='ocr_line' id='line_1_130' title="bbox 2106 5605 3685 5695; baseline -0.018 -13"><span class='ocrx_word' id='word_1_936' title='bbox 2106 5605 2392 5695; x_wconf 63' lang='grc' dir='ltr'>λαμπρόν.⁷</span> <span class='ocrx_word' id='word_1_937' title='bbox 2431 5618 2586 5686; x_wconf 75' lang='grc' dir='ltr'>Ἐμοὶ</span> <span class='ocrx_word' id='word_1_938' title='bbox 2608 5617 2782 5670; x_wconf 88' lang='grc' dir='ltr'>ταῦτα</span> <span class='ocrx_word' id='word_1_939' title='bbox 2825 5614 3038 5682; x_wconf 87' lang='grc' dir='ltr'>λέγεις·</span> <span class='ocrx_word' id='word_1_940' title='bbox 3074 5611 3127 5664; x_wconf 87' lang='grc' dir='ltr'>τί</span> <span class='ocrx_word' id='word_1_941' title='bbox 3181 5611 3238 5664; x_wconf 79' lang='grc' dir='ltr'>δὲ</span> <span class='ocrx_word' id='word_1_942' title='bbox 3268 5609 3345 5678; x_wconf 74' lang='grc' dir='ltr'>τῷ</span> <span class='ocrx_word' id='word_1_943' title='bbox 3389 5605 3685 5676; x_wconf 69' lang='grc' dir='ltr'>Θεῷέρεῐς</span> 
     </span>
    </p>
   </div>
   <div class='ocr_carea' id='block_1_131' title="bbox 2173 5744 3112 5819">
    <p class='ocr_par' dir='ltr' id='par_1_131' title="bbox 2173 5744 3112 5819">
     <span class='ocr_line' id='line_1_131' title="bbox 2173 5744 3112 5819; baseline -0.022 -6"><span class='ocrx_word' id='word_1_944' title='bbox 2173 5763 2189 5788; x_wconf 81' lang='grc'><strong><em>⁸</em></strong></span> <span class='ocrx_word' id='word_1_945' title='bbox 2212 5765 2399 5813; x_wconf 72' lang='lat' dir='ltr'>Dunmo</span> <span class='ocrx_word' id='word_1_946' title='bbox 2431 5753 2704 5819; x_wconf 73' lang='lat' dir='ltr'>legendum</span> <span class='ocrx_word' id='word_1_947' title='bbox 2738 5749 2931 5799; x_wconf 74' lang='lat' dir='ltr'>\idelur</span> <span class='ocrx_word' id='word_1_948' title='bbox 2972 5744 3112 5793; x_wconf 77' lang='grc' dir='ltr'>κατά.</span> 
     </span>
    </p>
   </div>
  </div>
