4114 6394
390 328 484 384 5U

386 441 654 512 pudicitia,
675 439 728 492 in
753 437 925 495 habitu
949 444 1152 501 ornato,
1185 451 1285 488 non
1327 436 1381 486 in
1426 432 1568 486 tortis
1598 427 1839 489 crinibus,
1881 429 1971 476 aut

391 543 642 598 auro,attt
670 531 984 601 margaritis,
1035 529 1123 582 sed
1166 527 1302 596 quod
1344 525 1580 578 mulieres
1633 523 1771 574 decet
1810 513 1969 585 polli-

391 636 556 681 centes
583 626 818 696 pietatm
849 639 940 694 per
968 623 1098 674 bona
1136 636 1308 689 opera.
1339 617 1586 671 Habitum
1611 626 1768 680 quem
1793 605 1968 662 dicit?

393 720 449 774 ld
471 731 570 782 est,
591 718 822 772 tunicam
845 715 1079 785 undique
1101 714 1326 768 honeste
1349 718 1640 780 tegentem,
1663 705 1968 763 decentem,

390 810 486 867 sed
512 826 618 865 non
642 807 992 878 exquisitam:
1016 806 1115 858 hoc
1133 806 1276 858 enim
1303 809 1522 854 ornatus
1541 813 1666 852 vere
1691 804 1805 858 est;
1830 789 1969 846 istud

391 911 706 969 ornamento
749 906 915 953 caret.
948 896 1083 963 Quid
1123 893 1290 948 dicis?
1321 893 1484 945 Deum
1511 897 1790 959 precatura
1817 898 1971 938 acce-

391 995 494 1057 dis,
519 1003 572 1048 et
600 1000 911 1046 ornamenta
941 1003 1100 1043 aurea
1127 983 1478 1041 circumfers?
1498 998 1626 1036 num
1653 979 1720 1033 ad
1743 979 1967 1034 choreas

391 1084 628 1154 agendas
652 1083 884 1138 venisti?
913 1095 1036 1134 num
1063 1079 1129 1133 ad
1163 1077 1376 1146 nuptias
1419 1071 1791 1134 celebrandas,
1842 1083 1969 1123 num

391 1177 458 1232 ad
481 1176 776 1248 pompam?
803 1175 913 1228 Illic
938 1188 1120 1236 aurea,
1151 1171 1260 1226 illic
1285 1169 1410 1223 torti
1455 1168 1653 1233 crines,
1699 1164 1806 1219 illic
1858 1178 1971 1215 ma-

392 1270 584 1340 gnifica
621 1269 936 1323 vestimenta
957 1263 1202 1319 adhiberi
1230 1261 1449 1317 solent:
1495 1272 1638 1313 nunc
1681 1266 1858 1311 autem
1906 1254 1974 1309 iis

392 1362 525 1417 nihil
571 1377 707 1431 opus
741 1369 845 1414 est.
894 1358 1097 1414 Venisti
1127 1356 1194 1410 ad
1220 1353 1483 1409 orandum
1526 1360 1581 1406 et
1620 1349 1968 1418 precandum,

394 1456 751 1525 supplicatum
775 1469 872 1523 pro
892 1451 1124 1522 peccatis
1145 1459 1198 1504 et
1223 1463 1322 1519 pro
1337 1446 1556 1501 offensis
1579 1445 1704 1509 tuis,
1724 1453 1973 1511 rogatum

395 1545 680 1601 Dominum
707 1553 764 1598 ut
793 1544 1076 1613 propitium
1095 1542 1240 1596 illum
1272 1539 1363 1593 tibi
1391 1536 1584 1592 reddas
1607 1535 1972 1604 :curteipsam

395 1645 590 1699 ornas?
616 1644 728 1698 Non
753 1654 878 1699 sunt
902 1641 984 1698 hae
1004 1653 1180 1697 vestes
1200 1639 1564 1711 supplicantis.
1580 1635 1857 1704 Quomodo
1874 1648 1974 1703 ρο·
2012 1698 2014 1700 τ

399 1747 481 1791 tes
525 1735 915 1806 ingemiscere?
953 1733 1219 1806 quomodo
1243 1730 1572 1802 lacrymari?
1597 1726 1864 1799 quomodo
1889 1723 1971 1777 in-

398 1837 544 1883 tente
567 1843 722 1883 orare
736 1828 828 1882 tali
849 1837 1036 1882 ornata
1058 1824 1414 1882 vestimento?
1437 1823 1491 1878 Si
1515 1819 1848 1892 lacrymaris,
1865 1817 1976 1871 riSIt

397 1922 571 1992 digna:
586 1920 906 1976 videbuntur
931 1920 1211 1991 lacrymze:
1241 1934 1347 1971 non
1373 1917 1515 1971 enim
1548 1928 1736 1967 aurum
1765 1919 1976 1981 gestare

397 2023 612 2084 oportet
641 2014 1056 2086 lacrymantem;
1082 2010 1212 2066 illud
1236 2009 1432 2080 quippe
1460 2006 1527 2062 ad
1553 2020 1766 2061 scenam
1797 2014 1852 2058 et
1891 2003 1976 2056 hi-

398 2105 707 2161 strionicam
736 2105 988 2175 pertinet.
1017 2101 1297 2170 Quomodo
1317 2103 1460 2155 enim
1481 2113 1585 2153 non
1609 2111 1769 2151 scena
1798 2094 1974 2160 fuerit,

397 2198 612 2267 quando
653 2198 721 2252 ab
750 2212 815 2252 eo
842 2198 958 2266 ipso
987 2197 1166 2250 animo
1187 2237 1204 2264 ,
1231 2210 1338 2265 quo
1385 2202 1530 2247 tanta
1562 2175 1975 2260 magnificentia,

399 2299 548 2344 tanta
564 2289 785 2343 ambitio
806 2297 1155 2352 monstratur,
1173 2287 1335 2342 etiam
1355 2287 1602 2356 Iacrynue
1648 2281 1976 2335 funduntur?

403 2384 549 2438 Illam
567 2398 780 2436 omnem
798 2381 1164 2435 histrionicam
1197 2379 1380 2433 aufer:
1414 2379 1554 2432 Deus
1570 2393 1673 2429 non
1703 2375 1976 2429 irridetur.

399 2475 526 2529 Haec
553 2475 838 2528 tuimorum
880 2481 934 2528 et
980 2473 1295 2527 saltatorum
1323 2480 1446 2526 sunt
1474 2471 1561 2540 qui
1588 2470 1641 2522 in
1670 2483 1826 2522 scena
1855 2482 1978 2520 ver-

401 2575 609 2630 santur;
645 2564 926 2619 honestam
956 2573 1134 2618 autem
1162 2563 1442 2617 mulierem
1485 2561 1628 2614 nulla
1676 2557 1979 2629 hujusmodi

399 2656 613 2712 decent.
643 2656 766 2712 Cum
788 2657 1107 2721 verecundia,
1139 2657 1330 2725 inquit,
1359 2663 1403 2709 et
1430 2640 1692 2724 pudicitia.

470 2749 526 2803 2.
565 2749 646 2804 Ne
673 2751 850 2820 itaque
877 2750 1192 2804 meretrices
1217 2749 1442 2803 imiteris
1481 2766 1494 2803 :
1526 2749 1627 2803 hoc
1654 2762 1883 2816 namque
1902 2761 1986 2800 or-

405 2851 654 2895 namento
687 2842 790 2894 illa:
827 2842 1026 2896 multos
1051 2850 1323 2896 amatores
1351 2841 1592 2895 inescant
1619 2857 1632 2892 :
1667 2847 1828 2908 atque
1857 2838 1982 2893 hinc

411 2946 554 3002 stupe
581 2932 759 2986 multae
789 2933 842 2984 in
870 2933 1062 2986 malam
1090 2932 1452 3001 suspicionem
1486 2938 1780 2995 venerunt,
1826 2929 1983 2983 nihil-

404 3039 508 3092 que
533 3039 602 3077 ex
630 3031 820 3078 ornatu
852 3023 1073 3076 lucrata:
1104 3035 1251 3086 sunt,
1281 3037 1344 3077 ac
1367 3022 1615 3091 plurimis
1640 3037 1702 3075 ea
1730 3021 1984 3090 opinione

405 3123 720 3170 nocuerunt.
749 3113 1211 3181 Quemadmodum
1259 3115 1402 3168 enim
1446 3112 1712 3182 impudica
1736 3154 1750 3178 ,
1791 3113 1984 3166 etiam-

334 3265 341 3272 ,
408 3209 451 3262 si
481 3215 626 3261 easta
669 3206 952 3272 videatur,
999 3205 1130 3260 nihil
1178 3221 1243 3260 ex
1285 3204 1384 3260 hac
1423 3205 1674 3274 opinione
1722 3205 1977 3268 lucratur,

350 3345 362 3355 κ
407 3314 528 3354 eum
569 3298 656 3352 ille
701 3298 789 3366 qui
839 3297 1000 3352 etiam
1029 3297 1099 3352 de
1127 3295 1355 3351 occultis
1393 3295 1621 3364 iudicat,
1645 3304 1770 3350 tunc
1807 3295 1986 3348 omnia

407 3391 461 3442 in
505 3388 736 3443 medium
782 3397 998 3441 acturus
1041 3396 1164 3442 est:
1199 3389 1273 3442 ita
1313 3388 1474 3441 etiam
1524 3401 1644 3456 qua:
1678 3394 1824 3440 casta
1865 3392 1984 3451 est,

410 3482 453 3535 si
507 3496 601 3550 per
652 3481 1094 3534 vestimentorum
1157 3488 1404 3536 ornatum
1461 3478 1675 3534 studeat
1726 3477 1828 3531 sibi
1882 3476 1986 3529 im-

409 3571 679 3639 pudicitize
717 3572 1022 3640 opinionem
1064 3571 1389 3635 conciliare,
1444 3584 1512 3625 ex
1560 3570 1806 3623 castitate
1853 3568 1987 3624 nihil

411 3661 731 3722 lucrabitur;
763 3660 1006 3730 plurimis
1045 3660 1186 3715 enim
1217 3675 1288 3713 ex
1317 3661 1416 3714 hac
1446 3659 1700 3729 opinione
1729 3659 1982 3713 damnum

410 3752 621 3807 accidit.
653 3751 790 3818 Quid
816 3765 944 3821 ergo
969 3748 1182 3817 faciam,
1215 3750 1446 3819 inquies,
1477 3750 1521 3803 si
1553 3750 1688 3804 alius
1721 3749 1771 3803 id
1808 3749 1989 3817 suspi-

412 3843 603 3898 cetur?
633 3843 712 3897 Tu
740 3843 1080 3896 occasionem
1110 3842 1180 3895 illi
1210 3841 1326 3902 das,
1360 3856 1425 3895 ex
1455 3840 1661 3902 habitu,
1691 3857 1756 3895 ex
1780 3842 1983 3908 obtutu,

413 3954 478 3992 ex
510 3936 760 3991 motibus.
793 3934 917 3989 Ideo
941 3933 1136 3989 Paulus
1167 3935 1389 4002 plurima
1414 3933 1636 3988 dixitde
1658 3935 1887 3999 vestitu,
1920 3933 1990 3989 de

417 4027 637 4095 pudore.
703 4025 759 4080 Si
803 4042 931 4080 vero
977 4040 1095 4094 qua}
1141 4040 1302 4092 opum
1357 4033 1564 4077 tantum
1621 4024 1813 4078 indicia
1869 4033 1994 4078 sunt

416 4119 630 4172 sustulit
649 4160 663 4182 ,
691 4133 879 4172 aurum
905 4158 920 4182 ,
951 4117 1296 4186 margaritas,
1330 4116 1614 4186 magnifica
1636 4118 1989 4181 vestimenta;

423 4217 626 4277 quanto
654 4209 821 4277 magis
865 4223 927 4262 ea
971 4223 1092 4276 quae
1118 4218 1230 4262 arte
1255 4208 1466 4262 curiose
1496 4217 1772 4276 parantur,
1819 4219 1876 4262 ut
1903 4208 1986 4260 fu-

419 4315 534 4364 cos,
564 4299 801 4368 picturas
825 4299 1123 4361 oculorum,
1149 4299 1435 4353 delicatum
1461 4299 1752 4364 incessum,
1776 4297 1992 4352 mollem

418 4404 627 4454 vocem,
673 4399 948 4458 aspectum
990 4388 1273 4455 lubricum,
1321 4389 1466 4444 omni
1510 4389 1836 4458 impudicitia
1877 4391 1995 4466 ple:

422 4495 572 4548 num,
633 4482 898 4536 curiosam
928 4479 1146 4535 amiculi'
1187 4481 1411 4535 formam
1446 4493 1500 4536 et
1528 4483 1721 4536 tunica:
1744 4524 1758 4548 ,
1805 4497 1996 4535 zonam

419 4573 868 4639 artilieiosiorem,
893 4574 1103 4627 calceos
1123 4573 1296 4627 studio
1316 4574 1682 4642 compositos?
1703 4574 1824 4628 Haec
1845 4575 1999 4644 quip-

422 4681 488 4736 pe
511 4665 690 4718 omnia
716 4663 1076 4718 subindicavit
1102 4678 1223 4718 cum
1251 4663 1413 4731 dixit,
1460 4663 1527 4718 In
1569 4665 1742 4719 habitu
1779 4676 1958 4719 ornato
1980 4708 1996 4733 ,

421 4767 496 4820 et,
519 4753 644 4811 Cum
682 4755 985 4809 verecundia
1011 4771 1030 4808 :
1061 4755 1148 4809 illa
1180 4757 1323 4811 enim
1347 4756 1740 4812 inverecundize
1761 4767 1816 4812 et
1838 4759 2002 4814 dede-

421 4846 565 4900 coris
598 4845 754 4914 plena
795 4855 942 4900 sunt.
972 4845 1073 4910 Me,
1101 4861 1305 4916 quaeso,
1332 4846 1538 4916 feratis,
1567 4849 1611 4903 si
1643 4847 1798 4903 nudis
1822 4851 2001 4906 verbis

421 4937 902 5007 reprehensionem
951 4938 1214 5004 inferam,
1265 4954 1372 4992 non
1430 4949 1488 4993 ut
1545 4939 1770 5005 feriam,
1827 4956 2001 5012 neque

422 5038 481 5082 ut
530 5045 764 5086 man-ore
797 5029 1052 5097 afficiant,
1096 5030 1193 5084 sed
1237 5039 1295 5083 ut
1335 5031 1507 5085 aliena
1533 5046 1564 5084 a
1587 5046 1754 5101 grege
1781 5031 2000 5086 abscin-

419 5124 566 5179 dam.
1674 5199 1679 5204 '

502 5215 769 5287 Virginum
811 5216 975 5270 cultus
1024 5224 1234 5269 testium
1287 5216 1492 5270 nimius.
1530 5247 1600 5257 —
1625 5218 1682 5274 Si
1727 5220 1996 5276 connubio

418 5308 642 5377 junctis,
671 5308 717 5362 si
751 5307 1147 5372 deliciantibus,
1188 5305 1235 5359 si
1289 5306 1543 5361 divitibus
1585 5308 1698 5363 haec
1727 5310 1996 5381 prohibet,

391 5396 593 5453 ‘multo
634 5397 805 5468 magis
849 5397 945 5461 iis,
990 5411 1110 5464 quae
1151 5396 1508 5465 virginitatem
1553 5399 1813 5466 amplexae
1847 5413 1993 5459 sunt.

423 5488 493 5543 Et
537 5503 659 5560 quae
712 5488 896 5558 virgo,
929 5487 1138 5556 inquies
1157 5531 1170 5553 ,
1199 5503 1331 5541 auro
1350 5489 1819 5545 circumornatur?
1848 5509 1998 5563 quaa-

425 5595 547 5635 nam
580 5581 736 5636 tortis
761 5580 1000 5634 crinibus
1029 5580 1154 5634 est?
1193 5579 1359 5634 Tanta
1394 5589 1568 5648 potest
1591 5597 1709 5636 esse
1736 5585 1994 5654 simplicis

424 5675 636 5735 habitus
681 5675 987 5740 curiositas,
1030 5683 1087 5728 ut
1129 5674 1324 5727 cultum
1364 5674 1512 5726 illum
1559 5674 1716 5744 longe
1757 5688 1991 5745 superet.

425 5766 604 5824 Potest
629 5768 769 5824 enim
800 5769 910 5822 fieri
941 5777 999 5819 ut
1025 5765 1250 5835 simplici
1284 5766 1478 5820 vestitu
1511 5764 1682 5834 major
1699 5767 1765 5821 sit
1788 5769 1982 5837 cultus,

1205 321 1271 378 IN
1302 317 1516 377 EPIST.
1559 317 1579 373 l
1642 315 1734 371 AD
1771 305 2051 368 TlMOTl-l.
2091 305 2248 363 CAP.
2288 307 2355 364 ll.
2396 307 2628 366 lIOMlL.
2667 310 2806 367 Vill.

3557 317 3663 374 54?.

2073 432 2233 486 quam
2283 423 2354 477 sit
2379 423 2467 478 ille
2510 439 2642 478 auro
2667 426 3100 498 circumfulgens,
3128 428 3341 500 quando
3365 430 3652 488 admodum

2068 510 2297 566 c:crulea
2346 515 2511 567 vestis
2541 514 2741 580 fuerit,
2769 526 2970 572 etcum
3002 525 3348 577 aceuratione
3373 523 3536 578 multa
3582 527 3648 580 ad

2069 610 2258 670 pectus
2285 618 2416 658 zona
2442 608 2734 662 constricta
2764 607 2956 677 fuerit,
3009 621 3068 665 ut
3095 622 3178 667 est
3221 613 3307 668 illa
3342 616 3650 671 saltantium

2071 692 2124 745 in
2146 708 2344 749 scena:
2378 697 2448 751 ita
2481 707 2538 750 ut
2565 715 2739 768 neque
2769 702 2992 756 multum
3025 703 3207 758 inflata
3235 705 3301 759 ad
3333 706 3470 761 latus
3495 724 3653 764 exce-

2071 786 2180 851 dat,
2230 804 2407 858 ncque
2452 791 2503 844 in
2541 793 2854 848 tenuitatem
2883 799 3253 862 eontrahatur,
3290 800 3384 854 sed
3412 802 3648 857 medium

2071 888 2270 947 teneat,
2298 885 2598 954 multasque
2625 887 2821 942 habeat
2849 891 2898 943 in
2929 892 3047 945 sinu
3078 908 3236 962 rugas
3265 911 3278 946 :
3311 904 3440 964 quot
3461 897 3652 961 sericis

2071 976 2306 1031 vestibus
2346 978 2460 1032 huic
2486 995 2592 1033 non
2616 982 2789 1050 aptior
2816 983 2973 1038 fuerit
3001 985 3067 1039 ad
3102 968 3446 1042 inescandum
3464 989 3487 1042 ?
3507 989 3645 1057 Quid

2070 1082 2221 1132 vero,
2270 1069 2315 1122 si
2352 1070 2565 1125 calceus
2600 1073 2652 1127 in
2692 1074 2843 1142 nigro
2872 1075 3056 1130 colore
3082 1079 3307 1132 multum
3331 1079 3550 1149 fulgeat,
3595 1081 3647 1135 iu

2072 1177 2294 1217 acumen
2322 1163 2596 1229 desinens,
2641 1173 2695 1218 et
2726 1168 3056 1235 picturarum
3087 1170 3339 1227 decorem
3368 1175 3602 1230 imitetur
3629 1218 3646 1244 ,

2073 1254 2144 1306 ita
2174 1263 2231 1306 ut
2259 1268 2432 1324 neque
2460 1265 2756 1310 extremum
2787 1260 3010 1314 multum
3037 1263 3325 1316 ascendat?
3345 1265 3471 1336 quid
3497 1282 3648 1336 vero,

2074 1345 2119 1399 si
2161 1345 2349 1401 faciem
2395 1348 2605 1416 quidem
2647 1365 2753 1404 non
2794 1351 2914 1406 fuco
2962 1353 3193 1422 oblinas,
3234 1356 3328 1412 sed
3359 1361 3651 1416 accuratis-

2075 1436 2208 1490 sime
2253 1438 2473 1503 abluas,
2525 1440 2579 1493 et
2622 1456 2652 1494 a
2703 1440 2879 1498 fronte
2925 1444 3168 1502 velamen
3214 1447 3472 1505 obtendas
3520 1451 3654 1508 facie

2077 1526 2234 1598 longe
2258 1529 2560 1596 candidius,
2585 1531 2886 1603 deindeque
2907 1550 3142 1604 superne
3174 1539 3444 1607 palliolum
3477 1542 3651 1612 impo—

2076 1634 2188 1685 nas,
2227 1631 2284 1674 ut
2327 1621 2530 1676 candor
2573 1638 2696 1677 cum
2745 1624 2898 1694 nigro
2943 1627 3124 1683 colore
3152 1630 3357 1698 gratior
3375 1631 3655 1690 videatur?

2075 1711 2213 1778 Quid
2240 1721 2422 1766 autem
2464 1713 2666 1768 dixeris
2692 1715 2758 1770 de
2787 1717 3070 1771 oculorum
3104 1721 3399 1775 innumeris
3427 1723 3656 1778 circum-

2075 1803 2452 1858 versionibus?
2483 1805 2550 1858 de
2578 1805 2826 1876 cingulo,
2870 1809 3012 1878 quod
3056 1826 3197 1864 nunc
3232 1812 3445 1881 quidem
3473 1817 3655 1870 occul-

2080 1905 2242 1961 tatur,
2281 1912 2423 1951 nunc
2467 1897 2776 1954 denudatur
2799 1916 2906 1969 quo
2937 1901 3056 1956 loco
3086 1906 3354 1973 pecturale
3388 1908 3657 1977 cingitur?

2079 2003 2200 2040 nam
2228 1997 2282 2042 et
2308 1988 2407 2044 hoc
2429 2004 2573 2059 smpc
2596 1989 2891 2058 denudant,
2919 2002 2975 2047 ut
2998 1995 3192 2066 Cinguli
3215 1999 3546 2054 concinnitas
3562 2017 3655 2070 ap-

2080 2090 2302 2149 pareat,
2349 2089 2402 2136 et
2445 2084 2663 2151 palliolo
2691 2094 2804 2139 toto
2830 2087 2972 2142 circa
3009 2098 3168 2158 caput
3196 2090 3416 2158 rejecto.
3469 2092 3658 2148 Manus

2079 2183 2260 2228 autem
2287 2176 2647 2245 tragtedorum
2687 2193 2840 2233 more
2877 2180 3102 2235 manicis
3143 2184 3404 2239 concinne
3452 2194 3656 2254 tegunt,

2081 2276 2137 2321 ut
2165 2268 2448 2323 videantur
2473 2271 2691 2325 innatat.
2743 2272 2881 2339 Quid
2922 2273 2988 2327 de
3029 2289 3218 2344 gressu
3248 2275 3562 2344 dixerimus,
3605 2289 3659 2334 et

2079 2362 2147 2417 de
2185 2363 2306 2418 aliis
2334 2366 2611 2421 concinnis
2641 2368 2902 2434 gestibus,
2938 2371 3024 2438 qui
3051 2370 3169 2438 plus
3197 2387 3352 2436 quam
3381 2389 3540 2429 omne
3564 2389 3658 2428 au-

2081 2470 2198 2508 rum
2223 2465 2446 2524 possunt
2474 2467 2804 2526 spectatores
2831 2459 3085 2516 allicere?
3108 2462 3433 2530 Timeamus,
3453 2464 3657 2530 dilecti,

2082 2566 2150 2604 ne
2193 2550 2468 2604 audiamus
2517 2561 2572 2604 et
2618 2566 2715 2605 nos
2761 2568 2819 2607 ea
2860 2569 2978 2622 quae
3027 2555 3282 2624 propheta
3311 2556 3660 2612 Hebraeorum

2083 2643 2339 2696 uxoribus
2379 2643 2610 2705 dicebat,
2662 2660 2783 2712 qua}
2837 2643 3139 2712 bujusmodi
3188 2647 3440 2702 exteriori
3492 2648 3660 2702 cultui

2083 2735 2365 2788 studebant
2398 2755 2410 2790 :
2447 2735 2550 2789 Pro
2590 2752 2719 2788 zona
2761 2737 2987 2805 funiculo
3017 2737 3253 2807 cingcris,
3297 2749 3342 2792 et
3374 2756 3466 2809 pro
3493 2757 3652 2792 orna-

2083 2838 2249 2879 mento
2270 2828 2447 2897 capitis
2479 2829 2551 2880 tui
2578 2829 2826 2881 calvitiem
2855 2829 3058 2882 habebis
3105 2829 3155 2902 (1
3163 2831 3258 2883 sai.
3283 2831 3335 2885 5.
3360 2831 3475 2900 21).
3526 2832 3653 2886 11ωο

2085 2921 2262 2991 itaque
2291 2923 2458 2991 magis
2486 2922 2761 2974 attrahunt
2785 2963 2798 2986 ,
2832 2937 2989 2991 quam
3018 2938 3180 2976 aurea
3209 2932 3520 2977 ornamenta
3545 2965 3560 2988 ,
3610 2933 3665 2978 et

2085 3013 2185 3066 alia
2215 3013 2382 3066 multa
2426 3012 2492 3068 ad
2521 3013 2621 3066 hoc
2655 3014 2981 3082 excogitata.
3015 3023 3073 3068 ut
3120 3029 3215 3083 per
3247 3026 3520 3084 aSpectum
3549 3031 3666 3084 spe-

2086 3113 2319 3159 ctatores
2364 3105 2595 3174 capiant.
2643 3104 2760 3158 Non
2791 3120 3012 3174 parvum
3055 3115 3139 3160 est
3186 3106 3312 3160 illud
3351 3118 3662 3176 peccatum,

2089 3197 2197 3250 imo
2254 3199 2542 3252 maximum
2569 3241 2584 3263 ,
2641 3199 2781 3268 quod
2829 3200 2996 3266 pOssit
3036 3198 3200 3253 Deum
3229 3201 3294 3255 ad
3335 3200 3660 3255 iracundiam

2089 3304 2399 3358 provocare,
2449 3299 2504 3344 et
2557 3298 2723 3344 totum
2769 3290 3091 3361 virginitatis
3134 3291 3368 3346 laborem
3420 3307 3666 3362 pessum-

2088 3380 2238 3436 dare.

2161 3475 2214 3528 5.
2255 3472 2526 3526 Chrismm
2556 3472 2719 3527 habes
2745 3487 3000 3543 Sponsum
3024 3491 3038 3540 ;
3067 3489 3164 3528 cur
3188 3485 3458 3531 amatores
3489 3478 3663 3533 homi-

2090 3579 2186 3618 nes
2209 3563 2586 3618 atlrabis?llle
2614 3572 2738 3618 tunc
2759 3564 3003 3619 adulterii
3036 3577 3087 3620 te
3116 3566 3412 3623 damnabit.
3437 3570 3541 3624 Cur
3561 3589 3668 3626 non

2091 3656 2299 3709 ornaris
2347 3665 2537 3708 ornatu
2577 3656 2665 3724 qui
2701 3656 2799 3725 ipsi
2832 3658 3056 3726 placeat,
3108 3659 3333 3728 pudore,
3382 3665 3626 3728 castitate
3650 3708 3668 3733 ,

2095 3746 2393 3809 honestate,
2424 3745 2670 3799 modesto
2696 3746 2932 3800 veSIitu?
2971 3750 3056 3802 hic
3099 3750 3295 3818 quippe
3337 3756 3673 3811 meretricius

2093 3850 2143 3893 et
2165 3841 2332 3910 turpis
2355 3848 2457 3893 est.
2486 3839 2605 3894 Jam
2629 3839 2942 3893 meretrices
2967 3855 2996 3894 a
3024 3842 3316 3912 virginibus
3339 3861 3442 3899 non
3474 3846 3676 3902 discer-

2094 3935 2292 3988 nimus.
2323 3932 2456 3987 Vide
2498 3933 2552 3987 in
2580 3943 2833 4002 quantam
2864 3935 3245 4003 turpitudinem
3277 3955 3334 3993 se
3359 3940 3462 3994 illa:
3488 3943 3674 4011 conje-

2094 4027 2284 4080 cerint.
2333 4026 2532 4079 Ornatu
2573 4042 2793 4080 vacuam
2843 4037 3057 4096 oportet
3095 4045 3215 4084 esse
3243 4033 3524 4101 virginem,
3549 4037 3675 4089 sim-

2097 4115 2310 4184 pliciter
2347 4125 2400 4168 et
2449 4125 2738 4186 utcumque
2778 4120 3027 4172 vestitam
3063 4136 3076 4171 :
3123 4119 3210 4174 illa
3242 4137 3367 4176 vero
3395 4123 3676 4180 innumera

2097 4209 2365 4276 excogitat
2389 4208 2456 4260 ad
2484 4209 2813 4264 exteriorem
2843 4210 3066 4264 cultum.
3114 4211 3300 4268 Finem
3333 4213 3490 4268 facito
3531 4217 3676 4270 insa-

2100 4299 2304 4369 niendi,
2327 4316 2359 4353 ο
2386 4299 2601 4364 mulier,
2634 4301 2862 4355 transfer
2889 4317 3071 4356 curam
3097 4305 3241 4357 illam
3271 4305 3337 4358 ad
3365 4307 3596 4362 animam
3623 4317 3680 4364 et

2099 4393 2167 4448 ad
2205 4395 2516 4448 interiorem
2544 4404 2791 4448 ornatum
2825 4409 2842 4450 :
2876 4395 2965 4449 ille
2995 4411 3225 4465 namque
3267 4409 3488 4452 ornatus
3529 4410 3678 4455 exte-

2101 4486 2212 4540 rior
2249 4502 2355 4540 non
2397 4487 2523 4540 sinit
2567 4488 2877 4541 interiorem
2923 4503 3044 4544 esse
3077 4491 3376 4558 pulchrum.
3407 4493 3504 4560 Qui
3537 4489 3680 4551 hunc

2101 4587 2345 4633 ornatum
2377 4587 2548 4644 curat,
2584 4579 2894 4634 interiorem
2930 4581 3148 4651 negligit
3179 4600 3191 4634 :
3221 4586 3359 4638 sicut
3399 4585 3487 4656 qui
3523 4595 3676 4652 exte-

2101 4671 2297 4726 riorem
2343 4669 2589 4739 despicit,
2643 4677 2806 4724 totam
2852 4687 3032 4727 curam
3076 4673 3144 4727 ad
3171 4674 3480 4732 interiorem
3509 4688 3682 4736 trans.

2105 4761 2226 4814 fert.
2270 4759 2347 4814 Ne
2394 4760 2594 4815 dixeris
2629 4778 2642 4814 :
2684 4761 2775 4815 Va:
2817 4761 2968 4828 mihi,
3000 4763 3250 4818 deti-itam
3293 4776 3498 4821 vestem
3542 4769 3680 4838 fero,

2103 4851 2238 4905 viles
2262 4851 2493 4914 calceos,
2523 4852 2766 4906 velamen
2795 4852 2993 4908 nullius
3022 4855 3176 4922 pretii
3224 4873 3239 4910 :
3281 4858 3453 4926 qualis
3477 4859 3562 4914 hic
3588 4877 3681 4916 or-

2107 4950 2262 4995 natus
2283 4943 2398 4996 est?
2437 4943 2516 4997 Ne
2562 4944 2785 5013 teipsam
2816 4945 3074 5016 decipias.
3122 4946 3294 5014 Licet,
3341 4959 3399 5004 ut
3425 4951 3552 5016 dixi,
3589 4968 3682 5021 per

2105 5031 2221 5086 haec
2243 5033 2434 5087 melius
2454 5036 2654 5096 ornari,
2685 5051 2844 5103 quam
2873 5053 2966 5105 per
2997 5037 3118 5104 illa;
3152 5040 3319 5110 magis
3345 5057 3438 5110 per
3461 5041 3684 5100 detritas

2107 5134 2304 5189 vestes,
2324 5141 2481 5195 quam
2503 5141 2597 5194 per
2621 5125 2739 5180 illas
2761 5139 3006 5184 accurate
3026 5132 3372 5188 concinnatus
3393 5143 3447 5187 et
3465 5133 3531 5187 ad
3563 5149 3685 5188 eor-

2109 5231 2211 5285 pus
2238 5217 2534 5272 ornandum
2555 5227 2790 5287 paratas,
2821 5220 3200 5288 impudentiam
3227 5240 3338 5294 prie
3364 5240 3423 5279 se
3455 5224 3686 5283 ferentes

2107 5315 2163 5362 et
2202 5307 2529 5377 Splendidas.
2569 5309 2697 5364 Mihi
2753 5309 2870 5366 haec
2917 5312 3189 5382 loqueris:
3217 5316 3342 5385 quid
3369 5331 3497 5370 vero
3534 5317 3684 5373 dices

2108 5392 2240 5460 Deo,
2260 5393 2349 5461 qui
2366 5396 2601 5449 animum
2621 5402 2765 5448 tuum
2793 5395 2957 5460 novit,
2981 5411 3047 5450 ex
3067 5414 3172 5467 quo
3193 5397 3294 5453 hoc
3307 5398 3435 5454 facis
3451 5400 3558 5454 ?At
3577 5418 3684 5456 non

2104 5484 2158 5539 id
2195 5484 2327 5541 facis
2366 5496 2426 5541 ut
2466 5486 2786 5542 forniceris?
2807 5487 2910 5542 Sed
2936 5489 3137 5558 quare?
3162 5505 3227 5542 an
3257 5501 3314 5544 ut
3347 5491 3687 5550 admirationi

2104 5580 2347 5635 habearis
2365 5581 2390 5632 Ἰ
2415 5596 2515 5636 nec
2544 5589 2596 5636 te
2622 5579 2816 5650 pudet,
2840 5595 2938 5634 nec
2961 5581 3230 5636 erubescis
3266 5583 3404 5652 quod
3433 5584 3515 5640 his
3552 5588 3686 5642 velis

2101 5672 2506 5730 admirationem
2541 5673 2805 5728 movere?
2829 5671 2933 5727 Sed
2966 5672 3275 5742 simpliciter
3292 5717 3308 5742 ,
3337 5677 3543 5747 inquies
3569 5720 3584 5744 ,
3608 5680 3688 5735 sic

2100 5767 2317 5834 vcstior,
2352 5778 2403 5822 et
2431 5784 2532 5823 non
2559 5782 2622 5822 ea
2649 5766 2717 5822 de
2746 5779 2925 5820 causa.
2952 5764 3109 5822 Novit
3139 5767 3278 5824 Deus
3321 5784 3385 5825 ea
3422 5787 3540 5836 quae
3587 5789 3685 5828 no-
