4114 6394
370 270 473 325 543

371 384 454 436 his
476 382 729 449 loqueris.
759 379 895 435 Num
923 381 1050 435 mihi
1093 380 1355 435 rationem
1388 378 1517 433 das?
1548 378 1619 431 illi
1644 376 1819 441 dabis,
1852 374 1945 446 qui

379 475 544 545 gestis
573 475 822 529 omnibus
843 487 1076 543 praesens
1099 482 1199 536 est,
1224 482 1279 527 et
1303 482 1428 526 tunc
1455 471 1571 526 haec
1598 468 1941 535 examinabit,

374 566 457 619 cui
479 565 654 619 omnia
679 564 816 619 nuda
837 573 893 618 et
916 572 1099 631 aperta
1128 573 1272 617 sunt.
1304 562 1428 616 Ideo
1454 573 1507 616 et
1539 576 1637 615 nos
1662 560 1777 615 haec
1807 574 1949 614 nunc

378 655 639 720 dicimus,
690 670 755 709 ne
781 671 875 709 vos
918 654 983 708 iis
1023 655 1318 708 rationibus
1353 652 1641 707 reddendis
1685 651 1951 706 obnoxias

382 748 654 801 laciamus.
701 746 1006 800 Timeamus
1049 760 1116 799 ne
1163 745 1251 797 illa
1291 743 1442 798 vobis
1484 741 1792 811 exprobret,
1833 755 1953 810 qua:

383 853 475 905 pe:
506 836 817 907 prophetam
844 835 1041 890 ludatis
1069 835 1379 889 mulieribus
1400 875 1412 897 ,
1464 832 1615 885 Ibant
1651 841 1704 884 ut
1733 832 1953 884 viderem

382 929 687 982 luscinientes
725 938 771 979 et
809 925 1019 996 pedibus
1063 924 1215 977 simul
1264 924 1493 976 ludentes
1537 920 1690 993 (lsni.
1732 921 1786 975 '5.
1839 919 1951 989 16).

384 1020 706 1088 Suscepistis
733 1027 1007 1073 certamen
1036 1031 1307 1083 ntagnum,
1355 1014 1443 1067 ubi
1492 1028 1687 1083 pugna,
1731 1027 1836 1066 non
1859 1026 1951 1065 or-

382 1121 505 1164 natu
533 1126 669 1178 opus
694 1117 796 1172 est,
830 1122 1063 1177 pugnare
1092 1115 1324 1175 oportet.
1362 1121 1466 1158 non
1499 1106 1732 1157 molliter
1772 1117 1951 1171 agere.

382 1203 495 1257 Non
520 1202 667 1255 vides
686 1201 886 1269 pugiles
901 1209 956 1254 et
971 1202 1371 1253 concertantes'!
1395 1213 1517 1251 num
1541 1198 1643 1251 illis
1657 1196 1723 1251 de
1745 1196 1955 1251 incessu

384 1304 437 1346 et
465 1303 654 1344 ornatu
682 1306 805 1343 cura
833 1292 947 1344 est?
969 1290 1123 1343 Nullo
1147 1287 1331 1352 modo;
1357 1286 1451 1341 sed
1477 1287 1557 1340 his
1580 1286 1756 1340 missis
1781 1286 1955 1340 omni-

388 1383 505 1444 hns,
539 1390 739 1435 vestem
767 1390 1043 1436 sumentes
1085 1380 1206 1434 oleo
1239 1378 1528 1443 madidam,
1577 1392 1737 1430 unum
1785 1376 1955 1430 solum

384 1482 646 1544 spectant,
681 1481 739 1526 ut
770 1472 983 1537 feriant,
1016 1480 1068 1525 et
1094 1487 1198 1525 non
1229 1470 1506 1524 feriantur.
1558 1469 1676 1523 Stat
1716 1468 1960 1522 diabolus

386 1566 631 1619 dentibus
660 1566 912 1627 stridens,
962 1565 1195 1633 undique
1228 1564 1681 1632 circumspectans
1718 1570 1776 1615 ut
1797 1568 1852 1615 te
1892 1559 1961 1615 de

394 1657 570 1711 medio
599 1657 749 1711 tollat
777 1671 795 1710 :
828 1664 882 1710 tu
913 1671 1041 1709 vero
1068 1671 1251 1709 manes
1283 1654 1349 1708 de
1376 1662 1563 1707 ornatu
1591 1652 1829 1707 satanico
1855 1651 1962 1705 sol-

389 1748 564 1803 licita?
593 1748 730 1802 Nihil
760 1747 881 1803 volo
909 1747 1091 1803 dicere
1115 1748 1182 1801 de
1208 1762 1361 1811 voce,
1404 1745 1674 1815 quomodo
1703 1743 1884 1798 multa;
1912 1742 1962 1797 ei

393 1838 773 1908 etnttponendte
812 1838 1081 1910 studeant,
1110 1838 1239 1891 nihil
1284 1839 1350 1891 de
1397 1837 1705 1906 unguentis,
1738 1844 1965 1889 uetera-

389 1948 494 2001 que
534 1933 777 1986 mollitie.
826 1932 952 1986 ldeo
984 1946 1081 1985 nos
1118 1930 1341 1985 irrident
1367 1929 1654 1983 saeculares
1688 1927 1962 1981 mulieres.

395 2025 727 2094 \‘irginitatis
756 2024 1007 2079 honestas
1036 2024 1195 2093 periit
1223 2042 1236 2076 :
1267 2038 1425 2077 nemo
1453 2022 1711 2092 virginem
1741 2020 1968 2075 honorat

395 2126 450 2167 ut
490 2116 754 2170 honorare
795 2131 891 2186 par
929 2124 1013 2170 est
1041 2133 1054 2169 :
1087 2116 1216 2184 ipsm
1266 2130 1495 2184 namque
1548 2113 1600 2167 id
1643 2112 1883 2167 efﬁciunt
1909 2120 1969 2165 ut

393 2205 774 2272 despiciantur.
828 2207 1017 2259 Annon
1061 2205 1342 2273 oportebat
1375 2219 1498 2268 cas,
1551 2202 1703 2273 quasi
1731 2201 1798 2256 de
1837 2200 1969 2255 caelo

394 2296 661 2365 delapsas,
708 2298 774 2350 ita
806 2298 857 2351 in
891 2296 1130 2351 Ecclesia
1164 2297 1256 2351 Dei
1283 2312 1405 2351 esse
1435 2294 1802 2350 venerandas'!
1829 2308 1970 2348 nunc

395 2396 572 2440 autem
619 2396 1055 2452 contemnuntur,
1108 2385 1321 2456 illazque
1370 2386 1423 2439 in
1454 2400 1612 2441 causa
1653 2395 1809 2449 sunt,
1860 2398 1968 2438 non

1068 268 1119 323 S.
1165 266 1440 324 JOANNIS
1475 261 1951 321 CHRYSOSTOMI
1991 260 2301 319 ARCHIEP.
2332 260 2860 319 CONSTANTINOP.
3523 266 3624 320 M5

2061 382 2240 430 autem
2266 385 2483 445 propter
2510 389 2603 431 eas
2625 389 2744 446 qua:
2768 383 2891 429 sunt
2917 374 3287 443 sapientiores.
3320 375 3453 431 Cum
3480 380 3622 434 enim

2052 465 2244 521 viderit
2266 475 2338 532 te,
2353 467 2438 521 illa
2456 482 2573 536 qua:
2591 466 2765 521 virum
2784 465 2939 521 habet
2956 474 3012 520 et
3031 465 3187 533 filios,
3215 482 3278 522 ae
3298 467 3476 523 domui
3500 484 3627 539 pra:-

2052 565 2154 621 est,
2176 557 2482 613 cruciﬁxam
2509 571 2629 613 esse
2652 556 2869 623 debere,
2898 569 2952 612 et
2976 566 3152 612 tamen
3182 558 3301 629 plus
3327 576 3483 631 quam
3513 563 3626 631 ipsa

2054 647 2311 703 mundum
2338 648 2480 703 hunc
2516 648 2863 719 perquirere;
2917 648 3186 717 quomodo
3212 666 3317 704 non
3345 650 3627 718 irridebit,

2054 739 2321 810 quomodo
2372 755 2478 793 non
2530 739 2831 810 despiciet?
2882 738 3043 794 Vides
3103 750 3357 810 quantum
3409 744 3633 798 studii?

2055 838 2311 900 quantum
2366 828 2906 899 sollicitudinis?per
2953 829 3210 885 vilitatem
3251 833 3413 887 vestis
3459 834 3630 888 vincis

2055 935 2173 975 eam
2201 936 2319 990 qua:
2348 920 2625 991 magniﬁce
2659 920 2901 983 vestitur,
2928 919 3053 975 dum
3082 922 3249 992 magis
3277 925 3489 979 ornatui
3515 936 3631 978 stu-

2057 1011 2173 1077 des,
2205 1026 2362 1081 quam
2389 1027 2451 1066 ea
2474 1026 2592 1081 qua:
2622 1011 2951 1066 ornamentis
2979 1012 3156 1065 aureis
3182 1011 3482 1068 decoratur.
3500 1016 3630 1084 Qua:

2059 1110 2110 1157 te
2138 1102 2390 1157 docerent
2415 1118 2521 1157 non
2545 1102 2775 1171 quaeris;
2802 1117 2919 1171 qua:
2946 1112 2999 1158 te
3024 1116 3130 1157 non
3159 1103 3374 1170 decent,
3398 1107 3487 1161 illa
3515 1125 3635 1177 per-

2059 1193 2330 1263 sequeris,
2376 1208 2498 1248 cum
2543 1203 2816 1263 Oporteret
2838 1203 2890 1249 te
2933 1196 3069 1250 bona
3093 1195 3240 1251 adire
3263 1211 3450 1265 opera.
3510 1198 3634 1253 Ideo

2060 1286 2408 1342 smcularibus
2447 1287 2792 1358 ignobiliores
2836 1288 3070 1359 virgines
3096 1297 3221 1345 sunt
3250 1305 3268 1342 :
3292 1305 3467 1360 neque
3491 1292 3633 1345 enim

2061 1377 2364 1448 virginitate
2403 1377 2562 1447 digna
2591 1392 2754 1448 opera
2782 1378 3059 1434 exhibent.
3086 1379 3211 1434 Haec
3236 1379 3491 1445 diximus,
3527 1397 3631 1436 non

2065 1468 2337 1533 omnibus,
2368 1468 2475 1522 imo
2503 1482 2634 1524 vero
2656 1469 2905 1523 omnibus
2936 1487 2950 1524 :
2982 1470 3047 1525 iis
3070 1486 3190 1540 qua:
3218 1471 3270 1525 in
3310 1474 3466 1541 culpa
3489 1483 3634 1538 sunt,

2065 1569 2125 1614 ut
2169 1559 2521 1629 resipiseant;
2570 1557 2808 1614 innoxiis
2851 1571 3054 1625 autem,
3113 1572 3169 1616 ut
3197 1562 3314 1617 illas
3352 1565 3639 1619 emendare

2066 1650 2335 1706 studeant.
2385 1649 2491 1705 Sed
2517 1648 2696 1705 videte
2740 1658 2795 1705 et
2824 1660 3009 1706 cavete
3035 1668 3102 1706 ne
3132 1652 3245 1707 lucc
3266 1656 3530 1710 correctio
3572 1659 3639 1711 ad

2067 1756 2202 1813 Opus
2250 1740 2560 1796 deducatur.
2609 1740 2725 1796 Non
2778 1742 2923 1797 enim
2970 1751 3027 1797 ut
3080 1759 3313 1799 mterore
3350 1744 3640 1802 afﬁciamus

2070 1835 2186 1889 haec
2210 1832 2461 1901 diximus,
2503 1834 2600 1888 sed
2630 1841 2742 1889 uta
2786 1834 2941 1904 culpa
2965 1850 3297 1902 revocemus,
3332 1838 3461 1892 utin
3494 1840 3645 1893 vobis

2070 1927 2381 1997 gloriemur.
2412 1927 2625 1982 Utinam
2650 1934 2827 1981 autem
2857 1942 3048 1982 omnes
3073 1944 3194 1998 qua:
3221 1929 3331 1985 Deo
3367 1941 3492 1984 sunt
3533 1932 3646 2000 pla-

2073 2019 2178 2072 cita
2208 2017 2490 2081 faciamus,
2518 2024 2573 2071 et
2598 2015 2664 2071 ad
2706 2016 2932 2087 gloriam
2980 2017 3072 2072 Dei
3115 2019 3353 2073 vivamus
3383 2037 3395 2071 :
3429 2029 3487 2074 ut
3517 2036 3643 2090 pru-

2074 2108 2239 2162 missa
2263 2121 2657 2176 consequamur
2685 2106 2827 2162 bona
2846 2147 2863 2175 ,
2887 2111 3058 2177 gratia
3095 2120 3151 2164 et
3192 2111 3516 2181 benignitate
3545 2115 3647 2167 Do-

2074 2199 2206 2255 mini
2234 2199 2403 2253 nostri
2431 2198 2558 2254 Jesu
2585 2198 2807 2264 Christi,
2835 2200 3049 2269 quicum
3072 2202 3215 2256 Patri
3243 2219 3452 2274 unaque
3474 2204 3645 2275 Spiri-

2076 2292 2151 2346 tui
2183 2298 2368 2346 sancto
2392 2292 2583 2361 gloria,
2612 2291 2917 2361 imperium,
2951 2292 3143 2359 honor,
3174 2310 3316 2351 nunc
3344 2306 3398 2353 et
3417 2312 3651 2367 semper,

2078 2392 2134 2438 et
2158 2382 2210 2437 in
2240 2382 2435 2437 saacula
2468 2383 2807 2438 smculorum.
2834 2384 3026 2439 Amen.

1790 2610 2137 2672 HOMILIA
2181 2610 2297 2671 IX.

404 2765 532 2821 CAP.
570 2766 625 2818 2.
666 2781 718 2820 v.
760 2766 847 2821 11.
890 2765 1077 2819 Mulier
1125 2764 1179 2818 in
1218 2765 1413 2818 silentio
1463 2762 1623 2817 discat
1679 2777 1794 2816 cum
1840 2754 1977 2810 omni

475 2855 799 2926 subjectione.
832 2855 919 2910 12.
952 2855 1156 2909 Mulieri
1184 2866 1350 2907 autem
1384 2854 1563 2907 docere
1591 2869 1692 2906 non
1722 2850 1976 2921 permitto,

483 2962 641 3016 neque
667 2947 920 2999 dominari
950 2946 1079 3012 viro,
1104 2946 1193 2999 sed
1214 2946 1264 2997 in
1295 2944 1495 2997 silentio
1520 2960 1628 2998 esre
1649 2960 1667 2996 :
1701 2943 1786 2997 15.
1817 2939 1981 2993 Adam

479 3036 611 3090 enim
637 3037 830 3106 primus
852 3040 1098 3105 formatus
1120 3044 1212 3099 est,
1242 3034 1422 3087 deinde
1452 3033 1557 3085 Eva
1584 3049 1603 3087 :
1634 3033 1720 3087 H.
1744 3040 1789 3085 et
1817 3029 1984 3083 Adam

482 3142 583 3179 non
630 3137 703 3179 est
742 3125 973 3178 seductus
994 3166 1009 3190 ,
1043 3126 1225 3178 mulier
1244 3134 1409 3177 autem
1436 3123 1640 3178 seducta
1665 3124 1718 3175 in
1743 3119 1985 3187 prwvari-

481 3220 679 3273 catione
700 3218 793 3286 fuit
823 3234 841 3272 :
870 3219 956 3273 15.
986 3218 1260 3271 saluabitur
1290 3228 1455 3270 autem
1487 3233 1579 3286 per
1605 3216 1826 3281 filiorum
1864 3228 1986 3282 pro-

483 3313 809 3377 creationem,
846 3313 890 3366 si
935 3313 1303 3383 permanserint
1353 3313 1405 3365 in
1445 3312 1546 3381 ﬁde
1595 3320 1641 3365 et
1687 3310 1897 3363 caritate
1940 3316 1989 3361 et

482 3402 884 3471 sanctiﬁcatione
907 3418 1019 3455 cum
1044 3402 1331 3456 sobrietate.

485 3495 538 3548 1.
580 3492 855 3546 Mulierum
880 3493 934 3546 in
975 3493 1194 3547 ecclesiis
1236 3493 1490 3562 colloquia
1528 3492 1988 3562 improbantur.—

414 3588 654 3656 Magnam
700 3602 731 3641 a
776 3587 1089 3641 mulieribus
1137 3586 1516 3641 verecundiam
1566 3586 1753 3641 beatus
1798 3584 1992 3639 Paulus

416 3681 612 3749 exigit,
654 3680 874 3732 multam
923 3680 1277 3732 honestatem.
1327 3678 1451 3732 ldeo
1498 3694 1603 3731 non
1633 3676 1793 3731 modo
1821 3690 1992 3744 usque

416 3772 482 3825 ad
508 3771 740 3824 habitum
768 3780 821 3823 et
849 3786 1016 3839 usque
1041 3770 1105 3823 ad
1135 3770 1384 3823 amictum
1421 3768 1680 3838 procedit,
1711 3766 1803 3821 sed
1832 3767 1993 3821 etiam

419 3878 588 3931 usque
632 3861 698 3915 ad
746 3875 934 3914 vocem
971 3872 1063 3914 :ct
1100 3861 1229 3929 quid
1275 3860 1445 3914 dicit?
1471 3858 1660 3913 Mulier
1700 3859 1755 3912 in
1797 3858 1994 3911 silentio

418 3957 603 4011 discat.
631 3954 767 4022 Quid
803 3953 904 4008 hoc
924 3955 1043 4008 est?
1068 3952 1143 4006 Ne
1168 3954 1437 4022 loquatur,
1466 3952 1655 4021 inquit,
1690 3952 1741 4004 in
1765 3949 1995 4005 ecclesia

424 4048 615 4102 mulier
643 4065 655 4097 :
686 4045 825 4117 quod
855 4046 1015 4099 etiam
1049 4046 1099 4098 in
1130 4044 1365 4114 Epistula
1404 4045 1470 4098 ad
1500 4042 1810 4099 Corinthios
1852 4042 1999 4098 dice-

422 4140 509 4193 bat
546 4156 559 4191 :
592 4137 762 4208 Turpe
781 4148 849 4190 est
878 4137 1010 4191 enim
1039 4136 1335 4191 mulieribus
1358 4136 1411 4189 in
1436 4136 1646 4190 ecclesia
1668 4136 1826 4205 loqui.
1856 4134 1998 4203 Qua-

423 4230 522 4285 re?
567 4230 700 4297 Quia
735 4229 823 4282 lex
852 4228 969 4283 illas
1013 4228 1263 4298 subjecit.
1297 4228 1361 4281 Et
1384 4242 1567 4281 rursus
1595 4226 1717 4280 alibi
1754 4245 1768 4280 :
1797 4226 1998 4292 Siquid

423 4335 591 4377 autem
644 4321 838 4376 discere
887 4321 1096 4386 volunt,
1143 4320 1280 4374 domi
1335 4320 1467 4373 viros
1519 4336 1637 4373 suos
1694 4319 1999 4386 interrogent

428 4417 527 4488 (1.
579 4414 696 4469 (.‘or.
756 4415 842 4469 14.
888 4414 957 4468 ’55
989 4411 1030 4483 ).
1078 4412 1227 4467 Tunc
1289 4411 1503 4482 quidem
1575 4410 1825 4465 mulieres
1876 4410 2001 4465 huic

426 4516 695 4575 prmcepto
752 4514 1030 4575 parentes,
1087 4504 1331 4559 tacebant
1373 4522 1386 4558 :
1435 4518 1574 4557 nunc
1609 4511 1805 4556 autem
1858 4501 1999 4572 apud

428 4597 547 4650 illas
573 4604 657 4651 est
691 4596 879 4665 ingens
926 4595 1202 4663 tumultus,
1252 4594 1457 4648 multus
1483 4594 1705 4656 clamor,
1736 4592 2001 4661 colloquia

431 4690 679 4759 plurima,
726 4703 984 4757 nusquam
1032 4696 1176 4741 tanta
1225 4695 1422 4756 quanta
1467 4684 1555 4739 hic
1592 4702 1606 4738 :
1651 4698 1838 4739 omnes
1882 4684 2001 4737 illas

427 4781 793 4849 colloquentes
823 4778 1037 4841 videris,
1064 4786 1262 4847 quanta
1293 4791 1465 4846 neque
1491 4778 1542 4829 in
1576 4777 1712 4840 foro,
1743 4791 1917 4845 neque
1946 4775 2000 4829 in

434 4872 659 4928 balneis.
712 4872 791 4925 Ac
841 4870 886 4924 si
927 4871 1069 4925 enim
1102 4869 1191 4923 illa
1221 4870 1332 4939 ipsa
1374 4868 1442 4923 de
1472 4883 1631 4921 caiisa
1670 4867 1773 4922 huc
1822 4867 2004 4921 venis-

430 4973 570 5029 sent,
602 4969 657 5015 ut
684 4961 948 5015 licentiam
980 4960 1235 5013 habentes
1259 5001 1273 5023 ,
1305 4960 1375 5012 ita
1400 4959 1467 5013 de
1507 4959 1778 5013 inutilibus
1818 4972 2007 5011 omnes

435 5055 833 5123 colloquuntur.
889 5051 1090 5106 Idcirco
1133 5050 1308 5103 omnia
1337 5065 1429 5103 sus
1457 5049 1629 5119 deque
1658 5064 1809 5104 versa
1841 5057 1965 5103 sunt
1990 5065 2004 5102 :

437 5160 613 5216 neque
640 5143 895 5214 cogitant,
927 5158 985 5196 se
1015 5157 1115 5196 nec
1142 5156 1298 5210 posse
1330 5142 1455 5194 utile
1482 5141 1767 5211 quidquam
1798 5140 2006 5195 edisce-

438 5254 498 5292 re
534 5278 547 5302 ,
575 5236 675 5291 nisi
706 5235 1005 5304 quiescant.
1057 5234 1187 5288 Cum
1216 5232 1357 5287 enim
1387 5233 1453 5285 ad
1484 5232 1808 5301 loquendum
1840 5233 2009 5302 parati

442 5344 650 5393 sumus,
681 5337 732 5382 et
764 5341 921 5381 nemo
946 5325 1105 5380 dictis
1132 5324 1377 5389 attendit,
1403 5324 1530 5391 quid
1558 5324 1801 5378 utilitatis
1820 5327 1844 5378 ἲ
1862 5326 2009 5379 Adeo

441 5421 608 5488 illam,
635 5418 826 5487 inquit,
865 5425 1079 5489 oportet
1110 5415 1324 5470 silentio
1354 5414 1604 5483 studere,
1633 5424 1691 5468 ut
1715 5431 1819 5469 non
1850 5415 2012 5469 modo

434 5513 502 5568 de
527 5512 873 5567 szecularibus
894 5551 909 5576 ,
951 5508 1045 5565 sed
1078 5522 1248 5578 neque
1277 5506 1345 5561 de
1374 5507 1739 5576 spiritualibus
1768 5509 1819 5561 in
1839 5508 2013 5562 eccle—

434 5605 513 5660 sia
540 5605 805 5675 loquatur.
852 5602 965 5657 lloc
1005 5609 1380 5656 ornamentum
1406 5600 1523 5668 ejus
1565 5609 1684 5665 est,
1718 5598 1834 5654 haec
1860 5615 2013 5654 vere-

436 5695 628 5751 cundia
655 5694 823 5764 magis
850 5693 993 5750 illam
1022 5708 1212 5749 ornare
1234 5693 1447 5763 poterit,
1476 5707 1635 5763 quam
1659 5694 1971 5751 vestimenta
1995 5712 2007 5748 :

2088 2756 2131 2811 si
2163 2761 2232 2816 ita
2276 2777 2336 2818 se
2381 2761 2549 2833 ipsam
2599 2762 2895 2831 contineat,
2944 2765 3134 2833 poterit
3169 2762 3331 2819 etiam
3373 2771 3660 2821 admodum

2088 2851 2342 2908 decenter
2364 2854 2634 2910 orationes
2656 2854 2899 2910 fundere.
2934 2854 3140 2909 Mulieri
3168 2866 3337 2910 autem
3358 2858 3535 2912 docere
3562 2876 3663 2911 non

2091 2944 2346 3012 permitto,
2397 2945 2585 3015 inquit.
2611 2946 2865 3014 Qumnam
2894 2947 2980 3002 hic
3003 2947 3229 3003 habetur
3255 2951 3665 3019 consequentia?

2090 3033 2272 3089 Multa.
2323 3036 2397 3091 De
2441 3037 2655 3092 silentio
2696 3038 2947 3107 loquutus
3004 3048 3122 3105 est,
3158 3039 3225 3094 de
3256 3040 3558 3107 honestate,
3595 3042 3669 3097 de

2096 3128 2465 3183 verecundia:
2500 3129 2654 3196 dixit,
2685 3129 2805 3184 Illas
2855 3130 2998 3200 loqui
3042 3131 3187 3187 nolo.
3243 3131 3469 3187 Omnem
3508 3135 3667 3203 igitur
3756 3192 3765 3203 ,

2095 3219 2203 3274 illis
2247 3220 2487 3276 adimere
2530 3222 2718 3276 volens
2763 3222 3013 3291 loquendi
3060 3225 3423 3291 occasionem,
3465 3224 3540 3280 Ne
3566 3226 3665 3279 do—

2094 3320 2284 3374 ceant,
2313 3313 2518 3382 inquit,
2554 3314 2649 3367 sed
2678 3314 2997 3368 discentium
3032 3315 3275 3369 ordinem
3306 3327 3522 3371 servent
3556 3337 3567 3370 :
3597 3320 3667 3372 ita

2097 3403 2238 3457 enim
2268 3418 2362 3472 per
2404 3404 2678 3459 silentium
2725 3405 3114 3473 subjectionem
3159 3408 3414 3462 ostendit.
3455 3408 3671 3477 Loquax

2096 3493 2237 3546 enim
2277 3501 2361 3547 est
2400 3492 2486 3548 hic
2510 3508 2714 3548 sexus:
2743 3494 2863 3549 ideo
2895 3494 3129 3564 undique
3156 3496 3302 3549 illum
3344 3499 3670 3567 comprimit.

2098 3581 2264 3635 Adam
2290 3583 2455 3649 enim,
2487 3583 2682 3654 inquit,
2713 3585 2908 3655 primus
2939 3588 3186 3656 formatus
3208 3595 3298 3651 est,
3329 3586 3508 3641 deinde
3527 3586 3634 3641 Eva
3654 3605 3672 3642 :

2100 3684 2145 3726 et
2166 3673 2330 3726 Adam
2352 3692 2450 3728 non
2474 3685 2545 3729 est
2567 3676 2819 3740 seductus,
2847 3678 3028 3730 mulier
3053 3688 3219 3732 autem
3238 3680 3443 3733 seducta
3467 3681 3518 3733 in
3544 3698 3675 3745 pm-

2100 3768 2401 3821 varicatione
2430 3769 2545 3838 fuit.
2592 3768 2729 3836 Quid
2778 3770 2935 3838 igitur
2972 3769 3089 3824 haec
3129 3771 3194 3824 ad
3222 3773 3387 3825 nostri
3420 3775 3676 3842 temporis

2102 3858 2386 3912 mulieres?
2414 3858 2724 3921 Plurimum,
2755 3860 2956 3930 inquit:
2994 3862 3263 3915 hominum
3286 3877 3451 3931 genus
3478 3864 3677 3931 majore

2102 3948 2300 4016 potitus
2346 3958 2429 4003 est
2467 3948 2699 4015 honore;
2746 3953 2971 4019 primum
2998 3950 3257 4006 formatus
3286 3963 3369 4007 est
3396 3954 3492 4008 vir.
3534 3956 3673 4009 Alibi

2100 4054 2312 4109 quoque
2359 4041 2615 4109 majorem
2663 4056 2785 4097 esse
2832 4043 3101 4105 ostendit,
3149 4044 3220 4097 ita
3248 4043 3433 4099 dicens
3462 4063 3474 4097 :
3503 4044 3681 4115 Neque

2102 4131 2234 4183 enim
2260 4142 2465 4200 prapter
2488 4133 2745 4187 mulierem
2768 4133 2935 4203 factus
2964 4145 3035 4188 est
3064 4137 3139 4189 vir
3158 4176 3174 4202 ,
3218 4137 3307 4191 sed
3347 4139 3526 4192 mulier
3559 4155 3681 4205 pro-

2102 4231 2212 4293 pter
2236 4224 2396 4277 virum
2424 4224 2498 4294 (1.
2532 4225 2649 4281 Cor.
2684 4227 2771 4280 11.
2798 4226 2879 4297 9).
2912 4228 3017 4282 Cur
3058 4238 3238 4283 autem
3279 4229 3379 4285 hoc
3407 4230 3579 4285 dicit?
3616 4231 3680 4287 Ut

2104 4331 2170 4370 ex
2199 4316 2379 4371 multis
2407 4320 2690 4387 primatum
2721 4319 2835 4373 viro
2862 4320 3077 4374 tribuat.
3112 4320 3297 4375 Primo
3316 4321 3530 4390 quidem
3559 4322 3683 4378 hinc

2106 4407 2390 4477 primatum
2415 4409 2628 4474 habeat,
2663 4409 2871 4479 inquit;
2904 4411 3142 4466 secundo
3169 4411 3240 4466 ab
3268 4413 3335 4467 iis
3375 4428 3497 4483 quae
3534 4424 3681 4482 geSta

2105 4511 2248 4554 sunt.
2273 4500 2461 4555 Docuit
2485 4501 2573 4556 illa
2596 4501 2881 4570 aliquando
2908 4503 3101 4569 virum,
3125 4514 3179 4560 et
3202 4507 3378 4560 omnia
3400 4506 3687 4571 subvertit,

2106 4599 2263 4660 atque
2294 4590 2441 4644 illum
2493 4591 2866 4645 inobedientize
2896 4592 3020 4647 fecit
3049 4593 3356 4649 obnoxium.
3382 4595 3518 4651 .ldeo
3542 4596 3680 4649 illam

2108 4682 2341 4737 subdidit
2361 4682 2521 4748 Deus,
2543 4684 2663 4753 quia
2688 4684 2934 4753 imperio,
2965 4685 3073 4738 imo
3098 4687 3271 4755 potius
3294 4688 3519 4756 puritate
3548 4688 3686 4742 male

2108 4788 2202 4828 usa
2232 4782 2356 4828 est:
2388 4773 2465 4828 Ad
2493 4775 2655 4827 virum
2698 4787 2858 4841 tuum,
2892 4775 3081 4845 inquit,
3114 4778 3369 4830 conversio
3394 4788 3482 4831 tua
3534 4776 3683 4847 (Gen.

2110 4869 2162 4923 5.
2193 4868 2304 4938 lli).
2334 4868 2501 4922 Antea
2522 4876 2697 4922 autem
2722 4867 2826 4927 hoc
2848 4867 3047 4923 dictum
3072 4885 3175 4923 non
3202 4870 3391 4924 fuerat.
3410 4871 3690 4938 Quomodo

2111 4960 2281 5015 Adam
2315 4975 2419 5014 non
2445 4971 2527 5014 est
2555 4958 2840 5015 seductus?
2883 4976 3012 5030 ergo
3053 4962 3366 5016 inohediens
3403 4978 3510 5016 non
3555 4963 3685 5027 fuit,

2113 5051 2373 5120 siquidem
2403 5051 2653 5106 seductus
2698 5066 2801 5105 non
2849 5060 2950 5106 est.
3001 5052 3233 5107 Attende
3261 5053 3545 5123 diligenter
3575 5074 3587 5108 :
3615 5058 3690 5109 ait

2113 5143 2324 5206 mulier,
2358 5142 2576 5212 Serpens
2606 5143 2796 5212 decepit
2819 5159 2895 5195 me
2929 5141 3099 5212 (Ibid.
3128 5144 3181 5197 5.
3212 5143 3303 5214 18)
3328 5162 3341 5198 :
3369 5144 3536 5198 Adam
3566 5161 3693 5199 vero

2115 5248 2222 5287 non
2253 5232 2407 5295 dixit,
2455 5230 2643 5285 Mulier
2670 5233 2883 5287 seduxit
2912 5248 3017 5297 me,
3044 5232 3161 5299 sed,
3192 5232 3281 5287 Illa
3306 5233 3439 5287 Mihi
3460 5235 3618 5299 dedit,
3647 5245 3694 5288 et

2116 5322 2329 5377 comedi.
2380 5321 2481 5375 Par
2522 5332 2701 5375 autem
2745 5338 2833 5377 res
2882 5340 2987 5376 non
3018 5334 3099 5377 est
3138 5341 3169 5378 a
3204 5324 3490 5379 contribuli
3519 5337 3571 5381 et
3597 5342 3691 5379 co—

2117 5423 2276 5485 gnata
2301 5414 2472 5483 decipi
2501 5423 2607 5469 eta
2640 5414 2831 5479 bestia,
2873 5430 2992 5484 quae
3034 5415 3243 5469 subdita
3294 5425 3411 5471 erat
3450 5417 3689 5470 homini:

2118 5506 2249 5561 illud
2296 5506 2456 5576 igitur
2512 5521 2637 5559 vere
2684 5506 2927 5559 seductio
2964 5515 3068 5560 est.
3112 5506 3194 5559 Ad
3237 5509 3691 5576 comparationem

2118 5615 2247 5667 ergo
2292 5599 2532 5653 mulieris
2576 5599 2703 5652 dicit
2731 5614 2851 5651 eum
2884 5597 3160 5653 seductum
3203 5615 3309 5653 non
3354 5601 3535 5663 fuisse,
3569 5601 3694 5667 quia

2124 5693 2213 5749 illa
2244 5708 2273 5747 a
2301 5693 2511 5747 subdito
2559 5702 2611 5746 et
2650 5692 2912 5759 subjecto,
2947 5690 3031 5746 hic
3062 5702 3239 5746 autem
3279 5710 3306 5746 a
3337 5692 3503 5749 libera
3532 5692 3692 5748 dccc-
