4090 6396
305 329 409 387 545

303 446 384 517 τῷ
406 444 507 517 τὴν
531 444 769 499 διάνοιαν
804 444 990 509 εἰδότι,
1027 444 1146 515 μεθ’
1177 439 1245 516 ἧς
1269 444 1439 497 ταῦτα
1468 445 1674 507 ποιεῖς;
1726 442 1868 494 Ἀλλ·

303 531 401 598 οὐχ
431 526 571 582 ὥστε
600 526 898 601 πορνεῦσαι
929 531 1136 594 ποιεῖς;
1184 527 1346 580 Ἀλλὰ
1372 527 1453 591 τίς
1486 526 1629 579 ὥστε
1662 525 1874 595 θαυμα-

309 613 503 681 σθῆναι
527 628 542 675 ;
573 611 668 664 ml
698 611 798 663 οὐκ
818 611 1049 681 αἰσχύνῃ
1070 651 1086 674 ,
1116 611 1238 664 οὐδέ
1264 610 1520 681 ἐρυθριᾷς
1546 611 1642 662 ἐπὶ
1663 608 1874 672 τούτοις

307 694 606 765 βουλομένη
647 692 1053 763 θαυμάζεσθαι;
1096 694 1234 746 Ἀλλ’
1264 693 1472 756 ἁπλῶς,
1502 694 1656 764 φησὶ,
1696 693 1867 745 ταῦτα

306 777 647 848 περίκειμαι,
678 776 798 829 οὐδὲ
827 778 918 829 ἐπὶ
955 776 1148 847 τούτῳ.
1184 773 1340 830 Οἶδεν
1382 780 1411 830 6
1444 778 1575 839 Θεὸς
1601 778 1636 831 ἃ.
1664 777 1877 849 φθέγγῃ

307 859 444 930 πρὸς
470 860 638 928 ἡμᾶς.
678 859 770 929 Μὴ
814 859 923 930 γὰρ
956 860 1079 926 ἐμοὶ
1116 859 1271 920 δίδως
1316 860 1505 927 λόγον;
1548 861 1773 930 Ἐκείνῳ
1799 861 1877 931 τῷ

308 941 674 1012 παρόντιστοῖς
702 944 1030 1012 γινομένοις,
1064 941 1158 995 καὶ
1187 941 1310 995 τότε
1339 942 1647 1007 ἐξετάξοντι
1676 942 1868 1006 ταῦτα,

310 1026 505 1094 ἐκείνῳ
537 1018 582 1091 ᾧ
616 1024 804 1093 γυμνά
865 1024 957 1077 καὶ
1014 1025 1487 1096 τετραχηλισμένα
1528 1028 1723 1080 πάντα.
1778 1028 1878 1080 Διά

307 1108 466 1162 τοῦτο
492 1108 587 1162 καὶ
613 1110 777 1177 ἡμεῖς
808 1108 980 1162 ταῦτα
1024 1107 1257 1179 λέγομεν
1282 1109 1397 1174 νῦν,
1441 1109 1530 1162 ἵνα
1580 1111 1725 1178 ὑμᾶς
1767 1111 1879 1162 τῶν

308 1190 547 1244 εὐθυνῶν
585 1189 813 1243 ἐκείνων
849 1191 926 1261 μὴ
977 1193 1294 1262 ποιήσωμεν
1338 1192 1575 1263 ἐνόχους.
1622 1193 1879 1264 Φοϐηθῶ-

314 1290 415 1343 μεν
447 1273 521 1343 μὴ
552 1274 648 1326 καὶ
674 1273 802 1343 ὑμῖν
825 1273 1081 1345 ὀνειδίσῃ,
1113 1273 1149 1326 ἃ
1176 1275 1264 1328 διὰ
1291 1273 1385 1327 τοῦ
1430 1277 1710 1346 προφήτου
1758 1276 1880 1337 ταῖς

324 1357 592 1409 Ἰουδαίων
618 1356 884 1424 γυναιξὶν,
921 1352 1152 1411 Ἦλθον
1200 1357 1459 1427 ὀφθῆναί
1488 1376 1588 1427 μοι
1626 1360 1878 1426 θρυπτό-

310 1455 487 1509 μεναι
512 1439 611 1491 καὶ
654 1437 780 1505 τοῖς
830 1440 1016 1493 ποσὶν
1044 1440 1165 1509 ἅμα
1205 1440 1539 1501 παίζουσαι.
1604 1441 1881 1505 Ἀνεδέξα-

316 1522 409 1575 σθε
444 1521 591 1593 [595]
627 1516 814 1589 ἀγῶνα
847 1525 1046 1593 μέγαν,
1086 1523 1215 1576 ἔνθα
1248 1524 1547 1595 ἀθλήσεως,
1575 1525 1635 1575 οὐ
1670 1525 1883 1577 καλλω-

316 1607 525 1677 πισμοῦ
557 1606 657 1669 δεῖ,
690 1605 978 1658 πυκτεύειν
1013 1606 1109 1670 δεῖ,
1146 1608 1206 1660 οὐ
1252 1607 1558 1676 βλακεύειν.
1594 1608 1705 1677 Οὐχ
1749 1609 1880 1677 ὁρᾷς

312 1692 440 1753 τοὺς
462 1688 853 1753 πυκτεύοντας,
891 1689 1019 1752 τοὺς
1067 1688 1393 1755 ἀθλοῦντας;
1452 1687 1561 1761 ἆρα
1621 1689 1880 1758 βαδίσεως

316 1774 500 1835 αὐτοῖς
534 1772 681 1840 μέλει
719 1774 816 1825 καὶ
851 1773 1129 1842 σχήματος
1154 1789 1169 1837 ;
1194 1774 1490 1843 Οὐδαμῶς
1542 1774 1677 1827 ἀλλά
1704 1774 1883 1828 ταῦτα

316 1857 493 1910 πάντα
525 1856 777 1924 ἀφέντες,
809 1857 1022 1926 ἱμάτιον
1063 1855 1226 1927 ἐλαίῳ
1265 1857 1551 1928 διάϐροχον
1586 1858 1883 1912 ἀναϐαλλό-

318 1958 490 2010 μενοι.
532 1940 669 2011 πρὸς
722 1939 780 1992 ἐν
822 1939 981 2010 μόνον
1029 1941 1220 2010 ὁρῶσι,
1278 1941 1341 1993 τὸ
1393 1942 1625 2013 πλῆξαι,
1678 1944 1772 1995 καὶ
1811 1942 1885 2013 μὴ

316 2026 607 2095 πληγῆναι.
636 2025 906 2095 Ἕστηκεν
933 2025 961 2077 6
994 2025 1241 2089 διάϐολος
1272 2024 1474 2096 τρίζων
1496 2027 1621 2089 τοὺς
1645 2026 1884 2089 ὀδόντας,

317 2109 583 2163 πάντοθέν
616 2127 675 2161 σε
708 2110 1028 2180 βουλόμενος
1057 2110 1305 2162 καθελεῖν
1326 2126 1340 2140 ’
1372 2108 1435 2162 σὺ
1464 2109 1520 2162 δὲ
1576 2110 1757 2180 μένεις
1784 2110 1890 2163 άπ-

316 2191 661 2263 ησχολημένη
694 2193 823 2263 περὶ
854 2193 946 2245 τὸν
978 2193 1180 2262 κόσμον
1212 2192 1400 2245 τοῦτον
1427 2192 1521 2244 τὸν
1556 2194 1883 2258 σατανικόν;

317 2275 485 2328 Οὐδὲν
515 2273 773 2343 βούλομαι
796 2275 973 2344 λέγειν
1001 2277 1126 2347 περὶ
1165 2276 1369 2345 φωνῆς,
1415 2275 1531 2339 πῶς
1561 2276 1755 2329 πολλαὶ
1793 2276 1889 2328 καὶ

317 2358 477 2411 τοῦτο
513 2360 911 2429 ἐπιτηδεύουσι,
976 2360 1105 2429 περὶ
1169 2359 1358 2429 μύρων
1426 2360 1521 2411 καὶ
1580 2361 1680 2429 τῆς
1720 2360 1890 2429 ἄλλης

321 2440 598 2511 βλακείας.
643 2441 742 2494 Διά
778 2442 954 2495 ταῦτα
1004 2441 1233 2508 γελῶσιν
1278 2442 1462 2512 ήμᾶςαι
1502 2443 1557 2495 αί
1602 2444 1884 2513 κοσμικαί.

321 2525 396 2578 Τὸ
425 2525 619 2597 σεμνὸν
665 2528 768 2593 τῆς
824 2526 1123 2596 παρθενίας
1170 2526 1488 2579 ἀπόλωλεν·
1536 2527 1713 2591 οὐδεὶς
1750 2530 1889 2599 τιμᾷ

322 2608 615 2679 παρθένον,
655 2611 731 2671 ὡς
756 2610 923 2681 τιμᾷν
951 2610 1085 2680 χρή·
1135 2610 1336 2675 ἐαυτὰς
1371 2609 1481 2681 γὰρ
1515 2609 1881 2681 ἀτιμάζεσθαι

385 2748 412 2777 ⁸
439 2748 629 2811 Legere
647 2746 786 2798 malit
814 2750 936 2811 ὑμᾶς
954 2747 1185 2799 Βυηωιιε.

1181 330 1249 387 ΙΝ
1289 329 1505 389 EPIST.
1549 330 1683 383 iAD
1722 326 2006 382 TIMOTH.
2049 324 2199 381 CAP.
2242 324 2307 380 ll.
2369 322 2602 379 IIOMIL.
2640 322 2729 376 IX.

1978 442 2363 510 πεποιήκασιν.
2394 438 2508 492 Οὐκ
2540 437 2670 502 ἔδει,
2704 435 2894 505 ὥσπερ
2920 434 2980 499 ἐξ
3022 432 3253 502 οὐρανοῦ
3297 449 3542 504 πάραγε·-

1975 523 2226 592 νομένας,
2250 522 2422 583 οὓτως
2451 516 2591 573 εἶναι
2622 519 3018 590 περιϐλέπτους
3042 520 3102 570 ἐν
3131 520 3199 588 τῇ
3239 517 3544 587 Ἐκκλησία

1974 605 2068 658 τοῦ
2099 605 2272 667 Θεοῦ;
2304 603 2399 656 νῦν
2429 604 2486 655 δὲ
2543 602 3059 672 καταπεφρόνηνται
3099 600 3167 652 δι’
3216 597 3436 660 ἐαυτάῖ,
3483 599 3543 649 οὐ

1974 690 2063 743 διά
2091 690 2189 751 τάς
2221 688 2555 758 φρονίμους.
2615 688 2781 738 Ὅταν
2814 684 2920 753 γὰρ
2966 684 3051 754 ίδῃ
3092 699 3174 747 σε,
3220 683 3318 751 τὴν
3358 683 3552 733 ἐσταυ-

1978 773 2231 844 ρωμένην
2265 768 2405 824 εἶναι
2435 770 2781 839 ὀφείλουσαν,
2815 771 2848 839 ή
2889 768 3061 838 ἄνδρα
3085 767 3284 836 ἔχουσα
3313 767 3406 817 καὶ
3434 783 3551 817 παι-

1976 856 2063 908 δία
2089 855 2183 908 καὶ
2205 854 2382 917 οἰκίας
2431 852 2773 924 προεστῶσα,
2825 850 3025 921 μᾶλλον
3089 849 3258 919 αὐτῆς
3304 848 3396 900 τὸν
3450 847 3546 900 κό-

1981 955 2116 1008 σμον
2162 936 2351 991 τοῦτον
2416 935 2737 997 διώκουσαν,
2807 934 2925 997 πῶς
2978 934 3040 986 οὐ
3083 929 3551 999 καταγελάσεται;

1977 1021 2094 1084 πῶς
2127 1021 2188 1073 οὐ
2220 1022 2661 1091 καταφρονήσει;
2703 1019 2867 1089 Ὁρᾷς
2899 1017 3096 1086 πόσηή
3134 1015 3373 1086 σπουδή;
3410 1015 3551 1081 πόση

1978 1106 2012 1173 ή
2046 1103 2243 1173 μελέτη
2266 1120 2280 1168 ;
2304 1103 2370 1156 δι’
2394 1103 2669 1165 εὐτελείας
2693 1103 2853 1172 νικᾷς
2897 1100 2997 1169 τὴν
3048 1099 3431 1169 κοσμουμένην
3484 1097 3553 1148 τὰ

1979 1186 2265 1256 πολυτελῆ,
2327 1187 2529 1257 μᾶλλον
2595 1186 2768 1255 αὐτῆς
2825 1182 3281 1251 καλλωπιζομένη
3332 1182 3432 1250 τῆς
3485 1180 3556 1233 τὰ

1978 1271 2180 1342 χρυσία
2207 1270 2618 1341 περικειμένης.
2656 1270 2724 1321 Ἀ
2754 1268 2956 1338 πρέπει
3008 1284 3090 1319 σοι
3111 1267 3171 1317 οὐ
3203 1263 3404 1335 ζητεῖς,
3430 1264 3466 1319 ἃ
3493 1264 3556 1317 οὐ

1983 1355 2188 1424 πρέπει
2217 1371 2319 1419 σοι,
2347 1354 2532 1406 ἐκεῖνα
2565 1351 2827 1423 μετέρχῃ,
2859 1350 2976 1403 δέον
3013 1366 3073 1401 σε
3094 1349 3162 1402 τὰ
3194 1347 3374 1416 ἀγαθά
3420 1348 3555 1418 ἔργα

1984 1436 2248 1507 μετιέναι.
2299 1438 2397 1489 Διά
2442 1435 2601 1489 τοῦτο
2660 1435 2769 1488 τῶν
2804 1433 3086 1504 κοσμικῶν
3134 1432 3451 1501 άτιμότεραι
3486 1433 3545 1483 αἱ

1982 1520 2237 1589 παρθένοι
2266 1536 2281 1551 ·
2322 1521 2383 1572 οὐ
2413 1519 2521 1589 γὰρ
2548 1518 2673 1583 ἄξια
2703 1520 2803 1587 τῆς
2830 1516 3126 1586 παρθενίας
3169 1516 3238 1568 τὰ
3270 1515 3408 1585 ἔργα
3439 1517 3560 1567 ἐπι-

1980 1603 2308 1656 δείκνυνται.
2335 1602 2519 1656 Ταῦτα
2540 1604 2844 1673 εἰρήκαμεν
2872 1601 2933 1651 οὐ
2960 1599 3096 1668 πρὸς
3120 1599 3327 1662 πάσας,
3356 1600 3561 1667 μᾶλλον

1981 1683 2039 1736 δὲ
2077 1682 2213 1751 πρὸς
2269 1683 2471 1747 πάσας,
2527 1682 2625 1744 τὰς
2686 1681 2784 1750 μὲν
2844 1678 3203 1744 ὑπευθύνους,
3238 1679 3322 1731 ἵνα
3349 1693 3561 1748 σωφρο-

1982 1765 2137 1829 νῶσι,
2161 1766 2257 1827 τάς
2271 1765 2339 1817 ’δὲ
2360 1764 2707 1827 ἀνευθύνους,
2732 1763 2819 1815 ἵνα
2839 1762 3054 1824 ἐκείνας
3089 1761 3492 1831 σωφρονίξωσιν
3509 1759 3557 1813 ι’.

1997 1849 2139 1902 Ἀλλ’
2174 1850 2338 1920 ὁρᾶτε
2370 1850 2515 1911 ὅπως
2545 1848 2619 1918 μὴ
2666 1848 2747 1910 είς
2781 1846 2942 1917 ἔργον
2978 1848 3011 1915 ὴ
3042 1845 3364 1915 ἐπιτίμησις
3406 1843 3557 1916 ἔλθῃ.

1986 1933 2061 1987 Οὐ
2092 1933 2199 2002 γὰρ
2227 1934 2314 1986 ἵνα
2341 1930 2695 2001 λυπήσωμεν,
2720 1931 2969 2000 είπομεν,
2997 1929 3222 1982 ἀλλ’ἵνα
3249 1925 3561 1998 διορθωσώ-

1992 2013 2150 2082 μεοα,
2183 2012 2271 2063 ἵνα
2303 2009 2710 2079 καυχησὼμεθα
2740 2011 2798 2061 ἐν
2828 2010 2978 2079 ὑμῖν.
3016 2008 3230 2060 Γένοιτο
3258 2007 3314 2059 δέ
3354 2007 3562 2069 πάντας

1990 2093 2138 2161 ἡμᾶς
2168 2090 2236 2142 τά
2275 2088 2354 2160 τῷ
2403 2087 2521 2158 Θεῴ
2572 2086 2835 2141 δοκοῦντα
2892 2088 3088 2152 ποιεῖν,
3136 2086 3232 2139 καὶ
3277 2088 3356 2148 είς
3404 2086 3564 2152 δόξαν

1990 2174 2154 2229 αὐτοῦ
2212 2173 2332 2245 ζῇν,
2399 2173 2540 2225 ὥστε
2612 2174 2705 2225 καὶ
2741 2172 2852 2224 τῶν
2896 2169 3323 2240 ἐπηγγελμένων
3380 2172 3565 2239 τυχεῖν

1995 2255 2241 2324 ἀγαθῶν,
2314 2255 2497 2325 χάριτι
2563 2258 2659 2306 καὶ
2737 2252 3121 2323 φιλανθρωπίᾳ
3202 2249 3296 2303 τοῦ
3358 2250 3564 2319 Κυρίου

1996 2339 2153 2411 ἡμῶν
2194 2338 2368 2409 Ἰησοῦ
2411 2338 2673 2408 Χριστοῦ,
2733 2337 2853 2407 μεθ’
2876 2332 2936 2389 οὗ
2984 2336 3063 2406 τῷ
3094 2335 3273 2404 Πατρὶ
3318 2334 3437 2403 ἅμα
3488 2334 3567 2403 τῷ

1994 2425 2135 2493 ἁγίῳ
2178 2422 2456 2492 Πνεύματι
2516 2421 2665 2486 δόξα,
2721 2422 2943 2492 κράτος,
2981 2420 3139 2490 τιμὴ,
3178 2418 3275 2473 νῦν
3310 2419 3404 2472 καὶ
3452 2420 3564 2483 ἀεὶ,

1996 2510 2090 2562 καὶ
2116 2509 2194 2570 είς
2220 2507 2345 2569 τοὺς
2376 2504 2578 2568 αἰῶνας
2607 2506 2717 2559 τῶν
2747 2504 2979 2558 αἰώνων.
3028 2504 3222 2574 Ἀμήν.

2052 2629 2081 2669 1⁵
2102 2629 2408 2690 ⁹Ἰναίέκείνας
2431 2629 2799 2690 σωφρονίζωσιν.
2816 2628 3000 2677 Horum
3024 2627 3132 2675 loco
3156 2628 3278 2690 hanc
3302 2627 3569 2674 leclinan

1996 2694 2044 2741 in
2071 2689 2290 2752 margine
2311 2691 2457 2738 atl'erl
2477 2688 2705 2753 Sa'viirius.
2720 2692 2795 2737 ἵνα
2819 2690 3045 2753 ῥυθμίζειν
3067 2689 3245 2743 ἐκείνας
3266 2691 3570 2751 παρασκευά-

1998 2771 2157 2817 σωμεν
2181 2753 2283 2809 ταῖς
2306 2752 2634 2815 καθημεριναῖς
2659 2752 2879 2813 ὁμιλίαις,
2900 2752 3000 2806 ταῖς
3031 2754 3381 2813 παραινέσεων.

1696 3089 1848 3162 [594]
1894 3092 2136 3145 OMIAIA
2170 3092 2245 3144 Θο.

328 3220 498 3288 Γυνὴ
536 3222 607 3275 ἐν
634 3222 865 3292 ἡσυχίᾳ
900 3225 1246 3292 μανθανέτω
1287 3227 1356 3280 ἑν
1383 3225 1552 3291 πάσῃ
1600 3224 1891 3292 ὑποταγῇ.

397 3291 663 3363 Ῑύναικίί
709 3293 777 3345 δὲ
832 3291 1144 3349 διδάσκειν
1186 3298 1308 3363 οὐκ
1368 3295 1692 3363 ἐπιτρέπω,
1755 3291 1897 3346 οὐδὲ

397 3362 705 3434 αὐθεντεῖν
731 3363 968 3431 ἀνδρὸς,
990 3366 1123 3419 ἀλλ’
1149 3362 1299 3434 εἶναι
1333 3368 1402 3419 ἐν
1434 3362 1684 3434 ἠσυχίᾳ.
1714 3364 1898 3434 Ἀδὰμ

398 3431 509 3499 γὰρ
555 3430 785 3497 πρῶτος
832 3430 1110 3501 ἐπλάσθη
1140 3476 1154 3499 ,
1202 3432 1328 3488 εἶτα
1364 3430 1525 3488 Εὔα·
1562 3430 1666 3487 ’καὶ
1717 3430 1897 3500 Ἀδὰμ

400 3502 855 3571 οὺκλὴπατῄθη,
892 3505 929 3570 ἡ
963 3504 1031 3555 δὲ
1067 3505 1220 3571 γυνὴ
1259 3504 1631 3568 ἁπατηθεῖσα
1692 3505 1762 3555 ἐν
1790 3518 1900 3554 πα-

392 3569 641 3637 ραϐάσει
664 3570 902 3639 γέγονε-⁸
930 3569 1263 3639 σωθήσεται
1300 3574 1367 3626 δὲ
1417 3574 1513 3626 διὰ
1548 3573 1657 3640 τῆς
1698 3589 1899 3625 τεκνο-

399 3642 768 3717 γονίας,-ἐὶιν
786 3643 1075 3717 μείνωσιν
1099 3645 1169 3717 ἐν
1195 3645 1396 3697 πίστει
1430 3644 1527 3697 καί
1562 3642 1763 3713 ἀγάπῃ
1799 3640 1899 3694 καὶ

398 3711 666 3779 ἁγιασμῷ
690 3711 841 3780 μετὰ
876 3715 1296 3782 σωφροσύνης.

400 3810 469 3865 α’,
496 3812 700 3883 Πολλὴν
733 3814 951 3866 ἁπαιτεί
974 3814 1071 3884 τὴν
1109 3815 1242 3868 αἰδὼ
1262 3816 1412 3887 παρὰ
1445 3815 1552 3868 τῶν
1582 3815 1852 3882 γυναικῶν
1873 3817 1902 3868 6

335 3897 602 3967 μακάριος
629 3896 859 3963 Παῦλος,
885 3898 1084 3969 πολλὴν
1106 3901 1202 3969 τὴν
1232 3900 1588 3969 κοσμιότητα.
1622 3899 1720 3951 Διά
1744 3897 1901 3951 τοῦτο

332 3982 393 4033 οὐ
430 3980 589 4050 μέχρι
616 3980 931 4049 σχημάτων,
965 3982 1026 4034 οὐ
1061 3982 1220 4053 μέχρι
1257 3982 1595 4051 καταστολῆς
1632 3982 1898 4051 πρόεισιν,

334 4062 468 4117 ἀλλὰ
499 4064 592 4115 καῖ⁹
625 4063 784 4133 μέχρι
815 4064 996 4134 φωνῆς
1019 4082 1032 4095 ·
1064 4067 1155 4117 καὶ
1194 4064 1246 4117 τί
1281 4082 1445 4135 φησι;
1474 4065 1642 4132 Γυνὴ
1667 4066 1736 4117 ἐν
1750 4066 1901 4131 ἠσυ-

338 4148 436 4215 χίᾳ
461 4145 828 4219 μανθανέτω.
878 4147 944 4200 Τί
980 4150 1096 4200 ἐστι
1136 4148 1329 4215 τοῦτο;
1370 4148 1521 4218 Μηδὲ
1559 4148 1898 4217 φθεγγέσθω,

336 4231 519 4301 φησὶν,
540 4232 597 4283 ἐν
619 4230 883 4300 ἐκκλησίᾳ
904 4231 1061 4301 γυνή·
1084 4232 1219 4303 ὅπερ
1251 4233 1345 4284 καὶ
1370 4234 1426 4285 ἐν
1446 4235 1513 4302 τῇ
1542 4233 1675 4303 πρὸς
1705 4234 1901 4300 Κοριν-

335 4309 483 4371 θίους
517 4307 799 4379 Ἐπιστολῇ
828 4310 1054 4379 γράφων
1089 4310 1577 4379 ἕλεγεν·Αὶσχρὸν
1601 4311 1710 4380 γάρ
1735 4312 1904 4364 ἐστιν

336 4391 611 4461 γυναιξίν
643 4392 713 4445 ἐν
759 4392 1060 4460 ἐκκλησίᾳ
1081 4393 1314 4448 λαλεῖν.
1352 4394 1416 4446 Τί
1443 4394 1643 4463 δήποτε
1670 4413 1685 4461 ;
1722 4396 1845 4446 Ὅτι
1874 4395 1903 4446 6

336 4474 498 4544 νόμος
520 4473 710 4539 αὐτὰς,
763 4476 950 4546 φησὶν,
1007 4477 1264 4541 ὑπέταξε.
1317 4478 1427 4530 Καὶ
1457 4477 1620 4531 πάλιν
1650 4477 1899 4548 ἑτέρωθι,

338 4560 408 4610 El
456 4557 524 4610 δέ
559 4575 612 4610 τι
660 4557 991 4625 μανθάνειν
1051 4560 1393 4623 ἐθέλουσιν,
1431 4561 1502 4613 ἐν
1549 4562 1693 4626 οἴκῳ
1761 4560 1905 4624 τοὺς

344 4642 532 4707 ἰδίους
554 4641 776 4710 ἄνδρας
802 4642 1288 4711 ἐπερωτάτωσαν.
1350 4643 1511 4696 Ἀλλά
1552 4646 1673 4697 τότε
1707 4645 1804 4713 μὲν
1846 4644 1903 4696 αῖ

338 4727 597 4793 γυναῖκες
662 4726 773 4777 ἀπὸ
818 4726 918 4795 τῆς
949 4724 1205 4795 τοιαύτης
1264 4725 1611 4789 διδασκαλίας
1670 4726 1900 4793 ἐσίγων·

338 4809 456 4861 νυνὶ
503 4807 559 4860 δὲ
617 4810 747 4876 παρ’
806 4810 997 4871 αὐταῖς
1058 4809 1223 4873 πολὺς
1289 4812 1316 4861 ὁ
1369 4809 1615 4880 θόρυϐος,
1670 4809 1840 4880 πολλὴ
1869 4810 1903 4880 ἡ

338 4890 587 4963 κραυγὴ,
618 4888 786 4962 πολλὴ
829 4893 863 4962 ἡ
918 4891 1171 4957 διάλεξις,
1221 4891 1454 4961 οὐδαμοῦ
1498 4891 1730 4962 ἀλλαχοῦ
1778 4910 1903 4945 τοσ-

336 4975 501 5045 αύτη,
556 4975 656 5045 ὅση
717 4974 986 5028 ἐνταῦθα’
1034 4976 1213 5035 πάσας
1253 4976 1640 5045 διαλεγομένας
1673 4975 1772 5029 ίδοι
1821 4994 1905 5039 τις

336 5060 425 5123 ἂν,
466 5060 566 5113 ὃσα
592 5056 716 5111 οὔτε
753 5058 811 5110 ἐν
840 5059 1037 5129 ἀγορᾷ,
1071 5057 1195 5111 οὔτε
1226 5060 1285 5110 ἐν
1334 5058 1657 5128 βαλανείοις.
1691 5058 1902 5129 Ὥσπερ

338 5144 447 5214 γὰρ
472 5142 540 5195 δι’
575 5141 710 5195 αὐτὸ
748 5140 908 5194 τοῦτο
945 5142 1403 5212 παραγινόμεναι,
1436 5142 1522 5194 ἵνα
1551 5142 1735 5195 ἄνεσιν
1765 5140 1902 5210 ἔχω-

340 5245 447 5290 σιν,
482 5225 623 5279 οὕτω
656 5226 783 5296 περὶ
811 5226 909 5295 τὴν
938 5225 1047 5277 τῶν
1076 5227 1348 5295 ἀνονήτων
1380 5226 1611 5290 διάλεξιν
1637 5226 1901 5295 ἠσχόλην-

337 5328 429 5363 ται
456 5308 686 5363 ἅπασαι.
714 5307 812 5360 Διά
841 5307 999 5362 τοῦτο
1030 5310 1206 5362 πάντα
1235 5308 1348 5362 ἀνω
1374 5311 1466 5362 καὶ
1500 5311 1650 5363 κάτω
1675 5310 1866 5377 γέγονε
1886 5326 1900 5339 ·

340 5393 435 5445 καὶ
475 5392 574 5444 οὐκ
612 5390 903 5453 ἐννοοῦσιν,
942 5391 1025 5443 ὅτι
1072 5392 1193 5445 οὐδὲ
1222 5392 1369 5445 ἐστιν
1410 5393 1584 5454 ἄλλως
1629 5391 1823 5462 μαθεῖν
1849 5410 1904 5445 τι

338 5478 447 5529 τῶν
474 5474 760 5545 χρησίμων
793 5474 867 5545 μὴ
910 5474 1311 5544 ήσυχαζούσας.
1348 5476 1516 5529 Ὅταν
1540 5476 1649 5545 γὰρ
1679 5476 1905 5546 ἐπείγη-

339 5577 429 5611 ται
463 5560 560 5629 μὲν
590 5558 722 5627 πρὸς
751 5558 846 5627 τὴν
884 5557 1117 5622 διάλεξιν
1142 5559 1170 5609 6
1211 5558 1387 5626 λόγος,
1424 5559 1613 5628 μηδεὶς
1641 5558 1699 5612 δὲ
1730 5577 1902 5631 προσο

343 5645 441 5712 έχῃ
487 5644 599 5705 τοῖς
645 5641 979 5711 λεγομένοις,
1016 5642 1068 5694 τί
1112 5641 1173 5693 τὸ
1215 5641 1444 5709 ὅφελος;
1482 5641 1749 5696 Τοσοῦτον
1794 5643 1903 5713 γὰρ

343 5723 512 5794 αὐτὴν
541 5724 771 5795 σιγηρὰν
820 5722 959 5778 εἶναι
1007 5724 1107 5789 δεῖ,
1140 5726 1326 5793 φησὶν,
1358 5727 1432 5790 ὡς
1481 5724 1556 5796 μὴ
1584 5722 1747 5798 μόνον
1776 5728 1903 5797 περὶ

2000 3224 2289 3295 βιωτικῶν,
2325 3224 2461 3277 ἀλλὰ
2499 3225 2634 3294 μηδὲ
2662 3224 2788 3294 περὶ
2820 3225 3207 3293 πνευματικῶν
3238 3226 3570 3294 φθέγγεσθαι

1998 3312 2055 3359 ἐν
2118 3310 2403 3379 ἐκκλησία.
2466 3310 2639 3361 Τοῦτο
2696 3310 2918 3378 κόσμος,
2972 3309 3130 3362 τοῦτο
3177 3310 3361 3374 αἰδὼς,
3416 3309 3573 3362 τοῦτο

2002 3392 2200 3460 μᾶλλον
2228 3395 2399 3461 αὐτὴν
2426 3392 2535 3445 τῶν
2562 3393 2794 3461 ἱματίων
2835 3392 3109 3461 κοσμῆσαι
3136 3393 3451 3463 δυνήσεται·
3505 3396 3573 3445 ἂν

2000 3472 2172 3535 οὕτως
2208 3477 2406 3545 ἑαυτὴν
2437 3475 2775 3545 περιστείλῃ.
2817 3474 3102 3543 δυνήσεται
3142 3476 3231 3528 καὶ
3264 3476 3400 3546 μετά
3441 3487 3571 3529 πο).-

2004 3555 2101 3623 λῆς
2127 3558 2228 3627 τῆς
2259 3559 2556 3626 εὐκοσμίας
2604 3558 2701 3617 τὰς
2756 3558 2920 3627 εὐχὰς
2972 3561 3263 3613 ποιεῖσθαι.
3317 3563 3569 3614 Γυναικὶ

2000 3640 2068 3693 δὲ
2094 3643 2203 3694 οὐκ
2232 3642 2521 3709 ἐπιτρέπω
2553 3641 2875 3696 διδάσκειν.
2916 3645 3033 3696 Οὐκ
3065 3644 3371 3710 ἐπιτρέπω,
3402 3645 3567 3711 φησί’

2002 3724 2160 3778 ποίαν
2185 3726 2417 3779 ἐνταῦθα
2446 3728 2603 3779 τοῦτο
2626 3727 2740 3795 ἔχει
2777 3728 2873 3795 τὴν
2899 3726 3251 3787 ἁκολουθίαν;
3299 3727 3404 3778 Καὶ
3436 3729 3564 3778 πολ-

2008 3810 2128 3880 λήν.
2186 3813 2322 3881 Περὶ
2375 3811 2601 3881 ἡσυχίας
2659 3812 2948 3879 διελέγετο,
3003 3810 3132 3880 περὶ
3188 3811 3569 3879 κοσμιότητος,

2003 3897 2133 3964 περὶ
2160 3896 2343 3959 αἰδοῦς
2365 3913 2379 3927 ·
2410 3894 2583 3959 εἶπεν,
2633 3896 2712 3948 ὅτι
2753 3895 2946 3947 Λαλεῖν
2982 3894 3153 3955 αὐτάς
3197 3894 3257 3945 οὐ
3289 3892 3569 3964 βούλομαι.

2004 3980 2277 4034 Πάντοθεν
2326 3982 2502 4033 τοίνυν
2556 3980 2877 4049 βουλόμενος
2926 3978 3104 4031 αὐτῶν
3149 3978 3442 4048 περικόψαι
3476 3977 3572 4048 τὴν

2004 4066 2259 4135 ἀφορμὴν
2301 4064 2401 4132 τῆς
2445 4064 2657 4126 λαλιᾶς,
2713 4063 2848 4133 μηδὲ
2905 4063 3328 4123 διδασκέτωσαν,
3384 4063 3569 4130 φησὶν,

2002 4148 2140 4201 ἀλλὰ
2190 4150 2289 4217 τὴν
2360 4147 2467 4200 τῶν
2528 4146 2981 4216 μαθητευομένων
3047 4145 3319 4214 ἐχέτωσαν
3384 4144 3566 4210 τάξιν·

2003 4228 2147 4284 οὕτω
2179 4232 2287 4301 γὰρ
2314 4231 2402 4283 διὰ
2434 4233 2534 4300 τῆς
2566 4230 2727 4298 σιγῆς
2753 4228 2848 4282 καὶ
2877 4229 2974 4299 τὴν
3011 4227 3288 4295 ὐποταγὴν
3315 4227 3566 4291 δείξουσι.

2003 4316 2179 4370 Λάλον
2218 4315 2327 4383 γάρ
2360 4332 2474 4376 πως
2510 4313 2569 4365 τὸ
2600 4313 2755 4381 γένος
2799 4314 2915 4365 ἐστί
2942 4330 2954 4343 ·
2984 4312 3071 4365 διὰ
3107 4312 3265 4363 τοῦτο
3308 4312 3573 4364 πάντοθεν

2007 4396 2178 4463 αὐτὴν
2234 4393 2611 4445 καταστέλλει.
2682 4391 2865 4459 Ἀδὰμ
2934 4392 3065 4461 γὰρ,
3122 4392 3274 4459 φησὶ,
3336 4390 3569 4459 πρῶτος

2010 4476 2306 4542 ἐπλάσθη,
2332 4476 2457 4528 εἶτα
2482 4476 2635 4529 Εὔα·
2655 4475 2752 4527 καὶ
2787 4474 2968 4541 Ἀδὰμ
2995 4476 3105 4527 οὐκ
3125 4474 3423 4541 ἠπατήθη,
3449 4476 3487 4541 ἡ
3506 4474 3572 4525 δὲ

2006 4559 2161 4628 γυνὴ
2210 4558 2585 4621 ἀπατηθεῖσα
2623 4559 2695 4611 ἐν
2736 4557 3069 4624 παραϐάσει
3120 4560 3345 4625 γέγονε.
3378 4557 3443 4608 Τί
3481 4553 3574 4609 οὖν

2005 4638 2180 4691 ταῦτα
2215 4638 2351 4707 πρὸς
2381 4638 2479 4698 τὰς
2512 4636 2637 4701 νῦν;
2673 4638 2801 4698 Ναὶ,
2838 4637 3003 4705 φησί·
3046 4636 3145 4706 τῆς
3176 4636 3420 4697 πλείονος
3468 4637 3573 4687 ἁπ-

2007 4723 2200 4775 έλαυσε
2232 4721 2403 4791 τιμῆς
2429 4721 2493 4773 τὸ
2519 4723 2629 4773 τῶν
2670 4720 2879 4789 ἀνδρῶν
2927 4719 3081 4787 γένος
3106 4737 3119 4749 ’
3152 4720 3368 4785 πρῶτον
3402 4720 3566 4772 ἐπλά-

1993 4806 2131 4875 ,σθη.
2160 4805 2315 4877 [595]
2366 4804 2629 4873 Ἀλλαχοῦ
2655 4804 2712 4856 δὲ
2737 4805 2830 4857 καὶ
2867 4804 2927 4856 τὸ
2964 4805 3145 4872 μεῖζον
3176 4802 3395 4867 ἔδειξεν,
3430 4802 3573 4856 οὕτω

2005 4889 2180 4957 λέγων
2205 4906 2220 4921 ·
2250 4890 2332 4941 Οὐ
2357 4888 2469 4956 γάρ
2484 4885 2762 4954 ἐπλάσθη
2788 4889 2821 4939 ὀ
2845 4886 3000 4953 ἀνὴρ
3024 4886 3120 4939 διὰ
3150 4884 3263 4951 τὴν
3294 4886 3568 4952 γυναῖκα,

2005 4973 2141 5027 ἀλλ’
2164 4973 2202 5038 ἡ
2231 4970 2387 5038 γυνὴ
2417 4971 2513 5023 διὰ
2560 4971 2667 5023 τὸν
2705 4969 2914 5037 ἄνδρα.
2952 4968 3016 5020 Τί
3063 4964 3154 5020 οὖν
3181 4967 3337 5020 τοῦτο
3386 4967 3569 5034 λέγεις

2006 5055 2344 5126 Πολλαχόθεν
2378 5055 2701 5124 βουλόμενος
2731 5054 2821 5107 τὸν
2856 5053 3023 5124 ἄνδρα
3045 5051 3371 5123 πρωτεύειν.
3411 5052 3571 5119 Πρῶ-

2006 5158 2097 5194 τον
2134 5139 2236 5209 μὲν
2275 5140 2384 5210 γὰρ
2418 5139 2524 5191 ἀπὸ
2551 5137 2754 5190 τούτων
2795 5137 2963 5207 ἐχέτω
3004 5139 3072 5189 τὰ
3108 5139 3371 5204 πρωτεῖα,
3415 5135 3570 5203 φησὶ,

2005 5225 2257 5292 δεύτερον
2289 5224 2346 5276 δὲ
2372 5222 2479 5275 ἀπὸ
2508 5221 2616 5273 τῶν
2648 5222 2745 5292 ἤδη
2788 5222 3111 5291 γενομένων,
3169 5216 3404 5281 Ἐδίδαξέ
3438 5235 3568 5269 ποτε

2006 5308 2097 5361 τὸν
2124 5307 2314 5377 ἄνδρα,
2342 5305 2436 5357 καὶ
2467 5304 2645 5357 πάντα
2672 5304 3027 5375 κατέστρεψε,
3055 5305 3150 5356 καὶ
3196 5306 3261 5371 τῇ
3313 5302 3566 5371 παρακοῇ

2006 5392 2308 5445 ὑπεύθυνον
2352 5389 2599 5458 ἐποίησε.
2650 5390 2747 5442 Διὰ
2804 5388 2962 5441 τοῦτο
3008 5388 3179 5456 αὐτὴν
3226 5384 3493 5449 ὑπέταξεν
3543 5386 3572 5436 6

2006 5476 2162 5539 Θεὸς,
2181 5473 2369 5543 ἐπειδὴ
2397 5475 2462 5543 τῇ
2501 5474 2665 5542 ἀρχῇ,
2695 5472 2894 5542 μᾶλλον
2923 5473 2979 5524 δὲ
3000 5475 3066 5541 τῇ
3094 5468 3355 5541 ὀμοτιμίᾳ
3382 5466 3571 5529 κακῶς

2006 5560 2299 5629 ἐχρήσατο.
2345 5557 2494 5624 Πρὸς
2538 5558 2644 5609 τὸν
2694 5556 2883 5622 ἄνδρα
2933 5571 3070 5619 σου,
3122 5556 3307 5624 φησιν,
3339 5553 3376 5618 ἡ
3426 5551 3571 5604 ἁπο-

2006 5640 2239 5709 στροςρή
2266 5656 2403 5695 σου.
2435 5643 2547 5711 Πρὸ
2575 5640 2632 5693 δὲ
2667 5639 2856 5692 τούτου
2887 5639 2987 5691 οὐκ
3021 5637 3206 5707 εἴρητο
3233 5636 3409 5690 τοῦτο.
3446 5636 3567 5699 Πῶς

2005 5723 2063 5777 δὲ
2104 5724 2273 5796 ’Δδάμ
2308 5724 2407 5777 οὐκ
2446 5723 2739 5796 ἠπατήθη;
2776 5723 2971 5777 οὐκοῦν
3002 5722 3062 5774 οὐ
3116 5723 3481 5793 παρήκουσεν,
3511 5722 3565 5775 εῖ
