4108 6312
199 461 430 472 -‘—"V-’
461 466 547 474 ψ
573 468 718 476 _——
747 470 828 476 —-—_
843 471 903 479 ..ς
921 472 964 480 ..ν
1019 472 1136 479 --.._._
1165 474 1170 479 ,
1189 474 1206 480 ,,
1245 473 1285 480 ο,
1554 477 1598 484 --
2037 478 2148 485 ____-
2166 479 2188 483 _
2278 480 2292 481 γ
2348 477 2424 482 .,,-
2451 477 2474 481 ,γ
2499 475 2526 480 -_
2547 475 2562 478 ,ν
2587 475 2671 480 ____,_
2693 473 2892 480 ._.____..__
2907 472 2963 478 .....
2996 470 3127 478 ...ρ-..Δρ
3149 467 3365 474 α-----·---‹

173 471 278 510 Ξ
298 504 418 514 αι’-.-
433 509 523 516 —_.
551 482 660 517 ,⁵η
716 486 739 520 Ι.«
754 485 878 521 ...ιΕ--Ι
1031 487 1187 524 ἓν,
1211 489 1370 527 Es...
1402 491 1874 530 I.l.—_---m..._l
2231 523 2247 528 _
2267 522 2282 527 _

1215 749 2393 934 PBXEFATIO

178 1246 402 1379 AD
491 1252 1276 1386 HOMILIAS
1361 1258 1490 1387 S.
1575 1256 2240 1394 JOANNIS
2327 1264 3467 1400 CHRYSOSTOMI

880 1702 984 1778 IN
1047 1697 1637 1792 EPISTOLAM
1709 1708 2013 1792 PAULI
2074 1711 2208 1786 AD
2269 1710 2796 1800 EPHESIOS,

261 2452 479 2512 iuriae.
515 2448 860 2512 selectiora
897 2450 1179 2513 doctoris
1212 2453 1414 2512 nostri
1456 2469 1524 2513 in
1568 2452 1885 2529 Epistolas
1921 2454 2095 2516 Pauli
2137 2459 2590 2520 commentaria
2623 2461 2875 2521 censeri
2911 2461 3148 2527 debent
3185 2461 3476 2530 Homilim

195 2573 260 2632 in
295 2573 663 2650 Epistolam
708 2572 782 2632 ad
833 2570 1184 2649 Ephesios;
1219 2582 1352 2632 tum
1384 2571 1538 2650 quia
1590 2573 1652 2633 in
1700 2572 1800 2634 his
1849 2590 1952 2634 res
1986 2575 2258 2637 uberius
2305 2578 2637 2657 expendit,
2671 2588 2732 2642 et
2771 2580 3044 2660 explicat
3078 2586 3476 2664 accuratius;

198 2709 338 2761 tum
384 2699 543 2779 quia
593 2699 791 2761 multa
840 2705 901 2759 et
942 2698 1295 2776 singularia
1340 2698 1576 2776 passim
1628 2697 1892 2770 indicat,
1939 2716 2084 2780 quae
2116 2701 2364 2776 possint
2394 2708 2502 2763 aut
2537 2703 2610 2762 ad
2652 2703 2897 2772 beatam
2929 2713 3038 2771 aut
3069 2706 3145 2767 ad
3179 2707 3478 2772 miseram

200 2823 398 2884 vitam
434 2839 565 2884 non
599 2837 823 2899 parum
855 2819 1082 2882 aﬂ'erre
1111 2819 1440 2882 momenti.
3079 2829 3081 2832 ’

285 2985 556 3046 Orditur
599 2993 814 3046 autem
861 2984 940 3046 ab
985 2983 1238 3062 Epheso
1282 2983 1464 3056 urbe,
1500 2999 1692 3062 quam
1748 2989 1818 3045 ut
1853 2984 2024 3046 Asim
2069 2984 2454 3061 metropolm
2491 2985 2791 3053 celebrat.
2825 2963 3175 3050 ‘Auxcrant
3209 2992 3480 3054 celebri-

204 3117 400 3172 tatem
439 3108 646 3185 primo
679 3109 739 3169 S.
775 3109 1055 3168 Joannes
1095 3107 1509 3184 evangelita,
1557 3105 1794 3168 deinde
1841 3105 2249 3180 Timotheus,
2282 3107 2396 3184 qui
2449 3107 2590 3168 istic
2629 3107 2818 3169 sedes
2866 3120 3236 3188 posuerant.
3286 3114 3475 3176 Fama

205 3246 326 3307 per
365 3229 584 3289 orbem
641 3236 784 3290 nota
817 3234 950 3289 erat
990 3226 1283 3306 Ephesus
1328 3243 1362 3290 a
1391 3227 1570 3288 cultu
1603 3227 1840 3303 Dianae,
1875 3244 2069 3306 quam
2118 3228 2460 3309 Ephesiam
2509 3229 2837 3305 vocabant,
2883 3238 3076 3313 atque
3123 3251 3157 3296 a
3195 3235 3483 3314 philoso-

206 3351 486 3429 phorum
530 3350 849 3429 plurimis,
891 3352 1006 3431 qui
1037 3351 1174 3413 illic
1221 3360 1610 3426 manserant,
1670 3370 1702 3413 a
1736 3354 2087 3430 Pythagora
2131 3350 2368 3424 Samio,
2412 3367 2448 3412 a
2483 3354 2886 3429 Parmenide,
2933 3357 3215 3431 Zenone,
3255 3359 3484 3422 Demo-

205 3474 374 3532 crito
410 3494 424 3531 :
457 3471 757 3550 additque
793 3470 1314 3550 Chrysostomus,
1348 3472 1556 3534 adhuc
1586 3489 1705 3534 suo
1743 3481 2031 3551 tempore
2069 3471 2490 3550 philosophos
2523 3474 2757 3553 Ephesi
2795 3477 3159 3540 considere.

293 3640 430 3698 Jam
463 3638 774 3717 quaeritur
803 3654 916 3716 pro
949 3654 1125 3699 more
1156 3636 1596 3698 Antiochimne
1627 3655 1704 3698 an
1741 3637 2294 3716 CbnstantinOpoli
2333 3637 2561 3699 habitae
2589 3637 2832 3703 fuerint
2869 3644 3213 3707 conciones
3239 3647 3303 3708 in
3337 3650 3485 3726 Epi-

207 3758 440 3821 stolam
474 3760 550 3820 ad
588 3759 923 3837 Ephesios.
960 3760 1282 3835 Optimum
1307 3759 1400 3820 Cl.
1429 3762 1503 3820 Υ.
1531 3759 1984 3823 Tillemontius
2013 3762 2252 3840 profert
2283 3771 2730 3843 argumentum
2757 3765 2834 3825 ad
2871 3767 3269 3843 probandum
3297 3772 3482 3834 hasce

212 3882 510 3943 homilias
543 3883 899 3945 Antiochia
934 3883 1132 3945 dictas
1180 3881 1429 3944 fuisse:
1468 3884 1618 3963 quia
1650 3900 1880 3963 nempe
1920 3887 1981 3948 in
2023 3888 2285 3950 homilia
2320 3889 2658 3952 undecima
2697 3893 3006 3960 acerrime
3039 3894 3369 3959 invehitur
3415 3900 3482 3962 in

209 4021 352 4078 eos,
385 4005 492 4083 qui
529 4004 874 4068 Ecclesiam
912 4006 980 4066 in
1010 4022 1134 4086 qua
1167 4006 1279 4067 ille
1306 4019 1460 4069 tunc
1492 4006 2016 4084 concionabatur,
2050 4009 2450 4086 scindebant,
2500 4013 2701 4092 inque
2742 4014 3030 4081 diversas
3073 4027 3283 4096 partes
3315 4020 3488 4082 divi-

209 4137 430 4186 serant
462 4132 522 4185 et
566 4125 844 4194 schisma
873 4128 1257 4204 eﬁ‘ecerant;
1292 4130 1354 4192 id
1385 4129 1562 4210 quod
1592 4129 1670 4192 de
1709 4130 1992 4198 Ecclesia
2023 4133 2727 4213 Constantinopolitana
2764 4137 3044 4218 intelligi
3078 4156 3204 4208 non
3251 4144 3476 4221 possit.

211 4249 466 4328 Hicque
505 4250 772 4314 omnino
803 4251 980 4330 loqui
1021 4252 1280 4313 videtur
1311 4253 1392 4313 de
1429 4252 1770 4315 schismate
1809 4257 2231 4319 Eustathiano
2268 4269 2418 4322 tunc
2469 4263 2833 4326 Antiochia;
2879 4263 3354 4344 perseverante,
3400 4275 3481 4331 de
3569 4224 3577 4231 ί

211 4386 350 4451 quo
376 4373 572 4435 multa
605 4373 891 4434 diximus
926 4374 989 4434 in
1025 4375 1270 4436 Monito
1309 4377 1383 4436 ad
1421 4376 1791 4452 Homiliam,
1827 4383 1914 4441 De
1942 4399 2070 4444 non
2102 4384 2708 4454 anathematizandis
2737 4388 2896 4450 vivis
2925 4397 3108 4468 atque
3138 4390 3476 4469 defunctis,

211 4512 363 4574 quae
393 4495 496 4558 hic
533 4495 816 4558 breviter
850 4499 1189 4576 repetenda
1211 4506 1385 4559 sunt.

294 4665 669 4727 Eustathius
693 4664 1038 4743 episcopus
1070 4661 1542 4737 Antiochenus,
1571 4661 1668 4722 vir
1703 4670 1960 4725 sanctus
1989 4672 2181 4742 atque
2205 4665 2579 4745 catholicus,
2601 4667 2882 4749 ideoque
2916 4672 3173 4735 Arianis
3200 4676 3476 4753 invisus,

209 4789 508 4868 ipsorum
546 4804 740 4868 Opera
769 4787 832 4850 in
879 4786 1186 4850 exsilium
1225 4792 1405 4848 actus
1437 4783 1584 4858 fuit,
1630 4800 1801 4846 anno
1842 4783 2098 4846 circiter
2125 4786 2266 4858 330,
2303 4786 2370 4848 in
2407 4789 2680 4870 ejusque
2710 4789 2924 4854 locum
2958 4796 3350 4859 substitutus
3383 4810 3479 4860 est

210 4916 562 4994 episcOpus
597 4915 901 4978 Arianus.
937 4912 1256 4990 Deinceps
1298 4928 1448 4974 vero
1481 4911 1703 4974 Ariani
1745 4910 2034 4990 episcopi
2075 4912 2294 4973 sedem
2327 4911 2701 4988 te‘huerunt,
2748 4913 3187 4982 Eustathianis
3222 4917 3478 4982 interim

210 5054 510 5100 seorsum
543 5035 843 5100 collectas
882 5034 1248 5116 agentibus,
1298 5034 1507 5097 donec
1565 5034 1786 5098 Ariani
1823 5037 2078 5099 tandem
2121 5036 2482 5111 Meletium,
2517 5055 2714 5116 quem
2753 5055 2889 5100 sum
2936 5047 3127 5102 sectae
3177 5046 3479 5120 putabant

207 5178 383 5233 esse,
425 5161 806 5240 episcopum
839 5160 1338 5223 constituerunt.
1372 5163 1452 5221 At
1484 5159 1596 5225 ubi
1632 5169 2028 5239 compertum
2067 5158 2192 5222 fuit
2231 5159 2566 5225 Meletium
2597 5166 2660 5221 et
2703 5160 3103 5231 Catholicum
3131 5167 3193 5224 et
3219 5163 3478 5225 Arianis

210 5285 526 5361 infestum
578 5300 746 5358 esse,
778 5283 845 5346 in
899 5285 1206 5347 exsilium
1258 5283 1449 5362 pulso
1491 5282 1780 5358 Meletio,
1818 5281 2136 5349 Euzoium
2191 5281 2500 5344 Arianum
2549 5282 2925 5361 episcopum
2977 5283 3475 5349 constituerunt.

208 5413 399 5471 Tunc
433 5415 561 5470 tres
599 5407 666 5469 in
704 5415 912 5501 partes
947 5408 1240 5471 distracta
1283 5407 1506 5470 civitas
1547 5407 1694 5470 fuit.
1741 5406 1953 5471 Prima
1990 5412 2122 5466 erat
2161 5405 2750 5478 Eustathianorum‘,
2781 5405 3066 5469 secunda
3100 5405 3480 5472 Meletiano-

208 5530 592 5605 rum,tertia
621 5529 1026 5594 Arianorum.
1062 5531 1219 5593 Cum
1249 5539 1463 5592 autem
1505 5528 1797 5607 postth
1829 5526 2084 5591 Lucifer
2122 5527 2541 5602 Calaritanus,
2577 5527 3071 5590 reclamantibus
3104 5527 3249 5620 licet
3287 5527 3482 5589 Atha-

206 5659 391 5724 nasio
424 5659 714 5738 aliisque
750 5658 1098 5737 θρὶεοορὶε,
1135 5660 1472 5720 Paulinum
1533 5659 2023 5722 Eustathianum
2056 5657 2436 5738 episcOpum
2478 5658 2863 5733 ordinasset,
2909 5668 3036 5720 tres
3075 5657 3266 5722 simul
3297 5654 3479 5719 fuere

208 5781 498 5867 episcoPi
539 5779 954 5859 Antiocheni,
987 5783 1312 5858 Meletius,
1349 5782 1658 5852 Paulinus
1703 5794 1763 5845 et
1807 5781 2107 5851 Euzoius.
2149 5781 2438 5862 Cumque
2476 5789 2694 5859 postea
2740 5779 3187 5852 deficientibus
3215 5777 3486 5851 Ariano-

538 5904 815 5973 Pnaot.
855 5904 971 5973 Gn.
1021 5905 1210 5976 LXII.
1528 5932 1532 5935 ·
3076 5892 3113 5962 1.
