4108 6312
726 352 756 408 7
2152 358 2542 414 ramento.

721 487 860 531 rmn
894 470 1203 547 partibus,
1243 472 1461 533 nullus
1506 473 1781 533 Arianus
1812 473 2154 551 episcoitus
2185 481 2377 545 esset,
2414 472 2710 533 Meletius
2749 479 2811 534 et
2843 473 3173 546 Paulinus,
3201 476 3483 554 epis<:0pi
3542 493 3857 548 mansere,
3891 497 3958 541 ac

721 606 1164 693 perseverante
1209 596 1573 671 schismate,
1631 598 1829 659 amba)
1881 604 2088 676 partes
2131 614 2202 658 se
2243 595 2426 664 rixis,
2473 595 2759 656 dicteriis
2809 602 2871 656 et
2922 595 3334 657 contumeliis
3386 597 3757 658 lacerabant.
3809 600 3958 660 Haec

719 717 885 777 haud
920 716 1111 778 dubie
1135 717 1433 797 deplorat
1473 719 1991 798 Chrysostomns,
2031 719 2191 779 hanc
2232 734 2347 778 ceu
2389 716 2811 777 calamitatem
2853 715 3141 776 omnium
3179 715 3537 788 maximam,
3571 714 3734 775 fusis
3763 717 3952 777 etiam

718 841 1014 921 lacrymis
1050 842 1485 922 prosequitur,
1519 852 1749 904 tantam
1787 841 1894 904 ille
1929 842 2250 903 miseriam
2285 838 2708 917 perhorrescit
2743 846 2810 900 ut
2841 848 3240 917 praesentem.
3274 839 3457 912 Quod
3494 849 3660 903 certe
3702 840 3960 903 nonnisi

717 963 796 1023 de
832 962 1227 1024 Antiocheua
1262 963 1541 1025 Ecclesia
1577 962 1851 1040 intelligi
1892 970 2121 1040 potest.

798 1149 988 1211 Aliud
1019 1150 1205 1210 etiam
1233 1168 1347 1213 nec
1381 1152 1518 1213 leve
1554 1151 1865 1213 indicium
1899 1159 2015 1224 est,
2039 1168 2167 1230 quo
2201 1152 2505 1231 probetur
2534 1152 2886 1213 Antiochia)
2917 1135 3157 1211 habitas
3187 1152 3486 1214 homilias
3517 1150 3757 1221 fuisse;
3787 1151 3957 1228 quoi

717 1271 1018 1334 videlicet
1051 1273 1390 1336 monachos
1437 1273 1500 1334 in
1536 1272 1861 1335 montibus
1908 1290 2197 1352 asperam
2246 1284 2654 1354 sanctamque
2701 1276 2889 1334 vitam
2928 1280 3189 1350 agentes
3230 1273 3469 1351 passim
3503 1272 3749 1341 laudet;
3783 1271 3951 1349 quod

718 1396 782 1454 iu
819 1394 1539 1473 ConstantinOpolitanis
1580 1395 1866 1457 homtliis
1900 1398 2005 1457 vix
2037 1397 2516 1476 deprehendas;
2566 1395 2697 1457 imo
2726 1412 2878 1457 vero
2909 1394 3254 1456 monachos
3289 1392 3841 1470 Constantinopoli
3875 1390 3964 1453 vi-

718 1515 897 1579 cinos
945 1534 1110 1595 sazpe
1146 1519 1553 1599 graviterque
1584 1519 1955 1592 insectatur,
1991 1510 2210 1597 utpote
2243 1520 2354 1598 qui
2390 1535 2425 1579 a
2457 1517 2663 1594 prisco
2699 1517 2841 1578 vitae
2882 1515 3177 1577 instituto
3218 1530 3346 1576 non
3378 1531 3615 1593 parum
3664 1511 3964 1574 deﬂexis-

718 1646 892 1713 sent;
922 1639 986 1701 in
1021 1640 1248 1701 vicinis
1280 1647 1491 1702 autem
1525 1640 2078 1719 ConstantinOpoli
2114 1640 2464 1715 montibus,
2498 1639 2554 1701 si
2583 1640 2745 1702 bene
2772 1639 3061 1713 memini,
3095 1639 3436 1701 monachos
3467 1655 3610 1699 esse
3644 1652 3961 1715 nusquam

717 1762 894 1826 dicit.
927 1761 1045 1823 Hic
1071 1778 1221 1824 vero
1255 1761 1492 1841 passim
1529 1760 1677 1822 illos
1711 1760 2022 1823 encomiis
2046 1759 2349 1834 celebrat,
2375 1770 2434 1822 et
2473 1761 2753 1822 Homilia
2793 1761 3102 1839 vigesima
3139 1754 3336 1838 prima
3368 1760 3698 1821 lulianum
3738 1773 3964 1836 quem-

715 1884 860 1944 dam
901 1882 1336 1975 admirandum
1381 1893 1683 1948 memorat
1714 1887 2116 1958 monachum,
2150 1884 2265 1964 qui
2309 1898 2453 1947 cum
2489 1881 2555 1942 in
2600 1879 2887 1942 civitates
2933 1880 3401 1959 ingrederetur,
3440 1880 3500 1941 id
3543 1880 3712 1959 quod
3752 1894 3962 1957 perra-

722 2021 863 2066 rum
895 2012 1049 2078 erat,
1088 2005 1253 2067 miro
1285 1990 1575 2067 omnium
1597 2022 1916 2067 concursu
1943 2012 2002 2066 et
2037 2004 2252 2083 populi
2286 2001 2651 2086 frequentia
2676 2003 3136 2081 excipiebatur.

800 2192 1349 2255 Antiochenorum
1388 2209 1595 2254 mores
1632 2208 1858 2269 pravos
1883 2207 2049 2269 suape
2087 2188 2456 2279 insectatur,
2493 2197 2561 2250 ut
2604 2198 2663 2249 et
2708 2188 2857 2250 alibi
2905 2188 3139 2266 passim
3192 2189 3495 2260 vidimus,
3538 2188 3642 2247 illa
3683 2186 3961 2252 maxime

721 2282 867 2398 quas
890 2315 969 2376 ab
1001 2313 1274 2377 ethnicis
1302 2321 1364 2375 .et
1404 2310 1758 2374 idololatris
1792 2317 2263 2389 promanarant,
2296 2318 2363 2370 ut
2392 2315 2596 2369 sortes
2629 2316 2691 2369 et
2726 2306 3213 2381 incantationes,
3247 2308 3368 2370 col.
3408 2307 3506 2381 ΑΒ,
3545 2307 3739 2370 fatum
3771 2313 3963 2375 etiam

723 2448 784 2499 ut
817 2434 1419 2514 metempsychosin,
1455 2433 1576 2494 col.
1610 2433 1728 2493 92:
1761 2431 2182 2512 dicebantque
2215 2419 2309 2491 illi
2345 2430 2555 2491 omnia
2587 2427 2759 2491 nulla
2789 2429 2925 2507 geri
2966 2431 3402 2506 providentia;
3434 2430 3543 2492 alii
3579 2450 3729 2493 vero
3760 2434 3963 2496 Deum

722 2573 865 2618 esse
898 2572 1127 2631 corpus
1158 2554 1418 2631 impune
1448 2552 1843 2613 asserebant.
1881 2554 1967 2613 lie
1991 2550 2317 2613 ominibus
2344 2556 2643 2611 autemet
2681 2549 3007 2629 prtesagiis
3038 2568 3182 2629 quae
3213 2551 3366 2614 dicit
3398 2552 3587 2631 digna
3619 2563 3787 2629 sunt,
3818 2574 3968 2637 quas

723 2676 827 2739 hic
850 2676 1239 2738 referantur:
1275 2674 1498 2736 Multis
1526 2646 2170 2751 teri'ot'ibus,\itiquit,
2192 2671 2381 2750 plena
2411 2679 2497 2729 est
2525 2688 2733 2729 eorum
2754 2672 2985 2731 animo.
3016 2670 3088 2731 Ut
3119 2680 3300 2749 puta,
3324 2672 3422 2734 hic
3453 2682 3563 2732 aut
3595 2672 3698 2734 ille
3718 2676 3965 2753 primus

722 2776 876 2860 mihi
907 2797 1187 2857 occurrit
1231 2796 1409 2856 domo
1456 2795 1734 2868 exeunti,
1770 2795 2015 2854 omnino
2061 2794 2421 2868 contingere
2466 2801 2711 2871 oportet
2753 2790 2917 2851 mala
2968 2791 3472 2852 innumerabilia.
3518 2795 3699 2857 Nunc
3745 2817 3965 2861 servus

725 2921 1145 2981 exsecrandus
1174 2918 1338 2981 dans.
1373 2920 1527 2981 mihi
1566 2919 1825 2990 calceos,
1856 2918 2131 2996 primum
2166 2915 2460 2993 porrexit
2482 2922 2726 2990 partem
2756 2899 3105 2985 sinistram,
3133 2930 3355 2991 graves
3389 2915 3831 2993 significantur
3855 2941 3965 2982 ea—

727 3041 1034 3102 lamitates
1069 3048 1125 3099 et
1170 3039 1578 3100 contumelia.
1617 3040 1746 3116 Ego
1783 3039 1920 3117 ipse
1947 3039 2189 3110 exiens,
2222 3036 2483 3096 sinistro
2528 3031 2742 3110 priori
2780 3035 3066 3119 processi
3097 3033 3252 3111 pede
3281 3055 3300 3094 :
3343 3035 3455 3097 hoc
3487 3056 3727 3119 quoque
3759 3055 3844 3103 est
3877 3045 3968 3107 si-

723 3177 911 3237 gnum
946 3157 1388 3218 calamitatum.
1440 3156 1520 3214 Et
1563 3156 1685 3215 ha-e
1710 3154 1951 3231 quidem
1993 3153 2161 3213 domi
2189 3152 2513 3212 simtmala
2536 3176 2556 3215 :
2581 3157 2756 3233 foras
2779 3166 2984 3215 autent
3019 3148 3287 3234 egresso,
3321 3157 3542 3221 dexter
3577 3162 3728 3224 mihi
3747 3165 3967 3226 oculus

726 3282 966 3359 inferne
1004 3278 1204 3338 salit:
1248 3279 1361 3341 hoc
1399 3289 1485 3339 est
1538 3277 1839 3339 indicium
1886 3278 2327 3369 lucri/marum.
2386 3278 2685 3338 Mulieres
2728 3295 2989 3357 quoque,
3034 3277 3280 3356 quando
3330 3291 3555 3343 sonant
3593 3264 3836 3356 calami,
3885 3285 3969 3348 ad

714 3393 996 3458 textura
1026 3408 1194 3458 recta
1222 3397 1391 3475 ligna
1422 3397 1618 3470 allisi,
1651 3398 1746 3457 vel
1780 3418 1913 3458 cum
1945 3400 2092 3477 ipsa?
2129 3403 2377 3478 pectine
2400 3396 2858 3467 diseriminant,
2893 3400 3006 3459 hoc
3035 3418 3154 3478 pro
3202 3402 3381 3480 signo
3423 3401 3671 3465 habent.
3724 3408 3968 3466 Rursus

725 3513 970 3593 quando
1005 3514 1357 3592 subtegmen
1388 3515 1639 3593 pectine
1670 3516 2059 3587 concutiunt,
2110 3525 2167 3575 et
2210 3501 2550 3597 id’faciunt
2588 3521 3031 3590 vehementius;
3078 3521 3304 3583 deinde
3355 3526 3467 3603 qui
3506 3537 3650 3586 sunt
3695 3547 3969 3607 superne

729 3637 954 3698 calami
991 3637 1062 3697 ob
1106 3637 1418 3696 intensum
1457 3638 1649 3696 ictum
1687 3635 1873 3696 edunt
1909 3639 2265 3716 strepitum,
2309 3640 2481 3701 allisi
2519 3639 2600 3700 ad
2641 3650 2881 3702 rectum
2920 3651 3261 3705 structura:
3294 3646 3556 3723 lignum,
3595 3651 3707 3710 hoc
3738 3653 3969 3715 habent

725 3776 844 3837 pro
888 3759 1067 3836 signo
1094 3777 1114 3816 :
1159 3764 1215 3816 et
1244 3754 1369 3817 alia
1394 3755 1876 3820 innumerabilia
1900 3756 2090 3835 digna
2132 3776 2265 3837 quae
2292 3760 2644 3825 rideantur.
2678 3764 2760 3825 Et
2807 3766 2865 3825 si
2897 3768 3115 3827 asinus
3156 3769 3623 3845 exc/amaverit,
3659 3784 3714 3832 et
3738 3775 3796 3835 si
3821 3777 3969 3852 gal-

730 3883 849 3955 lus,
885 3882 1022 3940 etsi
1064 3880 1199 3959 quis
1232 3880 1701 3952 sternutaverit,
1736 3890 1790 3939 et
1831 3881 2092 3959 quodvis
2123 3882 2320 3955 aliud,
2356 3893 2647 3963 tanquam
2677 3885 2874 3946 decies
2922 3888 3090 3949 mille
3127 3891 3323 3952 cincti
3363 3894 3655 3968 vinculis,
3690 3908 3758 3956 ut
3797 3896 3967 3972 dixi,

730 4003 1145 4083 tanquamqui
1184 4010 1513 4062 teneantur
1543 4003 1608 4061 in
1634 4001 1926 4078 tenebris,
1958 4006 2162 4066 omnia
2202 4007 2428 4069 habent
2470 4018 2786 4088 suspecta,
2821 4021 2876 4071 et
2922 4024 3068 4075 sunt
3108 4016 3302 4092 magis
3346 4019 3603 4079 seruiles
3649 4041 3829 4101 quam
3862 4027 3971 4085 in-

728 4145 985 4187 numera
1020 4124 1359 4202 manetpia.

737 4361 747 4369 .
804 4316 875 4375 ln
914 4312 1175 4373 homilia
1221 4322 1433 4374 autem
1480 4313 1815 4393 vigesima,
1864 4317 1971 4378 ubi
2022 4317 2101 4378 dc
2150 4316 2541 4380 instituenda
2593 4335 2789 4379 uxore
2833 4318 3029 4380 multa
3076 4318 3313 4397 profert
3363 4326 3655 4402 [inmolare
3701 4335 3759 4386 et
3802 4326 3970 4390 lectu

728 4435 1129 4514 dignissima,
1165 4436 1388 4499 luxum
1426 4449 1485 4499 et
1516 4437 1744 4500 fastum
1775 4440 2322 4503 Antiochenorum
2354 4439 2764 4502 vehementer
2798 4440 3171 4517 insectatur,
3208 4461 3482 4522 quorum
3523 4446 3782 4522 plurimi
3825 4451 3975 4517 licet

731 4560 975 4621 vilioris
1012 4559 1201 4622 sortis
1233 4561 1552 4634 homines,
1585 4564 1696 4642 qui
1741 4579 1996 4642 magnas
2028 4564 2149 4625 sibi
2198 4570 2573 4642 paraverant
2610 4560 2961 4637 facultates,
2996 4581 3151 4626 auro
3201 4567 3419 4627 onusti
3468 4585 3612 4629 cum
3658 4574 3975 4637 uxoribus

729 4681 1089 4762 prodibant,
1123 4681 1190 4743 in
1232 4696 1425 4744 curru
1461 4683 1653 4745 mulis
1682 4683 1844 4745 albis
1869 4688 2117 4763 juncto,
2142 4684 2443 4763 gregibus
2474 4684 2860 4749 famulorum
2892 4693 2954 4748 et
2985 4688 3349 4777 agminibus
3381 4672 3824 4755 cunuchorum
3858 4700 3980 4758 sti-

705 4803 881 4880 pati.
922 4805 1084 4864 Tum
1117 4804 1424 4866 acerrime
1458 4804 1784 4866 invehitur
1817 4806 1879 4866 in
1915 4820 2023 4866 eos
2047 4805 2159 4883 qui
2181 4805 2500 4882 nuptiales
2531 4806 2928 4869 caarimonias
2958 4808 3336 4871 Christianis
3371 4810 3665 4889 indignas
3702 4815 3975 4877 induxe-

725 4933 902 4998 rant;
951 4924 1324 4986 saltationes
1368 4932 1429 4986 et
1480 4914 1783 5003 tripudia:
1834 4924 2193 5003 impudicas
2249 4925 2622 5000 cantilenas,
2676 4934 2739 4987 et
2785 4934 3010 4989 cratera
3073 4931 3367 5001 traducit,
3420 4949 3564 5010 qum
3620 4935 3974 5010 nuptialem

729 5055 938 5109 torum
1005 5048 1520 5111 dehonestarent.
1571 5049 1644 5109 In
1701 5064 1935 5109 uxores
1979 5062 2240 5128 quoque
2287 5047 2548 5112 illorum
2595 5067 2820 5129 aspere
2864 5051 3225 5126 invehitur,
3280 5073 3427 5134 qum
3480 5055 3858 5119 infamulas
3913 5070 3976 5121 et

727 5171 990 5234 ancillas
1029 5170 1116 5233 ita
1159 5171 1529 5241 saaviebant,
1568 5178 1638 5232 ut
1678 5170 1900 5250 ligatas
1932 5180 1992 5233 et
2034 5172 2302 5233 nudatas
2332 5188 2541 5235 coram
2585 5172 2825 5234 maritis
2854 5174 3163 5236 acerrime
3207 5174 3632 5250 verberarem,
3660 5180 3782 5240 col.
3829 5182 3971 5256 110,

730 5294 1135 5355 Thessalidas
1188 5307 1503 5367 vol-antes,
1572 5312 1716 5373 qua:
1767 5313 1884 5355 vox
1933 5295 2113 5373 apud
2158 5294 2645 5373 Aristophanem
2709 5295 3020 5357 veneficas
3073 5304 3135 5358 et
3192 5296 3704 5376 praestigiatrices
3757 5300 3974 5381 signi-

731 5418 887 5477 licet.

806 5599 910 5661 Sic
940 5598 1045 5659 ille
1080 5598 1509 5660 Antiocheuos
1551 5599 1832 5671 incessit,
1866 5599 1977 5679 qui
2021 5599 2552 5679 intemperantius
2588 5599 2726 5661 suis
2758 5600 2989 5679 Opibus
3026 5601 3407 5676 utebantur;
3443 5610 3575 5667 tum
3610 5608 3801 5670 etiam
3833 5625 3970 5677 non

725 5737 988 5800 paucos,
1021 5718 1133 5799 qui
1164 5719 1348 5784 bonis
1379 5721 1609 5783 alienis
1642 5721 2067 5784 imminerent.
2107 5721 2195 5782 Ad
2230 5722 2351 5783 alia
2377 5739 2521 5784 vero
2542 5722 2673 5804 jam
2700 5721 3114 5785 veniendum.
3149 5726 3219 5787 In
3258 5724 3520 5790 humilia
3555 5736 3791 5805 octava,
3825 5744 3964 5790 om-
