4108 6312
1643 354 2030 411 ςδιιΑεΡΑτῖῡ.
2315 421 2318 424 η
2640 349 2643 355 '
3429 344 3461 394 υ

206 479 382 540 nium
420 478 817 556 longissima,
858 481 916 539 in
961 479 1090 540 hinc
1131 480 1338 548 verba,
1363 479 1504 555 Ego
1541 476 1792 535 cinctus
1833 472 1901 531 in
1931 460 2222 541 Domino,
2259 469 2322 528 in
2361 465 2638 527 vinculis
2673 461 2852 524 Pauli
2898 457 3264 532 laudandis,
3298 457 3464 519 cele-

205 598 486 664 brandis.
522 609 710 664 totam
759 601 1085 680 profundit
1118 601 1429 663 orationis
1472 605 1703 669 artem;
1751 596 1878 655 imo
1935 611 2062 657 non
2115 601 2335 665 artem,
2381 592 2490 653 sed
2543 585 2866 668 quidquid
2915 583 3145 645 ardens
3182 581 3463 654 animus,

202 720 522 800 quidquid
558 739 666 783 cor
692 723 1049 786 vehementi
1087 725 1468 787 concitatum
1509 733 1724 780 amore
1761 721 2072 796 suggerit,
2102 720 2450 796 imparatus
2480 715 2721 794 profert
2757 713 2822 774 in
2856 708 3167 780 medium,
3202 707 3322 773 col.
3357 710 3465 770 57:

199 842 268 902 Si
294 846 439 920 quis
469 848 624 908 mihi
644 847 909 922 dederit,
940 848 1175 928 inquit,
1209 864 1375 907 nunc
1400 853 1470 903 ut
1494 841 1787 908 suscitem
1812 850 2118 913 mortuos,
2150 858 2278 901 non
2309 840 2422 904 hoc
2446 803 2776 914 .elegerim,
2812 830 2920 892 sed
2964 838 3264 891 catenam.
3293 829 3365 889 Si
3395 828 3469 887 ab

211 968 651 1030 ecclesiasticis
695 971 870 1031 curis
905 989 1092 1030 essem
1132 978 1429 1040 remotus,
1470 974 1524 1025 et
1559 968 1714 1022 esset
1752 959 1905 1026 mihi
1944 980 2174 1040 corpus
2221 977 2442 1020 sanum
2493 965 2550 1018 et
2597 954 2896 1032 validum,
2938 969 3067 1012 non
3123 951 3471 1011 recusarim

203 1085 369 1146 hanc
392 1090 714 1166 suscipere
742 1093 1334 1169 peregrinationem,
1371 1100 1444 1153 ut
1484 1092 1684 1153 solum
1708 1089 1981 1152 viderem
2012 1092 2288 1155 catenas,
2334 1088 2406 1140 ut
2449 1095 2761 1139 carcerem
2788 1077 2856 1135 in
2888 1091 3008 1152 quo
3038 1071 3164 1151 fuit
3193 1071 3467 1129 vinctus.

198 1204 397 1280 Atqui
427 1206 563 1284 ejus
598 1207 1053 1268 miraculorum
1099 1209 1297 1268 multa
1345 1209 1562 1269 multis
1608 1211 1675 1270 in
1707 1211 1863 1271 locis
1894 1216 2041 1270 sunt
2073 1206 2286 1283 signa,
2312 1201 2422 1263 sed
2449 1219 2579 1262 non
2628 1209 2778 1260 sunt
2833 1207 2959 1259 tam
3001 1189 3470 1260 desiderabilia,

196 1339 382 1399 quam
427 1326 810 1404 stigmatum.
855 1329 938 1389 Et
984 1330 1050 1391 in
1083 1329 1438 1408 Scripturis
1468 1347 1594 1389 non
1639 1331 1731 1390 ita
1769 1349 1860 1391 me
1889 1329 2151 1391 delectat
2179 1325 2511 1405 dumfacit
2541 1322 2871 1394 miracula,
2915 1336 3100 1400 quam
3135 1316 3280 1376 dum
3315 1310 3474 1371 male

194 1439 477 1514 patitur,
509 1444 730 1521 ﬂagris
762 1447 1028 1507 ca'ditur
1055 1457 1241 1528 atque
1283 1456 1604 1526 raptatur.
1641 1450 1791 1510 Vere
1831 1450 2148 1520 mirabilia
2183 1456 2331 1516 sunt
2362 1447 2539 1508 illius
2578 1446 2868 1523 corporis
2896 1441 3162 1503 sudaria
3209 1447 3266 1498 et
3296 1433 3470 1499 semi-

197 1560 465 1638 ci-nctia,
492 1582 624 1642 qua:
664 1566 970 1646 stupenda
999 1579 1263 1646 patrant
1289 1590 1308 1630 :
1331 1581 1480 1633 sunt
1508 1573 1632 1632 lucc
1662 1589 1800 1631 cere
1827 1569 2171 1640 mirabilia,
2203 1566 2312 1627 sed
2339 1585 2467 1626 non
2500 1575 2574 1626 ut
2601 1565 2715 1626 illa
2741 1562 3067 1641 (vincula).

277 1721 644 1788 Occasione
681 1729 1085 1802 vinculorum
1126 1731 1396 1811 loquens
1428 1731 1507 1792 de
1530 1737 1748 1792 sancto
1781 1729 2346 1810 Babylamartyre,
2381 1728 2564 1808 cujus
2594 1726 2802 1786 Vitam
2841 1722 2954 1783 ille
2987 1719 3245 1796 scripsit
3280 1722 3344 1776 ut
3367 1714 3476 1774 ha-

198 1839 390 1904 betur
423 1863 622 1925 supra
661 1851 838 1912 Tom.
873 1852 1188 1927 secundo,
1225 1854 1404 1926 dicit,
1447 1853 1567 1915 col.
1608 1854 1708 1926 τί,
1754 1850 1938 1913 illum
1981 1851 2262 1912 vinctum
2297 1847 2524 1923 fuisse,
2559 1849 2723 1910 sicut
2755 1848 3067 1906 Joannem
3100 1825 3473 1918 Bapiistam,

197 1963 352 2036 quia
390 1982 625 2046 nempe
664 1988 877 2050 regem
917 1973 1348 2053 redarguerat,
1386 1981 1446 2036 et
1478 1973 1859 2036 morientem
1895 1970 2324 2046 mandavisse,
2355 1979 2428 2031 ut
2468 1967 2723 2031 vincula
2750 1971 3142 2046 ponerentur
3188 1978 3327 2022 cum
3357 1974 3472 2018 suo

196 2098 498 2160 corpore,
534 2099 592 2148 et
624 2109 854 2170 corpus
883 2095 1262 2173 sepeliretur
1291 2096 1592 2157 vinctum.
1636 2095 1718 2155 Et
1748 2111 1915 2156 nunc
1947 2095 2060 2156 siti
2086 2102 2235 2154 sunt
2263 2093 2584 2172 compedes
2613 2109 2752 2153 cum
2783 2090 2994 2150 cinere
3018 2107 3038 2147 :
3070 2093 3319 2177 tantum.
3344 2090 3479 2148 erat

196 2201 252 2262 ei
282 2201 678 2271 desiderium
706 2214 1103 2278 vinculorum
1119 2226 1395 2308 propter
1417 2217 1760 2292 Christum.
1789 2217 2056 2278 Ferrum
2083 2217 2468 2297 pertransiit
2501 2215 2712 2276 anima
2741 2212 2896 2292 ejus,
2929 2216 3050 2292 etc.

270 2374 473 2440 Horn.
510 2378 781 2455 decima,
821 2383 940 2445 col.
978 2387 1076 2459 78,
1111 2385 1288 2460 dicit,
1322 2394 1613 2466 ἀγάλματα
1643 2401 1758 2448 seu
1784 2385 2045 2462 ﬁguras,
2086 2389 2146 2444 et
2175 2389 2414 2445 statuas
2440 2383 2537 2444 vel
2569 2366 2888 2460 imagines
2923 2377 2989 2438 in
3011 2371 3281 2438 ecclesia
3309 2387 3480 2445 esse,

194 2514 418 2577 neque
467 2501 648 2578 plura
667 2494 892 2608 adjicit
927 2507 988 2568 in
1024 2525 1114 2581 re,
1148 2523 1337 2586 quam
1377 2507 1671 2586 pluribus
1693 2486 2052 2583 expensam
2084 2487 2289 2567 fuisse
2326 2505 2576 2566 vellem.
2612 2501 2964 2563 Haereticos
2997 2498 3236 2578 passim
3267 2493 3484 2574 exagi-
3529 2533 3534 2540 -

192 2632 305 2698 tat,
345 2627 771 2702 Marcionem,
805 2630 1225 2692 Manichteum
1255 2649 1370 2693 seu
1398 2632 1743 2703 Manetem,
1776 2629 2221 2703 Valentinum,
2258 2628 2584 2700 Catharos,
2620 2643 2736 2688 seu
2775 2623 3196 2697 Novatianos,
3234 2619 3482 2692 Arium,

191 2753 290 2817 uti
325 2753 502 2815 solet
540 2755 605 2814 in
650 2755 951 2816 omnibus
1000 2771 1164 2832 pene
1212 2755 1615 2818 orationibus
1655 2762 1715 2816 et
1757 2753 2073 2828 homiliis,
2119 2753 2415 2833 aliosque
2463 2751 2651 2812 etiam
2700 2748 3058 2811 haereticos.

273 2921 590 3000 Gentiani
629 2923 886 2986 ﬂerveti
920 2922 1204 2986 Latinam
1243 2922 1842 3002 interpretationem
1876 2920 2095 2995 multis
2126 2922 2197 2999 in
2233 2921 2394 2982 locis
2425 2918 2662 3006 passim
2698 2915 3180 2994 castigavimus.
