4108 6312
175 467 3440 517 M

1075 668 1506 758 SANCTI’
1570 669 1999 758 PATRIS
2074 667 2512 762 NOSTRI

161 995 1302 1209 JOANNIS
1407 998 3436 1234 CHRYSOSTOMI.

273 1436 1418 1553 'ARCHIEPISCOPI
1485 1441 3264 1589 CONSTANTINOPOLITANI,

1533 1725 1763 1782 OPERA
1803 1727 2042 1783 OMNIA.

1664 1937 1922 1950 ——-—_

488 2103 615 2202 'IN
684 2123 1284 2202 EPISTOLAM
1359 2128 1486 2200 Al)
1553 2121 2043 2218 EPHESIOS
2105 2111 3072 2210 COMMENTARIUS“).

1589 2393 1979 2428 --ee-—

682 2618 1202 2707 ergumrntttm.

210 2751 462 2822 Ephesus
500 2761 583 2806 est
611 2750 821 2821 quidem
855 2750 994 2802 Asiae
1023 2747 1352 2817 metropolis.
1402 2747 1532 2801 Erat
1561 2753 1739 2801 autem

140 2843 384 2898 dedicata
443 2843 666 2909 Dianae,
719 2849 774 2896 et
822 2840 960 2894 hanc
1013 2840 1166 2894 deam
1231 2839 1336 2894 illic
1389 2837 1639 2892 colebant
1683 2848 1741 2891 ut

142 2933 472 2987 maximam:
519 2941 770 3002 tantaque
812 2946 1000 2985 eorum
1043 2938 1159 2984 erat
1200 2929 1545 2997 superstitio,
1572 2937 1629 2982 ut
1671 2943 1740 2983 ne

138 3027 279 3081 illius
325 3010 552 3096 quidem
605 3040 800 3078 nomen
852 3010 939 3094 qui
990 3024 1105 3094 ejus
1133 3024 1387 3092 templum
1429 3021 1740 3078 combusse-

139 3126 238 3181 rat,
269 3118 618 3171 manifestum
665 3130 784 3170 esse
828 3116 1133 3170 voluerint:
1181 3115 1350 3168 fuerat
1402 3114 1541 3169 enim
1591 3127 1709 3167 com

138 3208 384 3261 bustum.
421 3208 591 3261 Porro
630 3207 816 3262 beatus
861 3222 1075 3277 quoque
1122 3205 1358 3260 Joannes
1409 3205 1733 3273 evangelista

139 3296 432 3364 plurimum
494 3296 600 3350 illic
641 3305 724 3350 est
773 3305 1055 3351 versatus:
1090 3311 1210 3350 nam
1250 3305 1304 3350 et
1352 3296 1458 3349 illic
1496 3294 1595 3348 l‘uit
1646 3309 1719 3348 re-

138 3387 342 3455 legatus
379 3398 436 3441 et
468 3387 699 3442 decessit
721 3386 818 3458 (b).
850 3388 1186 3442 Timotheum
1241 3402 1450 3455 quoque
1494 3386 1603 3440 illic
1646 3401 1734 3440 re--

138 3478 288 3545 lipiit
339 3479 578 3542 Paulus,
636 3487 692 3532 ut
744 3479 870 3532 dicit
924 3479 988 3532 ad
1041 3479 1212 3547 ipsum
1259 3477 1538 3531 scribens:
1586 3475 1732 3532 Sicut

135 3569 308 3639 rogari
339 3580 390 3622 te
419 3579 475 3622 ut
499 3585 727 3623 maneres
757 3567 948 3637 Ephesi
968 3568 1045 3641 (l.
1081 3568 1210 3622 Tim.
1239 3569 1292 3622 Ι.
1323 3569 1396 3636 3).
1427 3564 1493 3621 Et
1521 3553 1732 3636 plurimi

135 3675 195 3713 ex
229 3661 592 3729 pltilOSOphiS,
625 3663 855 3715 maxime
882 3662 915 3715 ii
939 3661 1028 3731 qui
1053 3662 1102 3714 in
1133 3662 1256 3714 Asia
1283 3660 1595 3724 ﬂoruerunt,
1625 3660 1734 3717 illic

135 3761 304 3804 erant.
333 3750 472 3805 Nam
491 3751 687 3805 dicitur
704 3751 917 3820 quidem
941 3760 994 3805 et
1029 3751 1153 3805 inde
1175 3751 1336 3806 fuisse
1360 3749 1691 3822 Pythagoras
1716 3770 1728 3805 :

135 3841 323 3895 Samos
351 3842 530 3904 enim,
566 3841 706 3894 unde
749 3851 898 3895 ortus
931 3841 1021 3896 ille
1050 3851 1166 3895 erat
1190 3883 1206 3906 ,
1264 3842 1440 3896 Ionica
1488 3852 1604 3898 erat
1651 3845 1733 3896 in-

137 3933 249 3985 sula
283 3933 383 4002 (c).
420 3933 796 3987 Parmenidem
821 3949 1034 4002 quoque
1076 3943 1128 3987 et
1156 3933 1426 3988 Zenonem
1452 3945 1505 3989 et
1537 3935 1735 3990 Demo-

196 4046 268 4106 (a)
294 4045 368 4094 Ad
392 4044 634 4094 Homilias
657 4047 706 4093 in
730 4045 993 4106 Epistulam
1018 4046 1077 4094 ad
1110 4046 1163 4106 Ει
1183 4046 1348 4096 hesios
1386 4046 1730 4098 emaculandas

136 4112 205 4154 usi
231 4120 403 4156 sumus
428 4106 736 4157 Coislinianis
752 4106 1008 4169 Codicibus
1029 4108 1246 4169 duobus,
1271 4122 1476 4169 quorum
1500 4123 1624 4157 unus
1640 4111 1692 4157 51
1715 4147 1727 4169 ,

136 4169 256 4216 alter
279 4171 343 4217 75
378 4175 612 4225 notatur,
640 4174 694 4216 et
737 4182 846 4216 cum
889 4167 1067 4218 Codice
1106 4167 1386 4219 Colbertino
1417 4183 1547 4218 num.
1587 4167 1726 4219 4112.

137 4229 450 4278 Colbertinus
496 4236 841 4290 argumentum
878 4231 1083 4289 omittit,
1112 4237 1165 4279 et
1200 4243 1228 4278 a
1253 4231 1405 4291 prima
1428 4230 1626 4279 bomilia
1654 4233 1729 4281 in—

135 4291 265 4340 cibit.

179 4307 268 4414 1ῗῶ
290 4352 348 4401 Id
375 4359 475 4410 est,
502 4360 553 4401 m
573 4351 800 4414 exsilitmt
821 4347 994 4402 missus
1015 4353 1135 4403 istuc
1160 4353 1299 4402 venit.
1325 4353 1539 4402 Joannes
1565 4354 1613 4402 in
1635 4355 1729 4403 Pa-

157 4413 260 4477 ψοῐὶ
309 4414 523 4462 insulam
555 4413 806 4477 relegatus
831 4423 907 4462 est
945 4429 958 4469 ;
999 4422 1268 4476 posteaque
1306 4417 1442 4464 venit
1463 4415 1726 4477 Ephesum.

205 4484 510 4537 rysostomus
531 4488 651 4523 vero
674 4479 779 4523 hzec
803 4479 1007 4536 carptim
1030 4489 1319 4534 recensens,
1342 4490 1438 4525 non
1464 4485 1558 4525 tam
1581 4491 1728 4526 accu-

139 4543 239 4583 rate
260 4537 424 4598 omnia
451 4537 657 4598 profert.

198 4599 266 4656 (c)
291 4597 670 4661 Chrysostomus
693 4597 891 4661 carptim
909 4598 1133 4661 loquens,
1149 4605 1200 4647 et
1221 4598 1468 4661 Ephesum
1487 4614 1731 4650 commen-

139 4655 255 4724 dans
272 4655 927 4724 dicit'philosophosmultos
949 4655 1044 4708 illic
1067 4655 1309 4724 ﬂoruisse,
1330 4669 1382 4724 ut
1407 4661 1729 4724 Pythagoram

140 4721 221 4787 qui
238 4733 299 4767 ex
323 4719 492 4787 insula
508 4719 706 4787 quidem
732 4721 876 4787 Samo
897 4731 1030 4787 erat;
1056 4721 1142 4768 sed
1169 4721 1337 4770 Samos
1360 4719 1521 4787 Ionica
1547 4719 1659 4787 crat,
1677 4733 1730 4773 ut

141 4777 388 4845 Ephesus;
410 4777 678 4845 imoiquod
701 4794 794 4829 non
819 4781 948 4830 addit
971 4777 1356 4845 Chrysustomus,
1384 4783 1581 4844 Epheso
1605 4786 1729 4834 adeo

144 4841 289 4890 vicina
313 4848 369 4892 ut
397 4855 467 4890 ex
493 4841 580 4890 illa
600 4843 726 4891 urbe
761 4841 1147 4905 conspiceretur.
1172 4843 1249 4893 De
1284 4841 1478 4893 caeteris
1500 4859 1621 4906 quos
1643 4847 1728 4895 ad-

1847 2607 2063 2675 critum,
2087 2620 2142 2665 et
2170 2613 2370 2669 multos
2395 2631 2538 2672 nunc
2561 2617 2740 2674 adhuc
2760 2620 2868 2676 illic
2898 2623 3168 2682 inveneris
3201 2642 3444 2697 pnnoso-

1846 2698 2003 2767 pbos.
2036 2699 2162 2756 Haec
2189 2711 2365 2768 aptem
2393 2721 2500 2760 non
2540 2707 2658 2762 sine
2684 2723 2846 2765 causa
2873 2711 3015 2768 dicta
3045 2725 3170 2770 sunt
3206 2733 3234 2770 a
3265 2720 3440 2783 nobis.

1846 2790 1940 2844 sed
1969 2800 2026 2845 ut
2050 2793 2392 2849 ostenderem
2421 2797 2590 2868 multo
2619 2799 2799 2855 studio
2828 2815 2964 2872 opus
2993 2803 3159 2861 fuisse
3185 2807 3350 2863 Paulo
3375 2810 3447 2864 ad

1845 2896 1939 2936 eos
1984 2884 2262 2940 scribenti.
2331 2888 2533 2943 Dicitur
2574 2900 2754 2946 autem
2805 2893 3181 2962 profundiores
3231 2913 3443 2970 quoque

1843 2985 2033 3027 sensus
2059 2974 2138 3028 eis
2166 2975 2482 3040 credidisse.
2507 2988 2692 3049 utpote
2717 2984 2805 3050 qui
2830 2985 2942 3052 jam
2962 2987 3329 3045 catechumeni
3349 3005 3441 3046 es-

1841 3072 1982 3116 sent.
2019 3064 2110 3119 Est
2139 3080 2300 3134 porro
2341 3069 2566 3138 epistola
2599 3072 2757 3142 plena
2806 3074 3127 3136 sublimibus
3157 3084 3441 3139 sententiis

1846 3160 1898 3205 et
1922 3153 2280 3223 dogmatibus.
2313 3158 2511 3227 Scribit
2549 3172 2727 3216 autem
2757 3149 3042 3235 epistolam
3098 3170 3286 3226 Romae
3317 3175 3437 3229 vin-

1839 3253 1958 3298 ctus
1981 3285 1995 3310 ,
2029 3246 2166 3298 sicut
2192 3257 2246 3300 et
2275 3248 2388 3316 ipse
2414 3250 2546 3304 dicit
2575 3269 2589 3304 :
2626 3253 2783 3308 Orate
2807 3273 2900 3324 pro
2922 3274 3003 3312 me
3041 3271 3097 3313 ut
3140 3262 3288 3316 detur
3314 3266 3440 3321 mihi

1839 3346 2004 3386 sermo
2041 3337 2094 3388 in
2133 3340 2393 3405 apertione
2418 3341 2521 3394 oris
2549 3343 2665 3406 mei,
2699 3361 2814 3398 cum
2843 3347 3240 3416 ﬁducia'notum
3270 3357 3438 3425 facere

1838 3427 2132 3494 mysterium
2153 3432 2400 3500 evangelii
2429 3472 2444 3496 ,
2478 3451 2570 3503 pro
2595 3451 2695 3503 quo
2725 3436 2976 3507 legatione
3005 3437 3197 3512 fungar
3243 3450 3296 3498 tu
3344 3463 3434 3500 ca-

1840 3525 1954 3569 tena
1981 3516 2193 3589 (Ep/tes.
2227 3521 2278 3574 6.
2332 3523 2418 3577 19.
2457 3524 2574 3596 20).
2605 3527 2673 3581 Et
2703 3530 2992 3585 admodum
3033 3534 3255 3591 altiset
3301 3541 3434 3594 emi-

1841 3609 2090 3665 nentibus
2139 3612 2294 3679 plena
2326 3623 2409 3668 est
2456 3617 2771 3675 sensibns‘.
2822 3620 2953 3676 Nam
2999 3639 3118 3692 qute
3166 3642 3431 3697 nusquam

1837 3697 1951 3754 fere
1979 3712 2063 3755 est
2091 3701 2363 3772 loquutus,
2392 3720 2454 3759 ea
2489 3707 2574 3761 hic
2622 3710 2845 3777 profert,
2891 3722 2946 3766 ut
2991 3715 3206 3784 quando
3251 3717 3382 3775 dicit
3414 3739 3428 3775 :

1845 3791 1913 3846 Ut
1940 3794 2231 3876 innotescat.
2251 3814 2386 3850 nunc
2413 3801 2781 3869 principatibus
2807 3815 2854 3876 et
2884 3809 3209 3876 potestatibus
3236 3811 3290 3866 in
3335 3829 3433 3867 cte-

1838 3885 2042 3938 lestibus
2069 3903 2159 3954 per
2190 3870 2472 3943 Ecclesium
2494 3893 2636 3944 varia
2658 3904 2702 3946 et
2731 3870 2980 3964 mutiplex
3025 3897 3123 3952 Dei
3146 3903 3431 3970 sapientia;

1837 3985 1891 4029 et
1916 3991 2124 4042 rursus,
2155 3976 2579 4034 Conresuscitavit
2601 3993 2648 4036 et
2679 3988 2949 4042 consedere
2968 3991 3086 4058 fecit
3116 4008 3209 4045 nos
3249 3995 3302 4046 in
3330 4011 3433 4049 car-

1838 4067 2086 4133 lcstibus;
2116 4078 2190 4133 et,
2226 4071 2377 4138 Quod
2413 4074 2531 4127 aliis
2567 4078 2974 4146 generationibus
2999 4097 3101 4134 non
3128 4084 3226 4152 fuit
3250 4087 3430 4156 cogni-

1837 4169 1962 4225 tum,
1995 4177 2127 4214 nunc
2169 4164 2443 4217 revelatum
2469 4167 2568 4234 fuit
2598 4171 2847 4237 apostolis
2872 4174 3063 4226 sanctis
3090 4183 3138 4228 et
3167 4178 3431 4245 praphetis

1834 4249 1886 4301 in
1916 4250 2117 4319 Spiritu
2138 4294 2151 4315 ,
2180 4265 2349 4324 gentes
2387 4273 2493 4331 esse
2518 4260 2787 4316 coheredes
2806 4302 2821 4324 ,
2865 4274 2912 4316 et
2953 4270 3341 4336 concorporales
3383 4281 3430 4324 et

1837 4345 2224 4414 comparticipes
2245 4347 2353 4415 ejus
2383 4348 2672 4405 hereditatis
2702 4353 2754 4406 in
2780 4353 2977 4410 Christo
3003 4357 3219 4430 (Ep/tes.
3248 4363 3300 4418 5.
3335 4364 3428 4422 10.

1836 4441 1880 4483 et
1902 4432 1957 4485 2.
1988 4434 2040 4488 6.
2072 4445 2117 4488 et
2149 4438 2201 4491 5.
2233 4439 2285 4491 5.
2315 4439 2395 4510 6).

1833 4544 2399 4628 ditnpltilosophis'inttlta
2435 4552 2532 4628 dici
2557 4561 2780 4628 possent,
2806 4558 2892 4628 sed
2911 4559 3151 4628 adeantur
3170 4563 3428 4628 Diogenes

1838 4610 2062 4689 Laertius
2099 4618 2167 4689 et.
2195 4611 2295 4689 alii.
2334 4612 2410 4662 De
2435 4610 2723 4677 quibusdam
2745 4610 2885 4667 certe
2905 4655 2918 4678 ,
2956 4630 3010 4671 ut
3032 4626 3096 4673 de
3120 4610 3428 4689 Danubi-iiii):

1832 4667 2065 4729 disputari
2092 4679 2270 4732 potest.

1899 4732 2006 4806 χιιι
2029 4732 2317 4806 qusliniano
2351 4734 2508 4806 altero
2545 4735 2765 4806 legitur;
2794 4739 2885 4789 Illa
2909 4749 3070 4806 autem
3094 4746 3305 4806 Epistula
3328 4764 3424 4799 non

1832 4790 1974 4860 modo
1995 4793 2349 4863 sublimioribus
2369 4790 2672 4863 dogmatibus
2690 4800 2831 4863 plena
2842 4808 2928 4863 est,
2943 4790 3431 4863 séd'étiaSnEzisiiiE

1831 4852 2143 4905 eminentibus
2163 4857 2392 4906 abundat.

144 4974 3433 5019 __________________—_______________

1579 5043 1925 5105 HOMILIA
1970 5047 1996 5106 Ι

144 5186 264 5240 Car.
298 5188 322 5240 ‘l
372 5203 428 5242 ν.
463 5186 515 5240 1.
556 5185 1035 5255 Paulus,aposlolus
1059 5185 1184 5239 Jesu
1209 5185 1392 5240 Christi
1429 5204 1517 5255 per
1551 5189 1731 5240 volun-

211 5287 370 5331 tatem
413 5277 515 5330 Dci
540 5319 556 5341 ,
608 5279 792 5328 sanctis
823 5277 908 5346 qui
933 5288 1048 5329 sunt
1081 5277 1271 5346 Ephesi
1294 5318 1310 5340 ,
1341 5285 1386 5330 et
1421 5278 1652 5345 ﬁdelibus
1682 5279 1735 5331 in

213 5366 413 5421 Christ-3
445 5366 578 5419 Jesu
607 5381 628 5420 :
654 5365 710 5418 2.
760 5367 925 5436 gratia
953 5366 1087 5421 vobis
1131 5377 1177 5420 et
1228 5384 1330 5437 pax
1355 5383 1386 5419 a
1437 5366 1546 5421 Deo
1580 5367 1737 5422 Patre

212 5469 384 5511 nostra
416 5467 470 5513 et
500 5457 719 5510 Domino
758 5456 884 5510 Jesu
910 5455 1130 5511 Christo.

217 5552 264 5604 Ι.
306 5551 453 5605 Ecce
484 5551 647 5615 illud,
687 5567 795 5619 per,
823 5551 981 5621 dedit
1010 5553 1176 5606 Patri.
1218 5552 1354 5618 Quid
1394 5554 1562 5623 ergo’
1588 5555 1734 5610 dice-

151 5657 333 5697 musne
359 5657 487 5695 eum
521 5643 821 5695 minorem?
861 5643 1094 5697 Minime.
1140 5644 1364 5710 Sanctis,
1414 5646 1613 5715 inquit,
1655 5648 1740 5712 qui

149 5742 257 5782 sunt
287 5730 508 5796 Ephesi,
532 5740 580 5784 et
606 5731 842 5798 ﬁdelibus
867 5733 920 5785 in
949 5733 1150 5787 Christo
1174 5732 1320 5788 Jesu.
1354 5735 1490 5803 Ecce
1526 5745 1740 5790 sanctos

149 5834 296 5877 vorat
329 5825 482 5876 viros
511 5823 600 5892 qui
643 5823 842 5878 habent
873 5835 926 5880 et
953 5826 1088 5881 ﬁlios
1125 5836 1178 5880 et
1207 5842 1400 5881 uxores
1429 5838 1482 5882 et
1511 5817 1739 5882 servos”:

153 5926 202 5970 et
253 5913 356 5970 hoc
409 5924 626 5971 constat
683 5932 748 5972 cs
804 5917 909 5974 line
959 5919 1238 5988 epistolas,
1287 5929 1342 5974 ut
1382 5919 1596 6004 quando
1656 5919 1740 5974 di-

1839 5189 1910 5242 cit
1939 5230 1950 5240 .
1981 5189 2219 5245 Mulieres
2248 5192 2368 5246 viris
2397 5195 2501 5248 suis
2541 5197 2642 5250 sint
2668 5198 2925 5263 subditae;
2964 5211 3020 5256 et
3045 5219 3248 5273 rursus,
3285 5208 3452 5277 Filii,

1840 5280 2034 5333 obedite
2084 5283 2373 5351 parentibus
2421 5286 2636 5350 vestris;
2694 5296 2784 5352 et,
2839 5289 2987 5344 Servi
3015 5333 3030 5354 ,
3079 5294 3273 5350 obedite
3330 5300 3426 5353 do-

1843 5374 1991 5426 minis
2024 5374 2248 5441 (Ephes.
2296 5376 2349 5430 5.
2389 5375 2476 5428 22.
2506 5387 2550 5430 et
2578 5377 2630 5432 6.
2663 5379 2716 5433 1.
2745 5380 2779 5433 5
2812 5381 2850 5449 ).
2908 5382 3216 5452 Cogitemus
3255 5404 3430 5458 quan-

1845 5476 1895 5518 ta
1949 5481 2044 5519 nos
2099 5475 2245 5521 tenet
2293 5469 2577 5535 socordia,
2629 5480 2683 5524 et
2735 5486 2893 5541 quam
2945 5491 3060 5528 rara
3124 5477 3195 5531 sit
3238 5480 3430 5547 virtus,

1845 5567 1900 5611 et
1931 5566 2162 5627 quantus
2207 5567 2332 5613 tunc
2375 5571 2518 5613 esset
2561 5572 2848 5630 proventus
2887 5565 3147 5622 bonorum
3195 5571 3431 5627 virorum

1848 5656 1903 5701 et
1932 5649 2128 5701 virtute
2167 5649 2546 5718 praeditorum,
2587 5660 2646 5705 ut
2697 5654 2858 5708 etiam
2901 5658 3154 5712 mundani
3195 5673 3289 5714 seu
3328 5678 3435 5718 ste-

1851 5738 2063 5793 culares
2110 5749 2236 5794 tunc
2287 5742 2456 5796 sancti
2511 5742 2819 5799 dicerentur
2866 5756 2920 5801 et
2989 5747 3197 5805 ﬁdeles.
3261 5751 3456 5817 Gratia,

1855 5830 1991 5884 vobis
2016 5841 2061 5884 et
2087 5848 2190 5901 pax
2227 5848 2258 5884 a
2289 5831 2396 5887 Deo
2418 5833 2574 5888 Patre
2613 5845 2785 5890 nostro
2812 5847 2859 5892 et
2890 5838 3111 5894 Domino
3134 5840 3261 5896 Iesu
3288 5844 3439 5899 Chri-

1864 5931 1961 5976 sto.
2013 5922 2250 5978 Gratiam
2288 5924 2456 5994 dixit,
2497 5934 2550 5983 et
2593 5927 2808 5984 Patrem
2859 5930 3029 5987 Deum
3073 5934 3330 5990 vocavit:
3380 5937 3444 5992 il-
