4108 6312
568 479 620 553 11
1271 492 1326 550 5.
1368 489 1643 548 10111515
1678 483 2148 542 cuursosrtnn

2287 480 2507 536 Cllllil’.
2549 479 3079 537 CONSTANTINOP.
3774 478 3842 533 l2

562 612 663 668 lius
695 607 840 662 enim
866 604 1049 678 gratim
1092 603 1191 659 hoc
1221 614 1303 661 est
1343 604 1614 659 indicium.
1644 598 1964 668 Quomodo?
2011 596 2148 652 Audi
2180 576 2189 581 ι

563 720 691 759 eum
718 700 841 755 alibi
872 700 1138 754 dicentem
1175 716 1188 751 :
1225 697 1476 764 Quoniam
1519 706 1687 749 autem
1724 695 1838 747 estis
1869 692 1966 761 ﬁlii
2011 688 2149 752 Dei,

560 795 705 851 misit
731 794 869 848 Deus
906 791 1157 860 Spiritum
1184 788 1307 842 Filii
1334 788 1411 842 sui
1432 790 1483 841 in
1511 789 1666 841 corda
1694 795 1856 839 uestra
1882 827 1895 848 ,
1925 780 2152 835 claman-

556 905 683 953 tem,
716 887 852 940 Abba
891 884 1045 938 Pater
1072 881 1212 955 (Gal.
1243 883 1295 936 4.
1325 880 1403 952 li).
1457 879 1526 933 Et
1574 878 1806 955 Domini'
1828 875 2002 955 nostri
2029 872 2159 947 Jesu

567 977 776 1031 Christi.
803 977 1025 1044 Propter
1051 989 1150 1028 nos
1177 972 1319 1028 0111111
1360 954 1613 1027 (2111151115
1636 968 1807 1022 factus
1835 976 1916 1022 est
1937 987 1962 1031 ,θ
1996 949 2057 1020 et
2101 966 2153 1018 in

567 1068 730 1124 carne.
756 1068 903 1121 \‘istts
932 1075 1031 1120 est.
1058 1065 1110 1117 5.
1142 1063 1446 1118 Benedictus
1488 1060 1646 1126 Deus,
1681 1059 1850 1128 inquit
1871 1097 1885 1119 ,
1913 1066 1959 1110 et
1999 1055 2156 1109 Pater

567 1159 777 1214 anu’ni
806 1158 965 1212 nostri
1003 1155 1128 1209 Jcsu
1154 1155 1362 1209 Christi.
1392 1152 1531 1207 Ecce
1556 1192 1569 1215 ,
1604 1152 1742 1204 Deus
1770 1149 1885 1216 ejus
1915 1147 2004 1216 qui
2036 1160 2155 1199 car-

573 1265 699 1306 netn
734 1249 990 1317 suscepit.
1019 1244 1174 1314 Quod
1195 1245 1240 1300 si
1274 1258 1378 1297 non
1414 1242 1534 1306 vis;
1578 1248 1633 1293 at
1657 1239 1751 1293 Dei
1785 1236 1944 1293 Verbi
1977 1235 2154 1290 Pater.

571 1344 670 1412 Qui
716 1340 965 1397 benedixit
1010 1353 1103 1391 nos
1150 1336 1204 1391 in
1248 1336 1383 1389 onmi
1424 1330 1765 1386 benedictione
1808 1325 2060 1396 spirituali
2107 1326 2158 1379 in

571 1434 848 1491 amicalibus
886 1431 940 1485 in
967 1429 1190 1485 Christo.
1222 1425 1499 1482 Judaicam
1539 1422 1627 1478 hic
1668 1418 1970 1477 subindicat
1997 1416 2161 1473 bene-

570 1524 860 1582 dictionem
894 1540 909 1576 :
942 1535 1065 1575 nam
1103 1525 1221 1576 erat
1268 1515 1488 1587 quidem
1525 1511 1862 1578 benedictio,
1910 1509 2006 1567 sed
2051 1522 2159 1563 non

576 1614 890 1686 spiritualis.
923 1610 1063 1679 Quid
1090 1611 1233 1666 enim
1260 1606 1429 1663 dicit?
1461 1605 1732 1660 Benedicat
1770 1612 1819 1657 te
1854 1601 1992 1657 Deus
2011 1641 2027 1669 ,
2056 1598 2158 1655 Be-

575 1708 767 1762 nedicet
808 1711 960 1777 {tctus
989 1705 1116 1758 uteri
1146 1702 1219 1756 tui
1241 1700 1433 1771 (Num.
1461 1699 1512 1754 6.
1544 1697 1696 1752 Deut.
1723 1699 1776 1751 7.
1810 1693 1923 1768 15),
1956 1693 2160 1748 benedi-

568 1808 651 1854 cet
677 1797 939 1851 introitum
967 1805 1110 1848 tuum
1136 1802 1186 1848 et
1206 1794 1392 1847 exitum
1413 1800 1573 1845 tuum.
1605 1787 1702 1859 llic
1720 1797 1897 1842 autem
1918 1800 2024 1840 non
2051 1782 2159 1848 sic;

578 1889 674 1947 Sed
704 1888 869 1959 quid?
915 1886 983 1942 In
1013 1886 1151 1941 omni
1184 1884 1526 1940 benedictione
1550 1881 1825 1953 spirituali.
1853 1878 1990 1947 Quid
2019 1877 2161 1935 enim

579 1982 755 2038 adhuc
787 1978 883 2036 tibi
913 1977 1109 2036 deest?
1141 1976 1335 2031 Factus
1359 1989 1418 2030 es
1447 1971 1780 2036 immortalis,
1812 1969 1984 2025 factus
2008 1983 2066 2024 es
2101 1968 2165 2022 li-

581 2073 700 2140 b'cr,
726 2070 897 2127 factus
920 2084 980 2125 es
1032 2067 1194 2133 ﬁlius,
1223 2065 1391 2120 factus
1435 2078 1494 2119 cs
1527 2063 1721 2132 justus,
1756 2060 1925 2116 laetus
1957 2074 2018 2115 es
2062 2059 2168 2113 ira-

581 2176 684 2233 ter,
708 2164 877 2219 factus
906 2176 965 2217 es
989 2151 1216 2216 coheres
1242 2174 1256 2212 :
1283 2155 1439 2210 51111111
1470 2168 1683 2225 regnas,
1713 2152 1870 2207 simul
1901 2150 2167 2221 gloriﬁca-

579 2259 695 2314 ris:
729 2257 906 2311 omnia
949 2254 1044 2308 tibi
1094 2251 1261 2323 gratis
1284 2248 1520 2303 donavit.
1572 2245 1836 2310 Quomodo
1871 2260 1971 2297 non
2017 2244 2168 2296 etiam

582 2363 697 2401 cum
726 2347 858 2416 ipso,
882 2343 1074 2413 inquit,
1105 2340 1275 2409 omnia
1314 2337 1454 2391 nobis
1481 2334 1685 2389 donabit
1716 2332 1904 2403 (Rom.
1935 2332 1990 2388 8.
2033 2330 2168 2403 δεμ

584 2436 841 2493 Primitite
867 2444 968 2489 tua:
1011 2431 1299 2486 adorantur
1338 2429 1405 2482 ab
1431 2425 1670 2497 angelis,
1700 2440 1729 2479 a
1758 2423 2074 2479 Cherubinis
2117 2418 2172 2477 et

587 2523 904 2599 Serapltihis
932 2543 947 2580 :
979 2524 1105 2595 quid
1133 2522 1310 2577 adhuc
1339 2519 1532 2576 deest?
1560 2517 1625 2571 In
1669 2519 1804 2572 omni
1834 2516 2173 2571 benedictione

585 2619 861 2691 spirituuli.
896 2614 1035 2671 Nihil
1062 2624 1146 2670 est
1176 2614 1261 2668 hic
1286 2611 1520 2667 carnale.
1556 2609 1845 2679 Propterea
1870 2608 2047 2662 omnia
2085 2607 2171 2660 illa

590 2712 788 2769 exemit
813 2708 1029 2772 dicens,
1061 2704 1126 2759 In
1168 2703 1358 2758 mundo
1398 2715 1686 2771 pressuram
1712 2698 1950 2753 habebitis
1977 2695 2168 2766 (Joan.

592 2804 682 2859 16.
716 2803 832 2872 55),
881 2809 936 2857 111
965 2799 1055 2868 qui
1087 2811 1185 2852 nos
1211 2795 1278 2850 ad
1322 2795 1437 2848 haec
1479 2791 1710 2856 duxerit.
1739 2790 1874 2845 Nam
1918 2789 2057 2844 sicut
2084 2788 2173 2859 qui

591 2894 856 2949 habebant
882 2889 1137 2955 carnalia,
1170 2884 1469 2957 spiritualia
1524 2882 1710 2938 audire
1749 2897 1853 2936 non
1883 2890 2128 2951 poterant
2158 2896 2172 2933 :

592 2969 667 3042 ita
689 2985 778 3056 qui
805 2990 1166 3053 assequuntur
1191 2976 1513 3048 spiritualia,
1542 2989 1606 3029 ea
1634 2989 1742 3028 non
1779 2982 2003 3043 possunt
2027 2984 2175 3027 assc-

593 3077 716 3146 qui,
764 3074 864 3128 nisi
907 3073 1053 3142 prius
1096 3067 1378 3125 discedant
1421 3081 1451 3120 a
1499 3064 1827 3121 carnalibus.
1879 3063 2015 3130 Quid
2060 3070 2175 3129 051,

594 3166 899 3222 benedictio
951 3160 1245 3234 spiritualis
1277 3159 1330 3213 in
1375 3154 1865 3212 ctelestibus?Non
1913 3155 1967 3209 in
2014 3164 2177 3220 terra,

597 3257 808 3327 inquit,
852 3254 991 3309 sicut
1027 3250 1172 3322 apud
1217 3249 1431 3304 Judasos
1469 3265 1483 3302 :
1535 3246 1680 3300 Bona
1716 3256 1870 3325 terra:
1917 3247 2181 3299 comedetis

601 3348 752 3417 (isai.
787 3348 836 3401 l'.
870 3344 957 3413 19)
983 3337 1094 3396 1⁸111
1118 3353 1302 3396 terram
1324 3341 1563 3410 fluentem
1590 3336 1736 3390 melle
1760 3349 1805 3390 et
1828 3337 1956 3390 lacte
1981 3335 2179 3398 (Exod.

599 3443 688 3497 55.
717 3440 771 3509 5)
804 3457 818 3493 1
848 3435 1116 3491 Benedicel
1163 3432 1304 3486 Deus
1344 3440 1532 3485 terrant
1582 3440 1718 3482 tuam
1752 3429 1770 3496 (
1797 3426 1937 3481 l’sal.
1969 3428 2057 3482 84.
2092 3428 2179 3482 15.

601 3536 756 3590 Deut.
807 3531 892 3585 15.
927 3530 1007 3598 4).
1053 3527 1149 3581 llic
1186 3535 1367 3579 autem
1396 3521 1529 3576 nihil
1561 3521 1697 3585 tale;
1736 3520 1837 3575 sed
1878 3519 2044 3589 quid?
2086 3520 2184 3585 Qui

605 3625 772 3697 diligit
800 3638 898 3687 me,
931 3618 1175 3672 mandata
1220 3630 1330 3668 mea
1370 3612 1605 3677 servabit,
1637 3622 1682 3665 et
1726 3629 1815 3682 ego
1843 3621 1889 3664 et
1922 3610 2076 3664 Pater
2118 3613 2184 3663 ad

604 3735 718 3772 eum
741 3717 1011 3776 veniemus,
1030 3720 1078 3764 et
1100 3707 1412 3761 mansionem
1432 3705 1572 3775 apud
1593 3718 1705 3759 eum
1734 3705 1975 3773 faciemus
2002 3703 2181 3775 (Joan.

605 3808 699 3865 11.
726 3806 840 3872 9.3).
883 3802 982 3870 Qui
1011 3800 1155 3853 audit
1182 3799 1289 3869 lucc
1316 3812 1426 3850 mea
1451 3795 1617 3860 verba,
1651 3805 1696 3847 et
1726 3808 1784 3847 ea
1814 3796 2022 3865 fecerit,
2060 3795 2186 3847 assi-

608 3900 865 3957 milabitur
911 3897 1017 3949 viro
1059 3890 1328 3962 prudenti,
1378 3889 1464 3958 qui
1491 3887 1758 3956 tcdiﬁearit
1808 3885 2012 3939 do‘mum
2045 3903 2186 3940 suam

606 4008 764 4064 supra
799 4000 1013 4060 petram,
1044 3993 1091 4037 et
1115 3983 1361 4053 [laverunt
1382 3978 1513 4032 venti
1536 3986 1571 4044 ,’
1595 3987 1640 4031 et
1667 3971 1903 4043 reum-unt
1932 3976 2076 4055 ﬂuvii
2098 4017 2113 4043 ,
2144 3985 2189 4030 et

606 4070 901 4155 irruperunt
948 4080 1001 4133 in
1030 4076 1235 4130 domum
1269 4072 1443 4135 illaut,
1469 4078 1514 4124 et
1543 4083 1643 4122 non
1695 4067 1870 4120 cecidit
1903 4081 1945 4149 :7
1974 4068 2189 4135 fundata

611 4154 747 4232 enim
787 4180 895 4228 erat
924 4182 1097 4236 supra
1140 4165 1341 4233 ﬁrmam
1377 4168 1571 4231 petram
1598 4156 1809 4228 (Matth.
1863 4157 1913 4209 7.
1954 4154 2044 4210 Eii.
2074 4156 2186 4227 ‘25).

610 4269 766 4324 Petra
790 4270 971 4318 autem
1017 4269 1262 4327 quaenam
1316 4259 1429 4315 est,
1481 4248 1582 4303 nisi
1633 4262 1719 4302 res
1766 4246 2027 4315 caelestes,
2073 4262 2191 4316 quin

613 4366 738 4412 sunt
767 4351 1076 4422 superiores
1096 4346 1284 4415 quavis
1311 4339 1654 4396 mutatione?
1683 4337 1784 4405 Qui
1810 4341 1950 4393 cnim
1997 4341 2191 4406 confes-

614 4466 699 4504 sus
723 4463 801 4499 me
832 4442 1004 4514 fuerit,
1038 4436 1228 4504 inquit,
1261 4448 1433 4487 coram
1476 4428 1791 4492 hominibus,
1831 4429 2104 4493 con/itebor
2145 4437 2192 4481 et

611 4558 702 4614 ego
723 4552 837 4594 eum
861 4547 1031 4588 eorum
1065 4528 1223 4582 Patre
1252 4540 1360 4578 meo
1383 4522 1468 4592 qui
1490 4531 1561 4575 est
1585 4525 1636 4573 in
1684 4518 1841 4574 aulis.
1874 4517 1941 4571 Et
1968 4519 2193 4587 quicum-

612 4609 707 4705 que
733 4648 810 4685 me
840 4623 1088 4696 negaverit
1113 4663 1127 4688 ,
1163 4634 1253 4690 ego
1282 4630 1474 4685 quoque
1502 4629 1613 4666 eum
1637 4612 1825 4680 negabo
1855 4609 2072 4681 (Matth.
2101 4610 2189 4666 10.

616 4728 705 4783 52.
743 4721 855 4794 '55).
887 4721 950 4775 [St
981 4729 1203 4772 rursus:
1236 4709 1380 4765 Beati
1407 4706 1596 4761 mundo
1614 4705 1787 4771 corde,
1814 4705 2052 4774 quoniam
2096 4705 2194 4772 ipsi

616 4820 779 4874 Deum
813 4812 1046 4868 videbunt
1081 4804 1294 4877 (Matth.
1326 4803 1379 4858 5.
1412 4800 1466 4871 8)
1492 4815 1505 4864 ;
1537 4808 1593 4854 et
1618 4799 1809 4851 iterum
1829 4838 1841 4859 ,
1893 4795 2039 4850 Beati
2065 4812 2194 4866 putt-

616 4928 756 4984 ρεγεδ
780 4905 996 4979 spiritu,
1047 4884 1285 4971 quoniam
1314 4898 1541 4965 ipsorum
1587 4900 1661 4945 est
1704 4907 1910 4961 regnum
1958 4890 2195 4943 ctelorum

612 4981 773 5076 (ibid.
807 5017 852 5053 11.
887 4995 974 5067 3);
1007 5002 1063 5049 et
1096 5002 1303 5053 rursus,
1328 4984 1473 5039 Beati
1494 4983 1580 5054 qui
1625 4981 2055 5053 persequutionem
2104 4997 2197 5050 pa-

618 5100 809 5153 tiuntur
851 5096 1054 5162 propter
1084 5083 1375 5156 justitiam,
1412 5076 1652 5148 quoniam
1682 5091 1865 5129 merces
1908 5085 2068 5128 vestra
2111 5086 2196 5128 co-

619 5193 761 5263 piosa
798 5196 869 5241 est
909 5184 961 5237 in
988 5179 1123 5236 caelis
1154 5174 1317 5251 (Ibid.
1349 5188 1398 5227 11.
1424 5168 1535 5240 10).
1565 5167 1726 5222 Vides
1771 5166 1963 5235 ubique
2010 5168 2192 5230 ca-los,

615 5258 876 5352 nusquam
907 5287 1132 5336 terram,
1166 5280 1339 5336 neque
1380 5277 1498 5333 qua:
1538 5258 1740 5315 suntin
1786 5267 1944 5312 terra.
1980 5258 2047 5311 Et
2074 5274 2194 5312 rur-

610 5392 704 5434 sus
778 5367 973 5425 Nostra
1001 5358 1312 5418 conversatio
1355 5364 1430 5409 est
1456 5353 1512 5406 in
1537 5349 1699 5417 ctelt's,
1731 5351 1865 5403 unde
1895 5350 2044 5403 etiam
2075 5349 2192 5404 Sal-

611 5477 837 5522 eatorcm
882 5465 1230 5529 exspectamus
1277 5447 1554 5501 Dominum
1599 5442 1778 5498 Iesum
1821 5440 2089 5512 (Philipp.
2139 5443 2191 5497 5.

611 5557 705 5612 ‘20.
742 5553 831 5625 l9)
890 5551 959 5605 Et
982 5558 1190 5608 rursus,
1224 5539 1340 5596 Non
1373 5546 1584 5592 terrena
1627 5534 1919 5604 sapientes.
1951 5533 2045 5589 sed
2076 5549 2194 5603 qua:

615 5657 741 5702 sunt
768 5644 822 5700 in
845 5640 1012 5698 010115.
1045 5636 1115 5690 111
1141 5632 1343 5687 Christo
1365 5627 1513 5682 Jesu.
1542 5625 1655 5681 Hoc
1679 5633 1780 5692 est,
1807 5641 1901 5695 per
1923 5625 2191 5680 Christum

620 5739 825 5799 Jesum,
857 5747 960 5787 non
989 5744 1084 5799 per
1111 5725 1329 5793 Moysen
1356 5728 1471 5776 erat
1512 5719 1626 5773 11100
1660 5717 1981 5781 benedictio.
2021 5718 2195 5783 Quare

614 5846 725 5885 non
755 5824 926 5881 solum
955 5816 1232 5890 qualitate,
1276 5811 1370 5868 sed
1399 5809 1559 5867 etiam
1587 5808 1941 5864 intercessore
1972 5805 2192 5860 excelli-

615 5935 760 5979 mus.
794 5916 944 5972 Sicut
969 5912 1130 5970 etiam
1160 5906 1287 5964 dicit
1310 5905 1365 5962 in
1390 5901 1630 5975 Epistola
1668 5900 1735 5956 ad
1766 5900 2016 5981 1101111005
2067 5916 2078 5951 :
2128 5896 2191 5949 Et

2266 596 2469 669 Moyses
2492 587 2693 666 quidem
2720 595 2887 664 ﬁdelis
2911 594 2963 649 in
2996 603 3099 647 tota
3144 594 3294 647 domo
3316 609 3426 659 sua,
3454 592 3583 648 sicut
3614 596 3851 650 minister

2259 690 2312 743 in
2336 690 2674 744 testimonium
2702 704 2874 743 eorum
2903 702 3015 757 qua:
3040 699 3181 741 erant
3211 688 3423 741 dicenda
3449 705 3465 740 :
3494 689 3722 743 Christus
3750 707 3845 741 an-

2262 792 2357 836 tem
2386 793 2642 851 tamquam
2672 780 2809 847 ﬁlius
2849 797 3003 849 super
3030 780 3234 834 domum
3262 796 3423 844 suam,
3472 782 3620 852 cujus
3662 782 3845 836 domus

2262 889 2434 926 smnus
2461 888 2552 926 nos
2574 870 2758 941 (Ilebr.
2792 871 2844 927 5.
2872 871 2927 926 5.
2956 871 3035 942 6).
3070 872 3123 925 4.
3159 870 3303 929 Sicut
3340 872 3486 941 elegit
3517 888 3609 926 nos
3638 874 3688 926 in
3734 873 3846 943 ipso

2263 973 2378 1017 ante
2418 964 2592 1040 mundi
2631 962 3066 1027 constitutionem,
3101 972 3157 1016 ut
3210 978 3427 1027 essemus
3454 964 3616 1018 sancti
3659 974 3706 1018 et
3748 965 3846 1017 int-

2264 1056 2505 1110 maculati
2524 1055 2575 1109 in
2606 1064 2876 1124 conspectu
2901 1055 3031 1126 ejus.
3063 1053 3173 1110 1100
3194 1064 3274 1108 051
3302 1065 3481 1108 autem
3508 1054 3648 1124 quod
3676 1054 3806 1108 dicit
3832 1072 3844 1107 :

2265 1149 2365 1204 Per
2391 1164 2550 1218 quem
2581 1162 2678 1203 nos
2704 1147 2977 1203 benedixit
2998 1188 3011 1210 ,
3045 1162 3141 1218 per
3169 1162 3289 1201 011111
3330 1148 3488 1200 etiam
3519 1148 3698 1217 elegit.
3728 1146 3848 1216 ipse

2262 1256 2392 1311 ergo
2415 1238 2569 1294 nobis
2602 1239 2709 1294 illic
2736 1238 2913 1293 omnia
2938 1238 3159 1293 donabit
3191 1256 3204 1291 :
3237 1239 3350 1307 ipse
3372 1247 3455 1293 est
3473 1239 3665 1303 Judex,
3690 1248 3743 1293 et
3764 1238 3848 1292 di-

2264 1340 2349 1385 cet
2373 1349 2385 1384 :
2407 1329 2593 1394 Venite,
2614 1329 2860 1385 benedicti
2871 1328 3045 1382 Patris
3058 1328 3175 1394 mei,
3197 1328 3444 1395 possidete
3460 1340 3693 1400 paratum
3712 1328 3848 1384 vobis

2263 1432 2473 1494 regnum
2495 1440 2526 1476 a
2554 1422 2908 1476 constitutione
2950 1420 3127 1474 mundi
3168 1418 3379 1491 (Matth.
3414 1420 3464 1475 1.
3496 1420 3588 1475 9.5.
3619 1421 3760 1490 54):
3795 1429 3849 1489 et

2265 1528 2470 1581 rursus,
2522 1513 2619 1569 Ubi
2649 1529 2759 1566 sum
2788 1528 2912 1583 ego,
2954 1512 3067 1566 volo
3097 1520 3147 1566 ut
3187 1511 3241 1565 hi
3281 1524 3477 1582 quoque
3518 1513 3619 1567 sint
3666 1512 3846 1584 (Joan.

2266 1607 2352 1661 t7.
2380 1605 2496 1677 at).

2334 1698 2390 1752 2.
2425 1697 2491 1752 Et
2518 1697 2570 1752 111
2595 1696 2842 1752 011111111115
2869 1695 2982 1752 fere
3007 1686 3247 1768 epistolis
3295 1695 3477 1752 studet
3525 1696 3627 1751 hoc
3654 1694 3852 1751 4151011-

2266 1791 2429 1856 dere,
2458 1789 2601 1859 quod
2635 1800 2817 1845 nostra
2845 1788 2953 1843 itan
2982 1789 3090 1843 sint
3118 1789 3354 1843 recentia
3376 1830 3390 1855 ,
3435 1787 3530 1843 sed
3568 1788 3678 1858 jam
3722 1788 3849 1843 olint

2267 1883 2544 1939 el'l'ormata
2574 1884 2683 1938 sint
2706 1891 3071 1952 eteXprcssa;
3114 1895 3286 1952 neque
3307 1897 3372 1934 ex
3396 1896 3460 1935 eo
3500 1880 3642 1950 quod
3684 1881 3849 1935 Deum

2270 1976 2604 2045 ptenitucrit,
2637 1973 2732 2030 sed
2754 1988 2841 2029 res
2889 1974 2960 2027 ita
2999 1971 3197 2028 iuerint
3241 1972 3564 2040 dispensata:
3608 1981 3683 2026 ea
3714 1987 3851 2040 pra:-

2270 2069 2569 2124 destinatae.
2601 2067 2714 2122 lloc
2740 2075 2918 2121 autem
2947 2074 3030 2119 est
3076 2065 3257 2119 multa:
3301 2063 3672 2134 providentiae.
3713 2061 3854 2131 Quid

2272 2168 2354 2215 est
2378 2199 2392 2224 ,
2422 2158 2587 2228 Elegit
2618 2157 2670 2210 in
2702 2159 2812 2227 ipso
2834 2157 2860 2209 1’
2893 2155 2994 2210 Per
3022 2154 3179 2210 iidem
3206 2154 3257 2208 in
3288 2154 3459 2224 ipsum
3488 2153 3729 2208 Christus
3754 2154 3858 2209 hoc

2271 2249 2528 2322 pra-clare
2553 2248 3046 2319 gessitpriusquam
3093 2245 3214 2299 laeti
3255 2259 3532 2311 essemus,
3580 2245 3687 2298 imo
3731 2248 3858 2299 vero

2274 2342 2580 2412 priusquam
2625 2339 2945 2393 constitutus
2986 2347 3128 2391 esset
3166 2335 3416 2389 mundus.
3470 2335 3633 2389 Recte
3679 2344 3857 2388 autent

2273 2434 2707 2490 constitutionem
2747 2429 3030 2501 appellarit
3076 2437 3342 2490 καταεςλὴν
3377 2469 3393 2495 ,
3443 2427 3493 2482 111
3537 2436 3617 2481 051
3644 2467 3657 2490 ,
3714 2427 3860 2495 deje-

2274 2526 2528 2591 ctionem,
2553 2535 2819 2594 tamquam
2842 2537 2871 2575 a
2900 2535 3084 2591 magna
3106 2521 3278 2591 aliqua
3300 2519 3577 2574 altitudine
3594 2518 3861 2586 dejectum

2277 2619 2447 2688 ipsum
2472 2614 2780 2671 ostendens.
2810 2613 2996 2683 Ma‘gna
3025 2604 3275 2667 0111111051
3303 2652 3317 2676 ,
3350 2622 3404 2664 ct
3442 2626 3558 2681 qua;
3601 2610 3706 2664 dici
3753 2627 3859 2663 non

2278 2718 2471 2780 potest,
2499 2709 2591 2763 Dei
2620 2706 2881 2770 altitudo,
2929 2717 3037 2759 non
3082 2704 3240 2770 loco,
3282 2703 3377 2758 5011
3423 2702 3565 2772 quod
3617 2703 3864 2772 superius

2277 2812 2460 2858 evecta
2491 2801 2561 2855 sit
2588 2799 2707 2870 ejus
2733 2808 2957 2863 natura;
3006 2804 3062 2852 et
3104 2810 3355 2864 magnum
3400 2804 3482 2849 est
3520 2794 3865 2849 interstitinm

2280 2896 2418 2949 inter
2445 2908 2558 2948 rem
2586 2900 2821 2947 creatam
2852 2896 3253 2944 etcrcatorctn.
3304 2887 3638 2941 Erubescant
3689 2887 3866 2941 haere-

2283 2986 2370 3039 tici
2403 2984 2480 3054 (a)
2513 2987 2627 3036 haec
2653 2979 2955 3035 audientes.
2979 2977 3117 3043 Quid
3156 2989 3337 3035 autem
3387 2976 3595 3045 elegit?
3632 2974 3699 3030 Ut
3734 2986 3869 3030 essc-

2240 3132 2247 3139 ,
2284 3094 2392 3130 111115
2417 3075 2581 3130 sancti
2606 3084 2652 3128 et
2675 3071 2985 3126 immaculati
3023 3072 3075 3124 in
3108 3079 3379 3139 conspectu
3428 3072 3563 3140 ejus.
3616 3069 3695 3125 Nc
3738 3086 3870 3141 ergo

2282 3169 2504 3224 audiens
2532 3166 2670 3237 quod
2699 3165 2951 3237 elegerit,
2995 3164 3151 3218 iidem
3182 3164 3350 3218 solam
3382 3162 3631 3219 sufﬁcere
3676 3173 3828 3233 putes
3854 3206 3868 3230 ,

2287 3265 2445 3317 vitam
2492 3261 2652 3317 etiam
2709 3259 2856 3315 addit
2890 3277 2905 3315 :
2934 3258 3227 3328 Propterea
3253 3299 3268 3325 ,
3319 3259 3523 3329 inquit,
3567 3276 3665 3315 nos
3711 3261 3874 3332 elegit

2285 3357 2445 3410 etiam
2472 3354 2538 3408 ad
2566 3353 2702 3418 hoc,
2737 3362 2794 3406 ut
2820 3365 3062 3407 0550111115
3090 3350 3260 3405 sancti
3289 3361 3344 3406 et
3361 3351 3719 3405 .innnaculati.
3746 3352 3873 3406 Eie-

2285 3449 2360 3519 git
2404 3448 2567 3503 etiam
2612 3444 2903 3514 aliquando
2951 3442 3186 3497 1111110115.
3234 3441 3563 3509 Quomodo?
3613 3442 3870 3506 Gentem,

2288 3541 2491 3610 inquit,
2541 3539 2678 3592 hanc
2723 3537 2883 3606 elegit
2927 3550 2992 3590 ex
3032 3534 3279 3605 gentibus
3309 3534 3504 3603 (Deut.
3532 3519 3585 3590 7.
3628 3534 3680 3589 6.
3707 3546 3752 3587 et
3789 3537 3873 3590 M.

2287 3633 2322 3686 ‘2
2342 3636 2385 3701 ).
2413 3630 2468 3687 Si
2497 3639 2677 3684 autem
2715 3628 2963 3683 homines
2989 3628 3248 3696 eligentes
3278 3643 3395 3695 qua:
3421 3636 3544 3679 .-unt
3580 3626 3779 3697 optima
3824 3637 3880 3682 et

2292 3722 2648 3795 pulcherrima
2670 3721 2873 3791 eligunt
2894 3758 2911 3786 ,
2942 3719 3107 3774 multo
3138 3719 3306 3788 magis
3337 3718 3496 3773 Deus.

2360 3814 2541 3870 Sancti
2564 3813 2771 3883 quinam
2790 3826 2902 3866 vere
2921 3810 3041 3864 sint.
3066 3838 3138 3848 —
3161 3809 3373 3863 Eiectos
3393 3822 3607 3877 quoque
3630 3822 3770 3874 esse,
3794 3820 3884 3864 est

2294 3916 2350 3961 01
2375 3907 2466 3962 1)οἰ
2492 3903 2835 3974 benignitatis
2862 3915 2925 3956 ac
2949 3900 3247 3954 010111011ιίςο
3292 3908 3345 3953 01
3383 3897 3622 3967 ipsorum
3664 3898 3884 3953 virtutis

2293 3998 2591 4054 indicium:
2632 3992 2851 4051 omnino
2897 3991 3037 4046 enim
3095 3990 3344 4060 probatos
3403 3987 3600 4059 elegit,
3658 3988 3886 4058 ipseque

2297 4108 2395 4147 nos
2428 4091 2548 4145 fecit
2578 4098 2825 4151 sanctos;
2857 4083 2951 4140 scd
2975 4090 3184 4153 Oportet
3223 4095 3437 4135 manere
3477 4087 3708 4134 sanctos.
3738 4079 3885 4134 San-

2295 4196 2413 4240 ctus
2442 4184 2525 4239 est
2553 4181 2643 4252 qui
2670 4189 2752 4235 est
2773 4178 3042 4249 particeps
3070 4175 3212 4240 111101,
3242 4173 3332 4244 qui
3360 4181 3445 4227 est
3473 4171 3880 4237 immaculatus,

2293 4277 2386 4348 qui
2414 4275 2576 4329 vitam
2608 4271 2766 4326 habet
2790 4271 2843 4323 in
2869 4284 3028 4339 quam
3053 4266 3196 4320 nulla
3219 4264 3358 4319 cadit
3382 4260 3752 4333 reprehensio.
3772 4262 3889 4320 Sed

2296 4386 2402 4424 non
2434 4376 2637 4421 tantum
2670 4360 2862 4432 quaerit
2903 4359 3278 4422 sanctitatem,
3331 4365 3385 4411 et
3428 4364 3485 4409 ut
3534 4355 3662 4409 nulli
3710 4355 3891 4410 simus

2296 4461 2488 4514 attines
2515 4451 2946 4524 reprehensioni,
2980 4449 3074 4505 sed
3108 4457 3373 4503 utcoram
3399 4446 3517 4517 ipso
3543 4448 3677 4501 talcs
3716 4461 3894 4517 appa.

2296 4564 2530 4605 t-eatnus.
2561 4546 2697 4601 Sunt
2721 4542 2865 4597 enim
2892 4539 3061 4596 sancti
3087 4549 3140 4594 et
3167 4536 3487 4592 innnacnlati
3511 4577 3525 4600 ,
3554 4535 3647 4591 sed
3678 4537 3766 4606 qui
3805 4538 3893 4593 sic

2297 4642 2671 4698 existimantur
2698 4636 2766 4691 ab
2791 4633 3129 4698 hominibus,
3174 4630 3261 4701 qui
3294 4637 3417 4684 sunt
3454 4628 3658 4683 similes
3698 4629 3890 4698 sepul-

2298 4735 2406 4791 cris
2434 4730 2729 4794 dealbatis,
2772 4728 2917 4783 velut
2944 4726 3036 4796 qui
3082 4723 3249 4794 pelles
3286 4721 3482 4775 habent
3525 4720 3725 4774 ovium.
3773 4720 3889 4775 Sed

2301 4843 2406 4882 non
2449 4822 2644 4895 qtuerit
2696 4821 2864 4886 tales,
2924 4832 3111 4874 verum
3159 4814 3347 4884 quales
3389 4812 3517 4867 dicit
3580 4810 3842 4881 propheta
3871 4854 3897 4881 ,ί

2301 4919 2367 4974 Et
2398 4915 2676 4973 secundum
2706 4909 2977 4985 puritatem
3001 4924 3242 4962 manuunt
3280 4921 3505 4959 mearum
3554 4903 3738 4975 (Psal.
3790 4906 3886 4959 17.

2298 5010 2427 5081 9.5).
2481 5003 2822 5075 Quamnam?
2865 5000 3071 5068 Quaerit
3118 4990 3475 5052 511110111010111-
3516 5011 3636 5065 qua:
3686 5005 3770 5049 est
3828 4994 3888 5050 in

2300 5107 2592 5169 conspectu
2622 5094 2899 5150 oculorum
2930 5090 3045 5159 ejus
3068 5131 3083 5155 ,
3131 5102 3288 5158 quam
3340 5086 3432 5140 Dei
3484 5085 3632 5141 videt
3670 5086 3886 5142 oculus.

2305 5194 2504 5248 ll‘orbm
2544 5189 2794 5259 praeclara
2822 5193 2971 5255 gesta
2997 5181 3171 5246 dixit,
3211 5189 3265 5235 et
3308 5193 3494 5232 rursus
3543 5178 3608 5230 ad
3656 5179 3888 5248 gratiam

2301 5278 2543 5343 ascendit
2569 5292 2622 5338 et
2651 5282 2726 5335 ait
2755 5298 2767 5332 :
2800 5274 2864 5332 In
2896 5276 3107 5330 caritate
3127 5316 3141 5340 ,
3169 5273 3223 5329 5.
3253 5273 3339 5341 qui
3362 5270 3735 5340 praulestinavit
3771 5286 3887 5323 nos.

2301 5380 2416 5437 Non
2449 5379 2590 5433 enim
2615 5371 3025 5429 litalabo'ribus
3066 5377 3119 5420 et
3164 5368 3358 5436 gestis,
3398 5363 3493 5418 sed
3544 5378 3573 5417 a
3618 5364 3888 5427 caritate;

2303 5487 2476 5540 neque
2507 5482 2539 5521 a
2567 5466 2792 5521 caritate
2819 5461 3029 5523 solum,
3058 5457 3150 5514 sed
3179 5457 3339 5511 etiam
3369 5470 3396 5507 a
3446 5464 3635 5511 nostra,
3665 5451 3887 5507 virtute.

2302 5562 2433 5616 Nam
2460 5559 2504 5612 si
2537 5574 2564 5612 a
2596 5550 2980 5622 caritate'sola,
3006 5555 3281 5619 oporteret
3300 5560 3488 5601 onmes
3514 5559 3634 5599 esse
3663 5543 3841 5598 saltos
3868 5560 3886 5596 :

2301 5657 2343 5711 si
2372 5662 2548 5708 autem
2583 5662 2769 5703 rursus
2798 5660 2826 5699 a
2854 5654 3034 5699 nostra
3065 5642 3179 5696 sola
3203 5639 3421 5705 virtute,
3445 5648 3889 5708 supervacaneus

2302 5746 2489 5802 fuisset
2517 5741 2635 5811 ejus
2662 5738 2942 5800 adventus,
2973 5740 3027 5787 et
3052 5744 3403 5802 quaecumque
3446 5727 3582 5782 facta
3623 5735 3744 5781 sunt
3788 5739 3888 5794 per

2365 5900 2436 5960 (11)
2462 5896 2741 5948 11111111111105
2760 5890 2837 5941 1110
2860 5895 3030 5939 notare
3049 5884 3260 5939 videtur.
