4108 6312
149 363 210 416 ιτ.
1065 357 1134 417 ut
1173 356 1389 417 EPIST.
1433 363 1525 418 AD
1566 352 1808 417 cenes.
1850 355 2001 419 car.
2048 364 2088 420 ι.
2133 350 2366 422 noinL.
2409 367 2452 422 t.
3120 418 3134 432 .
3360 375 3424 428 it

137 477 619 546 dispensationem.
656 475 761 530 Sed
786 473 960 545 neque
981 491 1011 528 a
1035 476 1145 529 sola
1175 477 1400 530 caritate
1427 515 1440 539 ,
1486 490 1658 544 neque
1695 490 1724 527 a

138 581 320 636 nostra
369 571 600 633 virtute,
652 568 744 623 sed
782 584 846 623 ex
893 568 1154 637 utrisque.
1203 565 1369 638 Elegit
1413 567 1556 621 enim
1598 583 1722 632 nos,

139 673 314 733 inquit
346 681 358 716 :
388 664 476 732 qui
507 671 686 716 autem
714 662 894 730 eligit,
924 663 1025 717 scit
1047 661 1173 731 quid
1196 662 1377 731 eligat.
1406 660 1470 714 In
1492 660 1723 723 caritate,

135 755 331 822 inquit,
365 755 737 824 praedestinavit
766 771 874 808 nos.
911 754 1122 808 Nullum
1152 753 1295 807 enim
1325 753 1531 806 salvum
1560 753 1724 807 fecis—

131 854 216 897 siet
243 845 433 912 virtus,
467 845 567 898 nisi
596 854 740 900 esset
769 845 986 899 caritas.
1035 844 1202 910 Nam,
1251 844 1339 898 die
1383 844 1546 910 mihi,
1595 844 1724 913 quid

134 937 426 1002 profuisset
455 936 642 1002 Paulo,
673 948 724 990 et
751 936 878 1005 quid
909 935 1174 990 effecisset
1198 975 1213 999 ,
1246 936 1344 989 nlsi
1380 935 1551 1004 ipsum
1596 949 1721 989 ενοι

129 1041 313 1081 casset
335 1044 366 1082 e
391 1029 616 1097 superis,
647 1037 700 1082 et
724 1028 978 1081 dilectum
995 1028 1061 1082 ad
1088 1043 1145 1083 se
1169 1029 1461 1084 traxisset?
1483 1028 1719 1096 alioquin

129 1128 340 1186 autem,
369 1119 510 1188 quod
535 1131 640 1174 tam
674 1121 854 1174 multis
878 1119 1126 1188 dignatus
1163 1118 1264 1183 sit,
1304 1119 1543 1173 caritatis
1583 1119 1678 1172 fuit
1703 1159 1719 1183 ,

128 1225 238 1264 non
273 1221 469 1264 nostra:
499 1211 732 1264 virtutis.
766 1209 896 1264 Nam
927 1208 1089 1264 fuisse
1105 1210 1275 1266 benos
1295 1221 1348 1264 et
1370 1209 1563 1264 virtute
1587 1225 1722 1277 pra!-

127 1305 274 1359 ditos
321 1315 373 1359 et
411 1303 714 1358 credidiSse
758 1311 814 1358 et
856 1303 1153 1357 accessisse
1177 1345 1191 1367 ,
1243 1301 1342 1356 fuit
1372 1301 1472 1357 hoc
1499 1300 1718 1372 quidem

125 1395 248 1462 ejus
279 1395 368 1463 qui
404 1395 646 1458 vocavit,
680 1394 771 1448 sed
797 1404 1036 1448 nostrum
1063 1409 1275 1464 quoque
1308 1410 1322 1446 :
1354 1395 1496 1464 quod
1537 1405 1715 1448 autem

123 1504 250 1542 cum
282 1487 698 1542 acccssissemus
721 1497 827 1541 tam
845 1489 1026 1541 multis
1046 1488 1293 1558 dignatus
1313 1489 1383 1541 sit
1401 1488 1715 1548 honoribus,

123 1590 179 1630 ut
227 1579 514 1632 confestim
551 1594 614 1632 ex
666 1579 940 1634 inimicitia
969 1578 1192 1634 duceret
1227 1578 1294 1632 ad
1341 1578 1570 1633 ﬁliorum
1617 1578 1714 1631 ad-

121 1670 400 1736 optionem
421 1710 437 1735 ,
467 1681 549 1725 est
599 1686 658 1725 re
685 1686 808 1726 vera
835 1671 1206 1741 essnperantis
1230 1671 1488 1725 caritatis.
1525 1672 1626 1739 Qui
1666 1673 1718 1725 in

120 1762 360 1827 caritate,
393 1763 584 1832 inquit,
617 1763 993 1832 praedestinavit
1026 1778 1116 1816 nos
1144 1763 1196 1815 in
1225 1764 1551 1833 adoptionem
1577 1763 1715 1831 ﬁlio.

118 1867 235 1904 rum
288 1870 379 1922 per
420 1853 596 1907 Iesum
645 1854 898 1909 Christum
945 1855 998 1907 in
1041 1855 1225 1923 ipsum.
1263 1854 1421 1908 Vides
1447 1855 1717 1924 quomodo

119 1945 256 1998 nihil
291 1946 409 1999 sine
438 1945 691 1999 Christo?
718 1946 988 2015 quomodo
1033 1934 1170 1999 nihil
1208 1945 1325 2000 sine
1374 1946 1574 2001 Patre?
1622 1947 1716 2000 Ille

119 2036 560 2103 praedestinavit,
596 2037 682 2090 hic
708 2039 946 2091 adduxit.
984 2038 1048 2091 Et
1095 2037 1208 2092 ha'c
1253 2039 1401 2107 ponit
1451 2041 1714 2093 extollens

115 2145 239 2195 qua:
273 2128 410 2181 facta
443 2139 598 2194 sunt,
631 2130 762 2182 sicut
793 2129 952 2182 etiam
998 2129 1128 2183 dicit
1172 2129 1298 2183 alibi
1331 2147 1344 2182 :
1383 2129 1502 2183 Non
1551 2132 1713 2184 solum

114 2230 313 2280 autem,
345 2219 434 2272 scd
458 2221 605 2272 etiam
635 2220 912 2288 gloriamur
943 2238 1032 2290 per
1061 2220 1336 2275 Dominum
1363 2233 1592 2276 nostrum
1617 2223 1710 2278 Je-

115 2328 230 2364 snm
263 2309 522 2364 Christum
565 2310 756 2380 (Rom.
807 2313 860 2367 5.
912 2313 968 2366 Η
995 2314 1037 2382 ).
1085 2313 1215 2367 Nam
1265 2330 1454 2384 magna
1495 2316 1709 2386 quidem

114 2412 240 2456 sunt
269 2419 391 2472 qua:
420 2403 540 2457 data
570 2413 723 2468 sunt,
755 2405 921 2458 multo
948 2417 1124 2460 autem
1159 2407 1292 2459 ﬁunt
1318 2408 1542 2476 majora,
1571 2409 1709 2477 quod

114 2495 238 2547 data
272 2497 382 2549 sint
412 2511 507 2565 per
534 2495 840 2560 Christum;
875 2497 1013 2564 quod
1044 2514 1146 2551 non
1175 2500 1477 2568 quempiam
1508 2516 1570 2553 ex
1599 2515 1711 2554 ser-

112 2587 195 2639 vis
223 2586 432 2640 miserit
458 2587 524 2641 ad
557 2603 766 2652 servos,
796 2587 888 2642 sed
919 2589 1090 2657 ipsum
1124 2588 1483 2658 Unigenitum.
1516 2591 1711 2645 Secun-

112 2679 236 2730 dum
289 2682 624 2746 prepositum,
677 2681 868 2748 inquit,
901 2672 1175 2735 {voluntatis
1204 2698 1333 2744 επακ
1360 2683 1412 2737 id
1446 2693 1549 2749 est,
1582 2699 1707 2752 pro-

114 2777 305 2836 pterea
332 2770 472 2838 quod
505 2771 660 2825 valde
691 2773 834 2826 velit.
881 2772 992 2828 lloc
1015 2782 1118 2848 est,
1155 2784 1208 2828 ιιι
1239 2775 1308 2828 ita
1345 2777 1515 2830 dicam
1544 2817 1558 2841 ,
1592 2778 1708 2845 ejus

109 2859 465 2914 desiderium.
499 2860 708 2930 Ubique
758 2864 899 2916 enim
947 2869 1136 2918 εὐδοκία
1166 2865 1308 2936 (hoc
1355 2869 1498 2921 enim
1552 2884 1711 2922 voca-

110 2951 302 3005 bulum
335 2951 422 3007 hic
463 2963 688 3022 usurpat
715 2954 953 3026 Paulus)
984 2965 1065 3010 est
1097 2958 1342 3012 voluntas
1376 2961 1627 3030 princeps
1654 2971 1708 3014 et

107 3059 231 3112 qnze
258 3045 517 3114 pra-cedit
539 3063 551 3098 :
573 3056 656 3100 est
681 3048 822 3102 enim
850 3050 1007 3101 etiam
1036 3049 1135 3102 alia
1167 3051 1415 3105 voluntas
1449 3068 1461 3105 :
1495 3061 1704 3121 utputa.

107 3139 362 3192 voluntas
389 3139 557 3207 prima
603 3150 706 3205 est,
740 3150 798 3194 ιιι
826 3156 932 3194 non
966 3151 1188 3210 pereant
1229 3144 1320 3213 qui
1369 3158 1654 3213 peccaront
1689 3164 1700 3199 :

105 3231 363 3285 voluntas
404 3232 635 3286 secunda
667 3243 768 3298 est,
803 3243 858 3285 ut
882 3234 970 3303 qui
1002 3233 1124 3288 facti
1153 3245 1276 3289 sunt
1305 3237 1427 3289 mali
1459 3248 1698 3307 pereant.

104 3317 224 3377 Non
273 3325 419 3378 enim
472 3341 564 3380 eos
608 3327 831 3394 castigat
858 3328 1150 3380 necessitas
1173 3369 1187 3393 ,
1218 3328 1311 3382 sed
1346 3331 1613 3384 voluntas.
1649 3331 1701 3383 ιιι

105 3415 273 3468 etiam
308 3414 488 3470 videre
539 3416 666 3470 licet
719 3417 769 3469 in
799 3416 981 3482 Paulo,
1013 3426 1069 3470 ιιι
1112 3420 1326 3487 quando
1370 3421 1517 3486 dicit,
1575 3420 1702 3475 Volo

104 3520 286 3556 onmcs
330 3505 557 3558 homines
605 3522 711 3558 esse
755 3508 885 3559 sicut
912 3508 1160 3576 meipsum
1186 3519 1206 3571 ξ
1230 3518 1283 3562 et
1313 3525 1499 3564 rursus
1526 3553 1538 3573 ,
1579 3511 1703 3564 Volo

98 3597 337 3665 juniores
375 3598 614 3659 nubere,‘
634 3598 769 3665 ﬁlios
821 3600 1129 3667 procreare(
1166 3602 1216 3653 l.
1267 3598 1385 3654 Cor.
1428 3601 1481 3655 7.
1532 3602 1594 3658 7;
1650 3604 1699 3656 1.

105 3687 244 3741 Tim.
283 3688 336 3743 5.
371 3688 491 3758 14).
519 3692 749 3741 Εὺδοκίοιν
776 3705 903 3758 ergo
933 3691 1156 3758 primam
1183 3691 1312 3744 dicit
1339 3693 1698 3760 voluntatem,

105 3781 254 3832 illam
287 3795 406 3847 quae
434 3789 515 3833 est
559 3779 849 3835 vehemens
877 3790 932 3835 et
952 3781 1224 3836 desiderio
1259 3774 1443 3853 ju'ncta
1477 3800 1702 3854 persua-

104 3875 320 3924 sionem
356 3889 368 3921 :
403 3886 509 3924 non
562 3871 704 3923 enim
755 3872 1016 3926 recusabo
1056 3872 1290 3927 dictione
1338 3874 1414 3928 uti
1461 3890 1702 3930 commu-

106 3962 285 4023 niore,
321 3969 377 4013 ut
406 3961 823 4029 simplicioribus
853 3977 939 4016 res
969 3963 1035 4016 sit
1065 3964 1350 4018 dilucidior
1379 3983 1392 4018 :
1423 3967 1500 4020 sic
1522 3969 1662 4021 enim
1684 4010 1697 4029 ,

104 4068 206 4106 nos
233 4052 480 4113 dicimus,
516 4062 641 4108 κατὰ
667 4065 720 4106 τὸ
747 4069 920 4113 πεῖσμα
952 4057 1109 4122 ἡμῶν,
1143 4057 1192 4110 id
1239 4067 1320 4111 est
1347 4100 1360 4122 ,
1405 4061 1696 4115 secundum

108 4144 516 4210 persuasionem
563 4154 820 4198 nostram.
871 4145 982 4199 Hoc
1027 4161 1155 4215 ergo
1207 4147 1307 4201 sibi
1358 4150 1512 4203 vult:
1546 4151 1701 4207 valde

105 4236 278 4304 cupit,
312 4236 461 4290 valde
489 4236 758 4290 desiderat
785 4247 1018 4291 nostram
1046 4238 1295 4292 salutem.

179 4326 363 4380 Gratia
384 4338 506 4382 esta
531 4328 977 4383 bonitate.—Cnr
1017 4329 1093 4383 sic
1122 4345 1220 4383 nos
1262 4333 1447 4385 amat?
1489 4349 1584 4386 cur
1625 4337 1702 4389 sic

106 4435 209 4473 nos
231 4420 443 4488 diligit?
470 4422 511 4474 A
543 4421 654 4474 sola
690 4421 924 4476 bonitate
954 4439 967 4475 :
995 4423 1164 4490 gratia
1193 4423 1334 4477 enim
1361 4433 1443 4478 est
1469 4441 1496 4477 a
1544 4427 1699 4480 honi-

107 4519 238 4563 tate.
269 4510 556 4579 Propterea
586 4511 752 4576 dicit,
803 4509 1189 4566 Prwdestinarit
1231 4531 1322 4567 nos
1362 4515 1414 4567 in
1462 4517 1702 4584 adoptio-

107 4619 221 4656 nem
255 4602 498 4669 ﬁliorum,
535 4603 753 4666 volens,
788 4613 840 4656 et
867 4603 1152 4658 admodum
1184 4606 1403 4669 volens,
1435 4617 1492 4660 ut
1522 4621 1702 4664 osten-

105 4693 270 4746 datur
292 4693 456 4762 gloria
483 4693 598 4760 ejus
620 4693 829 4760 gratite.
862 4693 1152 4747 Secundum
1185 4698 1501 4764 propositum
1524 4700 1703 4752 volun-

106 4787 224 4838 tatis
253 4801 378 4848 sutc,
412 4786 601 4853 inquit,
633 4788 685 4838 6.
718 4787 770 4837 in
799 4786 1000 4838 laudem
1031 4789 1208 4855 gloriw
1234 4789 1412 4856 gratia'
1458 4807 1564 4844 sua:
1589 4834 1601 4855 ,
1648 4794 1700 4847 in

105 4895 206 4945 qua
250 4879 556 4947 grati/icavit
597 4895 686 4931 nos
733 4880 785 4931 in
833 4879 1034 4932 dilecto.
1090 4879 1158 4934 Ut
1208 4883 1558 4948 ostendatur,
1617 4885 1700 4938 in-

107 4972 242 5037 quit,
275 4968 442 5039 gloria
477 4969 591 5038 ejus
619 4971 836 5039 graiize,
871 4971 922 5023 in
952 4988 1052 5038 qua
1104 4987 1200 5025 nos
1245 4984 1428 5042 gratos
1477 4973 1602 5028 fecit
1649 4977 1698 5028 in

106 5063 136 5113 ιι
163 5062 325 5115 lecto.

177 5156 234 5208 3.
271 5154 408 5221 Ergo
438 5153 480 5205 si
511 5152 574 5203 ad
613 5152 711 5204 hoc
740 5163 921 5219 gratos
954 5155 1109 5214 fecit,
1163 5155 1214 5206 in
1260 5154 1466 5208 laudem
1517 5157 1700 5224 gloria,-

105 5247 295 5314 gratite
321 5245 434 5313 ejus
460 5284 475 5307 ,
507 5255 557 5298 et
591 5254 645 5296 ιιι
670 5246 978 5299 ostenderet
1019 5245 1134 5314 ejus
1178 5247 1436 5315 gratiam;
1483 5263 1699 5300 manca—

108 5357 227 5391 nith
257 5341 308 5390 in
343 5340 476 5404 ipsa.
512 5339 591 5390 Ad
622 5339 823 5390 laudent
855 5339 1052 5408 gloriae.
1083 5340 1219 5404 Quid
1253 5341 1352 5392 sibi
1387 5341 1497 5393 vult
1528 5341 1655 5392 illttd
1679 5341 1700 5390 ’ἓ

107 5429 507 5499 utquisipsum
544 5429 766 5481 laudet?
807 5440 857 5480 ut
905 5429 1023 5497 quis
1075 5430 1244 5498 ipsum
1299 5431 1596 5499 gloriﬁcct?
1647 5441 1705 5484 ιιι

109 5538 229 5583 nos,
263 5521 474 5588 angeli,
510 5519 811 5587 archangeli
837 5519 858 5570 ?
884 5520 977 5573 sed
1010 5530 1061 5573 et
1089 5521 1265 5573 omnis
1307 5522 1591 5574 creatura?
1641 5522 1703 5574 Et

108 5614 237 5680 quid
272 5613 411 5666 hoc?
441 5611 584 5665 Nihil
617 5628 628 5661 :
664 5612 802 5664 Deus
845 5612 985 5665 enim
1039 5612 1184 5665 nullo
1235 5623 1375 5681 eget.
1421 5611 1529 5666 Cur
1574 5629 1704 5681 ergo

109 5707 220 5759 vult
246 5723 272 5756 a
306 5703 460 5757 nobis
488 5701 692 5754 laudari
719 5711 773 5753 et
804 5701 1126 5769 glorilicari?
1172 5702 1236 5756 Ut
1267 5703 1318 5755 iu
1347 5703 1517 5771 ipsum
1568 5706 1705 5756 cari-

113 5805 200 5845 tas
221 5807 284 5848 :ll
316 5796 367 5848 in
400 5794 556 5847 nobis
584 5791 896 5847 ferventior.
934 5793 1008 5845 Et
1032 5794 1229 5848 nostris
1248 5796 1387 5848 enim
1407 5794 1534 5848 nihil
1562 5794 1702 5847 aliud

1835 478 1984 544 cupit
2005 494 2164 547 quam
2197 492 2434 535 nostram
2465 482 2693 538 salutem
2726 500 2739 535 :
2774 499 2878 538 non
2912 483 3289 551 ministerium,
3319 503 3425 541 non

1832 567 2076 637 gloriam,
2103 587 2208 625 non
2239 573 2439 643 aliquid
2468 574 2632 640 aliud,
2661 584 2714 629 et
2741 587 2958 645 propter
2991 578 3092 633 hoc
3143 579 3268 633 facit
3310 595 3427 634 om-

1835 660 1942 715 nia.
1973 661 2104 715 Nam
2135 665 2224 732 qui
2268 665 2448 720 laudat
2500 676 2554 720 et
2605 668 2901 722 admiratur
2947 685 3064 724 eam
3111 688 3230 740 qua:
3273 673 3324 726 in
3360 685 3420 724 se

1835 743 1968 806 facta
2001 762 2082 806 est
2118 756 2364 823 gratiam,
2397 759 2652 812 attentior
2677 759 2780 812 erit
2820 759 3250 830 et'diligentior.
3306 766 3422 828 Qua

1830 844 2133 912 gratiﬁcavit
2164 862 2277 910 nos,
2309 847 2498 917 inquit.
2532 848 2646 903 Non
2675 851 2828 915 dixit,
2855 857 2906 912 ἧς
2930 857 3206 924 ἐχαρίσατο,
3239 854 3289 908 id
3319 865 3421 920 est,

1829 948 1987 1000 quam
2018 937 2184 1004 gratis
2213 937 2466 1002 donavit,
2495 941 2588 993 sed
2627 946 2939 1010 ἐχαρίτωσεν,
2973 943 3024 995 id
3070 952 3185 1008 est,
3236 954 3423 1013 gratos

1831 1022 1955 1077 fecit
1989 1042 2002 1077 :
2037 1025 2140 1081 hoc
2170 1037 2272 1093 est,
2305 1044 2408 1082 non
2436 1031 2608 1084 solum
2640 1032 2891 1086 liberavit
2916 1049 2945 1085 a
2997 1037 3229 1102 peccatis
3255 1077 3270 1100 ,
3322 1037 3418 1090 sed

1829 1116 1988 1170 etiam
2024 1115 2146 1172 fecit
2183 1121 2460 1176 amabiles.
2503 1123 2964 1189 Quemadmodum
3017 1129 3160 1181 enim
3211 1129 3254 1182 si
3301 1132 3418 1198 qnis

1827 1209 2130 1264 scabiosum
2157 1220 2211 1266 et
2239 1222 2388 1281 peste
2410 1230 2474 1268 ac
2505 1215 2693 1268 morbo
2733 1217 2994 1287 senioque
3025 1230 3079 1272 et
3104 1227 3419 1287 paupertate

1825 1314 1889 1352 ac
1917 1298 2058 1355 fame
2083 1303 2387 1359 confectum
2411 1316 2464 1359 et
2496 1306 2780 1375 perditum,
2811 1311 2990 1362 statim
3019 1309 3314 1366 formosum
3343 1312 3419 1365 fe-

1824 1391 1961 1446 cerit
1986 1392 2261 1460 juvenem,
2289 1412 2478 1451 omnes
2509 1398 2754 1454 homines
2778 1401 3174 1468 pulchritudine
3197 1404 3420 1459 vincen-

1827 1493 1954 1548 tem,
1987 1498 2016 1536 e
2045 1485 2196 1553 genis
2215 1487 2430 1556 quidem
2457 1490 2797 1556 srlenilorem
2847 1493 3002 1547 valde
3041 1494 3371 1548 emittentem
3392 1535 3409 1559 ,

1825 1583 1876 1625 et
1905 1576 2212 1631 micantium
2239 1579 2512 1634 oculorum
2538 1580 2980 1650 ejaculalionibus
3010 1572 3140 1641 solis
3177 1586 3416 1657 fulgores

1823 1668 2219 1734 occultantem;
2248 1670 2444 1726 deinde
2483 1687 2604 1727 eum
2651 1675 2990 1730 constituerit
3030 1677 3081 1730 in
3125 1678 3241 1747 ipso
3281 1680 3416 1735 flore

1821 1760 2016 1822 :etatis,
2049 1769 2103 1814 et
2133 1771 2315 1829 postea
2347 1779 2468 1817 enm
2499 1780 2734 1834 purpura
2781 1767 3014 1822 induerit
3054 1777 3110 1823 et
3157 1770 3410 1826 diadema

1824 1847 2158 1918 imposuerit,
2189 1861 2243 1905 et
2273 1853 2418 1906 omni
2448 1855 2598 1922 regio
2641 1867 2832 1909 ornatu
2863 1855 3133 1912 decorarit
3163 1876 3176 1911 :
3211 1860 3280 1913 ita
3312 1875 3410 1915 no-

1821 1949 1985 1992 stram
2020 1941 2268 1995 instruxit
2295 1944 2588 2006 et,ornavit
2616 1947 2868 2010 animam,
2907 1948 3289 2019 pulchramque
3329 1950 3410 2006 fc-

1821 2032 1913 2097 cit,
1945 2032 2356 2088 desiderabilem
2387 2045 2442 2089 et
2470 2036 2776 2090 amabilem.
2809 2039 3045 2107 Cupiunt
3072 2041 3214 2094 enim
3237 2043 3409 2112 angeli

1823 2125 1981 2178 talem
2007 2125 2247 2194 aspicere
2268 2127 2524 2192 animam,
2553 2127 2864 2198 archangeli
2892 2146 3106 2200 quoque
3129 2141 3184 2186 et
3221 2147 3412 2187 omnes

1819 2219 1936 2271 alia:
1959 2217 2219 2272 Virtutes.
2256 2219 2327 2272 Ita
2357 2235 2454 2274 nos
2480 2222 2639 2273 etiam
2685 2221 2809 2275 fecit
2857 2223 3310 2292 gratiusissimos,
3356 2236 3412 2279 et

1819 2309 1918 2362 sibi
1946 2310 2349 2364 desiderabiles.
2378 2310 2706 2380 Concupiscet
2732 2315 2896 2378 enim,
2930 2315 3122 2384 inquit,
3159 2317 3266 2370 Rea:
3289 2335 3408 2386 spe-

1819 2401 1945 2452 ciem
1984 2411 2123 2452 tuam
2151 2401 2169 2472 (
2196 2399 2341 2454 Psal.
2369 2403 2458 2456 «Η.
2515 2403 2639 2470 12).
2693 2403 2824 2458 Vile
2864 2407 3006 2458 enim
3048 2423 3207 2475 quam
3252 2392 3408 2462 noxia

1818 2500 1971 2545 antea
2004 2493 2300 2560 loquentes,
2332 2503 2526 2561 quanta
2559 2495 2710 2560 plena
2741 2497 2908 2564 gratia
2935 2513 3074 2550 nunc
3105 2499 3406 2567 loquamur.

1817 2583 1932 2637 Non
1963 2585 2189 2653 amplius
2217 2584 2548 2639 admiramur
2567 2585 2781 2640 divitias
2802 2630 2815 2649 ,
2850 2603 2970 2660 |non
3013 2591 3245 2659 amplius
3287 2607 3408 2662 quae

1818 2675 1902 2728 hic
1945 2685 2107 2739 sunt,
2155 2677 2248 2730 sed
2275 2678 2508 2732 caelestia
2536 2687 2590 2732 et
2614 2695 2733 2745 qua:
2762 2692 2887 2733 sunt
2919 2681 2968 2732 in
3010 2683 3177 2735 cit-lis.
3217 2681 3408 2739 Nonne

1819 2781 2041 2834 puerum
2071 2768 2216 2820 illum
2249 2767 2478 2821 dicimus
2505 2783 2626 2823 esse
2657 2770 2846 2822 scitum
2871 2780 2924 2824 et
2951 2771 3242 2838 gratiosum
3265 2812 3280 2836 ,
3316 2773 3407 2841 qui

1815 2871 1936 2914 eum
1969 2859 2228 2929 elegantia
2261 2869 2314 2913 et
2344 2859 2539 2914 decore
2566 2862 2810 2930 corporis
2831 2905 2845 2925 ,
2881 2863 3104 2916 multam
3139 2864 3297 2918 etiam
3349 2865 3400 2917 in

1816 2951 1993 3006 verbis
2024 2951 2184 3012 habet
2206 2953 2473 3022 gratiam?
2503 2953 2660 3008 Tales
2687 2964 2811 3008 sunt
2840 2955 3046 3010 ﬁdeles.
3073 2955 3204 3010 Vide
3229 2957 3405 3025 qualia

1816 3043 2107 3112 loquuntur
2134 3045 2222 3111 qui
2252 3053 2376 3096 sunt
2407 3044 2598 3097 initiati
2626 3034 2917 3114 mysteriis.
2963 3047 3098 3112 Qnid
3129 3047 3291 3102 fuerit
3317 3047 3407 3100 illo

1812 3149 1908 3190 ore
1936 3135 2256 3204 gratiosiu's.
2291 3135 2432 3205 quod
2473 3135 2634 3190 verba
2682 3138 2881 3191 emittit
2918 3138 3252 3193 adniirabiiia
3283 3180 3298 3204 ,
3351 3152 3406 3195 et

1813 3226 2013 3280 mundo
2055 3226 2218 3280 corde
2267 3237 2320 3281 et
2374 3229 2586 3282 mundis
2644 3228 2799 3284 labiis
2844 3230 3108 3298 ejusmodi
3167 3235 3406 3302 mysticae

1814 3333 2012 3373 mensae
2042 3328 2123 3373 est
2151 3320 2439 3389 particeps,
2465 3336 2585 3374 cum
2606 3322 2773 3374 multo
2801 3323 3086 3391 splendore
3103 3336 3155 3378 et
3176 3326 3363 3380 ﬁducia
3386 3326 3409 3380 f

1811 3409 1938 3478 quid
1967 3409 2145 3464 verbis
2171 3411 2275 3462 illis
2296 3411 2600 3479 gratiosins,
2630 3427 2724 3479 per
2743 3428 2862 3480 quae
2888 3413 3102 3468 diabolo
3126 3417 3400 3470 abrenun-

1813 3502 2043 3555 tiamus?
2097 3516 2191 3570 per
2218 3517 2336 3571 qua:
2368 3504 2420 3555 in
2447 3501 2643 3556 Christi
2695 3504 2924 3558 militum
2975 3523 3253 3560 numerum
3302 3511 3397 3561 ad-

1812 3592 2140 3645 scribimur?
2170 3591 2512 3647 confessione
2544 3593 2632 3648 illa
2660 3609 2779 3663 qua:
2813 3595 2871 3648 ﬁt
2914 3606 3038 3650 ante
3089 3597 3396 3662 lavacrum,

1809 3690 1864 3738 et
1892 3684 1981 3736 illa
2006 3700 2126 3752 qua:
2154 3693 2272 3752 post
2321 3685 2639 3738 lavacrum?
2685 3687 2991 3756 Cogitemus
3035 3703 3192 3758 quam
3248 3693 3400 3746 multi

1811 3776 2072 3845 baptisma
2100 3777 2466 3845 corrupimus,
2505 3787 2559 3832 ct
2589 3794 2892 3848 gemamus,
2935 3792 2989 3833 ut
3033 3782 3081 3834 id
3131 3784 3400 3852 possimus

1812 3870 2073 3940 recipere.
2111 3867 2176 3922 In
2204 3869 2406 3934 dilecto,
2442 3870 2630 3939 inquit,
2662 3873 2713 3924 7.
2737 3872 2789 3923 in
2817 3889 2914 3940 quo
2944 3872 3180 3926 habemus
3202 3877 3402 3927 redem-

1811 3963 2030 4032 ptionem
2063 3978 2152 4030 per
2172 3962 2471 4030 sanguinem
2498 3961 2679 4028 ipsius.
2709 3962 3029 4026 Quomodo?
3069 3964 3183 4018 Non
3224 3967 3398 4017 solum

1808 4062 1891 4107 est
1920 4052 2233 4106 admirabile
2259 4052 2401 4122 quod
2433 4052 2626 4105 Filium
2658 4053 2867 4106 dedi-rit
2892 4094 2906 4116 ,
2941 4056 3032 4107 sed
3065 4056 3204 4125 quod
3237 4059 3397 4110 etiam

1808 4159 1874 4196 co
1904 4142 2061 4196 modo
2087 4141 2315 4204 dederit,
2343 4152 2400 4196 ut
2429 4143 2543 4210 ipse
2573 4143 2804 4197 dilectus
2833 4135 3094 4199 mactatus
3123 4147 3209 4198 sit.
3237 4147 3396 4201 .‘llnlta

1809 4247 1892 4290 est
1921 4237 2212 4308 hyperbole
2243 4255 2255 4289 :
2292 4236 2544 4289 dilectum
2570 4237 2711 4289 dedit
2742 4252 2840 4306 pro
2877 4237 2940 4290 iis
2985 4239 3073 4307 qui
3129 4238 3400 4293 habeban-

1810 4339 1894 4385 tur
1923 4330 2068 4382 odio.
2100 4327 2230 4382 Vide
2260 4329 2443 4398 quanti
2470 4345 2567 4382 nos
2597 4330 2844 4384 aestimet.
2879 4329 2956 4396 Si,
2989 4332 3201 4399 quando
3222 4331 3397 4400 ipsum

1811 4420 2138 4475 habebamus
2164 4420 2288 4475 odio
2319 4429 2374 4474 et
2400 4436 2613 4474 eramus
2641 4422 2840 4475 inimici
2869 4464 2882 4485 ,
2925 4422 3074 4476 dedit
3107 4437 3260 4477 suum
3317 4426 3406 4478 di-

1811 4513 2029 4576 lectum,
2061 4512 2184 4580 qttid
2223 4529 2326 4565 non
2355 4511 2610 4580 deinceps
2656 4511 2848 4578 faciet,
2877 4528 2996 4566 cum
3049 4514 3307 4568 fuerimus
3351 4519 3407 4562 et

1811 4603 2138 4658 reconciliati
2171 4615 2263 4668 per
2292 4603 2557 4672 gratiam?
2587 4603 2970 4663 Remissionem,
3000 4605 3190 4673 inquit,
3221 4620 3402 4671 pecca-

1810 4703 1994 4746 torum.
2029 4696 2071 4745 Λ
2101 4693 2349 4762 superuis
2376 4692 2658 4747 descendit
2679 4695 2742 4746 ad
2777 4694 3026 4747 inferiora
3059 4713 3072 4747 :
3107 4711 3226 4747 cum
3251 4696 3397 4764 prius

1809 4787 2005 4839 dixerit
2047 4787 2276 4839 ﬁliorum
2324 4787 2670 4856 adoptionem
2721 4796 2775 4840 et
2819 4788 3301 4842 sanctiﬁcationem
3345 4798 3400 4843 et

1812 4878 2204 4943 immaculalos,
2241 4888 2365 4932 tunc
2415 4893 2629 4946 quoque
2672 4877 2863 4931 vitium
2909 4878 3076 4954 dicit;
3132 4895 3238 4933 non
3296 4881 3397 4932 mi-

1811 4986 2002 5031 nuens,
2034 4984 2204 5037 neque
2230 4987 2258 5020 ιι
2290 4968 2495 5036 magnis
2521 4968 2586 5021 ad
2612 4983 2769 5036 parva
2789 4967 3060 5023 deducens
3077 4971 3399 5036 orationem,

1810 5061 1902 5115 sed
1949 5077 1977 5114 a
2025 5054 2201 5131 parvis
2246 5061 2541 5113 ascendens
2581 5061 2645 5112 ad
2689 5076 2897 5128 magna.
2948 5060 3086 5115 Nihil
3127 5073 3210 5114 est
3257 5066 3400 5115 enim

1811 5168 1961 5221 atque
1991 5167 2243 5220 magnum
2276 5159 2432 5219 atque
2458 5149 2547 5202 Dei
2575 5152 2887 5219 sanguinein
2935 5167 3033 5219 pro
3080 5151 3232 5204 nobis
3283 5169 3404 5205 esse

1810 5244 2036 5298 effusum
2062 5259 2075 5306 ;
2110 5254 2162 5296 et
2193 5242 2421 5296 liliorum
2454 5242 2741 5310 adoptione
2774 5252 2828 5295 ct
2857 5243 2974 5294 aliis
3003 5244 3158 5296 donis
3188 5243 3288 5297 hoc
3321 5253 3407 5295 est

1813 5338 2018 5406 majus,
2062 5336 2203 5404 quod
2233 5351 2296 5389 ne
2318 5335 2455 5389 Filio
2479 5335 2689 5402 quidem
2727 5336 3046 5403 pepercerit.
3089 5335 3273 5404 Magna
3314 5352 3400 5390 res

1811 5438 1894 5483 est
1923 5428 2145 5480 remissa
2178 5441 2297 5480 esse
2327 5434 2571 5494 peccata,
2624 5425 2719 5479 sed
2770 5426 2940 5493 majus
2985 5437 3065 5478 est.
3112 5426 3250 5494 quod
3307 5443 3400 5496 per

1810 5519 2124 5587 sanguinem
2162 5519 2517 5570 Dominicum.
2549 5517 2677 5570 Nam
2707 5519 2848 5586 quod
2879 5518 2978 5570 hoc
3007 5518 3075 5570 sit
3106 5517 3260 5587 longe
3284 5535 3402 5570 ma-

1807 5612 1894 5679 jus
1921 5611 2191 5671 omnibus,
2223 5610 2344 5662 vide
2375 5611 2642 5676 quomodo
2692 5609 2776 5662 hic
2814 5623 3024 5677 quoque
3052 5611 3394 5672 exclamavit,

1814 5705 1998 5757 dicens
2036 5721 2048 5756 :
2081 5703 2372 5755 Secundum
2401 5702 2601 5755 divitias
2638 5702 2813 5770 gratia:
2843 5704 2951 5770 ejus
2974 5746 2986 5768 ,
3023 5703 3076 5756 8.
3107 5720 3220 5772 qua:
3247 5717 3396 5769 supc-

1818 5794 2204 5846 rnbundut'it-in
2233 5795 2393 5846 nobis.
2422 5793 2554 5846 Nam
2595 5793 2698 5846 ille
2743 5809 2955 5863 quoque
2999 5806 3122 5849 sunt
3166 5796 3401 5863 diviti.c,
