4108 6312
3597 117 4090 270 1-.-

3597 117 4090 270 1-.-

741 428 801 485 ιδ
1019 408 1034 422 ⁸
1537 430 1593 482 s.
1622 418 1900 482 JOANXtS
1928 417 2396 480 cunvsosrom
2439 417 2751 481 .tnctlter.
2791 425 3324 490 CONSI‘ANTINUP.
3927 437 3995 494 ιδ

730 552 819 606 sed
848 553 932 603 lite
962 538 1128 602 multo
1156 546 1343 615 magis.
1378 547 1504 610 Qua:
1532 544 1984 614 superabundavit,
2018 540 2206 611 inquit,
2254 541 2306 591 in

729 644 890 696 nobis.
917 643 980 696 Et
1008 641 1208 695 divitia:
1231 650 1377 703 sunt,
1399 648 1454 695 et
1476 637 1995 708 superabundmtes,
2027 637 2077 689 id
2106 643 2208 699 est,
2237 632 2309 687 af-

729 737 873 789 iatitn
898 734 1097 788 ef'l‘usm.
1118 732 1304 787 Verbis
1334 731 1557 799 exprimi
1589 746 1692 784 non
1723 737 1945 799 possunt
1972 743 2053 791 ea,
2072 741 2188 794 qua:
2209 741 2308 777 nos

728 832 785 878 're
815 826 1017 893 experti
1060 838 1263 894 sumus.
1300 822 1505 874 Divitim
1537 820 1680 873 enim
1704 827 1847 878 sunt.
1892 818 2087 871 divitiae
2118 828 2306 883 super-

729 917 1076 979 abondantes,
1110 914 1306 969 divitite
1335 931 1437 968 mm
1464 913 1760 975 hominum,
1780 912 1871 965 sed
1898 910 2145 980 Dei,qua:
2166 908 2337 961 null0~

729 1010 886 1063 uuulo
945 1010 1117 1064 verbis
1181 1007 1401 1076 caprimi
1457 1006 1677 1075 possint.
1735 1004 2028 1059 Ostendere
2088 1011 2308 1068 autem,

729 1103 911 1155 volt-ns
958 1099 1225 1169 quomodo
1280 1096 1776 1168 superabundantcr
1829 1095 2017 1158 dedit,
2048 1091 2115 1146 In
2170 1092 2308 1145 omni

728 1193 972 1260 sapientia
1002 1202 1046 1254 et
1072 1191 1360 1258 prudentia,
1393 1191 1581 1257 inquit,
1614 1188 1667 1242 9.
1698 1197 1749 1239 ut
1780 1197 1951 1240 notum
1976 1189 2160 1257 faceret
2208 1200 2303 1235 no-

725 1286 799 1337 bis
823 1284 1474 1336 sacramentumvoluntatis
1496 1298 1618 1336 sure.
1643 1281 1751 1335 Hoc
1770 1293 1870 1343 est,
1895 1295 2014 1334 cum
2039 1278 2304 1344 sapientes

729 1376 940 1428 feci~Sct
967 1384 1020 1426 et
1052 1373 1342 1440 prudentes
1375 1373 1425 1425 in
1458 1388 1518 1426 ea
1542 1388 1659 1443 quie
1686 1388 1806 1425 vere
1833 1381 1913 1425 est
1942 1364 2221 1439 sapientia,
2254 1368 2303 1419 in

728 1480 788 1517 ea
817 1481 933 1532 quae
962 1479 1085 1516 vere
1108 1473 1185 1515 est
1220 1461 1518 1530 prudentia.

798 1555 851 1606 4.
912 1553 1110 1620 I'.Ip;e!
1162 1562 1357 1619 quanta
1413 1550 1690 1605 amicitia!
1754 1549 1917 1605 Nobis
1969 1552 2110 1605 enim
2175 1547 2301 1602 dicit

726 1659 822 1697 sua
863 1645 1136 1712 mysteria.
1194 1642 1474 1697 Votuutatis
1520 1657 1658 1709 sum,
1710 1642 1916 1711 inquit;
1964 1657 2025 1695 ac
2074 1642 2118 1695 si
2167 1640 2304 1693 dice-

726 1742 846 1800 ret,
892 1744 1015 1789 nota
1064 1735 1218 1788 nobis
1269 1734 1391 1789 fecit
1428 1751 1546 1803 qua:
1587 1743 1712 1787 sunt
1755 1734 1808 1787 in
1839 1748 1935 1787 suo
1964 1733 2167 1787 corde:
2202 1731 2303 1785 hoc

724 1828 865 1880 enim
905 1835 987 1881 est
1016 1828 1324 1897 mysterium
1355 1826 1493 1894 quod
1524 1823 1737 1893 plenum
1781 1835 1859 1878 est
1905 1825 2050 1878 omni
2092 1825 2304 1892 sapien-

723 1919 794 1971 lia
823 1928 877 1971 et
904 1917 1201 1986 prudentia.
1236 1915 1372 1983 Quid
1401 1917 1545 1971 enim
1575 1931 1671 1985 par
1714 1916 1862 1970 dices
1912 1915 2032 1971 huic
2084 1914 2304 1983 sapien-

725 2010 851 2062 tix?
902 2009 992 2077 qui
1041 2009 1235 2061 nullius
1283 2017 1436 2062 erant
1487 2007 1677 2077 pretii,
1722 2022 1818 2060 eos
1865 2006 2066 2061 invenit
2091 2014 2143 2059 ut
2177 2021 2302 2073 pro-

727 2102 945 2154 veherct
992 2100 1057 2153 ad
1110 2100 1357 2154 divitias.
1407 2099 1543 2166 Quid
1595 2108 1766 2168 potest
1818 2098 2131 2169 aequiparari
2181 2098 2303 2154 huic

722 2194 904 2246 solerti
930 2192 1202 2246 facilitati?
1228 2193 1315 2260 qui
1340 2184 1452 2245 erat
1482 2192 1744 2255 inimicus,
1774 2192 1861 2260 qui
1886 2206 2103 2253 exosus,
2135 2190 2183 2243 is
2212 2206 2301 2245 rc-

724 2294 881 2352 peute
912 2298 1121 2336 sursum
1151 2283 1409 2336 ascendit.
1442 2282 1553 2337 Nec
1582 2286 1682 2336 hoc
1710 2284 1882 2340 solum
1902 2324 1915 2346 ,
1947 2282 2038 2336 sed
2063 2284 2220 2336 etiam
2251 2284 2300 2336 in

723 2379 823 2427 hoc
850 2385 1118 2441 tempore;
1150 2374 1307 2442 idque
1332 2383 1443 2427 erat
1476 2373 1748 2440 sapientia:
1768 2416 1784 2437 ,
1812 2373 2028 2442 etquod
2056 2388 2147 2441 per
2178 2388 2302 2426 cru-

719 2481 858 2520 cem.
892 2468 973 2519 Ρι-
1000 2466 1103 2519 lixa
1145 2466 1229 2520 hic
1268 2482 1328 2521 se
1373 2465 1524 2521 offert
1565 2466 1735 2521 oratio
1774 2465 1839 2518 ad
1871 2466 2299 2529 ostendendum,

720 2558 987 2626 quonme
1019 2558 1118 2612 hoc
1148 2567 1263 2611 erat
1293 2559 1599 2628 sapientiae,
1631 2568 1685 2611 et
1713 2558 1979 2627 quomodo
2030 2572 2127 2611 nos
2169 2556 2298 2611 eiic—

718 2650 792 2701 cit
846 2650 1131 2716 sapientes.
1181 2649 1474 2702 Set-nudum
1505 2649 1868 2717 beneplucitum
1901 2665 2069 2711 suum,
2099 2649 2294 2717 inquit,

717 2740 854 2810 quod
887 2741 1145 2808 proposuit
1177 2742 1228 2794 iu
1274 2741 1402 2809 ipso.
1433 2741 1543 2794 Hoc
1591 2749 1699 2805 est,
1749 2741 1847 2794 hoc
1886 2740 2151 2809 cupiebat,
2200 2740 2300 2794 huc

716 2831 1068 2898 parturiebal,
1100 2840 1156 2884 ut
1211 2833 1280 2884 ita
1332 2842 1509 2900 posset
1563 2833 1713 2884 nobis
1763 2832 1911 2885 effari
1963 2830 2295 2901 mysterium.

715 2924 1034 2986 Quodnam?
1060 2922 1210 2991 Quod
1237 2924 1505 2977 hominem
1530 2925 1654 2978 velit
1676 2925 1813 2991 apud
1837 2940 2059 2991 superos
2084 2924 2294 2979 sedero.

711 3015 827 3068 Hoc
856 3027 1031 3069 autent
1074 3016 1266 3070 factum
1299 3026 1415 3078 est,
1451 3018 1534 3071 10.
1578 3017 1639 3069 In
1682 3018 2104 3085 dispensationem
2135 3017 2298 3085 pleni-

713 3108 901 3162 tudinis
936 3098 1256 3177 ‘tempornm,
1298 3109 1581 3161 iustuurare
1621 3111 1788 3161 omnia
1830 3109 1879 3161 in
1920 3109 2138 3173 Clu-isto,
2184 3123 2297 3176 qua:

711 3200 762 3251 in
804 3200 969 3262 ra’lis,
1005 3210 1050 3252 et
1079 3216 1190 3270 qua’
1228 3201 1276 3251 in
1306 3209 1437 3252 terra
1475 3212 1589 3252 sunt
1632 3202 1682 3251 in
1725 3202 1853 3267 ipso.
1886 3199 2132 3252 Abscissa
2178 3197 2295 3252 fue-

713 3300 868 3353 rant,
913 3291 1112 3359 inquit,
1162 3290 1395 3343 Ca-lcslia
1424 3308 1453 3344 ιι
1487 3293 1857 3354 terrestribus,
1893 3307 1996 3342 non
2032 3290 2296 3345 habebant
2365 3356 2369 3361 ι

713 3397 876 3433 ιιιιιιιιι
914 3392 1091 3449 caput.
1128 3380 1257 3435 Nam
1296 3382 1435 3450 quod
1465 3382 1653 3435 attinet
1684 3381 1897 3450 quidem
1935 3380 1999 3433 ad
2033 3382 2290 3435 rationem

710 3474 1017 3535 creationis,
1052 3490 1186 3527 unus
1216 3488 1324 3528 erat
1360 3475 1529 3538 Deus;
1564 3476 1703 3543 quod
1730 3483 1906 3528 autem
1936 3475 1999 3527 ad
2033 3475 2292 3529 rationem

709 3580 753 3618 ce
778 3565 1121 3629 niuuctiouis,
1150 3582 1252 3619 non
1279 3567 1403 3619 item
1427 3584 1439 3618 :
1467 3581 1585 3618 nam
1611 3581 1793 3619 errore
1813 3566 2054 3634 gentium
2076 3564 2287 3632 diffuso,

707 3656 929 3709 abscissi
960 3669 1110 3710 erant
1140 3659 1206 3710 ab
1242 3658 1356 3725 ejus
1393 3656 1716 3710 obedientia.
1746 3655 1812 3708 fu
1841 3657 2285 3725 dispensationem,

707 3747 906 3815 in-juit,
937 3747 1266 3814 plenitudinis
1308 3757 1606 3815 temporum.
1650 3747 2036 3802 Plcnitudiuem
2086 3758 2289 3817 tempo-

707 3852 821 3890 rum
874 3838 1041 3905 ipsam
1088 3839 1375 3905 appellavit
1421 3838 1895 3906 dispensationem.
1951 3837 2082 3893 Vide
2126 3856 2284 3909 quam

706 3940 954 3984 aecurate
983 3932 1250 3998 loquatur.
1285 3929 1495 3983 Etcum
1528 3931 1852 3985 ostendisset
1877 3932 2091 4001 quidem
2125 3947 2153 3984 a
2182 3932 2284 3985 Pa-

705 4030 786 4072 tre
816 4021 1159 4089 principium,
1198 4022 1561 4089 prepositum,
1595 4022 1908 4087 consilimn,
1944 4024 2172 4092 primum
2208 4024 2287 4076 in-

702 4109 1229 4174 citauwtuutn;‘eatn
1269 4120 1445 4164 autem
1468 4152 1481 4177 ,
1524 4126 1643 4181 qua:
1671 4128 1763 4180 per
1789 4126 1952 4182 opera
1985 4113 2044 4167 fit
2067 4155 2082 4179 ,
2114 4114 2284 4167 adim-

705 4202 989 4269 plctionem
1044 4218 1136 4269 per
1174 4203 1442 4256 Christum
1484 4220 1497 4253 :
1554 4218 1814 4272 nuSqnam
1867 4221 1987 4259 cuin
2049 4206 2286 4260 nominat

705 4293 1028 4365 ministrum.
1058 4292 1167 4345 Nos
1187 4294 1358 4363 (legit,
1390 4294 1576 4362 inquit,
1610 4296 1659 4347 in
1683 4295 1814 4363 ipso,
1846 4312 1957 4347 cum
1980 4313 2070 4348 uos
2092 4299 2280 4364 prcede-

700 4387 932 4439 slinusset
977 4385 1044 4436 ud
1081 4386 1301 4448 ﬁliarum
1345 4386 1665 4454 adoptionem
1696 4404 1784 4455 per
1825 4387 2077 4439 Christum
2106 4387 2282 4442 Jcsnm

701 4478 751 4528 in
802 4477 911 4545 ipso
936 4518 949 4533 ,
998 4488 1043 4527 tt
1082 4477 1149 4528 ad
1180 4477 1380 4529 tandem
1410 4478 1587 4546 gloria:
1622 4480 1798 4549 gratia!
1843 4480 2001 4547 ipsius
2034 4496 2053 4533 :
2083 4497 2136 4534 tu
2178 4499 2281 4549 quo

703 4568 939 4618 nubentus
967 4565 1358 4633 redemptionem
1391 4583 1479 4635 per
1506 4570 1803 4639 sanguinem
1827 4574 1955 4641 ejus,
1988 4587 2138 4640 quant
2164 4589 2281 4640 pro-

702 4660 868 4725 posuit
890 4659 939 4709 in
959 4659 1382 4728 dispensationem
1405 4661 1734 4730 plenitudinis
1756 4658 2056 4732 temporum,
2084 4664 2280 4718 instau-

699 4767 810 4802 inre
841 4750 1009 4801 omnia
1049 4751 1103 4802 iu
1142 4750 1357 4805 Christo.
1390 4752 1457 4808 Et
1487 4770 1743 4823 nusquam
1775 4771 1896 4809 eum
1936 4756 2069 4811 dixit
2120 4758 2278 4811 mini-

699 4851 890 4895 strum.
924 4842 977 4893 Si
1010 4851 1184 4896 autem
1213 4854 1267 4897 et
1304 4845 1355 4897 in
1386 4855 1440 4899 et
1471 4863 1557 4913 per
1583 4856 1705 4900 sunt
1747 4848 1993 4911 ministri,
2028 4848 2147 4902 vide
2173 4866 2279 4918 quo

700 4946 787 4987 res
830 4932 1014 4989 redeat
1044 4934 1139 4998 tu).
1179 4934 1308 4989 Nam
1351 4937 1401 4990 in
1433 4938 1693 5006 principio
1718 4941 1958 5008 epistoite
1988 4941 2140 5005 dixit,
2176 4941 2279 4995 Per

760 5066 833 5135 (μ)
860 5065 910 5113 ιιι
928 5072 1098 5135 autem
1121 5067 1649 5135 dicit-phrys-Istomns,
1676 5074 1787 5135 quia
1814 5073 1973 5121 Ariani
1997 5076 2152 5125 et'alii
2176 5089 2274 5126 na:-

678 5143 699 5174 r
722 5128 832 5175 ctici
860 5131 940 5187 qui
965 5128 1191 5176 dicebant
1213 5128 1455 5180 Christum
1491 5147 1603 5190 rem,
1623 5128 1811 5191 iaciam,
1839 5146 1890 5184 et
1914 5138 2150 5185 minorem
2181 5138 2272 5185 l‘a-

674 5201 769 5256 if}!
794 5197 942 5256 ἶυιιιιιτ
967 5191 1234 5256 “linistrum
1262 5192 1367 5253 ejus
1388 5206 1528 5247 esse.
1558 5199 1834 5256 pugnabant
1868 5200 2039 5255 etiam,
2068 5197 2201 5255 illud,
2226 5198 2275 5247 iu

683 5249 899 5330 lirium,
916 5256 964 5330 et.
981 5263 1070 5311 per
1090 5249 1349 5330 t'ltriQtuiu,
1365 5268 1481 5330 rpite
1499 5249 1788 5318 frequenter
1810 5249 2066 5330 occurrunt
2085 5263 2130 5307 in
2144 5249 2277 5309 Novo

692 5314 1001 5383 i'esuimenltn
1023 5346 1036 5365 .
1062 5314 1335 5383 signiﬁcare
1374 5314 1613 5383 Cia-istum
1640 5333 1776 5383 esse
1821 5321 2122 5375 ministrum:
2149 5337 2275 5383 quos

688 5373 799 5486 ipss:
817 5372 1041 5435 pluribus
1061 5369 1275 5425 confutat
1298 5378 1345 5425 in
1380 5378 1599 5428 ilutnihis
1620 5381 1684 5429 de
1711 5369 2196 5444 lrjeomprchensibiii
2221 5369 2273 5434 et

690 5450 714 5483 ε
745 5452 755 5486 l
795 5451 829 5483 ι.
1896 5482 1900 5486 .

690 5450 829 5486 HIDI-
1896 5482 1900 5487 .

2417 542 2719 597 voluntatem
2770 544 2958 600 Patris.
3002 549 3175 615 Pater,
3220 552 3408 621 inquit,
3452 552 3659 619 voluit;
3704 552 3869 608 Filius
3909 568 3991 609 est

2416 644 2686 701 operatus.
2731 635 2834 691 Sed
2866 654 2963 691 nec
2996 636 3249 709 quoniam
3285 643 3442 697 Pater
3471 644 3635 698 voluit
3660 686 3672 706 ,
3711 643 3880 698 Filius
3909 648 4001 700 e~t'

2416 732 2562 777 extra
2593 726 2958 793 operationem
2985 746 3000 793 ;
3029 746 3225 799 neque,
3268 734 3520 802 quoniam
3552 735 3718 789 Filius
3741 747 3822 790 est
3857 753 4015 805 ope»

2417 824 2581 879 ratus,
2608 818 2877 873 voluntate
2904 822 3138 889 privatus
3159 835 3240 877 est
3270 824 3463 890 Pater;
3502 826 3593 880 sed
3616 827 3789 881 Patris
3817 840 3869 882 et
3900 829 3991 881 Fi-

2418 905 2472 959 lii
2493 910 2793 962 comnmnia
2826 921 2951 965 sunt
2974 914 3149 967 omnia
3185 931 3197 966 :
3232 932 3353 969 nam
3380 917 3564 970 Omnia
3587 935 3698 972 mea
3736 929 3823 975 tua
3848 931 3992 981 sunt,

2417 998 2618 1067 inquit,
2669 1012 2713 1052 et
2758 1010 2845 1053 tua
2885 1020 2992 1057 mea
3034 1016 3150 1059 sunt
3190 1006 3392 1076 (Jouu.
3429 1009 3513 1062 17.
3549 1010 3615 1062 10
3640 1009 3680 1079 ).
3716 1010 3995 1064 Plenitudo

2414 1103 2590 1146 autem
2619 1102 2915 1163 temporum
2943 1106 3055 1150 erat
3082 1098 3195 1166 ejus
3224 1099 3500 1153 adventus.
3531 1101 3661 1166 Quia
3694 1102 3850 1171 igitur
3880 1119 3998 1154 (un-

2418 1183 2500 1236 uia
2534 1183 2754 1252 fecerat,
2778 1197 2829 1238 et
2859 1204 2951 1254 per
2979 1189 3218 1257 angelos,
3252 1199 3306 1243 et
3343 1206 3437 1258 per
3476 1192 3783 1261 prophetas,
3811 1207 3864 1246 et
3897 1209 3997 1262 per

2417 1275 2583 1343 legem
2611 1318 2623 1338 ,
2676 1288 2730 1330 et
2781 1278 2909 1332 nihil
2954 1280 3300 1347 proficiebat;
3344 1292 3397 1335 et
3425 1284 3720 1352 periculum
3767 1297 3883 1339 erat
3930 1302 3997 1339 nc

2417 1375 2618 1420 temere
2642 1366 2808 1420 factus
2829 1377 2971 1422 esset
2999 1368 3175 1432 homo,
3198 1386 3265 1423 ne
3286 1380 3487 1426 temere
3510 1381 3653 1427 esset
3681 1374 3993 1441 productus,

2416 1456 2522 1507 imo
2564 1474 2688 1509 vero
2721 1458 2772 1510 in
2818 1474 2965 1512 suam
2997 1462 3327 1528 perniciem,
3360 1464 3703 1531 pereuntibus
3743 1466 3994 1520 omnibus

2414 1557 2464 1598 et
2496 1550 2661 1617 magis
2690 1565 2848 1618 quam
2878 1550 2929 1603 in
2957 1551 3179 1615 diluvio,
3214 1550 3818 1624 hancdispeusationem
3848 1556 3997 1611 inve‘

2416 1639 2507 1699 nit,
2540 1653 2658 1707 qua:
2688 1638 2743 1692 fit
2777 1656 2872 1708 per
2890 1642 3135 1710 gratiam,
3167 1659 3232 1697 ne
3263 1630 3536 1699 temere-et
3567 1647 3757 1699 frustra
3780 1658 3997 1701 creatus

2414 1735 2573 1781 esset.
2610 1728 2757 1783 lianc
2798 1740 3098 1798 temporum
3130 1734 3511 1801 plenitudinem
3538 1735 3668 1791 dicit
3693 1747 3745 1789 et
3776 1738 3995 1806 sapien-

2417 1819 2561 1871 tiam.
2604 1819 2814 1886 Quare?
2844 1822 2998 1888 Quia,
3029 1823 3242 1890 quando
3285 1824 3514 1879 maxime
3558 1836 3708 1879 erant
3740 1828 3988 1896 perituri,

2415 1920 2541 1963 tunc
2584 1910 2713 1963 salvi
2759 1909 2993 1965 fuerunt.
3020 1916 3570 1985 ’Δνικιειᾳρκλεκιὼσοισθειιι⁹
3620 1916 3807 1986 inquit.
3855 1918 3996 1985 Quid

2406 2011 2494 2077 γεεί
2516 2004 3016 2071 ἀνακεφαλαιώσασθαι
3047 2003 3069 2056 ?
3099 2003 3451 2074 conjungere.
3483 2005 3748 2063 Cieterum
3777 2007 3998 2061 studea-

2413 2106 2530 2145 mus
2573 2108 2731 2162 quam
2780 2094 3024 2162 proxime
3070 2095 3333 2149 accedere
3377 2095 3442 2150 ad
3487 2097 3658 2166 ipsam
3690 2099 3993 2154 veritatem.

2413 2179 2540 2234 Nam
2574 2197 2602 2234 a
2636 2183 2788 2235 nobis
2814 2182 3052 2251 quidem,
3087 2194 3142 2237 ut
3168 2185 3327 2238 etiam
3361 2185 3412 2239 in
3454 2202 3604 2240 more
3633 2198 3711 2241 est
3735 2189 3994 2258 positum,

2411 2272 2605 2326 dicitur
2630 2276 3047 2344 iaazeyahtmug,
3073 2290 3190 2344 qua:
3219 2276 3420 2344 prolixe
3440 2279 3579 2332 dicta
3610 2281 3802 2333 suntin
3829 2280 3999 2335 breve

2413 2368 2766 2427 contrahere.
2816 2378 2869 2420 et
2899 2369 3076 2421 omnia
3110 2385 3228 2436 qua:
3259 2370 3467 2438 prolixe
3511 2370 3653 2424 dicta
3689 2380 3813 2425 sunt
3841 2388 3997 2426 com-

2415 2461 2667 2528 pendiose
2712 2459 2913 2514 dicere.
2963 2460 3094 2515 Nam
3126 2461 3227 2516 hoc
3271 2478 3482 2532 quoque
3526 2463 3597 2516 ita
3639 2463 3797 2518 habet
3827 2483 3841 2517 :
3872 2481 3999 2534 qua:

2412 2553 2553 2606 enim
2593 2551 2749 2621 longo
2786 2560 3029 2622 tempore
3058 2553 3504 2621 dispensabautur
3533 2557 3585 2609 in
3615 2557 3729 2624 ipso
3765 2561 3998 2629 ἀνειεφοι-

2411 2653 2665 2709 latagum,
2693 2646 2792 2698 hoc
2814 2657 2916 2710 est,
2946 2645 2996 2699 in
3030 2659 3291 2699 suimnam
3320 2647 3546 2718 redegit.
3577 2649 3810 2703 Verbum
3840 2653 3995 2705 enim

2410 2751 2811 2803 consummans,
2845 2747 2898 2792 et
2938 2739 2990 2793 in
3019 2739 3223 2808 justitia
3253 2740 3605 2808 abbreviaus;
3634 2753 3685 2796 et
3718 2744 3806 2796 illa
3837 2760 3997 2799 com-

2412 2827 2695 2896 prehendit
2720 2870 2734 2893 ,
2768 2838 2823 2882 et
2849 2829 2949 2881 alia
2978 2829 3199 2884 addidit.
3233 2831 3342 2885 lloc
3367 2841 3449 2885 est
3469 2874 3484 2898 ,
3512 2837 3916 2905 ἀνακεφαλαίωσις
3945 2845 3998 2891 et

2412 2918 2651 2972 reductio
2682 2920 2732 2972 in
2769 2934 3052 2973 summam.
3086 2921 3179 2974 Est
3207 2930 3261 2975 et
3298 2921 3439 2976 aliud
3466 2924 3605 2990 quod
3638 2924 3992 2991 signiliratur.

2408 3007 2687 3075 Quodnam
2716 3008 2818 3062 hoc
2847 3012 2869 3060 ἵν
2914 3009 3087 3063 Unum
3116 3011 3361 3065 omnibus
3388 3013 3562 3080 posuit
3588 3023 3764 3080 caput,
3795 3029 3993 3085 nempe

2406 3098 2675 3155 Christum
2700 3099 2990 3155 secundum
3010 3117 3247 3167 carnem,
3271 3113 3325 3156 et
3345 3103 3545 3170 angelis
3571 3115 3617 3158 et
3647 3104 3989 3160 hominibus:

2409 3190 2509 3245 hoc
2540 3201 2639 3263 est,
2673 3201 2728 3246 et
2756 3192 2958 3260 angelis
2991 3209 3152 3246 unum
3184 3193 3330 3247 dedit
3361 3194 3699 3263 principium,
3730 3207 3784 3250 et
3815 3197 3995 3251 homi-

2407 3284 2603 3339 nibus:
2637 3284 2721 3337 bis
2759 3285 2971 3353 quidem
3017 3286 3068 3338 id
3088 3283 3253 3354 'quod
3299 3296 3379 3340 est
3411 3288 3701 3341 secundum
3744 3304 3987 3356 carnem,

2405 3376 2509 3430 illis
2547 3386 2723 3430 autem
2763 3377 2932 3431 Deum
2965 3374 3192 3429 Verbum
3218 3377 3257 3428 ¹.
3293 3376 3359 3432 Ut
3404 3377 3448 3431 si
3496 3377 3643 3431 dicas
3694 3378 3759 3434 dc
3801 3381 3986 3447 domo,

2403 3482 2523 3536 qua:
2562 3466 2756 3535 partim
2803 3466 3016 3535 quidem
3046 3476 3130 3523 cst
3173 3468 3406 3522 marcida
3446 3484 3508 3522 ac
3548 3470 3761 3533 debilis,
3793 3474 3987 3540 partim

2403 3568 2578 3613 autem
2609 3557 2781 3612 valida
2813 3567 2868 3613 et
2895 3558 3065 3623 fortis,
3097 3559 3323 3613 Domum
3354 3560 3717 3627 reardilicavit,
3752 3561 3856 3616 hoc
3882 3574 3985 3629 est,

2403 3650 2678 3703 fortiorem
2724 3647 2880 3715 fecit,
2920 3648 3197 3703 fortiorem
3243 3650 3494 3719 imposuit
3535 3652 3700 3705 basim
3734 3670 3747 3705 :
3793 3653 3866 3708 ita
3900 3654 3987 3709 hic

2401 3756 2613 3812 quoque
2642 3756 2833 3796 omnes
2865 3741 2955 3795 uni
2985 3741 3212 3810 subjecit
3241 3743 3419 3811 capiti.
3453 3744 3524 3796 Ita
3557 3746 3698 3797 enim
3734 3746 3824 3799 liet
3861 3762 3983 3800 um~

2401 3846 2502 3902 tas,
2530 3836 2599 3888 ita
2630 3844 2879 3888 accurata
2902 3844 2953 3889 et
2975 3832 3208 3904 perfecta
3236 3834 3396 3889 fuerit
3416 3836 3743 3904 conjunctio,
3768 3840 3985 3907 quando

2399 3928 2577 3982 omnia
2601 3928 2811 3981 redacta
2838 3925 3033 3979 fuerint
3053 3927 3152 3980 sub
3178 3942 3336 3980 unum
3360 3938 3536 3997 caput,
3563 3944 3792 3998 superne
3813 3931 3986 3998 quod-

2398 4021 2519 4076 dam
2546 4021 2902 4077 necessarium
2923 4020 3169 4074 habentia
3189 4021 3477 4075 vineulmn.
3504 4021 3675 4077 Tanto
3692 4038 3819 4092 ergo
3836 4023 3982 4078 dono

2397 4114 2621 4183 dignati,
2652 4122 2799 4166 tanto
2825 4112 3049 4176 honore,
3082 4122 3224 4164 tanta
3246 4111 3594 4181 benignitate,
3626 4128 3691 4165 ne
3714 4112 3982 4169 dedecore

2397 4206 2690 4261 afticiamus
2715 4221 2837 4259 eum
2867 4204 2955 4275 qui
2987 4198 3080 4258 nos
3113 4203 3289 4258 aﬂecil
3316 4203 3592 4267 beneficio,
3625 4220 3691 4258 uc
3719 4203 3979 4262 faciamus

2398 4308 2453 4352 ut
2497 4307 2639 4352 tanta
2680 4297 2749 4351 sit
2790 4296 2943 4351 nobis
2992 4297 3161 4350 inanis
3191 4297 3394 4367 gratia,
3426 4297 3585 4351 vitam
3628 4299 3978 4355 osmndamus

2395 4390 2687 4459 angelicam
2711 4388 3073 4457 etaugelicam
3105 4387 3379 4453 virtutem,
3410 4397 3463 4442 et
3487 4388 3608 4441 vitm
3635 4389 3855 4458 agenda:
3886 4407 3977 4445 ra-

2396 4482 2592 4539 tionem
2615 4501 2629 4550 ;
2663 4498 2899 4554 rogoque
2926 4492 2979 4536 et
3004 4498 3185 4552 quazso
3205 4523 3220 4548 ,
3252 4498 3318 4536 ne
3346 4482 3463 4537 inec
3488 4484 3664 4537 omnia
3689 4484 3795 4538 sint
3821 4486 3976 4540 nobis

2395 4578 2448 4631 in
2470 4576 2726 4646 judicium
2754 4586 2807 4629 et
2833 4574 3334 4629 condemnationem
3358 4616 3372 4639 ,
3402 4575 3497 4629 sed
3532 4575 3599 4629 ad
3627 4577 3975 4631 l'rueudoruir.

2393 4670 2652 4724 honorum
2681 4666 3080 4737 perceptionem
3108 4685 3119 4719 :
3152 4683 3269 4734 qua-
3293 4666 3490 4720 utinam
3513 4682 3612 4721 nos
3631 4682 3816 4721 omnes
3837 4683 3973 4722 con-

2391 4777 2692 4831 sequamur,
2740 4760 2907 4829 gratia
2942 4768 2997 4813 et
3024 4759 3347 4828 benignitate
3377 4758 3582 4812 Domini
3630 4759 3797 4813 nostri
3842 4760 3975 4815 Jesu

2390 4852 2611 4919 Christi,
2644 4867 2765 4906 cum
2790 4865 2897 4922 quo
2927 4850 3071 4905 Patri
3097 4861 3151 4905 et
3176 4849 3396 4920 Spiritui
3426 4860 3613 4905 saneto
3633 4851 3832 4922 gloria,
3868 4851 3972 4905 im-

2391 4947 2594 5016 perium
2614 4987 2630 5013 ,
2662 4954 2767 5000 etc.

2454 5126 2468 5154 ⁸
2505 5120 2668 5171 Cedet
2694 5131 2837 5175 unus,
2860 5116 2948 5166 hoc
2971 5123 3058 5174 est,
3074 5124 3288 5167 alterum
3311 5115 3514 5177 angelis,
3538 5117 3742 5166 alterum
3769 5113 3980 5166 Ιισηιὶηῦ-

2390 5184 2475 5233 bus
2500 5178 2789 5251 principium
2814 5178 2946 5251 dedit
2978 5192 2995 5228 :
3026 5178 3099 5228 Itis
3119 5179 3315 5251 quidem
3352 5179 3671 5251 idhquodﬂeit‘
3703 5179 3979 5251 scentulum

2386 5240 2610 5308 carnem,
2650 5240 2749 5292 illis
2792 5249 2952 5290 autem
2985 5240 3248 5308 secuudtmt
3290 5240 3536 5308 spiritum,
3556 5240 3770 5292 Verbum
3794 5249 3974 5291 Deum.

2387 5311 2505 5368 Quae
2529 5305 2675 5355 lectio
2691 5317 2782 5353 non
2798 5303 3088 5365 spernenda.

2174 5698 2239 5707 ο.-
2270 5698 2537 5712 ·.-,-.---ντ·,
