4108 6312
162 357 211 409 l7
1073 348 1142 404 IN
1173 347 1386 403 EPIST.
1422 347 1512 400 AD
1553 344 1797 402 EPHES.
1840 344 1993 400 CAP.
2039 345 2078 409 l.
2123 345 2354 403 HOMIL.
2401 347 2467 402 ll.
3336 363 3398 419 ιδ

1572 554 1915 614 HOMILIA
1962 555 2040 614 II.

152 705 260 758 οη».
295 707 309 756 l
375 719 424 757 v.
470 705 558 758 11.
593 702 656 756 In
693 720 791 771 quo
818 703 969 755 etiam
1018 715 1110 752 nos
1149 707 1281 752 sorte
1305 698 1465 749 vocati
1492 711 1696 760 sumus,

212 797 526 866 pradatinati
551 795 828 850 secundum
855 793 1172 861 prepositum
1199 792 1441 858 ejus,qui
1462 797 1700 856 operatur

208 889 370 947 omnia,
399 889 674 941 secundum
717 886 988 938 consilium
1028 883 1303 936 uoluntatis
1345 896 1470 944 suaz,
1523 877 1610 932 l2.
1644 889 1698 930 ut

209 982 345 1032 simus
363 980 412 1031 in
435 979 636 1032 laudem
658 977 836 1047 glorise
870 976 980 1045 ejus
999 1015 1014 1040 ,
1043 990 1136 1027 nos
1155 1015 1170 1039 ,
1205 973 1292 1041 qui
1318 979 1433 1023 ante
1473 968 1700 1038 speraui-

207 1089 304 1123 ntus
326 1071 375 1123 in
419 1068 620 1124 Christo
649 1084 669 1120 :
710 1068 799 1123 15.
842 1068 898 1118 in
938 1081 1037 1134 quo
1079 1074 1127 1117 et
1161 1078 1393 1117 vos.cum
1431 1059 1701 1114 audissetis

204 1162 384 1215 uerbum
406 1163 654 1224 veritatis,
693 1159 1006 1229 evangelium
1033 1156 1214 1210 salutis
1260 1163 1435 1208 vestra:
1456 1193 1471 1216 ,
1522 1152 1574 1204 in
1604 1167 1701 1218 quo

205 1265 244 1307 et
289 1255 534 1306 credentes
560 1252 749 1322 signati
790 1251 908 1304 estis
936 1247 1138 1316 Spiritu
1185 1244 1535 1315 promissionis
1583 1258 1701 1295 san-

204 1355 290 1396 cto.
350 1344 431 1397 14.
490 1343 577 1410 qui
631 1352 701 1394 est
759 1342 944 1410 pignus
1002 1337 1298 1390 hereditatis
1360 1343 1577 1394 ttOSlt'tB,
1647 1332 1702 1384 in

199 1435 577 1503 redemptionem
605 1431 976 1501 acquisitionis,
1013 1429 1065 1481 in
1096 1427 1296 1480 laudem
1320 1425 1496 1494 gloriae
1520 1422 1696 1491 ipsius.

204 1527 250 1579 1.
280 1525 478 1593 Ubique
526 1524 722 1578 Paulus
769 1521 1093 1578 inell'abilem
1124 1519 1215 1572 Dei
1249 1519 1301 1570 in
1327 1531 1424 1571 nos
1455 1514 1700 1582 benigni-

141 1628 280 1672 tatem
306 1617 499 1671 studuit
523 1615 833 1680 ostendere,
865 1612 1038 1683 quoad
1067 1612 1184 1680 ejus
1207 1609 1323 1664 lieri
1354 1609 1542 1678 potuit.
1570 1605 1699 1658 Nam

138 1709 260 1776 quod
307 1716 547 1761 accurate
592 1722 696 1760 non
731 1706 932 1775 possit,
968 1703 1092 1757 audi
1122 1702 1251 1771 quid
1294 1703 1410 1770 ipso
1436 1699 1580 1752 dicat
1613 1715 1625 1750 :
1656 1697 1701 1749 0

135 1799 330 1852 altitudo
358 1799 645 1852 divitiarum
675 1809 720 1851 et
761 1797 1025 1866 sapientia!
1069 1805 1116 1847 et
1146 1794 1369 1848 scientia:
1397 1791 1493 1844 Dei
1513 1791 1532 1843 .'
1551 1805 1701 1858 quam

136 1892 453 1944 inscrutsbilia
478 1903 596 1944 sunt
612 1890 813 1958 judicia
837 1890 969 1957 ejus,
1001 1897 1047 1942 et
1070 1883 1439 1952 investigabiles
1461 1884 1553 1936 vite
1593 1882 1701 1949 ejus

137 1982 316 2034 illam.
353 1983 434 2036 11.
482 1982 619 2050 '55)!
664 1992 1033 2035 verumtamen
1077 1977 1314 2031 ostendit
1371 1974 1542 2042 quoad
1585 1974 1700 2042 ejus

137 2073 234 2122 ﬁeri
278 2080 464 2139 potest.
511 2071 650 2138 Quid
708 2086 835 2139 ergo
872 2069 1022 2129 dicit.
1070 2067 1137 2120 In
1181 2083 1282 2136 quo
1336 2075 1383 2120 et
1430 2081 1519 2117 nos
1569 2073 1701 2116 sorte

132 2165 274 2217 vocati
320 2182 489 2218 sumus
544 2162 930 2232 prwdestinali?
964 2161 1104 2215 Dixit
1130 2159 1377 2228 superius
1410 2174 1422 2209 :
1457 2155 1568 2210 Nos
1594 2154 1699 2207 ele-

131 2258 238 2323 git:
267 2258 347 2310 hic
397 2257 555 2321 dicit,
615 2255 767 2310 Sorte
825 2255 987 2308 vocati
1046 2269 1237 2307 sumus.
1291 2249 1396 2304 Sed
1446 2250 1697 2319 quoniam

129 2361 235 2400 sors
257 2358 336 2401 est
356 2362 534 2412 casus,
560 2363 665 2400 non
699 2347 851 2400 liberi
884 2345 1089 2399 arbitrii
1115 2357 1214 2397 nec
1237 2340 1480 2403 virtutis;
1514 2339 1699 2393 adhae-

131 2449 202 2491 ret
240 2440 380 2494 enim
429 2438 750 2510 ignorationi
804 2447 860 2492 et
910 2437 1132 2491 fortuito
1160 2435 1338 2498 casui,
1369 2441 1425 2488 et
1467 2446 1610 2501 smpe
1633 2431 1700 2486 iis

127 2532 322 2586 omissis
343 2534 428 2601 qui
462 2542 588 2586 sunt
612 2533 809 2586 virtute
841 2529 1050 2600 praediti
1072 2571 1086 2590 ,
1115 2543 1209 2583 eos
1240 2529 1290 2580 in
1314 2525 1546 2580 medium
1579 2539 1702 2592 pro-

129 2624 258 2677 ducit
286 2626 372 2691 qui
421 2625 625 2694 indigni
655 2634 778 2679 sunt
819 2637 1050 2694 quorum
1081 2622 1191 2675 ulla
1238 2620 1498 2674 habeatur
1527 2617 1695 2682 ratio;

128 2714 234 2768 vide
256 2715 522 2784 quomodo
545 2716 594 2770 id
616 2716 868 2785 corrigat.
899 2712 1273 2777 Prtedestinati,
1303 2711 1491 2779 inquit,
1521 2725 1701 2763 secun-

125 2805 231 2857 dum
251 2810 562 2876 propositum
584 2809 693 2876 ejus
719 2808 804 2876 qui
825 2817 1066 2874 operatur
1086 2805 1275 2858 omnia.
1309 2803 1420 2857 Hoc
1440 2813 1524 2856 est
1543 2841 1559 2867 ,
1594 2816 1697 2854 non

126 2895 322 2952 fortuito
347 2909 401 2955 et
427 2906 576 2969 sorte
603 2901 772 2953 vocati
816 2898 898 2953 vel
927 2897 1084 2952 electi
1123 2913 1342 2959 sunms;
1378 2896 1519 2949 Deus
1555 2895 1697 2948 enim

122 2996 198 3040 est
236 2989 320 3057 qui
362 2990 556 3060 elegit;
585 3003 759 3058 neque
805 2988 1038 3043 fortuito
1057 2987 1122 3040 ad
1153 2987 1288 3039 banc
1324 2995 1522 3038 sortem
1549 2985 1701 3039 veni-

123 3093 265 3145 mus;
300 3081 442 3136 Deus
489 3083 633 3136 enim
658 3090 742 3136 est
764 3081 855 3151 qui
884 3080 952 3134 ad
979 3090 1179 3134 sortem
1219 3078 1427 3132 vocavit
1453 3095 1465 3143 ;
1491 3077 1583 3131 sed
1610 3092 1699 3130 se-

122 3181 336 3223 t-unnum
364 3175 723 3240 prepositum.
753 3171 867 3225 Hoc
901 3171 1060 3223 etiam
1109 3170 1162 3220 in
1190 3168 1427 3237 Epistola
1479 3169 1542 3220 ad
1591 3167 1700 3220 Ro-

142 3274 297 3314 nanos
322 3262 568 3316 scribens
590 3259 723 3314 dicit
751 3279 766 3313 :
802 3260 903 3324 Qui
949 3258 1229 3313 secundum
1257 3259 1572 3327 pgopositum
1617 3272 1702 3308 vo-

121 3366 158 3400 ιι
178 3350 209 3401 ti
242 3361 354 3404 sunt
383 3351 570 3405 sancti.
605 3349 745 3416 Quos
769 3350 963 3403 uocauit
984 3391 997 3411 ,
1037 3364 1122 3401 eos
1148 3357 1194 3400 et
1217 3348 1551 3417 justi/ienuit;
1578 3363 1703 3415 quos

125 3442 582 3512 tutemjustiﬁcavit
601 3483 618 3509 ,
650 3457 734 3496 eos
750 3451 796 3494 et
818 3440 1124 3511 glori/ienuit
1153 3438 1340 3512 (Rom.
1364 3438 1416 3494 8.
1449 3437 1543 3494 28.
1572 3436 1639 3493 30
1659 3435 1699 3506 ).

127 3532 239 3586 dum
281 3533 428 3601 prius
471 3532 734 3595 dixisset,
790 3529 867 3584 Iis
916 3533 1002 3600 qui
1051 3530 1328 3585 secundum
1388 3529 1708 3599 propositum

123 3625 267 3675 uocati
291 3634 426 3689 sunt,
474 3623 636 3677 simul
669 3622 840 3687 etiam.
877 3625 1065 3678 volens
1092 3621 1379 3677 ostendere
1409 3631 1603 3691 quanta
1635 3620 1703 3673 sit

122 3729 293 3768 eorum
321 3718 674 3787 prmstantia,
734 3716 780 3770 si
827 3715 1175 3770 conferantur
1222 3729 1344 3767 cum
1385 3713 1524 3777 aliis,
1570 3712 1705 3766 dixit

121 3805 266 3860 etiam
291 3817 532 3873 sortem;
561 3809 630 3861 ita
679 3817 736 3861 ut
761 3805 992 3862 liberum
1022 3820 1127 3858 non
1160 3804 1374 3857 tolleret
1396 3803 1699 3856 arbitrium.

121 3892 260 3961 Quod
290 3898 449 3968 igitur
465 3898 643 3967 magis
663 3896 730 3950 ad
765 3895 1147 3950 beatitudinem
1175 3893 1423 3963 pertinet,
1473 3893 1576 3946 hoc
1604 3906 1703 3960 po-

125 3987 214 4039 nit.
241 3987 367 4042 Sors
400 3989 560 4043 enim
597 3997 809 4041 nonest
851 3985 1086 4051 virtutis,
1118 3985 1234 4051 sed,
1283 3994 1340 4038 ut
1387 3985 1458 4038 ita
1497 3985 1697 4048 dicam,

122 4093 283 4132 casus.
316 4082 392 4134 Ac
421 4080 467 4133 si
491 4079 616 4148 quis
647 4079 878 4142 diceret,
902 4076 1060 4131 Sorte
1090 4076 1225 4130 facta
1257 4090 1357 4130 nos
1384 4076 1562 4145 elegit.
1594 4077 1699 4130 To—

125 4178 224 4222 tum
249 4179 425 4226 autem
453 4173 535 4225 sic
566 4169 832 4239 intelligas
851 4168 964 4233 ,‘ab
989 4167 1158 4221 animi
1190 4167 1432 4221 instituto
1457 4178 1510 4221 et
1533 4168 1703 4224 libero

123 4261 326 4315 arbitrio
367 4262 814 4331 praedestinatos,
844 4259 946 4314 hoc
970 4269 1088 4324 est,
1116 4257 1218 4313 sibi
1243 4258 1445 4313 electos
1468 4257 1704 4314 destina-

124 4351 191 4404 vit
231 4367 290 4406 ac
319 4354 542 4421 posuit:
583 4361 786 4420 utputa,
823 4350 973 4404 vidit
1001 4363 1100 4403 nos
1124 4349 1433 4419 priusquam
1461 4363 1703 4403 essemus

119 4453 252 4499 sorte
273 4446 444 4500 vocati
477 4463 492 4500 :
527 4455 617 4499 est
649 4444 794 4499 enim
844 4441 1155 4497 admiranda
1207 4441 1300 4496 Dei
1333 4441 1663 4509 praescieutia
1685 4482 1699 4505 ,

122 4551 230 4606 quas
251 4540 425 4593 omnia
447 4539 608 4594 novit
630 4539 937 4607 priusquam
961 4552 1026 4592 ea
1048 4536 1258 4591 ﬁerent.
1282 4535 1363 4590 Tu
1385 4546 1563 4590 autem
1585 4537 1704 4589 vide

119 4629 372 4697 quomodo
402 4631 611 4697 ubique
639 4630 791 4700 ponit
837 4626 1071 4683 studium
1096 4668 1111 4694 ,
1165 4635 1222 4681 ut
1246 4626 1533 4692 ostendat,
1562 4627 1702 4696 quod

122 4734 216 4772 non
235 4735 294 4774 ex
328 4721 673 4791 pmnitentia,
706 4719 801 4775 sed
827 4735 891 4773 ex
917 4719 984 4774 ab
1008 4720 1118 4773 alto
1141 4719 1307 4788 petito
1330 4718 1591 4789 principio
1621 4734 1708 4773 res

118 4799 288 4867 OtnlleS
314 4813 520 4868 ita'siut
546 4810 867 4875 eﬂ'ormatse,
894 4820 951 4866 ut
972 4811 1024 4865 in
1045 4810 1148 4865 hoc
1169 4811 1299 4865 nihil
1321 4812 1487 4866 simus
1508 4809 1706 4866 Iudaeis

121 4904 370 4972 minores,
402 4915 460 4960 et
490 4906 622 4960 ideo
650 4918 748 4973 pro
774 4904 876 4958 hoc
895 4902 1022 4958 facit
1045 4903 1247 4959 omnia.
1273 4903 1553 4971 Quomodo
1577 4917 1706 4972 ergo

117 4994 231 5048 dicit
249 4996 362 5066 ipse
387 4996 650 5052 Christus
671 5037 685 5059 ,
716 5011 775 5049 se
803 5010 910 5049 non
937 5009 1058 5050 e-se
1089 4996 1337 5057 missum,
1362 4994 1478 5050 Nisi
1505 5004 1572 5049 ad
1593 5012 1707 5050 oues

116 5101 217 5152 qua
244 5089 498 5158 perierant
524 5088 711 5141 domus
735 5084 897 5140 Israel
919 5086 1133 5156 (Matth.
1169 5087 1256 5141 15.
1284 5085 1420 5156 24)?
1447 5095 1502 5140 et
1522 5101 1706 5141 rursus

116 5177 312 5235 dicebat
331 5181 662 5251 discipulis,
692 5177 758 5233 In
793 5180 927 5233 viam
956 5181 1181 5250 gentium
1207 5196 1270 5233 ne
1295 5179 1544 5245 abieritis,
1575 5189 1623 5233 et
1649 5181 1704 5234 in

115 5269 345 5326 civitatem
377 5272 837 5328 Samaritanorum
880 5288 944 5325 ne
988 5272 1183 5325 intretis
1213 5272 1235 5340 (
1259 5271 1450 5326 Matth.
1479 5271 1569 5327 10.
1595 5271 1706 5341 5)?

114 5370 160 5412 et
189 5361 296 5430 ipse
322 5379 548 5434 quoque
579 5362 779 5418 Paulus
800 5362 1031 5426 dicebat,
1068 5361 1218 5416 Vobis
1245 5371 1353 5416 erat
1375 5379 1571 5416 necesse
1600 5362 1708 5432 pri-

117 5469 237 5506 mum
262 5455 398 5525 loqui
423 5455 637 5509 uerbum
665 5453 763 5508 Dei
790 5469 810 5506 :
839 5454 1079 5523 quoniam
1107 5464 1275 5508 autem
1305 5457 1468 5522 ipsum
1506 5453 1709 5524 repelli-

115 5545 168 5596 tis
188 5586 206 5609 ,
225 5556 269 5599 et
289 5563 375 5602 uos
399 5564 507 5601 non
530 5545 788 5617 judicatis
830 5545 1012 5617 dignas
1053 5546 1156 5599 uita
1193 5555 1384 5599 (eterna
1402 5585 1418 5612 ,
1447 5561 1561 5599 ecce
1581 5562 1706 5598 con-

114 5639 336 5692 vertimur
374 5641 445 5693 ad
490 5649 671 5710 gentes
717 5639 870 5706 (Act.
902 5639 988 5692 15.
1035 5637 1180 5705 L6)?
1233 5637 1524 5707 PrOpterea
1561 5637 1705 5691 enim

116 5724 216 5782 haec
238 5728 512 5796 dicuntur,
544 5746 613 5785 ne
652 5729 778 5799 quis
807 5729 1077 5783 existimet
1104 5729 1219 5783 hinc
1246 5729 1409 5783 fuisse
1444 5738 1645 5783 remota
1677 5745 1705 5783 a

115 5829 202 5870 suo
230 5820 494 5892 instituto.
529 5821 830 5876 Secundum
862 5821 1178 5890 propositum
1201 5859 1217 5886 ,
1248 5820 1437 5890 inquit,
1472 5821 1581 5887 ejus
1619 5819 1706 5891 qui

1807 705 2049 763 operatur
2096 695 2268 746 omnia
2300 695 2579 748 secundum
2627 687 2895 751 consilium
2944 699 3220 754 voluntatis
3271 717 3402 758 tute.

1811 786 1922 839 Hoc
1945 793 2049 849 est,
2077 785 2210 838 nihil
2243 796 2426 853 postea
2454 798 2708 856 operatus
2729 799 2828 853 est,
2863 792 3062 860 quippe
3087 793 3178 862 qui
3210 795 3402 847 onmia

1807 889 2019 928 sursum
2050 873 2395 943 disposuerit.
2429 876 2500 929 Ita
2535 878 2648 947 ipse
2672 877 2830 933 linem
2855 881 3080 948 imponit
3104 883 3404 939 secundum

1813 967 2091 1020 consilium
2123 967 2410 1021 voluntatis
2437 985 2566 1023 sum.
2607 973 2973 1035 Quamobrem
3015 990 3119 1029 non
3147 978 3402 1044 quoniam

1809 1072 1913 1110 non
1940 1057 2286 1128 attendebant
2336 1057 2531 1122 Judwi,
2578 1071 2857 1129 propterea
2909 1066 3124 1120 vocavit
3171 1077 3401 1136 gentes,

1807 1164 1982 1218 neque
2008 1159 2261 1214 coactus,
2304 1166 2478 1221 neque
2521 1169 2584 1207 ex
2635 1152 2736 1208 illis
2765 1155 3046 1224 impulsus.
3089 1156 3159 1214 Ut
3211 1161 3406 1225 simus,

1810 1241 1999 1309 inquit,
2025 1257 2116 1295 nos
2136 1249 2188 1294 in
2232 1243 2435 1295 laudent
2465 1244 2641 1313 gloria:
2670 1249 2782 1314 ejus
2805 1287 2820 1311 ,
2851 1263 2941 1301 nos
2965 1249 3054 1317 qui
3078 1260 3196 1304 ante
3222 1267 3403 1320 spera-

1808 1332 1970 1385 vimus
1997 1333 2050 1386 in
2073 1332 2272 1387 Christo
2305 1335 2398 1397 ;in
2435 1351 2536 1404 quo
2564 1345 2610 1388 et
2638 1351 2725 1390 vos
2754 1354 2868 1390 cum
2898 1340 3169 1395 audissetis
3199 1341 3403 1397 verbum

1807 1425 2065 1487 veritatis,
2121 1425 2436 1496 evangelium
2483 1428 2666 1481 salutis
2718 1439 2898 1483 vcstrte
2929 1446 2948 1484 :
3000 1437 3101 1491 hoc
3145 1442 3263 1500 est,
3309 1451 3404 1504 per

1807 1530 1987 1584 quem.
2027 1514 2155 1569 Vide
2183 1515 2454 1570 Christum
2479 1518 2678 1587 ubique
2699 1534 2819 1573 esse
2841 1532 3115 1577 auctorem
3137 1526 3401 1589 omnium,

1807 1617 1860 1660 et
1888 1621 2148 1674 nusquam
2179 1622 2300 1662 esse
2329 1623 2523 1663 nomen
2546 1610 2846 1664 administri
2870 1653 2885 1677 ,
2929 1630 3102 1683 neque
3145 1615 3399 1671 ministri.

1807 1698 1956 1753 Sicut
1981 1700 2142 1754 etiam
2172 1699 2299 1754 dicit
2325 1701 2449 1755 alibi
2472 1703 2713 1757 scribens
2730 1704 2793 1757 ad
2820 1704 3076 1759 llebrams
3108 1725 3120 1761 :
3155 1709 3254 1772 Qui
3278 1708 3401 1762 oliui

1808 1791 2041 1860 loquutus
2071 1793 2298 1861 patribus
2322 1794 2509 1848 nostris
2543 1796 2594 1847 in
2634 1797 2928 1864 prophetis,
2963 1800 3246 1854 novissimis
3277 1813 3399 1856 tem-

1808 1882 2010 1950 poribus
2034 1883 2268 1952 loquutus
2287 1893 2357 1938 cst
2383 1886 2523 1938 nobis
2548 1887 2600 1938 in
2633 1885 2773 1941 Filio
2801 1886 2990 1955 (Hebr.
3019 1891 3138 1943 1.1.
3170 1892 3226 1960 2)
3251 1909 3267 1957 ;
3301 1893 3402 1946 hoc

1806 1980 1910 2033 est,
1945 1988 2042 2041 per
2084 1972 2300 2027 Filium.
2352 1972 2568 2028 Verbum
2596 1975 2728 2051 dicit
2753 1978 2999 2044 ueritatis,
3033 1994 3139 2032 non
3168 1981 3401 2050 amplius

1812 2065 2034 2117 verbum
2072 2063 2276 2133 ﬁgurae,
2320 2081 2419 2119 nec
2454 2066 2718 2135 imaginis.

1880 2155 2211 2226 Euangelium
2253 2159 2432 2211 salutis
2471 2174 2562 2211 cur
2613 2161 2686 2212 ita
2739 2161 2948 2212 dictum.
2971 2191 3039 2201 —
3067 2160 3401 2232 Evangelium

1806 2247 1986 2301 salutis
2008 2258 2212 2302 nostra.
2248 2249 2313 2301 Et
2341 2258 2485 2304 recte
2507 2250 2677 2317 ipsum
2704 2262 2856 2305 vocat
2879 2254 3210 2321 cvangetium
3251 2254 3398 2307 salu-

1807 2339 1875 2392 tis
1895 2381 1908 2405 ,
1944 2339 2134 2407 partim
2170 2340 2386 2408 quidem
2407 2340 2471 2394 ad
2505 2341 2699 2410 legem,
2733 2343 2926 2411 partim
2954 2354 3133 2398 antem
3162 2345 3227 2398 ad
3253 2343 3398 2398 futu-

1806 2445 1918 2483 tam
1946 2430 2276 2499 punitionem
2292 2430 2694 2500 signiﬁcandam
2713 2434 3041 2489 subobscure
3062 2435 3401 2504 loquens.Ni-

1807 2520 1881 2575 bil
1928 2530 2014 2576 est
2065 2522 2208 2576 enim
2259 2523 2400 2576 aliud
2464 2524 2802 2592 prmdicatio,
2852 2542 3014 2594 quam
3063 2527 3396 2596 evangelium

1806 2611 1993 2666 salutis
2017 2653 2033 2677 ,
2059 2613 2200 2682 quod
2226 2628 2331 2668 non
2363 2615 2591 2682 amplius
2622 2616 2800 2684 perdit
2826 2619 2920 2670 ebs
2944 2619 3031 2685 qui
3079 2619 3224 2686 digni
3275 2628 3399 2672 sunt

1805 2705 1894 2775 qui
1931 2715 2170 2774 pereant.
2197 2704 2262 2759 In
2307 2707 2442 2775 quod
2482 2718 2528 2760 et
2559 2709 2813 2764 credentes
2841 2711 3028 2780 signati
3053 2712 3169 2764 estis
3197 2710 3398 2783 Spiritu

1806 2797 2156 2865 promissionis
2209 2808 2416 2861 sancto,
2468 2802 2554 2865 qui
2600 2808 2672 2853 est
2727 2801 2910 2869 pignus
2961 2801 3252 2856 hereditatis
3301 2818 3397 2856 no-

1805 2899 1944 2942 stris.
2001 2888 2206 2943 Rursus
2252 2906 2500 2959 magnum
2559 2901 2643 2945 est
2690 2893 2946 2947 indicium
3001 2909 3144 2948 cura:
3170 2903 3225 2949 et
3277 2911 3400 2964 pro-

1806 2981 2091 3048 videntite,
2135 2983 2276 3052 quod
2322 2983 2428 3037 sint
2486 2984 2711 3054 signati,
2753 2999 2860 3038 non
2913 2987 3181 3053 separati;
3238 2996 3399 3054 atque

1807 3072 1950 3141 quod
1983 3088 2087 3126 non
2111 3074 2282 3127 solum
2311 3075 2420 3128 sint
2446 3085 2591 3130 surte
2621 3076 2827 3141 vocati,
2861 3075 2955 3129 sed
2998 3079 3156 3129 etiam
3183 3077 3397 3145 signati.

1808 3164 2264 3230 Quemadmodum
2293 3166 2435 3219 enim
2464 3167 2507 3219 si
2536 3168 2657 3234 quis
2681 3182 2778 3219 eos
2803 3166 2892 3235 qui
2915 3176 3064 3220 sorte
3091 3167 3401 3235 obtigerunt

1809 3255 2121 3308 manifestos
2149 3255 2368 3318 iecerit,
2397 3256 2467 3310 ita
2513 3257 2675 3310 etiam
2727 3256 2868 3310 Deus
2907 3270 3004 3310 eos
3041 3257 3306 3325 separavit
3336 3272 3400 3309 ac

1809 3348 2038 3402 secrevit
2066 3346 2133 3400 ad
2160 3347 2486 3401 credendum
2521 3363 2533 3400 :
2563 3346 2800 3416 signavit
2833 3346 2901 3401 ad
2936 3347 3038 3404 hoc
3076 3357 3134 3402 ut
3163 3348 3271 3403 sint
3300 3347 3398 3403 be-

1809 3437 1966 3492 redes
1992 3437 2311 3492 futurorum.

1879 3530 1936 3584 2.
1974 3531 2132 3586 Vides
2179 3532 2450 3601 quomodo
2491 3532 2816 3603 procedente
2862 3544 3104 3602 tempore
3151 3549 3247 3589 eos
3277 3534 3401 3588 facit

1809 3623 2171 3678 admirabiles.
2207 3623 2338 3678 Nam
2365 3624 2617 3694 quamdiu
2661 3624 2879 3680 fuerunt
2927 3627 2979 3679 in
3039 3625 3396 3695 praeseientia,

1812 3714 1941 3770 nulli
2003 3715 2217 3787 fuerunt
2276 3716 2892 3788 manifestizpostquam
2947 3729 3128 3774 autem
3186 3717 3403 3779 fuerunt

1810 3808 2022 3881 signati,
2058 3809 2267 3862 fuerunt
2299 3809 2595 3874 manifesti,
2624 3810 2718 3864 sed
2751 3826 2856 3863 non
2904 3810 3040 3865 sicut
3087 3827 3184 3868 vos
3206 3833 3220 3870 :
3245 3825 3404 3870 erunt

1810 3903 1953 3958 enim
1989 3899 2252 3955 manifesti
2286 3913 2480 3972 prmter
2502 3917 2724 3968 paucos.
2760 3904 2964 3976 Signati
2995 3905 3210 3965 fuerunt
3236 3908 3398 3962 etiam

1814 3992 2087 4063 Israelitze,
2126 3993 2219 4051 sed
2249 3994 2680 4058 circumcisione,
2713 3996 2852 4053 sicut
2891 4013 3086 4066 pecora
3116 4008 3172 4053 et
3202 3998 3355 4053 bruta
3383 4016 3397 4050 ε

1812 4102 1911 4142 nos
1952 4102 2167 4158 quoque
2211 4094 2395 4142 sumus
2428 4090 2653 4158 signati,
2702 4088 2797 4143 sed
2847 4090 2980 4144 sicut
3015 4089 3129 4154 lilii,
3175 4090 3399 4158 Spiritu.

1810 4176 1950 4242 Quid
1979 4185 2081 4239 est,
2115 4176 2318 4247 Spiritu
2348 4162 2737 4247 promissionis?
2775 4181 2878 4233 Aut
2903 4178 3045 4249 quod
3071 4194 3137 4236 es
3167 4181 3401 4249 promis-

1812 4269 1966 4323 sione
1992 4267 2166 4337 ipsum
2196 4270 2582 4338 acceperimus.
2616 4271 2745 4325 Duae
2772 4272 2916 4326 enim
2945 4282 3072 4326 sunt
3097 4273 3405 4341 promissio-

1812 4373 1930 4422 nes,
1979 4375 2083 4413 una
2123 4359 2339 4428 quidem
2389 4376 2487 4430 per
2531 4363 2842 4431 prophetas,
2887 4363 3054 4418 altera
3094 4373 3274 4420 autem
3308 4380 3405 4434 per

1812 4448 2003 4503 Filium
2029 4467 2042 4504 :
2068 4464 2165 4518 per
2183 4450 2499 4520 prOpbetas;
2518 4453 2640 4507 audi
2670 4452 2875 4511 Jeelem
2899 4453 3188 4523 dicentem,
3207 4453 3401 4523 Effun-

1812 4540 1931 4593 dam
1958 4557 2020 4594 ea:
2050 4541 2246 4611 Spiritu
2278 4558 2387 4595 meo
2412 4559 2563 4610 super
2601 4560 2800 4598 omnem
2828 4561 3032 4604 carnem
3056 4587 3072 4610 ,
3101 4557 3149 4599 et
3179 4547 3406 4616 prophe-

1817 4633 1995 4686 tabunt
2023 4633 2120 4700 ﬁlii
2156 4634 2304 4687 uestri
2334 4643 2380 4686 et
2411 4633 2535 4702 ﬁlia!
2568 4645 2767 4702 vestrm,
2791 4648 2840 4688 et
2867 4636 3211 4693 adolescentes
3253 4639 3407 4692 vestri

1812 4723 2048 4778 videbunt
2090 4724 2325 4790 uisiones,
2362 4736 2408 4779 et
2433 4726 2651 4784 seniores
2692 4727 2843 4781 uestri
2867 4729 3064 4780 somnia
3082 4729 3404 4783 somniabunt

1814 4813 1953 4882 (Joel
2001 4814 2056 4871 2.
2082 4814 2198 4883 28);
2239 4815 2360 4869 audi
2386 4826 2565 4871 autem
2593 4831 2779 4871 rursus
2802 4817 3072 4872 Christum
3113 4819 3402 4882 dicentem.

1816 4902 1882 4956 Et
1907 4905 2159 4974 accipietis
2189 4906 2418 4958 virtutem
2458 4908 2853 4977 snpervenientis
2877 4910 3034 4962 sancti
3062 4909 3289 4979 Spiritus
3317 4927 3405 4964 su-

1816 5013 1906 5061 per
1930 5011 2036 5060 vos,
2062 5006 2111 5048 et
2138 5011 2179 5048 ei
2193 4995 2275 5048 itis
2294 4995 2415 5048 miht
2443 5005 2589 5049 testes
2614 4997 2668 5049 in
2690 4997 2982 5051 Jerusalem
3008 5008 3053 5051 et
3081 5009 3187 5053 tota
3213 4999 3403 5054 ludam

1813 5095 1861 5140 et
1901 5085 2140 5141 Samaria
2179 5096 2225 5140 et
2265 5103 2424 5161 usque
2465 5086 2535 5140 ad
2573 5097 2852 5146 extremum
2889 5104 3037 5143 terra:
3065 5089 3202 5159 (Act.
3243 5092 3295 5146 1.
3324 5090 3404 5163 8).

1816 5180 1975 5250 Atqui
1994 5173 2276 5250 oportebat
2299 5182 2471 5248 ipsum
2490 5188 2756 5250 tamquam
2783 5182 2946 5235 Deum
2969 5197 3091 5238 esse
3105 5182 3405 5239 creditum:

1815 5270 1910 5325 sed
1942 5270 2010 5324 de
2038 5271 2138 5324 hoc
2163 5287 2268 5325 non
2297 5271 2496 5325 acriter
2515 5271 2813 5337 contendit,
2846 5272 2938 5326 sed
2970 5273 3241 5337 examinat
3272 5283 3410 5329 tam-

1814 5377 1974 5430 quam
1991 5363 2060 5417 de
2080 5361 2319 5430 homine,
2339 5363 2475 5417 sicut
2496 5362 2548 5416 in
2572 5362 2810 5433 Epistola
2831 5362 2896 5416 ad
2922 5363 3176 5422 Hebraeos
3195 5365 3403 5434 dicens,

1819 5450 1888 5507 Ut
1931 5468 2020 5522 per
2057 5452 2188 5506 duas
2217 5469 2297 5506 res
2340 5453 2641 5530 inmobiles,
2682 5453 2736 5506 in
2776 5453 2958 5523 quibus
2998 5455 3307 5524 impossibile
3333 5466 3406 5511 est

1817 5542 2021 5596 mentiri
2063 5541 2247 5609 Deum,
2277 5543 2611 5612 fortissimum
2639 5543 2879 5598 solatium
2907 5545 3180 5600 habeamus
3206 5546 3404 5617 (Hebr.

1813 5634 1869 5690 '6.
1898 5635 2008 5706 18).
2042 5634 2115 5689 lta
2145 5636 2305 5690 etiam
2335 5634 2422 5690 hic
2446 5651 2512 5690 ex
2537 5636 2603 5690 iis
2631 5652 2749 5706 qua:
2776 5637 2899 5692 data
2930 5647 3054 5692 sunt
3077 5637 3222 5694 ducit
3245 5654 3395 5710 argu-

1819 5739 2058 5781 mentum
2101 5727 2474 5796 promissionis
2519 5725 2846 5784 luturorum.
2899 5728 3195 5799 Propterea
3237 5731 3399 5785 etiam

1817 5818 2031 5873 arrham
2081 5817 2458 5873 vocatzarrba
2507 5819 2651 5874 enim
2702 5826 2785 5874 est
2827 5834 2952 5890 pars
2999 5819 3182 5876 totius.
3238 5818 3408 5884 Emit,
