4108 6312
784 269 848 326 l9
1506 269 1561 324 S.
1602 268 1877 326 JOANNIS
1914 267 2385 325 CHRYSOSTOMI
2428 268 2744 325 ARCllIEP.
2786 271 3316 342 CONSTAN‘TINOP.
3938 219 4041 334 E“9'21

2470 385 2595 439 bras
2638 388 2971 457 accurreris,
3025 406 3269 460 quaenam
3319 393 3422 449 erit
3458 397 3761 463 excusatio,
3803 412 4033 468 quaenam

2467 475 2663 529 venia?
2709 475 2863 532 Nulla
2903 479 3133 549 amplius
3166 499 3179 534 :
3212 480 3315 537 hoc
3356 492 3439 539 est
3481 486 3625 541 enim
3672 488 3883 557 signum
3934 487 4033 544 odii
4078 475 4079 551 ξ

2466 567 2766 623 incl'fabilis.
2818 569 2951 625 Nam
2998 573 3215 643 quando
3257 575 3423 631 Deum
3470 578 3685 647 quidem
3733 580 4033 648 nesciebas,

2460 660 2602 729 quod
2626 663 2672 717 ei
2711 678 2860 719 esses
2886 665 3133 721 inimicus
3153 707 3168 732 ,
3201 676 3491 738 utcumque
3533 670 3707 741 aliqua
3737 671 3833 726 tibi
3866 671 4028 727 danda
4078 710 4079 737 ξ

2458 760 2575 805 erat
2620 756 2772 808 venia
2811 768 3141 828 :pustquam
3183 767 3361 813 autem
3409 760 3793 830 ben’,nitatcm
3838 772 3891 819 et
3936 766 4032 818 mel
4078 782 4079 830 ς

777 387 916 453 quod
959 388 1023 441 ad
1071 403 1165 442 nos
1211 387 1423 458 quidem
1470 387 1681 453 attinet,
1729 395 1964 442 nostram
2008 386 2256 445 salutem.
2304 395 2359 440 et

777 477 989 531 interim
1037 478 1194 533 nobis
1243 478 1391 532 dedit
1427 477 1664 531 arrham.
1714 477 1827 532 Cur
1854 492 1983 547 ergo
2026 492 2131 533 non
2179 476 2357 530 statim

776 577 944 623 totum
991 569 1172 624 dedit?
1212 570 1475 638 Quoniam
1523 585 1698 639 neque
1744 584 1844 625 nos
1894 579 2064 623 totum
2113 567 2353 623 fecimus.

775 658 1143 714 Credidimus:
1169 659 1271 715 hoc
1310 670 1394 716 est
1421 660 1773 730 principium;
1812 659 1959 715 dedit
1987 658 2104 729 ipse
2140 672 2356 728 quoque

772 751 999 806 errham.
1032 753 1254 824 Quando
1282 754 1438 807 ﬁdem
1464 769 1559 823 per
1584 768 1744 823 opera
1778 752 2197 817 ostenderimus,
2229 762 2353 807 tunc

767 842 929 895 addit
956 850 1146 896 totum.
1180 842 1291 896 lmo
1330 858 1460 898 vero
1502 842 1647 897 aliud
1673 858 1888 913 quoque
1922 842 2071 897 dedit
2097 842 2349 909 pretium,

766 931 1044 999 proprium
1086 933 1420 1002 sanguinem,
1452 944 1505 987 ct
1546 946 1731 986 rursus
1771 930 1914 986 aliud
1942 940 2025 986 est
2055 931 2345 1002 pollicitus.

765 1023 989 1078 Perinde
1019 1039 1080 1079 ac
1111 1025 1155 1079 si
1182 1026 1430 1095 gentibus
1454 1025 1649 1080 bellum
1678 1033 1821 1079 esset
1846 1024 2104 1078 adversus
2133 1032 2343 1093 gentes,

760 1114 890 1169 dant
933 1114 1286 1171 obsides:ita
1337 1106 1483 1174 Deus
1521 1115 1668 1170 dedit
1715 1114 1905 1169 Filium
1953 1129 2109 1169 suum
2155 1113 2344 1183 pignus

759 1207 905 1275 pacis
944 1216 999 1263 et
1037 1206 1323 1273 foederum,
1352 1215 1408 1262 et
1450 1206 1706 1277 Spiritum
1754 1214 1997 1260 sanctum
2039 1204 2128 1275 qui
2168 1214 2341 1259 estex

758 1301 874 1366 ipso
898 1317 911 1353 :
938 1315 1059 1355 nam
1088 1300 1175 1371 qui
1218 1315 1346 1355 vere
1372 1310 1497 1353 sunt
1536 1299 1766 1368 Spiritus
1811 1298 2122 1367 participes,
2165 1298 2340 1351 sciunt

754 1406 874 1444 eum
900 1407 1020 1447 esse
1063 1390 1276 1445 arrham
1308 1390 1641 1446 hereditatis.
1670 1390 1812 1443 Talis
1842 1399 1957 1447 erat
2003 1389 2217 1450 Paulus,
2247 1388 2335 1456 qui

754 1481 843 1535 hic
888 1490 1127 1551 gustarat
1168 1496 1228 1536 ea
1262 1496 1381 1551 qua:
1422 1481 1530 1535 illic
1574 1489 1698 1534 sunt
1723 1497 1735 1533 :
1761 1490 1815 1534 et
1858 1480 1977 1534 ideo
2020 1478 2243 1549 urgebat
2282 1489 2337 1533 et

751 1572 1076 1639 parturiebat
1103 1583 1163 1625 ut
1192 1588 1309 1640 qum
1335 1571 1420 1626 hic
1446 1579 1573 1625 sunt
1609 1571 1922 1632 dimitteret.
1950 1580 2005 1626 et
2044 1571 2290 1641 gemebat
2317 1589 2329 1623 :

749 1662 866 1717 aliis
909 1663 1051 1716 enim
1099 1661 1313 1720 videbat
1356 1663 1547 1727 oculis,
1594 1672 1653 1715 ut
1696 1664 1785 1731 qui
1833 1670 2066 1717 mentem
2116 1678 2331 1717 onmem

748 1754 870 1808 illuc
896 1753 1272 1809 transtulisset.
1297 1753 1493 1809 Rerum
1512 1768 1618 1807 non
1636 1769 1692 1808 es
1713 1754 1980 1823 particeps
2005 1772 2018 1808 :
2048 1764 2328 1823 propterea

746 1847 903 1899 ctiam
955 1859 985 1897 a
1034 1844 1210 1899 verbis
1239 1844 1460 1899 excidis.
1513 1843 1567 1899 Si
1595 1858 1838 1898 essemus
1866 1858 2055 1899 omnes
2100 1844 2330 1917 Spiritus

743 1934 1055 2004 participes,
1099 1945 1157 1988 ut
1185 1936 1472 2004 participes
1498 1950 1618 1989 esse
1648 1942 1945 2003 oporteret,
1974 1945 2026 1989 et
2049 1935 2213 1994 caelos
2240 1936 2325 1989 vi-

742 2027 989 2086 dcrcmus
1015 2036 1068 2082 et
1096 2028 1216 2095 quis
1242 2026 1349 2080 illic
1374 2027 1445 2081 sit
1470 2034 1663 2080 status.
1694 2025 1988 2095 Cujusnam
2021 2025 2099 2080 rei
2129 2033 2212 2080 est
2239 2040 2326 2080 ar-

741 2116 872 2169 rha?
895 2116 1320 2184 Redcntptionis,
1352 2115 1716 2186 acquisitionis
1744 2132 1756 2167 :
1781 2130 1913 2185 pura
1940 2114 2082 2170 enim
2115 2124 2240 2171 tunc
2267 2115 2327 2171 lit

736 2206 1208 2286 redemptioni‘lam
1237 2222 1380 2263 nunc
1400 2206 1615 2277 quidem
1640 2216 1695 2262 et
1720 2206 1773 2260 in
1801 2205 1997 2260 mundo
2018 2220 2327 2278 versamur,

737 2310 788 2354 ct
817 2300 983 2353 multa
1014 2299 1246 2372 humana
1277 2298 1430 2353 nobis
1456 2297 1727 2364 accidunt,
1762 2308 1817 2353 et
1844 2311 2028 2351 smnus
2061 2312 2183 2351 cum
2216 2298 2313 2350 ἰηι-

739 2389 1033 2457 piiszpura
1090 2397 1268 2442 autem
1320 2398 1445 2442 tunc
1492 2396 1576 2443 est
1600 2387 1921 2456 redemptio,
1952 2386 2166 2456 quando
2216 2400 2319 2441 nec

731 2488 856 2532 sinit
900 2488 1135 2548 peccata,
1180 2493 1279 2533 nec
1318 2478 1567 2532 humanae
1600 2476 1931 2540 all'ectiones,
1981 2492 2156 2547 neque
2185 2492 2314 2547 pro-

733 2572 932 2626 ηιὺοιιο
963 2587 1147 2626 sumus
1168 2572 1289 2625 etim
1322 2570 1592 2625 omnibus.
1643 2570 1794 2625 Nunc
1814 2579 1990 2624 autem
2020 2579 2103 2625 est
2130 2569 2309 2626 arrha.

730 2663 857 2717 Nam
888 2674 944 2719 et
968 2678 1109 2719 nunc
1135 2663 1207 2719 ab
1229 2662 1356 2732 ipsis
1381 2662 1656 2727 absumus,
1684 2670 1740 2717 et
1766 2662 2103 2717 conversatio
2130 2671 2312 2716 nostra

730 2770 834 2808 non
863 2765 1119 2825 estsupcr
1137 2763 1352 2820 terram,
1378 2763 1432 2808 et
1450 2769 1588 2808 nunc
1606 2768 1788 2807 sumus
1805 2761 1955 2814 extra
1979 2753 2265 2821 praesentia
2292 2769 2305 2805 :

728 2861 848 2900 nam
885 2861 1023 2900 nunc
1049 2860 1262 2915 quoque
1294 2859 1481 2898 sumus
1507 2843 1748 2899 advenae.
1791 2841 1860 2896 In
1893 2842 2097 2897 laudem
2133 2844 2312 2913 glorite

725 2938 902 3006 ipsius.
933 2937 1043 2992 Hoc
1071 2938 1219 3007 ponit
1243 2935 1475 2991 assidue.
1506 2935 1748 3004 Quanam
1769 2934 1835 2989 de
1854 2935 2050 2990 causa?
2075 2934 2145 2992 Ut
2167 2935 2308 3005 quod

726 3029 851 3082 satis
876 3028 945 3082 sit
972 3028 1037 3081 ad
1067 3026 1364 3082 faciendam
1395 3025 1551 3080 fidem
1584 3025 1942 3080 auditoribus.
1971 3024 2103 3079 Nam
2134 3024 2307 3095 siqui-

723 3120 843 3175 dem
874 3128 1057 3174 nostra
1087 3134 1245 3174 causa
1284 3119 1398 3173 lucc
1424 3119 1645 3183 faceret,
1680 3118 1870 3185 inquit,
1905 3133 1993 3173 res
2031 3133 2136 3172 non
2165 3127 2309 3173 esset

723 3210 835 3264 sine
856 3209 1017 3263 dubio
1047 3227 1060 3263 :
1089 3209 1133 3262 si
1158 3218 1335 3263 autem
1357 3217 1574 3278 promer
1600 3222 1683 3274 se,
1713 3215 1768 3261 ct
1796 3215 1851 3261 ut
1877 3221 2027 3261 suam
2058 3207 2307 3261 ostendat

721 3303 1036 3368 bonitatem,
1095 3311 1365 3372 tamquam
1416 3298 1684 3369 quoddam
1740 3299 2103 3354 testimonium
2156 3299 2306 3369 ponit

720 3409 929 3448 causam
954 3391 1092 3463 quod
1115 3393 1230 3447 lucc
1254 3406 1362 3467 non
1388 3390 1545 3445 aliter
1566 3389 1700 3444 facta
1731 3390 1840 3444 sint
1867 3407 1880 3442 :
1904 3403 2025 3459 qua:
2051 3390 2102 3444 in
2133 3388 2303 3444 Israe-

718 3485 825 3539 litis
851 3484 1094 3539 videmus
1134 3483 1444 3555 frequenter
1469 3482 1574 3538 dici
1604 3500 1617 3536 :
1653 3480 1759 3535 Fac
1785 3483 1928 3535 nobis
1960 3491 2166 3551 propter
2205 3498 2300 3535 no-

716 3589 828 3628 men
858 3583 999 3627 tuum
1025 3571 1353 3646 (Psal.,108.
1376 3571 1501 3641 2|);
1530 3585 1823 3639 rursusque
1851 3570 1990 3625 Deus
2012 3570 2124 3640 ipse
2154 3569 2302 3625 dice-

715 3667 823 3733 bat,
854 3666 1012 3721 Facio
1039 3674 1245 3736 praptcr
1270 3680 1349 3718 me
1372 3662 1528 3734 (Isai.
1552 3661 1643 3718 48.
1671 3663 1790 3731 Η);
1823 3669 1877 3715 et
1911 3661 2139 3731 Moyses,
2160 3672 2172 3686 '
2190 3660 2299 3718 Fac

715 3760 858 3816 nobis
894 3769 1101 3830 propter
1133 3775 1317 3813 nomen
1359 3766 1524 3822 tuum,
1569 3744 1781 3811 etiamsi
1831 3764 2049 3824 propter
2091 3753 2295 3814 nullum

714 3856 962 3910 alterum.
1022 3838 1330 3909 lloc'enim
1377 3848 1640 3906 certiores
1696 3846 1872 3902 reddit
1925 3846 2198 3901 auditores
2246 3856 2301 3902 et

711 3947 887 4019 erigit,
917 3954 975 4002 ut
994 3946 1082 4016 qui
1105 3943 1389 4000 didicerint
1416 3940 1559 4013 quod
1585 3947 1805 4010 propter
1833 3952 1984 3992 suam
2008 3936 2299 3993 bonitatem

712 4042 891 4098 omnia
918 4043 988 4096 sit
1019 4037 1254 4094 facturus
1288 4050 1407 4106 qua:
1434 4031 1717 4105 promittit.
1764 4029 1868 4086 Sed
1907 4029 2034 4085 dum
2063 4027 2178 4085 hate
2205 4043 2301 4083 au.-

688 4134 909 4197 .dimus,
930 4112 1009 4186 ne
1034 4130 1203 4185 simus
1238 4127 1374 4197 pigri
1401 4134 1456 4180 et
1484 4122 1644 4179 otiosi
1670 4140 1685 4177 :
1714 4136 1835 4177 nam
1864 4121 1965 4176 etsi
1994 4114 2213 4190 propter
2237 4133 2298 4175 se

711 4223 857 4290 facit,
887 4222 981 4278 sed
1009 4232 1188 4274 tamen
1215 4218 1377 4273 etiam
1406 4223 1588 4270 nostra
1615 4229 1647 4289 a
1673 4212 1829 4268 nobis
1855 4211 2039 4281 exigit.
2067 4209 2199 4265 Nam
2226 4209 2289 4276 si,

712 4317 821 4375 Eds,
852 4316 938 4387 qui
963 4331 1040 4367 me
1064 4311 1352 4383 glori/icon!
1381 4307 1696 4379 glori/icabo,
1733 4303 1924 4374 inquit,
1951 4310 2000 4355 ct
2036 4301 2124 4372 qui
2147 4317 2291 4371 sper—

706 4418 831 4462 nunt
878 4414 1176 4477 spernentur
1223 4402 1298 4471 (Ι.
1346 4398 1470 4470 Reg.
1517 4397 1573 4451 2.
1621 4396 1752 4461 50),
1807 4394 2104 4464 cogitemus
2150 4392 2292 4462 quod

708 4512 892 4556 nostra
922 4511 1134 4569 quoque
1160 4511 1189 4548 a
1231 4493 1385 4548 nobis
1424 4488 1623 4560 exigat.
1672 4488 1813 4543 Laus
1844 4496 1926 4542 est
1969 4494 2145 4541 autem
2174 4484 2292 4554 ejus

705 4596 915 4663 gloriae,
956 4592 1136 4646 salvos
1174 4588 1354 4643 facere
1390 4586 1658 4647 inimicos,
1702 4581 1796 4636 sed
1831 4595 1948 4645 eos,
2000 4580 2092 4650 qui
2141 4588 2291 4648 post-

705 4684 863 4756 quam
906 4683 1030 4737 facti
1072 4688 1197 4735 sunt
1235 4678 1413 4744 amici,
1450 4675 1607 4741 amici
1652 4681 1887 4728 manent.
1945 4670 2096 4738 Quod
2137 4671 2181 4725 si
2221 4671 2289 4725 ad

706 4778 911 4848 priores
952 4772 1212 4828 redierint
1240 4767 1569 4833 inimicitias,
1615 4774 1818 4820 temere
1839 4771 1893 4818 et
1933 4762 2127 4818 frustra
2157 4760 2291 4818 fiunt

705 4867 905 4921 omnia.

774 4979 827 5033 5.
855 4975 969 5031 Non
996 4984 1075 5028 cst
1098 4973 1238 5029 enim
1263 4971 1491 5026 alterum
1517 4967 1789 5022 lavacrum
1810 5005 1825 5031 ,
1855 4978 2029 5034 neque
2055 4963 2287 5019 secunda

703 5068 1085 5129 reconciliatio.
1116 5066 1209 5121 srd
1233 5063 1487 5120 terribilis
1517 5058 1760 5133 quaedam
1784 5057 2116 5128 exspectatio
2138 5056 2285 5125 judi-

700 5165 806 5226 cii,
854 5176 908 5218 et
949 5160 1215 5216 annulatio
1259 5156 1398 5228 ignis
1434 5153 1645 5212 excsuri
1680 5150 2039 5207 adversarios.
2082 5148 2214 5204 Nam
2241 5148 2285 5203 si

701 5273 819 5311 cum
848 5271 913 5311 eo
943 5268 1155 5322 semper
1195 5260 1445 5321 gerentes
1489 5245 1828 5310 inimicitias,
1872 5243 2081 5297 veniam
2114 5242 2284 5311 impe-

698 5359 899 5403 tremus
926 5392 931 5411 ,
970 5360 1073 5399 non
1102 5340 1432 5397 cessabimus
1459 5337 1508 5393 ei
1539 5352 1658 5392 esse
1686 5333 1909 5399 inimici,
1940 5340 1995 5387 et
2026 5331 2284 5401 voluptati

698 5441 1010 5507 indulgere,
1062 5445 1109 5491 et
1158 5433 1273 5489 fieri
1319 5430 1614 5488 deteriores
1640 5471 1653 5494 ,
1694 5438 1747 5483 ct
1785 5424 1958 5481 orbati
2009 5439 2128 5480 esse
2171 5423 2284 5478 sole

695 5532 914 5603 juStitirc
940 5528 1031 5602 qui
1061 5526 1309 5583 accessit.
1338 5524 1434 5580 Vis
1462 5522 1705 5592 accipere
1742 5519 1946 5587 radium
1981 5526 2101 5572 tuus
2145 5530 2275 5586 ape-

697 5626 924 5683 rientem
942 5622 1164 5681 oculos?
1184 5619 1290 5677 Fac
1308 5633 1401 5675 eos
1423 5615 1696 5688 pulchros,
1715 5626 1897 5682 sanos,
1924 5608 2281 5681 perspicaces.

696 5716 940 5775 Ostendit
983 5715 1078 5772 tibi
1126 5716 1297 5769 lucem
1332 5725 1531 5768 veram:
1563 5709 1606 5763 si
1635 5722 1753 5767 eam
1798 5704 2005 5775 fugiens
2031 5701 2095 5756 ad
2127 5710 2278 5755 tene-

2456 844 2704 910 gustasli,
2730 844 2775 899 si
2806 845 2870 899 iis
2900 845 3139 903 dimissis
3165 848 3231 903 ad
3264 859 3410 903 tuum
3442 852 4028 918 revertarisvomitum,

2455 933 2587 987 nihil
2616 936 2759 991 aliud
2790 953 2945 1006 quam
2979 954 3166 1010 magna
3195 941 3403 1010 profers
3428 942 3577 1013 signa
3606 945 3711 1000 odii
3737 953 3790 1000 et
3813 957 4033 1002 contem-

2452 1034 2593 1092 plus.
2619 1027 2755 1093 Non,
2786 1031 2972 1100 inquit,
2994 1031 3086 1086 sed
3103 1033 3474 1091 necessitatem
3497 1035 3626 1089 mihi
3645 1034 3799 1091 ali‘ert
3814 1046 4029 1099 natura:
4078 1027 4079 1100 Ῑ

2449 1124 2610 1184 atque
2638 1117 2905 1175 Christum
2939 1121 3152 1190 quidem
3180 1122 3345 1195 diligo
3368 1165 3384 1189 ,
3426 1139 3591 1197 cogor
3615 1135 3793 1181 autem
3823 1143 3854 1183 a
3883 1138 4031 1183 natu--

2449 1218 2527 1257 ra.
2574 1206 2630 1262 Si
2669 1211 3045 1267 necessitatem
3088 1222 3146 1269 et
3175 1214 3281 1268 vim
3330 1216 3636 1281 sustineas,
3685 1218 3780 1273 tibi
3823 1218 4031 1274 dabitur

2445 1300 2596 1349 venia
2630 1314 2643 1349 :
2676 1300 2718 1353 si
2745 1309 2923 1355 autem
2950 1302 3020 1357 ob
3050 1303 3351 1359 socordiam
3388 1305 3535 1362 cadis
3561 1317 3614 1362 et
3637 1306 4026 1380 negligentiam,

2443 1401 2679 1442 ﬂlllllme.
3840 1454 3853 1461 ‘

2514 1477 2731 1534 Peream
2773 1499 2874 1536 non
2918 1484 3049 1553 ﬁunt
3092 1488 3729 1560 commeritum—Age
3768 1505 3897 1560 ergo
3925 1491 4022 1546 hoc

2441 1567 2611 1635 ipsum
2655 1574 3061 1639 examinemus,
3100 1586 3391 1646 peccatane
3432 1580 3559 1634 liant
3596 1595 3661 1634 ex
3705 1582 4028 1658 necessitate
4078 1582 4079 1669 χ

2437 1667 2493 1712 et
2530 1660 2815 1726 violentia,
2862 1679 2929 1718 an
2977 1681 3040 1719 ex
3082 1668 3243 1720 multa
3290 1659 3536 1723 socordia
3583 1679 3636 1731 et
3674 1670 4019 1741 negligentia,
4078 1659 4079 1733 ἰ

2438 1746 2557 1802 Non
2602 1752 2796 1807 occides
2827 1752 3040 1826 (Exod.
3069 1754 3159 1812 20.
3191 1758 3336 1826 15),
3370 1758 3558 1829 inquit.
3603 1740 3859 1826 Quaenam
3892 1777 4019 1833 ergo

2434 1842 2761 1896 necessitas?
2822 1859 3065 1913 quasnam
3115 1846 3196 1902 vis
3245 1862 3312 1903 eo
3361 1848 3567 1919 adigit?
3622 1849 3712 1904 Vis
3761 1860 3846 1906 est
3893 1830 4021 1923 ergo

2430 1928 2696 1985 occidere.
2730 1931 2862 1999 Quis
2908 1935 3052 1989 enim
3109 1950 3203 1990 sua
3258 1947 3457 2007 sponte
3484 1938 3706 2008 elegerit
3757 1940 4019 2013 intingere
4078 1924 4079 1993 l

2429 2031 2612 2073 ensem
2658 2023 2720 2093 in
2777 2032 2992 2093 gutture
3046 2025 3310 2095 proximi,
3375 2035 3430 2081 et
3492 2038 3774 2093 cruentare
3825 2030 4016 2086 dexte-
4078 2034 4079 2039 ‘

2428 2110 2586 2164 tam?
2616 2110 2804 2167 Nemo.
2855 2113 3017 2171 Vides
3057 2116 3197 2186 quod
3228 2126 3450 2180 contra,
3498 2133 3721 2188 peccare
3761 2129 3847 2175 est
3898 2137 4015 2176 ma-

2423 2199 2508 2265 gis
2559 2203 2849 2263 necessitas
2886 2212 2943 2257 et
2984 2203 3283 2264 violentia?
3324 2205 3518 2261 indidit
3559 2209 3700 2263 enim
3731 2209 3874 2264 Deus
3925 2227 4017 2266 na-

2425 2297 2558 2345 tura:
2597 2300 2794 2347 nostra:
2816 2294 3083 2362 quoddam
3124 2297 3443 2351 amatorium
3468 2339 3483 2364 ,
3511 2306 3569 2353 ut
3607 2298 3742 2365 alter
3779 2300 4015 2359 alterum

2423 2381 2651 2443 invicem
2699 2384 2984 2454 diligamus
3028 2405 3041 2441 :
3084 2386 3248 2441 Omne
3305 2388 3484 2455 enim,
3554 2389 3764 2460 inquit,
3813 2392 4018 2446 animal

2401 2474 2588 2544 .diligit
2616 2475 2783 2530 simile
2810 2478 2937 2542 sibi,
2988 2489 3036 2531 et
3076 2480 3224 2536 homo
3267 2495 3418 2543 suum
3462 2481 3751 2548 proa'intum
3799 2480 4013 2551 (Eccli.

2421 2568 2508 2622 15.
2538 2566 2662 2637 19).
2696 2567 2853 2624 Vides
2889 2569 3029 2639 quod
3073 2570 3141 2624 ad
3183 2571 3433 2627 virtutem
3465 2573 3667 2629 semina
3717 2572 4016 2629 habeamus

2416 2673 2445 2710 a
2494 2660 2728 2714 natura?
2773 2654 2971 2716 Vitium
3021 2671 3199 2717 autem
3244 2673 3328 2718 cst
3376 2669 3570 2733 praeter
3617 2674 3861 2719 naturam
3900 2684 3916 2722 :
3969 2670 4012 2721 si

2417 2749 2539 2804 vitia
2568 2752 2734 2821 magis
2756 2752 3100 2808 dominantur
3123 2794 3138 2821 ,
3168 2755 3269 2810 hoc
3297 2764 3381 2811 est
3406 2764 3777 2826 argumentum
3808 2767 4015 2813 nostra:

2413 2842 2658 2913 segnitici
2712 2859 2917 2916 magnae
2964 2854 3018 2901 et
3062 2846 3303 2917 ignaviae.
3353 2845 3488 2915 Quid
3539 2840 3710 2918 gero?
3754 2864 4012 2918 quamam

2414 2930 2702 2992 necessitas
2741 2946 2839 2994 nos
2869 2936 3122 3001 ducitrad
3169 2937 3491 3008 adulterium
3513 2910 3723 2995 ?‘Certe
3746 2981 3762 3006 ,
3789 2939 4010 3010 inquit,

2413 3026 2656 3097 tyrannis
2679 3028 2931 3091 libidinis.
2963 3028 3140 3096 Quare
3159 3070 3173 3094 ,
3204 3029 3291 3085 dic
3313 3069 3329 3087 .
3357 3031 3583 3101 quasso?
3616 3045 3722 3086 non
3754 3031 3881 3086 licet
3912 3033 4011 3087 tibi

2412 3123 2499 3169 tua
2546 3117 2620 3170 uti
2671 3132 2878 3182 uxore,
2924 3128 2980 3174 et
3022 3119 3299 3179 libidinem
3347 3120 3584 3178 sedare?
3634 3120 3740 3184 Sed
3780 3123 4012 3196 capior,

2411 3207 2617 3277 inquit,
2663 3209 2890 3279 quodam
2930 3224 3113 3267 amore
3147 3211 3333 3265 uxoris
3362 3212 3613 3279 proximi.
3643 3211 3760 3267 Non
3786 3222 3871 3269 est
3903 3213 4014 3266 hoc

2409 3299 2593 3368 utique
2623 3300 2960 3355 necessitatis
2988 3318 3001 3355 :
3033 3316 3140 3357 non
3168 3310 3251 3355 est
3274 3302 3417 3356 enim
3444 3317 3598 3365 amor
3622 3304 3974 3359 necessitatis
3998 3323 4011 3359 :

2408 3403 2565 3444 nemo
2584 3397 2729 3443 amat
2750 3389 3089 3455 necessitate,
3118 3390 3210 3445 sed
3234 3398 3427 3458 sponte
3446 3400 3497 3445 et
3518 3392 3685 3447 libera
3709 3393 4009 3449 electione.

2406 3483 2581 3553 Atque
2607 3481 2673 3537 ad
2699 3483 2898 3537 coitum
2926 3482 3141 3552 quidem
3169 3481 3396 3538 fortasse
3419 3483 4015 3555 impellit'necessitas;

2407 3585 2464 3629 ut
2492 3575 2628 3630 hanc
2655 3584 2833 3631 autem
2865 3584 2957 3630 aut
2986 3574 3129 3631 illam
3158 3589 3307 3631 ames
3327 3617 3343 3643 ,
3374 3590 3477 3630 non
3506 3587 3590 3631 est
3617 3578 3881 3635 necessita
3894 3582 3972 3637 tis
3999 3600 4013 3635 :

2406 3683 2579 3738 neque
2605 3682 2667 3723 ea
2690 3682 2776 3723 res
2804 3675 2889 3723 est
2912 3666 3239 3723 desiderium
3264 3666 3436 3723 coitus
3457 3708 3473 3734 ,
3503 3667 3597 3725 sed
3626 3668 3796 3724 inanis
3823 3670 4016 3740 gloria

2403 3771 2459 3818 et
2500 3761 2819 3817 contumelia
2846 3802 2861 3827 ,
2907 3769 2963 3816 et
3008 3774 3129 3830 quae
3183 3759 3400 3815 modum
3447 3759 3716 3816 excedunt
3762 3760 4012 3819 delicia.

2402 3852 2536 3908 Nam
2564 3861 2739 3907 utrum
2767 3851 2938 3923 magis
2965 3858 3051 3906 est
3081 3850 3275 3910 rationi
3306 3859 3729 3906 consentaneum
3751 3892 3766 3919 ,
3800 3866 4011 3912 eamne

2403 3943 2603 4000 habere
2644 3957 2764 4013 quae
2807 3950 2896 3999 est
2941 3940 3209 4011 desponsa
3233 3981 3247 4005 ,
3296 3954 3416 4010 qua:
3457 3946 3543 3995 est
3586 3940 3728 4003 socia
3759 3940 4017 4015 ﬁliorum

2403 4033 2826 4104 procreationis,
2859 4046 2926 4090 an
2968 4047 3087 4104 eam
3119 4045 3236 4101 quae
3263 4044 3371 4086 non
3409 4038 3492 4086 est
3529 4030 3786 4102 cognita?
3819 4037 4012 4090 nesci-

2402 4126 2471 4182 tis
2513 4125 2656 4196 quod
2705 4123 3125 4181 consuetudines
3177 4121 3391 4192 pariunt
3436 4121 3740 4186 amicitias?
3787 4122 4007 4192 Quam-

2400 4218 2588 4273 obrem
2633 4231 2742 4273 non
2772 4225 2856 4273 est
2884 4224 3112 4279 natura.
3160 4213 3281 4270 Noli
3319 4226 3577 4270 accusare
3602 4215 4012 4285 concupisccn-

2403 4311 2570 4367 tiam:
2602 4310 2723 4366 data
2765 4318 2847 4366 est
2886 4318 3106 4381 propter
3148 4306 3587 4373 matrimonium,
3636 4305 3884 4364 exhibita
3921 4320 4019 4367 est

2399 4404 2465 4459 ad
2493 4402 2784 4459 liberorum
2804 4399 3230 4472 procreationem
3252 4439 3268 4466 ,
3295 4411 3399 4452 non
3425 4404 3643 4468 propter
3666 4396 4025 4465 adulter-imm

2400 4509 2572 4566 neque
2598 4502 2817 4565 propter
2838 4500 3105 4561 stuprum.
3136 4489 3325 4544 Sciunt
3348 4488 3509 4543 etiam
3538 4485 4019 4558 leges’lgnoseere

2397 4587 2634 4657 peccatis
2660 4599 2779 4654 qua:
2822 4582 2955 4638 liuut
2982 4597 3047 4636 ex
3076 4579 3397 4638 necessitate
3428 4595 3442 4632 :
3475 4577 3583 4632 imo
3625 4591 3755 4632 vero
3784 4578 4015 4636 intllu'm

2398 4688 2480 4735 est
2509 4686 2785 4748 peccatum
2825 4674 2966 4745 quod
2998 4676 3087 4729 liat
3128 4687 3194 4728 ex
3226 4671 3588 4736 necessitate,
3620 4670 3715 4726 sed
3744 4672 3947 4729 omnia
3981 4692 4013 4730 a

2397 4770 2744 4839 contumelia.
2796 4767 2911 4823 Non
2941 4768 3083 4823 enim
3114 4766 3254 4830 Deus
3281 4765 3361 4820 sic
3389 4763 3680 4818 fabricatus
3722 4766 3806 4817 est
3832 4774 4015 4821 natu-

2396 4882 2511 4923 ram
2533 4907 2547 4931 ,
2572 4875 2631 4920 nt
2650 4877 2872 4920 necesse
2903 4861 3093 4917 habeat
3121 4873 3345 4930 peccare
3374 4874 3388 4910 :
3417 4855 3614 4926 alioqui
3640 4855 3685 4909 si
3713 4854 3785 4910 ita
3819 4870 4013 4927 esset,

2396 4975 2503 5015 non
2535 4965 2681 5013 esset
2717 4969 2896 5027 pmna.
2951 4953 3024 5008 De
3054 4951 3121 5006 iis
3151 4944 3293 5007 enim
3323 4963 3443 5019 qua:
3473 4947 3522 5001 vi
3554 4947 3689 5012 fiunt
3712 4954 3768 5009 et
3792 4961 4017 5022 neces-

2395 5052 2587 5115 sitatc,
2640 5064 2707 5103 ne
2748 5061 2846 5102 nos
2881 5044 3095 5117 quidem
3142 5042 3405 5113 exigimus
3447 5039 3752 5104 rationem;
3786 5038 4017 5107 nedum

2397 5143 2539 5198 Deus
2562 5140 2652 5212 qui
2679 5148 2763 5194 est
2790 5137 2924 5193 adeo
2950 5135 3190 5191 clemens
3214 5175 3229 5201 ,
3278 5131 3542 5201 benignus
3572 5139 3625 5184 et
3655 5130 3851 5196 bonus.
3893 5131 4017 5193 Sed

2395 5233 2553 5304 quid,
2586 5231 2749 5287 furari
2779 5240 2862 5286 est
2907 5224 3283 5298 necessitatis?
3329 5223 3536 5291 Etiam,
3583 5219 3835 5291 inquies;
3896 5221 4017 5279 hoc

2395 5325 2539 5385 enim
2569 5323 2695 5380 facit
2738 5329 3043 5393 paupertas.
3075 5316 3189 5372 lmo
3218 5329 3348 5370 vero
3391 5322 3675 5384 paupertas
3699 5310 3864 5382 all‘ert
3898 5328 4017 5368 ηρ-

2395 5408 2699 5476 cessitatem
2743 5412 3040 5484 operandi,
3087 5424 3192 5465 non
3237 5404 3469 5462 furandi.
3519 5404 3811 5474 Paupertas
3862 5418 4019 5475 ergo

2394 5512 2523 5566 facit
2563 5506 2892 5564 contrarium
2923 5521 2938 5558 :
2967 5500 3130 5558 furari
3182 5498 3327 5555 enim
3353 5505 3439 5553 est
3485 5495 3578 5550 otii
3626 5502 3681 5548 et
3723 5491 4015 5560 desidiae;

2393 5609 2676 5675 paupertas
2702 5605 2879 5653 autem
2907 5610 3016 5651 non
3042 5593 3183 5649 solet
3204 5603 3392 5661 parere
3417 5587 3584 5642 otium
3610 5593 3665 5641 et
3686 5581 3983 5645 desidiam
4004 5629 4020 5649 ,

2397 5695 2488 5750 sed
2524 5691 2727 5748 laboris
2768 5701 3030 5745 amorem.
3081 5683 3258 5753 Quare
3285 5678 3414 5749 illud
3443 5690 3653 5750 quoque
3690 5683 3773 5729 est
3797 5678 4017 5748 segni-
