4122 6400
789 347 857 431 21η
942 362 953 363 ί
1484 349 1544 404 8.
1584 349 1869 405 JOANNIS
1906 339 2389 431 CIIRXSOSTOMI
2431 348 2745 406 ARCIIIEP.
2787 348 3333 409 CONSTANTINOI‘.
3958 354 4023 409 2-3

846 459 907 515 δ’.
928 459 1084 530 Ὀρᾷς
1117 459 1194 511 ἴτι
1227 459 1546 528 κατὰφύσιν
1580 463 2101 536 μὲνηάρετὴ,παρά
2125 464 2282 533 φύσιν
2298 464 2354 517 δὲ

771 542 803 609 ἡ
835 542 1021 603 κακία,
1055 541 1308 612 καθάπερ
1337 546 1370 613 ἡ
1396 544 1551 608 νόσος
1577 547 1670 597 καὶ
1691 548 1724 615 ὴ
1751 546 1942 613 ὑγείας
1968 547 2032 599 Τί
2061 548 2118 600 δὲ
2146 547 2207 601 τὸ
2223 546 2352 615 ψεύ-

772 623 958 677 δεσθαι
994 624 1090 676 καὶ
1112 625 1409 695 ἐπιορκεῖν,
1432 625 1593 680 ποίαν
1625 626 1691 680 ἂν
1722 627 1835 697 ἔχοι
1874 629 2159 697 ἀνάγχηνς
2189 629 2353 681 066$-

778 705 926 774 μίαν,
956 705 1076 758 οὐδὲ
1127 705 1271 775 βίαν,
1304 708 1420 774 ἀλλ’
1454 708 1673 773 ἑκόντες
1712 711 1806 762 ἐπὶ
1852 711 2012 764 τοῦτο
2056 712 2349 782 ἐρχόμεθα.

786 788 1211 858 Ἀπιστούμεθα,
1248 791 1435 860 φησίν.
1481 790 1904 863 ’Δπιστούμεθα,
1934 795 2123 865 ἐπειδὴ
2168 794 2351 863 βουλό-

776 870 917 938 μεθα
937 888 950 901 ·
977 870 1103 939 ἐξῆν
1128 871 1241 942 7&9
1274 873 1383 926 ἀπὸ
1416 872 1510 926 τοῦ
1532 872 1737 943 τρόπου
1766 875 2116 931 πιστεύεσθαι
2150 875 2351 947 μᾶλλον

774 954 939 1021 ἡμᾶς,
980 953 1013 1023 ἢ
1059 954 1167 1007 ἀπὸ
1200 954 1307 1007 τῶν
1336 956 1537 1024 ὅρκων.
1568 956 1669 1008 Διά
1693 956 1746 1009 τί
1774 956 1905 1030 7&9,_
1943 958 2064 1010 είπέ
2096 955 2207 1027 μοι,
2236 960 2351 1020 τοῖς

774 1035 877 1103 μὲν
897 1036 1018 1088 οὐδὲ
1050 1034 1311 1105 ὀμνύουσι
1339 1038 1688 1108 πιστεύομεν,
1718 1041 1840 1103 τοὺς
1870 1040 1927 1092 δὲ
1950 1041 2048 1093 καὶ
2063 1041 2231 1112 χωρὶς
2252 1041 2347 1111 ὄρ·-

771 1133 882 1168 κων
914 1118 1138 1181 πιστοὺς
1171 1118 1489 1189 ήγούμεθα;
1552 1121 1714 1192 Ὁρᾷς
1764 1122 1849 1175 ὅτι
1898 1122 2139 1193 οὐδαμοῦ
2184 1124 2345 1194 χρεία

770 1197 983 1267 ὃρκων;
1023 1201 1118 1251 Ἂν
1146 1202 1174 1253 ὁ
1213 1200 1362 1253 δεῖνα
1416 1201 1571 1275 εῐπῃ,
1603 1203 1758 1272 φησὶ,
1800 1204 1897 1257 καὶ
1948 1206 2117 1275 χωρὶς
2163 1206 2345 1276 ὅρκων

772 1280 1053 1365 πιστεύω·
1089 1284 1171 1365 σοί
1206 1282 1264 1336 δὲ
1306 1281 1426 1337 οὐδὲ
1468 1284 1588 1354 μεθ’
1618 1286 1819 1365 ὅρκων,
1852 1288 1994 1356 ’Δρα
2043 1288 2293 1358 περιττὸν
2318 1291 2346 1342 6

768 1361 949 1433 ὅρκος,
976 1364 1069 1420 καὶ
1094 1364 1251 1418 τοῦτο
1283 1366 1481 1436 μᾶλλον
1507 1361 1851 1437 ἀπιστίας,’ἢ
1883 1370 2120 1432 πίστεως
2139 1371 2346 1441 τεκμήρ

770 1463 908 1517 ριονρ
945 1445 1059 1517 [141
1084 1448 1155 1500 T6
1185 1449 1293 1519 7&9
1323 1449 1545 1503 εὔκολον
1588 1446 1729 1505 εἶναι
1761 1452 1898 1522 πρὸς
1921 1452 1982 1505 τὸ
2010 1452 2206 1522 ὀμόσαι
2242 1453 2341 1506 οὐκ

768 1529 961 1599 ἀφίησι
990 1530 1148 1595 δόξαν
1176 1532 1461 1596 εὐλαϐείας
1482 1532 1650 1603 ἔχειν.
1686 1535 1851 1587 Ὥστε
1892 1536 1922 1587 ὀ
1953 1534 2189 1603 μάλιστα
2214 1552 2336 1588 συν-

768 1612 907 1681 εχῶς
933 1613 1009 1682 τῷ
1035 1614 1181 1684 ὅρκῳ
1210 1618 1570 1687 κεχρημένος,
1602 1612 1757 1680 οὗτος
1786 1617 2023 1687 οὐδαμοῦ
2046 1619 2139 1671 τοῦ
2172 1619 2337 1690 ὅρκου

766 1696 867 1763 τὴν
908 1696 1102 1764 χρείαν
1151 1696 1263 1772 ἔχει
1292 1699 1601 1766 ἀναγκαίαν
1627 1716 1641 1730 ·
1674 1702 1703 1752 ὁ
1731 1700 1787 1751 δὲ
1843 1700 2095 1770 μηδαμοῦ
2130 1718 2337 1772 κεχρη-

769 1778 950 1846 μένος,
978 1779 1138 1843 αύτδς
1160 1770 1322 1834 αὑτοῦ
1342 1781 1441 1850 τῆς
1457 1782 1644 1853 χρείας
1664 1782 1947 1836 ἀπολαύει.
1974 1784 2147 1854 Χρεία
2171 1770 2335 1855 ὅρκου

764 1861 903 1930 πρὸς
929 1860 987 1914 τὸ
1014 1862 1367 1915 πιστεύεσθαι
1385 1864 1607 1928 λοιπόνς
1641 1865 1940 1934 Οὐδαμῶς·
1964 1866 2179 1936 ὁρῶμεν
2204 1867 2335 1938 7&9,

764 1945 848 1996 ὅτι
903 1945 952 1996 οἱ
998 1944 1073 2015 μὴ
1118 1944 1450 2013 ὀμνύοντες,
1492 1941 1640 2000 οὗτοι
1706 1947 1908 2014 μᾶλλον
1970 1948 2332 2004 πιστεύονται.

777 2026 939 2078 Ἀλλὰ
976 2028 1066 2093 τί;
1116 2028 1178 2081 τὸ
1227 2028 1491 2099 ὑϐριστὴν
1546 2027 1685 2082 εἶναι
1729 2030 1974 2101 ἀνάγκης
2010 2031 2152 2097 έστί;
2204 2032 2335 2095 Ναὶ,

764 2111 949 2179 φησίν·
969 2110 997 2161 ὀ
1020 2111 1129 2179 7&9
1151 2111 1319 2181 θυμὸς
1340 2112 1544 2179 ἐξάγει,
1566 2112 1660 2167 καὶ
1685 2112 1892 2180 φλέγει,
1917 2116 2008 2166 καὶ
2027 2115 2125 2183 οὐκ
2142 2116 2334 2185 ἀφίησι

762 2192 861 2259 τὴν
886 2191 1060 2262 ψυχὴν
1097 2194 1346 2263 ἠρεμεῖν.
1395 2195 1472 2246 Οὐ
1518 2194 1611 2248 τοῦ
1644 2194 1816 2263 θυμοῦ
1850 2197 2019 2257 ἐστιν,
2056 2197 2328 2268 ἄνθρωπε,

763 2274 897 2325 ἀλλά
924 2274 1024 2344 τῆς
1056 2276 1419 2346 μικροψυχίας
1444 2289 1468 2316 ι
1495 2278 1556 2329 τὸ
1586 2278 1861 2347 ὑϐρίζειν·
1892 2280 1941 2330 εί
1973 2279 2029 2331 δὲ
2054 2279 2227 2350 θυμοῦ
2243 2277 2332 2351 ῆν,

764 2356 964 2420 πάντες
988 2358 1265 2429 ἄνθρωποι
1289 2359 1655 2430 ὀργιζόμενοι,
1681 2362 1781 2414 οὐκ
1807 2362 1874 2415 ἂν
1904 2356 2167 2416 διέλειπον
2179 2364 2334 2434 ὑϐρί-

764 2440 967 2501 ζθντες.
996 2440 1179 2509 Θυμὺν
1214 2441 1433 2511 ἔχομεν,
1464 2444 1560 2512 οὐχ
1586 2445 1673 2496 ἴνα
1700 2443 2012 2519 ὑϐρίζωμεν
2037 2447 2160 2507 τοὺς
2194 2446 2333 2516 πλη-

766 2521 899 2583 σίον,
946 2521 1060 2574 ἀλλ’
1106 2523 1193 2576 ἵνα
1248 2524 1376 2586 τοὺς
1423 2525 1839 2594 ἁμαρτάνοντας
1890 2527 2330 2599 έπιστρέφωμεν,

763 2603 851 2659 ἵνα
880 2602 1300 2674 διανιστώμεθα,
1339 2605 1424 2658 ἵνα
1468 2605 1543 2676 μὴ
1578 2608 1768 2668 νωθεῖς
1818 2602 1989 2678 ὦμεν.
2034 2610 2245 2680 Ὠσπερ
2277 2628 2331 2665 τι

758 2686 981 2757 κέντρον
1003 2687 1254 2755 ἔγκειται
1286 2690 1418 2758 ἡμῖν
1457 2691 1485 2743 ὀ
1513 2690 1705 2760 θυμὸς,
1741 2691 1827 2743 ῖνα
1864 2691 2005 2744 κατὰ
2030 2691 2126 2746 τοῦ
2150 2694 2332 2748 διαϐό-

758 2766 851 2821 λου
890 2768 1179 2839 βρυχωμεν
1208 2772 1334 2834 τοὺς
1370 2771 1613 2837 ὀδόντας,
1656 2773 1744 2825 ῖνα
1774 2773 1994 2843 σφοδροὶ
2020 2767 2171 2843 ὦμεν
2193 2774 2332 2847 πρὸς

758 2850 943 2914 αὑτὸν,
968 2851 1066 2921 οὐχ
1103 2852 1189 2905 ἵνα
1209 2854 1328 2908 κατ’
1356 2852 1601 2922 ἀλλήλων
1632 2853 1867 2924 στῶμεν.
1898 2856 2077 2908 Ὅπλα
2110 2855 2326 2927 ἔχομεν,

756 2932 852 3000 οὐχ
883 2931 971 2995 ἵνα
999 2934 1148 3002 ἡμᾶς
1178 2934 1376 2997 αὐτοὺς
1415 2934 1766 3005 πολεμῶμεν,
1804 2938 1920 2989 ἀλλ’
1952 2938 2039 2992 ἵνα
2064 2938 2208 2990 κατά
2232 2937 2328 2991 τοῦ

756 3013 1015 3082 πολεμίου
1041 3016 1304 3095 χρώμεθα
1327 3020 1391 3088 τῇ
1434 3020 1756 3090 παντευχίᾳ.
1802 3021 2048 3091 Ὀργίλος
2079 3018 2164 3086 εἷς
2198 3022 2330 3074 Ἔσο

757 3098 895 3151 κατὰ
924 3096 1029 3150 τῶν
1064 3100 1479 3169 ἁμαρτημάτων
1520 3101 1627 3153 τῶν
1661 3103 1857 3159 σαυτοῦ
1890 3104 2127 3166 τοιοῦτος
2148 3145 2162 3165 ,
2213 3105 2329 3157 ἐπί-

758 3178 959 3248 πληττε
974 3183 1038 3250 τῇ
1054 3180 1219 3261 ψυχῇ,
1250 3182 1476 3249 μάστιζε
1503 3183 1562 3235 τὸ
1582 3186 1842 3247 συνειδὸς,
1865 3186 2092 3256 σφοδρὸς
2108 3187 2331 3257 έσοκρι-

756 3262 853 3331 τὴς
882 3264 976 3315 καὶ
1010 3258 1203 3332 πικρὸς
1234 3264 1494 3339 δικαστὴς
1533 3268 1645 3329 τοῖς
1692 3262 1913 3330 οἰκείοις
1944 3269 2325 3339 ἁμαρτήμασι.

759 3344 861 3396 Ἰόζ
868 3361 929 3398 το
944 3346 1042 3414 τῆς
1064 3346 1232 3415 ὀργῆς
1254 3348 1315 3398 τὸ
1334 3347 1523 3416 κέρδος
1546 3363 1562 3378 ·
1596 3348 1683 3400 διά
1699 3347 1857 3401 τοῦτο
1886 3352 2017 3419 ἡμῖν
2046 3351 2214 3420 αὐτὴν
2248 3352 2328 3405 ὲνν

758 3425 994 3495 ἐθηκενό
1010 3428 1161 3491 Θεός“.
1194 3429 1331 3481 Ἀλλ’
1351 3432 1382 3498 ἡ
1411 3430 1635 3499 ἁρπαγὴ
1653 3431 1713 3494 ἐξ
1739 3432 1986 3500 ἀνάγκης
2004 3434 2150 3485 ἐστίν
2214 3419 2328 3486 Ὀὖ-

753 3506 966 3575 δαμῶς·
998 3509 1124 3561 ποία
1144 3510 1253 3580 γάρ
1281 3512 1494 3581 ἀνάγκη
1515 3512 1576 3565 τὸ
1594 3513 1882 3582 ἁρπάζειν,
1908 3516 2030 3572 εἰπέ
2049 3532 2139 3585 μοι
2158 3533 2173 3581 ;
2198 3518 2327 3570 ποία

756 3588 845 3658 βία
864 3607 878 3653 ;
892 3590 1080 3654 Πενία,
1096 3594 1248 3661 φησὶ,
1270 3596 1432 3657 ποιεῖ,
1452 3595 1545 3651 καὶ
1557 3596 1617 3647 τὸ
1634 3595 1751 3657 δέος
1766 3595 1872 3651 τῶν
1884 3597 2215 3664 ἀναγκαίων.
2229 3600 2326 3652 Διά

754 3670 911 3723 τοῦτο
935 3673 1032 3742 μὲν
1076 3669 1167 3732 οὖν
1200 3677 1299 3728 οὐκ
1329 3676 1563 3744 ὀφείλεις
1599 3676 1895 3747 ἁρπάζειν·
1930 3680 1991 3732 οὐ
2020 3680 2129 3751 7&9
2157 3682 2326 3749 ἀσφαο

754 3752 851 3822 λὴς
878 3756 906 3806 6
928 3756 1166 3819 τοιοῦτος
1204 3756 1450 3821 πλοῦτος.
1481 3759 1551 3810 Σὺ
1591 3759 1647 3813 δὲ
1679 3761 1877 3815 ταυτὸν
1907 3766 2103 3825 ποιεῖς,
2134 3761 2324 3833 ὥσπερ

753 3836 819 3889 ἂν
853 3837 905 3889 εί
924 3854 1007 3901 τις
1032 3840 1347 3910 ἐρωτηθεὶς,
1376 3843 1429 3894 τί
1453 3842 1656 3912 δήποτε
1690 3846 1767 3909 εἰς
1790 3844 1972 3915 ἄμμον
2001 3845 2070 3898 τά
2099 3845 2323 3915 θεμέλια

752 3920 850 3986 τῆς
884 3921 1057 3983 οίκίας
1094 3923 1445 3990 καταϐάλλοι,
1492 3926 1659 3990 εῑποι,
1687 3927 1769 3979 ὅτι
1808 3928 1906 3981 Διά
1939 3928 2030 3981 τὸν
2070 3930 2280 3998 κρυμὸν
2305 3967 2321 3992 ,

751 4000 839 4053 διά
868 4002 958 4053 τὸν
985 4003 1157 4058 ὑετόν.
1187 4008 1283 4060 Δ.ἀ
1305 4007 1464 4060 τοῦτο
1491 4007 1590 4077 μὲν
1610 4004 1702 4061 οὖν
1725 4011 1804 4072 είς
1825 4010 2008 4080 ἄμμον
2035 3996 2135 4063 οῦκ
2156 3996 2322 4082 ἐχρῆν

753 4084 1111 4140 καταϐάλλειν
1136 4105 1148 4117 ·
1184 4092 1286 4144 ἀνα
1297 4092 1516 4161 στρέφει
1542 4094 1648 4163 γάρ
1666 4094 1806 4147 αύτά
1833 4094 2041 4163 ταχέως
2063 4095 2322 4159 καὶὺετὸς

752 4168 848 4220 καὶ
876 4169 1164 4239 πνεύματα
1198 4174 1291 4225 καὶ
1314 4173 1535 4243 ἄνεμος.
1565 4176 1729 4229 ’Ὥστε
1760 4179 1808 4229 εί
1832 4177 2086 4230 πλουτεῖν
2118 4177 2317 4242 θέλεις,

757 4250 832 4320 μὴ
864 4252 1196 4308 πλεονέκτει.
1226 4256 1289 4308 Εί
1320 4257 1481 4310 παισὶ
1504 4258 1685 4327 βούλει
1712 4258 2046 4330 παραδοῦναι
2068 4260 2317 4323 πλοῦτον,

814 4404 987 4481 εἶμιηῄ
1022 4419 1155 4468 saepe
1178 4382 1926 4481 ,ἀίιίιηυξϋμικροςωχίαν-ερυᾶ
1964 4410 2323 4481 epclgsiastlcps

753 4462 1025 4574 Ξῖηξριοεεε
1063 4462 1244 4530 p'assim
1288 4462 1567 4533 signiﬁcafe
1601 4462 1921 4523 'sx’fnultafem
1962 4462 2016 4523 et
2053 4462 2325 4526 dissensio?-

2456 462 2662 517 δίκαιον
2709 463 2928 532 κτῆσαι,
2969 466 3022 516 εί
3050 466 3111 533 γέ
3162 468 3242 531 τίς
3282 468 3398 521 ἐστι
3430 467 3697 531 τοιοῦτος·
3733 456 3887 528 οὗτος
3922 474 4024 535 γὰρ

2459 544 2632 616 μένει,
2658 549 2751 599 καὶ
2778 546 2991 616 βέϐαιος
3013 549 3247 617 ἔστηκεν
3264 566 3277 582 ο
3305 552 3335 603 ὀ
3365 550 3422 603 δὲ
3457 550 3541 623 μὴ,
3554 550 3796 612 τοιοῦτος
3820 550 4024 619 ταχέως

2455 629 2751 682 ἀπόλλυται
2782 632 2877 683 καὶ
2920 632 3319 703 διαφθείρεται.
3368 635 3627 687 Πλουτεῖν
3675 632 3871 694 θέλεις,
3906 632 4022 683 εἰπέ

2456 728 2567 781 μοι,
2605 716 2700 764 καὶ
2731 713 2801 765 τά
2828 713 2937 765 τῶν
2977 713 3153 767 ἀλλων
3196 714 3531 785 λαμϐάνεις;
3580 715 3691 769 Καὶ
3737 715 3843 785 μὴν
3869 713 4024 766 τοῦτο

2451 795 2553 849 οὐκ
2597 794 2712 847 ἐστι
2740 794 2990 861 πλοῦτος,
3021 796 3158 850 ἀλλά
3188 797 3248 850 τὸ
3279 798 3347 851 τά
3378 799 3485 851 ἴδια
3513 798 3794 868 κατέχειν·
3826 798 3854 849 6
3876 797 3930 848 δὲ
3959 796 4023 849 τὰ

2451 875 2709 945 ἀλλότρια
2738 876 2898 946 ἔχων,
2933 879 3033 931 οὐκ
3074 880 3140 933 ἂν
3188 880 3273 948 εἴη
3315 879 3598 943 πλούσιος·
3631 880 3751 932 ἐπεὶ
3790 878 3933 931 οῦτω
3965 893 4021 943 γε

2452 959 2518 1011 ἂν
2556 958 2652 1011 καὶ
2673 959 2723 1011 οί
2752 958 2822 1011 τά
2862 960 3065 1030 σηρικά
3093 961 3419 1027 πωλοῦντες,
3448 961 3638 1033 ίμάτια
3658 960 3789 1031 παρ’
3819 961 4023 1029 ἑτέρων

2449 1041 2836 1112 λαμϐάνοντες,
2857 1044 2955 1096 καὶ
2980 1042 3350 1114 εὐπορώτεροι
3377 1044 3471 1097 καὶ
3492 1043 3878 1112 πλουσιώτεροι
3898 1043 4025 1095 πάν-

2448 1141 2557 1178 των
2585 1124 2830 1190 λέγοιντο
2876 1124 2975 1177 ἄν·
3009 1124 3186 1180 καίτοι
3220 1142 3281 1193 γε
3314 1126 3495 1179 αὐτῶν
3540 1127 3658 1178 ἐστι
3698 1125 3837 1187 τέως
3860 1134 3886 1185 ,·

2446 1205 2597 1274 ὅμως
2634 1206 2831 1269 αὐτοὺς
2874 1206 2935 1258 οὐ
2982 1206 3256 1277 καλοῦμεν
3310 1208 3622 1269 πλουσίους.
3673 1208 3738 1259 Τί
3786 1206 4021 1277 δήποτε;

2448 1289 2570 1341 ’Ὁτι
2596 1288 2664 1342 τά
2695 1287 2955 1357 ἀλλότρια
2983 1288 3218 1358 ἔχουσιν.
3250 1288 3311 1343 El
3343 1290 3453 1359 7&9
3482 1291 3577 1343 καὶ
3604 1290 3675 1342 τά
3704 1290 3897 1359 ἱμάτια
3928 1290 4024 1341 αύ-

2443 1370 2552 1423 τῶν
2584 1371 2860 1439 τυγχάνει,
2896 1370 3011 1422 ἀλλ’
3050 1373 3248 1442 ήτιμὴ
3296 1372 3396 1425 οὐκ
3427 1372 3637 1425 αὐτῶν·
3675 1373 3724 1424 εί
3762 1370 3818 1423 δὲ
3848 1372 3947 1424 καὶ
3991 1373 4022 1442 ὴ

2442 1452 2575 1522 τιμὴ
2603 1451 2805 1515 αὐτῶν,
2837 1452 2957 1506 ἀλλ’
2988 1446 3144 1516 οὗτος
3195 1453 3424 1517 πλοῦτος
3456 1454 3555 1506 οὐκ
3590 1454 3727 1505 ἐστι.
3768 1454 3828 1504 Εἰ
3868 1452 3926 1505 δὲ
3954 1454 4022 1505 τὰ

2444 1534 2748 1604 συμϐόλαια
2771 1536 3021 1605 διδόμενα
3043 1538 3105 1591 ού
3129 1539 3273 1590 ποιεῖ
3293 1537 3603 1599 πλουσίους,
3627 1534 3792 1588 διά⁶τό
3810 1536 4021 1604 ταχέως

2442 1618 2588 1686 ἡμᾶς
2629 1618 2809 1671 αὐτῶν
2852 1618 3207 1684 ἀφίστασθαι,
3239 1620 3310 1671 τά
3356 1619 3415 1683 ἐξ
3448 1618 3705 1689 ἁρπαγῆς
3731 1618 3847 1679 πῶς
3878 1619 4025 1679 ποιεί

2444 1699 2759 1764 πλουσίους;
2795 1698 2909 1771 [15]
2939 1701 3001 1752 Εί
3043 1701 3099 1753 δὲ
3129 1702 3222 1754 καὶ
3254 1702 3391 1763 ὅλως
3434 1702 3721 1770 ἐπιθυμεῖς
3770 1700 4023 1752 πλουτεῖν

2442 1780 2523 1850 (οὐ
2546 1781 2652 1851 7&9
2680 1781 2923 1851 ἀνάγκης
2944 1783 3005 1833 τὺ
3030 1781 3300 1852 πρᾶγμα)·
3331 1782 3474 1845 τίνος
3504 1779 3809 1835 ἀπολαῦσαι
3833 1781 4023 1849 βουλό-

2443 1879 2601 1931 μενος
2639 1862 2913 1927 πλείονος;
2945 1859 3055 1933 ἆρα
3094 1864 3240 1933 ζωῆς
3276 1864 3653 1934 μακροτέρας;
3685 1864 3794 1914 Καὶ
3832 1864 3943 1931 μὴν
3969 1863 4019 1914 οἱ

2438 1944 2667 1997 τοιοῦτοι
2696 1946 2905 2014 ταχέως
2938 1946 3295 2016 ὀλιγοχρόνιοι
3321 1946 3583 2013 γίνονται.
3620 1944 3886 2006 Πολλάκις
3910 1945 4022 2015 γὰρ

2437 2025 2593 2096 δίκην
2630 2025 2836 2078 διδόασι
2868 2027 2967 2095 τῆς
2998 2027 3261 2097 ἁρπαγῆς
3305 2030 3398 2080 καὶ
3435 2026 3537 2096 τῆς
3571 2024 3891 2090 πλεονεξίας
3926 2026 4022 2078 τὸν

2437 2108 2614 2177 ἀωρον
2645 2107 2874 2161 θάνατον
2900 2111 2995 2161 καί
3026 2110 3086 2161 τὸ
3106 2111 3214 2161 τῶν
3241 2111 3533 2179 κτημάτων
3570 2110 3645 2179 μὴ
3675 2107 4018 2172 ἀπολαῦσαι,

2434 2189 2571 2245 ἀλλά
2605 2192 2822 2261 μικρὸν,
2866 2193 2959 2248 καὶ
3001 2192 3098 2262 τὴν
3139 2192 3364 2260 γέενναν
3413 2191 3671 2245 ἀπελθεῖν
3717 2190 4019 2254 λαϐόντας*

2437 2271 2695 2335 πολλάκις
2733 2273 2789 2326 δὲ
2812 2275 2905 2327 καὶ
2927 2274 3036 2327 ἀπὸ
3063 2274 3163 2345 τῆς
3197 2274 3406 2349 τρυφῆς
3446 2275 3539 2327 καὶ
3565 2273 3673 2327 ἀπὸ
3699 2272 3807 2325 τῶν
3834 2274 4023 2327 πόνων

2438 2354 2532 2408 καὶ
2561 2355 2670 2408 ἀπὸ
2698 2356 2806 2409 τῶν
2834 2357 3130 2427 φροντίδων
3157 2356 3345 2420 νόσους
3376 2358 3628 2418 τεκόντες
3654 2356 3681 2394 δ
3706 2354 4019 2408 ἀπώλοντο.

2449 2437 2791 2507 Ἦϐουλόμην
2826 2438 3018 2509 μαθεῖν
3038 2439 3184 2502 τίνος
3214 2439 3403 2499 ἕνεκεν
3429 2439 3458 2491 ὀ
3496 2437 3725 2500 πλοῦτος
3759 2436 4025 2491 διεσπούξ

2434 2519 2628 2574 δασται
2662 2524 2775 2585 τοῖς
2819 2521 3148 2593 ἀνθρώποις.
3191 2520 3385 2574 Καίτοι
3417 2523 3445 2574 6
3481 2520 3617 2583 Θεὸς
3641 2520 3729 2572 διά
3757 2518 3923 2572 τοῦτο
3950 2524 4020 2595 τῇ

2373 2614 2377 2619 ·
2436 2603 2597 2676 φύσει
2640 2604 2838 2677 μέτρον
2872 2604 2966 2657 καὶ
2997 2605 3146 2675 ὅριον
3185 2603 3401 2673 ἔθηκεν,
3443 2604 3529 2657 ἵνα
3571 2602 3841 2674 μηδεμίαν
3872 2602 4022 2673 ἒχω-

2437 2704 2535 2756 μεν
2566 2687 2813 2757 ἀνάγκην
2861 2686 2955 2739 τοῦ
3008 2687 3100 2739 τὸν
3140 2685 3368 2739 πλοῦτον
3418 2685 3720 2755 ἐπιζητεῖν,
3769 2680 3883 2737 οἷον
3934 2688 4024 2739 ἐνὶ

2437 2770 2637 2841 ἱματίῳ
2664 2771 2697 2841 ἢ
2739 2772 2835 2823 καὶ⁵
2858 2771 3095 2841 δευτέρῳ
3124 2769 3552 2841 περιϐάλλεσθαι
3597 2770 3658 2821 τὸ
3689 2767 3851 2839 σῶμα
3884 2769 4022 2822 ἐκέ-

2432 2852 2610 2916 λευσε,
2640 2854 2733 2906 καὶ
2758 2851 3013 2923 περιττοῦ
3040 2854 3100 2905 ού
3120 2852 3279 2924 χρεία
3306 2852 3445 2922 πρὸς
3466 2852 3565 2919 τὴν
3589 2850 3823 2920 σκέπην.
3850 2851 4024 2915 Τίνος

2432 2936 2620 2992 ἓνεκεν
2651 2936 2720 2993 τὰ
2754 2936 2923 3005 μυρία
2952 2934 3164 3006 ἱμάτια,
3195 2934 3289 2987 καὶ
3313 2936 3381 2987 τά
3407 2932 3760 3005 σητόϐρωτα;
3793 2934 4024 3005 Μέτρον

2428 3016 2736 3086 ὡρισμένον
2767 3019 2892 3070 ἐστί’
2912 3018 3012 3085 τῆς
3041 3017 3303 3087 γαστρὸς,
3340 3016 3434 3069 καὶ
3462 3016 3605 3086 πέρα
3630 3014 3821 3068 τούτου
3855 3015 4025 3070 δοθὲν

2430 3101 2488 3165 ἐξ
2515 3100 2760 3170 ἀνάγκης
2795 3100 3067 3170 διέφθειρε
3094 3099 3154 3151 τὸ
3188 3100 3297 3151 πᾶν
3335 3097 3472 3162 ζῶον
3497 3114 3510 3127 ·
3548 3098 3692 3162 τίνος
3730 3098 3926 3151 ἕνεκεν
3959 3102 4023 3153 αἱ

2428 3181 2624 3247 ἀγέλαι
2659 3182 2752 3233 καὶ
2782 3182 2849 3234 τά
2878 3182 3105 3251 ποίμνια
3132 3182 3303 3237 κο.ὶαὶ
3328 3179 3435 3232 τῶν
3456 3181 3636 3251 κρεῶν
3663 3184 3986 3236 κατακοπαί
4006 3201 4025 3255 ;

2428 3265 2571 3326 Μιᾶς
2606 3264 2803 3333 στέγης
2841 3262 3116 3334 χρῄζομεν
3141 3279 3153 3291 ·
3194 3263 3340 3326 τίνος
3374 3263 3560 3319 ἕνεκεν
3598 3264 3649 3315 οἱ
3687 3263 3981 3333 περίϐολοι
4009 3306 4026 3331 ,

2428 3347 2523 3399 καὶ
2549 3347 2616 3399 τά
2635 3346 2907 3416 πολυτελῆ
2933 3346 3251 3415 οἰκημάτων
3277 3362 3291 3410 ;
3338 3346 3425 3398 ἴνα
3457 3346 3632 3413 γῦπες
3677 3347 3769 3399 καὶ
3805 3347 4035 3411 κολοιοὶ,

2428 3427 2745 3497 κατοικῷσι,
2782 3430 2908 3490 τοὺς
2937 3428 3177 3498 πένητας
3207 3428 3501 3494 ἀποδύειςς
3544 3429 3656 3481 Καὶ
3701 3428 3879 3497 πόσης
3912 3431 4028 3485 οὐκ

2425 3510 2551 3576 ἀξια
2586 3510 2759 3563 ταῦτα
2802 3510 3065 3580 γεέννηςς
3112 3510 3305 3563 Πολλοὶ
3360 3509 3625 3572 πολλάκις
3657 3511 3738 3575 είς
3763 3511 3985 3578 τόπους
4007 3556 4025 3581 ,

2428 3593 2523 3655 οὒς
2561 3594 2682 3646 οὐδὲ
2728 3589 2889 3656 εἶδον,
2940 3593 3084 3645 κίοσι
3131 3594 3225 3646 καὶ
3271 3592 3439 3656 λίθοις
3490 3594 3808 3665 πολυτίμοις
3855 3597 4028 3652 οίκο-
4084 3626 4093 3629 -

2424 3674 2715 3745 δομήματα
2772 3674 3216 3746 ὲξαστράπτοντα
3277 3676 3710 3747 κατεργάζονται
3762 3676 3837 3746 (τί
3898 3681 4027 3751 γὰρ

2423 3758 2523 3809 οὐκ
2566 3756 3067 3826 ἐμηχανήσαντο;)
3119 3757 3213 3815 καὶ
3263 3758 3402 3814 οὐδὲν
3436 3758 3591 3817 αὐτοὶ
3639 3759 3974 3814 ἀπέλαυσαν
4008 3806 4026 3828 ,

2424 3839 2546 3893 οὐδὲ
2579 3840 2729 3893 ἄλλοι
2764 3839 2909 3903 τινές
2928 3854 2942 3868 ·
2970 3842 3001 3909 ἡ
3039 3840 3147 3909 γάρ
3177 3840 3381 3913 ἐρημία
3404 3841 3506 3913 οὐκ
3536 3842 3762 3911 ἀφίησιν
3800 3842 4030 3911 αὐτοὺς

2423 3921 2719 3982 ἀπελθεῖν·
2768 3924 2862 3975 καὶ
2913 3922 3034 3975 οὐδὲ
3087 3922 3261 3985 οὕτως
3313 3923 3659 3991 ἀφίστανται.
3715 3924 3882 3996 Ὁρᾷς
3928 3929 4027 3986 ὅτι

2422 4003 2543 4055 οὐδὲ
2574 4004 2960 4075 χρηματισμοῦ
2981 4004 3170 4069 ἕνεκεν
3189 4004 3359 4058 ταῦτα
3386 4007 3630 4074 γίνεται;
3669 4006 3830 4059 Ἀλλά
3861 4012 4025 4064 πάν-

2422 4102 2533 4138 των
2561 4086 2765 4149 τούτων
2810 4086 2966 4151 ἄνοια
2994 4088 3087 4141 καὶ
3120 4087 3315 4156 ἀλογία
3358 4090 3452 4142 καὶ
3498 4088 3774 4155 κενοδοξία
3808 4092 3980 4147 αἰτία
4008 4116 4025 4129 ·

2422 4168 2509 4253 ῆν,
2549 4170 2876 4253 παρακαλῶ,
2911 4170 3194 4240 φύγωμεν,
3239 4171 3327 4223 ῖνα
3359 4170 3428 4253 τά
3451 4171 3588 4225 ἀλλα
3619 4176 3809 4240 φυγεῖν
3836 4172 4025 4253 δυνη-

2420 4246 2602 4322 θ’ὦμεν
2634 4252 2779 4327 κῳιά
2805 4292 2821 4316 ,
2857 4253 2952 4307 καὶ
3005 4254 3112 4306 τῶν
3161 4246 3590 4324 ἐπηγγελμένων
3636 4253 3857 4322 ἀγαθῶν
3891 4246 4027 4329 τοῖς

2418 4334 2707 4430 ἀγαπῶσιν
2730 4336 2894 4390 αὑτὸν
2918 4340 3121 4408 τυχεῖν,
3159 4338 3217 4391 ἐν
3246 4337 3470 4410 Χριστῷ
3504 4338 3681 4410 Ἰησοῦ
3702 4337 3779 4413 τῷ
3804 4340 4027 4430 Κυρίῳ

2419 4416 2601 4490 ἡμῶν.

2481 4542 2510 4586 h
2536 4538 2652 4600 Alii,
2672 4542 2830 4598 νόσοις
2849 4543 3195 4606 περιπεσόντες.
