4108 6312
155 418 212 470 ει
1079 420 1144 476 IN
1185 420 1400 476 EPIST.
1444 420 1537 473 AD
1581 413 1821 471 eruas.
1866 414 2017 469 car.
2063 414 2100 468 l.
2149 413 2377 469 llt).\l|L.
2421 414 2485 468 ιι.
3363 417 3436 471 tu

153 545 238 599 tiei
265 550 321 599 et
344 541 634 598 socordiae.
667 540 826 609 quue
851 540 929 594 sic
954 537 1235 592 didiceris:
1269 535 1396 606 quid
1428 533 1590 594 enim,
1621 530 1730 594 dic,

151 649 362 704 quzeso,
404 641 492 688 est
536 631 838 698 difficilius,
892 629 1019 700 quid
1060 627 1440 697 injucuudius,
1481 633 1738 678 noctesuc

150 728 297 780 obire
317 723 635 794 viéilautern
655 734 711 778 et
730 737 913 777 muros
936 719 1217 791 perfodere
1235 718 1356 772 etin
1376 714 1612 769 tenebris
1632 728 1736 764 am-

151 817 355 881 bulare,
384 825 442 870 et
464 815 702 869 animam
731 813 930 868 habere
960 812 1012 866 in
1039 810 1304 872 manibus,
1334 817 1388 862 et
1416 807 1734 862 instructum

149 923 264 962 esse
288 908 353 960 ad
382 906 589 960 eadem
609 945 627 970 ,
659 913 712 958 et
738 913 968 958 tremere
990 911 1046 956 et
1071 901 1205 955 mori
1236 907 1381 952 metu
1407 911 1424 962 ;
1456 910 1523 949 an
1552 893 1732 962 quoti-

150 999 316 1053 diauis
363 1012 587 1066 operam
630 996 760 1050 dare
805 993 1106 1056 laboribus,
1152 999 1205 1046 et
1238 991 1289 1043 in
1319 997 1432 1042 tuto
1460 1001 1581 1041 esse
1616 999 1735 1037 cum

149 1090 474 1146 securitate?
525 1090 638 1144 lloc
675 1098 758 1144 est
810 1088 963 1141 facile
994 1104 1006 1138 :
1039 1095 1094 1140 et
1131 1085 1252 1154 quia
1285 1081 1386 1136 hoc
1417 1090 1512 1134 .cst
1544 1077 1733 1160 facile,

151 1184 328 1252 plures
359 1182 464 1235 hoc
487 1181 725 1245 faciunt,
755 1196 914 1249 quam
946 1177 1096 1233 illud.

214 1275 270 1328 ι.
297 1271 473 1326 Virtus
503 1283 577 1325 at
602 1273 876 1324 secundant
905 1279 1160 1330 naturam,
1187 1267 1363 1320 vitium
1381 1275 1558 1318 contra
1588 1272 1736 1314 natu-

149 1363 650 1416 ramJta'amentum
677 1372 750 1415 est
775 1375 1223 1429 supervacaneum.
1254 1357 1444 1410 Contra
1463 1353 1734 1407 avaritiam

145 1464 192 1507 et
219 1454 456 1522 rapiendi
477 1454 822 1521 cupiditatem.
851 1481 924 1492 ——
952 1450 1116 1504 Vides
1143 1449 1284 1518 quod
1314 1447 1606 1503 secundum
1641 1463 1736 1499 na-

151 1555 321 1596 turam
373 1543 598 1613 quidem
654 1544 727 1596 sit
777 1543 986 1604 virtus,
1033 1550 1229 1609 praeter
1273 1549 1518 1593 naturam
1555 1548 1732 1592 autem

150 1633 337 1686 vitium
357 1674 370 1694 ,
403 1633 546 1686 sicut
588 1633 806 1686 morbus
825 1640 881 1685 et
907 1631 1150 1684 sanitas?
1177 1630 1315 1696 Quid
1346 1645 1474 1684 vero
1519 1629 1733 1682 mentiri

148 1733 200 1777 ct
226 1724 494 1792 pejerare,
510 1739 794 1792 quamuam
822 1723 1052 1776 habeam
1069 1722 1479 1775 necessitatem?
1501 1719 1730 1782 Nullam,

149 1829 247 1868 nec
278 1815 417 1876 vim;
447 1815 545 1868 sed
576 1814 822 1868 lubenter
849 1814 914 1866 ad
945 1813 994 1866 id
1029 1814 1292 1866 venimus.
1326 1810 1509 1873 Nobis,
1541 1810 1731 1878 inquit,
1772 1824 1773 1827 ‘

149 1904 280 1958 ﬁdes
305 1920 413 1958 non
448 1905 696 1959 habetur.
720 1905 876 1959 Fides
918 1919 1023 1957 non
1055 1903 1279 1956 habetur
1302 1944 1316 1967 ,
1352 1903 1602 1971 quoniam
1645 1902 1737 1954 v'o—

147 1996 322 2049 lutuus
354 2015 366 2049 :
402 1996 604 2051 licebat
646 1997 790 2052 enim
819 1996 975 2051 nobis
1018 1997 1186 2066 magis
1239 1995 1398 2049 ﬁdem
1432 1993 1616 2048 haberi
1665 2009 1731 2047 ex

144 2089 383 2142 muribus
403 2131 420 2154 ,
468 2105 630 2158 quam
671 2105 734 2144 ex
761 2090 1107 2159 juramentis.
1129 2090 1259 2146 Nam
1289 2105 1416 2156 cur,
1446 2088 1532 2142 die
1560 2087 1686 2141 mihi
1714 2129 1730 2152 ,

143 2177 259 2234 aliis
306 2196 376 2234 ne
415 2181 725 2248 iurantibus
769 2180 988 2250 quidem
1037 2183 1346 2248 credimus;
1379 2181 1515 2236 alios
1554 2186 1730 2232 autem

141 2273 300 2324 etiam
330 2272 597 2340 injuratos
646 2272 752 2327 ﬁde
795 2273 986 2343 dignos
1034 2273 1360 2327 censemus?
1393 2272 1552 2326 Vides
1589 2269 1732 2340 quod

141 2377 480 2432 nequaquam
530 2379 666 2432 opus
707 2365 778 2418 sit
819 2365 1180 2434 iuramentis?
1224 2365 1281 2418 Si
1332 2365 1419 2418 hic
1472 2373 1565 2417 aut
1602 2365 1728 2428 ille,

141 2455 340 2523 inquit,
393 2455 628 2519 dixerit,
675 2457 838 2512 credo
884 2458 1046 2512 etiam
1079 2457 1344 2526 iujurato;
1376 2452 1467 2511 tibi
1511 2466 1727 2521 autem,

145 2559 240 2598 nec
288 2544 336 2599 si
380 2546 672 2613 juraveris.
707 2547 802 2601 Est
826 2563 959 2618 ergo
1006 2549 1370 2617 juramentum
1412 2564 1730 2617 supervaca-

139 2650 334 2698 neum;
381 2648 439 2689 et
468 2635 569 2692 hoc
594 2649 676 2691 est
713 2639 881 2708 magis
911 2648 1284 2708 argumentum
1336 2639 1728 2693 incredulitatis

137 2739 294 2794 quam
328 2727 478 2780 tidci.
507 2729 807 2784 Proclivem
849 2716 990 2784 enim
1020 2746 1140 2785 esse
1167 2731 1233 2785 ad
1265 2731 1553 2800 jttraudum
1573 2774 1587 2797 ,
1620 2747 1726 2786 non

139 2821 263 2873 sinit
290 2830 348 2873 ut
375 2821 521 2874 bona
550 2823 884 2892 concipiatur
931 2826 1113 2892 Opinio
1159 2825 1392 2893 pietatis.
1420 2825 1596 2892 Quare
1634 2827 1725 2894 qui

142 2911 374 2965 maxime
420 2912 779 2980 jurejurando
831 2915 1045 2968 assidue
1089 2916 1286 2978 utitur,
1345 2917 1389 2969 is
1435 2916 1724 2984 jurameuti

139 3015 290 3052 usqu
333 3015 674 3069 nequaquam
720 2999 882 3056 habet
929 3004 1292 3057 necessarium
1345 3023 1359 3057 :
1406 3007 1498 3074 qui
1544 3016 1722 3059 autem

140 3091 358 3146 minime
386 3094 578 3156 utitur,
609 3094 652 3146 is
675 3094 792 3160 ejus
820 3110 920 3147 usu
942 3093 1156 3148 fruitur.
1185 3095 1570 3150 Jurameutonc
1591 3113 1725 3165 opus

139 3191 218 3234 est
261 3192 316 3234 ut
360 3183 943 3239 cretlatur?hlinime:
979 3185 1223 3239 videmus
1266 3187 1409 3240 enim
1461 3187 1602 3256 quod
1635 3189 1722 3256 qui

140 3286 241 3325 non
276 3271 467 3341 jurant
491 3314 504 3334 ,
534 3273 602 3326 iis
628 3275 862 3328 maxime
902 3275 1161 3330 creditur.
1205 3276 1309 3332 Sed
1343 3277 1508 3347 quid?
1536 3289 1724 3332 contu-

139 3363 415 3416 nteliosunt
435 3377 556 3416 esse
578 3372 661 3417 est
688 3365 1065 3419 necessitatis“!
1091 3367 1268 3431 Certe,
1302 3367 1472 3436 inquit
1499 3385 1514 3425 :
1547 3379 1726 3423 movet

136 3453 276 3505 enim
309 3453 388 3506 ira
419 3463 478 3507 et
503 3454 830 3520 inﬂammat,
859 3471 957 3509 nec
988 3456 1117 3510 sinit
1145 3467 1223 3510 -ut
1248 3458 1466 3526 quietus
1493 3469 1547 3513 et
1579 3468 1725 3512 tran-

136 3546 330 3612 quillus
359 3547 434 3601 sit
453 3547 685 3602 animus.
709 3549 1045 3604 Contumelia
1078 3551 1315 3614 allicere,
1338 3566 1370 3603 0
1399 3551 1582 3616 homo,
1615 3568 1720 3604 non

136 3646 214 3689 est
246 3638 339 3690 ira:
363 3678 377 3700 ,
407 3638 502 3692 sed
531 3638 820 3692 simultatis
851 3655 868 3692 :
900 3640 945 3692 si
975 3650 1153 3694 autem
1195 3650 1338 3694 esset
1374 3640 1466 3694 ira:
1488 3681 1503 3705 _.
1535 3656 1721 3695 omnee

138 3725 380 3780 homines
432 3728 728 3782 irascentes
757 3733 866 3782 hon
924 3730 1340 3784 intermitterent
1397 3733 1719 3785 contumelia

139 3814 370 3871 allicere.
397 3817 536 3872 Iram
565 3818 825 3873 habemus
844 3862 859 3884 ,
885 3837 990 3873 non
1021 3828 1080 3873 ιιι
1103 3823 1375 3888 proximos
1395 3823 1719 3876 contumelia

139 3908 435 3961 afficiamus
459 3950 476 3973 ,
504 3910 600 3962 sed
629 3919 686 3964 ut
713 3925 808 3964 eos
837 3912 925 3980 qui
957 3921 1181 3980 peccant
1219 3923 1595 3968 convertatnus
1620 3954 1634 3978 ,
1667 3923 1724 3968 ttt

142 4013 232 4050 nos
257 4000 576 4065 excitemus,
608 4016 676 4054 ne
704 4002 870 4056 simus
896 4003 1069 4073 ignavi
1100 4014 1151 4058 ct
1170 4003 1410 4059 hebetes.
1442 4004 1520 4058 Ira
1567 4005 1722 4059 nobis

143 4090 274 4142 inest
305 4102 577 4160 tamquam
619 4092 833 4161 quidam
862 4095 1141 4160 stimulus,
1172 4106 1230 4149 ut
1255 4098 1510 4151 adversus
1534 4097 1722 4150 diabo-

142 4179 242 4233 lum
268 4182 521 4237 dentibus
553 4185 876 4241 strideamus
899 4197 989 4252 ,ut
1017 4189 1067 4241 in
1098 4205 1219 4242 eum
1243 4190 1412 4243 simus
1435 4192 1720 4245 vehemen-

144 4281 248 4325 tes:
277 4290 382 4326 ιιοιι
412 4283 471 4328 ιιι
500 4275 637 4330 alter
665 4276 716 4329 itt
745 4277 968 4332 alterum
997 4289 1225 4334 stemus.
1253 4281 1413 4335 Arma
1439 4282 1718 4347 habemus,

142 4378 242 4415 non
268 4373 325 4416 ut
352 4381 453 4420 nos
503 4365 648 4434 ipsos
678 4366 822 4422 bello
859 4369 1212 4437 impetamus,
1241 4372 1336 4426 sed
1366 4383 1421 4424 ut
1465 4372 1721 4428 adversus

145 4452 341 4506 hostem
376 4467 589 4508 utamur
619 4467 906 4512 armatura.
940 4459 1082 4513 Esne
1106 4460 1434 4515 iracundus?
1466 4463 1553 4516 Sis
1603 4465 1721 4516 talis

143 4543 390 4598 adversus
420 4555 507 4598 tua
541 4557 794 4613 peccata,
831 4549 1044 4616 increpa
1066 4551 1326 4615 animum,
1362 4553 1567 4621 ﬂagella
1594 4569 1722 4606 con-

144 4634 466 4710 scientiam;
497 4637 572 4689 sis
593 4638 884 4692 vehemens
924 4639 1090 4707 judex
1111 4681 1124 4702 ,
1169 4651 1222 4695 et
1263 4643 1492 4696 acerbus
1521 4644 1722 4697 arbiter

143 4723 192 4774 itt
221 4733 300 4776 tua
331 4736 572 4792 peccata.
600 4728 708 4782 lloc
733 4739 814 4782 est
847 4730 1052 4784 lucrum
1094 4732 1186 4785 irae
1214 4750 1224 4783 :
1254 4742 1533 4801 propterea
1581 4735 1720 4788 Deus

141 4829 252 4866 eam
295 4818 452 4870 nobis
512 4817 722 4872 indidit.
764 4819 833 4874 At
880 4821 1064 4888 rapina
1113 4830 1197 4876 est
1239 4837 1303 4876 ex
1354 4825 1720 4878 necessitate?

146 4905 479 4975 Nequaquam
513 4927 525 4962 :
567 4911 694 4980 quid
742 4913 884 4966 enim
940 4923 1060 4979 est,
1117 4915 1204 4968 dic
1246 4931 1465 4985 quaiso,
1501 4931 1720 4971 "(300858

144 5000 368 5066 rapere?
395 5017 642 5070 quamam
672 5006 751 5056 vis
781 5012 831 5057 te
863 5005 1132 5072 impellit?
1164 5007 1477 5074 Paupertas,
1521 5008 1709 5076 inquit,

143 5097 192 5140 et
217 5089 370 5144 timor
399 5092 468 5145 de
496 5093 655 5146 rebus
686 5096 1024 5150 necessariis.
1051 5097 1130 5150 Tu
1170 5107 1452 5165 protitcrea
1499 5099 1712 5168 quidem

142 5189 281 5234 certe
308 5173 412 5234 non
440 5182 606 5236 debes
647 5199 838 5251 rapere
870 5204 882 5238 :
915 5202 1020 5239 noti
1067 5197 1191 5240 stitit
1226 5191 1368 5240 enim
1401 5189 1622 5241 stabiles
1662 5199 1715 5242 et

143 5267 299 5322 ﬁrmm
341 5272 606 5339 ejusmodi
653 5273 869 5328 divitiae.
890 5276 968 5329 Tu
997 5289 1171 5330 autem
1202 5277 1339 5331 idem
1363 5279 1524 5338 facis,
1554 5289 1710 5348 atque

142 5357 182 5409 si
210 5360 323 5427 quis
354 5373 568 5429 rogatus
594 5379 688 5419 cur
722 5366 772 5418 in
802 5381 962 5419 arena
1009 5366 1200 5423 domus
1228 5366 1572 5422 fundamenta
1633 5370 1716 5437 ja-

1842 529 1970 592 ciat,
2001 527 2141 581 dicat
2167 567 2180 591 ,
2210 527 2434 597 PrOpter
2464 527 2629 596 frigus
2666 538 2716 582 et
2761 538 2976 596 propter
3008 529 3259 598 pluviam.
3299 530 3436 585 Pro-

1844 629 1963 686 pter
1993 619 2093 672 hoc
2121 619 2338 686 quidem
2369 630 2516 674 certe
2543 635 2648 672 tton
2672 620 2954 688 oportebat
2981 622 3328 675 fundamenta
3351 621 3438 691 ja-

1841 726 1968 767 cere
1996 712 2048 764 in
2080 727 2243 764 arena
2277 729 2289 764 :
2321 727 2382 766 ea
2415 713 2560 766 enim
2590 713 2698 766 cito
2723 723 2974 766 evertunt
3008 723 3062 767 et
3089 714 3340 782 procella:
3379 725 3436 768 et

1843 803 2008 860 venti.
2035 803 2212 870 Quare
2258 803 2304 856 si
2359 804 2438 856 vis
2480 819 2600 857 esse
2628 803 2816 865 dives,
2854 819 2919 858 ne
2952 805 3028 857 sis
3076 819 3302 869 avarus,
3333 819 3437 858 nec

1845 893 1995 960 plura
2041 893 2271 947 habendi
2301 894 2550 963 cupidus.
2573 893 2628 948 Si
2662 893 2741 949 vis
2769 895 2895 948 [iliis
2927 895 3140 950 tradere
3175 896 3394 950 divitias
3417 938 3431 960 ,

1845 985 2056 1052 posside
2079 985 2281 1052 justas,
2307 986 2350 1039 si
2381 986 2502 1039 ulla:
2533 987 2640 1040 sint
2669 987 2801 1040 tales
2834 1004 2848 1041 :
2885 1003 2964 1040 cce
2987 988 3130 1041 enim
3163 999 3383 1042 manent
3417 1029 3433 1050 ,

1843 1085 2092 1144 stantque
2144 1076 2311 1130 lirutaa
2340 1093 2404 1130 ac
2448 1078 2706 1141 stabiles;
2762 1094 2881 1147 qua:
2930 1088 3110 1132 autem
3157 1095 3264 1132 nou
3307 1091 3436 1133 sunt

1842 1167 2105 1236 ejusmodi
2133 1210 2148 1234 ,
2181 1169 2289 1224 cito
2336 1179 2562 1238 pereunt
2593 1182 2647 1224 et
2690 1172 2978 1226 intereunt.
3013 1170 3103 1225 Dic
3151 1171 3280 1225 ruilti
3307 1211 3322 1234 ,
3353 1173 3435 1225 vis

1841 1274 1959 1312 esse
1984 1259 2134 1312 dives
2156 1300 2169 1322 ,
2199 1269 2252 1312 et
2280 1277 2399 1328 qua:
2417 1271 2544 1314 sunt
2567 1261 2797 1314 aliorum
2821 1262 3113 1330 accipere?
3137 1263 3297 1331 Atqui
3329 1261 3434 1316 hoc

1843 1369 1948 1408 non
1979 1365 2062 1408 est
2108 1356 2337 1421 divitiis,
2371 1357 2468 1410 sed
2517 1356 2796 1422 possidere
2825 1372 2945 1426 qua:
2992 1368 3117 1410 sntit
3167 1357 3378 1424 propria
3415 1373 3430 1410 :

1843 1447 1930 1514 qtti
1963 1457 2139 1499 autem
2171 1446 2334 1500 habet
2362 1449 2536 1501 aliena
2559 1489 2574 1512 ,
2621 1464 2725 1501 nou
2770 1448 2932 1503 fuerit
2975 1449 3143 1503 dives.
3175 1448 3308 1504 Nam
3353 1449 3434 1502 sic

1845 1537 2004 1588 etiam
2035 1541 2126 1605 qui
2157 1539 2395 1592 vendunt
2426 1539 2620 1604 serica,
2651 1549 2707 1592 et
2737 1540 3057 1593 vestimenta
3087 1539 3155 1594 ab
3189 1539 3308 1593 aliis
3335 1554 3420 1595 ac-

1842 1631 2450 1698 cipiunt,opulentiorcs
2469 1641 2518 1684 et
2545 1632 2769 1686 ditiores
2795 1631 2899 1685 dici
2932 1640 3184 1699 poterunt
3207 1650 3221 1688 :
3251 1647 3440 1701 quan:-

1846 1723 1922 1775 vis
1944 1722 2009 1775 ad
2027 1730 2236 1790 tempus
2252 1737 2438 1776 eorum
2462 1723 2570 1776 sint
2588 1723 2710 1776 :sed
2739 1731 2914 1777 tamen
2933 1737 3026 1776 eos
3052 1737 3157 1775 non
3189 1722 3431 1790 appella-

1845 1829 1962 1866 mus
1985 1813 2196 1866 divites.
2225 1813 2586 1880 Quamobrem
2609 1815 2632 1866 ?
2657 1813 2922 1880 Quoniam
2953 1814 3286 1882 habentqua:
3305 1821 3433 1866 sunt

1842 1904 2035 1957 aliena.
2085 1902 2218 1956 Nam
2247 1904 2347 1957 etsi
2396 1920 2584 1958 eorum
2627 1913 2755 1956 sunt
2787 1903 3145 1966 vestimenta,
3190 1919 3297 1960 non
3347 1913 3432 1958 est

1843 2005 2020 2048 tamen
2051 2011 2238 2050 eorum
2267 1998 2494 2065 pretium
2532 2015 2544 2049 :
2574 1996 2716 2066 quod
2738 1997 2782 2051 si
2811 1998 2970 2054 etiam
3001 1997 3071 2052 sit
3091 2011 3426 2064 eorumtprc-

1841 2086 2007 2150 tium,
2041 2101 2145 2140 n0n
2175 2098 2301 2140 sunt
2347 2087 2430 2141 hae
2473 2088 2702 2142 divititc.
2739 2087 2798 2142 Si
2845 2096 3024 2143 autem
3065 2102 3187 2158 quae
3233 2087 3432 2144 dantur

1841 2185 2023 2229 mutua
2056 2192 2162 2230 non
2186 2172 2396 2231 faciunt
2442 2177 2640 2231 divites
2667 2218 2682 2243 ,
2725 2193 2791 2232 eo
2820 2178 2962 2247 quod
2991 2193 3089 2232 nos
3116 2180 3224 2233 cito
3254 2179 3320 2231 ab
3348 2179 3430 2232 eis

1841 2267 2155 2320 recedamus
2186 2285 2199 2319 :
2227 2284 2346 2336 quae
2373 2277 2500 2322 sunt
2524 2284 2589 2323 ex
2610 2269 2793 2339 rapina
2815 2272 3085 2340 quomodo
3116 2271 3318 2325 faciunt
3343 2270 3430 2324 di-

1843 2358 1980 2410 vites
2004 2357 2027 2410 ?
2054 2358 2112 2411 Si
2142 2369 2322 2412 autem
2352 2360 2432 2412 vis
2457 2361 2677 2414 omnino
2709 2376 2832 2415 esse
2861 2361 3049 2426 dives;
3084 2377 3257 2431 neque
3283 2362 3426 2417 enim

1837 2464 1898 2500 ea
1930 2464 2018 2503 res
2041 2459 2126 2503 est
2152 2451 2487 2505 necessitatis
2513 2470 2526 2505 :
2548 2469 2780 2521 quanam
2807 2469 2866 2509 re
2895 2455 2977 2508 vis
3005 2454 3105 2507 frui
3127 2455 3430 2524 ampliore?

1821 2541 2016 2614 _vitane
2060 2541 2286 2610 longiori
2323 2542 2346 2594 ?
2389 2544 2549 2612 Atqui
2596 2546 2686 2614 qui
2738 2545 2874 2599 tales
2920 2554 3081 2611 sunt,
3127 2562 3252 2601 mox
3293 2549 3431 2603 ﬁunt

1838 2633 1960 2684 vita:
1994 2633 2189 2685 brevis.
2227 2633 2382 2703 Smpe
2409 2633 2554 2688 eniut
2588 2636 2719 2689 dant
2768 2651 2954 2704 poenas
2983 2637 3185 2704 rapiunt
3213 2646 3266 2692 et
3294 2653 3426 2690 ava-

1837 2725 2009 2789 τιιιω,
2063 2726 2204 2794 quod
2254 2738 2426 2780 morte
2480 2728 2761 2781 immatura
2809 2729 3142 2792 moriantur,
3177 2738 3233 2782 et
3276 2729 3420 2797 quod

1836 2819 2268 2885 possessionibus
2301 2836 2405 2873 non
2437 2819 2682 2874 fruantur
2709 2821 2809 2874 nisi
2841 2836 3024 2890 parum
3051 2862 3067 2885 ,
3099 2830 3152 2874 et
3177 2820 3426 2890 gehenna

1833 2917 2052 2977 accepta
2100 2910 2402 2963 excedant:
2435 2925 2578 2978 sarpe
2609 2912 2771 2965 etiam
2817 2927 2883 2966 ex
2912 2910 3120 2964 deliciis
3159 2920 3214 2965 et
3249 2927 3313 2965 ex
3342 2912 3423 2965 la-

1833 2998 2051 3052 boribus
2075 3009 2130 3053 et
2151 3016 2216 3052 ex
2243 3001 2698 3054 sollicitudinibus
2717 3002 2920 3054 tuorbis
2945 3003 3107 3069 partis
3122 3003 3419 3070 perierunt.

1837 3089 2038 3144 Vellem
2068 3091 2204 3143 scire
2235 3106 2462 3158 quanam
2505 3091 2574 3144 de
2619 3106 2780 3145 causa
2811 3091 3044 3145 studium
3078 3102 3283 3160 ponttnt
3325 3092 3424 3145 ho-

1833 3181 2006 3236 mines
2033 3182 2086 3235 itt
2126 3182 2347 3237 divitiis.
2381 3183 2541 3252 Atqui
2571 3183 2712 3238 Deus
2758 3194 3039 3252 propterea
3070 3193 3276 3237 natura:
3307 3201 3424 3239 ino-

1829 3274 1955 3328 dum
1989 3279 2164 3344 posuit
2193 3288 2240 3327 t'l
2271 3276 2583 3338 terminum,
2615 3292 2682 3329 ue
2713 3275 2875 3330 ullam
2903 3275 3194 3330 habeamus
3227 3287 3418 3331 neces-

1831 3366 2043 3420 sitatem
2094 3368 2404 3435 requirendi
2454 3366 2715 3421 divitias:
2746 3382 2940 3435 nempe
2987 3375 3138 3421 veste
3187 3382 3287 3419 una
3329 3377 3423 3422 aut

1830 3464 1996 3512 altera
2021 3458 2182 3525 jussit
2210 3473 2406 3526 corpus
2435 3456 2606 3521 ittdtti,
2637 3473 2737 3512 nec
2765 3473 2853 3521 eo,
2882 3457 3023 3527 quod
3056 3468 3135 3511 est
3163 3472 3422 3525 superva-

1829 3562 2076 3611 canemn,
2104 3563 2240 3617 opus
2264 3556 2348 3602 est
2387 3547 2454 3602 ad
2501 3557 2892 3616 tegumentum,
2927 3549 3192 3612 Quorsum
3243 3557 3420 3600 vestes

1829 3638 2274 3703 innumerabiles,
2321 3647 2376 3692 et
2408 3653 2528 3708 quze
2581 3638 2884 3692 exeduntur
2936 3655 2964 3690 a
3011 3638 3208 3691 tineis?
3239 3638 3418 3692 Ventri

1827 3738 2006 3782 certus
2053 3728 2245 3782 modus
2292 3739 2377 3783 est
2426 3730 2787 3792 constitutus,
2821 3739 2876 3784 et
2915 3729 3056 3798 quod
3110 3730 3244 3782 ultra
3292 3746 3419 3784 eum

1829 3819 1990 3873 fuerit
2017 3819 2197 3873 datum
2224 3860 2238 3882 ,
2274 3820 2580 3874 necessario
2622 3819 2795 3888 perdit
2820 3828 2874 3874 et
2917 3821 3213 3889 corrumpit
3257 3835 3419 3874 omne

1827 3910 2023 3962 animal
2055 3927 2068 3962 ε
2102 3901 2577 3979 quorsum'greges
2598 3918 2651 3963 et
2681 3924 2810 3966 oves
2837 3949 2852 3974 ,
2881 3917 2936 3962 ct
2962 3911 3202 3962 carnium
3247 3909 3420 3962 disse-

1827 4001 2074 4055 ctiones?
2115 4000 2232 4056 Uno
2264 4011 2406 4055 tecto
2436 4017 2572 4069 opus
2599 4000 2857 4053 habemus
2876 4017 2889 4051 :
2908 4015 3133 4068 quanam
3164 3998 3232 4052 de
3256 4015 3418 4055 causa

1829 4103 1954 4147 sunt
1969 4092 2198 4146 ambitus
2213 4103 2265 4145 et
2282 4091 2610 4153 ambulacra,
2626 4083 3046 4160 suinptuosaque
3061 4098 3115 4144 et
3142 4090 3419 4159 magnifica

1828 4186 2050 4239 :cdilicia
2078 4186 2101 4238 ?
2133 4194 2186 4238 ιιι
2218 4185 2459 4237 vultures
2489 4191 2543 4260 et
2587 4182 2789 4251 graculi
2822 4181 3065 4251 habitent
3085 4221 3099 4244 ,
3150 4195 3419 4248 pauperes

1829 4278 2024 4332 exuis?
2070 4277 2332 4345 Quantam
2365 4285 2641 4328 merentur
2666 4273 2783 4328 haec
2808 4273 3108 4342 gehennam
3134 4273 3157 4323 ‘l
3185 4273 3249 4324 Et
3272 4285 3366 4339 san
3387 4287 3420 4325 θ

1830 4371 1981 4423 nmlti
2013 4371 2063 4422 in
2094 4369 2224 4422 locis
2253 4384 2371 4438 qua:
2404 4384 2471 4421 ne
2492 4366 2739 4421 viderunt
2767 4365 3014 4434 quidem,
3040 4364 3282 4418 efﬁciunt
3320 4379 3422 4416 co-

1830 4463 2070 4523 lumnas,
2103 4470 2155 4514 et
2186 4460 2391 4529 lapides
2442 4459 2599 4513 valde
2645 4458 2944 4528 pretiosos,
2990 4467 3047 4511 et
3094 4457 3422 4525 fulgurantia

1829 4553 2048 4605 aedilicia
2083 4552 2234 4621 (quid
2255 4553 2396 4604 enim
2427 4566 2533 4605 non
2565 4559 2693 4605 sunt
2723 4549 3076 4618 machinati?)
3105 4559 3281 4604 etnec
3308 4549 3410 4617 ipsi

1829 4647 2042 4715 quidem
2075 4646 2156 4697 his
2189 4646 2267 4698 usi
2297 4657 2442 4709 stmt,
2473 4659 2573 4698 nec
2603 4643 2692 4697 ulli
2725 4642 2817 4695 alii
2845 4659 2858 4694 :
2882 4640 3113 4694 solitudo
3143 4641 3287 4694 enim
3311 4655 3421 4694 non

1829 4738 1956 4790 sinit
1983 4752 2077 4789 eos
2127 4735 2316 4799 abire;
2358 4745 2411 4787 et
2460 4750 2526 4788 ne
2575 4735 2654 4788 sic
2695 4733 2911 4802 quidem
2944 4731 3228 4785 desistunt.
3261 4730 3424 4784 Vides

1829 4827 1970 4895 quod
2006 4841 2105 4880 nec
2155 4825 2266 4880 lucc
2301 4825 2517 4894 quidem
2565 4834 2623 4879 ut
2671 4825 2734 4878 iis
2784 4832 3002 4878 utantur
3045 4821 3286 4876 faciant?
3313 4821 3422 4876 Sed

1830 4920 2019 4972 ltorutu
2072 4919 2310 4970 omnium
2359 4931 2518 4970 causa
2549 4924 2633 4970 est
2679 4915 2943 4978 amentia,
2973 4922 3026 4966 et
3069 4911 3294 4966 rationis
3323 4911 3420 4964 dc-

1828 5012 2015 5073 l'ectus,
2042 5019 2096 5063 et
2116 5009 2282 5078 gloria
2314 5009 2491 5061 inanis
2527 5025 2539 5061 :
2569 5022 2727 5074 quam
2767 5021 2896 5074 rogo
2921 5020 3016 5058 vos
3045 5015 3099 5058 ut
3128 5004 3421 5073 fugiamus,

1827 5111 1885 5155 ut
1915 5102 2020 5154 alia
2071 5114 2284 5170 quoque
2316 5099 2454 5153 mala
2509 5099 2776 5168 possimus
2808 5097 2990 5167 fugere
3011 5137 3026 5159 ,
3079 5106 3128 5148 et
3162 5095 3422 5162 consequi

1827 5193 1964 5246 bona
1994 5193 2254 5261 promissa
2289 5192 2353 5245 iis
2377 5191 2464 5260 qui
2485 5189 2657 5258 ipsum
2687 5189 2937 5257 diligunt,
2971 5187 3021 5240 in
3048 5183 3266 5240 Christo
3284 5182 3414 5239 Jesu

1830 5283 2052 5337 Domino
2082 5293 2293 5336 nostro.

1509 5618 1566 5628 -~-
1597 5613 1925 5640 ηας-(νει

464 5809 732 5873 Ριτιιοι..
778 5815 892 5876 (in.
945 5818 1130 5878 LXll.
