4108 6312
685 355 756 408 9.73
1388 357 1441 412 S.
1482 355 1754 412 JO.\NN|S
1791 323 2257 413 (IllilYSllSTOMI
2299 360 2611 414 Allllllllii‘.
2651 363 3176 425 CONSTANTINOI’.
3875 360 3951 412 θλ

693 479 781 490 .0..-
790 479 1302 490 —o—-_—..I——a

1309 481 1586 492 ψ

2797 489 3940 517 ..____._____________________

2075 556 2423 619 HUMILIA
2467 562 2576 622 lii.

687 703 812 757 Car.
845 705 892 758 i.
923 721 974 758 v.
1002 705 1089 759 15.
1118 703 1394 773 Ρνορῑενεα
1421 715 1466 757 et
1491 721 1581 774 ego
1607 704 1815 757 audiens
1844 703 1994 770 fidem
2018 711 2254 762 vestram,

757 811 870 857 qua:
910 806 980 847 est
1026 796 1074 847 in
1114 795 1312 848 Christo
1355 794 1479 848 Jesu
1507 837 1520 860 ,
1562 806 1606 847 et
1637 795 1950 847 dilectionem
1997 793 2048 844 in
2091 807 2261 843 omnes

755 898 970 947 sanctos,
1010 887 1092 938 lli.
1119 902 1218 938 non
1249 901 1384 938 cesso
1410 886 1602 954 gratias
1642 901 1798 954 agens
1827 900 1918 952 pro
1951 884 2085 935 vobis
2105 924 2118 941 ,
2153 897 2260 933 me-

756 977 967 1027 moriam
1010 977 1159 1028 vestri
1203 977 1394 1046 faciens
1439 978 1492 1029 in
1535 976 1841 1028 orationibus
1883 978 2038 1037 meis.
2085 975 2171 1028 17.
2205 982 2258 1025 ut

757 1066 893 1117 Deus
924 1065 1126 1118 Domini
1153 1068 1311 1118 nostri
1335 1066 1460 1119 Jesu
1490 1066 1676 1120 Clu-isti
1702 1107 1716 1129 ,
1747 1064 1904 1118 Pater
1944 1067 2118 1133 gloria:
2139 1105 2151 1127 ,
2177 1065 2257 1116 det

753 1157 889 1210 vobis
910 1160 1142 1226 spiritum
1171 1160 1431 1228 sapientia:
1453 1169 1500 1213 et
1529 1158 1839 1212 reuelationis
1867 1159 1916 1209 in
1945 1158 2252 1226 agnitionem

754 1251 892 1316 ejus,
930 1251 1009 1302 l8.
1041 1250 1350 1302 illuminatos
1373 1251 1544 1302 oculos
1584 1249 1750 1302 cordis
1796 1248 1976 1308 vestri,
2004 1257 2058 1297 ut
2088 1246 2256 1298 sciatis

753 1357 866 1407 qua:
909 1343 970 1393 sit
1013 1359 1124 1410 spes
1147 1344 1420 1396 vocationis
1451 1345 1561 1411 ejus
1583 1385 1594 1405 ,
1629 1353 1675 1395 et
1717 1358 1839 1410 qum-
1869 1342 2054 1394 diritiat:
2076 1339 2254 1409 gloria:

755 1433 1048 1485 hereditatis
1071 1451 1178 1501 ejus
1206 1435 1254 1486 in
1286 1435 1475 1487 sanctis
1498 1474 1513 1496 ,
1552 1433 1636 1487 19.
1668 1443 1712 1485 et
1736 1447 1848 1502 qua:
1873 1434 1936 1485 sit
1974 1429 2254 1498 superemi-

754 1539 875 1576 nens
924 1526 1218 1595 magnitudo
1246 1529 1438 1580 virtutis
1484 1529 1592 1595 ejus
1629 1528 1682 1578 in
1731 1542 1850 1589 nos,
1880 1525 1964 1593 qui
2004 1523 2252 1575 credimus

750 1618 1022 1674 secundum
1050 1621 1390 1687 operationem
1442 1619 1680 1686 potentia:
1728 1617 1921 1670 virtutis
1965 1617 2105 1684 ejus,
2162 1614 2252 1668 ‘20.

751 1726 899 1775 quant
947 1721 1186 1777 aperatus
1227 1721 1301 1762 est
1347 1710 1400 1762 in
1440 1709 1678 1774 Christo,
1727 1710 1976 1762 suscitans
2037 1707 2182 1758 illum
2228 1721 2260 1757 a

755 1802 984 1852 mortuis.
1816 1795 1820 1799 ἑ

742 1893 793 1944 1.
812 1890 946 1944 Nihil
963 1892 1057 1945 fuit
1073 1893 1211 1960 quod
1232 1901 1408 1960 posset
1421 1893 1732 1962 teqniparari
1751 1890 2255 1960 viseeribusaposto-

685 1986 827 2037 lieis:
862 1985 991 2038 nihil
1018 1985 1111 2037 fuit
1129 1987 1298 2039 simile
1320 1985 1770 2040 couuniseratioui
1794 1992 1846 2039 ct
1868 1981 2267 2037 benevolentia:

681 2074 821 2128 beati
850 2076 1019 2138 Pauli,
1039 2078 1126 2144 qui
1156 2091 1340 2130 mnucs
1361 2093 1482 2130 suas
1511 2075 1757 2130 fundebat
1784 2087 1968 2142 preces
2001 2088 2099 2142 pro
2121 2072 2253 2125 civi-

681 2168 879 2221 tatibus
909 2177 961 2221 ct
984 2169 1206 2236 populis.
1231 2169 1292 2221 Et
1321 2168 1383 2220 ad
1403 2183 1589 2221 oumes
1614 2165 1926 2228 hocseribit,
1948 2164 2053 2216 Deo
2066 2164 2255 2233 gratias

685 2275 780 2325 ago
825 2276 915 2327 pro
944 2260 1118 2324 vobis,
1156 2263 1446 2312 anulariam
1469 2260 1618 2312 vestri
1657 2258 1848 2327 faciens
1875 2257 1926 2308 in
1946 2253 2253 2308 orationibus

682 2350 824 2400 meis.
849 2349 1090 2418 Cogitate
1115 2366 1271 2418 quam
1297 2351 1492 2404 nndtos
1521 2347 1763 2402 habuerit
1807 2347 1859 2401 in
1890 2355 2067 2401 mente
2088 2388 2100 2409 ,
2126 2361 2258 2413 quo-

682 2455 797 2490 rmn
829 2452 941 2491 erat
972 2441 1133 2492 etiam
1169 2439 1382 2491 dimi-ile
1413 2439 1750 2494 meminisse:
1779 2451 1935 2504 quam
1969 2436 2256 2488 multorum

684 2530 1012 2584 tllt"lttllllSSCl.
1044 2531 1093 2582 in
1139 2530 1467 2582 orationibus
1520 2544 1617 2598 pro
1644 2528 1892 2581 omnibus
1939 2527 2045 2580 Deo
2093 2540 2263 2598 agens.

681 2619 898 2684 gratias,
928 2627 1193 2688 tamquam
1228 2618 1340 2686 ipse
1361 2619 1604 2672 maximis
1633 2616 1938 2670 afﬁceretur
1959 2614 2252 2669 beneﬁciis.

684 2711 983 2779 Propterea,
1015 2711 1210 2780 inquit;
1244 2710 1348 2765 boc
1380 2720 1478 2773 est,
1510 2719 1728 2779 propter
1754 2708 2008 2770 futurum,
2034 2717 2088 2761 et
2118 2707 2255 2759 bona

681 2807 911 2874 reposita
941 2805 1104 2874 iisqtti
1139 2813 1281 2857 recte
1305 2802 1527 2857 credunt
1549 2813 1602 2854 et
1629 2802 1825 2868 vivunt.
1853 2803 2024 2869 Atque
2047 2815 2256 2868 a-qumu

681 2898 894 2964 quidem
923 2907 1002 2949 est
1033 2906 1082 2950 et
1108 2896 1310 2964 justum
1341 2895 1538 2964 gratias
1578 2909 1738 2963 agere
1769 2895 1908 2958 Deo,
1932 2902 1990 2946 et
2021 2908 2116 2960 pro
2145 2908 2258 2944 om-

685 2988 836 3038 nii-us
867 3001 982 3053 qua:
1032 2985 1098 3039 ab
1143 2986 1258 3053 ipso
1300 2984 1493 3039 collata
1525 2995 1649 3038 sunt
1693 2983 1926 3037 humano
1956 2983 2172 3053 generi,
2203 2992 2256 3036 et

683 3088 838 3131 antea
882 3088 935 3130 et
962 3087 1143 3145 postea
1173 3096 1184 3130 :
1215 3093 1422 3146 aequum
1455 3088 1632 3132 autem
1666 3087 1719 3131 et
1743 3078 1941 3144 justum
1969 3085 2054 3131 est
2091 3075 2252 3130 etiam

684 3170 884 3236 gratias
913 3183 1069 3237 agerc
1100 3185 1195 3237 pro
1241 3168 1345 3222 fide
1373 3184 1556 3223 eorum
1589 3168 1678 3237 qui
1711 3167 1955 3222 credunt.
1989 3165 2214 3219 Audiens
2237 3209 2250 3231 ,

685 3269 870 3336 inquit,
901 3268 1053 3334 [idem
1077 3278 1287 3319 vestram
1312 3306 1326 3330 ,
1352 3281 1462 3334 qua:
1483 3275 1553 3317 est
1579 3265 1628 3316 in
1673 3260 1869 3317 Christo
1907 3260 1943 3314 Ι
1947 3279 2030 3314 esu
2059 3302 2072 3326 ,
2100 3272 2146 3314 et
2173 3263 2256 3313 di-

686 3360 946 3411 lectionem
972 3359 1022 3410 in
1052 3373 1222 3410 omnes
1256 3367 1474 3409 sanctos.
1503 3355 1709 3424 Ubique
1735 3355 2009 3423 conjungit
2039 3362 2090 3406 et
2131 3369 2258 3406 con-

685 3449 909 3519 glutinat
941 3448 1097 3501 iidem
1144 3457 1196 3501 et
1223 3447 1562 3501 dilectionem
1593 3486 1605 3510 ,
1643 3446 1814 3512 bigam
1843 3444 2126 3513 quamdam
2159 3444 2255 3496 ad-

690 3538 1178 3594 mirabilem‘.Non
1231 3539 1402 3592 solum
1439 3537 1566 3591 dicit
1619 3537 1927 3604 indigenas,
1961 3534 2053 3588 sed
2098 3534 2260 3587 etiam

692 3647 896 3684 omitus.
929 3630 1051 3683 Non
1072 3647 1207 3684 cesso
1234 3631 1424 3699 gratias
1449 3645 1604 3698 agens
1629 3643 1718 3696 pro
1758 3626 1893 3680 vobis
1919 3668 1931 3690 ,
1958 3627 2258 3679 mentionem

688 3725 836 3774 vestri
865 3724 1054 3792 faciens
1078 3723 1128 3773 in
1153 3720 1461 3785 orationibus
1499 3721 1638 3771 meis.
1670 3718 1806 3785 Quid
1836 3719 1968 3786 petis
1991 3729 2041 3771 et
2067 3719 2262 3786 rogas?

693 3813 760 3866 Ut
790 3812 923 3865 Deus
957 3811 1159 3864 Domini
1189 3812 1348 3863 nostri
1371 3808 1729 3871 JesuCla’isti,
1760 3808 1913 3860 Pater
1934 3809 2111 3876 gloria:
2134 3847 2148 3871 ,
2179 3808 2260 3860 det

692 3903 825 3956 rubis
865 3903 1095 3971 spiritum
1121 3902 1383 3969 sapientia:
1423 3911 1466 3952 et
1507 3886 1844 3952 rerelationis.
1873 3899 1995 3952 Vult
2034 3915 2126 3953 eos
2156 3898 2262 3952 duo

692 3997 898 4049 discere
923 4036 937 4060 ,
991 4003 1050 4047 ut
1096 3993 1299 4047 discere
1328 4001 1575 4060 oportet,
1609 4001 1663 4045 et
1689 4001 1905 4059 propter
1944 3974 2064 4060 qtue
2093 3993 2263 4045 vocati

692 4101 850 4152 sunt,
883 4101 934 4141 et
980 4086 1249 4156 quomodo
1299 4085 1506 4137 liberati
1556 4095 1678 4136 sunt
1728 4099 1755 4136 a
1811 4083 2096 4151 prioribus.
2133 4084 2268 4137 Dicit

693 4190 869 4234 autem
918 4181 1031 4247 ipse
1079 4194 1140 4233 ea
1181 4193 1300 4232 esse
1349 4179 1464 4229 tria.
1499 4177 1778 4244 Quomodo
1806 4191 1934 4244 ergo
1964 4185 2088 4229 sunt
2120 4177 2265 4229 tria?

695 4272 770 4325 De
798 4271 986 4324 futuris
1015 4272 1057 4323 si
1079 4269 1362 4323 discamus.
1389 4267 1521 4320 Nam
1547 4285 1576 4320 a
1605 4268 1757 4321 bouis
1778 4267 1990 4336 quidem
2019 4268 2268 4336 l‘CpOslllS

694 4366 924 4417 sciemus
973 4364 1087 4431 ejus
1129 4360 1420 4415 ineli'abilcs
1464 4371 1516 4414 ct
1560 4376 1677 4428 quin
1729 4371 1968 4413 naturam
2011 4369 2267 4427 superant

695 4455 954 4510 divitias;
999 4469 1063 4506 ex
1107 4469 1170 4506 eo
1225 4462 1406 4506 autem
1439 4453 1578 4521 quod
1622 4452 2000 4517 didicerimus,
2043 4453 2260 4520 quinam

693 4561 810 4598 cum
845 4559 1083 4599 cssenms
1109 4544 1374 4613 quomodo
1395 4545 1739 4608 credidimus,
1763 4543 1876 4612 ejus
1897 4544 2184 4612 potentiam
2210 4554 2270 4596 et

694 4637 1082 4698 auctoritatem,
1109 4635 1330 4704 ecquod
1361 4637 1686 4690 converterit
1715 4651 1807 4689 eos
1837 4636 1924 4703 qui
1953 4644 2097 4689 tanto
2133 4646 2265 4689 tetu-

697 4745 823 4799 pore
853 4728 1059 4782 fuerant
1100 4727 1490 4782 alienati.Nam
1523 4729 1671 4794 Quod
1714 4739 1784 4780 est
1829 4727 1922 4780 Dei
1962 4729 2259 4795 infirmum,

695 4832 766 4876 est
792 4821 972 4890 fortius
1008 4815 1290 4873 hominibus
1314 4820 1387 4892 (ι.
1415 4819 1531 4875 Cor.
1555 4821 1602 4873 l.
1631 4819 1742 4888 23).
1776 4819 1852 4873 Ex
1897 4820 2081 4874 eadem
2124 4823 2265 4876 enim

696 4915 930 4982 potentia
952 4955 966 4980 ,
999 4930 1099 4983 qua
1128 4912 1397 4966 Christum
1451 4913 1760 4978 suscitavit,
1795 4929 1891 4966 nos
1937 4929 2154 4982 quoque
2200 4913 2266 4966 ad

694 5023 754 5062 se
792 5009 964 5059 traxit.
992 5006 1170 5074 Neque
1198 5021 1362 5073 usque
1392 5005 1458 5058 ad
1487 5005 1929 5058 resurrectionem
1962 5008 2132 5060 solum
2183 5017 2264 5060 est

695 5099 811 5164 ejus
838 5097 1074 5166 potentia
1099 5136 1114 5161 ,
1146 5095 1239 5149 sed
1270 5096 1424 5165 longe
1451 5098 1694 5166 amplius.
1727 5095 1792 5149 Et
1835 5099 2005 5149 sedere
2043 5097 2158 5164 fecit
2198 5097 2266 5150 ad

697 5189 952 5239 dexteram
982 5204 1142 5249 suam,
1170 5187 1258 5240 21.
1284 5203 1436 5256 super
1457 5204 1653 5240 omnem
1691 5189 2031 5256 principatum
2054 5197 2098 5240 et
2124 5199 2263 5256 pote-

697 5289 871 5331 statent
895 5290 939 5332 et
961 5279 1189 5332 virtutem
1210 5290 1254 5332 et
1281 5279 1672 5332 dominationem
1693 5289 1737 5331 et
1767 5295 1913 5333 autne
1936 5296 2112 5333 nomen
2135 5281 2268 5349 quod

700 5372 985 5423 nominatur
1009 5387 1027 5435 ,'
1056 5369 1142 5424 ‘32.
1167 5380 1213 5423 et
1252 5372 1421 5423 omnia
1451 5370 1657 5437 subjecit
1689 5370 1779 5423 sub
1807 5370 2014 5438 pedibus
2039 5372 2149 5440 ejus
2174 5413 2190 5437 ,
2221 5381 2266 5424 et

762 5569 776 5598 ¹
800 5564 1115 5628 Ceisliitianus
1136 5577 1263 5628 unus
1283 5563 1361 5611 hic
1374 5565 1589 5628 quaedam
1609 5566 1826 5628 adjicit
1846 5565 2002 5628 bigam
2015 5566 2274 5628 quamdam

696 5624 1052 5676 atltnirabilem.
1104 5624 1218 5672 ride
1249 5639 1375 5673 enim
1400 5639 1416 5673 :
1445 5627 1530 5672 sub
1554 5627 1810 5674 exorditur:
1857 5624 2069 5684 eiustolaz
2111 5628 2270 5683 dixit,

695 5691 884 5736 Sanctis
907 5688 986 5749 qui
1004 5685 1341 5754 suntEphesi;
1366 5699 1497 5754 nunc
1519 5694 1674 5754 niuem
1699 5688 1876 5748 profert
1901 5687 2200 5754 dilectionem
2225 5691 2274 5736 in

695 5763 856 5798 cimes-
868 5747 1070 5806 sanctos,
1085 5747 1154 5796 sic
1180 5760 1346 5796 t'ocuus
1370 5760 1462 5796 non
1481 5747 1730 5810 indigenas
1755 5747 1966 5808 tantum,
1982 5749 2066 5798 sed
2089 5762 2270 5799 omnes.

2374 704 2537 769 ipsum
2569 709 2707 761 dedit
2754 724 2904 780 caput
2931 731 3088 782 supra
3131 733 3327 771 onmem
3376 719 3650 776 Ecclesium
3676 766 3691 790 ,
3714 726 3804 781 23.
3833 741 3962 792 qum

2371 807 2442 849 est
2470 813 2652 865 corpus
2678 801 2834 868 ipsius
2861 814 2906 856 et
2929 806 3188 870 plenitudo
3213 812 3322 878 ejus
3348 851 3361 872 ,
3387 813 3473 881 qui
3494 815 3660 867 omnia
3687 816 3738 869 ia
3779 819 3958 870 enmi-

2369 890 2458 942 bus
2500 892 2826 964 adimpletur.
2868 896 3178 965 Magnorum
3239 917 3424 956 revera
3476 909 3851 975 mysteriorum
3895 919 3957 960 et

2365 997 2682 1054 arcanorum
2721 1000 2818 1039 nos
2843 987 2983 1046 iecit
3029 991 3352 1061 participes:
3387 1010 3482 1047 nec
3511 1011 3573 1049 ea
3620 998 3776 1051 aliter
3820 1001 3957 1052 licet

2368 1071 2547 1126 d?cerc
2568 1115 2581 1137 ,
2633 1091 2789 1143 quam
2838 1078 2905 1132 ab
2939 1079 3000 1130 iis
3039 1081 3126 1149 qui
3156 1084 3327 1135 sancti
3358 1073 3599 1153 "Spiritus
3628 1097 3752 1140 sunt
3779 1090 3956 1156 parti-

2368 1164 2543 1232 cipes,
2595 1175 2650 1219 et
2688 1168 2848 1221 multa
2891 1169 3137 1225 fruuntur
3188 1174 3378 1242 gratia.
3409 1175 3697 1244 Propterea
3748 1179 3954 1232 Paulus

2367 1270 2576 1323 quoque
2603 1257 2678 1310 sic
2708 1270 2954 1326 precatur
2980 1280 2991 1314 :
3027 1262 3179 1316 Pater
3208 1267 3385 1332 gloriw
3404 1309 3418 1331 ,
3446 1267 3612 1336 inquit
3638 1287 3651 1320 :
3689 1271 3788 1323 hoc
3815 1281 3894 1322 est
3919 1310 3941 1332 ,

2367 1345 2454 1411 qui
2495 1360 2681 1415 magna
2716 1349 2870 1404 nobis
2898 1351 3044 1405 dedit
3075 1353 3232 1407 bona.
3263 1353 3344 1407 Ab
3387 1356 3450 1410 iis
3489 1358 3629 1410 enim
3671 1373 3788 1426 qua-
3815 1369 3952 1412 sunt

2367 1433 2603 1500 subjecta
2649 1451 2769 1490 cum
2798 1451 3012 1507 semper
3038 1452 3192 1495 vocat
3217 1484 3230 1504 ,
3263 1453 3318 1495 ut
3340 1446 3550 1513 quamlo
3581 1448 3746 1510 dicit,
3784 1447 3952 1500 Pater

2369 1523 2742 1577 irriserationum
2766 1539 2810 1579 et
2837 1527 2971 1581 Deus
2997 1529 3147 1583 totius
3165 1532 3521 1586 consolationis
3545 1534 3620 1596 (‘2.
3643 1536 3759 1588 Cor.
3783 1537 3831 1589 Ι.
3851 1537 3906 1604 3)
3928 1555 3950 1603 ;

2366 1623 2419 1665 et
2451 1629 2630 1669 rursus
2658 1617 2945 1685 propheta,
2986 1606 3233 1674 Dominus
3279 1624 3522 1690 fortitudo
3549 1642 3658 1678 mea
3699 1635 3745 1678 et
3785 1629 3948 1680 attri-

2366 1704 2489 1756 lium
2529 1722 2695 1759 meum
2746 1707 2917 1779 (Psal.
2953 1711 3040 1764 17.
3069 1711 3121 1764 2.
3148 1712 3226 1780 5).
3276 1700 3431 1766 Pater
3473 1716 3668 1784 gloria;
3717 1715 3789 1770 Ea
3843 1730 3950 1770 suo

2333 1835 2336 1839 ι
2365 1797 2578 1850 nomine
2607 1814 2710 1851 non
2742 1811 2916 1867 potest
2944 1803 3212 1870 explicare
3242 1819 3306 1858 ac
3339 1804 3577 1873 proferre
3601 1847 3614 1867 ,
3647 1817 3700 1859 et
3739 1808 3945 1874 ubique

2366 1889 2836 1959 appellatgloriam
2861 1933 2875 1958 ,
2911 1894 3050 1962 quod
3084 1895 3298 1963 quidem
3331 1905 3415 1950 est
3440 1896 3580 1966 apud
3611 1913 3710 1951 nos
3739 1913 3943 1951 nomen

2363 1989 2418 2034 et
2446 1983 2730 2050 appellatio
2770 1985 2944 2036 omnis
2971 1984 3294 2051 splendoris.
3326 1987 3465 2040 Ecce
3506 1987 3662 2042 l’ater
3705 1987 3894 2056 gloria)
3923 2029 3942 2052 ,

2364 2076 2532 2143 inquit
2556 2116 2571 2140 ,
2596 2075 2793 2130 Christi
2823 2087 3002 2131 autem
3035 2079 3191 2132 Deus.
3222 2079 3359 2144 Quid
3388 2095 3517 2149 ergo
3537 2123 3550 2145 ,
3582 2090 3735 2133 estne
3769 2079 3944 2132 Filius

2363 2167 2537 2219 minor
2564 2166 2729 2235 gloria
2753 2167 2774 2220 ?
2803 2167 2906 2222 Sed
2937 2185 3116 2231 nemo,
3141 2186 3207 2223 ne
3235 2172 3276 2224 si
3311 2171 3539 2225 insaniat
3567 2171 3801 2240 quidem,
3838 2171 3946 2225 hoc

2353 2256 2580 2310 dixerit.
2611 2256 2704 2310 Det
2735 2259 2869 2311 robis
2890 2300 2902 2322 ,
2936 2260 3036 2315 hoc
3073 2271 3196 2326 est,
3231 2271 3462 2315 mentem
3496 2257 3723 2315 vestram
3765 2267 3949 2316 euol-

2320 2380 2324 2384 π
2361 2346 2473 2401 lere
2499 2357 2551 2400 et
2579 2350 2814 2415 exigere.
2841 2351 2963 2405 llwc
3014 2353 3159 2405 enim
3211 2369 3316 2406 non
3349 2353 3472 2407 licet
3500 2353 3657 2409 aliter
3702 2355 3942 2408 discere.

2363 2437 2608 2490 Animalis
2638 2440 2768 2492 enim
2818 2441 2967 2494 homo
2989 2442 3088 2494 non
3121 2443 3332 2512 pei'cipit
3375 2461 3486 2512 quin
3528 2454 3645 2498 sunt
3689 2446 3946 2514 spiritus:

2361 2537 2478 2580 sunt
2522 2530 2654 2580 enim
2693 2531 2738 2582 ei
2785 2533 3000 2584 stultitia
3035 2534 3111 2601 (ί.
3136 2533 3252 2587 Cor.
3282 2535 3336 2587 9..
3365 2535 3473 2605 14).
3502 2535 3648 2605 Opus
3693 2549 3775 2592 est
3805 2553 3945 2608 ergo

2359 2620 2619 2687 Spirituali
2663 2624 2945 2690 sapientia,
2982 2634 3040 2678 ut
3083 2627 3374 2692 Spiritualia
3431 2629 3825 2700 intelligamus,
3879 2640 3944 2686 ut

2361 2709 2636 2764 videamus
2684 2728 2803 2781 quae
2857 2724 2981 2768 sunt
3033 2717 3287 2770 occulta:
3330 2717 3443 2786 ipse
3494 2719 3711 2788 spiritus
3756 2724 3941 2775 omnia

2362 2804 2532 2875 aperit
2560 2812 2614 2856 et
2658 2804 2863 2859 revelat
2895 2805 2968 2876 (l.
2995 2805 3114 2860 Co'r.
3143 2807 3196 2858 2.
3222 2808 3310 2874 l0)
3341 2825 3353 2861 :
3388 2809 3477 2862 Dei
3511 2819 3593 2863 est
3624 2821 3945 2866 narraturus

2362 2895 2632 2962 mysteria.
2665 2893 3037 2963 Mysteriorum
3067 2906 3243 2950 autem
3280 2899 3369 2950 Dei
3399 2900 3758 2968 cognitionem
3786 2901 3944 2956 solus

2363 2984 2510 3036 novit
2536 2984 2762 3052 Spiritus
2788 3026 2802 3049 ,
2850 2987 2938 3053 qui
2970 2987 3128 3056 etiam
3175 2997 3442 3042 scrutatur
3482 2989 3598 3057 ejus
3627 2989 3883 3060 profunda
3917 3010 3940 3046 :

2362 3088 2468 3127 non
2493 3076 2732 3143 angelus,
2767 3092 2868 3128 non
2901 3077 3272 3146 archangelus,
3302 3095 3406 3132 non
3439 3080 3543 3133 ulla
3567 3081 3668 3134 alia
3696 3090 3945 3150 potestas

2362 3177 2539 3220 creata
2571 3165 2811 3227 dederit;
2844 3167 2945 3219 hoc
2973 3175 3071 3231 est,
3110 3167 3258 3221 vobis
3301 3169 3567 3222 charisma
3599 3171 3848 3240 praebeat.
3877 3171 3943 3227 Si

2363 3268 2538 3312 autem
2573 3257 2673 3310 hoc
2700 3267 2781 3311 est
2825 3258 3167 3312 revelationis
3195 3299 3209 3322 ,
3243 3259 3510 3327 superﬂua
3540 3269 3624 3313 est
3671 3262 3944 3316 rationum

2365 3349 2620 3403 inventio.
2649 3348 2782 3402 Nam
2814 3351 2900 3418 qui
2932 3342 3102 3402 Deum
3132 3350 3319 3404 didicit
3346 3360 3398 3403 et
3429 3352 3596 3405 Deum
3628 3355 3792 3416 novit,
3828 3369 3943 3408 ιιυη

2363 3439 2589 3506 amplius
2635 3440 2700 3492 de
2750 3439 2858 3492 ullo
2885 3439 3316 3492 dubitabitzuou
3371 3440 3549 3504 dicet,
3597 3441 3706 3504 llpc
3766 3452 3949 3510 p-ntesl.

2365 3529 2499 3593 lieri,
2531 3528 2629 3581 hoc
2656 3545 2761 3582 non
2794 3538 2990 3597 potest,
3026 3541 3079 3582 et
3105 3529 3377 3598 quomodo
3407 3530 3506 3584 hoc
3538 3513 3732 3584 factum
3762 3533 3850 3586 sit.
3884 3535 3945 3586 Si

2367 3617 2534 3670 Deum
2564 3608 2904 3671 didicerimus
2928 3630 2982 3670 ut
3012 3619 3150 3672 scire
3175 3628 3417 3686 oportet,
3449 3619 3492 3672 si
3519 3620 3863 3674 didicerimus
3911 3639 3948 3676 τι

2366 3723 2472 3778 quo
2510 3708 2715 3762 discere
2759 3719 3006 3775 oportet,
3064 3725 3255 3776 nempe
3297 3710 3362 3762 ab
3413 3710 3526 3778 ipso
3556 3709 3788 3777 Spiritu,
3835 3727 3946 3765 nun
3978 3751 3995 3765 .

2368 3802 2595 3869 amplius
2648 3801 2715 3854 de
2772 3801 2875 3853 ulla
2925 3817 2982 3852 re
3029 3799 3407 3854 dubitabimus.
3437 3799 3725 3868 Propterea
3772 3801 3945 3865 dicit,

2369 3890 2434 3943 In
2466 3891 2722 3962 agnitione
2756 3895 2862 3959 ejus
2903 3891 3216 3943 illumiuutos
3248 3889 3419 3944 oculos
3451 3892 3616 3944 cordis
3647 3892 3811 3944 vestri.
3843 3895 3948 3958 Qui

2370 3983 2616 4037 didicerit
2644 3982 2767 4052 quid
2795 3983 2863 4036 sit
2898 3983 3056 4046 Deus,
3090 3999 3194 4035 non
3215 3972 3480 4057 dubitabit
3519 3982 3585 4036 de
3632 3983 3952 4050 promissio-

2372 4076 2528 4129 nibus
2563 4093 2574 4128 :
2607 4091 2710 4128 non
2751 4074 2818 4128 de
2867 4075 2930 4127 iis
2957 4092 3072 4142 qua:
3100 4076 3210 4143 jam
3243 4075 3379 4128 facta
3413 4085 3536 4128 sunt
3566 4075 3667 4128 erit
3691 4075 3946 4128 incredu-

2372 4168 2472 4219 lus.
2499 4168 2671 4235 Atque
2711 4176 2854 4236 optat
2885 4166 3098 4236 quidem
3140 4168 3220 4220 eis
3251 4167 3361 4220 dari
3393 4168 3636 4235 spiritum
3669 4168 3952 4234 sapienti-.2

2372 4268 2426 4312 et
2488 4259 2871 4323 revelationis;
2923 4269 3175 4311 ca'tcrum
3227 4259 3339 4326 ipse
3407 4273 3617 4327 quoque
3665 4258 3956 4312 continuat

2373 4350 2667 4404 rationibus
2692 4365 3040 4420 quaecumque
3066 4361 3237 4418 potest
3263 4366 3326 4406 cx
3358 4351 3422 4403 iis
3447 4367 3563 4419 qua:
3582 4350 3690 4418 jam
3713 4349 3952 4403 t'ucrtmt.

2373 4441 2503 4494 Nam
2553 4442 2802 4509 quoniam
2834 4452 2948 4495 erat
2996 4443 3234 4495 dicturus
3281 4442 3381 4494 alia
3441 4441 3652 4510 quidem
3682 4457 3798 4507 qua:
3838 4442 3956 4509 jam

2373 4534 2506 4586 facta
2536 4531 2764 4594 fuerant,
2797 4533 2898 4586 alia
2929 4544 3105 4586 autem
3133 4549 3248 4602 qua:
3280 4531 3522 4586 putidum
3568 4532 3904 4600 contigerant
3937 4550 3953 4585 :

2373 4641 2438 4677 ex
2470 4625 2531 4677 iis
2560 4641 2677 4693 quae
2705 4624 2840 4679 facta
2874 4633 2996 4678 sunt
3021 4666 3034 4688 ,
3065 4623 3375 4698 lidemlacit
3416 4625 3479 4678 iis
3526 4639 3643 4690 qua:
3675 4623 3809 4675 facta
3845 4637 3957 4676 non

2373 4726 2493 4770 sunt
2514 4716 2837 4782 :cujusmodi
2860 4727 2939 4770 est
2956 4716 3055 4770 hoc
3076 4735 3088 4768 :
3110 4715 3176 4769 Ut
3197 4717 3390 4778 sciatis,
3407 4715 3596 4788 inquit,
3620 4697 3732 4782 qua:
3749 4715 3812 4764 sit
3839 4731 3959 4781 spes

2374 4809 2646 4862 vocationis
2669 4810 2798 4876 ejus.
2828 4809 2920 4863 Est
2945 4809 3120 4862 adhuc
3153 4849 3168 4874 ,
3201 4809 3403 4877 inquit,
3433 4809 3640 4861 occulta
3666 4847 3682 4870 ,
3709 4806 3803 4860 sed
3846 4822 3959 4861 non

2378 4903 2642 4957 ﬁdelibus.
2690 4902 2758 4954 Et
2799 4919 2914 4973 qua:
2966 4903 3154 4956 divitia:
3198 4903 3374 4971 gloria:
3409 4902 3696 4954 hereditatis
3741 4903 3853 4970 ejus
3903 4905 3962 4955 in

2375 4994 2578 5046 sanctis.
2611 4993 2722 5046 Hoc
2755 5008 2965 5061 quoque
2983 5001 3062 5044 est
3086 4993 3258 5045 adlmc
3291 5007 3396 5044 non
3427 4990 3788 5044 manifestum.
3815 4993 3961 5056 Quid

2378 5095 2460 5139 est
2487 5096 2664 5139 autem
2695 5086 3078 5142 manifestum?
3127 5083 3280 5150 Quod
3335 5081 3660 5137 credidimus
3689 5097 3810 5134 eum
3860 5097 3962 5134 sua

2375 5181 2571 5233 virtute
2615 5177 2884 5231 Christum
2929 5175 3253 5229 suscitasse:
3291 5184 3374 5228 est
3417 5173 3556 5226 enim
3589 5172 3744 5242 longe
3785 5172 3973 5225 admi-

2376 5271 2594 5324 rabilius
2639 5269 2970 5337 persuasisse
3017 5266 3244 5330 animis,
3275 5281 3433 5333 quam
3483 5264 3771 5317 suscitasse
3812 5279 3975 5318 tuin-

2377 5373 2544 5416 tuum.
2578 5362 2646 5415 Et
2676 5360 2985 5430 quomodo?
3022 5360 3133 5429 Ego
3183 5359 3397 5412 tentabo
3429 5356 3530 5410 hoc
3560 5354 3708 5408 vobis
3739 5370 3966 5423 persua-

2376 5455 2502 5508 dere
2533 5472 2543 5505 :
2579 5453 2700 5508 audi
2732 5454 2890 5506 enim.
2913 5452 3154 5505 Christus
3185 5451 3317 5503 dixit
3347 5457 3579 5511 mortuo,
3609 5446 3825 5509 Lazare,
3845 5450 3970 5501 veni

2380 5551 2519 5615 foras
2546 5546 2725 5612 (Joan.
2757 5547 2840 5598 ll.
2874 5546 2962 5614 45)
2985 5585 2996 5606 ,
3029 5554 3081 5598 et
3108 5544 3286 5596 statim
3321 5542 3521 5596 obediit
3555 5559 3564 5593 :
3600 5541 3792 5595 Petrus
3818 5541 3972 5594 dixit

2381 5638 2639 5703 'l'abitlne,
2676 5637 2842 5704 Surge
2865 5637 2996 5706 (Act.
3023 5636 3075 5689 9.
3104 5635 3226 5703 40),
3254 5646 3306 5688 et
3331 5650 3436 5687 non
3460 5632 3808 5686 Contradixit.
3841 5634 3969 5703 Ipse

2378 5734 2517 5790 dicet
2547 5733 2703 5789 indic
2731 5733 2938 5796 ultimo,
2959 5740 3010 5783 et
3029 5743 3214 5783 omnes
3245 5735 3546 5795 rcsurgeut,
3575 5734 3626 5780 et
3655 5740 3777 5779 cuin
3808 5737 3968 5781 tanta
