4108 6312
147 422 212 478 ,5
1053 398 1122 456 IN
1159 399 1374 456 EPlS'l‘.
1420 399 1510 454 AD
1552 397 1800 454 EPIIES.
1840 396 1995 453 CAP.
2041 396 2078 451 I.
2124 397 2354 456 llOMlL.
2395 397 2482 455 111.

150 527 427 591 celeritate,
448 534 509 579 ιιι
538 520 635 592 qui
657 518 829 577 adhuc
848 524 1033 571 \‘tvunt
1056 556 1073 577 .
1115 532 1223 570 non
1254 516 1362 569 sint
1389 512 1709 584 prmvcnturi

152 604 237 679 eos
268 622 351 692 qui
373 618 733 679 dormierunt.
764 612 898 667 adeo
928 620 985 665 ut
1012 609 1192 666 omnia
1210 609 1339 662 ﬁant
1363 608 1414 661 in
1443 614 1713 660 momento

150 727 196 770 et
224 715 269 768 in
294 713 398 766 ictu
420 709 588 764 oculi.

212 806 258 861 2.
290 803 341 859 In
374 799 651 855 credendo
688 804 867 851 autem
894 808 999 848 non
1032 792 1100 844 ita
1144 790 1234 852 ﬁt;
1273 788 1365 843 sed
1407 785 1713 856 quomodo?

150 895 271 953 Audi
294 908 414 948 eum
442 905 633 945 rursus
656 888 917 942 dicentem
952 902 964 938 :
998 882 1206 947 Quoties
1246 881 1381 932 volui
1410 892 1715 948 congregare

149 990 271 1056 ﬁlios
294 994 500 1047 vestros,
523 990 570 1034 et
596 978 825 1032 statuistis
846 972 1001 1046 (an.
1032 972 1119 1026 1'3.
1150 968 1261 1039 54).
1292 970 1448 1021 Vides
1473 968 1572 1021 hoc
1593 982 1713 1021 esse

147 1074 432 1134 difﬁcilius?
452 1071 809 1139 Quamobrem
830 1080 899 1120 ex
931 1064 1031 1119 hoc
1058 1062 1245 1131 probat
1265 1060 1590 1112 universum.
1618 1056 1713 1111 Est

149 1167 276 1221 enim
303 1164 474 1220 multo
494 1159 765 1215 difﬁcilius
795 1155 1040 1209 humanis
1066 1151 1357 1213 rationibus
1387 1146 1712 1219 persuadere

149 1259 301 1313 libero
325 1255 570 1316 arbitrio,
596 1264 753 1321 quam
780 1245 991 1316 operari
1022 1253 1286 1321 naturam.
1313 1239 1486 1295 Causa
1515 1249 1597 1292 est
1620 1252 1713 1289 au-

147 1362 281 1410 tem.
310 1344 561 1415 quoniam
593 1344 705 1410 ipse
743 1341 821 1394 sic
862 1338 971 1391 vult
1008 1350 1103 1389 nos
1143 1344 1320 1388 nostra
1364 1341 1552 1400 Sponte
1596 1329 1710 1383 ﬁeri

148 1441 320 1493 honos.
347 1438 439 1491 Sic
467 1436 655 1489 merito
683 1432 840 1496 dixit,
870 1427 1258 1497 Superemincns
1286 1422 1580 1491 magnitudo
1611 1421 1709 1473 vir-

147 1532 257 1585 tutis
278 1534 384 1600 ejus
420 1528 474 1581 in
504 1542 595 1579 nos
637 1524 722 1595 qui
766 1519 1089 1575 credidimus.
1129 1515 1351 1583 Quando
1394 1514 1534 1568 enim
1581 1527 1707 1581 pro-

145 1623 308 1691 pheta:
334 1618 463 1673 nihil
498 1615 858 1687 profecerunt,
882 1610 1094 1680 quando
1116 1608 1287 1677 angeli
1310 1617 1360 1660 et
1382 1604 1707 1672 archangeli,

143 1711 339 1781 quando
367 1709 545 1763 omnis
573 1714 816 1761 creatura
842 1700 1183 1771 aspectabilis
1201 1739 1217 1764 ,
1246 1708 1299 1752 et
1338 1712 1441 1749 non
1469 1712 1611 1764 asper
1634 1704 1711 1748 ta-

144 1805 293 1858 bilis:
317 1798 658 1870 aspcctabilis
685 1794 898 1866 quidem
927 1793 980 1846 in
1006 1790 1183 1845 medio
1210 1789 1501 1859 proposita,
1524 1796 1578 1842 et
1604 1803 1707 1877 non

141 1895 312 1950 valens
346 1890 650 1951 deducere,
698 1884 860 1939 multa
883 1891 1080 1937 autem
1122 1878 1514 1950 inaspectabilis
1541 1896 1555 1932 :
1585 1887 1709 1931 tune

141 2002 281 2039 mm
303 1980 632 2051 dispensavit
655 1977 964 2039 adventum,
991 1971 1281 2027 ostendens
1309 1986 1419 2025 rem
1444 1985 1605 2039 egere
1630 1969 1711 2022 di-

139 2077 251 2129 vina
280 2074 495 2127 virtute.
526 2068 743 2123 Divitias
764 2066 961 2137 gloria.
993 2063 1104 2118 Hoc
1129 2072 1239 2127 est,
1264 2062 1488 2132 gloriam
1518 2060 1706 2115 ineﬁ‘a-

141 2168 309 2220 tailem.
352 2165 484 2219 Nam
529 2176 771 2232 quamam
816 2157 991 2213 oratio
1031 2154 1222 2225 peterit
1265 2154 1409 2207 illam
1440 2153 1709 2217 explicare

136 2260 379 2327 gloriam,
408 2254 562 2323 cujus
592 2251 773 2305 sancti
804 2261 928 2303 tune
964 2256 1123 2301 erunt
1162 2244 1487 2313 participes?
1516 2242 1704 2305 Nulla;

136 2350 222 2405 sed
252 2365 309 2403 re
332 2363 459 2402 vera
486 2360 622 2415 otius
646 2342 810 2414 gratia
835 2382 848 2405 ,
881 2348 940 2394 ut
982 2353 1133 2392 mens
1170 2337 1337 2391 discat
1363 2378 1379 2402 ,
1412 2345 1468 2389 et
1491 2335 1709 2389 omnino

138 2455 346 2508 parvum
388 2438 575 2505 utique
618 2434 821 2489 radium
861 2430 1111 2497 excipiat.
1145 2429 1332 2496 Aliqua
1372 2428 1529 2480 etiam
1560 2426 1709 2495 prius

133 2530 335 2598 quidem
379 2533 639 2581 noverant
663 2565 683 2588 ,
707 2522 920 2578 volebat
948 2531 1123 2574 autem
1164 2533 1259 2574 eos
1296 2534 1436 2572 nunc
1480 2517 1710 2585 amplius

134 2621 331 2673 discere
356 2626 407 2672 et
442 2630 606 2670 nosse
627 2613 880 2683 apertius.
913 2610 1074 2665 Vides
1103 2625 1261 2680 quam
1293 2608 1455 2662 multa
1484 2608 1553 2661 sit
1582 2622 1711 2675 0pc-

135 2710 306 2764 ratus?
333 2707 606 2763 Christum
634 2704 909 2759 suscitavit
940 2719 953 2754 :
981 2704 1152 2754 hocne
1184 2699 1435 2768 parvum?
1462 2697 1566 2752 Sed
1594 2714 1710 2751 rur-

134 2818 218 2855 sus
256 2800 397 2855 vide.
445 2796 648 2854 Sedere
700 2795 822 2859 fecit
868 2793 932 2846 ad
980 2792 1255 2847 dexteram
1302 2805 1453 2844 suam
1486 2806 1500 2843 :
1532 2789 1709 2843 ullane

134 2894 293 2947 oratio
336 2892 443 2946 hoe
488 2888 682 2958 poterit
719 2884 1020 2955 explicare?
1053 2884 1183 2937 Eum
1222 2882 1309 2951 qui
1345 2882 1445 2935 l‘uit
1470 2897 1500 2935 e
1532 2891 1667 2935 terra
1689 2920 1705 2945 ,

131 3000 245 3036 eum
274 2982 363 3053 qni
394 2989 478 3035 est
506 2979 676 3048 magis
706 2986 882 3030 mutus
908 2990 1065 3044 quam
1098 2976 1293 3043 pisces,
1320 2973 1408 3042 qui
1436 2972 1604 3045 factus
1626 2982 1709 3025 est

135 3072 408 3130 hnﬁbrium
437 3072 764 3147 dajmonum,
795 3068 845 3122 in
873 3068 1041 3121 altum
1065 3065 1472 3147 statim-extulit.
1502 3063 1706 3119 ltevera

134 3175 207 3221 est
228 3145 635 3236 supereminens
660 3154 967 3230 magnitudo
992 3158 1108 3229 ejus
1138 3145 1367 3212 virtutis.

198 3260 356 3324 Quom
372 3259 476 3311 alte
498 3256 633 3309 Deus
650 3254 895 3307 hominem
919 3250 1385 3306 taminia—Vide
1399 3258 1577 3304 autem
1601 3263 1709 3319 quo

131 3352 369 3406 extulerit
400 3367 415 3403 :
448 3349 501 3403 in
544 3347 849 3402 cmlestibus
894 3360 1016 3400 eum
1049 3342 1170 3398 fecit
1200 3343 1531 3412 superiorem
1562 3344 1705 3397 omni

133 3451 297 3496 creata
316 3450 689 3508 natura,supra
704 3452 913 3491 omnem
933 3436 1284 3505 principatum
1302 3445 1351 3488 et
1369 3443 1704 3503 potestatem:

134 3532 295 3600 Supra
310 3548 534 3594 omnem,
558 3529 746 3598 inquit,
762 3528 1120 3597 principatum.
1144 3525 1347 3581 llevera
1368 3525 1554 3593 spiritu
1573 3538 1708 3595 opus

132 3630 226 3689 est,
254 3632 307 3678 et
331 3620 559 3690 sapienti
588 3628 763 3673 mente
794 3620 845 3673 in
877 3618 1144 3688 agnitione
1173 3617 1322 3684 ejus;
1358 3632 1541 3671 revera
1572 3632 1708 3685 opus

129 3725 202 3769 est
220 3714 566 3771 revelatione.
595 3712 777 3782 Cogita
798 3721 1052 3779 quantum
1086 3709 1293 3763 intersit
1317 3709 1453 3762 inter
1475 3708 1708 3762 hominis

130 3817 184 3860 et
209 3807 297 3862 Dei
323 3816 571 3861 naturam
595 3824 611 3859 :
632 3817 685 3859 et
706 3804 775 3858 ab
815 3803 913 3856 hac
953 3803 1156 3857 vilitate
1185 3810 1241 3856 et
1270 3801 1564 3869 :ibjcetione
1584 3816 1706 3856 eum

132 3898 192 3951 ad
236 3897 383 3953 illum
428 3896 690 3950 honorem
716 3894 963 3955 sustulit;
996 3907 1099 3945 non
1124 3908 1286 3945 unum
1318 3901 1407 3943 aut
1434 3884 1658 3945 alterum
1687 3932 1703 3956 ,

135 3998 217 4042 aut
251 3991 465 4044 tertium
510 3987 730 4057 gradum
776 3984 1125 4039 transcendit.
1170 3982 1359 4050 Papzel
1389 3982 1497 4036 Nec
1532 3983 1705 4036 solum

134 4077 275 4144 dixit,
296 4078 491 4146 Supra.
520 4077 639 4141 sed,
671 4079 841 4146 Longe
867 4091 1043 4144 supra.
1088 4073 1345 4142 Snpernis
1379 4074 1521 4128 enim
1554 4084 1705 4141 pote-

134 4168 345 4224 statibus
365 4169 509 4224 Dcus
532 4176 614 4222 est
639 4168 904 4233 superior,
930 4165 1102 4233 ipsum
1135 4164 1311 4232 itaque
1340 4164 1465 4217 illuc
1490 4164 1702 4232 extulit,

134 4266 186 4311 et
215 4258 299 4329 qui
342 4269 460 4312 erat
500 4271 565 4312 ex
611 4256 798 4321 nobis,
830 4270 951 4308 eum
992 4253 1062 4306 ab
1105 4254 1359 4307 extremis
1400 4257 1707 4310 carceribus

135 4363 289 4416 usque
311 4348 377 4401 ad
404 4348 650 4400 ultimum
680 4344 830 4399 duxit
857 4343 1229 4415 principatum,
1263 4354 1383 4412 post
1408 4360 1565 4414 quem
1598 4361 1704 4399 non

132 4449 210 4496 est
243 4441 411 4496 honor
456 4442 614 4496 alius.
660 4441 906 4505 Omnem,
945 4438 1148 4508 inquit,
1190 4440 1526 4508 principatum
1550 4479 1564 4502 ,
1596 4456 1703 4496 non

134 4533 263 4588 hunc
283 4534 504 4604 quidem
528 4574 549 4599 ,
577 4533 722 4587 illum
760 4542 940 4585 autem
984 4545 1125 4593 non,
1156 4530 1249 4584 sed
1271 4572 1284 4593 ,
1318 4530 1529 4584 Omnem
1558 4533 1703 4600 prin-

131 4623 335 4693 cipatum
363 4634 410 4677 et
440 4632 735 4690 potestatem
760 4632 809 4676 et
837 4620 1253 4687 dominationem,
1284 4631 1330 4673 et
1356 4638 1502 4674 orune
1524 4639 1702 4677 nomen

129 4716 253 4780 quod
278 4718 591 4779 nominatur,
623 4714 669 4768 si
696 4713 834 4783 quod
863 4722 945 4766 cst
976 4712 1027 4765 in
1059 4712 1194 4765 emit)
1216 4753 1230 4774 ,
1261 4712 1705 4783 omnibusevasit

131 4809 377 4875 superior.
400 4808 517 4862 Hoc
536 4807 607 4862 de
625 4823 691 4860 eo
710 4806 798 4876 qui
824 4814 907 4860 est
932 4805 1195 4859 exciuitns
1218 4819 1248 4857 a
1275 4806 1499 4877 mortuis
1524 4822 1537 4858 ε
1562 4808 1700 4873 quod

130 4896 325 4961 quidem
363 4898 587 4968 dignum
614 4904 697 4951 est
722 4895 1094 4949 admiratione.
1130 4893 1259 4947 Nam
1291 4894 1357 4947 de
1392 4895 1499 4949 Deo
1529 4895 1703 4948 Verbo

129 5001 470 5059 meaquam.
501 4986 635 5042 Nam
661 4986 804 5057 quod
830 4995 950 5039 sunt
982 4985 1185 5040 culices
1214 4984 1279 5038 ad
1311 4987 1572 5040 homines.
1605 4988 1650 5037 In
1674 5002 1704 5040 c

128 5088 202 5133 est
227 5081 396 5134 omnis
419 5090 668 5135 creatura
700 5078 764 5132 ad
798 5078 987 5132 Deum.
1020 5077 1086 5130 Et
1118 5076 1244 5145 quid
1281 5076 1431 5142 dico,
1461 5078 1701 5132 culices?

128 5173 169 5225 si
191 5188 369 5229 omnes
393 5172 645 5228 homines
672 5170 1060 5239 reputabuntur
1086 5176 1143 5221 ut
1174 5168 1360 5231 saliva,
1390 5179 1444 5223 et
1473 5171 1699 5239 reputati

126 5273 238 5317 sunt
260 5274 316 5318 ut
340 5261 675 5318 titiunculum
715 5270 928 5315 statera:
961 5258 1129 5330 (lsai.
1159 5260 1251 5315 40.
1289 5261 1387 5331 l5)
1421 5283 1434 5315 :
1462 5276 1553 5315 cas
1582 5278 1701 5329 qua:

126 5355 215 5408 sub
241 5368 512 5427 aspcctmn
548 5371 653 5409 non
680 5355 879 5409 cadunt
919 5362 1211 5423 potestates
1250 5369 1394 5422 pone
1430 5364 1699 5424 tamquam

125 5446 325 5502 culices.
357 5448 473 5502 Non
504 5446 667 5515 igitur
689 5445 759 5499 de
788 5445 895 5499 Deo
924 5444 1101 5497 Verbo
1126 5446 1205 5497 sic
1233 5443 1386 5509 dixit,
1420 5445 1512 5498 sed
1539 5444 1606 5499 de
1635 5460 1700 5499 co

127 5536 320 5603 quidem
359 5539 449 5607 qui
497 5536 600 5590 fuit
642 5552 708 5589 ex
745 5536 897 5589 nobis
927 5554 941 5589 :
976 5534 1077 5589 hoc
1106 5543 1187 5588 est
1218 5551 1342 5589 vere
1374 5552 1619 5605 maguum
1648 5545 1701 5591 ct

126 5626 439 5684 admirabile.
471 5627 560 5681 Ab
591 5622 789 5681 inﬁmis
812 5626 954 5681 enim
985 5634 1143 5681 terra:
1182 5627 1419 5695 partibus
1453 5643 1574 5681 eum
1603 5644 1700 5681 ex-

128 5715 249 5769 tuht.
286 5718 342 5772 Si
382 5732 581 5772 omnes
619 5727 805 5786 gentes
840 5727 1105 5786 tamquam
1143 5717 1283 5796 stilla
1307 5760 1322 5783 ,
1365 5735 1501 5774 unus
1538 5718 1700 5773 homo

126 5815 266 5873 quota
289 5818 367 5864 est
394 5822 527 5879 pars
554 5806 745 5862 stilhe?
766 5807 869 5863 Sed
891 5822 1014 5863 cum
1042 5804 1169 5863 fecit
1191 5808 1435 5863 otnuibus
1460 5810 1700 5879 superio-

3336 391 3408 443 ‘26

1823 527 1959 574 rem,
1992 527 2096 566 non
2126 514 2300 567 solum
2332 514 2383 567 in
2412 514 2513 569 hoc
2539 514 2770 574 sarculo.
2800 512 2892 568 sed
2932 513 3091 566 etiam
3129 514 3180 565 in
3210 509 3408 567 futuro.

1818 604 1954 657 Sunt
1979 618 2105 671 ergo
2137 613 2458 672 potestatum
2488 605 2838 676 quarumdam
2869 606 3083 659 nomina
3121 604 3272 657 nobis
3303 618 3409 657 non

1818 694 2020 761 signata
2045 736 2059 759 ,
2112 711 2287 763 neque
2330 706 2474 749 nota.
2522 696 2585 749 Et
2628 698 2799 749 omnia
2829 697 3042 766 subjecit
3080 698 3171 749 sub
3200 696 3412 763 pedibus

1818 785 1948 853 ejus.
1983 786 2096 838 Non
2125 787 2297 839 solum
2332 786 2454 841 fecit
2488 789 2819 855 superiorem
2846 799 2904 842 ut
2930 790 3009 842 eis
3040 787 3243 841 honore
3276 805 3411 855 prm-

1820 871 2066 935 ferretur,
2098 890 2268 943 neque
2299 892 2391 943 per
2421 874 2901 945 coittpat'ationeni,
2934 878 3025 931 sed
3057 887 3114 932 ut
3140 888 3409 947 tamquam

1818 966 1986 1017 servis
2016 976 2287 1033 praeesset.
2320 967 2496 1035 Papm,
2528 983 2612 1023 res
2643 968 2797 1036 plane
2822 980 2946 1022 sunt
2976 969 3283 1037 stupendae!
3314 969 3410 1020 ho-

1820 1056 1977 1108 minis
2007 1056 2141 1110 facta
2171 1068 2252 1112 est
2284 1074 2436 1113 serva
2470 1062 2644 1115 omnis
2676 1071 2915 1131 potestas
2945 1073 3122 1116 creata
3145 1103 3161 1125 ,
3194 1072 3410 1131 propter

1821 1146 1982 1199 Deum
2020 1146 2247 1211 Verbum
2279 1150 2364 1218 qui
2410 1150 2685 1205 inhabitat.
2725 1153 2901 1206 Potest
2932 1153 3073 1207 enim
3104 1169 3221 1207 CSsc
3251 1164 3305 1206 ut
3343 1156 3408 1205 sit

1817 1236 2008 1305 aliquis
2034 1254 2217 1307 supra,
2252 1256 2354 1293 non
2390 1240 2591 1297 habens
2621 1244 2707 1312 qui
2736 1243 2969 1308 obediat,
3001 1246 3092 1298 sed
3125 1254 3178 1297 ut
3208 1242 3411 1298 honore

1818 1328 2172 1395 przcl‘cratnr:
2207 1332 2293 1387 hic
2320 1343 2497 1389 autem
2540 1350 2645 1389 non
2686 1336 2799 1401 sic,
2828 1337 2923 1391 sed
2964 1336 3142 1392 omnia
3184 1336 3413 1404 subjecit

1817 1423 1917 1475 sub
1950 1423 2173 1490 pedibus
2204 1426 2358 1494 ejus;
2391 1436 2445 1483 et
2486 1444 2591 1482 non
2624 1429 2794 1482 solum
2824 1430 3069 1498 subjecit,
3100 1429 3194 1485 sed
3224 1429 3410 1483 ultima

1816 1518 2183 1583 Snbjectione,
2217 1531 2271 1575 et
2316 1530 2435 1590 post
2479 1538 2637 1591 quam
2685 1538 2787 1576 non
2830 1532 2912 1576 est
2954 1523 3077 1575 alia.
3121 1523 3408 1591 Propterea

1816 1608 1943 1660 dixit
1965 1650 1978 1671 ,
2010 1610 2116 1663 Sub
2143 1612 2372 1678 pedibus.
2412 1614 2477 1667 Et
2508 1616 2673 1683 ipsum
2704 1614 2841 1668 dedit
2880 1626 3030 1683 caput
3060 1632 3211 1682 super
3238 1616 3410 1668 omnia

1816 1694 2076 1753 Ecclesiw.
2110 1701 2287 1769 Papus,
2317 1718 2422 1771 quo
2454 1718 2641 1758 rursus
2671 1704 2883 1758 sustulit
2915 1704 3242 1758 Ecclesium!
3275 1716 3408 1757 tam-

1814 1803 1971 1856 quam
2006 1804 2100 1858 per
2125 1792 2407 1859 quamdam
2442 1793 2656 1846 trahens
2689 1794 2988 1847 machinam
3011 1836 3024 1859 ,
3056 1810 3172 1849 eam
3206 1795 3256 1847 in
3289 1808 3405 1848 ma-

1813 1892 1969 1946 gnam
2002 1881 2215 1934 sustulit
2242 1882 2574 1937 altitudinem
2601 1925 2615 1949 ,
2648 1892 2703 1938 ct.
2728 1900 2845 1938 eam
2889 1884 3077 1939 sedere
3114 1885 3319 1945 citrei-it
3353 1887 3404 1951 in

1816 1968 1901 2020 illa
1931 1968 2077 2037 sede.
2114 1970 2211 2025 Ubi
2244 1973 2384 2025 enim
2426 1982 2509 2026 cst
2546 1984 2704 2043 caput
2730 2015 2743 2037 ,
2776 1974 2881 2027 illic
2911 1982 2963 2028 et
2991 1990 3227 2045 corpus:
3261 1976 3405 2027 nullo

1816 2060 1934 2113 loco
1963 2062 2279 2118 intermedio
2312 2075 2562 2119 arcentur
2599 2075 2757 2135 caput
2796 2075 2850 2119 et
2878 2080 3073 2135 corpus
3106 2084 3117 2117 :
3150 2066 3195 2121 si
3225 2077 3403 2122 autem

1814 2155 2145 2220 arcerentur,
2169 2170 2363 2224 corpus
2385 2172 2490 2211 non
2516 2157 2696 2223 fuerit,
2724 2174 2827 2211 non
2853 2159 3009 2213 fuerit
3034 2169 3209 2227 caput.
3238 2160 3406 2228 Super

1814 2246 2002 2310 omnia,
2038 2246 2227 2315 inquit.
2259 2249 2393 2314 Quid
2426 2258 2529 2314 est,
2563 2249 2734 2318 Super
2762 2250 2931 2303 omnia
2950 2251 2977 2302 ἶ)
3005 2251 3108 2303 Aut
3134 2250 3404 2306 Christum

1813 2336 1962 2403 dicit,
1993 2337 2081 2405 qui
2111 2346 2193 2392 est
2222 2352 2383 2408 super
2411 2341 2590 2393 omnia
2619 2356 2738 2410 qua:
2767 2348 3061 2395 cernuntur
3089 2350 3141 2394 et
3173 2358 3289 2410 qua!
3322 2344 3404 2395 in-

1816 2427 2157 2497 telliguntur;
2200 2440 2290 2483 aut
2332 2446 2492 2498 supra
2524 2432 2700 2485 omnia
2740 2430 2878 2511 bona
2923 2431 3024 2485 hoc
3067 2433 3220 2497 fecit,
3264 2436 3405 2502 quod

1817 2516 2005 2598 Filium
2046 2520 2252 2574 dederit
2293 2532 2469 2590 capot.
2514 2522 2628 2576 Non
2671 2523 2939 2592 angelum,
2974 2539 3078 2578 non
3111 2525 3407 2593 archange-

1816 2607 1924 2661 lum
1949 2649 1964 2672 ,
1990 2624 2095 2663 non
2128 2611 2292 2664 ullum
2324 2612 2485 2666 alium
2517 2612 2722 2667 dimisit
2760 2616 3116 2683 superiorem.
3153 2616 3266 2669 Non
3310 2616 3409 2671 hac

1813 2698 1984 2752 solum
2026 2700 2234 2756 ratione
2274 2716 2373 2757 nos
2417 2702 2734 2771 honoravit,
2772 2704 2917 2774 quod
2950 2722 3071 2760 eum
3103 2710 3190 2775 qni
3234 2715 3351 2761 erat
3379 2724 3409 2760 e

1816 2791 1969 2846 nobis
2000 2791 2051 2845 in
2092 2792 2256 2846 altum
2293 2794 2580 2860 extulerit,
2624 2796 2717 2850 sed
2758 2798 2901 2866 quod
2939 2798 3099 2851 etiam
3136 2798 3319 2851 fecerit
3352 2808 3409 2853 ut

1816 2890 1982 2934 totum
2011 2897 2296 2938 commune
2323 2900 2489 2952 genus
2517 2886 2665 2940 illum
2701 2901 3037 2957 sequeretur,
3070 2890 3143 2943 illi
3170 2872 3411 2946 adlucch

1816 2982 1931 3037 ret,
1963 2973 2113 3026 illum
2141 2985 2523 3031 assectaretur.
2558 2976 2684 3040 Quae
2712 2989 2783 3030 est
2812 2995 2997 3047 corpus
3022 2979 3203 3049 ipsius.
3236 2980 3366 3034 Nam
3394 3024 3407 3045 ,

1817 3078 1883 3117 ne
1922 3063 2105 3117 audito
2140 3067 2314 3133 capite
2338 3106 2354 3133 ,
2385 3066 2486 3120 hoc
2524 3069 2694 3125 solum
2728 3070 3005 3123 existimes
3034 3071 3242 3125 initium
3269 3113 3283 3135 ,
3316 3074 3411 3127 sed

1812 3152 1974 3207 etiam
2005 3153 2307 3209 ﬁrmitatem
2337 3166 2390 3209 et
2420 3156 2763 3212 stabilitatem
2793 3200 2807 3223 ,
2843 3174 2947 3212 non
3000 3170 3269 3230 tarnquam
3322 3178 3411 3215 so-
3486 3222 3491 3227 ν

1815 3243 1921 3296 lum
1955 3244 2246 3314 principem
2269 3286 2284 3309 ,
2318 3247 2409 3300 sed
2454 3260 2721 3317 tamquam
2753 3252 2998 3317 corporis
3029 3261 3188 3319 caput
3226 3254 3412 3305 consi-

1813 3334 1989 3390 dt‘rcs.
2033 3334 2346 3402 Plenitudo,
2384 3320 2554 3408 inquit
2576 3379 2592 3403 ,
2625 3340 2733 3408 ejus
2772 3341 2859 3408 qui
2900 3342 3069 3394 omnia
3100 3343 3151 3395 in
3182 3342 3411 3396 omnibus

1812 3428 2139 3496 adimpletur.
2184 3428 2477 3499 Tamquam
2526 3430 2626 3485 hoc
2675 3448 2779 3485 non
2823 3432 3092 3488 sufﬁceret
3123 3434 3189 3488 ad
3224 3445 3411 3489 osten-

1813 3519 2041 3573 dendam
2073 3522 2446 3589 cognationem
2481 3531 2535 3577 et
2567 3526 3015 3594 propinquitatem
3040 3568 3054 3590 ,
3089 3528 3214 3596 quid
3244 3528 3411 3583 dicit?

1815 3610 2096 3666 Plenitudo
2116 3611 2313 3667 Christi
2344 3615 2605 3669 Ecclesia.
2636 3617 2921 3672 Plenitudo
2947 3620 3089 3674 enim
3116 3624 3305 3691 capitis
3328 3633 3412 3676 est

1812 3717 2037 3773 Corpus,
2087 3706 2362 3774 plenitudo
2409 3710 2653 3775 corporis
2696 3691 3043 3776 caput..Vide
3085 3730 3191 3781 quo
3220 3715 3410 3767 ordino

1814 3809 1940 3849 usus
1974 3795 2045 3849 sit
2087 3796 2285 3849 Paulus
2309 3838 2324 3863 ,
2352 3808 2405 3852 et
2444 3799 2716 3867 quomodo
2746 3803 2875 3855 nulli
2915 3803 3077 3856 verbo
3105 3814 3287 3873 pareat
3309 3847 3324 3867 ,
3353 3816 3411 3861 ut

1776 3932 1779 3941 κ
1815 3883 1907 3939 Dei
1948 3887 2192 3940 ostendat
2239 3888 2485 3957 gloriam.
2535 3888 2842 3955 Plenitudo,
2885 3892 3052 3961 inquit
3078 3910 3094 3958 ;
3120 3895 3247 3948 illud
3289 3906 3405 3962 est,

1815 3987 1999 4046 utpote
2040 3990 2200 4047 caput
2238 3980 2487 4049 impletur
2512 3997 2540 4034 a
2569 3998 2796 4050 corpore
2830 4002 2840 4035 :
2875 4000 2995 4038 nam
3042 4001 3236 4054 corpus
3275 4004 3406 4041 con-

1810 4067 1951 4121 sistit
1980 4084 2073 4137 per
2099 4071 2337 4123 membra
2369 4072 2570 4132 omnia.
2602 4082 2655 4125 et
2686 4074 2908 4142 singulis
2934 4092 3066 4143 opus
3099 4076 3278 4133 habet.
3317 4079 3405 4132 Vi-

1810 4157 1878 4211 de
1908 4158 2177 4226 quomodo
2207 4159 2353 4213 illum
2385 4162 2633 4215 omnibus
2673 4178 2808 4229 epus
2846 4164 3129 4220 habentem
3166 4168 3403 4223 inducat.

1813 4250 2020 4304 Etenim
2049 4251 2092 4303 si
2126 4266 2231 4305 non
2257 4252 2428 4307 simus
2456 4254 2603 4309 multi
2628 4296 2642 4319 ,
2673 4264 2727 4309 et
2754 4271 2859 4309 non
2903 4258 2972 4311 sit
3010 4259 3147 4314 alius
3175 4276 3364 4316 manus
3385 4304 3401 4329 ,

1810 4344 1947 4398 alius
1975 4359 2106 4399 vero
2134 4358 2227 4413 pes
2248 4386 2263 4409 ,
2294 4346 2431 4400 alius
2462 4345 2636 4416 aliqua
2666 4347 2770 4402 alia
2814 4364 2935 4416 pars
2955 4391 2970 4415 ,
3009 4366 3114 4404 non
3156 4352 3406 4422 impletur

1812 4442 1978 4487 totum
2005 4448 2223 4503 corpus.
2256 4434 2357 4489 Per
2382 4437 2559 4490 omnia
2598 4454 2729 4508 ergo
2761 4438 3011 4507 impletur
3040 4444 3157 4507 ejus
3186 4459 3401 4514 corpus.

1809 4524 1959 4578 Tunc
1980 4525 2230 4595 impletur
2250 4535 2428 4595 caput,
2456 4536 2581 4581 tunc
2605 4528 2893 4597 perfectum
2920 4530 2978 4585 ﬁt
3001 4548 3216 4603 corpus,
3236 4553 3407 4606 quan-

1808 4614 1877 4668 do
1905 4630 2092 4670 omnes
2121 4616 2281 4670 simul
2310 4616 2567 4689 interiturus
2596 4620 2866 4689 conjuncti
2896 4632 2948 4677 et
2977 4627 3347 4694 conglutinati.

1878 4711 1932 4764 5.
1971 4711 2153 4766 Vidisti
2184 4713 2393 4768 divitias
2416 4715 2600 4783 gloria:
2626 4714 2981 4773 hereditatis?
3006 4720 3181 4775 vidisti
3213 4739 3407 4791 supcr-

1807 4805 2128 4857 cmint-ntcm
2160 4806 2574 4875 magnitudinem
2600 4807 2809 4861 virtutis
2836 4808 2887 4861 in
2911 4824 3004 4863 eos
3030 4811 3117 4878 qui
3139 4812 3399 4866 credunt?

1771 4894 1980 4947 \titlisti
2012 4911 2164 4964 spem
2192 4898 2525 4951 vocationis?
2557 4898 2920 4979 licvcreamur
2950 4913 3187 4956 nostrum
3218 4916 3399 4975 caput,

1804 4988 2102 5055 cogitemus
2143 4988 2299 5057 cujus
2346 4990 2537 5059 capitis
2580 5007 2765 5047 sumus
2812 5007 3055 5060 corpus,
3092 4995 3191 5049 cui
3218 4999 3395 5051 ttlttnia

1805 5088 1928 5131 sunt
1953 5080 2211 5147 subjecta.
2242 5080 2353 5134 Iloe
2374 5081 2624 5151 exemplo
2648 5097 2745 5135 nos
2769 5084 2929 5137 etiam
2960 5086 3161 5153 angelis
3188 5098 3403 5156 epnrtet

1805 5183 1925 5224 esse
1958 5170 2229 5235 meliores,
2258 5179 2312 5224 et
2340 5172 2675 5241 archangelis
2702 5174 2957 5240 majores,
2988 5187 3043 5228 ut
3071 5178 3157 5245 qui
3189 5178 3250 5231 iis
3276 5195 3394 5233 om-

1806 5262 1959 5315 nibus
1986 5263 2153 5316 simus
2183 5262 2385 5317 honore
2414 5266 2705 5333 praepositi.
2738 5265 2859 5320 Non
2888 5258 3093 5337 anyelos
3112 5273 3397 5339 appro/ien-

1804 5353 1879 5407 dit
1912 5354 2111 5425 (Hebr.
2142 5356 2234 5409 21.
2265 5356 2338 5427 6)
2370 5357 2506 5410 Deus
2529 5398 2544 5419 ,
2587 5358 2725 5411 sicut
2764 5358 2889 5419 dicit
2924 5361 3168 5417 scribens
3192 5362 3257 5414 ad
3289 5362 3395 5415 lle-

1804 5444 1979 5499 brzcos
2004 5488 2019 5508 ,
2048 5444 2135 5499 sed
2160 5462 2327 5498 semen
2370 5446 2585 5499 Abrahae
2612 5463 2627 5501 :
2660 5463 2766 5500 non
2800 5450 3149 5518 principatum
3175 5491 3192 5517 ,
3219 5466 3403 5521 neque

1806 5545 2141 5605 potestatem.
2174 5552 2347 5605 neque
2376 5537 2820 5603 dominationem,
2849 5555 3022 5607 neque
3046 5540 3205 5593 ullam
3233 5542 3395 5594 aliam

1804 5627 2088 5690 virtutem;
2116 5626 2210 5681 sed
2245 5635 2479 5679 nostram
2522 5637 2767 5681 naturam
2806 5630 3191 5697 apprehendit.
3218 5643 3271 5685 et
3298 5647 3392 5685 su-

1805 5733 1897 5787 pra
1937 5718 2127 5773 sederc
2164 5718 2342 5787 jussit.
2374 5720 2440 5773 Et
2464 5720 2589 5788 quid
2621 5721 2740 5774 dico
2760 5762 2774 5784 ,
2801 5722 2991 5778 sedere
3014 5722 3214 5793 jussit?
3238 5740 3392 5778 suum

1810 5812 1931 5865 fecit
1963 5810 2375 5878 vestimentum,
2418 5826 2515 5866 nec
2556 5812 2604 5865 id
2638 5812 2811 5868 solum
2836 5854 2849 5879 ,
2883 5813 2975 5868 sed
3016 5814 3130 5884 ejus
3170 5816 3399 5885 pedibus
