4108 6312
629 441 694 494 ‘27
1341 434 1397 489 S.
1436 429 1711 488 JO.-\NNIS
1746 423 2214 485 CllfiYSOSTOMI
2252 421 2572 479 ARCIIIEP.
2611 421 3142 482 CONSTANTINOP.
3836 430 3909 489 28

630 550 860 620 subjecit
899 549 1098 602 otnnia.
1139 546 1306 614 Quam
1349 548 1541 599 multas
1567 544 1645 598 vis
1672 552 1872 598 mortes
1899 555 2128 611 ponere,
2158 546 2214 592 et

630 658 789 713 quam
839 642 1029 695 multas
1075 640 1314 701 animas,
1343 635 1592 695 (ieciCSue
1638 634 1817 698 mille,
1846 644 1898 688 et
1940 633 2021 685 his
2059 631 2214 697 longe

634 731 856 801 plures?
885 730 988 785 Sed
1033 729 1166 783 nihil
1208 728 1354 784 dices
1380 726 1519 796 quo'l
1566 728 1629 780 sil
1671 726 1719 780 ei
1756 723 2212 794 teqniparandum.

637 826 749 878 Itan
776 826 915 879 enim
952 825 1075 877 fecit
1106 823 1334 874 maxima
1371 839 1382 874 :
1417 831 1469 875 ct
1512 821 1623 888 ipse
1662 819 1726 873 ad
1774 833 2034 871 summam
2071 815 2216 869 venit

636 913 1008 978 luunilitatem,
1038 923 1092 967 et
1122 911 1388 986 luuninem
1419 911 1631 964 sustulit
1665 909 1730 962 atl
1764 924 2005 977 magnam
2036 907 2214 959 altitu-

632 1009 835 1060 (iiut-III.
867 1005 1008 1059 Dixit
1041 1005 1166 1058 illttd
1201 1005 1450 1073 primum,
1479 1001 1617 1071 quod
1649 1016 1707 1055 se
1735 1000 1871 1053 adeo
1900 998 2217 1052 humiliave-

636 1099 703 1150 rit
735 1115 748 1154 :
774 1097 898 1149 dicit
929 1097 1027 1149 hoc
1052 1095 1254 1148 firmius
1279 1103 1330 1145 et
1356 1092 1601 1155 solidius,
1627 1090 1675 1145 id
1697 1090 1837 1160 quod
1861 1097 1943 1142 est
1969 1101 2214 1157 magnum

635 1200 691 1243 ct
734 1204 941 1243 summa
984 1202 1185 1242 rerum.
1221 1186 1376 1254 Atqui
1417 1185 1461 1238 si
1506 1184 1655 1238 nullo
1697 1184 1896 1252 dignati
1940 1195 2215 1242 essemus,

637 1275 971 1342 suffecisset;
1001 1277 1086 1333 vel
1113 1277 1273 1332 etiam
1311 1278 1408 1330 hoc
1434 1277 1475 1328 si
1505 1275 1704 1345 dignati
1734 1288 1994 1337 essemus,
2018 1271 2220 1339 absque

639 1387 726 1435 eo,
749 1369 891 1441 quod
918 1378 1061 1424 esset
1085 1377 1362 1429 mactatus,
1396 1367 1691 1420 suffecisset
1717 1383 1731 1420 :
1758 1381 1877 1418 cum
1904 1376 2078 1417 autem
2109 1364 2221 1416 lucc,

639 1463 746 1515 duo
774 1464 902 1524 sint,
935 1476 1090 1530 quam
1120 1459 1329 1514 dicendi
1360 1459 1659 1513 facultatem
1695 1475 1798 1511 non
1839 1457 2021 1511 vicerit
2048 1466 2113 1509 eL
2127 1471 2221 1505 sn-

642 1552 949 1623 peraverit?
988 1550 1102 1605 Non
1144 1566 1330 1620 magna
1373 1566 1459 1604 res
1502 1539 1584 1606 est
1628 1549 1981 1612 resurrectio,
2009 1546 2221 1616 quando

646 1644 761 1697 hate
792 1654 997 1712 reputo.
1035 1642 1105 1698 De
1145 1641 1247 1696 hoc
1285 1642 1447 1705 dicit,
1490 1641 1625 1695 Deus
1666 1639 1872 1693 Domini
1908 1638 2065 1693 nostri
2097 1635 2221 1689 Jrstt

643 1737 849 1799 Clu-ian}
881 1752 984 1789 non
1015 1735 1082 1789 de
1113 1736 1219 1789 Deo
1244 1735 1438 1791 Verbo.
1473 1736 1831 1789 Revereamur
1855 1733 2222 1803 propinquita-

645 1838 751 1882 te.u
796 1827 1159 1897 cognationis,
1204 1827 1483 1881 timeamus
1503 1841 1570 1880 ne
1592 1827 1711 1895 quis
1766 1824 2112 1878 abscindatur
2159 1822 2225 1876 ab

649 1920 751 1973 huc
776 1934 1020 1985 corpore,
1054 1934 1118 1971 uc
1146 1918 1264 1986 quis
1295 1916 1524 1977 excidat,
1556 1931 1622 1970 ne
1651 1914 1769 1986 quis
1797 1922 2050 1983 appareat
2086 1913 2225 1966 indi-

647 2023 802 2077 guus.
833 2007 889 2061 Si
917 2007 1176 2077 quiSpiam
1210 2006 1451 2060 diadema
1495 2015 1678 2059 nostro
1706 2004 2015 2073 imposuerit
2045 2002 2225 2071 capiti,

648 2103 975 2154 si-coronam
1003 2114 1240 2159 auream,
1269 2114 1443 2151 annon
1475 2097 1648 2150 omnia
1679 2096 1979 2169 fecerimus,
2002 2104 2058 2148 ut
2084 2093 2227 2163 digni

647 2193 924 2244 videamur
966 2189 1216 2243 inanimis
1263 2188 1565 2257 lapidibus?
1604 2188 1753 2242 Nunc
1788 2196 1964 2240 autem
2004 2200 2108 2239 non
2147 2192 2230 2237 est

650 2294 835 2337 nostro
859 2283 1017 2351 capiti
1048 2282 1354 2349 impositum
1380 2280 1646 2345 diadema,
1679 2279 1771 2334 sed
1802 2286 1955 2347 caput
1990 2286 2228 2330 nostrum

653 2377 821 2429 factus
847 2386 928 2428 est
957 2372 1203 2428 Christus
1228 2413 1241 2436 ,
1271 2372 1408 2441 quod
1438 2380 1529 2444 est
1566 2371 1736 2435 majus
1761 2411 1774 2431 .
1805 2379 1858 2424 et
1892 2368 2004 2438 ejus
2033 2368 2228 2421 nullam

655 2466 909 2519 habt-tuus
934 2466 1212 2518 rationem.
1235 2463 1336 2517 Sed
1359 2462 1530 2531 angeli
1552 2462 1762 2530 quidem
1788 2461 1957 2529 ipsum
1983 2474 2232 2512 reveren-

654 2566 741 2608 tur
764 2565 812 2607 et
841 2553 1144 2621 archangeli
1177 2563 1229 2606 et
1260 2567 1445 2605 omnes
1477 2551 1580 2604 illa:
1608 2550 1840 2604 Virtutes
1868 2566 1881 2602 :
1910 2564 2007 2601 nos
2030 2556 2229 2612 autem,
2260 2601 2265 2604 ,

654 2661 775 2699 cum
814 2647 973 2699 etiam
1004 2645 1119 2712 ejus
1146 2658 1340 2711 corpus
1375 2643 1543 2694 simus
1567 2681 1582 2703 ,
1619 2654 1793 2709 neque
1833 2647 2051 2708 prepter
2092 2639 2191 2690 hoc
2214 2675 2230 2703 ,

657 2752 827 2805 neque
877 2745 1092 2804 propter
1139 2736 1265 2788 illud
1313 2718 1718 2787 reverebimui‘?
1756 2740 1809 2785 et
1847 2743 2092 2800 quamam
2134 2729 2232 2780 erit

644 2842 779 2896 -Spes
810 2836 1004 2878 nostra:
1034 2825 1221 2878 salutis
1241 2824 1263 2876 ’ἒ

732 2917 894 2986 Regni
932 2918 1170 2969 «ciorum
1217 2914 1420 2967 otttt'sst'o
1449 2915 1609 2982 pejor
1653 2911 1898 2981 geltemta.
1941 2938 2011 2948 ——
2051 2906 2234 2976 Cogita

660 3006 906 3060 thronum
930 3006 1153 3074 regium.
1180 3005 1350 3072 cogita
1377 3018 1642 3058 summum
1668 3002 1921 3054 honorem
1949 3016 1961 3049 :
1988 2998 2090 3052 hoc
2117 3012 2233 3061 nos,

657 3097 702 3149 si
728 3097 950 3149 relitmts
971 3138 983 3158 ,
1014 3096 1182 3164 magis
1207 3110 1303 3147 nos
1334 3093 1525 3161 poterit
1555 3102 1757 3145 terrere
1784 3104 1941 3158 quam
1969 3087 2209 3157 gehenna
2229 3132 2240 3144 ,

659 3188 791 3242 Nam
835 3188 877 3239 si
926 3201 1029 3240 non
1074 3196 1214 3239 esset
1258 3185 1536 3261 gehenna,
1584 3190 1732 3235 tanto
1779 3181 1979 3233 honore
2020 3177 2239 3231 affectus

662 3280 904 3333 inventos
936 3294 1053 3332 es-e
1094 3276 1333 3345 indignos
1363 3284 1415 3327 et
1447 3273 1615 3326 malos
1641 3315 1654 3337 ,
1687 3287 1844 3341 quam
1882 3285 1984 3323 non
2016 3267 2239 3322 haberet

661 3385 871 3440 plenam
895 3412 909 3433 ,
941 3368 1078 3437 quod
1124 3382 1227 3420 non
1274 3364 1630 3435 supplicium?
1658 3363 1838 3430 Cogita
1884 3374 2046 3428 prope
2078 3373 2237 3428 quem

661 3461 846 3514 Sedeat
875 3470 1021 3513 tuum
1060 3466 1255 3526 caput;
1290 3458 1390 3510 huc
1430 3456 1600 3508 solum
1634 3453 1697 3506 ad
1727 3452 2031 3507 universum
2074 3452 2238 3503 sulfe-

661 3550 834 3614 c'rrit;
880 3550 945 3603 ad
990 3549 1140 3618 cujus
1175 3547 1358 3601 sedeat
1389 3545 1684 3600 dexteram.
1716 3541 1820 3596 Sed
1866 3541 1993 3594 illud
2025 3540 2238 3608 quidem

661 3657 822 3711 super
854 3658 1066 3696 omnem
1100 3640 1449 3709 principatum
1474 3678 1486 3700 ,
1523 3643 1836 3706 potestatem
1866 3643 1922 3688 et
1950 3635 2196 3687 virtutem
2223 3650 2237 3697 ;

662 3734 778 3803 ejus
808 3744 983 3786 autem
1015 3746 1209 3800 corpus
1247 3729 1588 3784 ennculcatnr
1626 3726 1784 3779 etiam
1814 3740 1840 3777 a
1870 3724 2241 3778 themonibus?

663 3826 767 3880 Sed
800 3827 936 3879 absit
967 3844 979 3878 :
1010 3825 1053 3879 si
1084 3839 1208 3878 vero
1235 3823 1331 3884 sit,
1369 3823 1467 3874 hoc
1509 3835 1613 3874 non
1640 3819 1825 3873 'fuerit
1867 3818 2093 3887 amplius
2122 3833 2243 3872 cor-

664 3933 781 3985 pus.
813 3918 981 3987 Caput
1009 3927 1154 3969 tuutn
1187 3923 1508 3968 venerantur
1535 3913 1672 3966 servi
1706 3911 1860 3981 frugi,
1890 3921 1941 3965 et
1969 3909 2058 3989 qui
2090 3911 2241 3964 bona:

665 4019 784 4061 sunt
808 4006 1249 4064 existimationis;
1278 4013 1329 4057 et
1351 4018 1543 4070 corpus
1570 4002 1785 4070 sultjicis
1809 4003 1871 4055 iis
1894 4001 1981 4072 qui
2007 4001 2242 4056 offende-

664 4101 822 4153 tunt?
852 4114 1090 4169 quonon
1127 4098 1317 4165 dignus
1355 4096 1461 4149 eris
1506 4095 1806 4164 supplicio?
1832 4093 1886 4149 Si
1925 4094 2042 4163 quis
2081 4094 2241 4162 pedes

666 4191 807 4259 regis
856 4189 1053 4257 pedicis
1094 4188 1275 4256 alliget
1301 4194 1353 4240 et
1384 4187 1434 4238 in
1469 4185 1753 4253 compedes
1793 4185 1993 4253 iujiciat
2016 4226 2030 4250 ,
2063 4199 2239 4238 annon

665 4282 772 4334 erit
796 4280 1059 4334 obnoxius
1098 4286 1338 4331 extremo
1379 4275 1676 4343 supplicio?
1715 4275 1791 4328 Tu
1840 4283 2008 4327 totum
2048 4289 2242 4342 corpus

664 4372 849 4437 ubjieis
880 4370 1005 4424 feris
1032 4368 1369 4429 immanibus,
1397 4376 1447 4417 et
1477 4381 1579 4418 non
1608 4364 1832 4419 horres?
1859 4364 1961 4418 Sed
1991 4366 2241 4433 quoniam

664 4465 839 4531 agitur
866 4461 932 4515 de
962 4473 1198 4528 corpore
1216 4457 1444 4518 Domini,
1470 4471 1565 4524 age
1596 4457 1733 4508 illius
1754 4456 1909 4509 etiam
1942 4456 2245 4510 memineri-

677 4570 793 4606 mus
815 4594 829 4617 ,
862 4553 1002 4620 quod
1050 4552 1098 4603 in
1131 4565 1342 4603 crucem
1375 4550 1471 4602 fuit
1505 4558 1678 4602 actum
1701 4590 1714 4612 ,
1745 4549 1882 4616 quod
1920 4548 2083 4603 clavis
2109 4563 2239 4602 cou-

671 4650 854 4703 litum.
889 4654 944 4698 et
980 4643 1328 4698 saCrificatur.
1349 4643 1400 4697 Si
1444 4657 1503 4696 cs
1541 4643 1736 4701 Christi
1760 4657 1970 4711 eurpus,
2005 4642 2083 4696 fer
2118 4659 2243 4713 cru-

668 4755 813 4799 eoin;
863 4754 982 4790 nam
1028 4737 1117 4789 illc.
1156 4751 1367 4805 quoque
1411 4736 1573 4788 tulit:
1614 4735 1691 4787 fer
1748 4745 1933 4803 sputa,
1968 4733 2048 4787 fur
2101 4736 2243 4789 cola-

670 4831 834 4896 phus,
893 4827 973 4880 fur
1024 4828 1203 4881 clavus
1276 4827 1405 4880 Tale
1444 4834 1558 4879 erat
1622 4826 1748 4879 illud
1793 4841 2005 4892 corpus.
2038 4824 2244 4894 Corpus

668 4919 797 4971 illud
844 4917 1183 4983 impcccabile
1226 4925 1336 4969 erat
1371 4933 1382 4968 :
1415 4914 1685 4981 Peccatum
1742 4931 1841 4966 nou
1872 4915 2008 4979 fecit,
2054 4932 2141 4968 nec
2175 4928 2268 4968 est.

667 5012 895 5061 iui-cutus
926 5009 1071 5059 dolus
1104 5009 1154 5059 iu
1195 5023 1283 5059 ore
1318 5008 1426 5075 ejus
1455 5005 1616 5073 (luti.
1649 5007 1736 5060 55.
1771 5006 1837 5073 9)
1870 5024 1881 5058 :
1917 5020 2103 5058 manus
2132 5007 2246 5076 ejus

668 5100 844 5152 omnia
876 5098 1099 5165 agulttutt
1130 5097 1192 5150 ad
1228 5098 1657 5149 bcnohxeieu-Amn
1692 5097 1754 5149 iis
1780 5096 1865 5165 qui
1893 5097 2115 5164 egebant
2145 5114 2156 5148 :
2186 5113 2246 5149 os

668 5190 784 5255 ejus
825 5188 955 5240 nihil
994 5188 1172 5242 emisit
1213 5188 1348 5256 quod
1392 5204 1496 5241 non
1524 5175 1738 5240 deceret
1770 5205 1783 5239 :
1813 5187 2044 5252 audivit,
2078 5186 2246 5241 Ilubes

668 5279 970 5331 datmouimu
1002 5278 1193 5349 (Joutt.
1232 5281 1283 5331 7.
1322 5279 1452 5346 9.0),
1488 5289 1546 5333 ‘el
1586 5277 1716 5330 nihil
1761 5277 1989 5340 dict-hat.
2019 5278 2149 5344 Quia
2179 5277 2248 5332 de

670 5386 894 5438 corpore
923 5388 949 5422 a
984 5373 1135 5424 nobis
1178 5372 1379 5441 agitur,
1415 5371 1734 5438 quicumque
1777 5369 2019 5436 corporis
2060 5383 2246 5421 smnus

671 5464 980 5530 participes,
1014 5464 1334 5531 quicumque
1363 5472 1637 5528 gustamus
1667 5460 2011 5526 sanguinem,
2043 5461 2245 5528 cogite-

672 5571 788 5606 mus
823 5555 960 5622 quod
1008 5556 1146 5607 illius
1194 5555 1475 5621 participes
1516 5552 1712 5611 simus,
1749 5552 1836 5620 qui
1879 5550 2006 5603 nihil
2049 5551 2114 5602 ab
2157 5551 2245 5604 illo

667 5645 865 5707 ttéti‘ert,
892 5645 978 5713 qui
1020 5659 1178 5713 Supra
1211 5641 1383 5703 sédet,
1417 5643 1504 5711 qui
1532 5644 1784 5695 adorator
1811 5642 1875 5694 ab
1905 5642 2127 5709 augt-lis,
2157 5642 2243 5711 qui

665 5736 858 5789 assidet
893 5751 1055 5806 pmpe
1084 5737 1230 5790 illam
1263 5737 1625 5803 incorruptam
1655 5732 1912 5787 Virtutem
1943 5748 1956 5786 :
1983 5733 2119 5785 luntc
2146 5748 2242 5799 gu-

664 5839 882 5880 stnnas.
921 5829 1014 5882 llei
1058 5825 1187 5881 mihi
1225 5839 1388 5897 quam
1435 5825 1615 5879 multa:
1647 5825 1742 5878 vite
1785 5824 1934 5878 nobis
1970 5822 2240 5894 pateatad

2322 537 2586 594 salutem!
2619 538 2727 594 Nos
2763 555 2957 610 corpus
2982 557 3137 598 suum
3168 543 3310 611 fecit,
3343 560 3495 601 suum
3524 561 3719 618 corpus
3750 549 3908 603 uoltis

2319 630 2595 700 impertiit,
2626 640 2681 685 et
2710 632 2838 686 nihil
2871 632 3062 689 horum
3092 651 3192 689 nos
3218 640 3406 692 avertit
3433 654 3476 693 a'
3490 640 3663 694 malis.
3686 639 3733 695 0
3755 650 3909 694 tcue~

2319 720 2443 775 bras
2468 762 2483 785 ,
2511 736 2544 776 0
2588 721 2907 790 profundum
2946 726 3195 795 abyssum
3221 768 3236 793 ,
3264 742 3298 781 ο
3325 720 3599 797 stuporem
3629 739 3685 785 et
3714 744 3909 784 sensus

2320 804 2644 878 egestatem!
2679 812 2806 877 Qua:
2833 831 3033 868 sursum
3072 826 3187 869 sunt
3206 858 3221 878 .
3255 818 3456 888 inquit,
3484 822 3677 890 sapite,
3709 821 3797 874 ubi
3836 831 3908 874 est

2321 900 2550 956 Christus
2579 903 2647 955 ad
2676 904 2932 958 dexteram
2972 905 3064 960 Dei
3090 909 3265 962 sedens
3295 910 3522 980 (Coloss.
3552 914 3603 966 5.
3633 912 3687 965 2.
3723 914 3744 965 l
3770 912 3788 975 )
3811 923 3911 971 :-t-t

2322 1002 2440 1061 post
2477 992 2593 1049 ba-c
2632 994 2842 1063 quidam
2875 996 2943 1051 de
2980 999 3218 1066 pecuniis
3258 1009 3380 1055 sunt
3413 1002 3659 1066 solliciti,
3691 983 3781 1057 alii
3822 1020 3910 1057 ea-

2322 1082 2540 1152 piuntur
2566 1084 2634 1139 ab
2662 1086 2824 1140 animi
2861 1089 3369 1156 perturbationibus.
3448 1097 3454 1104 '

2393 1175 2447 1228 4.
2480 1174 2593 1229 Non
2627 1176 2819 1233 videtis
2846 1179 2987 1247 quod
3020 1180 3070 1233 in
3102 1191 3285 1235 nostro
3313 1195 3525 1253 quoque
3552 1199 3783 1253 corpore
3811 1183 3911 1237 ab-

2323 1256 2635 1321 scinduntur
2662 1277 2718 1323 ct
2749 1280 3090 1339 amputantur
3114 1289 3460 1345 qua‘cumque
3496 1285 3621 1331 sunt
3649 1291 3910 1347 superva-

2324 1371 2487 1411 canea
2515 1369 2568 1412 et
2599 1360 2910 1416 inutilia?et
2931 1363 3132 1417 nullum
3156 1364 3359 1419 lucrum
3388 1367 3630 1421 attulerit
3653 1367 3703 1421 id
3721 1384 3839 1433 eor;
3859 1383 3911 1421 o-

2327 1451 2368 1504 ri
2392 1491 2406 1515 ,
2432 1452 2645 1522 quando
2672 1453 2830 1513 fuerit
2864 1457 3184 1519 mutilatum.
3208 1460 3418 1527 quando
3439 1470 3612 1514 morte
3629 1461 3911 1526 affectum,

2326 1545 2539 1611 quando
2577 1547 2964 1614 putrefactum,
2993 1550 3204 1619 quando
3238 1553 3396 1605 etiam
3436 1553 3739 1621 corruperit
3783 1552 3911 1605 reli-

2326 1637 2525 1703 quum?
2564 1636 2642 1691 Ne
2683 1653 2810 1706 ergo
2851 1640 3223 1704 ettnfidantus,
3258 1643 3398 1711 quod
3440 1644 3602 1697 semel
3655 1644 3913 1697 fuerimus

2329 1726 2589 1792 corporis.
2637 1727 2690 1781 Si
2737 1739 2911 1783 autem
2961 1731 3061 1785 hoc
3106 1747 3303 1800 corpus
3348 1732 3467 1787 eum
3514 1735 3583 1788 sit
3628 1737 3912 1795 naturale,

2332 1826 2506 1874 tamen
2538 1820 2868 1877 abscinditur
2899 1841 2911 1875 :
2945 1824 2987 1877 si
3019 1840 3121 1878 non
3155 1834 3366 1880 maneat
3399 1827 3589 1881 stabile
3614 1836 3664 1881 et
3699 1827 3913 1881 lirntttm

2330 1912 2491 1965 animi
2516 1902 2865 1970 institutum.
2896 1901 3019 1985 quid
3051 1934 3154 1971 non
3195 1934 3354 1984 grave
3397 1920 3658 1987 patietur?
3687 1920 3917 1988 Quando

2333 2016 2436 2055 non
2471 2002 2625 2058 fuerit
2654 2020 2849 2074 corpus
2889 2006 3045 2075 hujus
3085 2009 3319 2062 alimenti
3370 2010 3668 2078 particeps,
3701 2010 3918 2080 quando

2332 2093 2610 2150 obstructi
2630 2097 2827 2151 fuerint
2868 2099 2980 2167 pori
3002 2141 3016 2163 ,
3047 2109 3169 2154 tunc
3198 2115 3370 2155 morte
3396 2102 3629 2156 afficitur
3656 2120 3670 2156 :
3703 2103 3919 2171 quando

2332 2184 2562 2240 oltttlt‘ali
2592 2197 2798 2242 meatus
2823 2199 2874 2243 et
2903 2190 3093 2244 fistula:
3119 2232 3131 2252 ,
3164 2202 3287 2245 luuc
3320 2194 3374 2245 fit
3415 2210 3681 2247 mancum.
3715 2193 3788 2247 Ιιει
3820 2209 3919 2245 nos

2334 2292 2544 2343 quoque
2565 2279 2774 2346 quando
2796 2295 2952 2335 aures
2969 2282 3414 2347 nbturaverimus,
3436 2298 3621 2337 manca
3645 2298 3709 2337 ac
3731 2292 3850 2337 tnut
3872 2284 3920 2337 la

2335 2376 2513 2419 nostra
2554 2366 2612 2420 lit
2650 2369 2824 2423 anima
2869 2389 2881 2423 :
2924 2372 3137 2440 quando
3180 2387 3284 2426 non
3335 2374 3587 2427 fuerimus
3632 2374 3922 2441 participes

2335 2460 2569 2513 alimenti
2616 2462 2907 2530 spiritualis
2928 2504 2942 2527 ,
2974 2464 3189 2532 quando
3214 2474 3586 2533 corrupturum
3630 2464 3921 2517 humorum

2339 2551 2628 2616 pravitates
2670 2567 2858 2605 noxam
2892 2554 3045 2607 nobis
3080 2554 3385 2619 attulerint,
3418 2540 3531 2608 hinc
3560 2555 3737 2608 omnia
3778 2570 3926 2617 mor-

2333 2642 2460 2695 bum
2506 2642 2756 2711 pariunt,
2785 2645 3026 2698 morbum
3063 2660 3274 2713 gravem
3298 2687 3313 2709 ,
3348 2645 3589 2699 n‘torbum
3622 2647 3709 2715 qui
3745 2646 3924 2700 tabem

2337 2730 2489 2784 affert
2514 2742 2567 2785 et
2596 2735 3055 2802 consmuptiouem
3089 2750 3101 2784 :
3132 2735 3273 2789 etde
3298 2745 3494 2789 cmtcro
3523 2734 3613 2788 illo
3640 2737 3761 2803 igne
3788 2749 3927 2802 opus

2339 2819 2597 2884 habebit,
2641 2832 2730 2874 aut
2775 2838 2908 2891 opus
2954 2823 3171 2877 habebit
3206 2837 3261 2877 ut
3299 2824 3586 2878 dividatur.
3629 2826 3743 2879 Non
3779 2826 3925 2878 enim

2340 2911 2537 2977 patitur
2565 2911 2806 2966 Christus
2850 2928 2970 2966 cum
3015 2914 3103 2966 tali
3147 2929 3375 2983 corpore
3412 2914 3615 2983 ingredi
3651 2915 3702 2967 in
3747 2914 3929 2968 thala-
4006 2972 4012 2981 ι

2341 3017 2507 3054 mum.
2549 3001 2605 3055 Si
2647 3017 2774 3056 eum
2815 3005 3034 3058 abduxit
3073 3013 3126 3058 ct
3164 3005 3364 3073 expulit
3400 3006 3487 3075 qui
3525 3004 3739 3058 sordida
3778 3013 3933 3074 veste

2342 3099 2459 3163 erat
2488 3091 2702 3145 indutus
2726 3110 2740 3157 ;
2768 3093 2818 3147 ei
2845 3094 2932 3161 qui
2960 3096 3171 3163 Corpori
3209 3095 3395 3149 sordes
3433 3095 3769 3156 adhibuerit,
3801 3093 3932 3163 qttid

2341 3199 2447 3236 non
2489 3184 2663 3246 faciet,
2691 3185 2959 3255 quomodo
2990 3202 3092 3238 non
3125 3202 3245 3239 cum
3275 3186 3516 3240 afficiet?

2414 3274 2604 3329 Clu-isti
2642 3292 2824 3345 corpus
2866 3278 3115 3346 quomodo
3159 3277 3491 3341 sumendum,
3523 3276 3704 3344 quibus
3749 3276 3933 3336 diebus

2343 3367 2411 3417 ad
2435 3366 2487 3417 id
2516 3366 2862 3419 arcedebatur.
2898 3397 2965 3407 ——
2994 3367 3186 3421 Multos
3225 3368 3379 3421 viden
3423 3369 3511 3438 qui
3554 3368 3754 3422 Christi
3801 3384 3931 3422 cor-
4016 3396 4025 3405 ο

2346 3455 2489 3524 poris
2539 3465 2662 3509 sunt
2711 3457 2994 3524 participes
3049 3458 3437 3512 inconsiderate
3482 3468 3544 3511 et-
3588 3467 3832 3523 temere,
3883 3469 3937 3510 et

2345 3545 2513 3613 magis
2557 3561 2624 3599 ex
2664 3546 3052 3601 consuetudine
3092 3557 3145 3602 et
3185 3563 3250 3603 ex
3296 3550 3626 3617 praescripto,
3669 3564 3837 3618 quam
3870 3564 3940 3603 ex

2345 3636 2664 3704 Cogitatiouc
2692 3646 2747 3691 et
2773 3638 3223 3693 consideratione.
3274 3640 3327 3694 Si
3376 3626 3687 3705 advenerit,
3722 3641 3938 3709 inquit,

2347 3736 2554 3794 tempus
2598 3740 2796 3781 sancta:
2841 3728 3273 3797 Quadragesimre
3293 3771 3308 3795 ,
3335 3731 3738 3800 qualiscumque
3770 3730 3942 3785 fuerit

2345 3818 2626 3887 quispiam,
2672 3818 2726 3870 fit
2758 3819 3023 3887 particeps
3050 3831 3531 3883 sacramentorum,
3555 3822 3608 3874 si
3647 3822 3943 3875 advenerit

2347 3909 2460 3962 dies
2485 3907 2900 3975 l‘lpiphauiorum
2930 3910 3025 3979 (tt).
3053 3911 3212 3978 Atqui
3247 3911 3371 3965 illud
3405 3920 3613 3980 tempus
3636 3912 3940 3967 accedendi

2348 4014 2451 4051 non
2481 4008 2563 4051 est
2596 4015 2609 4051 :
2641 4014 2746 4051 non
2784 3999 3074 4067 lipiphauia
3097 4042 3110 4065 ,
3154 4016 3325 4070 neque
3359 4002 3776 4070 Quadragesima
3816 4003 3947 4056 fat-it

2347 4090 2534 4159 dignm
2578 4091 2665 4159 qtti
2707 4092 2997 4155 accedant,
3030 4093 3124 4146 sed
3153 4094 3345 4163 animm
3374 4095 3656 4148 sinceritas
3694 4104 3746 4149 et
3792 4097 3947 4165 puri-

2350 4193 2449 4234 tas.
2490 4180 2622 4234 Cum
2672 4198 2730 4234 ea
2755 4197 2968 4250 semper
2997 4184 3215 4244 accede.
3243 4184 3443 4251 absque
3472 4185 3582 4252 ipsa
3618 4202 3944 4256 numquam.

2352 4271 2557 4336 Quoties
2598 4272 2750 4334 enim,
2794 4271 2984 4341 inquit,
3015 4273 3108 4325 Ito‘c
3132 4274 3320 4344 facilis,
3354 4285 3563 4328 mortem
3597 4274 3811 4330 Domini
3844 4297 3946 4332 uu-

2350 4364 2593 4417 uuutiutis
2624 4364 2695 4431 (l.
2730 4362 2846 4418 Cor.
2880 4366 2966 4419 ll.
2998 4364 3111 4433 9.6).
3144 4365 3256 4419 Hoc
3285 4375 3386 4427 cst,
3418 4366 3470 4418 in
3500 4369 3822 4422 memoriam
3862 4387 3949 4422 re-

2349 4454 2551 4507 Vecatis
2582 4462 2811 4505 vestram
2836 4455 3061 4508 salutem
3085 4496 3099 4516 ,
3143 4470 3318 4508 meum
3352 4455 3690 4509 beurlicium.
3745 4456 3945 4526 Cogita

2304 4592 2307 4595 η
2350 4546 2437 4615 qui
2470 4544 2663 4596 veteris
2699 4544 2980 4611 participes
3006 4553 3159 4597 erant
3183 4544 3448 4602 sacrificii.
3480 4557 3676 4613 quanta
3708 4549 3948 4602 uteban-

2353 4645 2437 4687 tur
2482 4633 2784 4700 frugalitate
2829 4641 2883 4686 et
2923 4633 3242 4687 abstinentia
3288 4651 3301 4684 :
3344 4633 3470 4702 quid
3515 4636 3973 4706 nonagebant?

2350 4725 2474 4793 quid
2504 4738 2607 4776 non
2640 4722 2942 4777 faciebant?
2975 4723 3217 4792 Undique
3244 4734 3295 4777 et
3320 4728 3541 4790 semper"
3561 4728 3951 4795 cxpmgaban-

2354 4827 2439 4870 tur
2474 4835 2487 4870 :
2521 4826 2573 4868 tu
2620 4825 2798 4869 autem
2846 4815 3109 4869 accedens
3153 4815 3218 4868 ad
3267 4803 3587 4868 sacrificium
3645 4818 3791 4885 quod
3848 4819 3949 4888 ipsi

2352 4916 2567 4976 stupent
2585 4917 2638 4961 et
2666 4917 2987 4960 venerantur
3013 4906 3207 4974 angeli,
3231 4917 3529 4974 temporum
3564 4908 3809 4976 periodis
3835 4927 3951 4966 rem

2351 5000 2543 5053 delinis
2570 5017 2631 5051 ae
2658 4999 3095 5055 circumscrihis?
3146 4999 3208 5051 lit
3243 4999 3508 5066 quomodo
3553 5002 3726 5055 stabis
3752 4998 3824 5058 ad
3862 5004 3951 5059 tri-

2355 5094 2510 5146 bttnal
2535 5091 2752 5151 Christi,
2797 5091 2883 5158 qui
2928 5091 3142 5158 pollutis
3171 5090 3413 5143 manibus
3444 5099 3496 5143 ct
3520 5091 3689 5146 labris
3718 5095 3784 5150 ad
3820 5112 3953 5151 cor-

2318 5191 2452 5252 pus
2498 5181 2628 5235 illud
2670 5180 2868 5235 audeas
2914 5179 3213 5235 accedere?
3260 5180 3324 5233 Et
3362 5194 3544 5249 regem
3584 5183 3808 5251 quidem
3857 5203 3954 5242 ore

2418 5341 2489 5401 (η)
2524 5332 2900 5403 Ει.ἱιειιειξιίοωηι
2934 5344 2987 5403 et
3028 5337 3443 5403 j‘lteopltaniorum
3490 5345 3692 5403 tempus
3732 5341 3954 5403 idipsum

2355 5396 2481 5486 crlatl;
2500 5396 2914 5486 let'a'tjttillutsﬂam
2933 5396 3282 5486 Ecciesiail‘icis
3304 5396 3843 5486 acrq-to‘rilats“odii:
3870 5413 3954 5451 δελ.

2355 5472 2395 5486 ..ν
2424 5466 2432 5486 ζ
2483 5463 2492 5473 ⁸
2517 5462 2596 5486 ..εἶμι
2625 5464 2635 5486 ί
2680 5474 2717 5486 ιη
2743 5473 2786 5486 ιιι
2811 5473 2884 5486 uno
2905 5472 3072 5486 uuln-Inui
3100 5473 3144 5486 In
3203 5461 3295 5486 l‘lll:
3339 5475 3362 5486 η
3386 5477 3396 5486 ι
3421 5474 3448 5486 ιι
3494 5469 3618 5486 ηιηίι.
3696 5466 3722 5486 .ζ
3750 5468 3932 5486 ιι.-,--.ζ..

2354 5462 2433 5511 tali
2461 5462 2635 5511 Utriin
2663 5462 2884 5522 habetur;
2905 5472 3074 5507 vermu
3100 5459 3363 5508 iuliomilia
3385 5459 3449 5508 de
3474 5461 3619 5508 beato
3636 5459 3952 5522 l‘hilognnio,

2353 5530 2484 5570 'l‘tttn.
2510 5523 2546 5579 Ι,
2571 5521 2784 5577 (τοικῑδέ,
2810 5521 3173 5582 Cbrysostomus
3190 5522 3493 5582 Epiphaniam
3519 5536 3544 5569 a
3570 5521 3840 5574 Rativitate
3858 5529 3951 5574 αις-

2353 5583 2546 5643 tinguit.
2564 5582 2868 5643 Videturquc
2894 5580 3053 5643 (auten
3079 5580 3208 5628 illaut
3226 5580 3441 5631 ‘aatalem
3469 5583 3644 5631 Christi
3678 5587 3816 5633 diem
3840 5601 3955 5635 esse

2353 5641 2520 5694 dicere
2544 5643 2746 5692 Humilia
2766 5641 2873 5690 I’de
2898 5641 2948 5690 S.
2973 5641 3286 5700 Pentecoste,
3303 5644 3360 5692 'l'.
3390 5643 3451 5701 ll,
3477 5644 3571 5693 col.
3591 5647 3705 5695 45L
3730 5646 3812 5695 De
3842 5647 3956 5701 15m.

2356 5707 2525 5767 jthama
2550 5705 2663 5753 alibi
2687 5716 2882 5766 quoque
2921 5702 3360 5768 It_t_qtt_itur._\'_erum
3387 5718 3443 5753 ea
3479 5706 3545 5768 de.
3568 5720 3625 5755 re
3653 5708 3860 5768 plenius
3883 5702 3955 5757 lo-

2355 5763 2550 5829 quuturi
2575 5763 2743 5829 sumus
2765 5763 2910 5829 'l‘t_)_mo
2935 5763 3140 5829 Xllf,_in
3165 5763 3384 5813 Diatriba
3421 5768 3484 5829 de
3510 5763 3783 5829 Discij'liua
3812 5780 3868 5821 et
3894 5772 3956 5819 de

2356 5824 2786 5877 comitetmliuibus
2803 5824 3156 5875 Eeclesiasticis
3178 5833 3323 5888 temp:
3333 5839 3400 5876 ire
3418 5824 3766 5887 Cbl‘}‘S')Sltttltl.
