4122 6400
669 314 743 373 ὶθ

671 432 988 503 προτέρχης
1029 426 1234 497 Πολλὴν
1272 426 1385 497 ὁρῶ
1415 427 1510 479 τοῦ
1541 428 1867 500 πράγματος
1900 428 1997 499 τὴν
2018 431 2240 498 ἀνωμα-

667 514 809 568 λίαν.
856 514 945 566 Ἐν
975 512 1072 583 μὲν
1103 512 1216 572 τοίς
1243 509 1423 571 ἀλλοις
1457 513 1668 578 καιροῖς
1704 510 1824 563 ούδὲ
1852 511 2083 579 καθαροὶ
2115 510 2243 563 πολ-

667 594 826 658 λάκις
852 595 1002 657 ὄντες
1024 590 1412 664 προσέρχεσθε,
1445 593 1503 644 ὲν
1531 591 1589 644 δὲ
1619 590 1695 661 τῷ
1726 593 1948 662 Πάσχα,
1982 593 2089 645 κᾶν
2188 609 2242 644 τι
2286 624 2295 631 -

665 677 1069 747 τετολμημένον
1096 674 1210 749 [25]
1233 675 1381 744 ὑμῖν,
1407 677 1649 741 πρόσιτε.
1681 677 1743 727 Ὤ
1790 676 1889 745 τῆς
1916 675 2199 745 συνηθείας
2223 677 2236 728 !

667 757 715 812 ὣ
744 759 845 827 τῆς
885 758 1246 828 προλήψεωςί
1296 756 1420 825 εἰκῆ
1477 755 1637 808 θυσία
1689 756 2060 826 καθημερινὴ,
2117 758 2242 828 εἱκῆ

669 843 1097 912 παρεστήκαμεν
1141 836 1218 908 τῷ
1262 837 1654 908 θυσιαστηρίῳ,
1707 838 1934 902 ούδεὶςό
1971 838 2236 909 μετέχων.

669 924 856 976 Ταῦτα
913 921 1026 992 οὐχ
1069 919 1156 974 ἴνα
1211 920 1396 983 ἁπλῶς
1443 919 1745 990 μετέχητε.
1777 920 1955 988 λέγω,
2012 922 2244 975 ἀλλ’ἵνα

669 1006 855 1071 ἀξίους
898 1003 1123 1066 ἑαυτοὺς
1174 1002 1640 1071 κατασκευάζητε.
1702 1003 1817 1055 Οὐκ
1845 998 1895 1055 εἴ
1924 1002 2022 1071 τῆς
2049 1003 2243 1067 θυσίας

670 1091 845 1155 ἄξιος,
877 1088 997 1141 οὐδὲ
1034 1088 1134 1157 τῆς
1177 1086 1532 1157 μεταλήψεως
1563 1103 1578 1151 ;
1610 1086 1821 1139 Οὐκοῦν
1872 1086 1990 1140 οὐδὲ
2022 1086 2122 1157 τῆς
2151 1089 2243 1140 εὐ-

672 1171 795 1239 χῆς.
846 1170 1088 1230 Ἀκούεις
1132 1168 1367 1230 ἑστῶτος
1398 1164 1494 1220 τοῦ
1532 1168 1794 1238 κήρυκος,
1826 1170 1920 1221 καί
1952 1168 2204 1237 λέγοντος
2226 1186 2240 1199 ·

672 1253 849 1305 Ὅσοι
893 1252 964 1304 ἐν
1023 1250 1328 1319 μετανοίᾳ,
1356 1250 1647 1309 ἀπέλθετε
1703 1248 1945 1315 πάντες.
1976 1251 2135 1302 Ὀσοι
2168 1252 2243 1320 μὴ

676 1335 1020 1402 μετέχουσιν,
1051 1332 1108 1384 ὲν
1164 1332 1420 1401 μετανοίᾳ
1454 1332 1612 1384 εἰσίν.
1648 1332 1711 1384 Εἰ
1740 1330 1850 1384 τῶν
1884 1333 1941 1383 ἐν
1976 1334 2245 1401 ματανοία

674 1410 744 1479 εἴ,
782 1416 1074 1484 μετασχεῖν
1098 1414 1197 1466 οὐκ
1226 1414 1461 1481 ὀφείλεις
1499 1428 1512 1443 ·
1540 1414 1568 1466 ὁ
1593 1414 1699 1483 γὰρ
1732 1414 1807 1481 μὴ
1834 1414 2105 1482 μετέχων,
2137 1414 2246 1466 τῶν

676 1499 735 1548 ἐν
767 1497 1027 1567 μετανοίᾳ
1060 1497 1195 1548 ἐστί.
1213 1497 1371 1559 Τίνος
1390 1491 1484 1549 οὖν
1506 1494 1696 1548 ἕνεκεν
1714 1495 1884 1562 λέγει,
1916 1496 2242 1558 Ἀπέ.ὶθετε,

676 1581 731 1630 oI
755 1577 841 1646 μὴ
884 1577 1208 1646 δυνάμενοι
1252 1576 1579 1644 δεηθῆναι,
1609 1578 1673 1630 σὺ
1737 1578 1793 1629 δὲ
1853 1577 2087 1643 ἕστηκας
2135 1579 2247 1629 ίτα-

688 1660 1006 1729 ε;.ὦς;’Δλλ’
1046 1662 1147 1713 οὐκ
1202 1656 1254 1712 εἷ
1296 1659 1522 1722 τούτων,
1580 1658 1717 1711 ἀλλὰ
1773 1658 1879 1709 τῶν
1933 1659 2248 1727 δυναμένων

681 1743 950 1811 μετέχειν,
1003 1743 1098 1795 καὶ
1155 1741 1306 1795 ούδὲν
1370 1739 1723 1810 φροντίζεις;
1785 1739 1941 1793 οὐδὲν
2010 1742 2121 1811 ἡγῇ
2186 1740 2249 1793 τὸ

677 1826 910 1895 πρᾶγμα
942 1842 956 1887 ;
1946 1868 1957 1876 .

749 1913 819 1961 ε’.
846 1908 1068 1971 Σκόπει,
1093 1902 1692 1976 παρακαλῶοτράπεζα
1711 1904 1943 1973 πάρεστι
1973 1902 2247 1972 βασιλικὴ,

678 1989 901 2057 ἄγγελοι
930 1989 1331 2058 διακονούμενοι
1357 1992 1422 2057 τῇ
1450 1986 1697 2058 τραπέζῃ
1716 2028 1729 2044 ,
1754 1986 1918 2046 αὐτὸς
1946 1986 2204 2054 πάρεστιν
2224 1989 2252 2037 ό

679 2070 963 2136 Βασιλεὺς,
999 2072 1093 2123 καὶ
1127 2073 1190 2124 σὺ
1220 2072 1454 2139 ἕστηκας
1487 2068 1850 2137 χασμώμενος
1877 2085 1891 2133 ;
1918 2067 2141 2136 ῥυπαρά
2170 2083 2253 2119 σοι

678 2156 748 2206 τὰ
777 2155 983 2223 ἱμάτια,
1003 2154 1095 2206 καὶ
1115 2153 1287 2215 οὐδείς
1303 2170 1384 2205 σοι
1414 2152 1569 2219 λόγος
1589 2170 1602 2215 ;
1624 2150 1784 2202 Ἀλλὰ
1813 2151 2028 2219 καθαρά
2062 2153 2209 2200 ὲστιν
2235 2167 2250 2215 ;

682 2234 892 2287 Οὐκοῦν
932 2236 1223 2298 ἁνᾶπεσον,
1255 2236 1350 2287 καὶ
1405 2234 1619 2302 μέτεχε.
1664 2234 1923 2301 Ἔρχεται
1960 2231 2083 2282 καθ’
2120 2231 2253 2283 ἐκά-

685 2335 817 2386 στην
845 2317 971 2370 ἰδεῖν
1002 2319 1126 2379 τοὺς
1161 2318 1571 2384 ἀνακειμένους,
1608 2316 1743 2367 πᾶσι
1767 2314 2074 2381 διαλέγεται
2111 2329 2127 2344 ο
2160 2313 2255 2364 καὶ

684 2400 779 2451 νῦν
803 2402 859 2451 ὲν
875 2398 953 2468 τῷ
979 2399 1239 2452 συνειδότι
1260 2401 1395 2468 ἐρεῖσ
1422 2397 1680 2467 Ἐταῖροι,
1699 2394 1813 2458 πῶς
1836 2397 2100 2465 ἑστήκατε
2130 2389 2253 2459 ὧδε,

689 2484 764 2553 μὴ
779 2482 990 2551 ἔχοντες
1003 2481 1205 2551 ἔνδυμα
1226 2482 1435 2548 γάμου;
1470 2481 1583 2531 Ούκ
1610 2476 1753 2545 εἶπε,
1772 2477 1867 2529 Διά
1890 2478 1945 2529 τί
1971 2478 2253 2541 ἀνέπεσες;

687 2566 825 2617 ἀλλὰ
882 2564 989 2635 πρὸ
1020 2563 1118 2632 τῆς
1149 2562 1519 2624 κατακλίσεως
1548 2562 1640 2613 καὶ
1663 2561 1759 2628 τῆς
1794 2560 2003 2612 εἰσόδου
2038 2559 2255 2623 ἀνάξιον

687 2647 850 2699 αὑτὸν
876 2644 1012 2700 εἷναί
1044 2662 1207 2714 φησιν
1238 2660 1250 2673 ·
1287 2646 1347 2697 ού
1378 2644 1487 2715 γὰρ
1516 2639 1661 2707 εἷπε,
1703 2641 1802 2694 Δεά
1829 2642 1879 2694 τί
1908 2641 2254 2711 κατεκλίθης;

689 2729 843 2787 ἀλλὰ,
891 2728 955 2780 Τί
988 2727 1234 2795 εἰσῆλθες
1270 2743 1285 2789 ;
1316 2726 1501 2779 Ταῦτα
1556 2727 1651 2777 καὶ
1707 2723 1800 2778 νῦν
1840 2724 1977 2794 πρὸς
2012 2723 2258 2786 ἅπαντας

690 2813 837 2881 ἡμᾶς
866 2810 1173 2877 διαλέγεται
1188 2811 1312 2871 τοὺς
1337 2809 1711 2877 ἀναισχύντως
1731 2809 1824 2859 καὶ
1859 2806 2065 2875 ἰταμῶς
2094 2808 2261 2858 ἑστῶ-

693 2910 811 2955 τας.
852 2896 968 2956 Πᾶς
1010 2894 1118 2962 γὰρ
1152 2893 1179 2942 6
1214 2892 1286 2961 μὴ
1322 2894 1567 2960 μετέχων
1592 2892 1700 2942 τῶν
1749 2890 2081 2958 μυστηρίων.
2106 2891 2259 2943 ἀναί-

698 2992 923 3046 σχυντος
953 2976 1048 3028 καὶ
1066 2976 1271 3044 ίιαμῶέ
1296 2973 1561 3043 ἑστηκώς.
1590 2972 1688 3025 Διά
1712 2971 1871 3024 τοῦτο
1890 2972 2140 3042 πρότεροι
2171 2976 2264 3026 ἐκ-

697 3058 982 3112 ϐάλλονται
1011 3059 1058 3110 οί
1090 3060 1147 3109 ὲν
1175 3058 1557 3127 ἁμαρτήμασι.
1591 3054 1856 3125 Καθάπερ
1878 3055 1987 3123 γὰρ
2017 3057 2109 3107 ἐπὶ
2130 3074 2265 3127 τρα-

699 3139 870 3209 πέζης
892 3140 1331 3211 παραγενομένου
1360 3139 1452 3191 τοῦ
1473 3139 1730 3191 δεσπότου
1760 3138 1818 3190 ού
1849 3139 1930 3189 δεῖ
1950 3139 2074 3200 τοὺς
2098 3156 2268 3208 προσ-

700 3225 1070 3293 κεκρουκότας
1124 3223 1233 3275 τῶν
1269 3221 1497 3275 οἰκετῶν
1546 3223 1837 3289 παρεῖναι,
1877 3221 1993 3272 ἀλλ’
2025 3221 2270 3275 ἐκποδὼν

701 3308 941 3374 γίνονται
962 3322 975 3336 ⁸
996 3304 1139 3358 οὕτω
1163 3305 1226 3375 δὴ
1254 3307 1345 3357 καὶ
1375 3303 1628 3363 ἐνταῦθα,
1653 3303 2029 3373 ἐκφερομένης
2045 3306 2141 3371 τῆς
2173 3305 2263 3357 θυ-

706 3389 851 3450 σίας,
886 3388 984 3441 καὶ
1017 3388 1111 3440 τοῦ
1142 3386 1380 3457 Χριστοῦ
1410 3386 1729 3455 τεθυμένον,
1755 3386 1848 3437 καὶ
1879 3385 1973 3438 τοῦ
2000 3385 2270 3456 προϐάτου

704 3471 799 3523 τοῦ
816 3472 1292 3535 Δεσποτικοῦ,δταν
1314 3470 1573 3540 ἀκούσῃς,
1594 3468 1902 3537 Δεηθῶμεν
1918 3468 2141 3535 πάντες
2156 3487 2273 3522 κοι-

705 3553 809 3621 νῆ,
838 3555 963 3607 ὅταν
988 3554 1103 3625 ἴδῃς
1132 3554 1465 3622 ἀνελκόμενα
1486 3554 1555 3605 τὰ
1582 3552 1883 3622 ἀμφίθυρα,
1909 3554 2029 3605 τότε
2054 3553 2276 3623 νόμισον

706 3636 1106 3690 διαστέλλεσθαι
1130 3636 1221 3688 τὸν
1248 3635 1476 3705 οὐρανὸν
1502 3634 1728 3697 ἄνωθεν,
1760 3636 1854 3687 καὶ
1876 3638 2121 3688 κατιέναι
2154 3638 2278 3697 τοὺς

644 3744 651 3750 ·
709 3719 991 3786 ἀγγέλους.
1042 3719 1253 3788 Ὠσπερ
1300 3717 1479 3770 τοίνυν
1513 3717 1621 3769 τῶν
1655 3718 1913 3787 ἀμυήτων
1960 3718 2145 3770 οὐδένα
2174 3717 2279 3787 χρὴ

712 3802 987 3869 παρεῖναι,
1014 3796 1187 3862 οὕτως
1210 3798 1329 3852 ούδὲ
1350 3800 1459 3852 τῶν
1489 3800 1855 3869 μεμυημένων
1886 3800 1976 3851 καὶ
2000 3800 2278 3868 ῥυπαρῶν.

716 3882 849 3936 Εἰπέ
876 3900 985 3951 μοι,
1016 3882 1069 3934 εί
1092 3898 1173 3944 τις
1200 3884 1280 3943 είς
1307 3881 1550 3935 ἑστίασιν
1583 3882 1824 3951 κληθεὶς,
1858 3882 1956 3944 τὰς
1994 3884 2181 3952 χεῖρας
2202 3883 2282 3935 νί-

713 3966 874 4034 ψαιτο
908 3966 1000 4019 καὶ
1028 3963 1399 4035 κατακλιθείη,
1424 3962 1519 4016 καὶ
1547 3963 1760 4034 ἕτοιμος
1795 3952 2013 4031 γένοιτὸ
2029 3965 2161 4034 πρὸς
2186 3966 2285 4035 τὴν

715 4046 1011 4118 τράπεζαν,
1032 4043 1150 4099 εἶτα
1176 4046 1250 4116 μὴ
1275 4046 1510 4115 μετέχοι,
1544 4046 1641 4116 ούχ
1668 4045 1878 4117 ὑϐρίζει
1902 4045 1991 4098 τὸν
2021 4047 2285 4107 καλέσαν-

715 4148 782 4183 τα
802 4147 816 4194 ;
838 4131 901 4183 ού
924 4129 1128 4199 βέλτιον
1148 4128 1237 4183 τὸν
1258 4126 1495 4181 τοιοῦτον
1508 4130 1644 4199 μηδὲ
1665 4128 2069 4199 παραγενέσθαι
2090 4148 2104 4193 ;
2129 4129 2285 4183 Οὕτω

714 4213 780 4281 δὴ
810 4212 903 4265 καὶ
930 4212 994 4265 σὺ
1029 4211 1404 4280 παραγέγονας
1428 4228 1443 4241 ·
1461 4211 1551 4263 τὸν
1584 4210 1753 4280 ὕμνον
1779 4208 1938 4283 ᾖσας,
1986 4213 2123 4279 μετὰ
2155 4213 2289 4264 πάν-

716 4312 828 4349 των
857 4294 1213 4366 ὡμολόγησας
1250 4290 1385 4348 εἶναι
1420 4294 1529 4346 τῶν
1564 4295 1732 4360 ἀξίων
1767 4294 1845 4364 τῷ
1890 4294 1963 4365 μὴ
2007 4295 2144 4363 μετά
2182 4295 2288 4347 τῶν

719 4377 952 4443 ἀναξίων
975 4377 1449 4448 ἀνακεχωρηκέναι
1468 4393 1480 4405 °
1514 4377 1630 4439 πῶς
1681 4376 1921 4447 ἔμεινας,
1952 4379 2042 4430 καὶ
2070 4379 2132 4430 οὐ
2163 4395 2290 4446 μετ-

720 4462 865 4538 έχεις
884 4461 986 4531 τῆς
1012 4462 1288 4533 τραπέζης
1306 4480 1320 4527 ;
1340 4461 1577 4526 ’Δνάξιός
1599 4461 1735 4529 είμι,
1755 4462 1939 4531 φησίν.
1965 4461 2172 4513 Οὐκοῦν
2192 4464 2290 4513 καὶ

719 4543 821 4616 τῆς
849 4545 1131 4609 κοινωνίας
1154 4545 1363 4614 ἐκείνης
1390 4545 1490 4613 τῆς
1510 4544 1567 4595 ἐν
1591 4546 1705 4607 ταῖς
1726 4546 1931 4615 εὐχαῖς.
1964 4546 2035 4597 Ού
2070 4545 2178 4615 γὰρ
2205 4544 2291 4597 δια

1422 314 1481 368 S.
1516 312 1795 372 JOANNIS
1828 313 2318 372 CIIRYSOSTOMI
2358 314 2676 371 ARCUIEP.
2719 315 3259 373 CONSTANTINOP.
3841 317 3907 372 ὅθ

2344 429 2726 498 προκειμένων
2760 431 2940 499 μόνον,
2967 430 3099 483 ἀλλά
3125 432 3218 485 καὶ
3249 432 3335 485 διὰ
3369 432 3478 487 τῶν
3513 432 3664 505 ᾠδῶν
3693 434 3908 489 ἐκείνων

2342 509 2401 561 τὸ
2430 510 2651 577 Πνεῦμα
2679 512 2940 564 πάντοθεν
2970 513 3232 567 κάτεισιν.
3270 514 3382 584 Ούχ
3404 515 3538 584 ὁρᾷς
3567 515 3691 577 τοὺς
3714 517 3907 586 ἡμετέο

2345 607 2470 659 ρους
2500 593 2714 655 οίκέτας
2746 596 2810 661 τῇ
2846 595 3083 663 σπογγιᾷ
3117 594 3214 664 τὴν
3252 595 3532 665 τράπεζαν
3563 598 3912 664 περιπλύνονο

2341 689 2460 736 τας,
2495 675 2591 725 καὶ
2612 673 2703 725 τὸν
2729 669 2876 725 οἷκον
2906 675 3288 743 καθαίροντας,
3327 676 3421 729 καὶ
3445 676 3589 729 οὕτω
3612 678 3739 740 τοὺς
3765 670 3912 730 πίνα-

2343 772 2446 817 κας
2473 755 2752 820 τιθένταςς
2784 756 2953 809 Τοῦτο
2983 757 3193 824 γίνεται
3222 758 3311 810 διὰ
3338 758 3448 811 τῶν
3481 759 3677 828 εὐχῶν,
3706 759 3793 812 διὰ
3817 759 3911 827 τῆς

2347 836 2479 905 βοῆς
2504 837 2598 889 τοῦ
2628 839 2865 907 κήρυκος
2883 854 2898 868 ·
2923 838 3111 909 ὥσπερ
3136 841 3373 909 σπογγιᾷ
3399 840 3797 911 περιπλύνομεν
3815 841 3909 909 τὴν

2344 919 2661 988 ἐκκλησίαν.
2856 920 2941 972 ῖνα
2984 922 3043 972 ὲν
3094 910 3314 991 καθαρᾷ
3348 924 3415 991 τῇ
3450 910 3712 992 ἐκκλησία
3742 923 3913 977 πάντα

2347 1002 2607 1070 προτεθῇ,
2632 1001 2719 1055 ἵνα
2739 998 2975 1074 μηδεὶς
2996 1003 3205 1066 σπῖλος,
3232 1003 3368 1073 μηδὲ
3387 1004 3557 1073 ῥυτίς.
3574 1004 3807 1069 Ἀνάξιοι
3823 1006 3913 1058 καὶ

2343 1084 2611 1153 ὀφθαλμοὶ
2648 1084 2755 1136 τῶν
2785 1086 3071 1153 θεαμάτων
3102 1087 3329 1150 τούτων,
3356 1086 3575 1151 ἀνάξιαι
3612 1087 3706 1140 καὶ
3730 1086 3909 1139 ἀκοαί.

2344 1163 2472 1223 Κᾶν
2487 1168 2714 1234 θηρίον,
2728 1184 2802 1237 φη
2809 1168 2880 1230 σί,
2892 1168 3025 1236 θίγῃ
3038 1167 3145 1223 τοῦ
3156 1168 3354 1234 ὅρους.
3366 1169 3914 1236 λιθοϐοληθήσεται.

2346 1247 2534 1310 Οῦτως
2552 1249 2674 1301 οὐδὲ
2695 1250 2794 1315 τῆς
2820 1249 3126 1313 ὲπιϐάσεως
3144 1249 3285 1314 ἄξιοι
3307 1246 3447 1319 ἦσαν
3466 1266 3479 1279 °
3502 1251 3677 1304 καίτοι
3696 1268 3761 1318 γε
3784 1252 3918 1321 μετά

2345 1329 2518 1383 ταῦτα
2551 1330 2643 1382 καὶ
2674 1330 2999 1400 προσῆλθον,
3033 1332 3127 1384 καὶ
3151 1328 3291 1383 εἶδον
3319 1331 3423 1383 ποῦ
3452 1333 3672 1402 ἑστήκει
3705 1334 3735 1383 ό
3765 1334 3917 1395 Θεός.

2352 1412 2567 1473 Ἔξεστι
2586 1414 2731 1482 μετά
2760 1414 2931 1466 ταῦτα
2958 1413 3297 1485 προσελθεῖν,
3329 1415 3426 1467 καὶ
3457 1413 3581 1467 ίδεῖν
3608 1434 3622 1447 ο
3644 1417 3773 1468 ὅταν
3805 1415 3922 1485 μέν·

2346 1511 2429 1567 τοι
2462 1497 2634 1563 παρῇ,
2665 1494 2818 1547 ἄπιθι
2849 1510 2863 1525 ·
2895 1494 2997 1547 οὐκ
3049 1495 3225 1559 ἔξεστί
3256 1513 3338 1549 σοι
3374 1497 3595 1566 μᾶλλον,
3623 1497 3656 1567 ἢ
3686 1497 3766 1566 τῷ
3797 1514 3923 1550 κατ-

2345 1564 2658 1645 ηχουμένῳ.
2687 1576 2760 1628 Οὐ
2791 1575 2900 1647 γάρ
2928 1578 3075 1629 ἐστιν
3106 1578 3217 1630 ἴσον
3251 1564 3477 1648 μηδέπω
3507 1564 3687 1647 τυχεῖν
3718 1564 3923 1647 μυστη-

2352 1660 2505 1729 ρίων,
2526 1660 2618 1711 καὶ
2637 1658 2776 1727 μετά
2792 1660 2852 1711 τὸ
2872 1662 3055 1728 τυχεῖν
3075 1660 3525 1729 προσκρούσαντα
3538 1664 3918 1731 καταφρονεῖν,

2351 1741 2447 1794 καὶ
2509 1740 2727 1803 ἀνάξιον
2780 1740 2971 1793 ἑαυτὸν
3030 1741 3368 1811 καταστῆσαι
3419 1742 3514 1794 τοῦ
3578 1744 3921 1812 πράγματος.

2348 1820 2520 1889 ’Ἐνῆν
2552 1822 2643 1874 καὶ
2673 1821 2891 1874 πλείονα
2919 1814 3100 1889 λέγειν
3121 1824 3214 1875 καὶ
3239 1821 3608 1894 φοόερὼτερα,
3639 1825 3752 1879 ἀλλ’
3785 1825 3926 1878 ὥστε
4036 1882 4037 1885 η

2356 1905 2429 1973 μὴ
2464 1902 2696 1973 βαρῆσαι
2725 1903 2821 1972 τὴν
2845 1904 3084 1957 διάνοιαν
3114 1904 3292 1973 ὑμῶν,
3320 1906 3484 1974 ἀρκεῖ
3519 1907 3611 1959 καὶ
3639 1905 3811 1959 ταῦτα
3836 1924 3851 1937 ·
3879 1908 3927 1959 οί

2352 1988 2459 2055 γὰρ
2503 1986 2578 2054 μὴ
2603 1986 2812 2048 τούτοις
2844 1985 3325 2055 σωφρονιζόμενοι,
3365 1986 3486 2039 οὐδὲ
3517 1991 3631 2050 τοῖς
3663 1989 3925 2042 πλείοσιν.
4014 1986 4017 1995 ’

2354 2067 2451 2119 Ἰν*
2479 2062 2572 2119 οὖν
2602 2066 2676 2136 μὴ
2707 2067 2889 2136 μεῖζον
2929 2068 3059 2135 ὑμῖν
3089 2067 3151 2118 τὸ
3186 2070 3359 2136 κρῖμα
3390 2068 3773 2139 ἐργασώμεθά,
3825 2088 3930 2133 πα-

2358 2148 2679 2218 ρακαλῶμεν
2712 2148 2877 2216 ὑμᾶς,
2908 2150 3007 2217 οὐχ
3037 2149 3125 2201 ἵνα
3148 2147 3222 2217 μὴ
3254 2149 3651 2217 παραγίνησθε,
3689 2150 3807 2203 ἀλλ’
3842 2153 3932 2203 ἱνα

2356 2230 2447 2284 καὶ
2472 2232 2571 2299 τῆς
2603 2230 2904 2299 παρουσίας
2934 2231 3149 2299 καὶτῆς
3179 2233 3439 2300 προσόδου
3480 2232 3662 2297 ἀξίους
3704 2235 3932 2298 ἑαυτοὺς

2357 2314 2756 2382 καταστήσητε.
2790 2312 2925 2364 Εἰπέ
2953 2328 3064 2381 μοι,
3101 2315 3149 2365 εἰ
3177 2312 3426 2381 βασιλεύς
3454 2331 3537 2375 τις
3564 2315 3810 2379 ἐπέταξε,
3837 2316 3935 2369 καὶ

2356 2393 2529 2457 εἶπεν,
2577 2396 2644 2447 El
2687 2412 2769 2458 τις
2798 2395 2913 2447 τόδε
2942 2395 3191 2465 πράττει,
3229 2398 3329 2465 τῆς
3369 2397 3647 2466 τραπέζης
3682 2398 3936 2467 ἀπεχέτω

2356 2479 2454 2547 τῆς
2484 2478 2640 2546 ἐμῆς,
2670 2472 2777 2546 ἆρα
2814 2477 2955 2547 ὑπὲρ
2985 2476 3175 2529 τούτου
3201 2478 3302 2529 οὐκ
3334 2476 3401 2530 ἄν
3426 2478 3602 2530 πάντα
3625 2478 3934 2548 ὲπράξατες

2359 2559 2451 2621 Et;
2475 2562 2600 2622 τοὺς
2628 2559 2887 2630 οὐρανοὺς
2918 2561 3068 2629 ἡμᾶς
3101 2560 3376 2624 ἐκάλεσεν,
3422 2562 3501 2623 είς
3532 2562 3631 2630 τὴν
3658 2562 3937 2631 τράπεζαν

2356 2646 2451 2698 τοῦ
2488 2645 2747 2714 βασιλέως
2775 2644 2870 2697 τοῦ
2907 2646 3144 2714 μεγάλου
3180 2647 3273 2698 καὶ
3317 2645 3655 2715 θαυμαστοῦ,
3684 2648 3775 2700 καὶ
3800 2649 3937 2700 ἀναο

2359 2728 2593 2795 δυόμεθα
2613 2727 2707 2779 καὶ
2736 2727 3023 2797 μέλλομεν,
3046 2729 3139 2779 καὶ
3162 2730 3221 2780 οὐ
3256 2727 3555 2797 σπεύδομεν
3573 2730 3693 2781 οὐδὲ
3715 2729 3939 2798 ἐπιτρέ-

2360 2827 2527 2879 χομεν
2553 2809 2631 2879 τῷ
2658 2810 2971 2878 πράγματι;
3002 2810 3095 2861 καὶ
3128 2808 3212 2873 τίς
3253 2812 3383 2879 ἡμῖν
3412 2811 3557 2861 ὲστιν
3584 2811 3737 2872 ἐλπὶς
3762 2828 3943 2879 σωτη-

2367 2892 2522 2959 ρίαςς
2586 2892 2699 2943 Οὐκ
2750 2892 2895 2943 ἐστιν
2939 2892 3287 2945 αἰτιάσασθαι
3321 2892 3621 2955 ἀσθένειαν,
3661 2894 3760 2945 οὐκ
3792 2892 3944 2945 εστιν

2364 2972 2708 3026 αἰτιάσασθαι
2725 2972 2907 3041 φύσιν·
2932 2973 3171 3043 ῥᾳθυμία
3195 2974 3353 3043 μόνον
3374 2973 3618 3037 ἀναξίους
3643 2975 3787 3043 ἡμᾶς
3810 2975 3947 3027 καθ-

2370 3056 2567 3125 ίστησι.
2625 3055 2810 3108 Ταῦτα
2853 3056 2951 3124 μὲν
2987 3057 3115 3123 παρ’
3156 3056 3311 3125 ἡμῶν
3346 3057 3559 3126 εἴρηται
3585 3074 3595 3085 ·
3622 3059 3651 3109 ὁ
3689 3058 3744 3109 δὲ
3774 3074 3949 3109 κατα-

2368 3138 2577 3190 νύσσων
2608 3138 2856 3206 καρδίας,
2882 3139 2909 3189 ὁ
2934 3138 3105 3199 διδοὺς
3136 3138 3354 3207 πνεῦμα
3384 3138 3745 3202 κατανύξεως,
3780 3155 3949 3191 καταο

2368 3220 2499 3290 νύξῃ
2524 3220 2621 3281 τὰς
2640 3220 2866 3289 καρδίας
2892 3221 3063 3287 ὑμῶν,
3101 3221 3196 3273 καὶ
3226 3221 3351 3291 ὲνθῇ
3379 3224 3459 3283 είς
3482 3222 3646 3291 βάθος
3678 3223 3745 3275 τα
3777 3223 3954 3293 σπέρ·
4011 3260 4027 3275 .

2374 3318 2537 3372 ματα,
2566 3302 2706 3355 ὥστε
2749 3304 2855 3355 ἀπὶ)
2888 3304 2981 3355 τοῦ
3024 3302 3189 3371 φόϐου
3231 3304 3394 3356 αὑτοῦ
3437 3305 3620 3357 λαόεῖν
3660 3305 3719 3357 ὲν
3750 3306 3957 3375 γαστρὶ

2374 3389 2467 3439 καὶ
2499 3388 2681 3439 τεκεῖν
2716 3386 2934 3452 πνεῦμα
2987 3377 3281 3456 σωτηρίας,
3322 3389 3417 3440 καὶ
3459 3388 3598 3457 μετὰ
3638 3390 3959 3459 παρρησίας

2375 3467 2795 3539 παραγενέσθαι.
2831 3470 2892 3520 Ol
2924 3470 3041 3521 υἱοί
3071 3483 3189 3521 σου
3213 3470 3341 3540 γὰρ.
3371 3473 3556 3539 φησὶν,
3582 3472 3661 3536 ὠς
3687 3471 3961 3537 νεόφυτα

2375 3552 2592 3607 ἐλαιῶν
2607 3554 2811 3617 κύκλῳ
2827 3551 2934 3619 τῆς
2949 3552 3236 3620 τραπέζης
3253 3569 3392 3608 σου.
3416 3556 3598 3623 Μηδὲν
3615 3555 3792 3608 τοίνυν
3812 3554 3964 3607 ἔστω

2379 3635 2626 3697 παλαιδν,
2659 3633 2822 3705 μηδὲν
2846 3634 3057 3705 ἄγριον,
3083 3636 3250 3707 μηδὲν
3272 3637 3563 3708 ἀνήμερον,
3592 3638 3755 3708 μηδὲν
3782 3636 3965 3706 ὠμόν.

2380 3719 2617 3774 Τοιαῦτα
2654 3718 2762 3789 γὰρ
2786 3719 2854 3771 τὰ
2895 3718 3129 3785 νεόφυτα
3168 3720 3303 3791 πρὸς
3336 3722 3547 3792 καρπόν
3578 3724 3726 3773 ἐστιν
3769 3723 3970 3791 ἐπιτή-

2379 3804 2518 3865 δεια,
2547 3802 2757 3870 καρπὸν
2780 3801 2834 3854 δὲ
2866 3803 2954 3853 τὸν
2977 3801 3307 3869 θαυμαστὸν,
3337 3803 3426 3855 τὸν
3449 3806 3547 3873 τῆς
3577 3804 3761 3866 ἐλαίας
3792 3802 3968 3871 λέγω,

2383 3886 2477 3939 καὶ
2518 3886 2711 3955 ἰσχυρὰ
2743 3884 2883 3936 ὥστε
2910 3884 3114 3946 πάντας
3138 3884 3390 3952 γενέσθαι
3418 3884 3601 3956 κύκλῳ
3629 3885 3731 3952 τῆς
3752 3887 3973 3956 τραπέ-

2385 3966 2505 4036 ζης,
2542 3967 2636 4019 καὶ
2670 3966 2745 4036 μὴ
2773 3967 2895 4035 εἰκῆ
2931 3966 3065 4035 μηδὲ
3094 3966 3170 4029 ὡς
3208 3966 3396 4036 ἔτυχεν
3437 3968 3673 4021 ἐνταῦθα
3707 3967 4003 4037 συνέρχει

2389 4051 2533 4106 σθαι.
2555 4049 2692 4101 ἀλλὰ
2715 4048 2853 4118 μετὰ
2873 4048 3039 4115 φόϐου
3060 4048 3156 4101 καὶ
3175 4048 3348 4110 δέους.
3373 4048 3529 4103 Οὕτω
3551 4051 3658 4117 γὰρ
3683 4049 3777 4102 καὶ
3801 4049 3976 4103 αὑτὸν

2386 4131 2580 4200 ὄψεσθε
2617 4134 2732 4183 ἐκεῖ
2761 4130 2850 4183 τὸν
2894 4131 3129 4199 Χριστὸν
3164 4132 3301 4201 μετά
3350 4133 3682 4203 παρρησίας,
3732 4133 3828 4185 καὶ
3864 4134 3975 4203 τῆς

2384 4214 2633 4284 οὐρανίου
2659 4214 3023 4283 ἁξιωθήσεσθε
3057 4213 3333 4283 βασιλείας
3357 4233 3369 4243 ·
3406 4212 3474 4286 ἧς
3513 4215 3722 4282 γένοιτο
3755 4216 3975 4281 πάντας

2385 4301 2532 4367 ἡμᾶς
2564 4300 2859 4367 ἐπιτυχεῖν,
2884 4299 3066 4367 χάριτι
3093 4298 3187 4349 καὶ
3219 4296 3597 4369 φιλανθρωπία
3629 4296 3725 4350 τοῦ
3754 4299 3974 4365 Κυρίου
4012 4292 4023 4309 ί

2388 4382 2544 4451 ἡμῶν
2572 4381 2747 4451 Ἰησοῦ
2802 4381 3060 4451 Χριστοῦ,
3109 4380 3227 4449 μεθ’
3271 4373 3331 4433 οὗ
3392 4381 3471 4451 τῷ
3526 4382 3697 4452 Πατρὶ
3736 4382 3855 4450 ἅμα
3893 4383 3979 4453 τῷ

2387 4462 2527 4532 ἁγίῳ
2553 4462 2832 4532 Πνεῦματι
2864 4462 3012 4528 δόξα,
3048 4463 3270 4534 κράτος,
3293 4467 3449 4532 τιμὴ,
3479 4463 3573 4517 νῦν
3603 4463 3696 4517 καὶ
3730 4462 3841 4529 ἀεὶ,
3877 4467 3981 4521 καὶ

2388 4548 2467 4610 εἰς
2489 4547 2613 4610 τοὺς
2638 4547 2840 4611 αἰῶνας
2866 4546 2974 4601 τῶν
2999 4547 3227 4601 αἰώνων.
3272 4547 3467 4618 Ἀμήν.
