4108 6312
120 361 186 417 ΞΩ
1051 357 1115 414 IN
1157 357 1371 418 EPIST.
1414 356 1504 411 AD
1545 354 1675 410 FH!

1831 357 1986 412 CAP.
2030 359 2068 412 Ι.
2119 358 2349 416 HOMIL.
2392 359 2480 416 111.
3330 363 3404 419 30

123 474 258 527 male
282 473 459 527 olente
489 470 794 526 deosculari
823 471 1094 533 nolueris;
1137 471 1254 524 celi
1287 479 1466 523 autem
1499 469 1701 534 Regem

123 565 323 619 fatenti
350 574 403 618 et
430 565 568 618 male
593 564 757 617 olenti
790 563 968 617 anima
998 562 1293 616 oscularis?
1341 562 1394 614 ld
1438 562 1592 630 plane
1623 569 1704 612 est

119 657 458 711 contumelia.
492 655 586 710 Dic
616 655 768 720 mihi,
799 654 1037 709 vellesne
1072 653 1139 706 ad
1168 653 1492 707 sacriﬁcium
1528 649 1702 702 mani-

110 751 221 802 bus
247 749 410 802 illotis
439 726 730 804 accedere‘.’
759 747 875 801 Non
903 747 1128 816 opinor;
1173 745 1267 799 sed
1309 744 1496 798 malles
1529 743 1706 811 potius

121 852 340 905 prorsus
371 852 476 903 non
505 838 784 902 accedere,
813 852 972 906 quam
1001 835 1233 895 sordidis
1257 835 1521 889 manibus.
1560 834 1704 887 Itane

118 942 239 980 eum
269 928 316 980 in
341 941 400 983 re
422 941 582 996 parva
610 928 684 982 sis
718 927 853 982 adeo
880 925 1134 982 rcvbrens
1164 935 1219 980 ct
1250 927 1553 995 religiosus,
1585 940 1703 979 sor-

117 1017 298 1072 didam
326 1026 380 1072 et
404 1018 734 1072 immundam
765 1017 970 1072 habens
994 1018 1252 1082 animam,
1281 1015 1494 1069 accedis
1522 1023 1575 1067 ct
1599 1029 1667 1067 an
1685 1045 1698 1054 -

117 1108 216 1162 des
246 1117 466 1177 tangere
486 1108 510 1161 2
533 1109 690 1180 Atqui
719 1109 785 1162 ad
814 1119 1023 1178 tempus
1042 1108 1256 1178 quidem
1290 1115 1501 1160 tenetur
1528 1106 1698 1159 mani-

117 1197 247 1262 bus;
280 1198 331 1251 in
364 1198 508 1252 illam
545 1208 724 1254 autem
758 1208 898 1253 totus
917 1210 971 1253 ct
999 1199 1206 1265 integer
1230 1198 1535 1252 resolvitur.
1561 1196 1696 1264 Quid

117 1287 282 1341 vero?
322 1302 499 1342 annon
545 1288 694 1343 vides
750 1303 875 1342 vasa
914 1289 994 1342 sic
1015 1287 1236 1342 abluta?
1266 1288 1402 1341 adeo
1431 1287 1594 1340 nitida
1639 1294 1694 1339 et

115 1377 432 1445 splendida?
479 1377 570 1433 llis
611 1379 768 1447 longe
800 1378 1108 1433 mundiores
1136 1378 1290 1432 nobis
1316 1387 1531 1450 oportgt
1575 1391 1697 1430 esse

112 1471 339 1534 animas,
374 1471 455 1524 his
483 1471 776 1526 sanctiores
803 1480 856 1525 et
884 1471 1296 1539 splendidiores.
1319 1472 1495 1535 Quare
1516 1470 1539 1522 ?
1557 1470 1695 1538 Qum

111 1562 253 1614 niam
291 1561 378 1614 illa
414 1571 630 1629 propter
661 1575 758 1616 nos
793 1561 925 1615 ﬁunt
959 1563 1105 1615 talia.
1159 1560 1248 1615 Illa
1277 1576 1398 1616 eum
1427 1562 1514 1629 qui
1554 1561 1696 1615 inest

111 1666 212 1702 non
246 1652 584 1720 participant,
615 1667 720 1704 non
755 1653 1030 1714 sentiunt;
1063 1666 1162 1706 nos
1200 1661 1378 1706 autem
1405 1653 1693 1721 participa-

108 1758 224 1796 tuus
250 1752 307 1796 et
335 1744 619 1798 sentimus.
659 1743 812 1799 Nunc
849 1754 1027 1798 autem
1058 1759 1183 1799 vase
1212 1745 1424 1813 quidem
1473 1745 1690 1798 sordido

105 1843 157 1886 et
179 1833 459 1887 immundo
493 1835 568 1888 uti
603 1836 862 1899 nolueris,
894 1835 1106 1888 Sordida
1128 1845 1306 1896 autem
1331 1835 1540 1889 accedis
1573 1836 1690 1888 ani-

104 1938 184 1974 ma
207 1923 235 1974 τ
256 1923 473 1978 Multam
506 1925 664 1978 video
692 1926 766 1979 rei
798 1926 1229 1995 intequalitatem.
1255 1926 1310 1980 lu
1336 1926 1455 1979 aliis
1476 1926 1686 1996 quidem

104 2013 455 2079 temporibus,
496 2028 618 2067 cum
662 2029 726 2068 nc
753 2015 933 2075 mundi
957 2013 1172 2083 quidem
1196 2028 1338 2084 smpe
1363 2015 1502 2080 sitis,
1531 2030 1686 2069 acce-

99 2102 258 2165 ditis;
309 2103 360 2156 iu
409 2103 669 2159 I‘aschate
709 2115 887 2158 autem
935 2105 1143 2158 etiamsi
1195 2105 1409 2174 aliquod
1453 2107 1630 2160 scelus
1658 2121 1685 2159 a

101 2191 252 2245 vobis
277 2192 344 2246 sit
374 2193 666 2248 admissum
691 2236 703 2254 .
733 2195 1008 2248 acceditis.
1062 2196 1107 2249 0
1154 2196 1620 2260 consuetudinem,
1654 2213 1687 2251 ο

101 2286 609 2354 pra-sumptionan
683 2287 898 2352 Frttstra
945 2299 1028 2343 est
1071 2289 1440 2357 quotidiamnn
1480 2289 1683 2342 sacriﬁ-

97 2377 235 2429 cium
263 2419 280 2441 ,
330 2379 525 2431 frustra
567 2377 837 2432 adstamus
864 2378 1016 2432 altari
1048 2397 1060 2432 :
1092 2395 1248 2433 nemo
1274 2390 1357 2435 est
1397 2380 1484 2447 qui
1517 2379 1682 2447 parti-

95 2470 254 2536 cipet.
291 2468 414 2523 llrec
447 2469 592 2533 dico,
623 2487 727 2524 non
756 2481 811 2524 ut
839 2481 1043 2526 temere
1076 2471 1440 2541 participetis,
1491 2472 1585 2526 sed
1627 2481 1686 2525 ut

97 2573 187 2612 tros
211 2557 404 2628 dignos
437 2559 695 2615 reddatis.
738 2560 853 2616 Non
883 2577 942 2616 es
964 2562 1156 2631 dignus
1198 2563 1481 2626 sacriﬁcio,
1513 2579 1685 2633 neque

96 2650 540 2719 participatione?
591 2652 730 2722 Ergo
781 2667 882 2707 nec
938 2668 1117 2722 prece.
1168 2653 1335 2706 Audis
1381 2668 1679 2722 praeconem

95 2752 322 2796 statitem
350 2753 401 2797 ct
427 2743 696 2798 dicentem
728 2761 741 2796 :
777 2744 1095 2814 Quicumque
1121 2745 1238 2799 estis
1266 2746 1316 2799 in
1349 2746 1642 2814 prettitcntia
1663 2786 1678 2810 ,

93 2833 240 2886 ebite.
291 2835 490 2889 Omnes
528 2835 618 2904 qui
664 2815 767 2889 uili.
800 2837 1140 2905 participant,
1180 2848 1301 2891 sunt
1331 2839 1381 2891 in
1408 2839 1678 2907 pmniten-

94 2923 180 2975 tia.
235 2924 296 2978 Si
333 2939 393 2978 es
438 2941 502 2980 ex
548 2927 611 2979 iis
636 2927 724 2994 qni
755 2937 878 2981 sunt
908 2927 960 2979 in
991 2929 1322 2995 pic-nitentia,
1374 2945 1478 2981 non
1511 2928 1678 3007 debes

93 3016 409 3084 participare
447 3033 461 3068 :
497 3031 617 3069 nam
645 3016 734 3086 qui
768 3034 872 3070 non
904 3017 1203 3085 participat,
1225 3029 1305 3071 est
1339 3019 1388 3072 in
1417 3015 1683 3087 pmtiiteui

93 3107 182 3156 tia.
212 3105 322 3158 Cur
344 3120 474 3175 ergo
502 3104 653 3171 dicit,
688 3106 850 3169 Abite,
878 3107 964 3172 qui
989 3123 1090 3159 non
1122 3109 1326 3176 potestis
1357 3112 1556 3175 precari
1573 3127 1591 3174 ;
1622 3120 1677 3164 lu

90 3206 266 3248 autent
313 3207 425 3250 stas
475 3195 850 3265 impudenter?
918 3200 984 3250 At
1035 3214 1139 3250 non
1188 3213 1246 3251 es
1297 3213 1361 3252 ex
1406 3199 1522 3263 his,
1579 3200 1675 3254 sed

89 3303 147 3338 es
201 3288 266 3341 iis
313 3287 400 3356 qui
449 3297 672 3355 possunt
704 3287 1044 3357 participare,
1081 3288 1287 3343 etuihil
1331 3290 1529 3343 curas?
1559 3306 1671 3345 rem

90 3377 216 3432 nihil
248 3393 369 3432 esse
392 3378 592 3447 putas?

157 3470 210 3520 5.
254 3468 570 3532 Considera,
597 3483 780 3540 qumso
799 3510 812 3524 .
865 3470 1032 3525 Adest
1060 3485 1241 3526 mensa
1271 3474 1411 3542 regia
1436 3513 1450 3538 ,
1481 3474 1676 3529 adsunt

87 3561 256 3627 angeli
287 3560 675 3625 ministrantes,
706 3563 856 3617 adest
888 3562 996 3617 ltes
1032 3565 1166 3633 ipse,
1211 3575 1264 3619 et
1288 3575 1341 3619 tu
1381 3576 1492 3621 stas
1536 3569 1674 3622 osci-

89 3653 248 3704 latis?
293 3663 468 3707 vestes
514 3652 609 3706 tibi
650 3664 777 3707 sunt
805 3655 1068 3720 sordidte,
1099 3666 1152 3710 et
1193 3658 1336 3710 nulla
1363 3674 1392 3711 a
1422 3670 1474 3713 te
1519 3662 1674 3730 hujus

92 3742 317 3796 habetur
346 3746 481 3796 ratio
505 3744 529 3796 ?
573 3745 642 3797 At
661 3755 796 3822 sunt
828 3745 1079 3800 ιιιιιιιιίςιιῖ
1101 3749 1371 3804 Accumhe
1400 3765 1529 3821 ergo
1553 3793 1567 3817 ,
1621 3763 1676 3807 et

90 3833 360 3901 participa.
391 3831 544 3887 Venit
571 3835 809 3904 quotidie
838 3846 894 3890 ιιι
923 3837 1098 3892 videat
1126 3840 1524 3906 accumbentes,
1550 3858 1668 3897 om-

93 3938 183 3974 nes
210 3924 501 3993 alloquitur
533 3941 547 3981 :
579 3935 633 3979 et
664 3940 804 3980 nunc
835 3927 885 3980 in
920 3938 1096 3982 vestra
1138 3927 1268 3984 dicit
1307 3933 1670 4002 conscientia,

91 4013 280 4080 Amici,
313 4017 583 4085 quomodo
611 4016 697 4072 hic
727 4019 880 4072 statis
910 4035 1013 4074 non
1052 4020 1309 4078 habentes
1344 4035 1544 4080 vestem
1576 4041 1688 4080 nu-'

93 4105 302 4172 ptialcm
334 4106 550 4176 (Matth.
582 4109 674 4164 9.9..
710 4109 842 4178 l2)?
869 4111 985 4164 Non
1015 4112 1187 4179 dixit,
1208 4115 1315 4169 Cur
1339 4118 1673 4174 accubuisti?

91 4197 182 4251 sed
226 4208 352 4253 ante
386 4200 690 4255 accubitum
717 4211 773 4256 et
801 4204 1098 4273 ingressum
1129 4221 1252 4260 eum
1282 4207 1410 4262 dicit
1447 4224 1567 4265 esse
1594 4210 1674 4264 in-

89 4286 303 4356 dignum
332 4305 345 4340 :
376 4304 481 4344 nou
510 4291 647 4345 dixit
683 4293 828 4347 enim
853 4333 868 4356 ,
913 4294 1023 4350 Cur
1049 4297 1382 4353 accubuisti‘?
1407 4301 1501 4355 sed
1522 4343 1537 4367 ,
1565 4302 1675 4357 Cur

92 4377 338 4433 intrasti?
363 4380 490 4436 llaec
515 4398 644 4453 ergo
675 4399 817 4440 nunc
841 4401 1056 4456 quoque
1081 4389 1378 4445 dicitnobis
1399 4393 1682 4462 omnibus,

89 4468 176 4537 qni
221 4471 562 4540 impudenter
585 4481 641 4528 et
676 4474 1032 4532 inverecunde
1077 4489 1300 4534 stamus.
1342 4481 1674 4555 Quicumque

91 4559 232 4613 enim
253 4563 634 4632 mysteriorum
656 4576 862 4621 nonest
883 4568 1167 4638 particeps,
1194 4572 1239 4625 is
1264 4573 1544 4641 impudens
1569 4585 1675 4631 stat

89 4650 326 4706 etnimis
373 4653 649 4709 audacter.
696 4655 795 4723 Qui
843 4668 968 4712 sunt
1015 4659 1066 4713 iu
1095 4664 1360 4730 peccatis,
1389 4676 1673 4734 propterea

91 4743 300 4810 priores
327 4745 634 4816 ejiciuntur.
660 4749 808 4804 Sicut
837 4752 982 4805 enim
1012 4769 1135 4806 eum
1168 4754 1417 4810 dominus
1445 4760 1595 4813 adest
1621 4761 1672 4814 in

92 4851 300 4902 mensa,
329 4853 435 4894 non
461 4850 675 4909 oportet
695 4841 886 4898 adesse
915 4827 1140 4900 famulos
1174 4849 1264 4918 qui
1295 4835 1674 4918 offenderunt,

91 4927 181 4982 sed
225 4929 414 4999 procul
459 4931 818 4986 antandantur
843 4953 854 4986 :
881 4935 948 4988 ita
984 4935 1068 4991 hic
1108 4954 1319 5008 quoque
1361 4957 1482 4994 cum
1521 4943 1677 4996 cll‘cr-

93 5027 174 5073 tur
218 5021 568 5089 sacriﬁcium,
599 5033 654 5078 et
682 5025 929 5081 Christus
965 5031 1316 5094 sacriﬁcatur,
1343 5043 1395 5088 et
1423 5037 1538 5087 ovis
1569 5037 1674 5088 Do-

91 5112 280 5167 minica
302 5129 318 5169 :
344 5115 561 5183 quando
587 5116 843 5184 audieris,
880 5119 1092 5176 Oremus
1119 5140 1292 5178 omnes
1320 5129 1672 5195 communiter,

92 5205 307 5272 quando
332 5206 528 5262 videris
558 5205 695 5260 trahi
722 5223 815 5263 cas
839 5222 958 5279 qua:
997 5212 1049 5266 lu
1080 5215 1232 5268 ostiis
1261 5227 1383 5269 sunt
1403 5219 1637 5271 cortinas
1659 5261 1673 5283 ,

93 5305 212 5350 tunc
236 5297 486 5352 existima
513 5299 706 5353 uelum
736 5315 970 5370 superne
1003 5303 1218 5370 diduci,
1264 5316 1319 5360 et
1346 5308 1674 5365 descendere

93 5389 324 5457 angelos.
355 5389 821 5456 QuemadmOdum
848 5408 978 5462 ergo
1018 5387 1219 5449 nullum
1248 5409 1460 5467 oportet
1481 5400 1672 5457 adCSSC

93 5481 246 5534 exiis
273 5482 363 5550 qui
404 5482 681 5554 mysteriis
723 5501 827 5538 non
864 5485 1313 5559 suntinitiati,ita
1364 5507 1463 5546 nec
1504 5509 1567 5545 ex
1609 5495 1671 5547 iis

100 5572 184 5640 qui
217 5583 341 5628 sunt
375 5575 568 5630 initiati
599 5587 652 5630 et
681 5575 905 5632 sordidi.
941 5578 1031 5634 Dic
1053 5580 1264 5641 _mihi.si
1301 5585 1420 5655 quis
1446 5584 1511 5639 ad
1540 5602 1677 5640 cou-

1813 470 2010 524 vivium
2057 472 2310 526 invitatus
2346 489 2535 529 manus
2581 473 2770 531 laverit
2809 485 2863 534 et
2901 477 3212 532 accubuerit
3249 488 3302 532 et
3332 478 3400 532 ad

1815 574 2054 614 mensam
2104 573 2320 630 paratus
2374 563 2576 628 fuerit,
2626 576 2682 620 et
2727 567 2924 623 deinde
2959 584 3064 621 non
3095 569 3256 622 fuerit
3281 569 3401 637 ejus

1813 651 2100 720 particeps,
2132 666 2310 707 annon
2330 656 2654 709 contumelia
2685 656 2848 711 afﬁcit
2869 672 2991 711 eum
3018 658 3106 727 qui
3136 659 3400 712 invitavit?

1810 753 1988 792 annon
2020 751 2166 796 esset
2195 743 2386 798 melius
2414 761 2536 798 eum
2566 762 2633 802 ne
2672 747 2905 803 adfuisse
2931 750 3146 819 quidem
3165 751 3190 803 Υ
3237 751 3310 803 Ita
3343 761 3399 803 tu

1810 842 2022 898 quoque
2049 830 2266 886 adfuisti
2298 851 2311 886 :
2339 834 2594 904 hymnum
2626 839 2851 891 cantasti
2874 881 2888 898 .
2931 855 3051 892 cum
3074 839 3252 909 dignis
3279 856 3398 893 om-

1810 918 1963 972 nibus
2013 929 2063 974 lc
2103 934 2163 974 es
2211 921 2484 990 professus
2509 965 2524 989 ,
2564 941 2630 980 eo
2672 912 2813 995 quod
2855 943 2977 981 eum
3011 928 3243 998 indignis
3288 945 3395 982 non

1808 1009 2098 1063 recesseris
2123 1027 2136 1063 :
2160 1013 2432 1080 quomodo
2466 1017 2704 1069 mansisti
2734 1026 2788 1070 et
2824 1032 3027 1072 mensa:
3055 1033 3160 1071 non
3187 1033 3246 1073 es
3273 1033 3396 1086 par-

1809 1099 2014 1168 ticeps?
2060 1100 2226 1169 Sum,
2272 1104 2478 1173 inquit,
2531 1106 2800 1175 indiguus.
2863 1107 3006 1178 Ergo
3048 1109 3134 1162 illa
3179 1123 3396 1177 quoque

1805 1190 2181 1245 communione
2211 1201 2264 1245 et
2290 1195 2546 1250 societate
2589 1212 2709 1266 qua:
2747 1208 2832 1252 est
2862 1197 2913 1251 in
2948 1199 3198 1267 precibus
3219 1215 3282 1253 es
3306 1200 3390 1253 in-

1804 1277 2016 1348 diguus.
2067 1281 2184 1336 Non
2225 1285 2371 1337 enim
2421 1286 2592 1339 solum
2635 1303 2730 1355 per
2765 1289 3070 1356 proposita,
3100 1289 3194 1344 sed
3225 1291 3389 1343 etiam

1805 1383 1900 1437 per
1939 1371 2147 1425 cantica
2193 1373 2426 1442 undique
2469 1377 2748 1430 descendit
2789 1378 3036 1446 Spiritus.
3081 1379 3198 1433 Non
3240 1380 3390 1432 vides

1803 1459 2031 1513 tantulus
2058 1472 2272 1516 nostros
2300 1479 2537 1518 mensam
2564 1467 2782 1536 spongia
2807 1468 3064 1534 lavantes,
3087 1479 3142 1523 et
3167 1469 3388 1524 dmmtm

1801 1550 2138 1617 mundantes,
2168 1563 2219 1607 et
2241 1553 2420 1609 discos
2448 1571 2645 1610 mensae
2676 1558 3045 1626 imponentes?
3075 1558 3185 1613 Hoc
3207 1559 3265 1613 ﬁt
3295 1575 3390 1629 per

1803 1654 1991 1706 preces
2012 1681 2027 1702 ,
2061 1657 2156 1710 per
2184 1643 2474 1698 clamorem
2508 1648 2768 1715 prtccouis
2802 1665 2816 1702 :
2848 1657 3116 1718 tamquam
3156 1651 3387 1719 spongia

1800 1729 2038 1785 lavamus
2060 1733 2365 1800 ecclesiam,
2391 1746 2447 1789 ut
2481 1736 2534 1790 in
2582 1737 2778 1791 munda
2812 1738 3038 1793 ecclesia
3069 1740 3178 1794 sint
3204 1741 3384 1794 omnia

1798 1824 2093 1888 preposita,
2141 1832 2200 1877 ut
2245 1825 2389 1879 nulla
2425 1827 2496 1881 sit
2538 1829 2743 1882 macula
2764 1870 2779 1892 ,
2812 1830 2957 1883 nulla
2989 1846 3137 1900 ruga.
3169 1829 3305 1885 Sunt
3329 1841 3387 1886 et
3412 1835 3424 1847 '

1795 1913 1936 1966 oculi
1964 1928 2149 1967 eorum
2178 1916 2377 1986 indigni
2404 1917 2488 1972 his
2513 1921 2859 1987 spectaculis,
2882 1930 2938 1976 et
2953 1923 3382 1992 aurcsiudigme.

1797 1999 1862 2053 Et
1889 2005 1932 2055 si
1956 2006 2131 2068 bestia,
2167 2007 2355 2076 inquit,
2385 2019 2603 2062 montem
2631 2021 2828 2080 tangat,
2858 2013 3098 2066 obruetur
3123 2016 3386 2083 lapidibus

1794 2091 1989 2157 (Exod.
2022 2095 2109 2149 19.
2147 2095 2259 2162 15).
2294 2097 2444 2151 Adeo
2493 2114 2593 2153 nec
2637 2099 2783 2170 digiti
2831 2102 3049 2171 quidem
3092 2113 3248 2158 erant
3288 2107 3383 2175 qui

1793 2184 2146 2241 ascendcreut
2182 2205 2194 2240 :
2227 2189 2372 2257 atqui
2429 2201 2613 2260 postea
2670 2193 2831 2246 etiam
2888 2205 3270 2261 accesserunt,
3324 2205 3381 2252 et

1793 2276 2041 2330 viderunt
2093 2277 2180 2331 ubi
2229 2288 2453 2334 steterat
2482 2282 2642 2336 Deus.
2675 2281 2824 2337 Licet
2863 2293 3048 2352 postea
3097 2285 3382 2352 accedere,

1776 2378 1842 2425 .et
1875 2367 2056 2422 videre
2089 2385 2104 2421 :
2136 2368 2233 2424 sed
2263 2370 2479 2439 quando
2508 2371 2763 2439 adfuerit,
2795 2374 2880 2428 abi
2908 2393 2920 2427 :
2970 2390 3077 2429 non
3107 2378 3251 2430 enim
3281 2378 3381 2432 tibi

1791 2459 1959 2527 magis
1988 2458 2134 2525 licet,
2166 2475 2326 2530 quam
2354 2462 2767 2518 eatechumeno.
2821 2464 2936 2519 Non
2965 2475 3092 2520 sunt
3114 2467 3259 2521 enim
3287 2483 3382 2537 pa-

1791 2550 1892 2610 ria,
1925 2559 2261 2606 sacramenta
2285 2552 2522 2607 nondum
2570 2569 2692 2609 esse
2742 2566 3114 2626 assequutum,
3150 2567 3204 2612 et
3231 2569 3381 2626 post-

1787 2652 1947 2706 quam
1977 2639 2140 2694 fueris
2166 2651 2506 2711 assequutus,
2550 2653 2605 2713 et
2642 2645 2964 2712 offenderis,
3009 2647 3291 2717 despicere
3325 2659 3381 2705 et

1786 2745 1847 2784 ea
1883 2746 1940 2785 re
1973 2740 2022 2786 te
2050 2732 2324 2802 indignum
2356 2735 2602 2792 reddere.
2629 2738 2847 2794 Licehat
2875 2741 3024 2809 plura
3053 2742 3377 2798 terribiliora

1785 2811 1985 2890 dicere,
2015 2825 2109 2880 sed
2137 2842 2206 2882 ne
2235 2837 2470 2883 mentem
2499 2840 2739 2885 vestram
2769 2849 3007 2902 gravem,
3053 2835 3172 2890 htre
3218 2822 3388 2891 sufﬁ-'

1785 2917 1928 2968 ciunt
1966 2935 1978 2970 :
2010 2933 2131 2972 nam
2167 2921 2257 2988 qui
2288 2920 2368 2975 his
2395 2937 2501 2976 non
2527 2925 2880 2992 castigantur,
2911 2927 2944 2980 ii
2979 2942 3076 2981 nec
3107 2930 3374 2996 pluribus.

1785 3007 1863 3060 Ne
1892 3023 2021 3076 ergo
2042 3010 2196 3063 vobis
2225 3012 2398 3080 majus
2420 3011 2680 3066 faciamus
2703 3015 2983 3082 judicium,
3008 3033 3138 3086 ri-go
3159 3019 3375 3086 quidem

1783 3111 1902 3158 vos,
1932 3114 2038 3152 non
2061 3109 2118 3152 ιιι
2142 3116 2246 3154 non
2275 3102 2486 3168 adsitis,
2508 3105 2599 3157 sed
2630 3114 2687 3158 ut
2716 3109 2998 3173 prmsentia
3022 3119 3075 3162 et
3102 3110 3247 3164 aditu
3278 3127 3376 3166 vos

1785 3189 2020 3242 rcddatis
2050 3190 2260 3260 dignos.
2298 3192 2392 3247 Dic
2421 3193 2588 3259 mihi,
2619 3196 2662 3248 si
2695 3212 2787 3250 rex
2817 3198 3039 3264 jusserit
3064 3208 3118 3253 et
3144 3200 3372 3268 dixerit,

1783 3280 1837 3334 Si
1863 3283 1980 3350 quis
2011 3282 2111 3336 hoc
2139 3285 2266 3352 agit,
2299 3299 2329 3338 a
2361 3301 2478 3340 mea
2508 3303 2691 3342 mensa
2729 3289 3030 3355 abstineat,
3063 3308 3242 3346 annon
3275 3311 3372 3362 pro

1783 3370 1884 3424 hoc
1913 3373 2088 3425 omnia
2121 3372 2401 3432 feceritis?
2445 3377 2502 3431 ln
2546 3378 2710 3433 ca-los
2753 3395 2852 3435 nos
2891 3383 3100 3436 vocavit
3125 3385 3192 3437 ad
3215 3401 3372 3440 men-

1780 3474 1894 3514 sam
1935 3462 2095 3531 llegis
2137 3465 2314 3534 magni
2359 3476 2416 3521 et
2457 3466 2810 3533 admirabilis,
2867 3480 2922 3525 ct
2967 3487 3280 3530 recusamus
3319 3486 3374 3531 et

1779 3563 2111 3620 cunctamur,
2147 3566 2202 3611 et
2226 3557 2292 3612 ad
2315 3574 2433 3612 eam
2464 3575 2577 3614 rem
2612 3576 2716 3615 non
2745 3565 3079 3620 accurrimus
3099 3565 3122 3619 ?
3145 3576 3199 3620 et
3225 3583 3373 3637 qum-

1750 3659 1902 3714 .nam
1929 3655 2013 3700 est
2038 3646 2193 3699 nobis
2219 3662 2343 3715 spes
2369 3638 2597 3708 saluiis?
2636 3649 2752 3704 Non
2795 3652 2918 3707 licet
2957 3656 3168 3710 causari
3201 3658 3373 3712 imbe-

1779 3735 2074 3803 cillitatem,
2111 3752 2207 3792 nec
2237 3739 2447 3807 culpam
2484 3741 2734 3796 conferre
2775 3745 2826 3796 in
2862 3753 3106 3800 naturam
3138 3766 3151 3801 :
3183 3763 3372 3804 socor-

1777 3826 1863 3880 dia
1907 3827 2080 3881 solum
2110 3840 2165 3883 et
2193 3830 2400 3900 ignavia
2431 3847 2530 3885 nos
2560 3833 2736 3887 reddit
2765 3836 3034 3905 indignos.
3080 3839 3205 3894 Hmc
3244 3843 3370 3910 qni-

1777 3916 1900 3970 dem
1926 3917 2067 3973 dicta
2096 3929 2223 3974 sunt
2250 3935 2279 3971 a
2303 3921 2457 3975 nobis
2486 3939 2500 3975 :
2528 3923 2616 3989 qui
2638 3934 2816 3978 autem
2845 3929 3156 3997 compungit
3179 3931 3368 3996 corda,

1777 4010 1865 4076 qui
1910 4008 2003 4063 dat
2045 4010 2290 4080 spiritum
2331 4015 2782 4081 compunctionis,
2828 4027 3151 4090 compungat
3201 4021 3366 4075 corda

1778 4113 1972 4167 vestra,
2016 4113 2072 4157 et
2115 4105 2166 4157 in
2212 4103 2530 4173 profundum
2561 4106 2812 4160 immittat
2838 4111 3068 4174 semina,
3102 4119 3160 4164 ιιι
3199 4127 3266 4166 ex
3297 4113 3369 4166 ti-

1779 4211 1929 4252 more
1955 4197 2071 4266 ejus
2091 4198 2405 4267 concipiatis
2431 4192 2484 4252 et
2513 4201 2732 4268 pariatis
2770 4203 3018 4271 spiritum
3058 4206 3269 4271 salutis,
3306 4219 3368 4273 ct

1778 4301 1900 4341 cum
1931 4288 2121 4343 ﬁducia
2163 4289 2455 4346 accedatis.
2500 4289 2624 4344 Filii
2677 4293 2845 4359 enim,
2881 4294 3072 4364 inquit,
3111 4299 3198 4365 tui
3235 4308 3370 4353 tam-

1777 4395 1927 4445 quam
1975 4381 2185 4433 novellw
2213 4380 2460 4434 olivarum
2499 4383 2554 4436 in
2591 4384 2810 4436 circuitu
2840 4394 3026 4440 mensi!
3048 4398 3148 4442 tum
3187 4389 3366 4459 (Ρωι.

1782 4472 1903 4525 127.
1936 4472 2013 4541 5).
2047 4471 2188 4524 Nihil
2228 4473 2297 4525 sit
2324 4483 2499 4540 vetus,
2532 4474 2665 4527 nihil
2699 4475 2924 4541 immite,
2958 4478 3089 4533 nihil
3115 4481 3367 4536 crudum.

1781 4561 2095 4629 llujusmodi
2125 4563 2268 4616 enirn
2302 4564 2524 4618 novella:
2567 4566 2924 4634 plantationes
2954 4580 3093 4638 aptae
3138 4581 3266 4627 sunt
3299 4574 3368 4628 ad

1781 4654 2034 4716 fructum,
2074 4654 2300 4709 fructum
2341 4655 2734 4719 admirandum,
2765 4661 2923 4724 olea),
2971 4662 3220 4733 inquam,
3253 4664 3368 4719 fru-

1779 4760 1925 4802 ctum
1958 4759 2046 4803 εει
2069 4749 2234 4804 fortes
2261 4758 2385 4804 sunt
2413 4759 2466 4804 et
2496 4751 2706 4814 validm,
2753 4763 2813 4806 ut
2836 4754 2943 4808 sint
2963 4771 3149 4810 omnes
3182 4756 3235 4811 in
3263 4759 3370 4812 cir-

1780 4843 1925 4895 cuitu
1949 4856 2170 4909 mensae,
2199 4858 2374 4913 neque
2405 4853 2611 4898 temere
2653 4853 2707 4898 et
2742 4844 2881 4900 forte
2926 4845 3142 4901 fortuna
3173 4864 3372 4904 convc-

1784 4932 1951 4996 niant,
2000 4932 2094 4986 sed
2129 4948 2250 4987 cum
2291 4943 2438 4987 metu
2479 4943 2534 4988 et
2573 4935 2788 4990 timore.
2827 4936 2919 4991 Sic
2946 4939 3091 4992 enim
3113 4948 3170 4994 et
3192 4940 3369 5009 ipsum

1780 5023 2050 5080 Christum
2084 5025 2194 5080 illic
2237 5026 2487 5082 videbitis
2533 5025 2655 5082 cuin
2698 5029 2924 5095 ﬁducia,
2953 5039 3008 5084 et
3046 5031 3246 5086 molesti
3278 5049 3370 5087 re-

1782 5132 1888 5187 gno
1929 5117 2073 5188 digni
2121 5118 2417 5173 rcddemini
2462 5134 2476 5173 :
2520 5120 2663 5190 quod
2712 5121 2869 5176 detur
2915 5125 3072 5180 nobis
3117 5126 3374 5184 omnibus

1783 5190 2075 5282 Consequi,
2116 5213 2285 5281 gratia
2330 5222 2384 5268 et
2418 5213 2752 5283 benignitate
2783 5215 2994 5270 Domini
3037 5219 3206 5274 nostri
3243 5219 3375 5276 Jcsu

1784 5306 2005 5371 Clu-isti,
2038 5321 2159 5360 cum
2185 5322 2291 5376 quo
2320 5305 2462 5360 Patri
2491 5317 2542 5360 et
2571 5307 2790 5376 Spiritui
2818 5318 3006 5364 sancto
3038 5310 3228 5380 gloria,
3269 5313 3374 5367 im-

1787 5400 2011 5468 perium,
2044 5399 2235 5462 houor,
2278 5413 2417 5453 nunc
2437 5406 2492 5454 ct
2514 5413 2745 5470 semper,
2791 5407 2843 5454 et
2875 5399 2937 5482 in,
2961 5401 3156 5455 smeula
3193 5416 3371 5458 saecu-

1785 5495 1978 5547 lorum.
2009 5492 2199 5545 Amen.
