4108 6312
741 380 806 436 31
1458 378 1517 436 S.
1555 374 1831 433 JOANNIS
1879 374 2351 430 CHRYSOSTOMI
2406 376 2716 433 ARCIHEP.
2756 380 3288 438 CONSTANTINOP.
3810 382 3814 388 ’
3927 387 3991 444 32

747 475 3990 503 mmm—

2104 513 2447 574 IIOMILIA
2494 516 2599 578 ιν.

747 639 881 696 Car.
920 641 972 696 2.
1036 657 1086 696 v.

827 742 873 784 et
918 731 1135 801 peccatis
1168 731 1362 794 vestris,
1410 728 1464 781 2.
1506 729 1558 781 in
1592 727 1769 797 quibus
1797 724 2072 795 aliquando
2092 725 2325 775 ambula-

1146 642 1196 694 l.
1241 638 1305 694 Et
1362 656 1447 693 eos
1511 653 1625 690 cum
1677 637 1846 690 essetis
1899 636 2082 687 mortui
2129 635 2327 687 delictis

2436 644 2727 704 potestates
2754 654 2821 693 eo
2845 650 3124 707 operante.
3156 640 3285 695 Nam
3315 641 3454 712 quod
3498 645 3770 701 saecularis
3795 645 3857 702 sit
3881 646 3989 716 ejus
4074 640 4075 703 ἧ

2435 728 2764 797 principatus
2784 770 2800 793 ,
2834 729 2936 784 hoc
2965 740 3047 785 est
3069 772 3085 794 ,
3115 732 3208 799 qui
3235 746 3355 786 cum
3386 721 3636 803 prmsettti
3664 736 3854 790 sarculo
3881 736 3985 791 dis-

821 821 910 873 stis
961 820 1236 872 sectmduin
1299 819 1536 871 saeculum
1598 817 1771 868 numdi
1816 816 2008 882 hujus,
2051 812 2355 867 sccundum‘
2430 820 2693 884 solvitur,
2725 821 2844 875 audi
2875 837 2997 874 eum
3025 822 3292 877 dicentem
3333 824 3386 878 in
3430 825 3534 881 lino
3580 825 3850 895 epistolae:
3877 826 3985 881 Non

821 907 1100 976 principem
1133 905 1397 973 potestatis
1425 903 1555 956 aeris
1591 903 1778 971 hujus,
1809 902 2018 969 spiritus
2058 901 2144 968 qui
2189 915 2323 952 nunc

816 1007 1055 1064 operatur
1082 997 1133 1048 in
1157 996 1289 1064 ﬁlios
1319 994 1627 1064 diﬂidentiw,
1655 992 1708 1046 5.
1739 993 1790 1044 in
1815 992 1994 1060 quibus
2018 1000 2063 1043 et
2093 1006 2182 1042 nos
2211 1006 2321 1042 om»

823 1105 909 1142 nes
942 1088 1219 1157 aliquando
1248 1085 1525 1140 conversati
1565 1101 1737 1138 sumus
1765 1084 1814 1135 in
1846 1082 2107 1157 desideriis
2151 1082 2323 1134 carnis

817 1188 1005 1232 ucstra:
1026 1219 1041 1243 ,
1068 1179 1310 1248 facientes
1339 1180 1639 1229 voluntatem
1665 1174 1831 1227 carnis
1855 1183 1900 1226 et
1925 1172 2317 1243 cogitationum,

814 1281 861 1323 et
891 1286 1091 1323 (ramus
1119 1279 1300 1337 natura
1332 1268 1425 1336 ﬁlii
1465 1269 1557 1320 iraa
1584 1267 1712 1318 sicut
1739 1275 1786 1319 et
1811 1266 1997 1319 cwteri.

816 1363 870 1416 l.
914 1362 1004 1418 Est
1034 1363 1245 1431 quidem
1288 1360 1626 1415 inortilieatio
1666 1357 2000 1427 corporalis,
2028 1366 2111 1411 est
2137 1366 2315 1413 autem

738 1463 790 1508 et
839 1454 1081 1507 anilitalis
1116 1472 1128 1508 :
1160 1462 1213 1507 et
1251 1453 1392 1506 illius
1432 1450 1644 1519 quidem
1685 1464 1806 1503 esse
1846 1448 2182 1516 participem.
2215 1464 2315 1501 nec

739 1553 823 1598 est
869 1545 1074 1599 crimen
1127 1559 1229 1597 nec
1270 1542 1560 1611 perieulum
1614 1557 1626 1591 :
1671 1555 1758 1592 res
1793 1540 1933 1592 enim
1977 1548 2056 1592 est
2086 1547 2308 1602 natoue,

738 1647 843 1686 non
888 1633 1113 1687 instituti
1141 1632 1302 1685 animi
1330 1642 1381 1685 et
1412 1632 1559 1684 liberi
1590 1630 1815 1683 arbitrii.
1857 1628 1985 1681 Nam
2014 1636 2062 1680 et
2090 1638 2205 1679 orta
2232 1639 2315 1682 est

735 1740 802 1779 ex
836 1725 1260 1792 transgressione
1300 1722 1634 1790 protoplasti,
1681 1730 1734 1773 ct
1773 1735 1859 1772 res
1888 1718 2080 1772 deinde
2118 1718 2314 1772 decidit

696 1789 709 1802 ⁸
736 1814 788 1867 iu
822 1824 1063 1867 naturam
1096 1833 1106 1861 :
1143 1812 1336 1879 alioqui
1364 1820 1540 1864 autem
1570 1810 1727 1862 etiam
1757 1808 1864 1861 cito
1891 1807 2146 1860 solvetur.
2193 1806 2310 1875 Ipsa

736 1918 869 1961 vero
912 1902 1249 1956 inortilicatio
1276 1900 1541 1963 animalis,
1572 1914 1690 1952 cum
1717 1898 1786 1951 sit
1815 1891 2038 1951 instituti
2064 1896 2226 1950 animi
2258 1905 2313 1950 et

734 1993 885 2048 liberi
934 1994 1177 2059 arbitrii,
1221 1994 1420 2047 crimen
1464 1993 1620 2045 habet
1649 1999 1700 2043 et
1732 1990 1931 2043 nullam
1969 1990 2308 2044 solutionem.

733 2081 868 2138 Vide
897 2099 1025 2153 ergo
1061 2082 1330 2153 qtiomodo
1360 2083 1552 2135 Paulus
1594 2096 1718 2135 cum
1743 2081 1852 2149 jam
1881 2079 2033 2133 valde
2061 2095 2309 2149 magnum

730 2173 1076 2237 ostendisset,
1106 2184 1160 2229 et
1193 2174 1330 2243 quod
1362 2173 1531 2241 majus
1572 2172 1640 2224 sit
1671 2180 1843 2224 morte
1881 2169 2083 2223 affecta:
2111 2169 2306 2225 mederi

726 2265 924 2317 animre
964 2279 1119 2333 quam
1169 2262 1431 2316 suscitare
1482 2269 1743 2323 mortuos,
1794 2273 1935 2312 nunc
1978 2274 2189 2328 quoque
2229 2259 2308 2312 sie

733 2353 881 2421 potiit
909 2361 1174 2420 tamquam
1225 2366 1473 2420 magnum
1511 2368 1524 2404 :
1556 2350 1619 2402 Et
1641 2366 1724 2404 vos
1754 2366 1866 2402 cum
1894 2349 2083 2413 essetis,
2117 2349 2303 2418 inquit,
2327 2397 2340 2407 .

730 2441 916 2493 mortui
942 2441 1139 2494 delictis
1165 2452 1212 2492 et
1233 2442 1448 2509 peccatis
1488 2441 1662 2493 vestris
1683 2480 1698 2504 ,
1733 2440 1785 2492 in
1828 2438 2006 2505 quibus
2033 2438 2306 2508 aliquando

722 2533 1041 2599 ambulastis,
1068 2535 1353 2588 secundum
1369 2534 1609 2587 sa’culum
1628 2522 1803 2584 mundi
1836 2534 2007 2602 hujus,
2031 2533 2305 2589 secundum

726 2626 1005 2694 principem
1031 2627 1286 2693 potestatis
1315 2625 1466 2686 aeris,
1513 2626 1721 2691 spiritus
1757 2624 1843 2693 qui
1889 2641 2020 2677 mtuo
2066 2635 2304 2694 operatur

720 2714 777 2768 in
824 2716 958 2783 ﬁlios
1005 2716 1311 2784 diffidentiat.
1352 2715 1512 2770 Vides
1543 2717 1686 2769 l'anli
1717 2715 2211 2776 mansuetudinem,
2248 2726 2302 2771 et

722 2806 992 2874 quomodo
1041 2808 1233 2876 ubique
1288 2808 1597 2860 cumulatur
1647 2806 1963 2869 auditorem,
2023 2821 2144 2860 cum
2194 2823 2298 2859 non

718 2899 988 2952 oneratis?
1032 2898 1161 2952 Nam
1211 2898 1456 2967 quoniam
1512 2899 1720 2952 dixerat
1766 2912 1859 2950 eos
1904 2897 1968 2951 ad
2004 2908 2298 2950 extremum

727 2968 894 3056 usque
916 2987 1099 3041 vitium
1119 3003 1239 3041 esse
1261 2998 1538 3055 provectos
1567 2987 1691 3055 (hoc
1721 2988 1860 3039 enim
1887 2992 1964 3038 est
1988 2999 2107 3039 esse
2129 2996 2299 3041 morte

718 3076 1002 3150 allectos);
1033 3092 1096 3131 ne
1121 3092 1215 3132 eos
1234 3077 1384 3130 valde
1404 3085 1651 3146 gravaret
1676 3081 1818 3146 (nam
1843 3073 2045 3141 pudore
2066 3073 2300 3127 alliciun-

720 3179 808 3222 tur
837 3168 1103 3234 homines,
1127 3183 1247 3222 cum
1278 3169 1450 3238 priora
1477 3167 1611 3219 mala
1644 3165 1939 3219 afferuntur
1963 3165 2016 3216 in
2041 3164 2295 3229 medium,

717 3261 927 3313 etiamsi
957 3261 1059 3313 sint
1086 3260 1348 3321 absoluta,
1378 3268 1431 3312 et
1459 3258 1660 3311 nullum
1691 3256 1921 3309 habeant
1952 3253 2294 3324 periculum),

718 3350 811 3403 dat
851 3351 930 3404 eis
969 3342 1293 3416 adjutorem,
1346 3363 1410 3401 ne
1460 3348 1857 3401 existimaretur
1887 3354 2051 3399 totum
2078 3346 2156 3399 eis
2177 3361 2296 3399 esse

718 3440 1111 3507 imputandum,
1146 3451 1200 3495 et
1228 3439 1526 3508 adjutorctn
1554 3438 1763 3491 fortem.
1814 3436 2146 3502 Quemnam?
2176 3436 2295 3490 Dia-

717 3536 918 3589 bolum.
952 3533 1038 3588 Sic
1087 3535 1247 3586 etiam
1297 3533 1423 3585 facit
1471 3533 1522 3584 in
1573 3530 1807 3599 Epistola
1844 3526 1911 3581 ad
1938 3528 2293 3583 Corinthios:

714 3638 837 3677 nam
868 3638 989 3676 cum
1018 3623 1261 3684 dixisset,
1299 3610 1472 3674 Nolite
1495 3605 1686 3679 errtire,
1738 3634 1894 3687 itaque
1917 3619 2250 3687 fornicatores
2277 3660 2291 3681 ,
2322 3677 2342 3693 ο

714 3730 873 3782 neque
914 3712 1234 3772 idololatrat;
1265 3720 1331 3765 et-
1358 3710 1557 3777 reliqua
1589 3709 1765 3761 oinnia
1808 3710 2190 3772 recensuisset,
2241 3716 2296 3762 et

713 3804 1120 3873 snbjunsisret,
1174 3804 1400 3873 Regnum
1446 3799 1542 3853 Βιιὶ
1599 3816 1698 3853 non
1751 3799 2119 3868 possidebunt;
2168 3811 2295 3853 tunc

711 3909 923 3964 quoque
971 3893 1136 3946 dicit:
1172 3890 1239 3944 Et
1283 3894 1387 3943 haec
1428 3890 1629 3958 quidem
1676 3889 1841 3959 fuistis
1885 3890 1903 3958 (
1926 3891 1968 3942 Ι.
1998 3888 2114 3942 Cor.
2149 3889 2200 3942 6.
2236 3890 2288 3944 9.

715 3982 880 4055 sqq.).
940 3983 1053 4037 Non
1108 3983 1237 4036 dixit
1283 3981 1525 4034 abSolute
1562 3980 1753 4043 fuistis,
1803 3980 1914 4041 sed,
1944 3990 2062 4041 τινὲς
2104 3988 2205 4043 ἦτα,
2240 3981 2291 4034 id

710 4086 828 4138 est,
854 4075 1022 4143 Aliqui
1046 4074 1233 4144 fuistis,
1269 4074 1368 4125 hoc
1407 4082 1509 4136 est,
1552 4072 1629 4124 sic
1666 4071 2055 4139 quodammodo
2099 4072 2290 4125 fuistis.

786 4164 1058 4227 Manio/uri
1085 4172 1385 4232 carpuntur.
1414 4191 1483 4200 —
1510 4160 1604 4213 llic
1647 4156 1883 4213 lueretici
1933 4160 2047 4214 hmc
2091 4162 2158 4215 de
2184 4162 2291 4215 Deo

672 4252 675 4253 ν
712 4258 854 4311 dicta
912 4270 1034 4309 esse
1076 4254 1274 4306 acriter
1310 4251 1682 4313 contendunt,
1731 4260 1784 4305 et
1825 4251 2132 4305 effrenatam
2187 4254 2291 4307 lin-

712 4359 869 4417 guam
937 4345 1093 4412 longe
1153 4351 1495 4406 exserentes,
1541 4341 1654 4395 hare
1716 4342 1825 4395 lico
1876 4343 2124 4410 adoptant
2172 4361 2288 4412 qn.e

710 4448 837 4495 sunt
888 4437 1056 4492 solius
1123 4435 1341 4489 diaboli.
1395 4434 1672 4501 Quouuulo
1728 4451 1854 4503 ergo
1909 4450 1968 4488 os
2025 4439 2102 4489 eis
2160 4437 2288 4490 obs-

711 4528 988 4584 truemus?
1030 4526 1107 4580 Ex
1158 4524 1287 4593 ipsis
1326 4525 1521 4578 verbis.
1552 4524 1680 4577 Nam
1732 4526 1775 4577 si
1827 4535 1907 4578 est
1951 4525 2146 4594 justus,
2178 4529 2286 4581 sic-

709 4631 763 4674 ut
806 4619 1005 4685 dicitis,
1037 4618 1149 4670 btee
1199 4626 1374 4671 autem
1400 4621 1596 4685 gessit;
1632 4616 1743 4669 hate
1772 4631 1858 4669 res
1888 4632 1992 4669 non
2025 4630 2107 4670 est
2135 4619 2285 4685 justi,

714 4710 806 4766 scd
838 4710 994 4763 valde
1021 4708 1202 4776 injttsti
1229 4717 1282 4761 ct
1313 4707 1557 4760 scelerati
1585 4724 1597 4758 :
1626 4705 1764 4759 Deus
1790 4716 1965 4759 autem
1998 4722 2284 4776 numquam

707 4796 866 4856 fuerit
909 4801 1222 4855 sceleratus.
1255 4799 1364 4853 Cur
1398 4814 1524 4851 vero
1557 4796 1685 4851 dicit
1712 4814 1831 4851 cum
1862 4800 2155 4868 principem
2184 4818 2286 4854 sm—

702 4894 809 4946 euli
839 4889 1294 4960 hujus?Quouiam
1320 4898 1427 4942 tota
1452 4888 1559 4941 fere
1580 4888 1805 4941 humana
1828 4898 2009 4941 natura
2036 4908 2093 4943 se
2118 4891 2282 4959 ipsam

705 4982 781 5037 illi
812 4981 978 5041 dedit.
1010 4992 1064 5035 et
1092 4996 1281 5035 omnes
1324 4993 1416 5033 sua
1460 4989 1646 5048 sponte
1686 4979 1734 5033 ci
1763 4979 2001 5032 serviunt
2040 4989 2094 5033 et
2120 4997 2181 5034 ex
2215 4980 2281 5033 li-

710 5072 841 5126 bero
871 5071 1033 5125 animi
1073 5070 1317 5124 arbitrio.
1374 5069 1437 5122 Et
1484 5069 1698 5123 Christo
1736 5068 1949 5138 quidem
1982 5069 2119 5123 bona
2154 5086 2282 5138 pro-

706 5163 939 5217 tuittenti
983 5160 1389 5216 innumerabilia
1442 5174 1508 5214 nc
1549 5161 1784 5213 animum
1816 5161 2035 5229 quidem
2066 5160 2284 5217 adhibet

704 5255 967 5323 quiSpiam
998 5254 1115 5314 :_illi
1142 5264 1318 5308 autem
1349 5253 1480 5306 nihil
1514 5253 1616 5307 tale
1644 5252 1932 5323 pollicenti,
1968 5253 2059 5306 sed
2090 5254 2153 5305 ad
2187 5270 2279 5323 ge-

702 5346 934 5400 hennam
964 5346 1371 5409 transutittenti,
1395 5345 1592 5399 cedunt
1616 5361 1826 5400 omnes.
1860 5346 1924 5400 Et
1952 5346 2280 5415 principatus

703 5439 822 5508 ejus
843 5449 924 5494 est
951 5438 1003 5493 in
1028 5442 1128 5493 hoc
1153 5438 1369 5500 sutculo,
1395 5447 1446 5490 et
1476 5438 1519 5490 is
1543 5440 1722 5503 plures
1748 5437 1906 5491 habet
1930 5439 2272 5506 quam'Dcus,

701 5543 751 5580 et
784 5529 832 5582 ei
855 5529 1021 5598 magis
1049 5529 1301 5584 cedentes
1327 5544 1484 5597 quam
1522 5528 1648 5588 Deo,
1681 5536 1873 5595 prmter
1904 5542 2120 5596 paucos,
2152 5544 2278 5595 pro-

702 5635 823 5693 pter
864 5633 1096 5675 nostram
1130 5620 1452 5675 socordiam.
1496 5618 1786 5674 Secundum
1838 5617 2165 5687 polcstatem,
2194 5620 2277 5672 iit-

701 5714 839 5781 quit,
866 5714 990 5764 atrii
1018 5713 1245 5779 spiritus.
1279 5711 1387 5765 lloc
1416 5726 1600 5763 rursus
1624 5709 1770 5774 dicit,
1800 5710 1939 5779 quod
1974 5710 2147 5763 locum
2178 5711 2275 5764 ha-

704 5808 786 5860 bet
816 5806 912 5859 sub
931 5804 1083 5869 κεινὴ),
1112 5814 1162 5856 et
1188 5802 1404 5872 Spiritus
1430 5817 1615 5856 rursus
1637 5801 1764 5857 aerii
1796 5810 1919 5856 sunt
1946 5801 2270 5871 incorporeze

2428 917 2501 961 est
2548 909 2690 962 nobis
2731 911 3022 963 colluctatio
3059 912 3298 965 adarsus
3343 916 3636 984 sanguinem
3671 924 3717 969 et
3762 931 3948 969 carnem
3972 960 3987 977 ,
4074 909 4075 979 ξ

2426 999 2515 1050 sed
2539 998 2777 1053 adversus
2808 1000 3060 1068 principes
3083 1010 3133 1052 et
3163 1010 3449 1068 potestates,
3484 1012 3531 1055 et
3559 1003 3796 1057 adversus
3824 1007 3988 1058 mundi
4072 1014 4075 1068 λ

2426 1096 2639 1142 rectores
2666 1090 2983 1145 tenebrarum
3026 1090 3177 1160 hujus
3201 1091 3371 1144 sa'culi
3392 1090 3608 1162 (Ephes.
3638 1092 3692 1146 6.
3726 1093 3829 1163 12).
3858 1092 3986 1166 Nam

2423 1195 2491 1234 ne
2520 1194 2640 1234 cum
2665 1179 2898 1233 audieris
2916 1220 2931 1244 ,
2964 1178 3148 1232 Mundi
3180 1190 3396 1234 rectores
3420 1222 3434 1246 ,
3459 1181 3607 1236 dicas
3634 1182 3791 1235 etiam
3820 1182 3987 1251 ipsum
4074 1182 4075 1185 “

2421 1283 2541 1324 esse
2570 1268 2886 1330 increattnn,
2904 1269 3069 1333 addit,
3098 1268 3433 1323 Teurbrarum
3459 1271 3652 1325 stt-culi.
3675 1271 3812 1325 Alibi
3830 1272 3985 1326 etiam
4072 1268 4075 1321 i

2422 1375 2648 1429 nequam
2697 1360 2953 1415 smeulum
2986 1360 3143 1431 (Gul.
3180 1362 3231 1416 l.
3261 1362 3331 1429 4)
3363 1372 3513 1415 vocat
3537 1371 3746 1431 tempus
3776 1378 3989 1428 perver-

2420 1464 2535 1503 sum
2564 1492 2578 1514 ,
2613 1466 2717 1504 non
2744 1451 2933 1505 dicens
2977 1451 3044 1506 de
3088 1453 3369 1505 creaturis.
3416 1452 3543 1507 Mihi
3574 1454 3716 1507 enim
3742 1454 3941 1508 videtur
3968 1498 3984 1516 .

2419 1540 2560 1609 quod
2592 1540 2635 1592 si
2669 1541 2854 1596 fuisset
2886 1541 3133 1610 princeps
3163 1542 3263 1593 sub
3292 1541 3447 1603 ca-lo,
3482 1556 3587 1595 non
3620 1541 3803 1597 fuisset
3828 1558 3984 1597 casu-

2420 1646 2513 1684 ros
2540 1646 2568 1682 a
2599 1631 2894 1700 principatu
2921 1672 2937 1697 ,
2964 1634 3141 1705 etiam
3188 1642 3307 1699 post
3357 1634 3850 1702 tran~grcssionenu
3886 1635 3985 1699 Qui

2418 1736 2548 1772 nunc
2576 1733 2813 1788 operatur
2841 1723 2890 1774 in
2921 1723 3054 1788 ﬁlios
3096 1722 3402 1791 di/Iideutite.
3443 1722 3607 1778 Vides
3634 1724 3774 1791 quod
3802 1741 3901 1778 non
3930 1728 3985 1779 vi
4072 1718 4075 1789 ἶ

2419 1809 2620 1863 inducit
2648 1824 2749 1864 nec
2776 1811 3091 1879 tyrannide,
3137 1812 3229 1866 sed
3261 1796 3645 1879 persuasione?
3679 1813 3982 1868 Disitenim

2415 1900 2678 1963 ἀπιωιιαν,
2708 1915 2770 1953 ac
2800 1902 2842 1953 si
2871 1900 3041 1967 dit-as,
3075 1902 3388 1969 deceptione
3416 1911 3470 1955 et
3499 1904 3836 1971 persuasione
3863 1920 3982 1956 ont-

2415 2005 2511 2044 nes
2545 1992 2784 2045 attrahit.
2830 1993 2937 2047 Nec
2984 1994 3083 2047 hoc
3127 1994 3299 2048 solum
3346 2009 3442 2048 eos
3478 1996 3812 2061 consolatur,
3841 1998 3982 2064 quod

2412 2081 2622 2136 dederit
2664 2083 2867 2135 socium
2887 2123 2903 2147 ,
2936 2083 3029 2137 sed
3059 2082 3218 2138 etiam
3246 2084 3388 2152 quod
3418 2098 3477 2137 sc
3503 2099 3622 2138 cum
3658 2084 3771 2143 illis
3800 2097 3977 2154 ponat.

2411 2169 2478 2224 lu
2506 2171 2681 2240 quibus
2702 2213 2717 2237 ,
2749 2173 2954 2241 inquit,
2986 2183 3032 2224 et
3063 2189 3152 2225 nos
3188 2188 3357 2225 omnes
3405 2173 3681 2241 aliquando
3709 2177 3984 2228 corwersati

2408 2279 2602 2316 sumus.
2624 2262 2811 2316 Omnes
2832 2265 2981 2316 :‘non
3012 2265 3153 2317 enim
3184 2263 3307 2318 licet
3333 2264 3510 2318 dicere
3539 2265 3677 2334 quod
3707 2268 3985 2335 exemptus

2410 2363 2555 2407 esset
2583 2354 2793 2422 aliquis.
2826 2353 2890 2406 In
2914 2355 3179 2407 desideriis
3204 2356 3373 2407 carnis
3394 2365 3600 2417 nostrrr,
3628 2356 3865 2424 facientes
3897 2374 3983 2409 eo-

2410 2441 2649 2495 luntatem
2674 2444 2841 2496 carnis
2869 2454 2914 2496 et
2942 2444 3296 2513 cogitationum
3319 2488 3333 2507 ,
3364 2454 3407 2496 et
3435 2460 3637 2496 eramus
3676 2455 3855 2498 natura
3886 2448 3984 2513 lilii

2406 2531 2518 2593 ἕνα),
2547 2532 2675 2585 sicut
2711 2543 2755 2584 et
2798 2534 2968 2585 cwteri
3007 2549 3198 2585 omnes.
3235 2533 3344 2586 Hoc
3388 2544 3490 2594 cst,
3525 2534 3653 2587 nihil
3705 2535 3984 2603 spirituale

2405 2621 2692 2689 sapientes.
2718 2620 2821 2675 Sed
2846 2638 2910 2675 ne
2928 2636 3144 2675 carnem
3176 2623 3225 2674 in
3257 2622 3508 2675 invidiam
3532 2634 3682 2676 vocet
3702 2633 3757 2678 ct
3776 2624 3982 2687 odium,

2406 2725 2578 2777 neque
2608 2725 2854 2778 maguum
2901 2711 3174 2765 existimes
3213 2712 3504 2777 delictum,
3551 2713 3985 2782 videqnomodo

2404 2800 2502 2854 sibi
2533 2810 2734 2855 caveat.
2767 2801 3052 2865 (iacientes,
3087 2804 3276 2871 inquit,
3310 2806 3615 2858 voluntatem
3641 2806 3808 2858 carnis
3832 2815 3877 2858 et
3900 2824 3986 2858 co-

2403 2893 2703 2961 gitationum
2733 2903 3017 2956 nostrarum
3038 2935 3054 2959 ,
3103 2897 3202 2949 hoc
3227 2904 3329 2959 est,
3366 2895 3651 2965 voluptatis
3675 2896 3985 2961 affectiones

2399 2996 2456 3040 et
2497 2995 2694 3049 motus,
2738 2985 2903 3039 Deum
2938 2986 3264 3054 irritayiinus
3304 2996 3358 3040 et
3400 2987 3465 3040 ad
3508 2989 3636 3041 iram
3671 2992 3988 3057 provocavi-

2401 3086 2520 3128 mus
2549 3092 2561 3126 :
2598 3073 2701 3127 hoc
2729 3085 2841 3141 est,
2875 3076 2951 3128 ira
2984 3077 3208 3140 fuimus,
3236 3086 3288 3131 et
3331 3076 3461 3129 nihil
3507 3078 3675 3131 aliud.
3708 3081 3986 3143 Quotuad-

2401 3166 2615 3219 modum
2642 3166 2802 3219 enim
2847 3168 2935 3235 qtti
2965 3178 3048 3221 est
3095 3168 3234 3220 lilius
3281 3167 3512 3222 hominis
3533 3208 3546 3232 ,
3577 3178 3661 3221 est
3694 3168 3851 3222 homo
3888 3186 3986 3222 na-

2402 3266 2517 3310 tura
2536 3298 2550 3321 ,
2578 3257 2645 3310 ita
2671 3272 2768 3310 nos
2795 3272 3008 3325 quoque
3035 3258 3172 3310 sicut
3197 3266 3251 3310 et
3274 3258 3457 3311 ewteri
3482 3259 3572 3310 ira.-
3605 3258 3697 3311 lilii
3723 3275 3944 3313 eramus
3968 3279 3984 3313 :

2401 3348 2451 3401 id
2482 3358 2563 3402 est
2584 3389 2598 3411 ,
2628 3349 2803 3401 nullus
2835 3348 2970 3401 liber
2995 3358 3112 3403 crat
3138 3388 3153 3412 ,
3183 3348 3275 3401 sed
3300 3364 3491 3403 omnes
3516 3366 3636 3419 qua:
3668 3353 3741 3403 ira
3778 3351 3865 3405 Dei
3904 3352 3989 3405 di-

2398 3453 2497 3506 gna
2524 3447 2677 3491 erant
2707 3438 3047 3491 faciebamus.
3080 3440 3132 3491 4.
3170 3437 3303 3490 Deus
3329 3449 3516 3504 autem,
3548 3441 3634 3508 qui
3662 3440 3798 3493 dives
3817 3451 3897 3494 est
3928 3444 3984 3494 in
4068 3430 4075 3433 ﬁ

2398 3524 2763 3580 misericordia.
2812 3526 2926 3579 Non
2970 3527 3104 3580 dixit
3150 3529 3394 3582 abSolute
3421 3570 3435 3592 ,
3475 3528 3805 3594 Μέθῃ-ἱροῖς,
3836 3534 3941 3585 sed
3966 3574 3987 3599 ,

2399 3615 2547 3670 Dives
2576 3618 2628 3669 in
2667 3617 3013 3669 misericordia
3040 3657 3053 3680 ,
3087 3618 3222 3672 sicut
3246 3628 3298 3671 et
3320 3619 3442 3670 alibi
3468 3619 3617 3677 dicit.
3651 3620 3715 3673 in
3746 3623 3990 3674 multitu-

2397 3709 2515 3761 dine
2540 3709 2895 3762 miscricordia:
2914 3719 3047 3772 tum;
3069 3719 3124 3763 et
3150 3728 3377 3773 rursum,
3410 3712 3648 3767 Miserere
3673 3716 3768 3767 mei
3791 3732 3987 3769 secun-

2398 3800 2516 3852 dum
2544 3816 2775 3869 magnam
2803 3801 3198 3854 miscricordiam
3223 3815 3359 3855 tuam
3385 3803 3557 3871 (l’sal.
3582 3807 3671 3859 68.
3698 3807 3783 3860 Π.
3811 3818 3855 3858 et
3887 3810 3985 3863 5E0.

2398 3890 2485 3957 1,).
2523 3889 2736 3956 Propter
2773 3890 2978 3941 nimiam
3006 3891 3262 3945 caritatem
3304 3910 3446 3945 suam
3470 3934 3484 3959 ,
3516 3910 3615 3963 qua
3653 3894 3828 3948 dilexit
3860 3913 3986 3951 nos.

2396 3979 2671 4035 Undcoam
2696 3995 2791 4033 nos
2816 3980 3005 4034 dilexit
3026 3984 3281 4037 ostendit.
3315 3985 3438 4037 ":th
3458 3985 3599 4038 enim
3627 4004 3730 4040 non
3762 4004 3991 4043 meren—

2397 4078 2479 4122 tur
2508 4070 2847 4123 dileetionctu
2871 4111 2884 4133 ,
2913 4071 3005 4123 sed
3053 4072 3185 4126 iram
3216 4085 3267 4125 et
3298 4086 3596 4128 extremum
3626 4078 3984 4147 supplicium.

2393 4160 2454 4213 iit
2486 4159 2586 4212 hoe
2615 4176 2742 4228 ergo
2771 4177 2833 4213 ex
2870 4163 3029 4213 multa
3077 4164 3462 4218 misericordia.
3496 4167 3551 4221 5.
3585 4165 3649 4219 Et
3694 4185 3808 4221 cum
3837 4186 3987 4223 esse—

2394 4266 2504 4301 mus
2536 4252 2718 4301 mortui
2747 4251 2797 4302 in
2827 4250 3042 4313 delictis,
3067 4255 3424 4319 conriei/icueit
3446 4258 3494 4309 in
3517 4256 3735 4312 Christo.
3765 4260 3988 4316 Rursus

2391 4340 2636 4393 Clit-astus
2663 4352 2745 4394 est
2776 4345 2982 4396 inc-dius
3002 4386 3015 4407 ,
3044 4353 3101 4399 ct
3148 4361 3232 4397 res
3264 4357 3344 4403 est
3396 4348 3503 4402 fide
3530 4349 3708 4419 digna.
3741 4352 3798 4405 Si
3831 4343 3985 4405 enim

2393 4432 2638 4499 primitize
2673 4433 2878 4507 vivunt,
2910 4444 2963 4487 et
2990 4451 3085 4486 nos
3122 4438 3456 4492 :-'\'i\'iiit':t\'it
3486 4450 3539 4493 et
3570 4442 3739 4507 illiun,
3765 4451 3822 4495 et
3853 4460 3983 4495 nos.

2459 4522 2512 4573 2.
2552 4523 2707 4576 Vitlis
2753 4524 2891 4592 quod
2938 4527 3113 4578 (ntroin
3147 4528 3286 4581 dicta
3333 4531 3440 4608 sint
3487 4531 3555 4585 de
3582 4549 3680 4591 eo,
3713 4535 3857 4603 quod
3894 4544 3989 4587 est

2389 4613 2680 4666 Secundum
2724 4606 2982 4667 carnem?
3029 4616 3211 4669 Vidisti
3261 4604 3672 4687 essuitemntcm
3719 4625 3840 4691 ejus
3875 4625 4001 4690 ινδ-⁵

2391 4704 2570 4757 tentias
2602 4706 3021 4773 magnitudinem
3052 4710 3101 4781 in
3136 4726 3232 4762 nas
3261 4712 3346 4779 qui
3376 4716 3678 4770 credimus?
3708 4719 3795 4784 qui
3824 4736 3988 4770 mor-

2391 4795 2463 4847 tui
2493 4812 2705 4848 cratnus
2731 4805 2785 4849 ct
2830 4798 2921 4850 lilii
2968 4800 3080 4859 it'm,
3119 4799 3215 4852 hos
3254 4803 3556 4856 \‘ivificavit.
3594 4806 3780 4860 Vidisti
3818 4824 3984 4875 Spem

2389 4888 2721 4939 vocationis?
2748 4888 2798 4940 ti.
2832 4888 3251 4942 (Iouresuscitaeit
3298 4903 3341 4944 et
3389 4897 3655 4947 consedere
3701 4899 3840 4963 ficit.
3880 4897 3988 4949 \‘i-

2386 4978 2505 5031 disli
2537 4979 2758 5046 gloriam
2790 4978 2905 5047 ejus
2930 4972 3242 5035 hereditatis
3262 4987 3284 5033 ’ξ
3316 4984 3486 5036 litiam
3510 5028 3524 5047 ,
3558 4988 3788 5056 inquies,
3836 4986 3983 5040 Con-

2385 5071 2694 5123 resuscitaeit
2741 5070 2993 5137 quidem,
3044 5081 3127 5125 est
3182 5075 3557 5138 manifestum;
3611 5079 3734 5131 illud
3791 5094 3940 5133 veru
3972 5120 3988 5143 ,

2385 5165 2663 5219 Consedere
2686 5181 2776 5216 nos
2806 5164 2922 5229 fecit
2950 5165 2999 5217 in
3030 5166 3306 5220 ca'lestilms
3336 5169 3387 5220 in
3418 5169 3765 5227 Christolesu
3788 5215 3803 5235 ,
3833 5187 3991 5240 quo.

2385 5257 2543 5310 modo
2589 5256 2730 5309 stat?
2782 5255 2851 5309 Ut
2900 5249 3060 5321 illud,
3104 5256 3527 5313 Conrcsustiturit
3559 5279 3570 5315 :
3598 5264 3772 5317 nullus
3820 5265 3989 5317 enim

2383 5348 2556 5402 adhuc
2578 5359 2658 5402 est
2686 5349 2992 5411 suscitatus,
3020 5349 3119 5402 nisi
3142 5350 3304 5419 qtiad,
3329 5369 3446 5405 eum
3469 5369 3548 5417 ea;
3572 5367 3627 5408 ot
3655 5372 3993 5410 rosuri-exc-

2380 5440 2482 5503 rit,
2502 5432 2511 5440 ’
2534 5453 2632 5492 nos
2659 5453 2870 5508 quoque
2902 5455 3089 5492 Slltlllls
3116 5443 3355 5496 suscitati
3390 5460 3402 5495 :
3433 5445 3571 5498 sicut
3615 5448 3720 5501 illic
3745 5463 3988 5517 quoque

2383 5544 2501 5583 Ctlttt
2528 5528 2693 5583 Jaeob
2723 5527 3018 5593 adorasset,
3052 5546 3186 5584 uxor
3216 5548 3425 5599 quoque
3454 5534 3697 5590 adoravit
3734 5538 3981 5603 loseplt.

2382 5620 2472 5675 Sic
2502 5637 2628 5690 ergo
2672 5619 2793 5673 fecit
2823 5636 3034 5690 quoque
3072 5624 3364 5677 consedero
3391 5644 3403 5678 :
3433 5628 3655 5681 sedente
3682 5630 3828 5683 enim
3868 5644 3986 5681 ca-

2385 5713 2492 5780 pite
2518 5711 2667 5764 sedet
2693 5725 2903 5778 quoque
2929 5727 3144 5779 corpus.
3180 5715 3464 5781 Propterea
3490 5719 3632 5771 enim
3662 5720 3988 5787 subjunxu,

2388 5802 2449 5855 lu
2482 5802 2679 5857 Christo
2705 5800 2849 5854 .lesu.
2902 5804 2998 5856 Aut
3039 5806 3080 5857 si
3116 5805 3215 5860 hoc
3246 5824 3350 5859 non
3403 5810 3470 5862 ita
3499 5811 3569 5862 sit
3590 5855 3602 5869 ,
3634 5811 3725 5865 sed
3757 5829 3983 5865 entire-—

4072 363 4075 447 Α

4072 450 4075 543 l

4074 556 4075 581 i

4074 672 4075 703 l

4074 720 4075 743 ι

4074 890 4075 919 l

4072 1044 4075 1075 ι
