4122 6400
757 352 849 432 ἐτ
1455 373 1515 430 s.
1554 372 1844 431 JOANNIS
1876 368 2328 429 cumsosrom

2426 367 2716 429 mcmup.
2755 359 3304 434 consummat).
3928 370 3995 428 ει

777 489 916 544 σοῦ.
941 490 1012 544 Ἦ
1036 489 1085 543 εί
1103 489 1179 561 μή
1197 487 1375 552 τοῦτο,
1398 489 1535 543 ἀλλὰ
1560 491 1846 562 συνήγειρε
1870 489 1957 543 διά
1975 488 2070 542 τοῦ
2094 486 2341 558 λουτροῦ,

777 571 896 633 πῶς
915 567 1009 625 οὖν
1034 573 1416 638 συνεκάθισενς
1442 575 1511 626 El
1531 573 1638 644 γὰρ
1660 575 2054 642 ὑπομένομεν,
2075 572 2230 641 φησι,
2244 571 2342 624 καί

775 655 1378 723 συμϐασιλεύσομεν·
1412 658 1462 708 εί
1487 657 1847 726 ἀπεθάνομεν,
1883 659 1978 716 καὶ
2009 655 2337 723 συζήσομεν.

781 734 990 797 Ὄντως
1022 735 1336 806 Πνεύματος
1359 739 1517 808 χρεία
1542 740 1638 791 καὶ
1663 737 2078 805 ἀποκαλύψεως,
2108 734 2249 788 ῶστε
2284 735 2343 788 τὸ

778 811 940 882 βάθος
980 816 1168 886 νοῆσαι
1208 818 1315 871 τῶν
1347 819 1663 890 μυστηρίων
1691 818 1916 872 τούτων.
1957 813 2110 880 Εἶτα,
2146 818 2234 870 ἵνα
2267 818 2342 886 μὴ

775 896 1106 968 ἀπιστήσῃς,
1135 901 1238 969 ὅρα
1262 900 1314 953 τί
1343 901 1538 969 ἐπάγει
1563 919 1578 933 ·
1615 903 1745 957 Ἵνα
1764 901 2099 968 ἐνδείξηται
2123 899 2195 954 ἐν
2217 902 2343 965 τοῖς

772 977 949 1032 αίῶσι
968 980 1091 1046 τοῖς
1109 982 1532 1052 ἐπερχομένοις
1551 984 1657 1037 τὸν
1678 982 2130 1050 ὑπερϐάλλοντα
2155 982 2342 1034 πλοῦ-

769 1070 885 1112 τον
909 1060 1022 1128 τῆς
1063 1063 1305 1131 χάριτος
1331 1067 1516 1121 αὐτοῦ
1554 1067 1623 1119 ἐν
1664 1066 2025 1135 χρηστότητι
2057 1065 2147 1132 ἐφ’
2186 1063 2342 1132 ἡμᾶς

773 1139 845 1192 ἐν
875 1142 1108 1208 Χριστῷ
1153 1145 1375 1213 Ἰησοῦ.
1423 1148 1641 1217 Ἐπειδὴ
1669 1149 1780 1217 7&9
1823 1143 1944 1201 εἷπε
1970 1147 2038 1199 τὰ
2083 1148 2209 1217 περὶ
2246 1145 2338 1198 τοῦ

738 1275 757 1299 ἱ
773 1220 1030 1292 Χριστοῦ,
1055 1224 1227 1279 ταῦτα
1247 1227 1302 1281 δὲ
1324 1230 1476 1282 οὐδὲν
1493 1225 1561 1300 ἦν
1580 1230 1716 1300 πρὸς
1733 1231 1881 1298 ήμᾶς
1901 1230 2000 1298 (Τί
2017 1229 2146 1300 γὰρ.
2181 1227 2337 1298 φησὶ.

773 1305 912 1374 πρδς
936 1306 1104 1377 ἡμᾶς,
1121 1309 1170 1361 εί
1198 1311 1402 1372 ἐκεῖνος
1432 1311 1680 1381 ἀνέστη);
1707 1311 1874 1376 ἔδειξε
1905 1312 2005 1381 μὲν
2026 1307 2119 1364 οῦν
2140 1313 2220 1364 ὃτι
2247 1313 2340 1364 καὶ¹

773 1385 910 1455 πρὸς
937 1389 1106 1456 ἡμᾶς,
1152 1391 1207 1442 εί
1231 1407 1294 1456 γε
1333 1385 1486 1454 οὗτος
1515 1394 1648 1462 ήμῖν
1678 1394 1882 1462 ήνωται
1907 1409 1923 1425 ο
1964 1393 2103 1462 πλὴν
2137 1393 2216 1445 ὅτι
2246 1393 2340 1445 καὶ

770 1469 842 1520 τὰ
874 1469 1035 1540 mu"
1083 1473 1203 1524 κατ’
1252 1473 1386 1526 ἰδίαν
1423 1473 1586 1544 φησίν
1611 1491 1626 1504 ·
1659 1476 1875 1540 Ὄντας
1909 1475 2017 1544 γὰρ
2055 1473 2212 1541 ἡμᾶς
2241 1491 2338 1527 νε-

771 1549 957 1616 κροὺς
984 1550 1106 1617 τοῖς
1133 1553 1566 1622 παραπτώμασι
1601 1556 1918 1626 συνήγειρε
1934 1558 2026 1608 καὶ
2046 1555 2338 1609 συνεκάθ-

770 1648 926 1686 ισεν.
951 1633 1132 1695 Ὥστε,
1146 1635 1451 1706 ὅπερέφην,
1480 1636 1554 1708 μὴ
1569 1638 1805 1698 ἀπίστει,
1824 1639 1930 1690 ἀπό
1944 1655 2004 1690 τε
2020 1639 2125 1690 τῶν
2141 1638 2338 1707 προτέ-

771 1728 883 1781 ρων
895 1714 1003 1767 ἀπό
1018 1731 1077 1768 τε
1088 1717 1184 1786 τῆς
1206 1718 1444 1786 κεφαλῆς
1462 1719 1638 1771 ἀπότ¹ἐ
1657 1717 1749 1770 τοῦ
1769 1718 2053 1787 βούλεσθαι
2071 1719 2342 1772 ἐνδείκνυ-

771 1793 896 1848 σθαι
918 1796 1081 1849 αὐτδν
1105 1798 1203 1872 τῂν
1219 1799 1530 1868 ἀγαθότητα
1559 1799 1740 1852 λαϐὼν
1761 1799 1860 1870 τήν
1884 1799 2178 1864 ἀπόδειξιν.
2212 1799 2338 1862 Πῶς

767 1877 878 1949 7&9
906 1879 1219 1945 ἐνδείξεται,
1240 1881 1306 1936 ἂν
1334 1881 1492 1936 τοῦτο
1527 1883 1602 1953 μὴ
1630 1883 1854 1952 γένηται
1871 1901 1886 1950 ;
1906 1884 2025 1944 ’Καὶ
2049 1883 2338 1949 ἐνδείξεται

767 1959 960 2025 ἐντοῖς
985 1962 1273 2029 αίῶσιτοῖς
1298 1966 1702 2037 ἐπερχομένοις.
1727 1967 1792 2019 Τί
1813 1983 1829 2033 ;
1857 1969 1978 2020 Ὅτι
2007 1966 2100 2019 καὶ
2127 1965 2338 2034 μεγάλα

724 2039 837 2110 1τά
866 2044 1046 2113 ἀγαθά
1069 2041 1156 2117 ἦν,
1199 2048 1291 2101 καὶ
1330 2049 1547 2102 πάντων
1585 2049 1897 2117 πιστότερα.
1944 2046 2058 2100 Νῦν
2089 2048 2190 2116 μὲν
2227 2047 2339 2118 γὰρ

766 2123 929 2195 λῆρος
956 2122 1094 2181 εἶναι
1124 2118 1273 2182 δοκεῖ
1290 2133 1400 2192 τοῖς
1426 2130 1674 2194 ἀπίστοις
1705 2131 1773 2183 τά
1801 2131 2090 2200 λεγόμενα,
2121 2130 2244 2182 τότε
2278 2129 2336 2182 δὲ

765 2208 969 2271 πάντες
1010 2209 1265 2264 εἴσονται.
1299 2210 1486 2263 Βούλει
1532 2212 1726 2281 μαθεῖν
1779 2213 1872 2265 καὶ
1914 2211 2030 2274 πῶς
2069 2212 2337 2265 συνεκάθ-

767 2304 913 2356 ισεν;
947 2290 1144 2344 Ἄκουε
1171 2291 1338 2346 αὐτοῦ
1355 2292 1453 2346 τοῦ
1485 2293 1720 2363 Χριστοῦ
1752 2294 1998 2361 λέγοντος
2020 2297 2131 2356 τοῖς
2157 2293 2336 2363 μαθη-

763 2371 884 2434 ταῖς
909 2387 925 2403 ο
954 2374 1290 2427 Καθίσεσθε
1328 2374 1427 2428 ἐπὶ
1450 2373 1678 2429 δώδεκα
1713 2376 1985 2444 θρόνους,
2028 2377 2336 2443 κρίνοντες

764 2452 872 2517 τὰς
897 2452 1124 2508 δώδεκα
1150 2458 1352 2524 φυλὰς
1381 2456 1487 2510 τοῦ
1519 2457 1768 2523 Ἰσραήλ
1793 2473 1808 2487 ·
1834 2457 1928 2511 καὶ
1951 2458 2131 2521 πάλιν,
2169 2457 2239 2512 Τὸ
2267 2459 2336 2511 δέ

761 2535 1004 2588 καθίσαι
1030 2536 1100 2588 ἐκ
1131 2535 1345 2600 δεξιῶν
1362 2554 1481 2605 μου
1509 2537 1609 2590 καὶ
1646 2537 1716 2602 ἐξ
1749 2539 2070 2607 εὐωνύμων
2095 2541 2206 2593 οὐκ
2231 2539 2334 2593 ἕσ-

759 2629 859 2669 τιν
887 2617 1038 2686 ἐμὸν
1072 2617 1304 2683 δοῦναι,
1339 2621 1477 2674 ἀλλ’
1503 2617 1594 2688 οἷς
1631 2623 1984 2691 ἡτοίμασται
2024 2625 2182 2691 παρά
2225 2625 2333 2678 τοῦ

760 2699 1012 2766 Πατρός.
1044 2700 1208 2754 Ὥστε
1248 2702 1597 2772 ήτοίμασται.
1646 2705 1758 2757 Kal
1790 2704 1970 2768 καλῶς
2005 2700 2157 2758 εἶπεν
2181 2719 2195 2733 ⁸
2231 2709 2334 2760 Ἐν

759 2782 1128 2850 χρηστότητι
1171 2782 1265 2851 ἐφ’
1293 2782 1450 2853 ἡμᾶς
1477 2786 1548 2838 ἐν
1586 2786 1816 2855 Χριστῷ
1867 2787 2088 2854 Ἰησοῦ.
2116 2790 2189 2842 Τὸ
2224 2791 2332 2862 γάρ

761 2862 986 2946 καθίσαι
1009 2866 1072 2917 ἐκ
1096 2864 1286 2931 δεξιῶν
1312 2868 1476 2937 τιμῆς
1504 2871 1620 2922 ἐστι
1650 2870 1749 2937 τῆς
1769 2870 1910 2939 ὑπὲρ
1936 2872 2117 2924 πᾶσαν
2142 2873 2328 2942 τιμὴν,

761 2945 856 2999 καὶ
880 2946 999 3015 μεθ’
1029 2949 1095 3018 ήν
1128 2949 1290 3020 ἑτέρα
1310 2951 1411 3004 οὐκ
1438 2950 1573 3005 ἔστι.
1604 2951 1776 3005 Τοῦτο
1795 2949 1890 3005 οὖν
1913 2953 2080 3021 λέγει,
2110 2955 2193 3022 ὅτι
2233 2955 2328 3006 καλ⁵

760 3030 921 3099 ἡμεῖς
964 3030 1359 3101 καθεδούμεθα.
1427 3035 1633 3097 Ὄντως
1674 3035 2026 3106 ὑπερϐάλλων
2076 3036 2323 3101 πλοῦτος,

757 3111 930 3176 δντως
963 3112 1298 3186 ὑπερϐάλλον
1335 3117 1398 3170 τὸ
1444 3117 1672 3188 μέγεθος
1700 3119 1798 3188 τῆς
1829 3118 2111 3188 δυνάμεως
2138 3119 2326 3183 αὑτοῦ,

761 3195 898 3263 μετά
924 3197 1161 3264 Χριστοῦ
1199 3199 1440 3255 καθίσαι.
1476 3199 1593 3253 Κᾶν
1629 3201 1826 3270 μυρίας
1850 3201 2024 3271 ψυχὰς
2047 3201 2196 3272 ἔχῃς,
2229 3204 2330 3256 οὐκ

759 3275 1046 3341 ἀπολλύεις
1067 3279 1238 3343 αύτάς
1268 3281 1453 3334 ἕνεκεν
1479 3281 1674 3348 αὑτοῦ;
1704 3284 1754 3334 εί
1775 3283 1880 3354 γὰρ
1908 3285 1988 3347 είς
2017 3285 2128 3355 πῦρ
2158 3286 2329 3355 ἐμϐῆ-

758 3377 846 3412 ναι
885 3359 1012 3422 ἔδει,
1047 3359 1203 3414 τοῦτο
1241 3363 1341 3416 οὐκ
1375 3363 1542 3434 ἐχρῆν
1586 3364 1820 3434 ἑτοίμως
1859 3366 2182 3436 ὑπομεῖναις
2219 3370 2329 3422 Kal

758 3442 921 3505 αὐτὸς
957 3443 1015 3496 δὲ
1045 3443 1207 3520 πάλιν
1237 3445 1403 3515 φησί·
1433 3447 1603 3511 Θέλω,
1639 3447 1726 3500 ἵνα
1756 3447 1889 3501 ὅπου
1923 3449 2040 3520 είμὶ
2068 3451 2197 3519 ἐγὼ,
2231 3453 2328 3505 καὶ

757 3524 808 3575 οἱ
833 3523 1069 3578 διάκονοι
1097 3519 1232 3580 ὦσιν
1259 3528 1306 3581 οί
1332 3529 1474 3597 ἐμοί.
1508 3529 1570 3580 El
1596 3529 1704 3599 7&9
1743 3519 2183 3586 κατακόπτεσθαι
2219 3534 2326 3588 ἔδει

759 3605 881 3658 καθ’
898 3606 1132 3675 ἐκάστην
1145 3608 1376 3678 ἡμέραν,
1397 3609 1538 3678 ὑπὲρ
1552 3609 1754 3663 τούτων
1765 3613 1864 3664 οὐκ
1879 3611 1993 3684 [28]
2012 3614 2176 3684 ἐχρῆν
2190 3633 2327 3686 προ-

758 3686 825 3740 θύ
834 3704 948 3754 μως
962 3688 1357 3758 καταδέχεσθαι
1375 3707 1390 3755 ;
1409 3689 1693 3761 Ἐννόησον
1708 3693 1812 3746 ποῦ
1824 3693 2074 3747 ἐκάθισεν
2098 3697 2323 3760 ἐκεῖνος.

771 3767 999 3822 ἐπὰνω
1025 3770 1229 3837 πάσης
1249 3771 1445 3841 ἀρχῆς
1475 3772 1572 3826 καὶ
1596 3773 1902 3841 ἐξουσίας.
1932 3777 2040 3828 Kal
2061 3777 2166 3831 τίνι
2195 3795 2326 3847 συγ-

756 3848 1025 3919 κάθησαι;
1087 3850 1330 3923 Έκείνῳ.
1368 3853 1465 3917 Τίς
1489 3853 1606 3908 ὧν·ι
1639 3873 1654 3922 ;
1684 3856 1919 3926 Νεκρδς,
1952 3856 2110 3926 φύσει
2139 3859 2326 3916 τέκνον

757 3930 950 4001 ὀργῆς.
994 3933 1104 3986 Kal
1133 3933 1187 3986 τί
1221 3935 1625 4004 κατώρθωσας;
1655 3938 1842 3993 Οὐδέν.
1875 3940 2081 4004 Ὄντως
2109 3941 2206 3994 νῦν
2231 3943 2324 3996 εὔ-

760 4031 952 4086 καιρον
986 4017 1323 4088 ἀναϐοῆσαι·
1363 4020 1432 4074 Ὠ
1463 4020 1655 4088 ,βάθος
1677 4024 1946 4076 πλούτου
1979 4013 2075 4076 καί
2105 4027 2326 4093 σοφίας

756 4099 858 4150 καὶ
897 4097 1172 4169 γνώσεως
1204 4099 1351 4155 Θεοῦ
1364 4101 1387 4154 .'
1427 4102 1506 4172 Τῇ
1545 4104 1653 4172 γὰρ
1689 4102 1887 4172 χάριτί
1952 4105 2092 4159 ἐστε
2131 4122 2322 4160 σεσωο

755 4180 990 4248 σμένοι,
1023 4180 1206 4251 φησίν.
1232 4183 1350 4236 Ἵνα
1378 4185 1488 4256 γὰρ
1522 4185 1598 4257 μὴ
1629 4186 1688 4239 τὸ
1714 4186 1942 4255 μέγεθος
1961 4188 2070 4240 τῶν
2099 4189 2324 4260 εὐεργε-

759 4261 893 4314 σιῶν
915 4263 1095 4335 ἐπάρῃ
1130 4281 1212 4326 σε,
1233 4265 1334 4334 ὅρα
1362 4266 1477 4330 πῶς
1511 4284 1570 4320 σε
1601 4268 1981 4321 καταστέλλειο
2015 4269 2095 4338 Τῇ
2124 4271 2324 4340 χάριτί

753 4345 896 4398 ἐστε
921 4345 1318 4414 σεσωσμένοι,
1353 4347 1506 4422 φησί.
1538 4349 1640 4402 Διά
1663 4350 1940 4416 πίστεως.
1973 4347 2108 4405 Εἶτα
2133 4353 2216 4406 ἵνα
2244 4355 2320 4426 μὴ

753 4425 917 4480 πάλιν
929 4427 990 4480 τὸ
1023 4427 1364 4494 αὐτεξούσιον
1381 4429 1702 4501 λυμήνηται,
1725 4430 1888 4501 ἔθηκε
1911 4434 2002 4486 καὶ
2033 4433 2101 4488 τά
2120 4433 2279 4506 ήμῶν
2300 4425 2316 4468 έ

752 4508 851 4562 καὶ
878 4508 1038 4564 πάλιν
1064 4511 1196 4564 αὒτδ
1225 4512 1423 4579 ἀνεῖλε,
1454 4513 1548 4566 καί
1571 4530 1704 4585 φησι
1728 4530 1745 4546 ο
1773 4514 1883 4567 Καὶ
1906 4514 2080 4568 τοῦτο
2105 4520 2216 4571 οὐκ
2245 4519 2317 4583 ἐξ

750 4588 938 4672 Iud».
978 4592 1115 4646 Οὐδὲ
1154 4595 1187 4663 ή
1239 4594 1440 4657 πίστις,
1485 4597 1672 4664 φησιν,
1711 4593 1770 4660 ἐξ
1803 4595 1996 4667 ήμῶνο
2031 4599 2079 4650 εί
2108 4600 2215 4671 γὰρ
2241 4600 2316 4672 μή

748 4666 933 4742 ἦλθεν,
968 4675 1018 4727 εἱ
1050 4676 1160 4746 γὰρ
1190 4675 1264 4745 μὴ
1302 4675 1550 4743 ἐκάλεσε,
1585 4678 1703 4740 πῶς
1744 4666 2060 4748 ἠδυνάμεθα
2093 4666 2318 4735 πιᾱτέῡέ

751 4769 877 4820 σαι;
906 4756 1036 4822 Πῶς
1061 4757 1190 4827 7&9,
1227 4760 1382 4827 φησὶ,
1411 4761 1882 4824 πιστεύσουσιν,
1901 4761 2007 4816 ἐὰν
2023 4762 2109 4829 μὴ
2137 4764 2318 4818 ἀκού-

746 4851 976 4901 σωσιν;
1008 4841 1167 4894 Ὠστε
1193 4840 1316 4894 οὐδὲ
1347 4841 1409 4895 τι,
1431 4842 1528 4912 τῆς
1556 4842 1790 4906 πίστεως
1822 4842 2106 4914 ἡμέτερον.
2141 4845 2310 4913 Θεοῦ,

747 4922 905 4991 φησὶ,
961 4923 1023 4976 τὸ
1061 4923 1255 4992 δῶρον
1276 4941 1292 4954 ·
1332 4927 1444 4980 οὐκ
1487 4927 1556 4989 ἐξ
1584 4926 1792 4995 ἔργων.
1824 4927 1916 4996 Μὴ
1943 4927 2052 4998 γάρ
2086 4929 2246 4998 ἤρκει
2279 4933 2313 5003 ή

747 5003 930 5070 πίστις
956 5005 1147 5072 σῶσαι,
1179 5009 1383 5079 φησίν;
1428 5009 1566 5064 Ἀλλ’
1604 5011 1688 5062 ἴνα
1725 5009 1800 5080 μὴ
1825 5011 2012 5072 κενοὺς
2042 5012 2176 5081 μηδὲ
2210 5015 2313 5084 ἀρ-

746 5085 878 5153 γοὺς
905 5085 1074 5160 σώσῃ,
1106 5091 1308 5158 ταύτην
1337 5092 1600 5161 ἐζήτησεν
1637 5094 1667 5144 ὁ
1696 5092 1848 5155 Θεὸς,
1880 5092 2043 5161 φησίν
2063 5109 2078 5123 ο
2121 5089 2310 5162 Εἶπεν,

742 5167 828 5221 ὅτι
856 5170 891 5238 ή
937 5169 1120 5235 πίστις
1169 5171 1349 5236 σώζει,
1400 5173 1535 5249 ἁλλά
1567 5174 1656 5228 διά
1698 5173 1871 5249 Θεοῦέ
1912 5174 2098 5244 ἐπειδὴ
2145 5176 2253 5249 7&9
2283 5179 2313 5231 ὁ

726 5248 878 5313 θεὸς
901 5250 1185 5323 ἠθέλησεν,
1218 5255 1251 5324 ή
1276 5254 1454 5318 πίστις
1489 5246 1712 5310 ἔσωσεν.
1751 5247 1902 5309 Ἐπεὶ
1931 5257 2048 5320 πῶς
2081 5246 2243 5322 σώζει
2273 5261 2308 5330 ή

747 5331 951 5397 πίστις,
978 5335 1100 5387 εἰπέ
1137 5354 1250 5406 μοι,
1283 5337 1411 5390 ἄνευ
1438 5339 1613 5407 ἔργων
1637 5355 1653 5405 ;
1687 5337 1857 5391 Τοῦτο
1884 5341 2014 5393 αύτδ
2041 5340 2176 5393 Θεοῦ
2205 5341 2310 5395 δῶ-

690 5420 695 5426 ’
746 5415 842 5483 ρὸν
869 5417 1036 5480 ἐστιν,
1067 5418 1190 5471 Ἵνα
1206 5421 1290 5488 μή
1317 5438 1406 5486 τις
1427 5421 1825 5490 καυχήσηται,
1852 5422 1938 5474 ἵνα
1959 5422 2310 5494 εὐγνώμονας

745 5495 875 5564 περὶ
907 5498 1006 5569 τὴν
1027 5500 1185 5570 χάριν
1224 5503 1442 5573 ποιήσῃ.
1473 5503 1538 5555 Τί
1564 5500 1676 5566 οὖν,
1701 5504 1888 5573 φησὶν,
1913 5505 2076 5568 αὐτὸς
2099 5505 2306 5559 ἐκώλυ-

744 5591 842 5630 σεν
875 5580 936 5645 ἐξ
959 5580 1136 5651 ἔργων
1167 5582 1554 5654 δικαιωθῆναι;
1587 5579 1886 5657 Οὐδαμῶς·
1922 5585 2058 5653 ἀλλ’,
2099 5589 2304 5654 Οὐδεὶς,

806 5844 831 5873 ⁸
861 5843 996 5915 ρους
1017 5847 1197 5915 ερᾱρι,
1214 5851 1309 5915 Ακαὶ
1335 5852 1562 5908 ἐξουσίας.
1586 5852 2020 5915 φησίνιἙννὸησον
2041 5855 2112 5902 ὅτι
2138 5853 2303 5915 ἐκείνῳ

741 5903 984 5967 ipseiam
1010 5910 1076 5974 τῷ
1107 5903 1713 5974 καλέσαντίέπάνωτπάσης
1744 5914 1906 5977 ἀρχῆς.
1923 5903 2014 5972 ’Τίς
2035 5917 2120 5964 ὢν.

2449 489 2636 555 φησὶν,
2671 489 2730 554 ἐξ
2761 488 2938 560 ἔργων
2974 488 3283 558 ἐδικαιώθη,
3336 487 3422 542 ἵνα
3456 487 3640 559 δειχθῇ
3672 487 3766 541 τοῦ
3805 487 3935 541 Θεοῦ
3967 490 3999 557 ἡ

2448 573 2606 642 χάρις
2653 573 2748 625 καὶ
2782 574 2817 642 ὴ
2857 571 3252 642 φιλανθρωπία.
3295 571 3428 641 Οὐχὶ
3471 570 3689 640 ἔχοντας
3733 570 3869 642 ἔργα
3898 570 3998 622 ἀπ-

2443 655 2642 716 ώσατο,
2688 654 2826 706 ἀλλά
2869 655 3286 724 προδεδομένους
3330 652 3436 707 ἀπὸ
3481 653 3591 706 τῶν
3622 653 3798 722 ἔργων
3827 655 3998 722 χάριτι

2397 741 2399 743 ’
2443 736 2668 800 ἔσωσεν,
2697 736 2839 790 ὥστε
2881 737 3084 808 μηδένα
3110 735 3294 789 λοιπὸν
3325 735 3466 807 ἔχειν
3500 735 3826 806 καυχᾶσθαι.

2511 924 2580 985 γ’.
2609 916 2741 971 Εἶτα
2757 918 2844 970 ῖνα
2863 917 2937 987 μὴ
2963 915 3219 979 ἀκούσας,
3235 916 3315 969 ὄτι
3339 915 3439 969 οὐκ
3459 913 3518 981 ἐξ
3539 913 3734 984 ἔργων,
3756 912 3889 966 ἀλλά
3915 912 3999 966 πί-

2443 1015 2558 1052 στει
2585 1001 2646 1053 τὸ
2677 1002 2785 1054 πᾶν
2813 999 3173 1070 κατωρθώθη,
3201 999 3369 1068 ἀργὸς
3399 998 3558 1068 μένῃ,
3589 1000 3689 1069 ὅρα
3717 995 3770 1049 τί
3801 998 4000 1066 ἐπήγα-

2439 1101 2572 1152 γεν·
2624 1084 2822 1138 Αὐτοῦ
2867 1082 2976 1152 γάρ
3027 1084 3215 1150 ἐσμεν
3262 1082 3509 1150 ποίημα,
3552 1080 3896 1147 κτισθέντες
3937 1081 4001 1132 ἐν

2439 1167 2671 1236 Χριστῷ
2711 1166 2916 1233 Ἰησοῦ
2948 1165 3046 1219 ἐπὶ
3084 1165 3281 1233 ἔργοις
3315 1163 3579 1232 ἀγαθοῖς,
3613 1158 3703 1228 οἷς
3732 1164 4001 1231 προητοί-

2435 1267 2634 1320 μασεν
2659 1253 2691 1304 ό
2714 1247 2878 1314 Θεὸς.
2901 1249 3003 1302 ἵνα
3017 1246 3086 1302 ἐν
3106 1246 3309 1312 αὐτοῖς
3330 1244 3843 1314 περιπατήσωμεν.
3864 1245 4004 1314 Ὅρα

2440 1333 2602 1385 αὐτὸν
2629 1333 2683 1385 τί
2712 1349 2846 1399 φησι
2870 1348 2887 1360 ’
2909 1333 3008 1401 τὴν
3036 1329 3392 1398 άναγέννησιν
3425 1327 3657 1382 ἐνταῦθα
3685 1331 3998 1383 αἰνίττεται.

2444 1419 2648 1480 Ὄντως
2681 1416 2858 1478 κτίσις
2895 1415 3055 1485 ἔτέρα
3103 1415 3252 1467 ἐστίν
3275 1429 3289 1444 ο
3329 1416 3398 1466 ἐκ
3423 1413 3519 1466 τοῦ
3547 1412 3621 1482 μὴ
3650 1412 3803 1475 ὄντος
3836 1415 3917 1476 είς
3945 1413 4001 1465 τὸ

2440 1496 2576 1552 εἶναι
2615 1497 2993 1568 παρήχθημεν.
3029 1499 3202 1566 Ὅπερ
3237 1493 3377 1565 ἦμεν
3413 1497 3697 1566 πρότερον,
3739 1495 4002 1549 ἀπεθάνο-

2442 1599 2561 1652 μεν,
2590 1582 2885 1643 τουτέστιν,
2919 1583 2948 1633 δ
2981 1579 3206 1638 παλαιὸς
3229 1579 3508 1647 ἄνθρωπος
3528 1593 3542 1605 ·
3569 1580 3703 1648 ὅπερ
3729 1580 3829 1632 οὐκ
3862 1575 4001 1648 ἦμεν

2427 1662 2720 1733 πρότερον,
2765 1663 3079 1732 ἐγενόμεθα.
3121 1662 3260 1731 Ἄρα
3281 1660 3454 1724 κτίσις
3487 1661 3546 1713 τὸ
3588 1661 3819 1738 πρᾶγμά
3862 1662 3998 1722 ἐστι,

2439 1749 2531 1800 καὶ
2562 1749 2658 1815 τῆς
2700 1745 2891 1814 ἐτέρας
2934 1744 3232 1812 τιμιωτέρα
3258 1759 3272 1773 ·
3306 1741 3364 1806 ἐξ
3414 1743 3624 1812 ἐκείνης
3667 1743 3766 1811 μὲν
3793 1742 3904 1814 7&9
3943 1745 4001 1794 τὸ

2438 1829 2555 1898 ζῇν,
2589 1832 2652 1882 ἐκ
2678 1827 2735 1880 δέ
2779 1825 2984 1896 ταύτης
3013 1827 3072 1878 τὸ
3105 1825 3282 1887 καλῶς
3320 1825 3419 1894 ζῇν
3457 1825 3589 1892 ήμῖν
3629 1824 3996 1893 περιγέγονεν.

2449 1913 2574 1965 Ἐπὶ
2611 1913 2806 1982 ἔργοις
2848 1909 3109 1977 ἀγαθοῖς,
3156 1903 3246 1974 οίς
3281 1907 3720 1975 προητοίμασεν
3759 1910 3792 1960 ὀ
3835 1908 4000 1972 Θεὸς,

2435 1998 2537 2050 ἵνα
2561 1995 2630 2050 ἐν
2652 1993 2858 2058 αὐτοῖς
2887 1991 3384 2060 περιπατήσωμεν
3405 2006 3418 2020 ·
3449 1990 3548 2058 οὐχ
3576 1991 3660 2042 ἵνα
3685 1988 3998 2061 ἀρξώμεθα,
4068 2006 4077 2019 '

2437 2083 2574 2145 ἀλλ’,
2599 2082 2733 2136 Ἵνα
2751 2077 3245 2149 ,περιπατήσωμεν
3261 2093 3274 2106 ⁸
3299 2074 3552 2145 διαρκοῦς
3570 2073 3824 2145 γάρήμῖν
3845 2076 4003 2143 χρεία

2436 2151 2538 2233 τῆς
2581 2163 2783 2233 ἀρετῆς
2816 2161 2911 2215 καὶ
2959 2158 3325 2226 ἐκτεταμένης
3366 2159 3445 2218 είς
3469 2155 3566 2223 τὴν
3609 2155 3864 2224 τελευτήν
3902 2155 4001 2225 τὴν

2437 2247 2732 2318 ἡμετέραν.
2775 2243 2907 2297 Οὐδὲ
2938 2243 3068 2313 7&9,
3105 2243 3151 2293 εί
3187 2240 3421 2310 βαδίζειν
3450 2239 3567 2290 ὁδὸν
3597 2238 3711 2292 ἔδει
3737 2240 3815 2300 είς
3845 2239 4002 2292 πόλιν

2435 2332 2706 2402 φέρουσαν
2734 2325 3035 2396 βασιλικήν,
3063 2319 3181 2376 εἶτα
3203 2322 3262 2375 τδ
3289 2321 3449 2373 πλέον
3477 2320 3649 2390 αὐτῆς
3681 2319 4000 2385 ἀνύσαντες,

2436 2414 2564 2484 περὶ
2588 2414 2648 2466 τὸ
2675 2412 2826 2474 τέλος
2857 2409 2988 2463 αὐτὸ
3021 2405 3443 2477 μαλακισθέντες
3471 2404 3823 2474 ἐκαθίσαμεν,
3862 2405 4004 2476 dm}-

2437 2514 2528 2550 σεν
2568 2496 2634 2549 ἂν
2676 2497 2826 2564 ἡμᾶς
2862 2493 2923 2544 τ’)
2969 2489 3216 2560 βαδίσαι·
3265 2488 3436 2550 οῦτως
3473 2487 3594 2540 οὐδὲ
3632 2489 3665 2557 ή
3709 2487 3865 2552 ἐλπὶς
3899 2491 4002 2556 τῆς

2433 2580 2676 2650 κλήσεως
2695 2577 2956 2646 ώνήσειεν
2979 2575 3043 2628 ἄν
3063 2589 3115 2624 τι
3131 2571 3257 2633 τοὺς
3280 2586 3447 2639 κεκτη
3457 2568 3651 2638 μένους
3666 2568 3727 2622 τὸ
3742 2572 4007 2640 πρᾶγμα,

2433 2663 2500 2717 ἂν
2531 2662 2606 2731 μὴ
2646 2660 2811 2724 ἀξίως
2839 2655 3298 2727 περιπατήσωμεν
3324 2651 3416 2704 τοῦ
3462 2651 3806 2715 καλέσαντος.
3852 2654 4006 2723 Κλη-

2432 2745 2617 2806 θέντες
2643 2739 2736 2795 οὖν
2763 2743 2849 2794 ἐπ’
2879 2739 3066 2809 ἔργοις
3090 2735 3331 2804 ἀγαθοῖς,
3374 2733 3624 2806 μένωμεν
3654 2733 3870 2788 ἅπαντα
3903 2737 4002 2806 ἐρ-

2431 2827 2740 2895 γαζόμενοι.
2774 2823 2872 2875 Διά
2905 2819 3065 2874 τοῦτο
3094 2818 3201 2888 7&9
3230 2817 3558 2887 ἐκλήθημεν,
3583 2817 3680 2887 οὐχ
3711 2818 3794 2870 ἵνα
3821 2817 3881 2870 ἒν
3909 2818 4024 2888 ἔρον

2429 2926 2526 2979 γον
2561 2905 2943 2976 ἐργασώμεθα,
2989 2903 3104 2956 ἀλλ’
3144 2902 3230 2955 ἵνα
3257 2901 3453 2955 πάντα.
3490 2902 3700 2973 Ὠσπερ
3733 2899 3849 2972 [29]
3888 2903 4002 2972 7&9

2431 2991 2712 3062 αἰσθήσεις
2771 2991 2904 3060 ήμῖν
2955 2987 3116 3040 πέντε
3168 2985 3296 3047 εἰσὶ,
3350 2985 3443 3038 καὶ
3488 2983 3690 3047 πάσαις
3747 2987 3826 3048 εἰς
3877 2986 4004 3038 δέον

2430 3075 2730 3144 κεχρῆσθαι
2757 3073 2877 3134 δεῖ,
2908 3070 3049 3123 οὕτω
3085 3069 3177 3121 καὶ
3200 3067 3402 3129 πάσαις
3431 3069 3547 3128 ταῖς
3578 3067 3820 3136 ἀρεταῖς.
3853 3068 3920 3120 Εἰ
3944 3067 4005 3119 δέ

2429 3177 2512 3222 τις
2529 3155 2831 3229 σωφρονοίη
2860 3153 2981 3224 μὲν,
3011 3151 3327 3221 ἀνελεήμων
3347 3149 3404 3203 δὲ
3426 3149 3534 3219 εἴη,
3565 3148 3597 3215 ἢ
3622 3148 3868 3218 ἐλεήμων
3899 3150 4010 3216 μὲν

2430 3245 2536 3312 εἴη,
2569 3238 2896 3308 πλεονέκτης
2928 3237 3007 3298 δέ,
3044 3237 3076 3304 ἢ
3113 3235 3370 3304 ἀπέχοιτο
3398 3232 3499 3302 μὲν
3529 3231 3638 3284 τῶν
3673 3233 4007 3302 ἀλλοτρίων,

2428 3325 2535 3378 τῶν
2561 3325 2617 3377 δὲ
2654 3320 2818 3375 αὑτοῦ
2857 3321 2930 3389 μὴ
2967 3317 3252 3388 μεταδιδοῖ,
3285 3315 3462 3369 πάντα
3491 3315 3612 3385 είκῆ
3643 3314 3872 3382 γίνεται.
3922 3316 4007 3367 Οὐ

2426 3407 2532 3478 γὰρ
2564 3405 2725 3476 ἀρκεῖ
2769 3403 2868 3472 μία
2905 3403 3062 3472 μόνον
3099 3398 3266 3468 ἀρετὴ
3294 3397 3642 3467 παραστῆσαι
3675 3396 3753 3466 τῷ
3786 3397 4010 3466 βήματι

2424 3489 2519 3544 τοῦ
2566 3485 2802 3560 Χριστοῦ
2853 3484 2990 3554 μετὰ
3037 3482 3345 3553 παρρησίας
3383 3483 3552 3551 ἡμᾶς,
3602 3480 3739 3534 ἀλλὰ
3793 3481 4008 3550 πολλῆς

2427 3576 2558 3644 ἡμῖν
2599 3571 2682 3624 δεῖ
2725 3568 2819 3622 καὶ
2858 3566 3106 3634 ποικίλης
3143 3565 3237 3617 καὶ
3275 3564 3637 3633 παντοδαπῆς,
3685 3562 3783 3615 καὶ·
3811 3563 4005 3634 πάσης

2426 3655 2615 3724 αὐτῆς.
2647 3655 2847 3705 ’Ᾱκουε
2877 3649 2983 3718 γάρ
3011 3646 3104 3701 τοῦ
3143 3645 3379 3715 Χριστοῦ
3405 3646 3652 3713 λέγοντος
3675 3648 3784 3707 τοῖς
3814 3647 4006 3715 μαθη.

2423 3740 2544 3800 ταῖς
2564 3753 2578 3768 ο
2614 3733 3008 3802 Πορευθέντες
3039 3729 3452 3799 μαθητεύσατε
3482 3727 3676 3781 πάντα
3708 3727 3780 3780 τὰ
3821 3728 4002 3796 ἔθνη,

2423 3819 2814 3881 διδάσκοντες
2837 3814 3057 3878 αὐτοὺς
3079 3811 3279 3880 τηρεῖν
3302 3811 3518 3874 πάντα,
3548 3810 3664 3864 ὅσα
3697 3810 4004 3866 ἐνετειλὰ-

2419 3891 2546 3973 ιὶην
2574 3901 2715 3970 ὑμῖν
2734 3917 2748 3932 ·
2783 3900 2876 3953 καὶ
2909 3897 3091 3959 πάλιν,
3118 3898 3228 3950 Ἂν
3258 3897 3422 3962 λύσῃ
3462 3911 3550 3960 τις
3572 3894 3720 3962 μίαν
3745 3892 3865 3947 τῶν
3889 3896 3999 3949 ἐν-

2424 3984 2619 4039 τολῶν
2647 3983 2872 4037 τούτων
2892 3979 3009 4033 τῶν
3030 3979 3386 4046 ἐλαχίστων,
3413 3977 3736 4045 ἐλάχιστος
3763 3979 4003 4046 κληθή-

2422 4082 2591 4122 σεται
2622 4067 2690 4120 ἐν
2721 4064 2796 4132 τῇ
2812 4063 3099 4128 βασιλείᾳ
3129 4061 3248 4114 τῶν
3279 4059 3572 4126 οὐρανῶν,
3602 4059 3903 4125 τουτέστιν,
3938 4065 4012 4116 ὲν

2421 4153 2492 4219 τῇ
2512 4149 2824 4202 ἀναστάσει.
2852 4147 2927 4199 Οὐ
2953 4145 3060 4214 γὰρ
3081 4144 3146 4214 δὴ
3167 4145 3247 4207 είς
3277 4133 3560 4212 βασιλείαν
3585 4141 3960 4197 εἰσελεύσεται
3983 4165 4001 4179 ο

2421 4227 2528 4286 οἶδε
2558 4232 2667 4300 γὰρ
2698 4229 2793 4283 καὶ
2819 4228 2979 4282 αὑτὸν
3002 4228 3094 4280 τὸν
3122 4225 3311 4296 καιρὸν
3336 4228 3434 4294 τῆς
3454 4225 3801 4286 ἀναστάσεως
3824 4224 4008 4293 βασι-

2419 4315 2570 4369 λείαν
2606 4313 2809 4366 καλεῖν.
2858 4313 3017 4366 Μίαν
3058 4311 3167 4364 ἐὰν
3203 4311 3390 4374 λύσῃ,
3433 4309 3620 4378 φησὶν,
3663 4305 4004 4376 ἐλάχιστος

2419 4397 2806 4466 κληθήσεται.
2838 4396 3002 4449 Ὥστε
3032 4393 3219 4448 πασῶν
3255 4395 3386 4463 ἡμῖν
3414 4392 3512 4446 δεῖ.
4001 4431 4006 4434 .

2488 4578 2596 4631 Kal
2615 4577 2716 4646 ὅρα
2742 4575 2858 4639 πῶς
2885 4575 2987 4628 οὐκ
3013 4574 3090 4629 ἔνι
3112 4573 3281 4645 χωρὶς
3304 4572 3672 4642 ἐλεημοσύνης
3699 4570 4006 4639 εἰσελθεῖν,

2399 4661 2552 4716 ἀλλὰ
2581 4661 2684 4714 κᾶν
2725 4659 2864 4730 αῦτη
2887 4659 3040 4730 ιμόνη
3079 4657 3300 4735 ἐλλίπῃ..
3323 4658 3402 4719 είς
3441 4656 3502 4708 τὺ
3539 4655 3648 4725 πῦρ
3685 4653 4004 4710 ἀπελευσό-

2421 4743 2577 4815 μεθα.
2621 4742 2933 4799 Ἀπέλθετε
2974 4743 3102 4811 γὰρ,
3147 4741 3332 4811 φησὶν,
3363 4741 3417 4792 οἱ
3461 4735 3859 4804 κατηραμένοι
3900 4741 4002 4805 εἰς

2414 4828 2479 4882 τὸ
2522 4828 2641 4896 πῦρ
2666 4826 2904 4880 αἰώνιον
2927 4825 2993 4879 τὸ
3024 4823 3460 4892 ἡτοιμασμένον
3488 4819 3568 4885 τῷ
3597 4820 3851 4885 διαϐόλῳ
3883 4825 3997 4877 καὶ

2415 4909 2538 4973 τοῖς
2558 4908 2836 4979 ἀγγέλοις
2859 4908 3066 4962 αὐτοῦ.
3094 4908 3252 4970 Τίνος
3271 4907 3476 4968 ἕνεκεν,
3504 4905 3596 4956 καὶ
3625 4904 3712 4956 διὰ
3741 4903 3790 4955 τί
3814 4919 3831 4965 ς
3861 4904 4000 4960 Ὅτι

2412 4992 2724 5056 ἐπείνασα,
2751 4991 2846 5044 καὶ
2869 4993 2982 5044 οὐκ
3008 4989 3266 5043 ἐδώκατέ
3279 5006 3382 5057 μοι
3404 4987 3617 5057 φαγεῖν
3640 5003 3654 5017 ·
3689 4985 3998 5055 ἐδίψηοζα,

2413 5080 2512 5132 καὶ
2565 5081 2677 5133 οὐκ
2717 5077 3036 5132 ἐποτίσατέ
3076 5092 3176 5146 με.
3233 5071 3384 5137 Εἶδες
3431 5073 3546 5136 πῶς
3595 5072 3748 5124 οὐδὲν
3793 5071 3999 5143 ἕτερον

2412 5162 2790 5233 ἐγκληθέντες,
2815 5160 2902 5214 διὰ
2927 5160 3082 5214 τοῦτο
3105 5159 3264 5229 μόνον
3283 5157 3561 5211 ἀπώλοντο
3584 5172 3610 5221 ;-
3631 5156 3739 5208 Kal
3760 5156 3816 5207 αί
3842 5173 3996 5229 παρ-

2411 5245 2553 5299 θένοι
2595 5244 2685 5298 διὰ.
2726 5242 2885 5297 τοῦτο
2923 5243 3086 5313 μόνον
3131 5241 3497 5310 ἐξεϐλήθησαν
3537 5237 3632 5292 τοῦ
3668 5238 3998 5314 νυμφῶνος²

2411 5327 2587 5381 καίτοι
2632 5344 2696 5395 γε
2732 5324 3082 5397 σωφροσύνην
3120 5321 3265 5395 εἶχον
3288 5339 3303 5354 ο
3341 5323 3455 5375 ἀλλ’
3499 5322 3686 5392 ἐπειδὴ
3717 5323 3816 5391 τῆς
3869 5323 3998 5378 ἀπδ

2410 5409 2778 5481 ἐλεημοσύνης
2811 5404 2953 5479 ἦσαν
2985 5407 3179 5478 ἔρημοι
3210 5406 3483 5477 βοηθείας,
3511 5403 3612 5476 ’τῷ
3651 5403 3872 5473 νυμφίῳ
3904 5410 3997 5481 οὗ

2411 5491 2778 5562 συνεισῆλθον.
2803 5490 3089 5558 Εἰρήνην,
3118 5492 3270 5560 φησὶ,
3290 5491 3440 5560 μετά
3458 5489 3696 5542 πάντων
3715 5487 3992 5557 διώκετε,
4022 5508 4030 5510 ‘

2408 5574 2504 5628 καὶ
2545 5573 2654 5627 τὸν
2703 5573 3016 5641 ἁγιασμόν,
3057 5569 3129 5628 οὗ
3169 5573 3348 5640 χωρίς
3393 5571 3593 5638 οὐδεὶς
3625 5571 3833 5641 ὄψεται
3871 5575 3999 5628 τὸν

2409 5659 2646 5724 Κύριον.
2688 5656 2970 5726 Ἐννόησον
2999 5656 3199 5721 τοίνυν,
3234 5657 3318 5710 ὅτι
3348 5656 3518 5728 χωρὶς
3556 5656 3656 5725 μὲν
3689 5658 3994 5724 σωφροσύο

2408 5759 2506 5811 νης
2533 5740 2633 5793 οὐκ
2666 5739 2744 5793 ἔνι
2788 5739 2915 5792 ἰδεῖν
2947 5738 3040 5793 τὸν
3074 5740 3278 5809 Κύριον
3304 5755 3318 5768 ’
3359 5740 3420 5792 ού
3467 5741 3683 5802 πάντως
3734 5739 3790 5792 δὲ
3836 5743 4000 5807 μετὰ

2411 5823 2764 5892 σωφροσύνης
2805 5822 3028 5876 δυνατὸν
3071 5823 3200 5876 ἰδεῖν
3221 5839 3235 5851 ⁶
3263 5822 3520 5898 «quam;
3548 5823 3654 5893 γὰρ
3677 5822 3869 5891 ἕτερον
3897 5828 3994 5878 ἐν-

2411 5905 2642 5959 επόδισε.
2675 5905 2842 5960 Πάλιν
2861 5905 2925 5960 ἂν
2949 5906 3122 5960 πάντα
3153 5907 3604 5977 κατορθώσωμεν,
3635 5909 3724 5961 τὸν
3751 5907 3808 5960 δέ
3837 5909 3993 5976 πλη-
