4108 6312
1791 197 1874 222 ea)

1775 219 1818 298 vi
1835 223 1844 228 ..

139 369 209 424 33
1046 369 1111 425 ΙΝ
1152 369 1373 427 EPIST.
1419 370 1509 425 AD
1549 369 1794 428 EPilliS.
1836 369 1991 429 CAP.
2033 372 2098 429 ll.
2140 373 2372 431 illiilli...
2417 375 2504 433 IV.
3354 392 3427 448 δι

136 483 413 536 suscitavit
444 498 544 553 per
592 484 902 550 lavacrum,
949 485 1224 566 quomodo
1252 501 1383 558 ergo
1425 488 1726 542 consedere

131 568 292 628 fecit?
321 573 453 628 Nam
501 575 564 630 Si
591 578 923 641 sustinemus,
961 577 1169 648 inquit,
1217 587 1266 632 et
1307 581 1729 650 conregnabimus

142 663 238 736 (2.
275 662 409 718 Tim.
439 666 494 720 2.
527 666 594 721 l2
625 668 665 737 ).
724 667 781 722 Si
829 669 1128 736 morimur,
1156 670 1320 724 etiam
1367 671 1526 726 simul
1577 671 1725 726 vive-

132 770 276 809 Inus.
304 756 504 826 Spiritu
554 772 740 812 revera
784 773 919 828 opus
943 771 1026 814 est
1060 769 1116 815 et
1143 760 1472 815 revelatioue
1497 800 1513 826 ,
1545 773 1600 815 ut
1647 764 1699 815 in

130 845 440 915 telligamus
485 850 804 918 profundum
850 849 1041 905 horum
1087 852 1484 921 mysteriorum.
1523 853 1722 906 Deinde

126 951 201 990 ne
242 935 398 991 ﬁdem
443 954 550 993 non
595 939 831 1006 habeas,
861 941 985 996 vide
1014 942 1140 1012 quid
1186 941 1476 1013 subiungat
1508 959 1521 996 :
1554 944 1606 997 7.
1653 941 1721 996 Ut

123 1028 412 1082 ostenderet
442 1030 494 1082 in
521 1031 718 1084 δαναιιή
745 1033 1208 1098 supervenientibus
1244 1034 1558 1087 abundantes
1587 1034 1719 1086 divi-

120 1121 227 1172 tias
256 1122 434 1191 grutite
469 1137 606 1184 sua,
631 1123 683 1176 iu
714 1123 934 1179 bonitate
968 1142 1122 1190 super
1144 1142 1236 1181 nos
1263 1128 1317 1180 in
1339 1126 1540 1182 Christo
1571 1127 1715 1181 Jesu.

118 1209 261 1264 Nam
286 1213 536 1281 quoniam
569 1214 656 1267 illa
681 1213 813 1268 dixit
833 1215 902 1270 de
923 1214 1175 1282 Christo;
1203 1232 1322 1286 qua:
1350 1224 1529 1270 autem
1558 1217 1714 1284 dixit,

115 1300 192 1354 ad
222 1319 321 1357 nos
353 1303 484 1356 nihil
515 1316 708 1358 erant:
756 1322 878 1359 nam
922 1307 1050 1376 quid
1092 1306 1158 1362 ad
1187 1323 1287 1362 nos
1329 1309 1374 1362 si
1404 1309 1493 1363 ille
1540 1324 1719 1363 resur-

115 1395 302 1448 rexit?
328 1395 565 1449 ostendit
589 1396 638 1449 id
663 1411 877 1466 quoque
896 1397 963 1450 ad
988 1413 1086 1451 nos
1118 1399 1404 1467 pertinere,
1425 1398 1469 1452 si
1497 1399 1714 1469 quidem

114 1489 171 1538 is
199 1486 355 1540 nobis
378 1497 468 1541 est
511 1487 723 1550 unitos;
754 1488 854 1541 nisi
880 1487 1023 1557 quod
1052 1504 1295 1543 seorsum
1343 1489 1472 1544 dicit
1498 1505 1619 1561 qua:
1645 1491 1714 1547 ad

113 1591 224 1629 nos
257 1577 528 1644 pertinent
558 1595 570 1630 :
604 1576 668 1630 Et
695 1593 813 1630 cum
841 1575 1063 1632 essemus
1091 1581 1277 1632 mortui
1305 1581 1524 1646 peccatis
1543 1620 1559 1645 ,
1591 1597 1714 1634 con-

111 1669 435 1720 resuscitaeit
464 1678 508 1721 et
537 1669 805 1722 consedere
828 1669 966 1737 fecit.
1016 1670 1400 1738 Quamobrem,
1465 1673 1602 1727 sicut
1629 1673 1712 1727 di-

110 1759 310 1812 cebam
332 1802 346 1822 .
379 1759 484 1813 noli
513 1774 621 1813 non
653 1759 852 1815 habere
881 1759 1039 1814 Iidem
1060 1801 1076 1824 ,
1118 1772 1334 1831 accepta
1363 1763 1707 1818 demonstra-

110 1850 266 1905 tione
313 1858 370 1904 et
414 1866 479 1904 ex
523 1851 792 1920 prioribus
839 1859 894 1906 et
938 1868 1002 1906 es
1053 1855 1230 1922 capite
1258 1863 1311 1908 et
1343 1870 1406 1908 ex
1436 1858 1520 1909 'eo
1564 1856 1708 1924 quod

109 1943 248 1996 velit
279 1942 565 1997 ostendere
590 1957 744 1997 suam
786 1944 1096 1998 bonitatem.
1143 1944 1428 2012 Quomodo
1455 1947 1599 2000 enim
1622 1962 1708 2000 os-

111 2035 337 2099 tendet,
389 2035 432 2090 si
477 2035 579 2090 hoc
621 2052 725 2090 non
777 2035 972 2090 factum
1020 2036 1220 2091 fuerit?
1266 2038 1330 2090 Et
1360 2038 1609 2092 ostendet
1655 2039 1705 2092 in

109 2107 334 2179 sarculis
386 2127 919 2195 supervenientibus:
964 2127 1269 2195 Quidnam?
1314 2129 1466 2196 Quod
1514 2146 1704 2198 magna

108 2219 218 2270 sint
251 2218 389 2273 bona
416 2227 472 2270 et
501 2218 748 2271 omnibus
776 2219 1134 2272 credibiliora.
1165 2217 1296 2272 Nam
1321 2234 1461 2273 nunc
1488 2220 1703 2287 quidem

108 2325 231 2377 quze
262 2310 550 2374 dicuntur,
586 2309 872 2362 incredulis
904 2309 1150 2363 videntur
1188 2323 1308 2363 esse
1349 2324 1545 2378 nugae;
1578 2321 1705 2365 tunc

106 2410 292 2453 autem
339 2414 529 2454 omnes
579 2401 772 2454 scient.
826 2399 915 2453 Vis
958 2400 1166 2454 discere
1223 2400 1382 2454 etiam
1431 2401 1704 2471 quomodo

108 2491 234 2544 fecit
266 2490 600 2545 consedere?
628 2489 764 2543 Audi
801 2490 972 2559 ipsum
1003 2491 1275 2544 Christum
1320 2491 1588 2544 dicentem
1615 2491 1697 2544 di-

106 2583 337 2651 seipulis
371 2601 382 2633 :
413 2582 663 2636 Sedebitis
692 2597 842 2644 super
880 2582 1146 2636 duodecim
1185 2583 1364 2646 sedes,
1407 2583 1702 2652 judicanm

107 2674 380 2726 duodecim
423 2673 580 2726 tribus
642 2671 842 2733 Israel;
882 2682 937 2727 et
980 2687 1201 2738 rursus,
1240 2672 1430 2727 Sedere
1466 2682 1634 2725 autent
1669 2691 1702 2726 tt

106 2769 331 2821 dexteris
371 2768 496 2820 meis
539 2777 585 2820 et
612 2783 644 2819 a
683 2767 898 2820 sinistris
924 2807 940 2832 ,
981 2784 1081 2820 non
1112 2777 1185 2820 est
1228 2782 1392 2819 meum
1429 2767 1588 2830 dare,
1610 2767 1700 2818 sed

105 2861 290 2927 quibus
319 2853 556 2927 paratum
583 2868 657 2911 est
685 2876 715 2910 ιι
741 2857 896 2910 Putre
924 2876 1032 2911 meo
1055 2858 1275 2929 (Matth.
1301 2859 1389 2912 19.
1419 2857 1508 2911 28.
1539 2869 1585 2910 et
1605 2856 1697 2912 20.

102 2951 222 3018 25).
257 2951 349 3003 Est
378 2951 555 3017 itaque
584 2958 848 3018 paratum.
894 2949 959 3002 Et
990 2961 1142 3003 recte
1165 2949 1328 3013 dicit,
1374 2947 1436 3001 In
1479 2949 1699 3002 bonitate

104 3059 261 3110 super
293 3059 384 3094 uos
420 3042 474 3093 iu
520 3040 719 3094 Christo
758 3039 903 3094 Jesu.
950 3041 1152 3095 Sedere
1192 3042 1333 3095 enim
1362 3057 1390 3094 a
1422 3042 1695 3106 dexteris,

103 3145 183 3188 est
235 3133 455 3187 honoris
500 3133 587 3202 qui
628 3148 841 3186 onmem
889 3142 1108 3202 superat
1156 3133 1438 3198 honorem,
1485 3144 1540 3186 et
1578 3140 1698 3200 post

105 3240 267 3292 quem
298 3240 404 3277 non
432 3233 558 3276 sunt
600 3223 726 3276 alia.
759 3223 868 3276 lloc
897 3239 1026 3293 ergo
1057 3224 1210 3288 dixit,
1228 3238 1325 3278 nos
1345 3238 1555 3294 quoque
1582 3238 1696 3278 ses-

103 3329 285 3368 suros.
320 3313 458 3368 Vere
485 3322 609 3368 sunt
635 3325 1018 3396 exsuperantes
1049 3314 1282 3382 divitiae,
1315 3329 1439 3369 vere
1465 3329 1696 3383 exsupe-

101 3423 233 3459 rans
277 3405 589 3476 magnitudo
633 3407 752 3476 ejus
795 3406 1042 3470 virtutis,
1076 3407 1266 3460 sedere
1301 3421 1424 3460 cum
1451 3403 1690 3461 Christo.

100 3498 332 3551 Etiamsi
362 3498 510 3553 mille
539 3497 737 3553 habeas
763 3497 993 3565 animus,
1019 3505 1238 3567 propter
1254 3497 1428 3567 ipsum
1457 3513 1551 3552 eas
1583 3512 1690 3551 non

100 3592 328 3659 perdis?
367 3607 489 3645 nam
541 3592 642 3646 etsi
687 3591 740 3645 in
788 3593 963 3661 ignem
1011 3601 1155 3645 esset
1198 3589 1502 3644 intrandum
1530 3631 1546 3654 ,
1592 3606 1693 3644 an-

101 3701 212 3740 non
241 3695 516 3754 oporteret
559 3683 663 3739 hoc
717 3691 961 3753 prompte
1014 3683 1316 3737 sustinere?
1365 3682 1532 3737 Porro
1579 3683 1694 3750 ipse

97 3792 318 3845 quoque
374 3790 560 3829 rursus
605 3775 769 3837 dicit,
825 3773 958 3829 Volo
1009 3783 1065 3827 ut
1105 3772 1192 3827 ubi
1244 3786 1362 3828 sum
1411 3788 1543 3842 ego,
1591 3774 1691 3827 mi-

100 3869 258 3920 nistri
287 3881 497 3936 quoque
528 3866 630 3919 mei
676 3865 783 3919 sint
809 3863 990 3934 (Joan.
1028 3864 1115 3918 l2.
1148 3863 1265 3933 26).
1302 3863 1431 3918 Nam
1464 3865 1506 3918 si
1537 3878 1691 3934 opor-

101 3966 246 4012 teret
269 3957 505 4026 quotidie
539 3956 795 4011 dissecari
817 3997 832 4020 ,
864 3970 1042 4010 annon
1080 3964 1357 4024 oporteret
1395 3955 1444 4008 id
1492 3971 1588 4022 pro
1625 3971 1692 4009 eo

100 4058 356 4119 prompto
383 4058 437 4103 et
485 4049 646 4103 alacri
695 4049 876 4102 anim’o
917 4039 1233 4116 suscipere?
1260 4048 1447 4117 Cogita
1481 4048 1568 4102 ubi
1602 4049 1691 4104 ille

99 4140 310 4194 sederit
340 4160 354 4193 ;
382 4139 557 4208 Supra
582 4155 782 4192 onmem
809 4135 1152 4209 principatum
1179 4147 1227 4192 et
1254 4149 1573 4208 potestatem.
1621 4141 1691 4196 Et

98 4248 229 4286 cum
273 4247 376 4300 quo
420 4231 720 4286 consedes?
760 4231 895 4285 Cum
947 4231 1058 4285 illo.
1101 4230 1357 4297 Quisnam
1401 4247 1524 4285 cum
1571 4233 1690 4286 sis?

99 4325 379 4386 Mortuus,
410 4333 595 4376 natura
646 4323 786 4375 titius
828 4323 944 4376 irae.
987 4322 1052 4375 Et
1077 4321 1202 4390 quid
1244 4333 1390 4377 recte
1430 4322 1690 4390 gessisti?

99 4414 275 4467 Nihil.
309 4413 442 4468 Vere
468 4428 598 4482 ergo
624 4422 706 4466 est
730 4420 1090 4481 opportunum
1119 4412 1424 4468 exclamare
1450 4399 1542 4467 εὈ
1570 4413 1692 4467 alti-

98 4507 228 4558 tudo
247 4504 530 4557 divitiarum
547 4514 593 4558 et
614 4503 877 4573 sapientia
891 4513 936 4556 et
952 4504 1254 4573 cognitionis
1275 4502 1374 4557 Dei
1394 4503 1568 4574 (Rom.
1595 4506 1684 4560 11.

100 4599 194 4664 55)
221 4597 237 4649 ι
273 4595 325 4650 8.
351 4594 528 4649 Gratia
553 4595 710 4656 enim,
736 4594 928 4665 inquit,
961 4594 1076 4648 estis
1105 4595 1308 4648 saluati.
1342 4595 1472 4649 Nam
1502 4610 1568 4649 ne
1598 4597 1690 4651 be-

99 4687 418 4741 nelieiorum
465 4684 780 4755 magnitudo
819 4693 871 4740 te
902 4685 1153 4750 extollat,
1184 4684 1308 4740 vide
1336 4686 1605 4755 quomodo
1638 4697 1690 4741 te

95 4787 316 4832 coercet
335 4785 388 4829 et
406 4775 740 4844 comprimit:
762 4774 940 4828 Gratia
957 4776 1110 4836 enim,
1135 4775 1324 4844 inquit,
1345 4776 1462 4830 estis
1484 4779 1686 4834 saluati.

103 4871 207 4924 Per
239 4869 411 4937 [idean
454 4868 662 4923 Deinde
710 4881 898 4921 rursus
944 4882 1012 4921 ne
1057 4867 1284 4921 liberutn
1336 4869 1691 4938 perimeretur

97 4961 407 5024 arbitrium,
443 4959 621 5028 posuit
649 4958 956 5026 etiamth
995 4967 1120 5011 sunt
1147 4968 1366 5025 nostra;
1403 4969 1458 5016 et
1501 4977 1688 5018 rursus

97 5053 283 5122 ipsum
307 5049 546 5115 sustulit,
575 5059 631 5103 et
651 5049 801 5112 dicit,
831 5047 1013 5102 Et-hoc
1047 5066 1146 5102 non
1174 5066 1236 5103 ea:
1264 5051 1425 5105 nobis.
1457 5052 1533 5107 Ne
1557 5055 1689 5110 lides

95 5145 317 5211 quidem
343 5183 358 5210 ,
386 5143 599 5213 inquit,
627 5150 713 5197 est
741 5157 805 5196 ex
835 5141 991 5196 nobis
1018 5159 1033 5196 :
1062 5158 1184 5196 nam
1216 5143 1261 5197 si
1292 5159 1397 5198 non
1429 5149 1684 5209 vetuisset,

93 5236 139 5289 si
172 5249 288 5289 non
307 5241 572 5299 vocasset,
594 5233 863 5302 quomodo
887 5233 1246 5303 potuissemus
1265 5222 1524 5291 credere?
1550 5238 1663 5304 Quo

95 5328 256 5380 modo
286 5329 448 5389 enim.
477 5326 669 5395 inquit,
697 5326 922 5390 credent,
955 5325 1053 5377 nisi
1079 5326 1366 5380 audiverim
1395 5328 1571 5396 (Rom.
1601 5334 1686 5382 10.

98 5423 168 5476 14
190 5421 249 5490 )‘l
278 5419 452 5488 Quare
484 5407 585 5475 nec
628 5419 748 5474 fidei
772 5429 856 5473 est
886 5428 1151 5474 nostrum.
1197 5419 1291 5474 Dei
1313 5462 1328 5487 ,
1377 5423 1576 5492 inquit,
1617 5435 1689 5476 est

94 5512 410 5572 donatiui).
457 5527 560 5563 non
607 5525 671 5563 es:
711 5511 963 5579 operibus.
1015 5509 1130 5565 NOII
1158 5511 1302 5566 enim
1351 5513 1686 5582 suffecisset,
1736 5550 1742 5554 -

97 5601 301 5670 inquit,
327 5600 457 5655 lldes
483 5600 549 5656 ad
575 5601 827 5656 salutem.
856 5601 959 5657 Sed
987 5619 1051 5656 ne
1083 5604 1235 5658 nobis
1258 5608 1440 5660 vacuis
1469 5618 1520 5661 et
1548 5610 1689 5662 otio-

96 5694 172 5744 sis
200 5691 304 5746 det
332 5691 576 5756 salacem,
612 5691 980 5762 Eam,inquit.
1018 5695 1159 5750 Dens
1191 5698 1488 5766 requisivit.
1522 5699 1687 5765 Dim,

94 5782 246 5845 quod
290 5781 468 5840 salvos
520 5783 704 5840 fecerit
751 5785 918 5854 lides,
962 5788 1055 5843 sed
1086 5804 1179 5858 per
1206 5789 1372 5845 Deum
1404 5806 1688 5861 :quomam

1839 489 1979 582 Deus
2020 492 2230 582 voluit,
2283 496 2462 555 salvos
2511 498 2641 556 fecit
2687 501 2841 559 fides.
2891 506 3107 580 Alioqui
3157 518 3433 582 quomodo

1833 580 2012 672 salvos
2045 581 2172 637 facit
2220 584 2354 641 fides
2393 589 2598 659 absque
2628 594 2924 660 operibus?
2966 599 3078 655 lloe
3126 580 3298 672 ipsum
3343 617 3432 665 est

1837 670 1930 724 Dei
1977 670 2204 740 donum,
2239 674 2323 729 Ne
2349 679 2465 746 quis
2491 680 2739 750 glorietur
2757 725 2772 749 ,
2806 695 2859 739 ut
2890 702 2989 742 nos
3016 670 3200 759 gratos
3228 694 3430 754 efﬁciat

1830 761 1975 858 circa
2026 763 2276 858 gratiam.
2326 767 2465 856 Quid
2515 785 2682 840 ergo,
2742 774 2945 845 inquit,
2997 781 3273 850 prohibuit
3312 787 3430 858 ipse

1823 851 2109 922 justilicari
2159 872 2224 912 ex
2273 854 2567 928 Operibus?
2607 864 2955 938 Nequaquam
2983 888 2997 924 :
3027 873 3123 929 sed
3156 915 3176 942 ,
3199 851 3418 943 Nullus.

1835 944 2042 1012 inquit,
2084 943 2410 1016 justiticatus
2454 961 2538 1008 est
2583 968 2649 1009 ex
2691 959 2989 1029 operibus,
3023 973 3080 1017 ut
3106 969 3426 1027 ostendatur

1828 1034 1920 1089 Dei
1952 1039 2120 1106 gratia
2149 1049 2203 1094 et
2231 1041 2554 1113 benignitas.
2577 1045 2692 1101 Non
2718 1051 2918 1119 repulit
2947 1051 3209 1112 habentes
3226 1057 3423 1128 opera,

1826 1127 1920 1180 sed
1949 1143 2075 1195 eos,
2104 1131 2192 1200 qui
2241 1143 2366 1188 sunt
2395 1139 2592 1205 proditi
2638 1140 2708 1193 ab
2737 1143 2994 1210 operibus
3019 1186 3036 1211 ,
3086 1127 3423 1209 salvosfecit
3522 1166 3532 1176 '

1822 1219 2014 1288 gratia,
2046 1231 2102 1274 ut
2136 1224 2314 1278 nullus
2342 1226 2411 1280 de
2434 1240 2637 1283 caetero
2666 1233 2834 1300 possit
2860 1234 3103 1304 gloriari.

1892 1311 1947 1365 5.
1982 1312 2188 1368 Deinde
2220 1332 2286 1373 ne
2310 1359 2325 1384 ,
2355 1334 2479 1374 cum
2511 1321 2747 1378 audieris
2767 1365 2783 1392 ,
2813 1326 2956 1395 quod
2999 1345 3106 1384 non
3133 1345 3201 1386 es
3228 1335 3416 1404 operi-

1822 1401 1947 1496 bus,
1975 1405 2070 1460 sed
2105 1408 2208 1464 tide
2232 1419 2399 1466 totum
2426 1423 2635 1483 gestum
2664 1419 2755 1484 sit,
2784 1421 2994 1479 otiosus
3019 1401 3420 1496 maneam-title

1820 1494 1950 1585 quid
1965 1497 2329 1568 subjunxcrit:
2353 1504 2439 1558 10.
2459 1503 2632 1575 Ipsius
2653 1511 2787 1564 enim
2813 1528 2988 1568 sumus
3007 1519 3229 1585 factura,
3246 1494 3421 1576 credi

1817 1583 1871 1680 in
1920 1585 2121 1643 Christo
2169 1590 2296 1646 Iesu
2344 1595 2397 1649 in
2443 1599 2681 1667 operibus
2725 1601 2869 1657 bouis
2890 1644 2908 1671 ,
3104 1598 3418 1680 preparavit

1819 1673 1957 1730 Deus
2006 1688 2060 1731 ut
2105 1681 2156 1734 in
2207 1685 2310 1737 illis
2353 1688 2688 1755 ambulemus.
2726 1693 2860 1748 Vide
2897 1673 3025 1766 quid
3076 1673 3192 1770 ipse
3213 1673 3360 1760 dicat
3395 1723 3414 1768 :

1817 1772 2282 1836 regenerationem
2310 1775 2396 1830 hic
2425 1779 2752 1838 subindicat.
2777 1784 2984 1842 Revera
3011 1789 3117 1845 alia
3146 1801 3231 1847 est
3253 1808 3411 1850 crea-

1817 1857 1892 1911 tio
1922 1876 1935 1912 :
1969 1877 2035 1916 ex
2066 1864 2236 1920 nihilo
2264 1869 2510 1937 producti
2559 1888 2746 1930 sumus
2774 1878 2842 1931 ad
2892 1879 2997 1936 hoc
3034 1893 3093 1937 ut
3141 1901 3409 1945 essemus.

1813 1949 1966 2018 Quod
1999 1971 2214 2038 eramus
2259 1961 2406 2028 prius
2430 2004 2446 2029 ,
2478 1969 2673 2021 mortui
2720 1982 2944 2039 sumus,
2974 1975 3077 2030 hoc
3104 1989 3207 2044 est,
3242 1971 3410 2038 homo

1815 2053 2000 2109 vetus;
2033 2046 2172 2114 quod
2205 2049 2349 2117 prius
2378 2067 2483 2108 non
2513 2070 2751 2126 eramus,
2786 2060 2909 2117 l'acti
2949 2079 3158 2122 sontes.
3194 2071 3407 2130 ltecens

1812 2149 1940 2200 ergo
1981 2146 2065 2190 est
2109 2143 2310 2196 creatio
2343 2146 2521 2212 priore
2551 2149 2744 2205 melior
2781 2162 2836 2206 et
2872 2161 3214 2225 prasstantior
3239 2180 3252 2216 :
3277 2181 3402 2222 nam

1811 2240 1874 2318 es
1908 2227 1998 2280 illa
2027 2230 2265 2298 quidem,
2293 2247 2350 2287 ut
2369 2236 2708 2306 viveremus;
2730 2258 2796 2298 ex
2829 2245 2927 2300 hac
2953 2261 3156 2318 autem,
3180 2261 3237 2306 ut
3266 2256 3404 2312 bene

1811 2309 2113 2367 viveremus
2137 2315 2386 2372 el'fectum
2419 2331 2522 2375 est.
2552 2321 2619 2377 In
2647 2328 2886 2394 operibus
2916 2330 3059 2385 bouis
3080 2374 3097 2398 ,
3267 2309 3408 2407 prie—-

1809 2408 2008 2471 paravit
2060 2405 2195 2460 Deus
2222 2420 2274 2462 ut
2321 2412 2376 2464 in
2422 2413 2486 2467 iis
2530 2416 2880 2484 ambulemus;
2912 2438 3040 2487 non,
3072 2423 3146 2481 Ut
3174 2405 3404 2500 incipia-

1809 2508 1930 2547 mus
1950 2536 1966 2560 ,
1999 2497 2092 2550 sed
2119 2538 2133 2562 ,
2165 2497 2234 2553 Ut
2275 2502 2590 2561 ambulemus
2612 2522 2632 2560 :
2653 2521 2910 2580 perpetua
2937 2515 3081 2570 enim
3111 2518 3266 2574 nobis
3284 2497 3405 2576 vir-

1809 2590 1922 2636 tute
1937 2599 2074 2654 opus
2091 2597 2190 2652 est,
2218 2600 2276 2644 et
2294 2602 2515 2648 extensa
2544 2610 2717 2667 usque
2734 2600 2801 2656 ad
2822 2585 3063 2661 nostrum
3086 2607 3396 2670 decessum.

1806 2671 1990 2769 Neque
2019 2678 2193 2769 enim,
2237 2681 2281 2735 si
2313 2695 2457 2738 esset
2498 2685 2910 2756 ingrediendum
2941 2695 3023 2750 via
3051 2715 3172 2769 quze
3197 2701 3305 2758 fert
3329 2707 3399 2761 ad

1805 2767 1994 2865 urbem
2036 2767 2277 2841 regiam,
2319 2776 2517 2834 deinde
2560 2796 2682 2836 cum
2734 2786 2995 2854 majorem
3026 2767 3145 2860 ejus
3192 2806 3400 2865 partem

1804 2860 2224 2920 confecissemus
2245 2906 2262 2932 ,
2312 2869 2463 2925 circa
2502 2875 2676 2942 lpsmn
2707 2877 2870 2934 linem
2900 2879 3077 2951 ignavi
3103 2895 3158 2940 et
3193 2860 3400 2945 molles

1804 2951 2000 3007 redditi
2046 2955 2414 3027 scdissemus,
2447 2964 2602 3018 nobis
2652 2969 2945 3035 profuisset
2989 2975 3288 3046 ingressus.
3320 2977 3396 3037 ns
3451 3014 3458 3018 -

1803 3055 1904 3094 nec
1945 3057 2069 3113 spes
2100 3050 2394 3104 vocationis
2425 3053 2716 3123 quidquam
2747 3059 3077 3129 profuisset,
3108 3082 3221 3121 rem
3250 3068 3396 3126 illam

1805 3133 2238 3224 possidentibus,
2287 3141 2393 3195 nisi
2422 3143 2583 3213 digne
2611 3147 2678 3200 ad
2707 3164 2894 3204 vocem
2924 3156 3251 3224 appellantis
3275 3176 3397 3216 am-

1803 3223 2192 3314 bulaverimus.
2233 3229 2416 3286 Vocati
2441 3249 2572 3305 ergo
2618 3237 2671 3293 in
2698 3223 3172 3314 operibuslbouis,
3206 3266 3395 3320 perse-

1801 3329 2073 3385 veremus,
2097 3319 2274 3374 omnia
2303 3335 2609 3392 Operantes.
2643 3328 2934 3403 Propterea
2975 3339 3119 3393 enim
3141 3319 3397 3412 appellati

1800 3420 1988 3460 sumus
2011 3449 2026 3471 ,
2055 3425 2161 3464 non
2198 3422 2252 3466 ut
2281 3429 2442 3468 unum
2468 3414 2750 3476 dumtaxat
2779 3440 2914 3493 opus
2943 3440 3264 3498 Operemur,
3294 3437 3391 3490 sed

1804 3503 1861 3549 ut
1887 3498 2092 3551 omnia.
2121 3499 2270 3556 Sicut
2299 3505 2444 3558 enim
2472 3507 2628 3563 nobis
2654 3521 2780 3566 sunt
2803 3515 3040 3586 quinque
3070 3534 3262 3578 sensus
3284 3564 3301 3588 .
3338 3535 3397 3580 et

1798 3589 2050 3644 onmibus
2076 3591 2142 3645 ad
2174 3592 2222 3646 id
2255 3595 2396 3664 quod
2423 3608 2635 3667 oportet
2677 3604 2932 3660 utendum
2977 3619 3088 3675 est,
3134 3612 3202 3666 ita
3229 3615 3392 3671 etiam

1799 3681 2054 3736 omnibus
2080 3685 2393 3745 virtutibus.
2445 3680 2666 3761 Siquis
2705 3705 2886 3751 autem
2933 3700 3005 3754 sit
3036 3710 3394 3775 temperans,

1799 3772 1892 3854 sed
1916 3775 2315 3844 immisericors,
2341 3791 2434 3834 aut
2460 3782 2769 3839 misericors
2789 3789 3027 3858 quidem,
3051 3772 3394 3865 sediavarus,

1797 3873 1891 3918 aut
1916 3865 1984 3920 ab
2013 3867 2204 3923 alienis
2232 3871 2447 3940 quidem
2477 3873 2768 3943 abstineat,
2798 3879 2895 3934 sed
2916 3880 2986 3936 de
3011 3883 3126 3938 suis
3155 3901 3262 3942 non
3289 3888 3395 3944 in-

1784 3956 2013 4025 "p'ertiat,
2048 3959 2245 4016 frustra
2278 3963 2413 4017 fiunt
2452 3966 2653 4022 omnia.
2695 3968 2811 4024 Non
2870 3973 3012 4027 enim
3049 3976 3250 4031 sufﬁcit
3287 3996 3396 4035 una

1797 4051 1966 4105 virtus
1990 4093 2006 4118 ,
2050 4062 2107 4107 ut
2152 4070 2272 4109 cum
2299 4054 2491 4112 fiducia
2518 4059 2772 4116 sistamur
2798 4062 2864 4117 ad
2893 4063 3129 4120 tribunal
3167 4065 3392 4140 Christi,

1796 4141 1890 4196 sed
1949 4144 2154 4210 multa,
2207 4147 2353 4201 varia
2397 4156 2451 4203 et
2510 4151 2688 4206 omnis
2735 4155 2948 4222 generis
2977 4197 2993 4220 ,
3040 4167 3205 4229 atque
3254 4162 3395 4219 adio

1795 4232 1942 4286 omni
2001 4235 2196 4290 virtute
2245 4247 2329 4292 est
2380 4254 2538 4307 opus.
2590 4241 2730 4296 Audi
2788 4245 2932 4300 enim
2983 4247 3258 4306 Christum
3306 4256 3393 4308 di-

1794 4333 2010 4378 centem
2053 4325 2328 4395 discipulis
2358 4346 2372 4382 :
2402 4328 2595 4386 Euutes
2639 4333 2811 4388 docete
2856 4352 3030 4392 omnes
3070 4350 3266 4411 gentes,
3297 4346 3396 4400 do.

1795 4423 1960 4466 centes
1989 4432 2072 4468 eos
2096 4427 2295 4472 seruare
2315 4421 2487 4474 omnia
2505 4437 2621 4489 quae
2644 4425 2882 4480 mandavi
2912 4430 3072 4493 vobis,
3093 4442 3148 4487 et
3176 4449 3393 4507 rursus,

1797 4506 1858 4560 Si
1887 4509 2001 4576 quis
2025 4512 2229 4564 solverit
2260 4529 2418 4568 unum
2445 4533 2508 4571 ea:
2534 4521 2791 4576 mandatis
2819 4523 2931 4578 istis
2962 4527 3205 4595 minimis,
3236 4506 3393 4587 ruinis

1795 4616 1906 4653 mus
1934 4603 2190 4657 vocabitur
2217 4607 2268 4660 in
2298 4624 2454 4679 regno
2483 4595 2723 4667 oculorum
2749 4619 2768 4685 (
2791 4615 2985 4674 Matth.
3011 4621 3105 4676 28.
3137 4623 3224 4679 19.
3258 4636 3308 4679 et
3331 4628 3392 4686 5.

1797 4691 1887 4764 19)
1917 4711 1929 4746 ;
1962 4695 2063 4749 hoc
2104 4705 2224 4764 est,
2271 4699 2323 4754 in
2357 4705 2776 4772 resurrectione.
2820 4692 2939 4764 Non
2969 4713 3114 4776 enim
3168 4713 3393 4774 intrabit

1796 4787 1848 4841 in
1877 4803 2144 4858 regnum:
2169 4806 2292 4845 nam
2323 4793 2496 4863 ipsum
2535 4812 2749 4868 quoque
2781 4809 2995 4871 tempus
3038 4808 3395 4865 resurrectio-

1796 4879 1882 4934 nis
1910 4894 2134 4950 regnum
2164 4897 2362 4939 vocare
2388 4887 2544 4941 solet.
2592 4888 2655 4944 Si
2684 4907 2839 4944 uirum
2864 4933 2880 4959 ,
2911 4894 3120 4970 inquit,
3150 4897 3391 4970 soluerit,

1795 4973 2034 5028 minimus
2051 4975 2690 5045 vocabitur.Quamobrem
2706 4984 2860 5038 nobis
2872 4967 3008 5055 opus
3022 4997 3104 5043 est
3119 4967 3393 5051 omnibus;

1869 5064 1998 5118 Sine
2016 5065 2334 5137 eleemosyna
2355 5085 2456 5122 non
2486 5071 2705 5127 intratur
2725 5075 2779 5129 in
2798 5093 3008 5147 regnum
3038 5069 3298 5138 caelorum.
3320 5113 3396 5128 -—

1803 5155 1931 5210 Vide
1958 5164 2136 5210 autem
2163 5159 2435 5226 quomodo
2464 5173 2584 5216 non'
2616 5163 2734 5220 sine
2763 5165 3108 5240 elcemosyna
3153 5173 3279 5228 licet
3306 5174 3395 5231 in-

1797 5256 1975 5313 trare,
2023 5248 2118 5336 sed
2160 5250 2203 5302 si
2247 5249 2358 5319 ipsa
2400 5252 2514 5306 sola
2558 5253 2697 5309 desit
2731 5297 2748 5322 ,
2776 5258 3043 5316 abibimus
3084 5262 3137 5316 in
3188 5263 3392 5334 ignem.

1798 5337 1959 5399 Abite,
2005 5336 2205 5407 inquit,
2240 5339 2497 5394 maledicti
2522 5383 2537 5409 ,
2565 5344 2620 5400 iu
2647 5345 2812 5416 ignem
2839 5360 3085 5404 (sternunt
3107 5391 3127 5420 ,
3155 5367 3395 5424 pratum

1796 5428 1999 5481 diabolo
2023 5439 2069 5483 et
2097 5431 2293 5501 angelis
2319 5433 2448 5502 ejus.
2473 5433 2582 5490 Cur
2606 5445 2661 5492 et
2687 5454 2919 5508 quanam
2937 5442 3005 5496 de
3025 5446 3228 5500 causa?
3251 5447 3394 5516 Quo-

1797 5520 1935 5572 niam
1962 5522 2136 5586 esurii,
2166 5533 2210 5576 et
2241 5540 2340 5577 non
2370 5523 2581 5580 dedistis
2612 5530 2737 5583 mihi
2761 5533 2900 5597 quod
2928 5537 3241 5591 concederem
3267 5541 3392 5606 {li-

1797 5615 1915 5680 tiui,
1950 5626 1996 5668 et
2026 5634 2125 5669 non
2171 5616 2378 5673 dedistis
2414 5621 2537 5674 mihi
2566 5633 2740 5691 potum
2775 5623 2990 5696 (Matth.
3035 5627 3126 5687 25.
3153 5631 3243 5686 41.
3274 5631 3393 5701 12).
3428 5607 3436 5615 ³

1799 5705 1990 5761 Vidisti
2039 5708 2311 5778 quomodo
2356 5713 2555 5768 nullius
2599 5715 2823 5772 alterius
2853 5722 3089 5776 accusati
3115 5762 3132 5790 ,
3173 5734 3395 5794 propter

1801 5796 1904 5855 hoc
1933 5801 2104 5854 solum
2131 5801 2448 5870 perierunt?
2478 5803 2546 5859 Et
2576 5805 2806 5878 virgines
2848 5822 3066 5882 propter
3094 5814 3191 5867 hoc
3217 5812 3397 5873 solum
