4108 6312
706 343 778 396 5:.
1401 335 1452 390 s.
1492 311 1767 389 scissis
1803 326 2266 386 CllltYSOS'l‘OMl

2394 325 2620 395 .L’llllii’.
2659 326 3190 383 CUNSTANTINUP.
3907 324 3979 382 ΞΜ

706 461 889 520 eiectae
933 461 1055 505 sunt
1085 467 1113 504 e
1158 448 1422 510 thalamo,
1455 448 1576 501 licet
1619 447 1878 499 haberent
1929 448 2274 509 castitatem;

706 545 798 597 sed
843 543 962 611 quia
995 543 1349 610 eleenmsynze
1381 555 1558 590 vzienae
1587 546 1769 599 erant,
1802 552 1921 589 cum
1967 549 2164 604 sponso
2207 532 2286 584 in-

707 648 904 699 gressa:
933 647 1035 682 non
1063 639 1204 682 sunt.
1237 628 1420 679 Pacem
1443 670 1457 688 ,
1491 626 1657 694 inquit
1681 666 1693 686 ,
1724 641 1836 676 cum
1863 624 2092 675 onmibus
2121 637 2286 689 perse-

705 721 933 789 quimini‘.
963 730 1009 772 et
1036 717 1441 779 sanctimoniam,
1474 717 1580 768 sine
1600 733 1698 783 quo
1726 731 1868 766 nemo
1898 714 2076 766 videbit
2108 713 2287 764 Domi-

708 829 828 863 num
873 809 1054 878 (Hebr.
1088 809 1172 862 1‘2.
1211 810 1317 878 14).
1351 807 1536 875 Cogita
1567 822 1692 875 ergo
1733 806 1872 873 quod
1901 807 2014 858 sine
2041 806 2285 858 castitate

707 901 918 970 quidem
953 916 1057 951 non
1104 900 1227 952 licet
1278 899 1442 951 Deum
1477 897 1692 959 videre;
1725 912 1828 949 non
1861 897 2079 948 omnino
2106 905 2283 946 autem
2333 901 2336 905 ’

707 1006 827 1043 cunt
875 989 1118 1042 castitate
1167 997 1342 1055 potest
1393 986 1560 1040 sideri
1597 1001 1609 1037 :
1642 1001 1781 1053 saepe
1821 988 1962 1038 enim
2013 985 2150 1036 aliud
2185 985 2276 1036 iur

708 1080 874 1150 pedit.
929 1080 1130 1131 Rursus
1161 1079 1202 1130 si
1251 1078 1425 1129 oninia
1459 1087 1604 1130 recte
1646 1077 2000 1143 gesserimus,
2045 1077 2284 1143 proximo

705 1181 882 1223 autem
905 1170 1029 1222 nihil
1053 1168 1423 1238 pta-fuerimus,
1447 1182 1542 1221 nec
1565 1167 1640 1220 sit:
1664 1167 1976 1220 intrahimtts
1994 1166 2043 1218 in
2065 1181 2280 1234 regnum

708 1260 845 1328 (Jnc.
879 1261 932 1313 9..
975 1259 1082 1325 10).
1123 1258 1395 1313 Undenam
1443 1258 1543 1312 hoc
1569 1258 1814 1310 consmt?
1848 1257 1920 1309 lix
1961 1257 2130 1309 servis
2169 1259 2284 1324 qui-

707 1352 805 1404 bus
844 1351 1044 1405 ercdita
1093 1349 1306 1402 fuerunt
1352 1351 1544 1401 talenta
1588 1347 1798 1418 (illan/1.
1843 1346 1958 1416 9.5).
2003 1336 2130 1400 Nam
2177 1345 2284 1399 illic

705 1431 872 1496 virtus
899 1442 1070 1495 omnis
1099 1453 1215 1509 erat
1252 1441 1453 1508 integra
1495 1451 1547 1493 et
1572 1440 1777 1493 sincera
1803 1480 1817 1503 ,
1853 1449 1906 1493 et
1953 1439 2080 1490 nihil
2115 1438 2284 1490 fuerat

706 1533 1156 1601 ptjaztcrmissum;
1190 1530 1282 1583 sed
1311 1531 1562 1599 quoniam
1595 1530 1741 1597 piger
1769 1529 1866 1581 fuit
1893 1528 1941 1579 in
1972 1526 2285 1596 negotiatio-

706 1641 772 1679 ne
797 1665 811 1689 ,
839 1624 1030 1678 merito
1058 1623 1153 1675 fuit
1185 1621 1407 1689 ejectus.
1441 1621 1718 1675 Detdrbari
1749 1621 1906 1673 etiam
1941 1627 2115 1687 petcst
2138 1619 2284 1687 quis-

705 1717 846 1784 piam
871 1714 921 1766 in
951 1713 1248 1782 gehennam
1278 1727 1342 1764 ex
1370 1711 1486 1764 Solo
1513 1710 1791 1763 maledicto
1821 1724 1836 1764 :
1871 1725 1989 1761 nam
2020 1709 2107 1778 'qui
2135 1709 2279 1770 dicit,

703 1806 892 1873 inquit,
923 1805 1073 1872 fratri
1100 1821 1191 1856 suo
1214 1844 1228 1866 ,
1259 1804 1408 1855 stulte
1429 1843 1442 1863 ,
1475 1802 1718 1855 obnoxius
1747 1802 1840 1854 erit
1870 1802 2109 1871 gehemta:
2153 1801 2283 1872 ignis

703 1897 921 1966 (Matth.
953 1896 1006 1948 5.
1044 1894 1160 1961 2‘2).
1210 1893 1433 1966 Etiamsi
1465 1895 1582 1963 quis
1624 1895 1800 1946 omnia
1843 1906 1987 1948 recte
2015 1895 2279 1963 gesserit,

702 1991 776 2043 sit
800 1999 978 2044 autem
1003 1965 1454 2051 contumeliosus,
1486 2001 1590 2039 non
1628 1986 1863 2038 intrabit.
1894 1984 2002 2039 Nec
2022 1985 2282 2054 quispiam

704 2080 870 2132 Deum
901 2088 1113 2131 accuset
1144 2075 1495 2139 crudelitatis,
1525 2077 1566 2127 si
1601 2091 1713 2139 eos,
1744 2077 1831 2143 qui
1863 2076 1939 2128 sic
1963 2077 2091 2143 lapsi
2121 2086 2241 2128 sunt
2264 2115 2278 2141 ,

702 2169 922 2239 expellit
950 2185 1018 2222 ex
1063 2183 1227 2235 regno
1265 2167 1538 2218 etelorutn.
1585 2164 1715 2218 Nam
1759 2165 1804 2218 si
1848 2165 1986 2233 apud
2038 2165 2284 2218 homines

701 2263 964 2332 quispiam
996 2260 1284 2330 quidquam
1320 2258 1502 2312 fecerit
1535 2258 1769 2326 iniquum
1807 2267 1860 2311 et
1891 2268 2084 2325 praeter
2113 2258 2280 2327 leges,

702 2354 1020 2408 amandatur
1063 2369 1091 2404 a
1137 2361 1426 2418 conspectu
1465 2351 1605 2418 regis
1627 2391 1640 2414 ,
1669 2350 1768 2403 etsi
1799 2365 1958 2402 uuam
1990 2364 2056 2403 ex
2080 2350 2282 2404 consti-

709 2446 838 2497 tutis
872 2442 1078 2510 lcgibus
1105 2441 1174 2493 sit
1216 2453 1615 2509 transgressus;
1646 2449 1697 2493 et
1729 2441 1771 2493 si
1813 2455 2072 2494 accusans
2097 2441 2165 2493 sit
2190 2455 2282 2494 ca-

704 2533 990 2587 lumniatus
1023 2571 1039 2596 ,
1092 2531 1266 2597 perdit
1322 2532 1684 2597 tiiagistratum
1722 2545 1736 2593 ;
1771 2539 1825 2582 et
1873 2531 1918 2583 si
1963 2531 2281 2584 adulterium

702 2623 1039 2678 conuuiscrit
1085 2630 1142 2676 ct.
1188 2623 1259 2676 sit
1307 2621 1628 2686 convictus,
1684 2621 1924 2675 redditur
1971 2622 2218 2692 indignus
2265 2639 2279 2676 :

703 2716 948 2785 quamvis
989 2714 1398 2768 innumerabilia
1451 2723 1596 2766 reete
1641 2715 1903 2780 gesserit,
1945 2715 2114 2782 perit;
2145 2723 2199 2767 et
2237 2715 2280 2767 si

703 2806 907 2861 easdem
940 2805 1163 2870 fecerit,
1194 2814 1248 2858 et
1281 2804 1560 2872 probatum
1607 2803 1801 2867 fuerit,
1834 2803 1936 2857 hoc
1965 2819 2178 2872 quoque
2215 2805 2281 2858 ad

708 2913 831 2951 cum
880 2893 1212 2965 perdendum
1264 2893 1481 2946 suflicit.
1541 2891 1596 2946 Si
1647 2893 1916 2946 hominum
1964 2893 2107 2960 leges
2151 2893 2283 2946 adeo

643 3005 651 3013 '
704 2998 892 3042 exacte
936 2995 1253 3045 servantur,
1297 2994 1496 3052 quanto
1539 2982 1706 3049 magis
1748 2984 1890 3050 leges
1920 2984 2050 3035 Dei?
2097 2985 2164 3036 At
2201 2992 2284 3036 est

705 3079 880 3132 bonus
903 3119 916 3141 ,
947 3076 1137 3145 inquit.
1167 3076 1453 3143 Quousque
1476 3073 1589 3126 hinc
1621 3075 1778 3125 stulta
1807 3073 2085 3126 dicemus?
2111 3074 2280 3127 Stulta

705 3182 883 3224 autetn
931 3169 1080 3232 dixi,
1134 3183 1238 3220 non
1285 3165 1426 3234 quod
1477 3179 1582 3218 non
1630 3166 1698 3217 sit
1747 3164 1946 3225 bonus,
2001 3165 2092 3217 sed
2142 3165 2281 3234 quod

706 3261 1079 3316 existimemus
1120 3258 1236 3327 ejus
1280 3257 1570 3310 bonitatem
1599 3255 1664 3308 ad
1695 3255 1807 3308 ha'e
1851 3255 2002 3308 nobis
2033 3270 2150 3314 esse
2178 3256 2282 3307 uti-

705 3352 843 3416 lem,
887 3352 985 3405 etsi
1029 3349 1436 3403 innumerabilia
1468 3348 1536 3401 de
1565 3348 1645 3400 his
1674 3361 1814 3414 sche
1847 3347 2279 3400 disseruerimus.

679 3437 842 3495 ’Λυάὶ
872 3441 1012 3494 enim
1041 3439 1366 3506 Scripturam
1393 3437 1659 3490 dicentem
1688 3453 1700 3488 :
1737 3434 1814 3488 Ne
1836 3436 2043 3499 dixeris,
2077 3435 2125 3487 Μ
2135 3437 2284 3488 ἰδϐνηο

709 3531 779 3583 tio
821 3531 929 3598 ejus
970 3539 1040 3582 est
1096 3508 1293 3591 multa,
1339 3526 1652 3579 multitudini
1697 3536 2012 3594 peccatorum
2061 3542 2280 3578 meorum

710 3619 1066 3686 pi-Opitiubitur
1113 3616 1302 3686 (Eccli.
1334 3617 1388 3670 5.
1422 3616 1498 3686 ὸ).
1543 3614 1656 3668 Non
1704 3617 1946 3684 prohibet
1981 3629 2076 3668 nos
2105 3615 2285 3669 dicere

711 3709 932 3762 multam
983 3724 1100 3761 esse
1145 3709 1262 3774 ejus
1311 3706 1712 3760 miserationem
1752 3724 1765 3770 ;
1812 3707 1982 3770 absit;
2033 3724 2137 3760 non
2185 3693 2285 3762 hoc

708 3797 898 3850 suadet
924 3838 937 3858 ,
971 3795 1062 3848 sed
1093 3806 1146 3849 et
1177 3811 1283 3865 nos
1306 3796 1416 3847 vult
1444 3794 1545 3847 hoc
1574 3795 1790 3875 assidue
1817 3796 1997 3851 dicere
2025 3839 2038 3862 ,
2073 3809 2125 3850 et
2159 3814 2291 3866 pro:

710 3900 890 3956 ptet'ea
942 3888 1121 3939 omnia
1169 3895 1348 3940 movet
1394 3887 1625 3950 Paulus;
1675 3888 1765 3941 sed
1798 3897 2016 3957 'prOptcr
2063 3905 2124 3943 ea
2169 3907 2286 3958 qua:

709 3979 961 4046 deinceps
990 3989 1312 4046 sequuntur.
1347 3977 1424 4030 Ne
1456 3978 1575 4030 ideo
1602 4019 1615 4041 ,
1651 3979 1855 4047 inquit,
1885 3980 2165 4034 admireris
2196 3983 2284 4034 Dei

710 4068 1088 4134 benignitatem
1141 4075 1196 4117 ut
1226 4081 1442 4132 pecces,
1472 4076 1526 4119 et
1552 4065 1701 4120 dicas
1724 4108 1738 4130 ,
1777 4066 2130 4122 Misericardia
2176 4070 2285 4138 ejus

713 4157 1026 4210 multitudini
1055 4167 1374 4226 peccatorum
1400 4172 1623 4209 meorum
1658 4158 2035 4226 prapitiabitur.

785 4252 838 4304 4.
879 4249 1003 4302 Ideo
1033 4249 1176 4302 enim
1223 4241 1328 4301 tam
1361 4249 1525 4302 multa
1557 4249 1869 4303 disserimus
1909 4251 1981 4304 de
2007 4251 2241 4307 bonitate
2270 4295 2285 4319 ,

713 4358 820 4395 non
847 4350 902 4392 ut
931 4340 978 4392 ei
1009 4339 1340 4394 conﬁdentes
1365 4327 1788 4409 agamusomnia
1815 4359 1828 4407 ;
1857 4343 2050 4412 alioqui
2083 4345 2290 4400 bonitas

711 4431 813 4485 erit
851 4429 914 4483 ad
958 4438 1155 4483 nostra:
1200 4431 1389 4484 salutis
1417 4431 1673 4494 exitium;
1708 4433 1802 4486 sed
1847 4448 1914 4487 ne
1944 4435 2291 4502 desperemus

713 4523 766 4575 in
796 4523 1023 4590 peccatis
1043 4563 1056 4584 ,
1089 4537 1274 4575 verum
1305 4538 1525 4590 agamus
1555 4524 1944 4591 pmtritentiam.
1978 4525 2290 4595 Deniguitas

712 4616 854 4668 enim
890 4615 979 4666 Dei
1014 4625 1065 4669 te
1094 4613 1238 4666 ducit
1265 4615 1328 4666 ad
1364 4615 1731 4682 ptnniteutiam
1755 4656 1768 4677 ,
1801 4631 1906 4668 non
1936 4616 2002 4669 ad
2035 4617 2182 4684 plura
2215 4619 2293 4670 vi-

714 4706 806 4758 tia.
834 4704 888 4759 Si
919 4713 1097 4758 autem
1138 4706 1307 4757 malus
1335 4716 1400 4781 et
1443 4705 1736 4758 sceleratus
1763 4708 1856 4759 tias
1885 4718 2100 4775 propter
2146 4710 2295 4770 beni-

713 4798 967 4865 gnitatem
988 4838 1000 4856 ,
1035 4805 1086 4847 tu
1119 4812 1240 4849 eum
1287 4797 1454 4865 magis
1485 4797 1536 4849 in
1583 4796 1766 4850 odium
1799 4813 1960 4851 vocas
1991 4811 2043 4852 et
2071 4816 2293 4857 accusas

713 4885 851 4952 apud
881 4885 1121 4938 homines
1146 4903 1158 4937 :
1186 4888 1380 4938 multos
1405 4886 1549 4938 enim
1584 4886 1824 4940 videmus
1851 4900 2170 4945 accusantes
2200 4892 2292 4946 Dei

714 4973 1013 5028 leuitatem.
1039 4975 1399 5041 Quamobrem
1423 4975 1574 5027 dabis
1603 4991 1806 5044 pcenas,
1836 4979 1879 5031 si
1903 4994 1963 5033 ea
1992 4995 2095 5034 non
2131 4983 2294 5037 utaris

718 5057 774 5116 ut
799 5074 1029 5134 oportet.
1065 5065 1202 5118 Deus
1231 5075 1314 5118 est
1343 5065 1649 5132 benignus?
1681 5068 1775 5120 sed
1817 5078 1898 5122 est
1931 5070 2090 5123 etiam
2118 5070 2297 5138 justus

713 5154 899 5224 judex.
922 5153 1199 5207 Coudonat
1228 5155 1482 5223 peccata?
1503 5155 1596 5208 sed
1627 5157 1787 5208 etiam
1812 5158 1987 5211 reddit
2007 5162 2292 5229 unicuique

720 5243 1013 5297 secundum
1045 5258 1207 5312 opera
1249 5258 1365 5296 sua.
1409 5243 1662 5297 Transilit
1705 5246 2010 5314 iniquitates
2034 5289 2048 5312 ,
2081 5261 2133 5302 et
2161 5252 2296 5303 tollit

721 5333 982 5402 peccata?
1028 5333 1123 5387 sed
1165 5348 1226 5388 ca
1269 5349 1479 5402 quoque
1511 5324 1798 5390 examinat.
1845 5338 2123 5403 Quomodo
2167 5357 2294 5409 ergo

723 5439 828 5477 non
851 5433 972 5476 sunt
998 5424 1113 5477 lucc
1133 5425 1440 5477 contraria?
1470 5423 1584 5478 Neu
1615 5436 1741 5478 sunt
1769 5429 2058 5491 contraria,
2094 5431 2135 5482 si
2164 5440 2298 5484 tem-

723 5517 943 5583 poribus
969 5531 1030 5568 ea
1058 5514 1400 5568 diviserimus
1443 5535 1455 5568 ;
1489 5514 1626 5568 tollit
1652 5515 1740 5568 hic
1769 5529 1983 5583 peccata
2019 5535 2114 5586 per
2143 5521 2292 5572 lava-

723 5618 871 5656 crum
889 5615 943 5658 et
970 5605 1339 5674 ptenitentiam
1367 5617 1380 5666 ;
1409 5603 1546 5656 facta
1575 5603 1683 5657 illic
1704 5605 1974 5658 examinat
2000 5622 2096 5674 per
2121 5610 2295 5676 iguetn

724 5703 778 5746 et
825 5702 1105 5749 tormenta.
1140 5695 1196 5749 Si
1225 5709 1350 5764 ergo
1377 5736 1389 5760 ,
1435 5693 1642 5760 inquies
1670 5735 1684 5762 ,
1717 5710 1837 5749 cum
1866 5705 1919 5751 et
1946 5697 2084 5750 mala
2115 5699 2292 5754 l'cCei-n

2394 457 2560 510 pauca
2583 481 2597 505 ,
2630 451 2845 511 preptor
2889 459 3049 496 unum
3091 443 3275 510 ejiciar
3300 483 3314 509 ,
3345 453 3398 498 et
3435 461 3462 497 a
3497 461 3659 515 regno
3685 443 3932 506 excidam
3957 485 3975 509 ,

2392 546 2490 585 cur
2519 529 2655 585 mala
2679 538 2858 586 omnia
2881 549 2986 587 non
3013 537 3249 603 operor?
3276 535 3469 604 Ingrati
3493 538 3634 591 servi
3659 549 3738 591 est
3760 539 3938 591 oratio
3960 553 3972 581 .-

2394 622 2487 676 sed
2524 631 2700 677 tamen
2731 624 2865 678 hanc
2894 640 3107 694 quoque
3151 626 3506 680 dissolvemus
3547 630 3865 682 orationem.
3897 626 3977 681 Nc

2394 715 2531 769 mala
2560 715 2802 783 opereris
2827 757 2840 778 ,
2878 725 2932 770 ut
2981 716 3075 769 tibi
3106 718 3280 784 prosis
3305 735 3319 773 :
3355 734 3474 770 nam
3500 735 3527 770 a
3555 735 3722 787 regno
3749 719 3972 788 quidem

2391 823 2579 860 «mines
2622 808 2867 863 similiter
2905 809 3252 874 excidemus;
3285 810 3335 863 in
3367 810 3606 878 gehenua
3654 822 3974 864 autemnon

2390 902 2604 956 easdem
2636 917 2819 975 ptenas
2845 903 3090 957 dabimus
3118 919 3306 959 omnes
3335 947 3349 968 ,
3379 907 3470 959 sed
3505 907 3590 958 hie
3620 907 3832 976 quidem
3857 922 3974 958 ina-

2385 991 2532 1055 jores
2555 1032 2569 1052 ,
2615 992 2703 1044 ille
2749 1009 2875 1047 vero
2920 995 3182 1048 mitiores.
3215 994 3345 1048 Nam
3380 995 3422 1048 si
3455 1005 3506 1048 tu
3550 998 3762 1065 quidem
3793 1009 3845 1049 et
3879 997 3974 1051 ille

2389 1081 2746 1150 despexeritis
2769 1124 2782 1146 ,
2819 1094 2870 1137 ct
2901 1086 2990 1154 qui
3025 1085 3074 1138 in
3107 1085 3288 1138 multis
3315 1095 3368 1140 et
3397 1086 3486 1154 qui
3534 1086 3584 1139 in
3616 1087 3795 1155 paucis
3840 1102 3973 1154 pec-

2389 1181 2472 1222 eat
2497 1213 2510 1234 ,
2545 1174 2791 1226 similiter
2819 1190 2847 1228 e
2877 1190 3042 1243 regno
3068 1176 3334 1229 excidetis
3362 1193 3374 1230 :
3404 1177 3447 1230 si
3476 1187 3650 1229 autem
3677 1191 3781 1230 non
3811 1177 3974 1230 simi-

2392 1262 2512 1316 liter
2561 1262 2956 1331 chpexeritis,
3003 1265 3096 1318 sed
3143 1265 3279 1320 alius
3326 1266 3540 1333 quidem
3584 1267 3781 1334 magis;
3830 1267 3975 1318 alius

2393 1367 2520 1406 vero
2549 1354 2750 1413 minus,
2786 1354 2835 1405 in
2866 1353 3110 1413 :i-licnna
3157 1356 3400 1410 sentietis
3449 1354 3829 1410 dichreutiam.
3860 1355 3974 1410 Cur

2390 1459 2517 1512 ergo
2561 1444 2793 1497 minatur
2838 1444 2903 1498 iis
2942 1445 3031 1514 qui
3065 1461 3172 1498 non
3214 1446 3476 1500 dederunt
3514 1460 3925 1516 eteemossyuam
3953 1488 3970 1512 ,

2390 1549 2483 1588 eos
2523 1549 2644 1588 esse
2673 1535 2913 1588 abituros
2941 1537 2990 1588 iu
3023 1536 3236 1604 ignem;
3267 1545 3440 1604 neque
3469 1539 3640 1589 solum
3673 1538 3723 1588 in
3755 1539 3963 1605 ignem,

2390 1622 2483 1676 sed
2513 1623 2603 1690 qui
2647 1634 2861 1691 paratus
2903 1633 2986 1678 est
3014 1624 3228 1678 diabolo
3267 1636 3320 1679 et
3349 1626 3553 1694 angelis
3594 1626 3754 1693 ejus?
3785 1641 3884 1678 cur
3911 1634 3972 1679 et

2389 1729 2491 1783 qua
2521 1713 2588 1767 de
2612 1713 2816 1767 causa?
2847 1714 3010 1768 Deum
3041 1714 3171 1768 nihil
3205 1729 3355 1783 a'que
3387 1715 3598 1780 irritat,
3625 1725 3680 1768 ut
3718 1715 3764 1766 si
3809 1715 3977 1768 amici

2390 1804 2588 1872 injuste
2617 1805 2900 1858 lardantur.
2941 1805 3074 1858 Nam
3105 1806 3148 1859 si
3190 1816 3402 1876 oportet
3426 1806 3648 1876 diligere
3676 1807 3926 1860 inimicos
3955 1821 3973 1870 ;

2390 1895 2478 1962 qui
2512 1896 2673 1948 etiam
2708 1896 2912 1949 amicos
2941 1906 3254 1962 aversatur,
3291 1906 3344 1951 et
3371 1906 3452 1950 est
3496 1897 3546 1950 in
3590 1896 3692 1950 hoc
3734 1897 3978 1951 deterior

2392 1984 2662 2054 gentibus,
2691 1985 2828 2054 quod
2860 2001 2964 2039 non
2991 1986 3286 2040 merebitur
3321 1987 3980 2056 supplicium?Quamobo

2391 2092 2502 2130 rem
2550 2076 2634 2130 hic
2678 2076 2986 2146 magnitudo
3015 2077 3214 2146 peccati
3236 2077 3356 2145 jure
3387 2077 3507 2130 fecit
3535 2093 3656 2146 eum
3679 2078 3827 2131 abire
3847 2094 3971 2134 cum

2391 2165 2605 2218 diabolo
2634 2183 2646 2218 :
2684 2166 2772 2219 Va:
2803 2167 2947 2220 enim
2976 2167 3022 2221 ei
3053 2168 3142 2235 qui
3172 2184 3276 2221 non
3306 2167 3431 2221 facit
3462 2169 3879 2238 elcemosynam.
3919 2170 3979 2224 Si

2392 2253 2493 2308 hoc
2523 2264 2699 2310 autem
2733 2267 2844 2309 erat
2874 2257 2925 2310 in
2958 2257 3135 2311 Veteri
3162 2298 3176 2321 ,
3209 2257 3377 2311 multo
3405 2260 3573 2325 magis
3606 2260 3657 2312 in
3686 2257 3835 2312 Novo
3862 2260 3979 2314 Te-

2390 2353 2693 2399 stamento:
2727 2346 2770 2399 si
2800 2346 2885 2399 ubi
2914 2356 3028 2399 erat
3049 2361 3361 2401 concessum
3387 2350 3664 2416 possidere
3696 2352 3977 2418 pecunias,

2391 2435 2575 2503 eisque
2605 2435 2700 2488 frui
2731 2444 2785 2489 et
2811 2451 2902 2489 eas
2929 2452 3118 2490 curare
3139 2477 3154 2501 ,
3190 2447 3333 2490 tanta
3364 2439 3651 2506 gerebatur
3681 2455 3807 2492 cura
3849 2440 3978 2507 Opis

2391 2522 2625 2576 Ieremia:
2654 2525 3014 2593 pauperibus:
3047 2534 3243 2593 quanto
3274 2527 3439 2595 magis
3472 2526 3557 2580 ubi
3585 2527 3835 2595 jubemur
3857 2546 3981 2580 om-

2392 2614 2477 2666 nia
2525 2613 2764 2682 ejicere?
2802 2613 2935 2667 Nam
2967 2615 3093 2683 quid
3127 2615 3202 2669 illi
3247 2631 3351 2669 non
3382 2616 3688 2670 faciebant?
3719 2618 3979 2674 Decimus

2389 2715 2444 2758 et
2491 2721 2676 2757 rursus
2730 2705 2967 2759 decimas
3019 2707 3331 2774 prtebehant
3375 2710 3711 2777 :orphanis,
3751 2710 3931 2764 viduis
3959 2753 3977 2778 ,

2392 2797 2677 2864 proselytis
2703 2799 3107 2850 succurrebant.
3138 2798 3240 2852 Sed
3272 2799 3399 2850 mihi
3432 2799 3648 2868 quidam
3689 2801 3978 2856 admirans

2390 2887 2634 2950 dicebat,
2673 2886 2760 2939 Ille
2803 2888 2891 2941 dat
2937 2889 3192 2942 decimas.
3241 2891 3451 2956 Quanto
3480 2900 3563 2945 est
3608 2891 3707 2945 hoc
3754 2894 3978 2961 plenum

2390 2977 2586 3046 probro
2615 2988 2668 3031 et
2701 2967 2970 3032 dedecore
2989 3019 3004 3043 ,
3035 2981 3076 3032 si
3102 2981 3240 3048 quod
3267 2982 3404 3049 apud
3434 2982 3650 3037 Judwos
3677 2988 3779 3039 noit
3809 2985 3983 3039 liabe-

2394 3069 2549 3120 batur
2579 3069 2628 3121 in
2659 3069 3014 3122 admiratione
3040 3110 3053 3132 ,
3090 3069 3192 3124 hoc
3234 3071 3370 3139 apud
3406 3073 3739 3126 Christianos
3770 3060 3980 3128 factum

2390 3168 2473 3212 est
2522 3159 2878 3213 admirabile?
2927 3159 2982 3214 Si
3035 3171 3160 3213 tunc
3213 3174 3326 3215 erat
3379 3163 3676 3231 perieulum
3727 3164 3979 3218 decimas

2391 3250 2639 3303 omittere
2665 3290 2680 3314 ,
2710 3253 2881 3319 cogita
2913 3261 3167 3320 quantum
3212 3269 3351 3306 tutnc
3378 3258 3466 3306 sLt.
3503 3254 3703 3308 Rursus
3735 3256 3982 3312 ebrietas

2392 3353 2495 3391 non
2531 3339 2690 3393 habet
2722 3341 3071 3394 hereditatem
3114 3346 3283 3411 regni.
3313 3345 3416 3398 Sed
3447 3345 3572 3412 quid
3601 3357 3680 3400 est
3718 3349 3863 3415 quod
3897 3349 3982 3400 di-

2390 3430 2528 3482 citur
2564 3445 2591 3481 a
2639 3420 2862 3483 multis?
2896 3433 2948 3484 Si
2980 3447 3078 3500 ego
3107 3444 3155 3485 et
3190 3434 3277 3486 ille
3320 3434 3504 3486 iisdem
3537 3415 3819 3501 tenemur,
3858 3431 3984 3492 non

2391 3530 2473 3574 est
2515 3538 2672 3588 parva
2701 3524 3015 3576 consolatio.
3057 3524 3192 3590 Quid
3236 3525 3518 3580 dicemus?
3548 3526 3706 3582 Certe
3735 3547 3840 3582 non
3874 3532 3986 3584 erit

2394 3609 2531 3662 idem
2563 3621 2707 3662 tuum
2739 3623 2792 3665 et
2821 3612 2965 3666 illius
2994 3615 3312 3682 supplicium
3356 3634 3367 3669 :
3401 3617 3637 3686 alioquin
3667 3619 3985 3675 autem’nee

2393 3699 2494 3754 hoc
2520 3712 2600 3754 est
2625 3703 2941 3756 consolatio.
2975 3704 3123 3758 Tunc
3150 3707 3290 3758 enim
3324 3708 3581 3761 malorum
3613 3711 3844 3763 societas
3876 3711 3986 3764 ha-

2394 3790 2483 3843 bet
2529 3792 2948 3846 couSolaliouem
2979 3837 2991 3858 ,
3027 3796 3240 3863 quando
3283 3798 3420 3849 tnala
3453 3814 3570 3867 quae
3604 3802 3835 3868 patimur
3863 3802 3986 3858 fite-

2395 3883 2500 3934 rint
2532 3884 2875 3950 proportione
2907 3886 3052 3954 paria
3085 3904 3096 3939 :
3133 3889 3344 3956 quando
3373 3899 3548 3943 autem
3577 3894 3983 3960 ettsuperarint,

2395 3983 2446 4024 et
2494 3985 2548 4024 ut
2583 3985 2758 4028 mente
2799 3976 3122 4030 exet-damus
3164 3977 3438 4033 ell‘ecerint
3464 4022 3478 4045 ,
3508 3998 3613 4034 non
3641 3983 3874 4051 amplius
3903 3990 3988 4039 si-

2396 4071 2528 4116 tmut
2575 4064 2737 4116 ullam
2773 4063 2968 4118 habere
2997 4067 3440 4121 consolationem.
3486 4071 3579 4126 Die
3621 4075 3762 4127 enim
3803 4080 3853 4128 ei
3889 4077 3991 4143 qui

2397 4154 2532 4207 male
2581 4154 2866 4208 mulctatus
2916 4156 2966 4207 in
3017 4157 3192 4224 ignem
3223 4169 3304 4210 est
3336 4159 3599 4228 injectus,
3639 4162 3732 4216 llic
3761 4175 3852 4216 aut
3887 4166 3990 4222 ille

2398 4245 2497 4297 hoc
2525 4244 2755 4312 patitur;
2788 4259 2854 4298 ne
2884 4247 3078 4298 sentiet
3109 4246 3324 4314 quidem
3349 4251 3796 4306 consolationem.
3823 4252 3991 4308 Nun-

2399 4351 2465 4388 ne
2495 4349 2686 4387 ()IIIIICS
2717 4334 2872 4387 simul
2906 4338 3177 4403 perierunt
3212 4336 3509 4393 lsraelitw?
3553 4357 3840 4410 quamnam
3880 4346 3995 4400 hoc

2398 4429 2475 4481 eis
2502 4427 2679 4480 attulit
2713 4427 3172 4481 Consolationcm?
3201 4443 3379 4482 annon
3411 4431 3512 4484 hoc
3541 4434 3710 4500 ipsum
3739 4449 3834 4487 eos
3868 4451 3996 4490 ma-

2394 4521 2496 4588 jori
2527 4519 2711 4573 dolore
2751 4518 3060 4573 afficiebat?
3101 4522 3165 4575 Et
3199 4521 3320 4575 ideo
3353 4522 3602 4578 dicebant
3623 4551 3645 4591 ,-
3673 4526 3940 4581 l'ertintus
3974 4571 3993 4594 ,

2401 4607 2721 4674 iuteriimus,
2743 4612 3046 4679 consumpti
3081 4627 3285 4667 sumus.
3309 4613 3563 4679 Qua-nam
3591 4626 3672 4670 est
3708 4632 3834 4686 ergo
3869 4619 3998 4676 lia-c

2399 4700 2737 4753 Consolatio?
2769 4699 2987 4754 Frustra
3033 4717 3132 4754 nos
3179 4703 3277 4755 hac
3320 4719 3414 4771 spe
3453 4709 3811 4760 c0usolamur.
3865 4708 3996 4766 Una

2401 4802 2513 4851 sola
2541 4808 2623 4852 est
2643 4797 2940 4852 consolatio
2962 4840 2976 4863 ,
3008 4799 3058 4851 in
3088 4797 3234 4850 illum
3265 4799 3352 4867 qui
3385 4801 3648 4868 exstingui
3676 4820 3777 4856 nou
3807 4817 4001 4871 potest

2402 4889 2576 4958 ignem
2616 4905 2719 4941 non
2751 4888 2987 4942 incidere
3019 4907 3031 4941 :
3064 4889 3143 4942 eis
3183 4901 3357 4942 autem
3386 4931 3400 4954 ,
3430 4891 3520 4959 qui
3555 4891 3789 4946 incidere
3814 4933 3829 4956 ,
3882 4912 4000 4950 non

2403 4980 2524 5032 licet
2547 4978 2758 5048 assequi
2783 4979 3205 5034 consolationem
3234 4999 3248 5036 :
3274 4980 3363 5034 ubi
3386 4992 3469 5034 est
3492 4983 3691 5037 stridor
3716 4983 3999 5049 dentium.

2405 5071 2491 5124 ubi
2538 5070 2691 5124 ﬂetus
2715 5111 2731 5135 ,
2760 5070 2850 5123 ubi
2905 5061 3234 5139 vermis-qui
3284 5087 3388 5125 non
3432 5074 3662 5128 moritur
3685 5115 3698 5138 ,
3727 5076 3812 5129 ubi
3849 5078 4005 5146 ignis

2375 5162 2490 5230 'qni
2536 5176 2638 5214 nou
2678 5161 3050 5230 exstinguitur.
3079 5159 3377 5216 Omniuone
3421 5162 3581 5217 ullam
3624 5166 3845 5231 senties,
3884 5169 4004 5236 die,

2405 5267 2586 5317 qmeso
2608 5291 2621 5314 ,
2651 5250 3066 5305 absolutionem
3093 5292 3108 5316 ,
3138 5267 3257 5304 cum
3294 5253 3368 5306 sis
3398 5253 3450 5306 in
3487 5253 3776 5310 afﬂictione
3802 5267 3856 5309 et
3893 5274 4002 5312 an-

2404 5343 2620 5410 gustia?
2663 5342 2730 5395 de
2787 5352 2980 5395 cauere
3037 5344 3178 5400 enim
3212 5344 3319 5397 eris
3361 5345 3500 5412 aliud
3540 5356 3614 5402 te.
3651 5346 3759 5411 Ne,
3806 5364 4009 5414 quieso

2408 5444 2459 5483 et
2505 5448 2664 5500 rogo,
2707 5448 2775 5485 ne
2818 5449 2915 5486 nos
2965 5441 3168 5488 temere
3199 5435 3563 5504 decipiamus,
3595 5451 3651 5491 et.
3697 5439 3778 5491 his
3810 5444 4006 5498 verbis

2409 5509 2745 5576 consolemur
2764 5564 2778 5587 ,
2808 5525 2900 5578 sed
2930 5541 2991 5579 ea
3032 5519 3287 5579 faciamus
3313 5544 3431 5596 quae
3461 5544 3561 5582 nos
3591 5540 3841 5598 poterunt
3875 5549 4008 5590 ser-

2411 5626 2552 5663 vare.
2581 5613 2712 5665 Cum
2741 5613 2954 5668 Christo
2983 5631 3268 5670 consessus
3299 5626 3384 5671 est
3423 5618 3517 5672 tibi
3561 5620 3867 5690 propositus
3892 5663 3912 5689 ,
3946 5637 4005 5678 et

2416 5714 2469 5756 tu
2518 5703 2585 5758 de
2630 5704 2710 5757 his
2751 5708 2960 5762 curiose
3005 5708 3384 5764 scrutaris‘i-Si
3431 5710 3634 5766 nullum
3678 5723 3818 5767 esset
3853 5715 4005 5772 aliud
