4108 6312
228 331 298 392 5‘:
759 303 772 316 ’
1149 327 1216 381 IN
1260 324 1472 382 EPIST.
1518 327 1606 378 At)
1647 324 1802 378 EPlll

1935 324 2088 378 CAP.
2136 325 2198 378 ll.
2245 323 2473 382 HOMIL
2516 325 2581 384 ν.
3442 332 3508 385 Μ

233 457 516 524 peccatum
543 489 558 510 ,
602 461 702 515 pro
745 445 825 499 his
872 443 1053 497 verbis
1101 454 1355 512 quantum
1402 457 1500 496 nos
1549 449 1822 510 oporteret

237 541 420 596 subire
467 537 824 606 supplicium;
855 535 992 603 quod
1039 534 1205 589 simus
1230 533 1366 588 adeo
1399 534 1608 601 ignavi,
1640 530 1821 585 miseri

233 641 292 686 et
323 628 579 684 socordes
603 669 617 692 ,
649 636 705 678 ut
733 633 878 677 tanto
908 624 1067 677 etiam
1097 623 1371 692 proposito
1401 622 1570 690 pretio
1592 620 1708 675 haec
1737 620 1822 674 di-

234 720 460 777 camus?
486 720 530 774 Ο
561 728 818 789 quantum
851 717 1171 787 ingemisces
1193 758 1205 776 .
1232 715 1444 785 quando
1472 715 1705 768 audieris
1727 729 1821 767 eos

234 813 326 882 qui
352 813 488 864 bona
510 816 738 878 egerunt
764 809 938 862 vocari
970 809 1021 860 in
1053 821 1272 874 regnum
1313 815 1367 886 et
1407 805 1613 859 honore
1641 803 1820 856 allici?

233 903 455 972 quando
478 902 681 956 videris
707 916 772 954 ex
801 902 972 955 servis
999 909 1054 953 et
1083 899 1266 952 humili
1301 900 1419 952 loco
1445 899 1584 952 natis
1610 914 1704 954 eos
1731 898 1819 966 qui

237 1007 425 1062 parum
465 992 552 1045 hic
592 991 936 1054 laborarunt,
969 989 1148 1042 throni
1183 989 1313 1058 regii
1342 1004 1462 1042 esse
1491 987 1822 1057 participes?

233 1086 427 1137 Annon
461 1097 521 1136 ea
551 1090 708 1136 erunt
739 1081 832 1134 tibi
864 1080 1043 1149 pejora
1092 1079 1408 1149 punitione?
1435 1077 1566 1132 Nam
1594 1078 1639 1132 si
1681 1091 1821 1130 nunc

226 1174 499 1247 quosdam
524 1173 714 1226 videns
741 1185 998 1240 prospere
1027 1179 1275 1239 agentes,
1301 1169 1508 1224 etiamsi
1536 1168 1666 1221 nihil
1696 1167 1818 1221 mali

231 1267 452 1336 patiaris
473 1306 488 1329 ,
529 1264 633 1318 hoc
663 1263 809 1317 omni
848 1262 1128 1331 supplicio,
1153 1260 1366 1330 gravius
1393 1271 1545 1330 putas
1566 1303 1581 1322 ,
1614 1260 1820 1313 discru-

227 1358 392 1412 ciaris
413 1399 429 1421 ,
462 1357 691 1426 teipsum
725 1355 873 1423 luges
902 1362 958 1408 et
1002 1353 1316 1423 lacrymaris
1338 1395 1352 1420 ,
1394 1363 1450 1407 et
1478 1363 1528 1407 te
1557 1351 1818 1405 mortibus

1927 441 2072 494 mille
2101 440 2322 510 dignum
2366 456 2488 496 esse
2522 456 2749 496 censes:
2784 442 2909 512 quid
2944 454 3066 499 tunc
3098 441 3347 514 patieris?
3378 450 3509 499 Min

1927 534 1970 587 si
2003 545 2109 588 non
2141 542 2286 588 esset
2314 533 2556 604 gehenna
2576 576 2590 600 ,
2619 535 2730 604 ipsa
2760 534 2828 588 dc
2859 551 3024 606 regno
3054 538 3305 607 cogitatio
3331 553 3509 592 annon

1925 625 2198 679 sufﬁceret
2225 625 2290 678 a'd
2325 625 2649 692 perdendum
2680 636 2729 680 et
2761 627 2825 678 ad
2849 627 3179 683 afferendum
3204 630 3512 684 interitum?

1926 717 2078 786 Quod
2103 727 2280 772 autem
2309 732 2398 772 res
2431 719 2499 770 ita
2529 719 2597 772 sit
2628 733 2686 772 se
2717 719 2960 773 habitura
2981 761 2994 784 ,
3025 721 3156 774 satis
3178 722 3310 777 disci
3337 732 3516 791 potest

1925 823 1989 861 ex
2035 823 2212 861 rerum
2246 808 2596 875 experientia.
2628 808 2704 863 Ne
2735 824 2842 862 nos
2863 824 2992 879 ergo
3030 820 3231 866 temere
3270 811 3510 866 ObICClt'-

1926 913 2046 951 mus
2076 907 2130 951 et
2174 897 2516 952 consolemur
2561 897 2869 966 hujusmodi
2897 899 3074 956 verbis
3095 942 3108 964 ,
3137 901 3231 957 scd
3262 903 3509 957 attenda-

1928 1005 2044 1042 mus
2072 1031 2086 1054 ,
2116 999 2168 1041 et
2197 988 2384 1042 salutis
2413 998 2609 1042 nostra:
2637 1004 2820 1042 curam
2847 1005 3118 1060 geramus,
3142 1000 3193 1046 et
3224 992 3290 1047 de
3315 994 3510 1049 virtute

1928 1082 2095 1133 simus
2136 1079 2386 1144 solliciti,
2416 1089 2468 1131 ct
2511 1079 2574 1132 ad
2616 1079 2752 1131 bona
2787 1080 3017 1148 gerenda
3052 1095 3150 1135 nos
3179 1083 3506 1143 excitemus,

1930 1180 1986 1222 ut
2016 1171 2158 1238 digni
2191 1169 2483 1223 habeamur
2525 1170 2612 1238 qui
2647 1179 2847 1222 tantam
2876 1186 3224 1241 assequamur
3249 1174 3510 1244 gloriam,

1929 1263 1978 1313 in
2014 1259 2231 1315 Christo
2259 1259 2382 1314 Jesu
2414 1260 2635 1313 Domino
2667 1271 2870 1315 nostro.

237 1472 3510 1506 Μ

1662 1555 2011 1618 HOMILIA
2054 1554 2132 1613 V.

225 1708 360 1761 Car.
392 1707 448 1760 2.
481 1724 531 1760 v.
571 1709 656 1762 ll.
695 1707 909 1776 Pmpter
937 1707 1072 1774 quod
1101 1701 1342 1759 m'emores
1372 1711 1526 1757 estote
1552 1700 1687 1771 quod
1716 1698 1816 1751 ali-

299 1802 504 1871 quando
550 1818 636 1855 vos
676 1803 828 1854 eratis
868 1811 1036 1870 gentes
1081 1800 1348 1859 in‘carue,
1393 1796 1478 1864 qui
1519 1791 1818 1848 dicebamini

303 1895 606 1961 prmputium
643 1893 704 1944 ab
745 1909 804 1945 ea
840 1907 952 1962 qua:
993 1892 1176 1942 dicitur
1218 1886 1534 1940 circumcisio
1574 1886 1625 1936 in
1667 1897 1818 1934 carne

300 1989 597 2054 manufacta
617 2001 634 2038 :
654 1986 736 2039 12.
756 1984 875 2053 quia
891 1983 1041 2036 eratis
1061 1981 1152 2035 illo
1167 1981 1219 2033 in
1236 1990 1457 2047 tempore
1475 1977 1581 2030 sine
1595 1975 1815 2036 Christo,

297 2075 508 2127 alienati
526 2091 562 2126 a
577 2074 957 2127 conversatione
976 2070 1161 2134 Israel,
1185 2079 1232 2122 et
1259 2069 1477 2137 hospites
1500 2072 1820 2120 testamento-

302 2182 420 2216 rum
452 2165 821 2232 promissionis,
849 2180 986 2234 spem
1015 2178 1115 2216 non
1142 2159 1401 2223 habentes,
1432 2167 1476 2212 et
1500 2158 1607 2212 sine
1635 2156 1740 2210 Deo
1766 2156 1819 2209 in

302 2254 400 2306 hoc
425 2253 636 2308 mundo.

302 2346 356 2398 i.
388 2343 544 2397 Multa
573 2342 864 2398 ostendunt
886 2343 982 2398 Dei
1009 2342 1392 2411 benignitatem
1418 2348 1470 2394 et
1496 2351 1732 2392 amorem
1765 2337 1813 2389 in

227 2434 479 2488 homines
506 2451 519 2486 :
545 2435 797 2502 primum,
821 2432 962 2502 quod
993 2447 1088 2501 per
1117 2445 1176 2486 se
1208 2431 1384 2484 salvos
1412 2428 1614 2488 fecerit,
1641 2435 1696 2480 et
1723 2439 1817 2494 per

224 2537 290 2576 se
340 2523 430 2576 tali
473 2522 633 2576 modo
663 2539 678 2574 :
709 2522 946 2576 secundo
976 2541 1000 2588 ,'
1034 2521 1174 2590 quod
1220 2536 1340 2574 cum
1381 2518 1563 2588 quales
1599 2530 1816 2570 eramus

227 2613 418 2666 salvos
451 2611 635 2667 fecerit
661 2630 674 2664 :
701 2612 858 2666 tertio
882 2653 897 2678 ,
925 2626 1030 2681 quo
1060 2626 1157 2664 nos
1187 2608 1486 2663 deduxerit.
1517 2606 1640 2660 H:ec
1669 2604 1810 2659 enim

223 2705 410 2758 omnia
439 2720 530 2772 per
558 2719 617 2758 se
647 2704 930 2757 maximam
955 2702 1153 2758 habent
1176 2702 1549 2756 iudicationem
1579 2698 1695 2767 ejus
1717 2696 1818 2751 be-

223 2793 502 2863 nignitatis
527 2811 540 2846 :
563 2802 617 2857 et
644 2792 758 2847 haec
785 2793 963 2854 omnia
984 2792 1179 2846 Paulus
1203 2805 1345 2844 nunc
1366 2789 1608 2843 scribens
1628 2786 1809 2857 agitat.

224 2884 404 2949 Dixit,
432 2883 573 2954 quod
603 2899 724 2939 cum
753 2897 997 2939 essemus
1025 2883 1217 2936 mortui
1246 2881 1455 2935 delictis
1481 2888 1535 2933 et
1562 2879 1654 2932 ﬁlii
1682 2879 1810 2943 inc,

223 2990 331 3030 nos
379 2976 557 3028 salvos
605 2975 790 3029 fecerit
823 2991 836 3026 :
870 2989 1013 3027 nunc
1059 2973 1187 3026 dicit
1231 2971 1426 3040 quibus
1476 2984 1574 3022 nos
1627 2967 1813 3021 iecerit

224 3065 486 3134 :rquales,
515 3072 569 3118 et
596 3065 715 3118 ideo
741 3064 889 3126 dicit,
920 3051 1170 3116 Memores
1194 3069 1365 3113 estote.
1397 3059 1641 3112 Solemus
1667 3057 1810 3111 enim

220 3169 450 3219 omnes,
479 3154 691 3226 quando
733 3154 801 3208 ab
845 3153 1031 3206 humili
1078 3151 1361 3205 admodum
1399 3148 1706 3203 conditione
1743 3146 1809 3199 ad

218 3249 551 3302 contrariam
579 3254 632 3300 et
659 3246 708 3300 ei
737 3261 801 3299 ex
831 3244 1059 3299 adverso
1088 3243 1502 3312 respondentem
1529 3249 1621 3293 aut
1647 3240 1808 3294 etiam

219 3338 483 3406 majorem
499 3338 668 3392 evecti
689 3336 944 3391 fuerimus
960 3335 1238 3398 honorem,
1253 3349 1322 3388 ne
1340 3334 1575 3403 priorum
1593 3331 1807 3401 quidem

220 3427 535 3482 meminisse
559 3468 573 3490 ,
607 3435 664 3480 ut
706 3427 794 3496 qui
836 3427 921 3480 illa
965 3430 1260 3478 nutriamur
1299 3424 1487 3493 gloria.
1521 3423 1807 3490 Pr0pterea

217 3515 385 3578 dicit,
438 3514 655 3584 Propter
696 3515 830 3583 quod
873 3531 1114 3568 memores
1157 3523 1330 3568 estote.
1373 3512 1592 3580 Propter
1634 3511 1767 3581 quod
1789 3552 1802 3575 ,

216 3606 528 3674 quodnam?
555 3605 704 3672 Quod
727 3607 893 3659 creati
925 3621 1108 3659 sumus
1135 3605 1186 3658 in
1217 3604 1468 3674 operibus
1497 3603 1669 3657 bouis.
1696 3604 1805 3656 lloc

216 3708 400 3749 autem
427 3695 626 3750 sufﬁcit
646 3696 713 3749 ad
737 3697 891 3750 nobis
916 3695 1340 3764 persuadendum
1365 3704 1420 3748 ut
1444 3710 1624 3748 curam
1652 3709 1805 3763 gera-

219 3802 344 3840 mus
372 3785 606 3839 virtutis.
641 3784 1105 3840 Memoresestote.
1148 3785 1354 3840 Sufficit
1391 3786 1532 3839 enim
1568 3785 1652 3837 illa
1687 3799 1802 3838 me-

219 3878 392 3932 moria
423 3877 488 3931 ad
515 3887 692 3947 gratos
718 3886 771 3932 et
801 3893 1065 3932 memores
1092 3877 1392 3931 reddendos
1417 3878 1468 3931 in
1493 3876 1799 3930 benefacto-

219 3985 358 4024 rem.
395 3969 544 4036 Quod
578 3985 663 4024 ros
710 3971 983 4039 aliquando
1023 3980 1212 4040 gentes.
1254 3969 1387 4024 Vide
1429 3971 1695 4038 quomodo
1737 3985 1798 4023 ea

213 4059 488 4128 deprimat
513 4059 703 4127 quibus
726 4059 896 4114 διιόωί
927 4061 1322 4129 prazcellcbant,
1347 4070 1401 4114 et
1425 4075 1485 4114 ea
1510 4060 1799 4114 admiretur

214 4150 414 4217 quibus
430 4159 620 4219 gentes
637 4160 789 4205 erant
812 4150 1124 4215 inferiores;
1149 4166 1266 4221 qua:
1287 4149 1499 4220 quidem
1524 4167 1626 4204 non
1648 4159 1799 4204 erant

217 4239 526 4306 hujusmodi
571 4249 628 4293 ut
664 4239 944 4295 inferiores
970 4254 1064 4294 eos
1090 4240 1409 4304 redderent,
1455 4240 1547 4295 sed
1580 4256 1610 4291 a
1639 4241 1798 4295 modo

200 4339 271 4384 ~et
300 4330 404 4382 vita
441 4332 678 4398 utrisque
704 4331 1006 4399 persuadet.
1030 4331 1128 4397 Qui
1148 4331 1448 4385 dicebantt‘ni
1469 4333 1791 4401 prwputium.

220 4419 278 4474 In
324 4419 500 4473 verbis
541 4430 656 4473 erat
693 4420 903 4485 honor,
943 4421 994 4475 in
1035 4437 1197 4476 carne
1239 4423 1585 4491 praerogativa
1619 4441 1630 4474 :
1663 4422 1792 4476 nihil

211 4510 358 4564 enim
403 4518 486 4564 est
533 4510 884 4578 prteputium,
931 4511 1063 4564 nihil
1107 4511 1461 4566 circumcisio.
1493 4512 1567 4564 Ab
1597 4528 1655 4564 ea
1683 4526 1795 4580 qua:

210 4600 435 4660 dicitur.
468 4600 664 4670 inquit,
697 4602 1011 4655 circumcisio
1037 4603 1088 4655 in
1113 4619 1266 4656 carne
1300 4605 1610 4672 manufacta.
1643 4603 1792 4668 Quod

208 4689 368 4742 eratis
393 4690 484 4742 illo
510 4692 860 4758 lempore’sine
888 4692 1108 4756 Christo,
1138 4694 1347 4746 alienati
1366 4711 1396 4745 a
1417 4696 1792 4748 conversatione

210 4778 382 4833 Israel
401 4823 414 4844 ,
449 4792 494 4834 et
524 4781 744 4850 hospites
788 4791 1197 4836 testamentorum
1239 4784 1619 4854 promissionis,
1650 4801 1789 4854 spem

205 4886 313 4922 non
345 4870 597 4936 habentes,
628 4881 676 4924 et
716 4872 825 4924 sine
858 4871 960 4925 Deo
988 4874 1041 4926 in
1072 4873 1282 4927 mundo.
1317 4873 1441 4936 Vos,
1475 4873 1665 4944 inquit,
1694 4874 1787 4945 qui

204 4961 311 5015 hoc
340 4964 600 5017 vocamiui
628 4979 657 5016 a
688 4963 908 5019 Iudaeis.
941 4965 1047 5019 Cur
1075 4975 1251 5021 autem
1280 4982 1398 5020 cum
1429 4976 1573 5022 esset
1601 4978 1784 5022 osten-

201 5070 366 5109 surus
395 5054 447 5109 in
476 5055 577 5110 hoc
604 5056 684 5110 eis
708 5056 958 5111 collatum
989 5057 1152 5113 fuisse
1183 5058 1498 5115 beneficium
1521 5060 1663 5130 quod
1691 5074 1784 5114 eos

200 5145 393 5200 fecerit
423 5145 736 5211 societatem
755 5147 955 5203 habere
975 5164 1092 5203 cum
1116 5149 1333 5214 lsraele,
1358 5166 1542 5204 rursus
1569 5151 1780 5204 Israeli-

199 5237 364 5292 timm
388 5252 492 5291 non
515 5237 767 5307 deprimit
787 5238 1121 5308 dignitatem,
1149 5241 1241 5294 sed
1268 5255 1385 5295 eam
1413 5242 1464 5296 in
1496 5241 1576 5295 his
1603 5241 1778 5297 extol-

196 5327 260 5380 lit
280 5327 305 5378 ’1
340 5325 556 5381 Extollit
583 5328 636 5380 in
667 5327 734 5382 iis
759 5344 879 5398 qua:
915 5337 1036 5382 sunt
1065 5332 1400 5396 necessaria,
1430 5332 1480 5385 in
1511 5332 1576 5385 iis
1602 5343 1776 5386 autem

190 5415 457 5485 deprimit
490 5417 543 5470 in
585 5417 776 5487 quibus
802 5419 881 5472 eis
917 5433 1021 5473 non
1065 5418 1159 5473 fuit
1188 5421 1435 5475 secietas.
1474 5422 1776 5490 Procedens

187 5505 344 5560 enim
372 5504 529 5569 dicit,
562 5504 702 5564 Estis
739 5508 867 5562 cives
896 5520 1183 5563 sanctorum
1224 5520 1269 5564 et
1295 5513 1554 5571 domestici
1577 5513 1674 5568 Dei
1702 5514 1771 5585 (υ.

188 5595 308 5664 19).
350 5594 484 5650 Vide
510 5597 781 5667 quomodo
807 5615 912 5655 non
941 5600 1191 5671 deprimit
1216 5619 1229 5656 :
1254 5602 1398 5664 Haec,
1431 5604 1621 5674 inquit,
1649 5613 1774 5660 sunt

178 5684 572 5741 ittditferentia.
599 5685 678 5741 Ne
703 5690 1039 5752 existimetis,
1075 5691 1264 5761 inquit,
1289 5708 1383 5748 vos
1410 5695 1768 5750 circumcisio-

509 5779 774 5837 ΡΑτιιοι..
823 5780 936 5842 Gn.
990 5783 1174 5848 LXII.

1313 5885 1351 5898 τ.

1928 1709 2053 1748 nem
2087 1709 2190 1748 non
2235 1704 2634 1761 cunscquutos,
2682 1711 2746 1748 co
2787 1698 2928 1764 quod
2973 1699 3087 1752 sitis
3129 1700 3180 1752 in
3213 1704 3512 1770 przrputio,

1925 1785 2156 1853 aliquam
2188 1784 2384 1838 habere
2413 1785 2791 1839 diﬂ‘ereutiam.
2829 1788 2939 1841 lloc
2967 1798 3081 1843 erat
3110 1806 3272 1860 grave
3302 1807 3364 1846 ac
3391 1808 3512 1847 mo-

1926 1874 2140 1939 lestum,
2170 1875 2312 1944 quod
2333 1884 2519 1928 essent
2538 1876 2654 1929 sine
2675 1876 2908 1942 Christo,
2934 1881 3074 1947 quod
3099 1891 3275 1936 essent
3294 1884 3510 1939 alit-nati

1923 1977 1952 2015 a
1977 1965 2388 2018 conversatione
2418 1965 2620 2029 Israel;
2651 1965 2750 2020 hoc
2777 1976 2956 2023 autem
2986 1987 3090 2025 non
3115 1981 3197 2026 est
3222 1988 3510 2029 com'ersa-

1925 2054 1998 2107 tio
2030 2072 2041 2106 :
2074 2055 2214 2124 quod
2245 2043 2590 2111 vero'essent
2621 2057 2858 2127 hospites
2900 2069 3340 2118 testamentorum
3385 2082 3509 2135 pro-

1923 2144 2197 2198 missionis
2224 2186 2238 2209 ,
2273 2146 2414 2214 quod
2449 2162 2553 2200 non
2596 2147 2858 2203 haberent
2885 2166 3034 2221 spem
3067 2152 3297 2209 futttram
3321 2197 3336 2222 ,
3369 2159 3508 2224 quod

1920 2249 2106 2316 essent
2135 2239 2184 2290 in
2231 2237 2329 2291 hoc
2357 2239 2554 2292 mundo
2580 2241 2696 2294 sine
2727 2242 2837 2296 Deo
2870 2260 2884 2298 :
2917 2243 3031 2322 htc'c
3057 2248 3234 2301 omnia
3263 2258 3416 2302 erant
3445 2252 3508 2301 il-

1923 2327 2119 2381 lorum.
2158 2327 2299 2382 Dixit
2324 2329 2392 2383 de
2439 2330 2596 2385 rebus
2635 2332 2974 2397 caelestibus;
3007 2335 3134 2390 dicit
3166 2337 3324 2392 etiam
3349 2340 3418 2394 de
3450 2343 3512 2393 iis

1921 2435 2039 2487 qua:
2069 2428 2193 2473 sunt
2224 2433 2387 2489 super
2414 2430 2635 2488 terram,
2658 2425 2909 2492 quoniam
2931 2426 2999 2482 de
3026 2427 3155 2496 ipsis
3193 2429 3362 2484 Judu-i
3401 2448 3512 2484 ma-

1918 2523 2076 2578 gnam
2110 2509 2375 2564 habebant
2404 2512 2855 2586 existimationem
2883 2528 2936 2570 et
2963 2517 3207 2586 gloriam.
3245 2519 3315 2573 lta
3349 2522 3508 2576 etiam

1918 2599 2165 2655 Christus
2194 2603 2478 2659 consolans
2501 2605 2813 2674 discipulos,
2846 2619 3123 2678 postquam
3155 2612 3309 2680 dixit,
3339 2613 3505 2680 Beati,

1924 2696 2013 2762 qui
2029 2699 2458 2766 persequutionem
2477 2703 2737 2770 patiuntur
2760 2714 2964 2773 praptcr
2975 2706 3247 2776 justitiam,
3271 2710 3509 2778 quoniam

1924 2785 2148 2854 ipsorum
2170 2799 2242 2841 est
2263 2806 2472 2860 regnum
2494 2793 2756 2858 caelorum,
2782 2796 2930 2863 ponit
2955 2796 3004 2851 id
3026 2799 3166 2867 quod
3193 2811 3274 2854 est
3297 2803 3470 2857 minus
3493 2824 3505 2856 :

1925 2877 2014 2931 Sic
2053 2881 2184 2931 enim
2231 2884 2517 2949 persequuti
2554 2894 2670 2937 sunt
2717 2888 2988 2954 prOphetas
3031 2892 3116 2958 qui
3146 2896 3353 2960 [uerunt
3391 2907 3512 2962 ante

1921 2981 2005 3019 vos
2035 2968 2245 3035 (Matth.
2287 2971 2340 3022 5.
2381 2972 2464 3024 10.
2499 2972 2610 3041 12).
2657 2974 2787 3027 Nam
2831 2977 2931 3031 huc
2971 2980 3223 3047 quidem,
3257 2986 3397 3052 quod
3437 2989 3502 3039 ad

1921 3058 2337 3126 magnitudinem
2368 3061 2576 3123 attinet,
2608 3073 2690 3118 est
2719 3065 2893 3121 minus
2917 3084 2931 3120 :
2957 3067 3002 3121 si
3029 3081 3300 3138 Spectctur
3327 3086 3503 3132 autem

1921 3149 2062 3216 quod
2096 3164 2263 3218 prope
2293 3153 2402 3204 sint
2429 3164 2483 3206 et
2512 3154 2839 3209 crediderint
2864 3199 2876 3221 ,
2910 3168 2995 3213 est
3025 3177 3276 3232 magnum
3311 3177 3365 3222 et
3392 3171 3504 3222 suf-

1919 3234 2122 3300 ficiens,
2156 3247 2210 3292 et
2240 3255 2480 3309 magnam
2511 3245 2615 3296 vim
2646 3245 2825 3302 habet.
2861 3247 2971 3303 [loc
2993 3265 3123 3320 ergo
3145 3264 3280 3320 erat,
3307 3255 3505 3313 habere

1917 3320 2407 3386 conversationem.
2435 3333 2548 3387 Non
2578 3335 2731 3400 dixit,
2761 3338 3001 3407 Separati
3023 3384 3037 3407 ,
3066 3344 3160 3398 sed
3180 3387 3193 3411 ,
3222 3347 3442 3403 Alienati
3471 3371 3501 3404 (ι

1916 3422 2310 3475 conversatione.
2343 3424 2455 3477 Non
2478 3425 2629 3490 dixit,
2657 3427 2770 3482 Non
2794 3433 3154 3497 attendentes,
3180 3440 3294 3503 sed,
3321 3440 3501 3510 Neque

1918 3512 2296 3581 participantes
2321 3557 2335 3580 ,
2370 3524 2424 3569 et
2459 3516 2715 3584 Hospites.
2751 3521 2932 3590 Magna
2965 3534 3047 3578 est
3075 3529 3357 3583 verborum
3387 3550 3500 3587 cm-

1917 3603 2117 3670 phasis,
2148 3621 2390 3676 magnam
2414 3610 2704 3664 ostendens
2733 3615 3146 3678 separationem.
3175 3619 3308 3675 Nam
3335 3614 3493 3678 etiam

1917 3693 2168 3752 Israelita
2200 3705 2352 3751 erant
2380 3708 2530 3752 extra
2563 3704 3025 3759 conversationem
3046 3749 3061 3773 ,
3092 3710 3184 3764 sed
3218 3727 3320 3766 non
3358 3722 3494 3768 L'Illl-

1914 3799 2072 3852 quam
2103 3786 2260 3839 alieni
2284 3827 2300 3854 ,
2335 3805 2517 3843 verum
2550 3800 2817 3861 tamquam
2863 3796 2996 3865 pigri
3035 3794 3090 3852 et
3117 3799 3369 3856 desidiosi
3396 3846 3409 3868 ,
3441 3819 3492 3860 ‹-ι

1911 3875 2226 3930 exciderunt
2247 3893 2274 3930 a
2300 3881 2652 3944 testamentis,
2672 3882 2764 3937 sed
2784 3900 2888 3937 non
2914 3894 3178 3957 tamquam
3204 3895 3489 3962 peregrini.

1910 3966 2165 4032 Quaenam
2192 3981 2368 4024 autem
2398 3984 2551 4026 erant
2583 3986 2897 4031 testamenta
2931 3982 3348 4047 promissionis?
3378 3987 3491 4042 Tibi

1908 4067 1952 4110 et
1979 4061 2155 4111 semini
2180 4071 2264 4114 tuo
2287 4062 2415 4116 dabo
2445 4075 2628 4126 terram
2658 4068 2788 4120 hanc
2817 4067 2969 4136 (Gen.
3005 4072 3091 4127 15.
3118 4075 3226 4142 15),
3254 4085 3310 4131 et
3336 4093 3484 4149 quae-

1906 4163 2132 4216 cumque
2159 4152 2259 4205 alia
2293 4155 2554 4223 promisit.
2587 4157 2763 4225 Spem,
2796 4160 2984 4230 inqttit,
3018 4180 3117 4218 non
3147 4166 3404 4233 habentes,
3439 4183 3486 4225 et

1906 4242 2013 4294 sine
2036 4240 2168 4296 Deo.
2197 4245 2354 4312 Atqui
2379 4245 2509 4300 deos
2534 4248 2826 4303 adorabunt
2847 4291 2861 4315 ,
2896 4252 2988 4306 sed
3017 4269 3120 4309 non
3149 4267 3338 4312 erant:
3366 4261 3483 4315 ido.

1906 4331 2012 4386 lum
2042 4336 2181 4388 enim
2214 4336 2344 4390 nihil
2375 4347 2477 4392 est.
2513 4340 2594 4394 15.
2631 4340 2786 4396 Nunc
2815 4354 2982 4397 autem
3017 4346 3069 4400 in
3097 4347 3297 4404 Christo
3321 4351 3444 4407 Jestt
3466 4396 3480 4421 ,

1902 4439 2007 4488 vos,
2031 4427 2118 4495 qui
2138 4427 2412 4495 aliquando
2438 4432 2589 4485 eratis
2614 4433 2780 4502 longe,
2810 4436 2937 4504 facti
2957 4440 3077 4490 estis
3103 4457 3260 4510 prape
3288 4443 3338 4496 in
3366 4461 3482 4499 san-

1901 4515 2053 4582 guine
2082 4515 2287 4569 Christi.
2328 4519 2413 4572 Η.
2453 4517 2574 4589 Ipse
2613 4523 2745 4575 enim
2780 4534 2854 4576 est
2888 4542 2992 4594 paa:
3025 4539 3218 4595 nostra,
3250 4533 3335 4598 qui
3367 4537 3482 4604 fecit

1900 4611 2108 4672 utraque
2147 4622 2337 4671 unum,
2380 4617 2427 4661 et
2471 4609 2688 4664 medium
2720 4615 2957 4682 parietem
2991 4621 3221 4673 macerite
3245 4624 3440 4680 solvens
3462 4669 3476 4693 ,

1899 4692 2187 4749 inimicitias
2208 4697 2259 4748 in
2279 4713 2430 4751 carne
2448 4715 2557 4753 sua.
2585 4701 2693 4754 lloc
2715 4712 2797 4756 est
2817 4720 2964 4774 ergo,
2993 4707 3182 4777 inquit,
3203 4692 3474 4783 magnum,

1897 4783 2034 4848 quod
2068 4787 2308 4840 venimus
2353 4789 2403 4841 in
2447 4788 2751 4845 Judtcorum
2797 4802 3305 4856 conversationem?
3347 4810 3473 4876 quid

1894 4875 2066 4930 dicis?
2091 4895 2436 4949 quacumque
2465 4893 2590 4937 sunt
2617 4884 2666 4938 iu
2698 4887 2843 4940 ctelis
2873 4895 2927 4942 et
2955 4905 3074 4960 qua:
3099 4904 3223 4948 sunt
3251 4896 3300 4950 in
3331 4875 3471 4953 terra

1894 4967 2209 5023 instauravit
2251 4980 2306 5024 et
2350 4972 2401 5025 in
2445 4989 2604 5028 unam
2653 4991 2914 5032 summam
2961 4983 3202 5054 redegit,
3241 4996 3295 5041 et
3334 5005 3472 5044 nunc

1890 5059 2024 5113 dicis
2044 5060 2112 5114 de
2133 5060 2417 5116 lsraelitis?
2438 5062 2617 5131 Certe,
2645 5067 2832 5135 inquit.
2861 5070 2989 5126 Nam
3015 5074 3102 5127 illa
3126 5077 3338 5144 quidem
3369 5082 3472 5136 fide

1888 5159 2099 5217 0porlet
2137 5165 2447 5219 assumere,
2491 5154 2605 5209 haec
2651 5167 2828 5212 autem
2869 5163 3032 5216 etiam
3073 5165 3222 5218 factis
3259 5168 3388 5234 ipsis
3418 5182 3467 5225 ct

1886 5241 2158 5308 operibus.
2192 5243 2343 5295 Nunc
2373 5254 2538 5297 autem
2567 5248 2618 5299 in
2645 5247 2843 5303 Christo
2864 5251 3013 5317 Jesu,
3045 5255 3232 5324 inquit,
3263 5275 3348 5312 vos
3377 5265 3464 5328 qni

1884 5332 2157 5399 aliquando
2184 5335 2334 5387 eratis
2362 5334 2529 5403 longe,
2558 5339 2681 5405 facti
2706 5339 2823 5393 estis
2851 5358 3007 5410 prope
3035 5345 3104 5397 ad
3129 5351 3464 5402 conversatio-

1884 5437 2016 5475 nem.
2045 5421 2174 5475 Nam
2209 5423 2335 5476 illud
2368 5425 2522 5495 longe
2552 5438 2604 5480 et
2635 5429 2759 5483 illud
2793 5447 2978 5502 prope,
3009 5445 3092 5489 est
3119 5437 3284 5492 solius
3312 5439 3463 5494 lihcti

1881 5514 2084 5567 arbitrii
2113 5524 2166 5568 ct
2193 5515 2486 5571 electionis.
2520 5517 2641 5588 Ipse
2662 5532 2732 5574 est
2754 5523 2886 5576 enim
2916 5541 3019 5594 pax
3043 5537 3216 5581 nostra
3235 5531 3318 5598 qui
3346 5534 3462 5601 fecit

1881 5615 2088 5674 utraque
2117 5621 2291 5659 unum.

1951 5697 2006 5751 2.
2041 5697 2176 5766 Quid
2219 5702 2317 5755 hoc
2352 5711 2434 5757 est
2460 5743 2474 5770 ,
2508 5701 2732 5773 Utraque
2769 5708 2970 5761 tutum?
2998 5707 3112 5762 Non
3158 5709 3256 5764 hoc
3297 5711 3423 5766 dicit
3445 5754 3459 5777 ,

3057 5813 3095 5868 3
