4108 6312
578 380 646 433 εει
724 333 729 337 ’
1346 372 1402 423 s.
1444 366 1717 422 missis
1753 356 2178 417 cnnt‘sosrot

2284 359 2568 415 tl'ltillllil’.
2613 364 3139 419 CONSTANTINOP.
3775 370 3853 423 40

577 494 712 563 quod
761 506 856 545 nos
887 489 1118 544 erexerit
1152 486 1215 540 ad
1249 485 1398 542 illam
1426 484 1638 553 generis
1666 482 2030 543 nobilitatem,
2061 477 2154 531 sed

577 596 623 637 et
659 584 796 652 quod
841 596 937 634 nos
975 589 1028 634 et
1072 580 1188 632 illos
1227 576 1291 629 ad
1334 575 1628 642 majorem;
1670 572 1840 641 majus
1871 581 2045 623 tamen
2073 578 2156 622 est

580 674 895 728 heuelicium
927 687 1031 740 quo
1077 684 1174 723 nos
1201 667 1375 721 allecti
1408 679 1610 718 sumus.
1642 663 1772 718 Nam
1812 662 1918 716 illis
1942 659 2155 730 quidem

579 779 631 821 vt
677 765 994 836 promissum
1035 761 1241 826 fuerat,
1286 769 1339 813 et
1378 765 1530 812 erant
1571 755 1668 823 ipsi
1707 752 2154 825 propinquiores;

581 859 733 912 nobis
750 866 926 910 autem
952 868 1047 907 uec
1068 852 1403 923 promiserat,
1419 857 1473 904 et
1488 861 1701 903 eramus
1722 844 1948 914 longius.
1964 841 2158 910 Quam-

577 954 760 1005 obrem
785 950 933 1013 dicit,
959 946 1140 1000 Gentes
1161 955 1325 997 autem
1348 958 1458 1020 pro
1497 938 1847 994 misericordia
1873 935 2161 1004 gloriﬁcare

579 1041 741 1095 Deum
769 1039 942 1108 (llam.
972 1037 1055 1093 15.
1080 1037 1160 1101 9).
1184 1024 1509 1089 Ρτιηιίῑεεηιι
1530 1028 1745 1099 quidem
1770 1025 2038 1088 lsraelitis,
2064 1021 2157 1075 sed

579 1139 731 1186 erant
773 1128 1011 1198 indigni;
1066 1126 1216 1179 uohis
1265 1133 1440 1177 autem
1496 1135 1601 1176 non
1654 1117 2013 1188 promiserat,
2065 1113 2157 1167 sed

582 1223 817 1290 hospites
839 1232 1051 1275 eramus
1073 1235 1084 1271 :
1106 1217 1236 1270 nihil
1262 1226 1373 1269 erat
1398 1213 1551 1268 nobis
1571 1227 1689 1266 cum
1710 1211 2154 1279 ipsiscommune,

581 1325 629 1367 et
666 1329 761 1367 nos
790 1311 914 1366 fecit
939 1325 1122 1369 unum,
1159 1322 1266 1359 non
1298 1320 1393 1359 nos
1422 1304 1525 1359 illis
1550 1302 1904 1370 conjungens,
1934 1297 2029 1352 sed
2058 1310 2159 1349 nos

581 1414 635 1457 et
662 1404 780 1457 illos
805 1417 963 1455 unum
988 1399 1207 1453 faciens.
1235 1396 1412 1449 Dicam
1435 1402 1613 1446 autem
1630 1389 1933 1459 exetnplum
1960 1403 1972 1437 :
1998 1399 2161 1455 pona-

582 1510 699 1547 tuus
726 1507 843 1546 esse
868 1491 1001 1544 duas
1027 1497 1251 1549 statuas,
1283 1500 1439 1538 unam
1470 1499 1531 1537 ex
1565 1490 1808 1550 argento,
1839 1477 2060 1530 alteram
2092 1488 2157 1528 ex

584 1583 832 1652 plumbo;
878 1578 1070 1633 deinde
1118 1576 1303 1629 ambas
1341 1572 1486 1627 l‘usas
1512 1579 1583 1625 “et
1619 1568 1875 1623 conﬂatos
1903 1563 2185 1635 prodiisse

583 1687 792 1726 auri-as.
829 1672 966 1723 Ecce
1006 1669 1138 1721 duas
1168 1680 1328 1718 unum
1359 1664 1501 1717 fecit.
1544 1664 1646 1714 Aut
1688 1658 1847 1714 etiam
1876 1657 2066 1709 aliter:
2095 1654 2163 1706 sit

583 1779 720 1815 unus
745 1776 930 1815 servm
960 1800 973 1821 ,
1005 1760 1141 1809 alius
1168 1757 1217 1808 in
1253 1754 1419 1807 lilium
1452 1750 1765 1819 adoptatus;
1796 1746 1953 1800 ambo
1979 1752 2157 1798 autem

584 1854 833 1906 eumdem
865 1850 1090 1903 adorent
1114 1888 1128 1908 ,
1159 1845 1245 1899 hic
1271 1843 1485 1913 quidem
1516 1839 1821 1894 declaratus
1850 1851 1971 1890 cum
2003 1833 2069 1888 sit
2098 1831 2161 1885 ﬂ-

587 1948 689 1998 lius
712 1985 727 2009 ,
774 1944 863 1997 ille
897 1956 1025 1994 vero
1066 1928 1357 2006 fugitivus,
1388 1942 1442 1987 et
1482 1931 1570 2001 qui
1604 1945 1669 1983 ne
1709 1940 1911 1997 patrem
1952 1922 2164 1994 quidem

582 2038 734 2094 novit
762 2055 775 2089 :
804 2033 995 2089 deinde
1032 2032 1165 2083 ﬁant
1203 2026 1360 2080 ambo
1405 2022 1665 2087 heredes,
1698 2022 1751 2075 et
1778 2018 2017 2088 germani
2051 2016 2161 2069 lilii.

590 2129 729 2183 Ecce
755 2126 819 2180 ad
849 2139 1009 2179 tnnnn
1042 2123 1297 2173 honorem
1330 2124 1455 2170 sunt:
1474 2113 1714 2183 perducti
1737 2128 1750 2164 :
1770 2110 1876 2166 duo
1899 2108 2017 2163 laeti
2044 2118 2169 2160 sunt

591 2234 775 2275 unum,
800 2215 888 2269 ille
911 2211 1122 2279 quidem
1151 2223 1270 2263 cum
1296 2205 1530 2258 venisset
1550 2217 1581 2256 e
1603 2201 1911 2270 longinquo,
1934 2197 2021 2251 hic
2042 2211 2169 2251 vero

591 2324 713 2361 cum
738 2322 766 2359 e
791 2303 1108 2375 propinquo,
1147 2310 1199 2351 et
1236 2297 1401 2365 magis
1429 2304 1510 2349 est
1534 2305 1817 2363 germanus
1841 2305 1998 2359 quam
2022 2299 2146 2341 ante

593 2413 752 2467 quam
784 2394 1113 2450 offendisset.
1150 2388 1377 2459 Medium
1398 2428 1410 2448 ,
1444 2385 1645 2454 inquit,
1674 2386 1913 2452 parietem
1943 2378 2173 2433 maceria:

595 2490 806 2543 solvens.
852 2485 980 2552 Quis
1025 2491 1106 2536 est
1151 2479 1357 2532 medius
1400 2475 1612 2546 paries?
1644 2472 1965 2534 lnittticitias,
1996 2470 2087 2534 ait,
2120 2470 2171 2522 in

595 2597 744 2633 carne
764 2577 987 2631 sum/IS.
1010 2574 1190 2644 Legem
1211 2570 1563 2629 mandatorum
1586 2567 1638 2619 in
1661 2564 1873 2618 decretis
1901 2577 2169 2616 evacuans.

538 2704 541 2709 -
599 2668 845 2723 Nonnulli
885 2664 1096 2734 quidem
1127 2662 1311 2715 dicunt
1335 2700 1348 2723 ,
1379 2657 1518 2726 quod
1553 2657 1635 2710 lex
1675 2655 1745 2708 sit
1772 2654 1984 2708 inedius
2002 2653 2175 2721 paries

602 2762 736 2811 inter
762 2758 974 2812 Judaeos
1005 2762 1057 2808 et
1082 2752 1302 2807 Graecos
1330 2767 1344 2801 :
1377 2748 1495 2800 ideo
1528 2748 1698 2815 legem
1730 2744 1882 2808 dixit,
1912 2743 2175 2811 inquiunt,

601 2850 742 2920 quod
773 2864 874 2902 non
905 2847 1026 2900 sivit
1058 2846 1203 2911 ipsos
1230 2840 1440 2895 misceri
1470 2857 1482 2892 :
1510 2837 1638 2891 mihi
1666 2844 1841 2889 autem
1870 2849 1974 2889 non
2006 2833 2074 2885 ita
2103 2832 2180 2884 vi-

604 2943 800 3006 detur;
848 2936 941 2993 sed
986 2933 1314 2990 inimicitiam
1359 2932 1409 2984 in
1449 2942 1611 2984 carne
1646 2926 1879 2980 medium
1920 2924 2177 2992 parietem

604 3034 767 3097 dicit,
800 3030 891 3099 qui
934 3042 1031 3081 nos
1055 3024 1238 3078 ambos
1268 3038 1295 3076 a
1327 3022 1434 3075 Deo
1462 3027 1710 3087 separet,
1742 3017 1879 3071 sicut
1902 3014 2029 3069 dicit
2060 3028 2179 3082 pro-

607 3126 761 3194 pheta
792 3142 805 3177 :
835 3123 1016 3175 Annon
1055 3126 1257 3186 peccata
1299 3125 1459 3168 vestra
1504 3120 1742 3181 separant
1768 3111 1900 3163 inter
1924 3124 2000 3161 me
2025 3119 2071 3160 et
2098 3122 2182 3160 vos

607 3216 759 3286 (lsai.
789 3214 877 3269 50.
902 3211 996 3281 2)?
1024 3210 1090 3264 Et
1114 3209 1234 3278 jure
1261 3224 1275 3260 :
1300 3215 1568 3274 tamquam
1600 3202 1807 3257 medius
1834 3202 1975 3255 enim
2009 3199 2183 3268 paries

608 3305 898 3362 inimicitia:
925 3311 1098 3366 erant,
1127 3314 1244 3368 qua:
1267 3298 1317 3351 ei
1343 3293 1741 3350 intercedebant
1764 3306 1881 3346 cum
1904 3289 2104 3345 Judmis
2130 3294 2185 3342 et

607 3399 827 3454 Grecis.
856 3394 989 3449 Cum
1020 3397 1163 3445 esset
1187 3397 1362 3441 autem
1392 3385 1470 3441 lex
1493 3425 1507 3451 ,
1535 3400 1640 3437 non
1672 3382 1841 3437 solum
1871 3396 1976 3434 non
2005 3378 2182 3432 solve-

611 3491 826 3552 bantur,
846 3483 939 3539 sed
960 3482 1122 3537 etiam
1147 3476 1312 3548 magis
1334 3475 1677 3536 crescebant:
1696 3472 1803 3525 Lm:
1823 3471 1974 3536 enim,
1990 3467 2182 3538 inquit,

608 3583 738 3635 iram
764 3586 1001 3646 aperatur
1027 3573 1201 3644 (Rom.
1228 3572 1283 3626 4.
1315 3568 1427 3640 15).
1462 3567 1537 3624 Ut‘
1558 3582 1686 3635 ergo
1714 3566 1818 3619 illic
1843 3565 2047 3629 dicens,
2083 3560 2187 3617 Lex

611 3674 739 3724 iram
763 3675 1019 3737 operatur,
1052 3677 1157 3717 non
1180 3661 1227 3716 ei
1255 3670 1420 3714 totum
1444 3656 1715 3718 adscribit,
1739 3655 1831 3710 sed
1855 3653 2184 3717 subauditur,

612 3761 866 3829 quoniam
891 3751 1208 3824 transgressi
1233 3765 1415 3804 sumus
1441 3767 1454 3805 :
1481 3748 1550 3835 ita
1579 3746 1664 3815 hic
1688 3759 1898 3816 quoque
1919 3760 2035 3799 eam
2062 3743 2190 3798 dicit

617 3851 853 3906 medium
880 3847 1158 3917 parietem,
1188 3843 1438 3911 quoniam
1463 3840 1586 3893 dum
1614 3839 1661 3893 ei
1690 3854 1795 3892 non
1817 3837 2082 3899 obcditur,
2115 3836 2188 3889 fa-

613 3943 784 3998 ciebat
815 3938 1137 3995 inimicitias.
1168 3935 1273 3989 l.ex
1305 3942 1416 3987 erat
1444 3945 1632 3999 scpcs;
1659 3929 1750 3984 sed
1770 3928 2060 3998 ea-quidem
2078 3935 2193 3982 erat

617 4041 670 4085 ut
713 4038 853 4085 tutos
892 4026 1138 4083 redderet
1163 4067 1177 4091 ,
1210 4031 1263 4079 et
1296 4023 1416 4078 ideo
1440 4022 1600 4076 etiam
1629 4021 1899 4074 nominata
1929 4028 2012 4073 est
2038 4033 2191 4086 sepes

617 4134 672 4175 ut
698 4121 1119 4189 circumsepiret.
1146 4114 1281 4169 Audi
1308 4114 1447 4168 enim
1473 4127 1658 4165 rursus
1678 4110 1991 4181 prophetam
2014 4109 2189 4164 dicen-

621 4224 727 4266 tem
754 4229 766 4264 :
795 4209 859 4263 Et
886 4224 1052 4278 sepem
1077 4206 1154 4260 illi
1185 4202 1491 4258 circumdedi
1519 4199 1669 4270 (Isai.
1699 4201 1750 4255 5.
1779 4200 1834 4269 ἓ.)
1858 4218 1873 4265 ;
1901 4211 1955 4255 ct
1978 4202 2189 4266 iterum,

622 4301 881 4359 Abstulisti
924 4314 1088 4368 sepem
1135 4297 1263 4367 ejus,
1312 4304 1357 4347 et
1402 4293 1704 4347 vindemiant
1748 4308 1856 4345 eam
1895 4308 2063 4345 omnes
2109 4292 2193 4359 qui

618 4404 880 4449 transeunt
908 4408 993 4460 per
1028 4391 1156 4443 viam
1192 4385 1361 4456 (Psal.
1394 4383 1480 4439 79.
1518 4385 1629 4452 15).
1661 4383 2032 4436 Tutantcutum
2064 4397 2192 4450 ergo

624 4485 771 4538 tili‘il.
803 4484 866 4535 Et
895 4493 1078 4535 llll‘SUS
1102 4518 1116 4541 ,
1163 4479 1403 4545 Aufcram
1432 4491 1597 4544 sepem
1623 4475 1730 4543 ejus
1751 4514 1765 4539 ,
1799 4484 1844 4527 et
1870 4474 1960 4525 erit
1991 4474 2040 4525 in
2065 4490 2189 4525 con-

624 4577 989 4634 rnlcatioucm;
1016 4580 1067 4623 et
1095 4565 1505 4635 rursus,.Legc-m
1536 4565 1671 4617 dedit
1691 4566 1741 4617 in
1767 4566 2010 4618 auxilium
2037 4564 2191 4631 tlsai.

624 4668 675 4720 5.
705 4667 759 4719 5.
794 4674 836 4716 et
863 4666 915 4717 δ.
944 4660 1034 4723 20)
1060 4675 1075 4721 ;
1115 4669 1168 4712 et
1206 4658 1394 4711 iterum
1418 4697 1430 4720 ,
1465 4654 1677 4708 Faciens
1705 4655 2097 4708 miscricordiam
2146 4665 2193 4708 et

546 4810 551 4813 _
623 4756 866 4819 indicium
886 4751 1151 4811 Dominus,
1173 4759 1315 4801 notas
1335 4747 1448 4815 fecit
1461 4747 1853 4815 justiﬁcationes
1873 4763 1990 4801 suas
2013 4744 2193 4800 Isracli

627 4845 800 4916 (Psal.
840 4843 957 4897 l02.
990 4842 1041 4895 G.
1077 4841 1151 4908 7).
1195 4839 1355 4893 Facta
1397 4849 1481 4893 est
1521 4848 1697 4892 autem
1740 4837 1944 4892 medius
1986 4840 2190 4907 paries,

633 4954 736 4991 non
759 4951 851 4990 eos
881 4943 1019 4987 tutos
1041 4931 1289 4996 reddens,
1312 4930 1407 4986 scd
1435 4944 1527 4984 eos
1553 4945 1584 4983 a
1613 4930 1720 4983 Deo
1747 4942 2022 5000 separatis.
2054 4930 2197 4999 Ejus-

632 5026 772 5080 modi
810 5033 892 5078 est
933 5020 1137 5075 medius
1180 5021 1472 5090 pariesqtd
1517 5030 1599 5073 est
1636 5035 1665 5074 a
1704 5034 1851 5087 sepe.
1890 5019 2193 5091 tiujusinodi

626 5127 802 5170 autem
830 5114 900 5168 sit
923 5127 983 5165 ca
1013 5111 1271 5174 declarat,
1300 5109 1589 5178 subjit'.cns
1613 5127 1625 5161 :
1653 5107 1953 5162 Inimicitias
1974 5111 2025 5163 in
2046 5126 2196 5164 carne

624 5222 734 5258 sua.
768 5202 949 5272 Legem
979 5201 1331 5254 mandatorum
1359 5215 1622 5253 evacaans.
1654 5198 1978 5264 Quomodo?
2012 5198 2076 5253 Ut
2107 5199 2196 5269 qui

623 5292 1054 5362 circumsepserit
1094 5302 1145 5345 ct
1189 5290 1493 5344 inimicitias
1537 5288 1646 5342 illic
1683 5289 1921 5342 solverit.
1956 5288 2064 5343 Nec
2096 5288 2196 5344 hoe

626 5386 796 5440 solum
826 5400 941 5438 eam
974 5385 1150 5447 solvit,
1173 5382 1268 5446 sed
1296 5384 1457 5436 etiam
1482 5396 1574 5449 per
1600 5381 1717 5448 ejus
1743 5381 2193 5435 observationem.
2244 5408 2250 5413 -

626 5475 763 5541 Quid
782 5474 945 5541 enim,
964 5475 1007 5527 si
1030 5472 1234 5527 liberati
1258 5485 1496 5525 essemus
1518 5485 1548 5524 a
1571 5470 1733 5537 priori
1754 5471 2192 5538 transgressione,

628 5576 1005 5621 ςιιτειιεέιιιιρηι
1024 5580 1139 5619 eam
1158 5578 1376 5618 necesse
1396 5561 1712 5615 haberemus
1729 5562 1977 5616 servare?
1996 5561 2197 5615 Rursus

629 5658 853 5726 idipsum
886 5667 1025 5710 esset
1050 5674 1061 5709 :
1089 5655 1181 5710 sed
1210 5670 1326 5708 eam
1354 5666 1563 5722 quoque
1592 5653 1747 5706 solvit
1772 5669 1785 5707 :
1812 5651 1991 5733 Legem
2021 5654 2199 5717 enim,

629 5752 815 5816 inquit,
841 5748 1188 5801 mandatorum
1210 5748 1259 5799 in
1282 5745 1490 5798 decretis
1511 5759 1775 5809 coartatus,
1801 5744 1974 5813 l’apre,
1999 5755 2195 5813 quanta

2266 477 2565 548 benignitas
2592 482 2606 534 !
2645 480 2790 533 dedit
2823 482 2975 534 nobis
3010 482 3179 551 legem
3210 483 3526 538 servandam
3553 502 3567 536 :
3591 486 3844 554 quoniam

2264 577 2440 620 autem
2474 583 2579 621 non
2607 576 2958 636 servavimus,
2990 586 3113 625 cum
3141 582 3413 640 oporteret
3440 573 3641 643 puniri,
3672 574 3845 644 legem

2264 656 2421 710 solvit
2446 674 2460 710 :
2486 668 2539 711 ut
2572 660 2769 727 siquis
2795 676 2915 714 cum
2948 676 3168 729 puerum
3202 661 3507 716 tradidisset
3532 662 3848 733 ptedagogo,

2263 748 2511 829 quoniam
2541 765 2648 803 non
2673 751 2874 816 olle-dit,
2901 752 3060 805 etiam
3089 768 3117 804 a
3145 752 3434 824 ptedagogo
3461 754 3770 809 liberaverit
3794 768 3846 810 et

2264 840 2563 896 abduxerit.
2604 844 2830 908 Quanta:
2869 851 2952 898 est
2992 843 3094 897 hoc
3133 843 3522 919 benignitatis?
3545 844 3682 913 Quid
3721 855 3805 900 est
3829 886 3851 909 ,ι

2265 928 2328 981 In
2356 930 2565 983 decretis
2590 947 2835 985 evacuans
2852 932 2879 985 ?
2903 932 3167 1002 Magnam,
3193 934 3385 1003 inquit,
3411 933 3501 988 hic
3520 926 3672 1004 ponit
3690 935 3848 989 dill'e—
3902 984 3912 991 .

2263 1020 2491 1074 rentiam
2531 1020 2766 1075 mandati
2809 1032 2867 1077 et
2907 1022 3271 1079 decretorum.
3318 1027 3426 1078 Aut
3473 1024 3630 1083 fidem
3676 1024 3855 1091 dicit,

2265 1109 2431 1179 ipsam
2454 1125 2649 1167 vocans
2672 1112 2982 1178 decretum;
3010 1129 3040 1167 a
3062 1114 3174 1168 sola
3198 1115 3343 1169 enim
3371 1115 3470 1169 lide
3492 1116 3669 1171 salvos
3690 1099 3849 1171 fecit:

2267 1211 2361 1255 aut
2404 1215 2729 1273 pra‘ceptum
2755 1246 2771 1270 ,
2811 1206 2949 1260 sicut
2991 1205 3199 1260 dicebat
3225 1206 3508 1272 Christus,
3540 1207 3654 1279 Ego
3681 1219 3857 1261 autem

2269 1294 2385 1346 dico
2416 1294 2584 1361 vobis,
2618 1312 2681 1349 ne
2703 1298 2908 1351 omnino
2933 1297 3227 1351 irascamini
3252 1297 3463 1372 (Matth.
3495 1298 3573 1369 5).
3605 1298 3717 1353 Hoc
3744 1310 3858 1365 est,

2262 1382 2318 1437 Si
2365 1385 2666 1441 credideris
2704 1387 2847 1456 quod
2890 1387 3034 1442 Deus
3077 1403 3199 1442 eum
3243 1387 3492 1442 excitavit
3522 1403 3554 1442 ι
3585 1390 3812 1443 mortuis
3838 1430 3852 1451 ,

2265 1475 2442 1529 salvus
2469 1476 2597 1530 eris.
2628 1478 2696 1532 Et
2715 1494 2920 1543 rursus,
2950 1478 3123 1549 Prope
3149 1490 3219 1532 est
3249 1479 3452 1533 verbum
3472 1480 3526 1533 in
3556 1496 3644 1535 ore
3673 1490 3780 1548 tuo,
3805 1491 3857 1534 et

2265 1567 2317 1619 in
2343 1568 2494 1621 corde
2523 1580 2609 1623 tuo
2639 1569 2818 1639 (Rom.
2849 1571 2934 1625 10.
2969 1570 3046 1640 8).
3726 1586 3730 1588 ‘

2338 1658 2390 1711 '5.
2419 1657 2496 1712 Ne
2536 1659 2733 1713 dixeris
2755 1701 2771 1726 ,
2804 1660 2933 1727 Quis
2969 1660 3224 1716 ascendet
3253 1661 3305 1715 in
3333 1662 3531 1717 caelum
3563 1702 3576 1726 ,
3616 1669 3707 1716 aut
3733 1662 3860 1732 quis

2267 1747 2553 1802 descendet
2581 1749 2633 1803 in
2653 1751 2925 1821 abyssum,
2948 1760 3039 1805 aut
3060 1752 3180 1821 quis
3207 1751 3380 1821 ipsum
3410 1753 3626 1807 sustulit
3649 1766 3681 1807 e
3705 1767 3860 1806 mor-

2270 1823 2415 1892 tuis?
2443 1839 2546 1893 l‘ro
2578 1840 2684 1893 vita
2714 1841 2870 1897 tidem
2907 1842 3221 1910 introdusit.
3253 1842 3388 1896 Nam
3418 1852 3476 1896 ut
3518 1857 3625 1896 non
3654 1852 3863 1897 temere

2268 1919 2444 1984 salvos
2487 1928 2707 1996 faceret,
2737 1941 2790 1985 et
2818 1932 2930 2000 ipse
2971 1930 3071 1986 fuit
3118 1932 3353 2001 punitus,
3397 1941 3453 1987 et
3496 1930 3653 1987 ﬁdem
3685 1931 3754 1987 ab
3778 1934 3866 1986 eis

2269 2019 2444 2088 exegit
2499 2035 2593 2089 per
2646 2018 2880 2074 decreta.
2939 2017 3006 2074 Ut
3049 2020 3178 2075 duos
3212 2020 3398 2075 condat
3434 2021 3489 2074 in
3536 2022 3871 2090 sentetipsnm

2271 2109 2323 2163 in
2375 2127 2527 2163 unum
2572 2127 2754 2165 novum
2792 2112 3065 2168 hominem.
3111 2113 3273 2168 Vides
3320 2130 3427 2168 non
3473 2112 3729 2168 Graecum
3769 2113 3861 2165 la-

2271 2210 2412 2253 etum
2451 2200 2692 2255 Judaeum
2718 2243 2731 2268 ,
2783 2202 2876 2256 scd
2914 2212 2969 2256 et
3016 2203 3156 2257 hunc
3208 2212 3264 2258 et
3307 2205 3457 2258 illum
3486 2203 3763 2259 venientes
3788 2202 3870 2257 ad

2273 2290 2500 2352 alterum
2546 2293 2781 2345 statum?
2818 2292 2931 2347 Non
2966 2302 3022 2346 ut
3062 2292 3205 2347 hunc
3240 2293 3401 2347 alium
3446 2293 3638 2356 faciat,
3688 2294 3864 2364 legem

2274 2383 2569 2449 evacuavit,
2598 2383 2694 2438 sed
2717 2394 2776 2438 ut
2802 2384 2938 2438 duos
2964 2386 3162 2440 condat
3183 2401 3246 2440 ac
3267 2396 3434 2440 creet.
3470 2388 3536 2443 Et
3558 2396 3705 2444 recte
3732 2386 3861 2440 ubi-

2276 2489 2377 2541 que
2405 2488 2532 2526 usus
2577 2483 2663 2529 est
2690 2476 2908 2529 nomine
2932 2516 2948 2539 ,
2977 2477 3195 2532 Condat.
3237 2477 3345 2532 Nec
3371 2477 3542 2542 dixit,
3570 2478 3771 2545 Mutet,
3807 2488 3872 2534 ut

2274 2564 2587 2620 ostenderet
2612 2565 2915 2641 efﬁcaciam
2939 2568 3057 2638 ejus
3084 2569 3223 2637 quod
3260 2568 3457 2624 factum
3484 2578 3568 2626 est
3593 2610 3610 2636 ,
3640 2569 3869 2639 etquod

2277 2655 2489 2709 etiamsi
2518 2657 2722 2711 creatio
2749 2657 2905 2712 cadat
2936 2658 3037 2713 sub
3062 2671 3375 2728 aspectum,
3408 2661 3497 2716 illa
3529 2668 3708 2715 tamen
3752 2674 3872 2715 non

2279 2755 2359 2799 est
2387 2746 2499 2800 haec
2527 2746 2701 2801 minor
2724 2789 2739 2813 ,
2781 2758 2834 2802 et
2858 2750 2999 2819 quod
3030 2750 3098 2805 de
3133 2761 3330 2806 caetero
3356 2767 3462 2806 non
3501 2754 3572 2807 sit
3603 2752 3754 2809 nobis
3782 2769 3873 2808 re-

2282 2839 2564 2893 siliendum
2597 2854 2626 2892 a
2650 2843 2811 2895 rebus
2836 2831 3189 2898 naturalibus.
3228 2844 3296 2897 Ut
3325 2844 3477 2909 duos,
3508 2845 3698 2913 inquit,
3734 2862 3869 2899 con-

2282 2931 2367 2981 dat
2397 2931 2447 2982 in
2486 2931 2654 2999 seipso
2701 2932 2849 2987 :ltoc
2893 2943 2974 3005 est
2998 2972 3014 2995 ,
3061 2949 3158 3001 per
3187 2937 3443 3004 seipsltm.
3474 2934 3588 2990 Non
3634 2936 3723 2990 alii
3765 2936 3873 2991 hoc

2282 3019 2572 3084 mandavit,
2598 3021 2690 3076 sed
2721 3038 2815 3090 per
2841 3025 3099 3092 scipsum,
3126 3041 3246 3078 cum
3279 3035 3334 3080 et
3366 3026 3507 3083 hunc
3531 3038 3585 3081 et
3611 3028 3758 3081 illum
3785 3027 3872 3083 fu—

2284 3109 2450 3163 disset
2483 3122 2536 3164 et
2573 3112 2882 3178 conﬂasset,
2932 3131 3093 3169 unum
3143 3117 3399 3187 produxit
3452 3119 3824 3176 admirabilem
3851 3163 3868 3187 ,

2285 3216 2405 3255 cum
2448 3203 2560 3273 ipse
2588 3203 2691 3258 hoc
2717 3206 2948 3274 primum
2978 3206 3151 3261 iactus
3180 3217 3326 3263 esset
3357 3226 3372 3264 :
3400 3205 3543 3278 quod
3571 3222 3654 3266 est
3696 3212 3874 3282 majus

2287 3293 2447 3362 priori
2497 3303 2761 3350 creatura.
2812 3296 2922 3351 lloc
2968 3305 3052 3352 est
3080 3298 3223 3352 enim
3243 3339 3267 3366 ,.
3287 3297 3355 3352 In
3398 3301 3701 3371 semetipsa,
3745 3317 3870 3357 cum

2289 3384 2403 3454 ipse
2451 3386 2652 3454 primus
2699 3387 2923 3443 formam
2975 3390 3260 3458 praebuerit
3301 3402 3355 3447 et
3394 3395 3689 3463 exemplar.
3734 3393 3872 3449 Nam

2288 3489 2407 3528 cum
2429 3475 2551 3531 hinc
2572 3479 2832 3532 tenuisset
2853 3478 3093 3534 Judaeum
3123 3489 3179 3535 et
3203 3481 3348 3537 illinc
3376 3481 3646 3549 Gratcum,
3673 3492 3728 3538 et
3754 3483 3882 3553 ipse

2291 3563 2473 3619 fuisset
2495 3567 2726 3633 medius,
2749 3577 2804 3622 et
2826 3583 2920 3623 eos
2939 3571 3395 3641 connniscuisset,
3410 3582 3461 3627 et
3489 3573 3741 3644 quidquid
3774 3590 3873 3629 eo-

2292 3670 2409 3708 rum
2464 3667 2582 3710 erat
2626 3656 2981 3713 abalienatum
3027 3659 3333 3723 delevisset,
3383 3661 3616 3732 desuper
3660 3664 3879 3721 reliuxit

2295 3759 2387 3811 per
2417 3745 2590 3815 ignem
2628 3756 2683 3801 et
2706 3760 2898 3816 aquam
2930 3767 2945 3802 :
2980 3764 3085 3803 non
3114 3753 3295 3821 utique
3320 3767 3414 3821 per
3441 3766 3637 3823 aquam
3672 3763 3727 3809 et
3753 3764 3884 3810 ter-

2294 3851 2430 3900 rain,
2481 3837 2573 3891 sed
2612 3852 2709 3907 per
2749 3854 2940 3908 aquam
2984 3849 3039 3894 et
3077 3844 3273 3912 ignem.
3311 3843 3503 3899 Factus
3540 3854 3621 3901 est
3655 3844 3876 3901 Judmns

2295 3929 2641 3985 circumcisus
2663 3971 2678 3996 ,
2708 3929 2893 3985 factus
2918 3941 2999 3986 est
3028 3932 3341 3990 maledictus
3366 3954 3382 4001 ;
3415 3937 3586 3991 factus
3609 3948 3692 3993 est
3721 3938 3876 3992 Grai:-

2294 4034 2389 4074 cus
2418 4031 2564 4074 extra
2597 4021 2791 4092 legem,
2823 4023 2981 4076 etiam
3022 4039 3182 4094 supra
3206 4025 3426 4081 Grzccos
3451 4030 3506 4082 et
3532 4027 3780 4083 Judmos,
3800 4029 3871 4084 In

2295 4127 2450 4164 unum
2478 4128 2682 4178 norum,
2712 4114 2903 4184 inquit,
2936 4116 3207 4170 hominem.
3240 4116 3459 4174 Faciens
3485 4136 3661 4188 pacem
3691 4121 3819 4191 ipsis
3859 4142 3873 4176 :

2297 4212 2493 4257 etcum
2524 4203 2631 4257 Deo
2651 4243 2666 4270 ,
2699 4212 2756 4259 et
2783 4202 2923 4259 inter
2951 4220 3030 4260 se.
3076 4206 3191 4260 Non
3218 4209 3362 4262 enim
3395 4220 3675 4266 manentes
3701 4210 3875 4267 Juda-i

2297 4302 2351 4346 et
2378 4292 2547 4348 Graeci
2593 4304 2776 4349 essent
2820 4296 3125 4360 conciliati;
3167 4298 3267 4351 nisi
3313 4310 3491 4354 autem
3537 4316 3568 4354 a
3612 4316 3709 4356 suo
3734 4311 3878 4357 statu

2301 4384 2503 4439 liberati
2533 4385 2793 4451 fuissent,
2825 4387 3096 4456 quomodo
3123 4387 3397 4443 venissent
3421 4390 3486 4444 ad
3514 4391 3676 4446 alium
3704 4393 3844 4460 majo
3864 4425 3876 4434 -

2297 4475 2453 4529 rem?
2481 4474 2696 4531 ludatus
2752 4478 2893 4531 enim
2922 4486 3047 4531 tunc
3070 4477 3258 4533 Graeco
3276 4478 3636 4550 conjungitur,
3660 4484 3885 4552 quando

2298 4565 2470 4621 factus
2502 4567 2661 4621 fuerit
2688 4567 2900 4622 ﬁdelis:
2933 4577 2992 4629 ut
3017 4570 3060 4622 si
3084 4568 3301 4639 quidam
3326 4610 3343 4636 ,
3376 4572 3421 4625 si
3448 4572 3554 4626 sint
3577 4573 3683 4628 duo
3721 4573 3879 4628 habi-

2301 4658 2494 4724 tacula,
2525 4657 2733 4715 inferne
2757 4669 2813 4714 et
2839 4674 3072 4729 superne
3092 4676 3255 4716 unum
3279 4660 3654 4718 admirandum
3684 4674 3737 4720 et
3754 4681 3883 4719 ma-

2298 4761 2481 4817 gnum.
2525 4761 2631 4802 non
2663 4762 2722 4803 se
2750 4751 3022 4815 potuerint
3048 4760 3233 4806 mutuo
3257 4744 3442 4808 videre
3475 4753 3649 4809 donec
3680 4754 3883 4811 fuerint

2299 4838 2564 4907 superius.
2611 4838 2827 4893 Faciens
2868 4857 3083 4910 pacem;
3123 4843 3292 4913 magis
3325 4853 3504 4900 autem
3556 4859 3679 4900 cum
3715 4845 3826 4901 Deo
3860 4864 3877 4900 :

2301 4927 2441 4997 quod
2490 4930 2632 4982 enim
2665 4930 2910 4998 sequitur
2938 4930 3039 4986 hoc
3066 4933 3323 4986 ostendit.
3354 4933 3491 5001 Quid
3518 4935 3660 4989 enim
3700 4934 3835 4990 dicit
3855 4938 3881 4991 ‘t

2307 5019 2390 5073 l6.
2416 5017 2482 5073 Ut
2499 5022 2784 5075 reconciliet
2805 5021 2975 5075 ambos
2999 5023 3166 5076 immo
3188 5039 3397 5094 corpore
3420 5024 3525 5079 Deo
3544 5043 3633 5096 per
3656 5043 3881 5084 crucem.

2301 5109 2416 5163 Non
2441 5109 2883 5177 dixit,Conciliet,
2917 5113 3032 5178 sed,
3062 5113 3389 5177 Iieconciliet,
3421 5120 3710 5173 ostendens
3735 5120 3883 5189 quod

2303 5211 2458 5254 antea
2500 5200 2731 5256 humana
2761 5208 2947 5279 natura
2996 5213 3111 5257 erat
3141 5205 3207 5258 ad
3245 5207 3635 5262 conciliandum
3683 5211 3883 5279 facilis,

2303 5292 2505 5346 scilicet
2536 5292 2588 5345 in
2614 5293 2816 5347 sanctis
2837 5304 2892 5348 et
2915 5303 3042 5348 ante
3070 5295 3259 5365 legem.
3290 5295 3355 5349 In
3382 5314 3483 5352 uno
3512 5315 3724 5370 corpore
3744 5343 3759 5368 ,
3793 5302 3884 5356 in-

2303 5380 2439 5449 quit,
2469 5396 2568 5434 suo
2593 5382 2829 5451 quidem,
2848 5382 2976 5437 Deo.
3008 5384 3288 5450 Quomodo
3309 5387 3369 5442 ﬁt
3388 5386 3530 5443 hoc?
3559 5389 3627 5445 Ut
3648 5391 3739 5461 qui
3765 5407 3886 5462 pce.

2304 5486 2426 5523 nam
2452 5512 2469 5536 ,
2502 5471 2709 5540 inquit,
2738 5488 2859 5540 quae
2883 5468 3177 5528 debebatur
3206 5476 3320 5544 ipse
3362 5478 3589 5534 subierit
3627 5496 3723 5549 per
3747 5498 3882 5538 crn—

2304 5575 2443 5614 ccm.
2498 5559 2821 5629 lnter/iciens
2860 5563 3151 5619 inimicitias
3187 5565 3241 5621 in
3275 5568 3460 5639 seipse.
3504 5569 3648 5627 Nihil
3690 5584 3773 5628 est
3800 5575 3885 5630 his

2307 5652 2481 5707 verbis
2518 5654 2685 5723 magis
2716 5656 2988 5724 proprium
3012 5698 3026 5720 ,
3069 5657 3200 5712 nihil
3227 5660 3367 5728 quod
3396 5661 3653 5731 majorem
3689 5662 3882 5722 habeat

2312 5745 2625 5813 emphasim.
2649 5745 2789 5799 Mors
2815 5746 2932 5813 ejus
2961 5749 3224 5807 interfecit
3251 5751 3554 5809 inimicitias
3576 5792 3592 5811 .
3626 5755 3884 5813 sattciavil
