  <div class='ocr_page' id='page_1' title='image "/cluster/home/n/w/nwhite01/storage/ocr_20150623/62/pst.000005712625/047.png"; bbox 0 0 4122 6400; ppageno 0'>
   <div class='ocr_carea' id='block_1_1' title="bbox 684 359 3895 421">
    <p class='ocr_par' dir='ltr' id='par_1_1' title="bbox 684 359 3895 421">
     <span class='ocr_line' id='line_1_1' title="bbox 684 359 3895 421; baseline 0.001 -6"><span class='ocrx_word' id='word_1_1' title='bbox 684 362 743 415; x_wconf 73' lang='grc' dir='ltr'>Η</span> <span class='ocrx_word' id='word_1_2' title='bbox 1385 359 1440 411; x_wconf 82' lang='lat' dir='ltr'>S.</span> <span class='ocrx_word' id='word_1_3' title='bbox 1481 360 1763 419; x_wconf 72' lang='lat' dir='ltr'>JOANNIS</span> <span class='ocrx_word' id='word_1_4' title='bbox 1802 362 2294 420; x_wconf 71' lang='lat' dir='ltr'>CHRYSOSTOMI</span> <span class='ocrx_word' id='word_1_5' title='bbox 2330 364 2630 420; x_wconf 74' lang='lat' dir='ltr'>ARCIIIEP</span> <span class='ocrx_word' id='word_1_6' title='bbox 2688 360 3230 421; x_wconf 59' lang='grc' dir='ltr'>ιῖοκετεικτικοῐν.</span> <span class='ocrx_word' id='word_1_7' title='bbox 3627 403 3641 415; x_wconf 95' lang='grc'>.</span> <span class='ocrx_word' id='word_1_8' title='bbox 3831 363 3895 417; x_wconf 75' lang='grc' dir='ltr'>ις</span> 
     </span>
    </p>
   </div>
   <div class='ocr_carea' id='block_1_2' title="bbox 669 468 2235 547">
    <p class='ocr_par' dir='ltr' id='par_1_2' title="bbox 669 468 2235 547">
     <span class='ocr_line' id='line_1_2' title="bbox 669 468 2235 547; baseline 0.004 -25"><span class='ocrx_word' id='word_1_9' title='bbox 669 472 841 537; x_wconf 81' lang='grc' dir='ltr'>κικὸν,</span> <span class='ocrx_word' id='word_1_10' title='bbox 876 470 936 523; x_wconf 84' lang='grc' dir='ltr'>οὐ</span> <span class='ocrx_word' id='word_1_11' title='bbox 988 468 1311 539; x_wconf 80' lang='grc' dir='ltr'>τιχθήσεται</span> <span class='ocrx_word' id='word_1_12' title='bbox 1360 471 1553 543; x_wconf 75' lang='grc' dir='ltr'>ἐτέρα,</span> <span class='ocrx_word' id='word_1_13' title='bbox 1590 474 1727 528; x_wconf 80' lang='grc' dir='ltr'>ἀλλὰ</span> <span class='ocrx_word' id='word_1_14' title='bbox 1771 478 1922 546; x_wconf 78' lang='grc' dir='ltr'>μενεῖ</span> <span class='ocrx_word' id='word_1_15' title='bbox 1963 478 1998 546; x_wconf 90' lang='grc' dir='ltr'>ή</span> <span class='ocrx_word' id='word_1_16' title='bbox 2047 476 2235 547; x_wconf 79' lang='grc' dir='ltr'>εἰρήνη</span> 
     </span>
    </p>
   </div>
   <div class='ocr_carea' id='block_1_3' title="bbox 668 554 874 624">
    <p class='ocr_par' dir='ltr' id='par_1_3' title="bbox 668 554 874 624">
     <span class='ocr_line' id='line_1_3' title="bbox 668 554 874 624; baseline -0.005 -17"><span class='ocrx_word' id='word_1_17' title='bbox 668 554 874 624; x_wconf 75' lang='grc' dir='ltr'>ἐκείνη.</span> 
     </span>
    </p>
   </div>
   <div class='ocr_carea' id='block_1_4' title="bbox 751 634 2237 705">
    <p class='ocr_par' dir='ltr' id='par_1_4' title="bbox 751 634 2237 705">
     <span class='ocr_line' id='line_1_4' title="bbox 751 634 2237 705; baseline 0.001 -16"><span class='ocrx_word' id='word_1_18' title='bbox 751 636 1034 705; x_wconf 76' lang='grc' dir='ltr'>Ἐννόησον</span> <span class='ocrx_word' id='word_1_19' title='bbox 1059 636 1167 704; x_wconf 83' lang='grc' dir='ltr'>γὰρ</span> <span class='ocrx_word' id='word_1_20' title='bbox 1197 634 1319 688; x_wconf 80' lang='grc' dir='ltr'>ὅσον</span> <span class='ocrx_word' id='word_1_21' title='bbox 1347 636 1462 690; x_wconf 77' lang='grc' dir='ltr'>ἐστὶ</span> <span class='ocrx_word' id='word_1_22' title='bbox 1494 638 1682 701; x_wconf 69' lang='grc' dir='ltr'>κακὸν,</span> <span class='ocrx_word' id='word_1_23' title='bbox 1710 640 1951 696; x_wconf 81' lang='grc' dir='ltr'>τοσαῦτα</span> <span class='ocrx_word' id='word_1_24' title='bbox 1976 641 2069 694; x_wconf 85' lang='grc' dir='ltr'>τοῦ</span> <span class='ocrx_word' id='word_1_25' title='bbox 2100 638 2237 693; x_wconf 80' lang='grc' dir='ltr'>Θεοῦ</span> 
     </span>
    </p>
   </div>
   <div class='ocr_carea' id='block_1_5' title="bbox 667 717 2238 791">
    <p class='ocr_par' dir='ltr' id='par_1_5' title="bbox 667 717 2238 791">
     <span class='ocr_line' id='line_1_5' title="bbox 667 717 2238 791; baseline 0.002 -19"><span class='ocrx_word' id='word_1_26' title='bbox 667 717 1255 790; x_wconf 66' lang='grc' dir='ltr'>πραγματευσαμένου,</span> <span class='ocrx_word' id='word_1_27' title='bbox 1288 719 1375 772; x_wconf 85' lang='grc' dir='ltr'>ἴνα</span> <span class='ocrx_word' id='word_1_28' title='bbox 1403 720 1853 791; x_wconf 84' lang='grc' dir='ltr'>καταλλαγῶμεν,</span> <span class='ocrx_word' id='word_1_29' title='bbox 1892 722 1981 775; x_wconf 78' lang='grc' dir='ltr'>καὶ</span> <span class='ocrx_word' id='word_1_30' title='bbox 2006 722 2238 776; x_wconf 83' lang='grc' dir='ltr'>ἀνύσαν-</span> 
     </span>
    </p>
   </div>
   <div class='ocr_carea' id='block_1_6' title="bbox 666 791 2238 873">
    <p class='ocr_par' dir='ltr' id='par_1_6' title="bbox 666 791 2238 873">
     <span class='ocr_line' id='line_1_6' title="bbox 666 791 2238 873; baseline 0.001 -20"><span class='ocrx_word' id='word_1_31' title='bbox 666 818 776 864; x_wconf 90' lang='grc' dir='ltr'>τος,</span> <span class='ocrx_word' id='word_1_32' title='bbox 808 799 970 854; x_wconf 84' lang='grc' dir='ltr'>πάλιν</span> <span class='ocrx_word' id='word_1_33' title='bbox 992 799 1139 869; x_wconf 74' lang='grc' dir='ltr'>ήμᾶς</span> <span class='ocrx_word' id='word_1_34' title='bbox 1163 801 1242 861; x_wconf 86' lang='grc' dir='ltr'>εἰς</span> <span class='ocrx_word' id='word_1_35' title='bbox 1264 798 1463 870; x_wconf 76' lang='grc' dir='ltr'>ἔχθραν</span> <span class='ocrx_word' id='word_1_36' title='bbox 1494 802 1827 856; x_wconf 84' lang='grc' dir='ltr'>ἐπανελθεῖν.</span> <span class='ocrx_word' id='word_1_37' title='bbox 1862 804 2081 873; x_wconf 78' lang='grc' dir='ltr'>Ταύτην</span> <span class='ocrx_word' id='word_1_38' title='bbox 2108 791 2238 856; x_wconf 83' lang='grc' dir='ltr'>οὑκ-</span> 
     </span>
    </p>
   </div>
   <div class='ocr_carea' id='block_1_7' title="bbox 666 879 2236 954">
    <p class='ocr_par' dir='ltr' id='par_1_7' title="bbox 666 879 2236 954">
     <span class='ocr_line' id='line_1_7' title="bbox 666 879 2236 954; baseline 0.002 -19"><span class='ocrx_word' id='word_1_39' title='bbox 666 883 748 935; x_wconf 80' lang='grc' dir='ltr'>έτι</span> <span class='ocrx_word' id='word_1_40' title='bbox 773 880 1018 951; x_wconf 77' lang='grc' dir='ltr'>λουτρὸν,</span> <span class='ocrx_word' id='word_1_41' title='bbox 1050 879 1221 952; x_wconf 88' lang='grc' dir='ltr'>άλλ’ή</span> <span class='ocrx_word' id='word_1_42' title='bbox 1250 880 1443 950; x_wconf 81' lang='grc' dir='ltr'>γέεννα</span> <span class='ocrx_word' id='word_1_43' title='bbox 1468 882 1640 953; x_wconf 85' lang='grc' dir='ltr'>μένει,</span> <span class='ocrx_word' id='word_1_44' title='bbox 1664 884 1850 937; x_wconf 81' lang='grc' dir='ltr'>οὐκέτι</span> <span class='ocrx_word' id='word_1_45' title='bbox 1881 886 2093 954; x_wconf 80' lang='grc' dir='ltr'>ἄφεσις,</span> <span class='ocrx_word' id='word_1_46' title='bbox 2122 885 2236 938; x_wconf 83' lang='grc' dir='ltr'>ἀλλ’</span> 
     </span>
    </p>
   </div>
   <div class='ocr_carea' id='block_1_8' title="bbox 665 962 2234 1039">
    <p class='ocr_par' dir='ltr' id='par_1_8' title="bbox 665 962 2234 1039">
     <span class='ocr_line' id='line_1_8' title="bbox 665 962 2234 1039; baseline 0.003 -24"><span class='ocrx_word' id='word_1_47' title='bbox 665 962 935 1027; x_wconf 80' lang='grc' dir='ltr'>ἐξέτασις.</span> <span class='ocrx_word' id='word_1_48' title='bbox 964 962 1225 1039; x_wconf 70' lang='grc' dir='ltr'>Φρόνημα</span> <span class='ocrx_word' id='word_1_49' title='bbox 1268 963 1369 1033; x_wconf 83' lang='grc' dir='ltr'>τῆς</span> <span class='ocrx_word' id='word_1_50' title='bbox 1419 964 1645 1034; x_wconf 79' lang='grc' dir='ltr'>σαρκὸς,</span> <span class='ocrx_word' id='word_1_51' title='bbox 1699 965 1913 1037; x_wconf 82' lang='grc' dir='ltr'>τρυφὴ,</span> <span class='ocrx_word' id='word_1_52' title='bbox 1952 967 2234 1036; x_wconf 86' lang='grc' dir='ltr'>σπατάλη·</span> 
     </span>
    </p>
   </div>
   <div class='ocr_carea' id='block_1_9' title="bbox 667 1044 2230 1120">
    <p class='ocr_par' dir='ltr' id='par_1_9' title="bbox 667 1044 2230 1120">
     <span class='ocr_line' id='line_1_9' title="bbox 667 1044 2230 1120; baseline 0.004 -24"><span class='ocrx_word' id='word_1_53' title='bbox 667 1045 921 1116; x_wconf 71' lang='grc' dir='ltr'>φρόνημα</span> <span class='ocrx_word' id='word_1_54' title='bbox 946 1044 1047 1113; x_wconf 82' lang='grc' dir='ltr'>τῆς</span> <span class='ocrx_word' id='word_1_55' title='bbox 1079 1044 1302 1114; x_wconf 79' lang='grc' dir='ltr'>σαρκὸς,</span> <span class='ocrx_word' id='word_1_56' title='bbox 1329 1045 1616 1114; x_wconf 73' lang='grc' dir='ltr'>πλεονεξία</span> <span class='ocrx_word' id='word_1_57' title='bbox 1657 1047 1750 1100; x_wconf 77' lang='grc' dir='ltr'>καὶ</span> <span class='ocrx_word' id='word_1_58' title='bbox 1782 1050 1927 1101; x_wconf 86' lang='grc' dir='ltr'>πᾶσα</span> <span class='ocrx_word' id='word_1_59' title='bbox 1965 1048 2230 1120; x_wconf 78' lang='grc' dir='ltr'>ἁμαρτία.</span> 
     </span>
    </p>
   </div>
   <div class='ocr_carea' id='block_1_10' title="bbox 664 1123 2236 1199">
    <p class='ocr_par' dir='ltr' id='par_1_10' title="bbox 664 1123 2236 1199">
     <span class='ocr_line' id='line_1_10' title="bbox 664 1123 2236 1199; baseline 0.004 -22"><span class='ocrx_word' id='word_1_60' title='bbox 664 1125 763 1178; x_wconf 81' lang='grc' dir='ltr'>Διὰ</span> <span class='ocrx_word' id='word_1_61' title='bbox 817 1123 870 1178; x_wconf 83' lang='grc' dir='ltr'>τί</span> <span class='ocrx_word' id='word_1_62' title='bbox 927 1125 1181 1196; x_wconf 80' lang='grc' dir='ltr'>φρόνημα</span> <span class='ocrx_word' id='word_1_63' title='bbox 1216 1127 1417 1197; x_wconf 85' lang='grc' dir='ltr'>σαρκὸς</span> <span class='ocrx_word' id='word_1_64' title='bbox 1449 1128 1699 1199; x_wconf 86' lang='grc' dir='ltr'>εῐρηται;</span> <span class='ocrx_word' id='word_1_65' title='bbox 1758 1128 1937 1182; x_wconf 90' lang='grc' dir='ltr'>καίτοι</span> <span class='ocrx_word' id='word_1_66' title='bbox 1980 1146 2044 1198; x_wconf 85' lang='grc' dir='ltr'>γε</span> <span class='ocrx_word' id='word_1_67' title='bbox 2082 1130 2236 1184; x_wconf 78' lang='grc' dir='ltr'>οὐδὲν</span> 
     </span>
    </p>
   </div>
   <div class='ocr_carea' id='block_1_11' title="bbox 663 1207 2235 1284">
    <p class='ocr_par' dir='ltr' id='par_1_11' title="bbox 663 1207 2235 1284">
     <span class='ocr_line' id='line_1_11' title="bbox 663 1207 2235 1284; baseline 0.003 -22"><span class='ocrx_word' id='word_1_68' title='bbox 663 1210 790 1263; x_wconf 81' lang='grc' dir='ltr'>ἄνευ</span> <span class='ocrx_word' id='word_1_69' title='bbox 822 1207 1000 1278; x_wconf 80' lang='grc' dir='ltr'>ψυχῆς</span> <span class='ocrx_word' id='word_1_70' title='bbox 1025 1209 1319 1277; x_wconf 73' lang='grc' dir='ltr'>εἰργάσατο</span> <span class='ocrx_word' id='word_1_71' title='bbox 1338 1210 1402 1263; x_wconf 86' lang='grc' dir='ltr'>άν</span> <span class='ocrx_word' id='word_1_72' title='bbox 1426 1209 1477 1263; x_wconf 70' lang='grc' dir='ltr'>ι).</span> <span class='ocrx_word' id='word_1_73' title='bbox 1510 1212 1584 1262; x_wconf 81' lang='grc' dir='ltr'>Οὐ</span> <span class='ocrx_word' id='word_1_74' title='bbox 1612 1210 1914 1264; x_wconf 79' lang='grc' dir='ltr'>διαϐάλλων</span> <span class='ocrx_word' id='word_1_75' title='bbox 1936 1213 2035 1283; x_wconf 81' lang='grc' dir='ltr'>τὴν</span> <span class='ocrx_word' id='word_1_76' title='bbox 2059 1212 2235 1284; x_wconf 86' lang='grc' dir='ltr'>σάρκα</span> 
     </span>
    </p>
   </div>
   <div class='ocr_carea' id='block_1_12' title="bbox 664 1289 2233 1363">
    <p class='ocr_par' dir='ltr' id='par_1_12' title="bbox 664 1289 2233 1363">
     <span class='ocr_line' id='line_1_12' title="bbox 664 1289 2233 1363; baseline 0.004 -22"><span class='ocrx_word' id='word_1_77' title='bbox 664 1291 833 1359; x_wconf 82' lang='grc' dir='ltr'>λέγει,</span> <span class='ocrx_word' id='word_1_78' title='bbox 870 1289 992 1342; x_wconf 80' lang='grc' dir='ltr'>ἐπεὶ</span> <span class='ocrx_word' id='word_1_79' title='bbox 1026 1289 1121 1343; x_wconf 75' lang='grc' dir='ltr'>καὶ</span> <span class='ocrx_word' id='word_1_80' title='bbox 1150 1290 1279 1343; x_wconf 82' lang='grc' dir='ltr'>ὅταν</span> <span class='ocrx_word' id='word_1_81' title='bbox 1308 1291 1438 1361; x_wconf 83' lang='grc' dir='ltr'>λέγῃ</span> <span class='ocrx_word' id='word_1_82' title='bbox 1460 1330 1476 1356; x_wconf 90' lang='grc'>,</span> <span class='ocrx_word' id='word_1_83' title='bbox 1511 1294 1778 1359; x_wconf 79' lang='grc' dir='ltr'>Ψυχικὸς</span> <span class='ocrx_word' id='word_1_84' title='bbox 1811 1291 2141 1363; x_wconf 70' lang='grc' dir='ltr'>ἅνθρωπος,</span> <span class='ocrx_word' id='word_1_85' title='bbox 2174 1296 2233 1347; x_wconf 83' lang='grc' dir='ltr'>οὐ</span> 
     </span>
    </p>
   </div>
   <div class='ocr_carea' id='block_1_13' title="bbox 663 1370 2238 1446">
    <p class='ocr_par' dir='ltr' id='par_1_13' title="bbox 663 1370 2238 1446">
     <span class='ocr_line' id='line_1_13' title="bbox 663 1370 2238 1446; baseline 0.002 -21"><span class='ocrx_word' id='word_1_86' title='bbox 663 1371 967 1426; x_wconf 79' lang='grc' dir='ltr'>διαόάλλων</span> <span class='ocrx_word' id='word_1_87' title='bbox 996 1370 1093 1441; x_wconf 81' lang='grc' dir='ltr'>τὴν</span> <span class='ocrx_word' id='word_1_88' title='bbox 1118 1370 1295 1442; x_wconf 79' lang='grc' dir='ltr'>ψυχὴν</span> <span class='ocrx_word' id='word_1_89' title='bbox 1315 1372 1475 1425; x_wconf 89' lang='grc' dir='ltr'>τοῦτό</span> <span class='ocrx_word' id='word_1_90' title='bbox 1494 1390 1681 1443; x_wconf 82' lang='grc' dir='ltr'>φησιν,</span> <span class='ocrx_word' id='word_1_91' title='bbox 1707 1374 1823 1428; x_wconf 81' lang='grc' dir='ltr'>ἀλλ’</span> <span class='ocrx_word' id='word_1_92' title='bbox 1853 1375 1936 1427; x_wconf 83' lang='grc' dir='ltr'>ὃτι</span> <span class='ocrx_word' id='word_1_93' title='bbox 1958 1376 2056 1429; x_wconf 73' lang='grc' dir='ltr'>οὐκ</span> <span class='ocrx_word' id='word_1_94' title='bbox 2078 1377 2238 1446; x_wconf 80' lang='grc' dir='ltr'>ἀρκεῖ</span> 
     </span>
    </p>
   </div>
   <div class='ocr_carea' id='block_1_14' title="bbox 662 1451 2237 1527">
    <p class='ocr_par' dir='ltr' id='par_1_14' title="bbox 662 1451 2237 1527">
     <span class='ocr_line' id='line_1_14' title="bbox 662 1451 2237 1527; baseline 0.003 -22"><span class='ocrx_word' id='word_1_95' title='bbox 662 1452 785 1506; x_wconf 77' lang='grc' dir='ltr'>οὔτε</span> <span class='ocrx_word' id='word_1_96' title='bbox 818 1452 999 1523; x_wconf 88' lang='grc' dir='ltr'>σῶμα,</span> <span class='ocrx_word' id='word_1_97' title='bbox 1043 1451 1167 1507; x_wconf 81' lang='grc' dir='ltr'>οὔτε</span> <span class='ocrx_word' id='word_1_98' title='bbox 1194 1452 1338 1524; x_wconf 75' lang='grc' dir='ltr'>ψυχή</span> <span class='ocrx_word' id='word_1_99' title='bbox 1370 1453 1490 1508; x_wconf 79' lang='grc' dir='ltr'>καθ’</span> <span class='ocrx_word' id='word_1_100' title='bbox 1518 1454 1737 1527; x_wconf 78' lang='grc' dir='ltr'>ἑαυτὴν,</span> <span class='ocrx_word' id='word_1_101' title='bbox 1778 1458 1853 1526; x_wconf 82' lang='grc' dir='ltr'>μὴ</span> <span class='ocrx_word' id='word_1_102' title='bbox 1898 1456 1998 1526; x_wconf 84' lang='grc' dir='ltr'>τῆς</span> <span class='ocrx_word' id='word_1_103' title='bbox 2030 1457 2237 1510; x_wconf 82' lang='grc' dir='ltr'>ἄνωθεν</span> 
     </span>
    </p>
   </div>
   <div class='ocr_carea' id='block_1_15' title="bbox 664 1528 2233 1610">
    <p class='ocr_par' dir='ltr' id='par_1_15' title="bbox 664 1528 2233 1610">
     <span class='ocr_line' id='line_1_15' title="bbox 664 1528 2233 1610; baseline 0.002 -22"><span class='ocrx_word' id='word_1_104' title='bbox 664 1534 840 1606; x_wconf 74' lang='grc' dir='ltr'>ῥοπῆς</span> <span class='ocrx_word' id='word_1_105' title='bbox 865 1534 1240 1600; x_wconf 79' lang='grc' dir='ltr'>ἀπολαύουσα,</span> <span class='ocrx_word' id='word_1_106' title='bbox 1293 1536 1513 1607; x_wconf 78' lang='grc' dir='ltr'>ποιῆσαί</span> <span class='ocrx_word' id='word_1_107' title='bbox 1562 1554 1616 1590; x_wconf 90' lang='grc' dir='ltr'>τι</span> <span class='ocrx_word' id='word_1_108' title='bbox 1656 1528 1901 1606; x_wconf 82' lang='grc' dir='ltr'>γενναῖον</span> <span class='ocrx_word' id='word_1_109' title='bbox 1934 1538 2029 1592; x_wconf 70' lang='grc' dir='ltr'>καὶ</span> <span class='ocrx_word' id='word_1_110' title='bbox 2070 1540 2233 1610; x_wconf 89' lang='grc' dir='ltr'>μέγα.</span> 
     </span>
    </p>
   </div>
   <div class='ocr_carea' id='block_1_16' title="bbox 662 1615 2234 1689">
    <p class='ocr_par' dir='ltr' id='par_1_16' title="bbox 662 1615 2234 1689">
     <span class='ocr_line' id='line_1_16' title="bbox 662 1615 2234 1689; baseline 0.002 -21"><span class='ocrx_word' id='word_1_111' title='bbox 662 1617 763 1669; x_wconf 78' lang='grc' dir='ltr'>Διὰ</span> <span class='ocrx_word' id='word_1_112' title='bbox 805 1615 965 1669; x_wconf 85' lang='grc' dir='ltr'>τοῦτο</span> <span class='ocrx_word' id='word_1_113' title='bbox 1014 1615 1223 1685; x_wconf 79' lang='grc' dir='ltr'>ψυχικὰ</span> <span class='ocrx_word' id='word_1_114' title='bbox 1274 1619 1454 1670; x_wconf 84' lang='grc' dir='ltr'>ἐκεῖνα</span> <span class='ocrx_word' id='word_1_115' title='bbox 1509 1617 1684 1682; x_wconf 90' lang='grc' dir='ltr'>καλεῖ,</span> <span class='ocrx_word' id='word_1_116' title='bbox 1732 1620 1770 1673; x_wconf 75' lang='grc' dir='ltr'>ἃ.</span> <span class='ocrx_word' id='word_1_117' title='bbox 1817 1619 1939 1673; x_wconf 89' lang='grc' dir='ltr'>καθ’</span> <span class='ocrx_word' id='word_1_118' title='bbox 1971 1620 2172 1689; x_wconf 84' lang='grc' dir='ltr'>ἐαυτήν</span> <span class='ocrx_word' id='word_1_119' title='bbox 2200 1621 2234 1688; x_wconf 90' lang='grc' dir='ltr'>ή</span> 
     </span>
    </p>
   </div>
   <div class='ocr_carea' id='block_1_17' title="bbox 662 1696 2232 1769">
    <p class='ocr_par' dir='ltr' id='par_1_17' title="bbox 662 1696 2232 1769">
     <span class='ocr_line' id='line_1_17' title="bbox 662 1696 2232 1769; baseline 0.004 -19"><span class='ocrx_word' id='word_1_120' title='bbox 662 1698 809 1769; x_wconf 77' lang='grc' dir='ltr'>ψυχὴ</span> <span class='ocrx_word' id='word_1_121' title='bbox 848 1696 1173 1769; x_wconf 83' lang='grc' dir='ltr'>ἐργάζεται·</span> <span class='ocrx_word' id='word_1_122' title='bbox 1231 1696 1325 1749; x_wconf 75' lang='grc' dir='ltr'>καὶ</span> <span class='ocrx_word' id='word_1_123' title='bbox 1355 1698 1596 1766; x_wconf 79' lang='grc' dir='ltr'>σαρκικὰ</span> <span class='ocrx_word' id='word_1_124' title='bbox 1622 1701 1803 1754; x_wconf 86' lang='grc' dir='ltr'>ἐκεῖνα</span> <span class='ocrx_word' id='word_1_125' title='bbox 1838 1700 2010 1765; x_wconf 85' lang='grc' dir='ltr'>καλεῖ,</span> <span class='ocrx_word' id='word_1_126' title='bbox 2046 1702 2082 1756; x_wconf 73' lang='grc' dir='ltr'>ἃ</span> <span class='ocrx_word' id='word_1_127' title='bbox 2112 1702 2232 1755; x_wconf 86' lang='grc' dir='ltr'>καθ’</span> 
     </span>
    </p>
   </div>
   <div class='ocr_carea' id='block_1_18' title="bbox 663 1777 2238 1851">
    <p class='ocr_par' dir='ltr' id='par_1_18' title="bbox 663 1777 2238 1851">
     <span class='ocr_line' id='line_1_18' title="bbox 663 1777 2238 1851; baseline 0.002 -18"><span class='ocrx_word' id='word_1_128' title='bbox 663 1780 826 1834; x_wconf 82' lang='grc' dir='ltr'>ἐαυτὸ</span> <span class='ocrx_word' id='word_1_129' title='bbox 846 1779 906 1833; x_wconf 87' lang='lat'>10</span> <span class='ocrx_word' id='word_1_130' title='bbox 936 1777 1123 1848; x_wconf 85' lang='grc' dir='ltr'>σῶμα·</span> <span class='ocrx_word' id='word_1_131' title='bbox 1156 1777 1258 1832; x_wconf 82' lang='grc' dir='ltr'>οὐκ</span> <span class='ocrx_word' id='word_1_132' title='bbox 1285 1780 1472 1851; x_wconf 85' lang='grc' dir='ltr'>ἐπειδὴ</span> <span class='ocrx_word' id='word_1_133' title='bbox 1498 1781 1669 1835; x_wconf 88' lang='grc' dir='ltr'>ταῦτα</span> <span class='ocrx_word' id='word_1_134' title='bbox 1688 1782 1915 1850; x_wconf 82' lang='grc' dir='ltr'>φυσικὰ,</span> <span class='ocrx_word' id='word_1_135' title='bbox 1941 1783 2056 1837; x_wconf 84' lang='lat'><strong>011‘</strong></span> <span class='ocrx_word' id='word_1_136' title='bbox 2088 1784 2238 1836; x_wconf 76' lang='grc' dir='ltr'>ἐπειο</span> 
     </span>
    </p>
   </div>
   <div class='ocr_carea' id='block_1_19' title="bbox 663 1861 2233 1937">
    <p class='ocr_par' dir='ltr' id='par_1_19' title="bbox 663 1861 2233 1937">
     <span class='ocr_line' id='line_1_19' title="bbox 663 1861 2233 1937; baseline 0.001 -21"><span class='ocrx_word' id='word_1_137' title='bbox 663 1863 729 1934; x_wconf 82' lang='grc' dir='ltr'>δὴ</span> <span class='ocrx_word' id='word_1_138' title='bbox 759 1863 835 1934; x_wconf 82' lang='grc' dir='ltr'>μὴ</span> <span class='ocrx_word' id='word_1_139' title='bbox 866 1861 1249 1937; x_wconf 68' lang='grc' dir='ltr'>ἀπολαύσαντα</span> <span class='ocrx_word' id='word_1_140' title='bbox 1280 1863 1615 1933; x_wconf 74' lang='grc' dir='ltr'>προστασίας</span> <span class='ocrx_word' id='word_1_141' title='bbox 1654 1864 1752 1935; x_wconf 82' lang='grc' dir='ltr'>τῆς</span> <span class='ocrx_word' id='word_1_142' title='bbox 1794 1866 2022 1931; x_wconf 86' lang='grc' dir='ltr'>ἐκεῖθεν,</span> <span class='ocrx_word' id='word_1_143' title='bbox 2066 1867 2233 1919; x_wconf 79' lang='grc' dir='ltr'>ἀπόλ-</span> 
     </span>
    </p>
   </div>
   <div class='ocr_carea' id='block_1_20' title="bbox 665 1943 2233 2016">
    <p class='ocr_par' dir='ltr' id='par_1_20' title="bbox 665 1943 2233 2016">
     <span class='ocr_line' id='line_1_20' title="bbox 665 1943 2233 2016; baseline 0.003 -20"><span class='ocrx_word' id='word_1_144' title='bbox 665 1945 841 2001; x_wconf 83' lang='grc' dir='ltr'>λυται.</span> <span class='ocrx_word' id='word_1_145' title='bbox 887 1945 1155 1997; x_wconf 73' lang='grc' dir='ltr'>Ἐπεὶικαὶ</span> <span class='ocrx_word' id='word_1_146' title='bbox 1183 1945 1232 1997; x_wconf 83' lang='grc' dir='ltr'>οί</span> <span class='ocrx_word' id='word_1_147' title='bbox 1257 1943 1525 2015; x_wconf 77' lang='grc' dir='ltr'>ὀφθαλμοὶ</span> <span class='ocrx_word' id='word_1_148' title='bbox 1561 1946 1736 2011; x_wconf 77' lang='grc' dir='ltr'>καλοὶ,</span> <span class='ocrx_word' id='word_1_149' title='bbox 1761 1947 1877 2001; x_wconf 80' lang='grc' dir='ltr'>ἀλλ’</span> <span class='ocrx_word' id='word_1_150' title='bbox 1901 1947 2029 2000; x_wconf 79' lang='grc' dir='ltr'>ἄνευ</span> <span class='ocrx_word' id='word_1_151' title='bbox 2057 1948 2233 2016; x_wconf 83' lang='grc' dir='ltr'>φωτὸς</span> 
     </span>
    </p>
   </div>
   <div class='ocr_carea' id='block_1_21' title="bbox 668 2020 2231 2099">
    <p class='ocr_par' dir='ltr' id='par_1_21' title="bbox 668 2020 2231 2099">
     <span class='ocr_line' id='line_1_21' title="bbox 668 2020 2231 2099; baseline 0.001 -19"><span class='ocrx_word' id='word_1_152' title='bbox 668 2027 837 2097; x_wconf 83' lang='grc' dir='ltr'>μυρία</span> <span class='ocrx_word' id='word_1_153' title='bbox 865 2025 1189 2096; x_wconf 82' lang='grc' dir='ltr'>ἐργάζονται</span> <span class='ocrx_word' id='word_1_154' title='bbox 1215 2020 1386 2080; x_wconf 80' lang='grc' dir='ltr'>κακά·</span> <span class='ocrx_word' id='word_1_155' title='bbox 1421 2024 1579 2079; x_wconf 84' lang='grc' dir='ltr'>τοῦτο</span> <span class='ocrx_word' id='word_1_156' title='bbox 1611 2026 1667 2079; x_wconf 71' lang='grc' dir='ltr'>δὲ</span> <span class='ocrx_word' id='word_1_157' title='bbox 1695 2030 1793 2099; x_wconf 76' lang='grc' dir='ltr'>τῆς</span> <span class='ocrx_word' id='word_1_158' title='bbox 1822 2028 2103 2099; x_wconf 79' lang='grc' dir='ltr'>ἀσθενείας</span> <span class='ocrx_word' id='word_1_159' title='bbox 2133 2031 2231 2081; x_wconf 81' lang='grc' dir='ltr'>αὐ-</span> 
     </span>
    </p>
   </div>
   <div class='ocr_carea' id='block_1_22' title="bbox 663 2106 2231 2182">
    <p class='ocr_par' dir='ltr' id='par_1_22' title="bbox 663 2106 2231 2182">
     <span class='ocr_line' id='line_1_22' title="bbox 663 2106 2231 2182; baseline 0.003 -21"><span class='ocrx_word' id='word_1_160' title='bbox 663 2111 772 2163; x_wconf 85' lang='grc' dir='ltr'>τῶν</span> <span class='ocrx_word' id='word_1_161' title='bbox 801 2110 971 2173; x_wconf 81' lang='grc' dir='ltr'>ἐστιν,</span> <span class='ocrx_word' id='word_1_162' title='bbox 995 2110 1054 2160; x_wconf 81' lang='grc' dir='ltr'>οὐ</span> <span class='ocrx_word' id='word_1_163' title='bbox 1086 2109 1185 2179; x_wconf 84' lang='grc' dir='ltr'>τῆς</span> <span class='ocrx_word' id='word_1_164' title='bbox 1209 2108 1443 2178; x_wconf 81' lang='grc' dir='ltr'>φύσεως.</span> <span class='ocrx_word' id='word_1_165' title='bbox 1470 2110 1533 2161; x_wconf 87' lang='grc' dir='ltr'>Εἰ</span> <span class='ocrx_word' id='word_1_166' title='bbox 1559 2109 1617 2162; x_wconf 81' lang='grc' dir='ltr'>δὲ</span> <span class='ocrx_word' id='word_1_167' title='bbox 1638 2110 1843 2179; x_wconf 79' lang='grc' dir='ltr'>φυσικὰ</span> <span class='ocrx_word' id='word_1_168' title='bbox 1868 2106 1937 2182; x_wconf 80' lang='grc' dir='ltr'>ἦν</span> <span class='ocrx_word' id='word_1_169' title='bbox 1969 2111 2038 2164; x_wconf 82' lang='grc' dir='ltr'>τὰ</span> <span class='ocrx_word' id='word_1_170' title='bbox 2065 2112 2231 2178; x_wconf 82' lang='grc' dir='ltr'>κακὰ,</span> 
     </span>
    </p>
   </div>
   <div class='ocr_carea' id='block_1_23' title="bbox 664 2190 2234 2266">
    <p class='ocr_par' dir='ltr' id='par_1_23' title="bbox 664 2190 2234 2266">
     <span class='ocr_line' id='line_1_23' title="bbox 664 2190 2234 2266; baseline 0.002 -21"><span class='ocrx_word' id='word_1_171' title='bbox 664 2192 764 2246; x_wconf 75' lang='grc' dir='ltr'>οὐκ</span> <span class='ocrx_word' id='word_1_172' title='bbox 796 2191 862 2244; x_wconf 82' lang='grc' dir='ltr'>ἂν</span> <span class='ocrx_word' id='word_1_173' title='bbox 894 2190 1078 2253; x_wconf 79' lang='grc' dir='ltr'>αὐτοῖς</span> <span class='ocrx_word' id='word_1_174' title='bbox 1107 2207 1237 2243; x_wconf 75' lang='grc' dir='ltr'>ποτε</span> <span class='ocrx_word' id='word_1_175' title='bbox 1267 2192 1346 2253; x_wconf 88' lang='grc' dir='ltr'>εἰς</span> <span class='ocrx_word' id='word_1_176' title='bbox 1372 2190 1491 2243; x_wconf 85' lang='grc' dir='ltr'>δέον</span> <span class='ocrx_word' id='word_1_177' title='bbox 1522 2190 1877 2262; x_wconf 88' lang='grc' dir='ltr'>ἐχρησάμεθα</span> <span class='ocrx_word' id='word_1_178' title='bbox 1901 2209 1913 2221; x_wconf 91' lang='grc'>·</span> <span class='ocrx_word' id='word_1_179' title='bbox 1948 2194 2100 2248; x_wconf 80' lang='grc' dir='ltr'>οὐδὲν</span> <span class='ocrx_word' id='word_1_180' title='bbox 2126 2195 2234 2266; x_wconf 90' lang='grc' dir='ltr'>γάρ</span> 
     </span>
    </p>
   </div>
   <div class='ocr_carea' id='block_1_24' title="bbox 666 2268 2232 2349">
    <p class='ocr_par' dir='ltr' id='par_1_24' title="bbox 666 2268 2232 2349">
     <span class='ocr_line' id='line_1_24' title="bbox 666 2268 2232 2349; baseline 0.004 -22"><span class='ocrx_word' id='word_1_181' title='bbox 666 2277 782 2327; x_wconf 79' lang='grc' dir='ltr'>ἐστι</span> <span class='ocrx_word' id='word_1_182' title='bbox 805 2274 1031 2343; x_wconf 61' lang='grc' dir='ltr'>φυσικὸν</span> <span class='ocrx_word' id='word_1_183' title='bbox 1056 2275 1245 2327; x_wconf 83' lang='grc' dir='ltr'>κακόν.</span> <span class='ocrx_word' id='word_1_184' title='bbox 1273 2273 1336 2325; x_wconf 88' lang='grc' dir='ltr'>Τί</span> <span class='ocrx_word' id='word_1_185' title='bbox 1354 2268 1446 2327; x_wconf 81' lang='grc' dir='ltr'>οὖν</span> <span class='ocrx_word' id='word_1_186' title='bbox 1473 2277 1587 2327; x_wconf 88' lang='grc' dir='ltr'>ἐστι</span> <span class='ocrx_word' id='word_1_187' title='bbox 1614 2276 1854 2347; x_wconf 79' lang='grc' dir='ltr'>σαρκικὰ</span> <span class='ocrx_word' id='word_1_188' title='bbox 1880 2280 2232 2349; x_wconf 78' lang='grc' dir='ltr'>φρονήματας</span> 
     </span>
    </p>
   </div>
   <div class='ocr_carea' id='block_1_25' title="bbox 640 2355 2233 2431">
    <p class='ocr_par' dir='ltr' id='par_1_25' title="bbox 640 2355 2233 2431">
     <span class='ocr_line' id='line_1_25' title="bbox 640 2355 2233 2431; baseline 0.004 -23"><span class='ocrx_word' id='word_1_189' title='bbox 640 2358 733 2409; x_wconf 67' lang='grc' dir='ltr'>Αἱ</span> <span class='ocrx_word' id='word_1_190' title='bbox 766 2356 1052 2426; x_wconf 74' lang='grc' dir='ltr'>ἁμαρτίαι.</span> <span class='ocrx_word' id='word_1_191' title='bbox 1088 2356 1257 2408; x_wconf 85' lang='grc' dir='ltr'>Ὅταν</span> <span class='ocrx_word' id='word_1_192' title='bbox 1291 2356 1398 2426; x_wconf 88' lang='lat'>709</span> <span class='ocrx_word' id='word_1_193' title='bbox 1446 2355 1584 2427; x_wconf 81' lang='grc' dir='ltr'>αῦτη</span> <span class='ocrx_word' id='word_1_194' title='bbox 1618 2360 1868 2429; x_wconf 77' lang='grc' dir='ltr'>κρατήσῃ</span> <span class='ocrx_word' id='word_1_195' title='bbox 1892 2360 1984 2413; x_wconf 87' lang='grc' dir='ltr'>τοῦ</span> <span class='ocrx_word' id='word_1_196' title='bbox 2020 2362 2233 2431; x_wconf 84' lang='grc' dir='ltr'>ήνιόχου</span> 
     </span>
    </p>
   </div>
   <div class='ocr_carea' id='block_1_26' title="bbox 670 2436 2234 2512">
    <p class='ocr_par' dir='ltr' id='par_1_26' title="bbox 670 2436 2234 2512">
     <span class='ocr_line' id='line_1_26' title="bbox 670 2436 2234 2512; baseline 0.002 -21"><span class='ocrx_word' id='word_1_197' title='bbox 670 2436 1116 2510; x_wconf 84' lang='grc' dir='ltr'>μετεωρισθεῖσα,</span> <span class='ocrx_word' id='word_1_198' title='bbox 1139 2436 1306 2507; x_wconf 91' lang='grc' dir='ltr'>μυρία</span> <span class='ocrx_word' id='word_1_199' title='bbox 1332 2436 1509 2490; x_wconf 81' lang='grc' dir='ltr'>τίκτει</span> <span class='ocrx_word' id='word_1_200' title='bbox 1531 2439 1703 2493; x_wconf 87' lang='grc' dir='ltr'>δεινά.</span> <span class='ocrx_word' id='word_1_201' title='bbox 1750 2440 1941 2512; x_wconf 81' lang='grc' dir='ltr'>’Δρετὴ</span> <span class='ocrx_word' id='word_1_202' title='bbox 1969 2440 2076 2511; x_wconf 82' lang='grc' dir='ltr'>γάρ</span> <span class='ocrx_word' id='word_1_203' title='bbox 2100 2458 2234 2511; x_wconf 74' lang='grc' dir='ltr'>στλιρ⁴¹</span> 
     </span>
    </p>
   </div>
   <div class='ocr_carea' id='block_1_27' title="bbox 668 2518 2234 2599">
    <p class='ocr_par' dir='ltr' id='par_1_27' title="bbox 668 2518 2234 2599">
     <span class='ocr_line' id='line_1_27' title="bbox 668 2518 2234 2599; baseline 0.003 -26"><span class='ocrx_word' id='word_1_204' title='bbox 668 2519 762 2583; x_wconf 78' lang='grc' dir='ltr'>κὸς</span> <span class='ocrx_word' id='word_1_205' title='bbox 820 2520 880 2573; x_wconf 86' lang='lat'>10</span> <span class='ocrx_word' id='word_1_206' title='bbox 914 2518 1279 2589; x_wconf 79' lang='grc' dir='ltr'>ὑποτετάχθαι</span> <span class='ocrx_word' id='word_1_207' title='bbox 1327 2522 1394 2591; x_wconf 82' lang='grc' dir='ltr'>τῇ</span> <span class='ocrx_word' id='word_1_208' title='bbox 1440 2520 1609 2599; x_wconf 74' lang='grc' dir='ltr'>ψυχῇ,</span> <span class='ocrx_word' id='word_1_209' title='bbox 1663 2523 1832 2577; x_wconf 82' lang='grc' dir='ltr'>κακία</span> <span class='ocrx_word' id='word_1_210' title='bbox 1857 2522 1914 2576; x_wconf 82' lang='grc' dir='ltr'>δέ</span> <span class='ocrx_word' id='word_1_211' title='bbox 1956 2524 2017 2577; x_wconf 86' lang='grc' dir='ltr'>τὸ</span> <span class='ocrx_word' id='word_1_212' title='bbox 2045 2524 2234 2596; x_wconf 77' lang='grc' dir='ltr'>ἄρχειν</span> 
     </span>
    </p>
   </div>
   <div class='ocr_carea' id='block_1_28' title="bbox 665 2599 2233 2680">
    <p class='ocr_par' dir='ltr' id='par_1_28' title="bbox 665 2599 2233 2680">
     <span class='ocr_line' id='line_1_28' title="bbox 665 2599 2233 2680; baseline 0.008 -31"><span class='ocrx_word' id='word_1_213' title='bbox 665 2604 861 2675; x_wconf 78' lang='grc' dir='ltr'>ψυχῆς.</span> <span class='ocrx_word' id='word_1_214' title='bbox 894 2602 1105 2675; x_wconf 83' lang='grc' dir='ltr'>’Ὥσπερ</span> <span class='ocrx_word' id='word_1_215' title='bbox 1134 2599 1226 2657; x_wconf 83' lang='grc' dir='ltr'>οὖν</span> <span class='ocrx_word' id='word_1_216' title='bbox 1251 2607 1278 2657; x_wconf 86' lang='grc' dir='ltr'>ὀ</span> <span class='ocrx_word' id='word_1_217' title='bbox 1300 2603 1463 2669; x_wconf 75' lang='grc' dir='ltr'>ἵππος</span> <span class='ocrx_word' id='word_1_218' title='bbox 1497 2606 1660 2670; x_wconf 84' lang='grc' dir='ltr'>καλὸς</span> <span class='ocrx_word' id='word_1_219' title='bbox 1693 2607 1795 2677; x_wconf 71' lang='grc' dir='ltr'>μὲν</span> <span class='ocrx_word' id='word_1_220' title='bbox 1824 2607 1917 2662; x_wconf 78' lang='grc' dir='ltr'>καὶ</span> <span class='ocrx_word' id='word_1_221' title='bbox 1948 2609 2233 2680; x_wconf 84' lang='grc' dir='ltr'>εὐσκελὴς,</span> 
     </span>
    </p>
   </div>
   <div class='ocr_carea' id='block_1_29' title="bbox 667 2685 2235 2761">
    <p class='ocr_par' dir='ltr' id='par_1_29' title="bbox 667 2685 2235 2761">
     <span class='ocr_line' id='line_1_29' title="bbox 667 2685 2235 2761; baseline 0.001 -22"><span class='ocrx_word' id='word_1_222' title='bbox 667 2686 782 2739; x_wconf 80' lang='grc' dir='ltr'>ἀλλ’</span> <span class='ocrx_word' id='word_1_223' title='bbox 812 2686 915 2739; x_wconf 80' lang='grc' dir='ltr'>οὐκ</span> <span class='ocrx_word' id='word_1_224' title='bbox 957 2687 1085 2739; x_wconf 77' lang='grc' dir='ltr'>ἄνευ</span> <span class='ocrx_word' id='word_1_225' title='bbox 1121 2685 1333 2755; x_wconf 85' lang='grc' dir='ltr'>ήνιόχου</span> <span class='ocrx_word' id='word_1_226' title='bbox 1364 2685 1523 2739; x_wconf 79' lang='grc' dir='ltr'>τοῦτο</span> <span class='ocrx_word' id='word_1_227' title='bbox 1563 2686 1871 2741; x_wconf 82' lang='grc' dir='ltr'>δείκνυται·</span> <span class='ocrx_word' id='word_1_228' title='bbox 1905 2688 2047 2741; x_wconf 78' lang='grc' dir='ltr'>οὕτω</span> <span class='ocrx_word' id='word_1_229' title='bbox 2079 2691 2173 2741; x_wconf 77' lang='grc' dir='ltr'>καὶ</span> <span class='ocrx_word' id='word_1_230' title='bbox 2203 2692 2235 2761; x_wconf 91' lang='grc' dir='ltr'>ή</span> 
     </span>
    </p>
   </div>
   <div class='ocr_carea' id='block_1_30' title="bbox 670 2766 2237 2841">
    <p class='ocr_par' dir='ltr' id='par_1_30' title="bbox 670 2766 2237 2841">
     <span class='ocr_line' id='line_1_30' title="bbox 670 2766 2237 2841; baseline 0.002 -20"><span class='ocrx_word' id='word_1_231' title='bbox 670 2766 809 2839; x_wconf 76' lang='grc' dir='ltr'>σάρξ</span> <span class='ocrx_word' id='word_1_232' title='bbox 848 2767 970 2820; x_wconf 85' lang='grc' dir='ltr'>τότε</span> <span class='ocrx_word' id='word_1_233' title='bbox 1013 2767 1165 2820; x_wconf 82' lang='grc' dir='ltr'>ἐσται</span> <span class='ocrx_word' id='word_1_234' title='bbox 1199 2767 1359 2837; x_wconf 81' lang='grc' dir='ltr'>καλὴ,</span> <span class='ocrx_word' id='word_1_235' title='bbox 1405 2769 1532 2821; x_wconf 85' lang='grc' dir='ltr'>ὅταν</span> <span class='ocrx_word' id='word_1_236' title='bbox 1577 2769 1747 2840; x_wconf 82' lang='grc' dir='ltr'>αὐτῆς</span> <span class='ocrx_word' id='word_1_237' title='bbox 1769 2772 1839 2823; x_wconf 86' lang='grc' dir='ltr'>τά</span> <span class='ocrx_word' id='word_1_238' title='bbox 1888 2772 2237 2841; x_wconf 82' lang='grc' dir='ltr'>σκιρτήματα</span> 
     </span>
    </p>
   </div>
   <div class='ocr_carea' id='block_1_31' title="bbox 668 2847 2235 2921">
    <p class='ocr_par' dir='ltr' id='par_1_31' title="bbox 668 2847 2235 2921">
     <span class='ocr_line' id='line_1_31' title="bbox 668 2847 2235 2921; baseline 0.003 -18"><span class='ocrx_word' id='word_1_239' title='bbox 668 2848 1081 2921; x_wconf 80' lang='grc' dir='ltr'>περικόψωμεν.</span> <span class='ocrx_word' id='word_1_240' title='bbox 1106 2847 1219 2921; x_wconf 77' lang='grc'>[57]</span> <span class='ocrx_word' id='word_1_241' title='bbox 1264 2848 1404 2902; x_wconf 80' lang='grc' dir='ltr'>Ἀλλ’</span> <span class='ocrx_word' id='word_1_242' title='bbox 1420 2850 1541 2903; x_wconf 81' lang='grc' dir='ltr'>οὐδὲ</span> <span class='ocrx_word' id='word_1_243' title='bbox 1569 2850 1783 2921; x_wconf 89' lang='grc' dir='ltr'>ήνίοχος</span> <span class='ocrx_word' id='word_1_244' title='bbox 1812 2851 2086 2906; x_wconf 79' lang='grc' dir='ltr'>δείκνυται</span> <span class='ocrx_word' id='word_1_245' title='bbox 2107 2854 2235 2907; x_wconf 78' lang='grc' dir='ltr'>ἄνευ</span> 
     </span>
    </p>
   </div>
   <div class='ocr_carea' id='block_1_32' title="bbox 668 2930 2234 3005">
    <p class='ocr_par' dir='ltr' id='par_1_32' title="bbox 668 2930 2234 3005">
     <span class='ocr_line' id='line_1_32' title="bbox 668 2930 2234 3005; baseline 0.002 -21"><span class='ocrx_word' id='word_1_246' title='bbox 668 2932 1013 3002; x_wconf 81' lang='grc' dir='ltr'>ἐπιστήμης·</span> <span class='ocrx_word' id='word_1_247' title='bbox 1056 2931 1149 2983; x_wconf 66' lang='grc' dir='ltr'>καὶ</span> <span class='ocrx_word' id='word_1_248' title='bbox 1180 2931 1289 3000; x_wconf 79' lang='grc' dir='ltr'>γὰρ</span> <span class='ocrx_word' id='word_1_249' title='bbox 1336 2930 1431 2984; x_wconf 76' lang='grc' dir='ltr'>καὶ</span> <span class='ocrx_word' id='word_1_250' title='bbox 1479 2932 1640 2994; x_wconf 85' lang='grc' dir='ltr'>αὐτὸς</span> <span class='ocrx_word' id='word_1_251' title='bbox 1686 2932 1909 2987; x_wconf 75' lang='grc' dir='ltr'>ἐκείνων</span> <span class='ocrx_word' id='word_1_252' title='bbox 1958 2934 2234 3005; x_wconf 84' lang='grc' dir='ltr'>δεινότερα</span> 
     </span>
    </p>
   </div>
   <div class='ocr_carea' id='block_1_33' title="bbox 670 3012 2237 3087">
    <p class='ocr_par' dir='ltr' id='par_1_33' title="bbox 670 3012 2237 3087">
     <span class='ocr_line' id='line_1_33' title="bbox 670 3012 2237 3087; baseline 0.001 -19"><span class='ocrx_word' id='word_1_253' title='bbox 670 3014 797 3069; x_wconf 75' lang='grc' dir='ltr'>ἄνευ</span> <span class='ocrx_word' id='word_1_254' title='bbox 825 3014 1133 3084; x_wconf 83' lang='grc' dir='ltr'>ἐπιστήμης</span> <span class='ocrx_word' id='word_1_255' title='bbox 1176 3012 1490 3084; x_wconf 70' lang='grc' dir='ltr'>ἐργάζεται.</span> <span class='ocrx_word' id='word_1_256' title='bbox 1535 3013 1696 3067; x_wconf 83' lang='grc' dir='ltr'>Ὥστε</span> <span class='ocrx_word' id='word_1_257' title='bbox 1731 3016 2070 3087; x_wconf 81' lang='grc' dir='ltr'>πανταχόθεν</span> <span class='ocrx_word' id='word_1_258' title='bbox 2112 3020 2237 3086; x_wconf 72' lang='grc' dir='ltr'>ἐφε-</span> 
     </span>
    </p>
   </div>
   <div class='ocr_carea' id='block_1_34' title="bbox 673 3099 2237 3175">
    <p class='ocr_par' dir='ltr' id='par_1_34' title="bbox 673 3099 2237 3175">
     <span class='ocr_line' id='line_1_34' title="bbox 673 3099 2237 3175; baseline 0.002 -20"><span class='ocrx_word' id='word_1_259' title='bbox 673 3100 860 3155; x_wconf 87' lang='grc' dir='ltr'>στάναι</span> <span class='ocrx_word' id='word_1_260' title='bbox 888 3102 994 3172; x_wconf 92' lang='grc' dir='ltr'>χρή</span> <span class='ocrx_word' id='word_1_261' title='bbox 1012 3116 1027 3132; x_wconf 79' lang='grc'><em>’</em></span> <span class='ocrx_word' id='word_1_262' title='bbox 1055 3099 1116 3153; x_wconf 85' lang='lat'>10</span> <span class='ocrx_word' id='word_1_263' title='bbox 1154 3099 1392 3170; x_wconf 87' lang='grc' dir='ltr'>πνεῦμα,</span> <span class='ocrx_word' id='word_1_264' title='bbox 1428 3099 1586 3153; x_wconf 88' lang='grc' dir='ltr'>τοῦτο</span> <span class='ocrx_word' id='word_1_265' title='bbox 1611 3101 1862 3171; x_wconf 83' lang='grc' dir='ltr'>ἐφεστὸς,</span> <span class='ocrx_word' id='word_1_266' title='bbox 1900 3104 1991 3158; x_wconf 85' lang='grc' dir='ltr'>τὸν</span> <span class='ocrx_word' id='word_1_267' title='bbox 2020 3105 2237 3175; x_wconf 83' lang='grc' dir='ltr'>ήνίοχον</span> 
     </span>
    </p>
   </div>
   <div class='ocr_carea' id='block_1_35' title="bbox 675 3182 2238 3258">
    <p class='ocr_par' dir='ltr' id='par_1_35' title="bbox 675 3182 2238 3258">
     <span class='ocr_line' id='line_1_35' title="bbox 675 3182 2238 3258; baseline 0.003 -22"><span class='ocrx_word' id='word_1_268' title='bbox 675 3184 1018 3254; x_wconf 66' lang='grc' dir='ltr'>ἰσχυρότερον</span> <span class='ocrx_word' id='word_1_269' title='bbox 1048 3185 1221 3235; x_wconf 78' lang='grc' dir='ltr'>ποιεῖ’</span> <span class='ocrx_word' id='word_1_270' title='bbox 1252 3182 1411 3236; x_wconf 80' lang='grc' dir='ltr'>τοῦτο</span> <span class='ocrx_word' id='word_1_271' title='bbox 1433 3184 1526 3236; x_wconf 78' lang='grc' dir='ltr'>καὶ</span> <span class='ocrx_word' id='word_1_272' title='bbox 1552 3183 1651 3254; x_wconf 81' lang='grc' dir='ltr'>τὴν</span> <span class='ocrx_word' id='word_1_273' title='bbox 1670 3183 1847 3256; x_wconf 80' lang='grc' dir='ltr'>ψυχὴν</span> <span class='ocrx_word' id='word_1_274' title='bbox 1876 3188 1970 3239; x_wconf 75' lang='grc' dir='ltr'>καὶ</span> <span class='ocrx_word' id='word_1_275' title='bbox 1996 3186 2056 3240; x_wconf 84' lang='lat'>10</span> <span class='ocrx_word' id='word_1_276' title='bbox 2078 3187 2238 3258; x_wconf 81' lang='grc' dir='ltr'>σῶμα</span> 
     </span>
    </p>
   </div>
   <div class='ocr_carea' id='block_1_36' title="bbox 671 3264 2235 3340">
    <p class='ocr_par' dir='ltr' id='par_1_36' title="bbox 671 3264 2235 3340">
     <span class='ocr_line' id='line_1_36' title="bbox 671 3264 2235 3340; baseline 0.003 -21"><span class='ocrx_word' id='word_1_277' title='bbox 671 3266 1019 3330; x_wconf 80' lang='grc' dir='ltr'>καλλωπίζει.</span> <span class='ocrx_word' id='word_1_278' title='bbox 1047 3265 1314 3336; x_wconf 80' lang='grc' dir='ltr'>Καθάπερ</span> <span class='ocrx_word' id='word_1_279' title='bbox 1343 3264 1450 3336; x_wconf 85' lang='lat'>709</span> <span class='ocrx_word' id='word_1_280' title='bbox 1471 3267 1504 3335; x_wconf 91' lang='grc' dir='ltr'>ή</span> <span class='ocrx_word' id='word_1_281' title='bbox 1532 3265 1677 3337; x_wconf 75' lang='grc' dir='ltr'>ψυχὴ</span> <span class='ocrx_word' id='word_1_282' title='bbox 1695 3267 1902 3321; x_wconf 79' lang='grc' dir='ltr'>’ἐνοῦσα</span> <span class='ocrx_word' id='word_1_283' title='bbox 1939 3269 2037 3340; x_wconf 83' lang='grc' dir='ltr'>μὲν</span> <span class='ocrx_word' id='word_1_284' title='bbox 2064 3269 2235 3340; x_wconf 83' lang='grc' dir='ltr'>αὐτῷ,</span> 
     </span>
    </p>
   </div>
   <div class='ocr_carea' id='block_1_37' title="bbox 671 3346 2237 3422">
    <p class='ocr_par' dir='ltr' id='par_1_37' title="bbox 671 3346 2237 3422">
     <span class='ocr_line' id='line_1_37' title="bbox 671 3346 2237 3422; baseline 0.002 -21"><span class='ocrx_word' id='word_1_285' title='bbox 671 3346 836 3401; x_wconf 73' lang='grc' dir='ltr'>καλὸν</span> <span class='ocrx_word' id='word_1_286' title='bbox 886 3347 1017 3401; x_wconf 77' lang='grc' dir='ltr'>αὐτὸ</span> <span class='ocrx_word' id='word_1_287' title='bbox 1047 3346 1339 3413; x_wconf 83' lang='grc' dir='ltr'>δείκνυσιν,</span> <span class='ocrx_word' id='word_1_288' title='bbox 1394 3348 1523 3401; x_wconf 86' lang='grc' dir='ltr'>ὅταν</span> <span class='ocrx_word' id='word_1_289' title='bbox 1566 3347 1621 3401; x_wconf 82' lang='grc' dir='ltr'>δέ</span> <span class='ocrx_word' id='word_1_290' title='bbox 1665 3348 1796 3402; x_wconf 80' lang='grc' dir='ltr'>αὐτὸ</span> <span class='ocrx_word' id='word_1_291' title='bbox 1834 3350 2096 3421; x_wconf 86' lang='grc' dir='ltr'>ἐρημώσῃ</span> <span class='ocrx_word' id='word_1_292' title='bbox 2140 3351 2237 3422; x_wconf 79' lang='grc' dir='ltr'>τῆς</span> 
     </span>
    </p>
   </div>
   <div class='ocr_carea' id='block_1_38' title="bbox 672 3431 2259 3504">
    <p class='ocr_par' dir='ltr' id='par_1_38' title="bbox 672 3431 2259 3504">
     <span class='ocr_line' id='line_1_38' title="bbox 672 3431 2259 3504; baseline 0.001 -18"><span class='ocrx_word' id='word_1_293' title='bbox 672 3432 877 3495; x_wconf 82' lang='grc' dir='ltr'>οἰκείας</span> <span class='ocrx_word' id='word_1_294' title='bbox 905 3432 1183 3503; x_wconf 77' lang='grc' dir='ltr'>ἐνεργείας</span> <span class='ocrx_word' id='word_1_295' title='bbox 1231 3431 1325 3485; x_wconf 77' lang='grc' dir='ltr'>καὶ</span> <span class='ocrx_word' id='word_1_296' title='bbox 1370 3431 1604 3502; x_wconf 81' lang='grc' dir='ltr'>ἀποστῇ,</span> <span class='ocrx_word' id='word_1_297' title='bbox 1652 3432 1903 3504; x_wconf 88' lang='grc' dir='ltr'>καθάπερ</span> <span class='ocrx_word' id='word_1_298' title='bbox 1948 3433 2259 3503; x_wconf 85' lang='grc' dir='ltr'>ζωγράφου·</span> 
     </span>
    </p>
   </div>
   <div class='ocr_carea' id='block_1_39' title="bbox 671 3513 2238 3586">
    <p class='ocr_par' dir='ltr' id='par_1_39' title="bbox 671 3513 2238 3586">
     <span class='ocr_line' id='line_1_39' title="bbox 671 3513 2238 3586; baseline 0.002 -18"><span class='ocrx_word' id='word_1_299' title='bbox 671 3514 816 3578; x_wconf 69' lang='grc' dir='ltr'>τινὸς</span> <span class='ocrx_word' id='word_1_300' title='bbox 870 3514 940 3568; x_wconf 84' lang='grc' dir='ltr'>τὰ</span> <span class='ocrx_word' id='word_1_301' title='bbox 993 3513 1260 3585; x_wconf 84' lang='grc' dir='ltr'>χρώματα</span> <span class='ocrx_word' id='word_1_302' title='bbox 1315 3515 1633 3585; x_wconf 85' lang='grc' dir='ltr'>συγχέοντος</span> <span class='ocrx_word' id='word_1_303' title='bbox 1661 3554 1677 3579; x_wconf 89' lang='grc'>,</span> <span class='ocrx_word' id='word_1_304' title='bbox 1710 3515 1978 3586; x_wconf 84' lang='grc' dir='ltr'>εἰδέχθεια</span> <span class='ocrx_word' id='word_1_305' title='bbox 2030 3517 2238 3586; x_wconf 88' lang='grc' dir='ltr'>γίνεται</span> 
     </span>
    </p>
   </div>
   <div class='ocr_carea' id='block_1_40' title="bbox 676 3595 2240 3671">
    <p class='ocr_par' dir='ltr' id='par_1_40' title="bbox 676 3595 2240 3671">
     <span class='ocr_line' id='line_1_40' title="bbox 676 3595 2240 3671; baseline 0.003 -22"><span class='ocrx_word' id='word_1_306' title='bbox 676 3596 868 3666; x_wconf 81' lang='grc' dir='ltr'>πολλὴ,</span> <span class='ocrx_word' id='word_1_307' title='bbox 896 3596 1002 3667; x_wconf 84' lang='grc' dir='ltr'>πρὸ</span> <span class='ocrx_word' id='word_1_308' title='bbox 1011 3616 1029 3659; x_wconf 85' lang='lat'>;</span> <span class='ocrx_word' id='word_1_309' title='bbox 1054 3596 1153 3667; x_wconf 78' lang='grc' dir='ltr'>τὴν</span> <span class='ocrx_word' id='word_1_310' title='bbox 1166 3595 1371 3666; x_wconf 79' lang='grc' dir='ltr'>φθορὰν</span> <span class='ocrx_word' id='word_1_311' title='bbox 1396 3597 1753 3666; x_wconf 72' lang='grc' dir='ltr'>ἐπειγομένου</span> <span class='ocrx_word' id='word_1_312' title='bbox 1782 3598 1892 3651; x_wconf 85' lang='grc' dir='ltr'>τῶν</span> <span class='ocrx_word' id='word_1_313' title='bbox 1909 3600 2088 3671; x_wconf 81' lang='grc' dir='ltr'>μερῶν</span> <span class='ocrx_word' id='word_1_314' title='bbox 2109 3599 2240 3653; x_wconf 83' lang='grc' dir='ltr'>ἐκά-</span> 
     </span>
    </p>
   </div>
   <div class='ocr_carea' id='block_1_41' title="bbox 678 3677 2241 3753">
    <p class='ocr_par' dir='ltr' id='par_1_41' title="bbox 678 3677 2241 3753">
     <span class='ocr_line' id='line_1_41' title="bbox 678 3677 2241 3753; baseline 0.004 -22"><span class='ocrx_word' id='word_1_315' title='bbox 678 3695 805 3732; x_wconf 86' lang='grc' dir='ltr'>στου</span> <span class='ocrx_word' id='word_1_316' title='bbox 837 3688 860 3717; x_wconf 77' lang='grc' dir='ltr'><strong>ο</strong></span> <span class='ocrx_word' id='word_1_317' title='bbox 893 3679 986 3734; x_wconf 81' lang='grc' dir='ltr'>καὶ</span> <span class='ocrx_word' id='word_1_318' title='bbox 1017 3678 1117 3750; x_wconf 83' lang='grc' dir='ltr'>τήν</span> <span class='ocrx_word' id='word_1_319' title='bbox 1146 3678 1436 3733; x_wconf 61' lang='grc' dir='ltr'>ἀνάλυσιν</span> <span class='ocrx_word' id='word_1_320' title='bbox 1466 3677 1607 3732; x_wconf 81' lang='grc' dir='ltr'>οὕτω</span> <span class='ocrx_word' id='word_1_321' title='bbox 1633 3680 1728 3734; x_wconf 80' lang='grc' dir='ltr'>καὶ</span> <span class='ocrx_word' id='word_1_322' title='bbox 1760 3680 1821 3733; x_wconf 90' lang='lat'>10</span> <span class='ocrx_word' id='word_1_323' title='bbox 1861 3682 2078 3753; x_wconf 89' lang='grc' dir='ltr'>πνεῦμα</span> <span class='ocrx_word' id='word_1_324' title='bbox 2116 3684 2241 3737; x_wconf 79' lang='grc' dir='ltr'>ὅταν</span> 
     </span>
    </p>
   </div>
   <div class='ocr_carea' id='block_1_42' title="bbox 678 3760 2240 3838">
    <p class='ocr_par' dir='ltr' id='par_1_42' title="bbox 678 3760 2240 3838">
     <span class='ocr_line' id='line_1_42' title="bbox 678 3760 2240 3838; baseline 0.004 -25"><span class='ocrx_word' id='word_1_325' title='bbox 678 3760 883 3833; x_wconf 73' lang='grc' dir='ltr'>ἐρημον</span> <span class='ocrx_word' id='word_1_326' title='bbox 918 3760 1193 3833; x_wconf 73' lang='grc' dir='ltr'>καταλίπῃ</span> <span class='ocrx_word' id='word_1_327' title='bbox 1232 3762 1327 3815; x_wconf 69' lang='grc' dir='ltr'>καὶ</span> <span class='ocrx_word' id='word_1_328' title='bbox 1354 3761 1416 3816; x_wconf 86' lang='lat'>10</span> <span class='ocrx_word' id='word_1_329' title='bbox 1450 3762 1616 3838; x_wconf 63' lang='grc' dir='ltr'>σῶμα</span> <span class='ocrx_word' id='word_1_330' title='bbox 1644 3764 1737 3817; x_wconf 82' lang='grc' dir='ltr'>καὶ</span> <span class='ocrx_word' id='word_1_331' title='bbox 1765 3763 1863 3835; x_wconf 79' lang='grc' dir='ltr'>τήν</span> <span class='ocrx_word' id='word_1_332' title='bbox 1891 3765 2093 3837; x_wconf 80' lang='grc' dir='ltr'>ψυχὴν,</span> <span class='ocrx_word' id='word_1_333' title='bbox 2123 3768 2240 3838; x_wconf 87' lang='grc' dir='ltr'>χεί-</span> 
     </span>
    </p>
   </div>
   <div class='ocr_carea' id='block_1_43' title="bbox 680 3824 2240 3919">
    <p class='ocr_par' dir='ltr' id='par_1_43' title="bbox 680 3824 2240 3919">
     <span class='ocr_line' id='line_1_43' title="bbox 680 3824 2240 3919; baseline 0.005 -23"><span class='ocrx_word' id='word_1_334' title='bbox 680 3824 799 3914; x_wconf 39' lang='grc' dir='ltr'>ρων.</span> <span class='ocrx_word' id='word_1_335' title='bbox 843 3843 1051 3912; x_wconf 81' lang='grc' dir='ltr'>γίνεται</span> <span class='ocrx_word' id='word_1_336' title='bbox 1106 3824 1199 3897; x_wconf 63' lang='grc' dir='ltr'>καί.</span> <span class='ocrx_word' id='word_1_337' title='bbox 1241 3843 1442 3914; x_wconf 85' lang='grc' dir='ltr'>μείζων</span> <span class='ocrx_word' id='word_1_338' title='bbox 1475 3824 1840 3916; x_wconf 54' lang='grc' dir='ltr'>ήέἰδέχθειαξ</span> <span class='ocrx_word' id='word_1_339' title='bbox 2026 3824 2240 3916; x_wconf 55' lang='grc' dir='ltr'>’τὲίῖυη</span> 
     </span>
    </p>
   </div>
   <div class='ocr_carea' id='block_1_44' title="bbox 678 3926 2243 4001">
    <p class='ocr_par' dir='ltr' id='par_1_44' title="bbox 678 3926 2243 4001">
     <span class='ocr_line' id='line_1_44' title="bbox 678 3926 2243 4001; baseline 0.003 -21"><span class='ocrx_word' id='word_1_340' title='bbox 678 3927 866 3998; x_wconf 74' lang='grc' dir='ltr'>ἐπειδὴ</span> <span class='ocrx_word' id='word_1_341' title='bbox 907 3927 1006 3997; x_wconf 80' lang='grc' dir='ltr'>τῆς</span> <span class='ocrx_word' id='word_1_342' title='bbox 1033 3926 1209 3998; x_wconf 76' lang='grc' dir='ltr'>ψυχῆς</span> <span class='ocrx_word' id='word_1_343' title='bbox 1243 3927 1461 3983; x_wconf 78' lang='grc' dir='ltr'>ἔλαττον</span> <span class='ocrx_word' id='word_1_344' title='bbox 1497 3928 1558 3981; x_wconf 92' lang='lat'>10</span> <span class='ocrx_word' id='word_1_345' title='bbox 1609 3931 1789 4001; x_wconf 85' lang='grc' dir='ltr'>σῶμα,</span> <span class='ocrx_word' id='word_1_346' title='bbox 1821 3932 2017 3996; x_wconf 76' lang='grc' dir='ltr'>κάκιζε</span> <span class='ocrx_word' id='word_1_347' title='bbox 2066 3932 2243 3991; x_wconf 83' lang='grc' dir='ltr'>τοῦτο.</span> 
     </span>
    </p>
   </div>
   <div class='ocr_carea' id='block_1_45' title="bbox 679 4010 2244 4090">
    <p class='ocr_par' dir='ltr' id='par_1_45' title="bbox 679 4010 2244 4090">
     <span class='ocr_line' id='line_1_45' title="bbox 679 4010 2244 4090; baseline 0.005 -27"><span class='ocrx_word' id='word_1_348' title='bbox 679 4010 816 4064; x_wconf 77' lang='grc' dir='ltr'>Οὑδέ</span> <span class='ocrx_word' id='word_1_349' title='bbox 847 4010 955 4083; x_wconf 84' lang='grc' dir='ltr'>γὰρ</span> <span class='ocrx_word' id='word_1_350' title='bbox 988 4010 1099 4081; x_wconf 86' lang='grc' dir='ltr'>ἐγὼ</span> <span class='ocrx_word' id='word_1_351' title='bbox 1126 4012 1225 4084; x_wconf 81' lang='grc' dir='ltr'>τὴν</span> <span class='ocrx_word' id='word_1_352' title='bbox 1242 4012 1420 4085; x_wconf 77' lang='grc' dir='ltr'>ψυχὴν</span> <span class='ocrx_word' id='word_1_353' title='bbox 1450 4013 1697 4081; x_wconf 79' lang='grc' dir='ltr'>κακίζειν</span> <span class='ocrx_word' id='word_1_354' title='bbox 1723 4016 1985 4087; x_wconf 76' lang='grc' dir='ltr'>ἀνέχομαι</span> <span class='ocrx_word' id='word_1_355' title='bbox 2010 4057 2025 4081; x_wconf 91' lang='grc'>,</span> <span class='ocrx_word' id='word_1_356' title='bbox 2057 4018 2244 4090; x_wconf 83' lang='grc' dir='ltr'>ἐπειδὴ</span> 
     </span>
    </p>
   </div>
   <div class='ocr_carea' id='block_1_46' title="bbox 679 4092 2244 4170">
    <p class='ocr_par' dir='ltr' id='par_1_46' title="bbox 679 4092 2244 4170">
     <span class='ocr_line' id='line_1_46' title="bbox 679 4092 2244 4170; baseline 0.004 -24"><span class='ocrx_word' id='word_1_357' title='bbox 679 4092 775 4146; x_wconf 89' lang='grc' dir='ltr'>τοῦ</span> <span class='ocrx_word' id='word_1_358' title='bbox 828 4094 1138 4164; x_wconf 85' lang='grc' dir='ltr'>πνεύματος</span> <span class='ocrx_word' id='word_1_359' title='bbox 1189 4094 1338 4149; x_wconf 78' lang='grc' dir='ltr'>οὐδὲν</span> <span class='ocrx_word' id='word_1_360' title='bbox 1380 4095 1555 4166; x_wconf 86' lang='grc' dir='ltr'>ἰσχύει</span> <span class='ocrx_word' id='word_1_361' title='bbox 1602 4097 1791 4169; x_wconf 87' lang='grc' dir='ltr'>χωρίς.</span> <span class='ocrx_word' id='word_1_362' title='bbox 1831 4099 1894 4152; x_wconf 87' lang='grc' dir='ltr'>Εἰ</span> <span class='ocrx_word' id='word_1_363' title='bbox 1948 4098 2005 4152; x_wconf 84' lang='grc' dir='ltr'>δὲ</span> <span class='ocrx_word' id='word_1_364' title='bbox 2035 4100 2141 4170; x_wconf 84' lang='grc' dir='ltr'>χρή</span> <span class='ocrx_word' id='word_1_365' title='bbox 2191 4117 2244 4153; x_wconf 90' lang='grc' dir='ltr'>τι</span> 
     </span>
    </p>
   </div>
   <div class='ocr_carea' id='block_1_47' title="bbox 681 4174 2244 4252">
    <p class='ocr_par' dir='ltr' id='par_1_47' title="bbox 681 4174 2244 4252">
     <span class='ocr_line' id='line_1_47' title="bbox 681 4174 2244 4252; baseline 0.004 -24"><span class='ocrx_word' id='word_1_366' title='bbox 681 4176 877 4242; x_wconf 82' lang='grc' dir='ltr'>εἰπεῖν,</span> <span class='ocrx_word' id='word_1_367' title='bbox 919 4174 1163 4247; x_wconf 75' lang='grc' dir='ltr'>μείζονάς</span> <span class='ocrx_word' id='word_1_368' title='bbox 1195 4178 1310 4231; x_wconf 86' lang='grc' dir='ltr'>ἐστι</span> <span class='ocrx_word' id='word_1_369' title='bbox 1359 4180 1693 4249; x_wconf 83' lang='grc' dir='ltr'>κατηγορίας</span> <span class='ocrx_word' id='word_1_370' title='bbox 1732 4180 1856 4246; x_wconf 79' lang='grc' dir='ltr'>ἀξία</span> <span class='ocrx_word' id='word_1_371' title='bbox 1893 4182 1925 4251; x_wconf 94' lang='grc' dir='ltr'>ή</span> <span class='ocrx_word' id='word_1_372' title='bbox 1957 4181 2123 4252; x_wconf 77' lang='grc' dir='ltr'>ψυχή.</span> <span class='ocrx_word' id='word_1_373' title='bbox 2167 4181 2244 4235; x_wconf 85' lang='grc' dir='ltr'><strong>Τὸ</strong></span> 
     </span>
    </p>
   </div>
   <div class='ocr_carea' id='block_1_48' title="bbox 684 4258 2253 4334">
    <p class='ocr_par' dir='ltr' id='par_1_48' title="bbox 684 4258 2253 4334">
     <span class='ocr_line' id='line_1_48' title="bbox 684 4258 2253 4334; baseline 0.004 -22"><span class='ocrx_word' id='word_1_374' title='bbox 684 4259 785 4330; x_wconf 70' lang='grc' dir='ltr'>μὲν</span> <span class='ocrx_word' id='word_1_375' title='bbox 818 4259 929 4331; x_wconf 81' lang='lat'>709</span> <span class='ocrx_word' id='word_1_376' title='bbox 962 4258 1124 4331; x_wconf 81' lang='grc' dir='ltr'>σῶμα</span> <span class='ocrx_word' id='word_1_377' title='bbox 1155 4260 1308 4314; x_wconf 76' lang='grc' dir='ltr'>οὐδὲν</span> <span class='ocrx_word' id='word_1_378' title='bbox 1342 4260 1470 4315; x_wconf 77' lang='grc' dir='ltr'>ἄνευ</span> <span class='ocrx_word' id='word_1_379' title='bbox 1515 4262 1613 4332; x_wconf 79' lang='grc' dir='ltr'>τῆς</span> <span class='ocrx_word' id='word_1_380' title='bbox 1647 4262 1826 4333; x_wconf 78' lang='grc' dir='ltr'>ψυχῆς</span> <span class='ocrx_word' id='word_1_381' title='bbox 1864 4265 2158 4334; x_wconf 84' lang='grc' dir='ltr'>ἐργάσαιτο</span> <span class='ocrx_word' id='word_1_382' title='bbox 2188 4266 2253 4318; x_wconf 88' lang='grc' dir='ltr'>ἂν</span> 
     </span>
    </p>
   </div>
   <div class='ocr_carea' id='block_1_49' title="bbox 656 4440 1633 4530">
    <p class='ocr_par' dir='ltr' id='par_1_49' title="bbox 656 4440 1633 4530">
     <span class='ocr_line' id='line_1_49' title="bbox 656 4440 1633 4530; baseline 0.005 -25"><span class='ocrx_word' id='word_1_383' title='bbox 656 4516 657 4519; x_wconf 21' lang='grc' dir='ltr'>η</span> <span class='ocrx_word' id='word_1_384' title='bbox 750 4460 1019 4530; x_wconf 56' lang='grc' dir='ltr'>ξριιυρξυε</span> <span class='ocrx_word' id='word_1_385' title='bbox 1038 4440 1258 4530; x_wconf 60' lang='lat' dir='ltr'>c_0_njicii,</span> <span class='ocrx_word' id='word_1_386' title='bbox 1276 4462 1537 4530; x_wconf 60' lang='grc' dir='ltr'>ἐργάσαιτο</span> <span class='ocrx_word' id='word_1_387' title='bbox 1558 4461 1633 4510; x_wconf 75' lang='grc' dir='ltr'>ἄν.</span> 
     </span>
    </p>
   </div>
   <div class='ocr_carea' id='block_1_50' title="bbox 686 4520 2261 4632">
    <p class='ocr_par' dir='ltr' id='par_1_50' title="bbox 686 4520 2261 4632">
     <span class='ocr_line' id='line_1_50' title="bbox 750 4520 2261 4589; baseline 0.002 -20"><span class='ocrx_word' id='word_1_388' title='bbox 750 4522 772 4549; x_wconf 70' lang='grc' dir='ltr'><strong>ε</strong></span> <span class='ocrx_word' id='word_1_389' title='bbox 794 4520 886 4589; x_wconf 67' lang='lat' dir='ltr'>Hk;</span> <span class='ocrx_word' id='word_1_390' title='bbox 919 4520 1200 4573; x_wconf 62' lang='lat' dir='ltr'>Morelllina</span> <span class='ocrx_word' id='word_1_391' title='bbox 1229 4520 1382 4573; x_wconf 64' lang='lat' dir='ltr'>édi&#39;u&#39;o</span> <span class='ocrx_word' id='word_1_392' title='bbox 1426 4528 1615 4586; x_wconf 79' lang='lat' dir='ltr'>partem</span> <span class='ocrx_word' id='word_1_393' title='bbox 1648 4520 1837 4586; x_wconf 85' lang='lat' dir='ltr'>periodi</span> <span class='ocrx_word' id='word_1_394' title='bbox 1867 4524 1927 4572; x_wconf 84' lang='grc' dir='ltr'>δι’</span> <span class='ocrx_word' id='word_1_395' title='bbox 1959 4524 2261 4586; x_wconf 52' lang='lat' dir='ltr'>woman;-</span> 
     </span>
     <span class='ocr_line' id='line_1_51' title="bbox 686 4588 1042 4632; baseline 0.003 -2"><span class='ocrx_word' id='word_1_396' title='bbox 686 4599 767 4631; x_wconf 68' lang='grc' dir='ltr'>τον</span> <span class='ocrx_word' id='word_1_397' title='bbox 791 4588 1042 4632; x_wconf 68' lang='grc' dir='ltr'>οωιεθηι.</span> 
     </span>
    </p>
   </div>
   <div class='ocr_carea' id='block_1_51' title="bbox 2338 470 3899 548">
    <p class='ocr_par' dir='ltr' id='par_1_51' title="bbox 2338 470 3899 548">
     <span class='ocr_line' id='line_1_52' title="bbox 2338 470 3899 548; baseline -0.004 -19"><span class='ocrx_word' id='word_1_398' title='bbox 2338 476 2531 542; x_wconf 83' lang='grc' dir='ltr'>δεινὸν,</span> <span class='ocrx_word' id='word_1_399' title='bbox 2566 480 2597 548; x_wconf 88' lang='grc' dir='ltr'>ή</span> <span class='ocrx_word' id='word_1_400' title='bbox 2643 477 2698 529; x_wconf 82' lang='grc' dir='ltr'>δὲ</span> <span class='ocrx_word' id='word_1_401' title='bbox 2733 477 2879 548; x_wconf 67' lang='grc' dir='ltr'>ψυχή</span> <span class='ocrx_word' id='word_1_402' title='bbox 2916 476 3079 529; x_wconf 78' lang='grc' dir='ltr'>πολλὰ</span> <span class='ocrx_word' id='word_1_403' title='bbox 3126 474 3292 544; x_wconf 69' lang='grc' dir='ltr'>χωρὶς</span> <span class='ocrx_word' id='word_1_404' title='bbox 3332 471 3423 524; x_wconf 88' lang='grc' dir='ltr'>τοῦ</span> <span class='ocrx_word' id='word_1_405' title='bbox 3479 470 3761 542; x_wconf 82' lang='grc' dir='ltr'>σώματος’</span> <span class='ocrx_word' id='word_1_406' title='bbox 3809 474 3899 525; x_wconf 77' lang='grc' dir='ltr'>καὶ</span> 
     </span>
    </p>
   </div>
   <div class='ocr_carea' id='block_1_52' title="bbox 2338 552 3901 631">
    <p class='ocr_par' dir='ltr' id='par_1_52' title="bbox 2338 552 3901 631">
     <span class='ocr_line' id='line_1_53' title="bbox 2338 552 3901 631; baseline -0.004 -20"><span class='ocrx_word' id='word_1_407' title='bbox 2338 560 2447 631; x_wconf 84' lang='grc' dir='ltr'>γὰρ</span> <span class='ocrx_word' id='word_1_408' title='bbox 2480 562 2573 612; x_wconf 79' lang='grc' dir='ltr'>καὶ</span> <span class='ocrx_word' id='word_1_409' title='bbox 2601 561 2905 628; x_wconf 74' lang='grc' dir='ltr'>τηκομένου</span> <span class='ocrx_word' id='word_1_410' title='bbox 2921 558 3134 620; x_wconf 83' lang='grc' dir='ltr'>τούτου,</span> <span class='ocrx_word' id='word_1_411' title='bbox 3156 554 3323 608; x_wconf 83' lang='grc' dir='ltr'>καὶού</span> <span class='ocrx_word' id='word_1_412' title='bbox 3349 552 3701 623; x_wconf 81' lang='grc' dir='ltr'>σκιρτῶντος,</span> <span class='ocrx_word' id='word_1_413' title='bbox 3731 553 3901 607; x_wconf 72' lang='grc' dir='ltr'>πολλὰ</span> 
     </span>
    </p>
   </div>
   <div class='ocr_carea' id='block_1_53' title="bbox 2339 636 3900 710">
    <p class='ocr_par' dir='ltr' id='par_1_53' title="bbox 2339 636 3900 710">
     <span class='ocr_line' id='line_1_54' title="bbox 2339 636 3900 710; baseline -0.003 -19"><span class='ocrx_word' id='word_1_414' title='bbox 2339 639 2628 706; x_wconf 88' lang='grc' dir='ltr'>ἐργάζεται</span> <span class='ocrx_word' id='word_1_415' title='bbox 2645 640 2826 710; x_wconf 82' lang='grc' dir='ltr'>ἐκείνη</span> <span class='ocrx_word' id='word_1_416' title='bbox 2844 656 2859 670; x_wconf 75' lang='grc' dir='ltr'><strong><em>ο</em></strong></span> <span class='ocrx_word' id='word_1_417' title='bbox 2881 640 3127 708; x_wconf 81' lang='grc' dir='ltr'>καθάπερ</span> <span class='ocrx_word' id='word_1_418' title='bbox 3144 640 3191 689; x_wconf 84' lang='grc' dir='ltr'>οῖ</span> <span class='ocrx_word' id='word_1_419' title='bbox 3206 636 3395 704; x_wconf 82' lang='grc' dir='ltr'>γόητες</span> <span class='ocrx_word' id='word_1_420' title='bbox 3412 637 3631 697; x_wconf 62' lang='grc' dir='ltr'>ἐκεῖνοι,</span> <span class='ocrx_word' id='word_1_421' title='bbox 3648 638 3698 688; x_wconf 85' lang='grc' dir='ltr'>οἰ</span> <span class='ocrx_word' id='word_1_422' title='bbox 3718 636 3900 706; x_wconf 80' lang='grc' dir='ltr'>μάγοι,</span> 
     </span>
    </p>
   </div>
   <div class='ocr_carea' id='block_1_54' title="bbox 2338 717 3900 791">
    <p class='ocr_par' dir='ltr' id='par_1_54' title="bbox 2338 717 3900 791">
     <span class='ocr_line' id='line_1_55' title="bbox 2338 717 3900 791; baseline -0.003 -18"><span class='ocrx_word' id='word_1_423' title='bbox 2338 725 2386 774; x_wconf 86' lang='grc' dir='ltr'>οί</span> <span class='ocrx_word' id='word_1_424' title='bbox 2418 722 2756 789; x_wconf 80' lang='grc' dir='ltr'>φθονοῦντες,</span> <span class='ocrx_word' id='word_1_425' title='bbox 2791 724 2841 775; x_wconf 88' lang='grc' dir='ltr'>οί</span> <span class='ocrx_word' id='word_1_426' title='bbox 2870 722 3169 791; x_wconf 61' lang='grc' dir='ltr'>φαρμακοὶ,</span> <span class='ocrx_word' id='word_1_427' title='bbox 3207 718 3438 787; x_wconf 78' lang='grc' dir='ltr'>μάλιστα</span> <span class='ocrx_word' id='word_1_428' title='bbox 3470 718 3728 788; x_wconf 85' lang='grc' dir='ltr'>τήκουσιν</span> <span class='ocrx_word' id='word_1_429' title='bbox 3751 717 3900 770; x_wconf 78' lang='grc' dir='ltr'>αὑτό.</span> 
     </span>
    </p>
   </div>
   <div class='ocr_carea' id='block_1_55' title="bbox 2342 798 3903 874">
    <p class='ocr_par' dir='ltr' id='par_1_55' title="bbox 2342 798 3903 874">
     <span class='ocr_line' id='line_1_56' title="bbox 2342 798 3903 874; baseline -0.003 -19"><span class='ocrx_word' id='word_1_430' title='bbox 2342 802 2550 866; x_wconf 80' lang='grc' dir='ltr'>Ἀλλως</span> <span class='ocrx_word' id='word_1_431' title='bbox 2582 804 2637 856; x_wconf 85' lang='grc' dir='ltr'>δὲ</span> <span class='ocrx_word' id='word_1_432' title='bbox 2669 804 2792 857; x_wconf 77' lang='grc' dir='ltr'>οὐδέ</span> <span class='ocrx_word' id='word_1_433' title='bbox 2820 805 2852 874; x_wconf 87' lang='grc' dir='ltr'>ή</span> <span class='ocrx_word' id='word_1_434' title='bbox 2880 801 3059 872; x_wconf 74' lang='grc' dir='ltr'>τρυφὴ</span> <span class='ocrx_word' id='word_1_435' title='bbox 3089 803 3184 870; x_wconf 88' lang='grc' dir='ltr'>τῆς</span> <span class='ocrx_word' id='word_1_436' title='bbox 3221 799 3313 852; x_wconf 89' lang='grc' dir='ltr'>τοῦ</span> <span class='ocrx_word' id='word_1_437' title='bbox 3358 798 3612 867; x_wconf 86' lang='grc' dir='ltr'>σώματος</span> <span class='ocrx_word' id='word_1_438' title='bbox 3654 799 3903 866; x_wconf 79' lang='grc' dir='ltr'>ἀνάγκης</span> 
     </span>
    </p>
   </div>
   <div class='ocr_carea' id='block_1_56' title="bbox 2336 880 3905 957">
    <p class='ocr_par' dir='ltr' id='par_1_56' title="bbox 2336 880 3905 957">
     <span class='ocr_line' id='line_1_57' title="bbox 2336 880 3905 957; baseline 0.002 -19"><span class='ocrx_word' id='word_1_439' title='bbox 2336 885 2502 949; x_wconf 74' lang='grc' dir='ltr'>ἐστὶν,</span> <span class='ocrx_word' id='word_1_440' title='bbox 2534 886 2668 938; x_wconf 81' lang='lat'><strong>0110</strong></span> <span class='ocrx_word' id='word_1_441' title='bbox 2688 886 2785 957; x_wconf 84' lang='grc' dir='ltr'>τῆς</span> <span class='ocrx_word' id='word_1_442' title='bbox 2806 884 3131 954; x_wconf 78' lang='grc' dir='ltr'>ἁπροσεξίας</span> <span class='ocrx_word' id='word_1_443' title='bbox 3158 882 3256 950; x_wconf 76' lang='grc' dir='ltr'>τῆς</span> <span class='ocrx_word' id='word_1_444' title='bbox 3281 880 3457 950; x_wconf 70' lang='grc' dir='ltr'>ψυχῆς</span> <span class='ocrx_word' id='word_1_445' title='bbox 3475 896 3490 911; x_wconf 84' lang='grc'><strong><em>⁸</em></strong></span> <span class='ocrx_word' id='word_1_446' title='bbox 3510 883 3543 950; x_wconf 77' lang='grc' dir='ltr'>ἡ</span> <span class='ocrx_word' id='word_1_447' title='bbox 3575 880 3686 949; x_wconf 82' lang='grc' dir='ltr'>γὰρ</span> <span class='ocrx_word' id='word_1_448' title='bbox 3707 882 3905 950; x_wconf 53' lang='grc' dir='ltr'>τροφὴι</span> 
     </span>
    </p>
   </div>
   <div class='ocr_carea' id='block_1_57' title="bbox 2336 962 3906 1039">
    <p class='ocr_par' dir='ltr' id='par_1_57' title="bbox 2336 962 3906 1039">
     <span class='ocr_line' id='line_1_58' title="bbox 2336 962 3906 1039; baseline -0.004 -19"><span class='ocrx_word' id='word_1_449' title='bbox 2336 969 2457 1038; x_wconf 68' lang='grc' dir='ltr'>οὐχὶ</span> <span class='ocrx_word' id='word_1_450' title='bbox 2484 971 2517 1039; x_wconf 90' lang='grc' dir='ltr'>ή</span> <span class='ocrx_word' id='word_1_451' title='bbox 2554 969 2753 1039; x_wconf 84' lang='grc' dir='ltr'>τρυφὴ,</span> <span class='ocrx_word' id='word_1_452' title='bbox 2794 968 2892 1037; x_wconf 80' lang='grc' dir='ltr'>τῆς</span> <span class='ocrx_word' id='word_1_453' title='bbox 2917 966 3011 1021; x_wconf 91' lang='grc' dir='ltr'>τοῦ</span> <span class='ocrx_word' id='word_1_454' title='bbox 3048 965 3298 1035; x_wconf 83' lang='grc' dir='ltr'>σώματος</span> <span class='ocrx_word' id='word_1_455' title='bbox 3332 964 3597 1032; x_wconf 82' lang='grc' dir='ltr'>ἀνάγκης.</span> <span class='ocrx_word' id='word_1_456' title='bbox 3646 962 3773 1014; x_wconf 69' lang='grc' dir='ltr'>Ἐὰν</span> <span class='ocrx_word' id='word_1_457' title='bbox 3799 963 3906 1031; x_wconf 69' lang='grc' dir='ltr'>γὰρ</span> 
     </span>
    </p>
   </div>
   <div class='ocr_carea' id='block_1_58' title="bbox 2337 1044 3907 1121">
    <p class='ocr_par' dir='ltr' id='par_1_58' title="bbox 2337 1044 3907 1121">
     <span class='ocr_line' id='line_1_59' title="bbox 2337 1044 3907 1121; baseline -0.004 -19"><span class='ocrx_word' id='word_1_458' title='bbox 2337 1051 2549 1121; x_wconf 88' lang='grc' dir='ltr'>θελήσω</span> <span class='ocrx_word' id='word_1_459' title='bbox 2588 1049 2813 1121; x_wconf 80' lang='grc' dir='ltr'>σφοδρὸν</span> <span class='ocrx_word' id='word_1_460' title='bbox 2848 1048 3111 1101; x_wconf 80' lang='grc' dir='ltr'>καθεῖναι</span> <span class='ocrx_word' id='word_1_461' title='bbox 3140 1046 3376 1117; x_wconf 84' lang='grc' dir='ltr'>χαλινὸν,</span> <span class='ocrx_word' id='word_1_462' title='bbox 3422 1044 3765 1112; x_wconf 78' lang='grc' dir='ltr'>ἐπεστόμισα</span> <span class='ocrx_word' id='word_1_463' title='bbox 3817 1044 3907 1095; x_wconf 82' lang='grc' dir='ltr'>τδν</span> 
     </span>
    </p>
   </div>
   <div class='ocr_carea' id='block_1_59' title="bbox 2340 1122 3910 1201">
    <p class='ocr_par' dir='ltr' id='par_1_59' title="bbox 2340 1122 3910 1201">
     <span class='ocr_line' id='line_1_60' title="bbox 2340 1122 3910 1201; baseline -0.003 -18"><span class='ocrx_word' id='word_1_464' title='bbox 2340 1132 2506 1185; x_wconf 82' lang='grc' dir='ltr'>ῖππον</span> <span class='ocrx_word' id='word_1_465' title='bbox 2526 1146 2539 1158; x_wconf 87' lang='grc'><em>’</em></span> <span class='ocrx_word' id='word_1_466' title='bbox 2571 1132 2633 1184; x_wconf 88' lang='lat'>10</span> <span class='ocrx_word' id='word_1_467' title='bbox 2657 1132 2713 1184; x_wconf 78' lang='grc' dir='ltr'>δέ</span> <span class='ocrx_word' id='word_1_468' title='bbox 2738 1130 2894 1201; x_wconf 85' lang='grc' dir='ltr'>σῶμα</span> <span class='ocrx_word' id='word_1_469' title='bbox 2922 1130 3021 1199; x_wconf 83' lang='grc' dir='ltr'>τὴν</span> <span class='ocrx_word' id='word_1_470' title='bbox 3052 1128 3231 1197; x_wconf 81' lang='grc' dir='ltr'>ψυχὴν</span> <span class='ocrx_word' id='word_1_471' title='bbox 3257 1125 3641 1180; x_wconf 83' lang='grc' dir='ltr'>καταστέλλειν</span> <span class='ocrx_word' id='word_1_472' title='bbox 3665 1126 3726 1177; x_wconf 82' lang='grc' dir='ltr'>οὐ</span> <span class='ocrx_word' id='word_1_473' title='bbox 3747 1122 3910 1178; x_wconf 82' lang='grc' dir='ltr'>δύνα-</span> 
     </span>
    </p>
   </div>
   <div class='ocr_carea' id='block_1_60' title="bbox 2335 1204 3910 1282">
    <p class='ocr_par' dir='ltr' id='par_1_60' title="bbox 2335 1204 3910 1282">
     <span class='ocr_line' id='line_1_61' title="bbox 2335 1204 3910 1282; baseline -0.007 -15"><span class='ocrx_word' id='word_1_474' title='bbox 2335 1231 2427 1267; x_wconf 90' lang='grc' dir='ltr'>ται</span> <span class='ocrx_word' id='word_1_475' title='bbox 2459 1217 2517 1267; x_wconf 89' lang='grc' dir='ltr'>ἐν</span> <span class='ocrx_word' id='word_1_476' title='bbox 2545 1216 2657 1277; x_wconf 85' lang='grc' dir='ltr'>τοῖς</span> <span class='ocrx_word' id='word_1_477' title='bbox 2682 1214 2854 1282; x_wconf 85' lang='grc' dir='ltr'>αὐτῆς</span> <span class='ocrx_word' id='word_1_478' title='bbox 2876 1214 3087 1273; x_wconf 83' lang='grc' dir='ltr'>κακοῖς.</span> <span class='ocrx_word' id='word_1_479' title='bbox 3115 1210 3274 1274; x_wconf 89' lang='grc' dir='ltr'>Τίνος</span> <span class='ocrx_word' id='word_1_480' title='bbox 3301 1204 3393 1263; x_wconf 80' lang='grc' dir='ltr'>οὖν</span> <span class='ocrx_word' id='word_1_481' title='bbox 3427 1208 3614 1260; x_wconf 72' lang='grc' dir='ltr'>ἐνεκεν</span> <span class='ocrx_word' id='word_1_482' title='bbox 3648 1207 3910 1275; x_wconf 72' lang='grc' dir='ltr'>φρόνημα</span> 
     </span>
    </p>
   </div>
   <div class='ocr_carea' id='block_1_61' title="bbox 2337 1288 3909 1364">
    <p class='ocr_par' dir='ltr' id='par_1_61' title="bbox 2337 1288 3909 1364">
     <span class='ocr_line' id='line_1_62' title="bbox 2337 1288 3909 1364; baseline -0.005 -17"><span class='ocrx_word' id='word_1_483' title='bbox 2337 1295 2471 1348; x_wconf 80' lang='grc' dir='ltr'>αὐτὸ</span> <span class='ocrx_word' id='word_1_484' title='bbox 2500 1294 2703 1364; x_wconf 81' lang='grc' dir='ltr'>σαρκὸς</span> <span class='ocrx_word' id='word_1_485' title='bbox 2750 1294 2933 1357; x_wconf 70' lang='grc' dir='ltr'>καλεῖς</span> <span class='ocrx_word' id='word_1_486' title='bbox 2971 1292 3094 1344; x_wconf 82' lang='grc' dir='ltr'>Ὀτι</span> <span class='ocrx_word' id='word_1_487' title='bbox 3145 1292 3243 1360; x_wconf 82' lang='grc' dir='ltr'>τῆς</span> <span class='ocrx_word' id='word_1_488' title='bbox 3275 1290 3478 1361; x_wconf 79' lang='grc' dir='ltr'>σαρκὸς</span> <span class='ocrx_word' id='word_1_489' title='bbox 3523 1288 3645 1341; x_wconf 83' lang='grc' dir='ltr'>ὅλον</span> <span class='ocrx_word' id='word_1_490' title='bbox 3672 1288 3909 1356; x_wconf 84' lang='grc' dir='ltr'>γίνεται.</span> 
     </span>
    </p>
   </div>
   <div class='ocr_carea' id='block_1_62' title="bbox 2339 1366 3910 1447">
    <p class='ocr_par' dir='ltr' id='par_1_62' title="bbox 2339 1366 3910 1447">
     <span class='ocr_line' id='line_1_63' title="bbox 2339 1366 3910 1447; baseline -0.006 -19"><span class='ocrx_word' id='word_1_491' title='bbox 2339 1376 2507 1431; x_wconf 82' lang='grc' dir='ltr'>Ὅταν</span> <span class='ocrx_word' id='word_1_492' title='bbox 2530 1375 2638 1447; x_wconf 89' lang='lat'>709</span> <span class='ocrx_word' id='word_1_493' title='bbox 2668 1374 2805 1445; x_wconf 80' lang='grc' dir='ltr'>αῦτη</span> <span class='ocrx_word' id='word_1_494' title='bbox 2833 1374 3104 1445; x_wconf 86' lang='grc' dir='ltr'>κρατήσῃ.</span> <span class='ocrx_word' id='word_1_495' title='bbox 3134 1373 3255 1424; x_wconf 74' lang='grc' dir='ltr'>τότε</span> <span class='ocrx_word' id='word_1_496' title='bbox 3283 1366 3554 1441; x_wconf 75' lang='grc' dir='ltr'>ἥμαρτεν,</span> <span class='ocrx_word' id='word_1_497' title='bbox 3593 1368 3723 1422; x_wconf 79' lang='grc' dir='ltr'>ὅταν</span> <span class='ocrx_word' id='word_1_498' title='bbox 3770 1368 3910 1437; x_wconf 79' lang='grc' dir='ltr'>ἀφέ-</span> 
     </span>
    </p>
   </div>
   <div class='ocr_carea' id='block_1_63' title="bbox 2336 1450 3916 1526">
    <p class='ocr_par' dir='ltr' id='par_1_63' title="bbox 2336 1450 3916 1526">
     <span class='ocr_line' id='line_1_64' title="bbox 2336 1450 3916 1526; baseline -0.004 -17"><span class='ocrx_word' id='word_1_499' title='bbox 2336 1456 2497 1525; x_wconf 88' lang='grc' dir='ltr'>ληται</span> <span class='ocrx_word' id='word_1_500' title='bbox 2532 1458 2622 1511; x_wconf 80' lang='grc' dir='ltr'>τὸν</span> <span class='ocrx_word' id='word_1_501' title='bbox 2655 1457 2780 1511; x_wconf 88' lang='grc' dir='ltr'>νοῦν</span> <span class='ocrx_word' id='word_1_502' title='bbox 2812 1456 2906 1510; x_wconf 61' lang='grc' dir='ltr'>καὶ⁸</span> <span class='ocrx_word' id='word_1_503' title='bbox 2932 1457 3032 1526; x_wconf 75' lang='grc' dir='ltr'>τὴν</span> <span class='ocrx_word' id='word_1_504' title='bbox 3060 1455 3235 1526; x_wconf 83' lang='grc' dir='ltr'>ἀρχὴν</span> <span class='ocrx_word' id='word_1_505' title='bbox 3264 1458 3361 1526; x_wconf 79' lang='grc' dir='ltr'>τῆς</span> <span class='ocrx_word' id='word_1_506' title='bbox 3386 1452 3588 1523; x_wconf 73' lang='grc' dir='ltr'>ψυχῆς.</span> <span class='ocrx_word' id='word_1_507' title='bbox 3607 1450 3825 1505; x_wconf 83' lang='grc' dir='ltr'>Οὐκοῦν</span> <span class='ocrx_word' id='word_1_508' title='bbox 3854 1452 3916 1503; x_wconf 81' lang='grc' dir='ltr'>ἐν</span> 
     </span>
    </p>
   </div>
   <div class='ocr_carea' id='block_1_64' title="bbox 2336 1533 3913 1610">
    <p class='ocr_par' dir='ltr' id='par_1_64' title="bbox 2336 1533 3913 1610">
     <span class='ocr_line' id='line_1_65' title="bbox 2336 1533 3913 1610; baseline -0.004 -18"><span class='ocrx_word' id='word_1_509' title='bbox 2336 1539 2511 1610; x_wconf 86' lang='grc' dir='ltr'>τούτῳ</span> <span class='ocrx_word' id='word_1_510' title='bbox 2549 1540 2583 1609; x_wconf 87' lang='grc' dir='ltr'>ή</span> <span class='ocrx_word' id='word_1_511' title='bbox 2621 1538 2791 1610; x_wconf 81' lang='grc' dir='ltr'>ἁρετὴ</span> <span class='ocrx_word' id='word_1_512' title='bbox 2822 1536 3218 1604; x_wconf 76' lang='grc' dir='ltr'>τοῦσώματος,</span> <span class='ocrx_word' id='word_1_513' title='bbox 3249 1537 3307 1588; x_wconf 89' lang='grc' dir='ltr'>ἐν</span> <span class='ocrx_word' id='word_1_514' title='bbox 3333 1535 3411 1604; x_wconf 91' lang='grc' dir='ltr'>τῷ</span> <span class='ocrx_word' id='word_1_515' title='bbox 3442 1535 3613 1603; x_wconf 68' lang='grc' dir='ltr'>εἴκειν</span> <span class='ocrx_word' id='word_1_516' title='bbox 3638 1536 3703 1605; x_wconf 76' lang='grc' dir='ltr'>τῇ</span> <span class='ocrx_word' id='word_1_517' title='bbox 3736 1533 3913 1603; x_wconf 74' lang='grc' dir='ltr'>ψυχῇ.</span> 
     </span>
    </p>
   </div>
   <div class='ocr_carea' id='block_1_65' title="bbox 2339 1614 3916 1689">
    <p class='ocr_par' dir='ltr' id='par_1_65' title="bbox 2339 1614 3916 1689">
     <span class='ocr_line' id='line_1_66' title="bbox 2339 1614 3916 1689; baseline -0.005 -15"><span class='ocrx_word' id='word_1_518' title='bbox 2339 1620 2461 1674; x_wconf 75' lang='grc' dir='ltr'>ἐπεὶ</span> <span class='ocrx_word' id='word_1_519' title='bbox 2490 1620 2609 1673; x_wconf 73' lang='grc' dir='ltr'>καθ’</span> <span class='ocrx_word' id='word_1_520' title='bbox 2647 1622 2842 1689; x_wconf 76' lang='grc' dir='ltr'>ἑαυτὴν</span> <span class='ocrx_word' id='word_1_521' title='bbox 2895 1617 3019 1672; x_wconf 74' lang='grc' dir='ltr'>οὔτε</span> <span class='ocrx_word' id='word_1_522' title='bbox 3066 1617 3205 1687; x_wconf 85' lang='grc' dir='ltr'>καλὴ</span> <span class='ocrx_word' id='word_1_523' title='bbox 3232 1615 3355 1669; x_wconf 78' lang='grc' dir='ltr'>οὔτε</span> <span class='ocrx_word' id='word_1_524' title='bbox 3385 1617 3553 1687; x_wconf 87' lang='grc' dir='ltr'>κακή.</span> <span class='ocrx_word' id='word_1_525' title='bbox 3588 1614 3653 1667; x_wconf 89' lang='grc' dir='ltr'>Τί</span> <span class='ocrx_word' id='word_1_526' title='bbox 3698 1614 3813 1684; x_wconf 83' lang='grc' dir='ltr'>γὰρ</span> <span class='ocrx_word' id='word_1_527' title='bbox 3849 1616 3916 1668; x_wconf 75' lang='grc' dir='ltr'>ἂν</span> 
     </span>
    </p>
   </div>
   <div class='ocr_carea' id='block_1_66' title="bbox 2341 1698 3919 1773">
    <p class='ocr_par' dir='ltr' id='par_1_66' title="bbox 2341 1698 3919 1773">
     <span class='ocr_line' id='line_1_67' title="bbox 2341 1698 3919 1773; baseline -0.003 -19"><span class='ocrx_word' id='word_1_528' title='bbox 2341 1704 2632 1773; x_wconf 85' lang='grc' dir='ltr'>ἐργάσαιτο</span> <span class='ocrx_word' id='word_1_529' title='bbox 2660 1705 2721 1754; x_wconf 87' lang='grc' dir='ltr'>τδ</span> <span class='ocrx_word' id='word_1_530' title='bbox 2758 1702 2920 1771; x_wconf 84' lang='grc' dir='ltr'>σῶμα</span> <span class='ocrx_word' id='word_1_531' title='bbox 2958 1701 3079 1754; x_wconf 82' lang='grc' dir='ltr'>καθ’</span> <span class='ocrx_word' id='word_1_532' title='bbox 3109 1699 3298 1763; x_wconf 80' lang='grc' dir='ltr'>ἐαυτός</span> <span class='ocrx_word' id='word_1_533' title='bbox 3331 1699 3496 1751; x_wconf 81' lang='grc' dir='ltr'>Ὥστε</span> <span class='ocrx_word' id='word_1_534' title='bbox 3537 1700 3603 1768; x_wconf 72' lang='grc' dir='ltr'>τῇ</span> <span class='ocrx_word' id='word_1_535' title='bbox 3644 1698 3919 1767; x_wconf 79' lang='grc' dir='ltr'>συναφείᾳ</span> 
     </span>
    </p>
   </div>
   <div class='ocr_carea' id='block_1_67' title="bbox 2341 1778 3916 1853">
    <p class='ocr_par' dir='ltr' id='par_1_67' title="bbox 2341 1778 3916 1853">
     <span class='ocr_line' id='line_1_68' title="bbox 2341 1778 3916 1853; baseline -0.004 -16"><span class='ocrx_word' id='word_1_536' title='bbox 2341 1784 2505 1837; x_wconf 85' lang='grc' dir='ltr'>καλὸν</span> <span class='ocrx_word' id='word_1_537' title='bbox 2532 1784 2594 1837; x_wconf 86' lang='lat'>10</span> <span class='ocrx_word' id='word_1_538' title='bbox 2623 1783 2802 1853; x_wconf 81' lang='grc' dir='ltr'>σῶμα,</span> <span class='ocrx_word' id='word_1_539' title='bbox 2845 1783 3009 1836; x_wconf 80' lang='grc' dir='ltr'>καλὸν</span> <span class='ocrx_word' id='word_1_540' title='bbox 3042 1781 3130 1835; x_wconf 83' lang='grc' dir='ltr'>διὰ</span> <span class='ocrx_word' id='word_1_541' title='bbox 3152 1781 3251 1852; x_wconf 82' lang='grc' dir='ltr'>τὴν</span> <span class='ocrx_word' id='word_1_542' title='bbox 3284 1781 3586 1849; x_wconf 78' lang='grc' dir='ltr'>ὑποταγὴν,</span> <span class='ocrx_word' id='word_1_543' title='bbox 3627 1780 3755 1832; x_wconf 76' lang='grc' dir='ltr'>ἐπεὶ</span> <span class='ocrx_word' id='word_1_544' title='bbox 3787 1778 3916 1832; x_wconf 83' lang='grc' dir='ltr'>καθ’</span> 
     </span>
    </p>
   </div>
   <div class='ocr_carea' id='block_1_68' title="bbox 2341 1863 3919 1935">
    <p class='ocr_par' dir='ltr' id='par_1_68' title="bbox 2341 1863 3919 1935">
     <span class='ocr_line' id='line_1_69' title="bbox 2341 1863 3919 1935; baseline -0.006 -13"><span class='ocrx_word' id='word_1_545' title='bbox 2341 1868 2502 1922; x_wconf 76' lang='grc' dir='ltr'>ἑαυτὸ</span> <span class='ocrx_word' id='word_1_546' title='bbox 2526 1867 2648 1920; x_wconf 78' lang='grc' dir='ltr'>οὔτε</span> <span class='ocrx_word' id='word_1_547' title='bbox 2672 1867 2857 1931; x_wconf 83' lang='grc' dir='ltr'>καλὸν,</span> <span class='ocrx_word' id='word_1_548' title='bbox 2880 1865 2939 1919; x_wconf 73' lang='grc' dir='ltr'>οὗ</span> <span class='ocrx_word' id='word_1_549' title='bbox 2952 1884 3001 1920; x_wconf 82' lang='grc' dir='ltr'>τε</span> <span class='ocrx_word' id='word_1_550' title='bbox 3030 1866 3221 1929; x_wconf 84' lang='grc' dir='ltr'>κακὸν,</span> <span class='ocrx_word' id='word_1_551' title='bbox 3254 1866 3348 1918; x_wconf 71' lang='grc' dir='ltr'>καὶ</span> <span class='ocrx_word' id='word_1_552' title='bbox 3375 1865 3510 1935; x_wconf 81' lang='grc' dir='ltr'>πρὸς</span> <span class='ocrx_word' id='word_1_553' title='bbox 3536 1863 3696 1916; x_wconf 90' lang='grc' dir='ltr'>τοῦτο</span> <span class='ocrx_word' id='word_1_554' title='bbox 3714 1864 3798 1925; x_wconf 76' lang='grc' dir='ltr'>δὲ,</span> <span class='ocrx_word' id='word_1_555' title='bbox 3823 1863 3919 1915; x_wconf 74' lang='grc' dir='ltr'>καὶ</span> 
     </span>
    </p>
   </div>
   <div class='ocr_carea' id='block_1_69' title="bbox 2341 1943 3920 2021">
    <p class='ocr_par' dir='ltr' id='par_1_69' title="bbox 2341 1943 3920 2021">
     <span class='ocr_line' id='line_1_70' title="bbox 2341 1943 3920 2021; baseline -0.003 -19"><span class='ocrx_word' id='word_1_556' title='bbox 2341 1950 2476 2021; x_wconf 83' lang='grc' dir='ltr'>πρὸς</span> <span class='ocrx_word' id='word_1_557' title='bbox 2494 1951 2671 2002; x_wconf 89' lang='grc' dir='ltr'>ἐκεῖνο</span> <span class='ocrx_word' id='word_1_558' title='bbox 2696 1948 3017 2021; x_wconf 68' lang='grc' dir='ltr'>ἐπιτήδειον,</span> <span class='ocrx_word' id='word_1_559' title='bbox 3048 1948 3128 2010; x_wconf 89' lang='grc' dir='ltr'>εἰς</span> <span class='ocrx_word' id='word_1_560' title='bbox 3154 1949 3390 2017; x_wconf 79' lang='grc' dir='ltr'>ἑκάτερα</span> <span class='ocrx_word' id='word_1_561' title='bbox 3427 1944 3525 2015; x_wconf 77' lang='grc' dir='ltr'>τὴν</span> <span class='ocrx_word' id='word_1_562' title='bbox 3567 1945 3741 2013; x_wconf 77' lang='grc' dir='ltr'>ῥοπὴν</span> <span class='ocrx_word' id='word_1_563' title='bbox 3765 1943 3920 2013; x_wconf 68' lang='grc' dir='ltr'>ἔχον.</span> 
     </span>
    </p>
   </div>
   <div class='ocr_carea' id='block_1_70' title="bbox 2342 2024 3923 2101">
    <p class='ocr_par' dir='ltr' id='par_1_70' title="bbox 2342 2024 3923 2101">
     <span class='ocr_line' id='line_1_71' title="bbox 2342 2024 3923 2101; baseline -0.005 -18"><span class='ocrx_word' id='word_1_564' title='bbox 2342 2030 2415 2083; x_wconf 84' lang='grc' dir='ltr'>Τὸ</span> <span class='ocrx_word' id='word_1_565' title='bbox 2453 2030 2611 2101; x_wconf 86' lang='grc' dir='ltr'>σῶμα</span> <span class='ocrx_word' id='word_1_566' title='bbox 2640 2024 3064 2099; x_wconf 67' lang='grc' dir='ltr'>ἐπιθυμεῖ,““άλλ’</span> <span class='ocrx_word' id='word_1_567' title='bbox 3102 2029 3164 2081; x_wconf 82' lang='grc' dir='ltr'>οὐ</span> <span class='ocrx_word' id='word_1_568' title='bbox 3195 2026 3453 2098; x_wconf 84' lang='grc' dir='ltr'>πορνείας</span> <span class='ocrx_word' id='word_1_569' title='bbox 3483 2026 3602 2078; x_wconf 74' lang='grc' dir='ltr'>οὐδὲ</span> <span class='ocrx_word' id='word_1_570' title='bbox 3641 2026 3923 2095; x_wconf 81' lang='grc' dir='ltr'>μοιχείας,</span> 
     </span>
    </p>
   </div>
   <div class='ocr_carea' id='block_1_71' title="bbox 2340 2109 3923 2183">
    <p class='ocr_par' dir='ltr' id='par_1_71' title="bbox 2340 2109 3923 2183">
     <span class='ocr_line' id='line_1_72' title="bbox 2340 2109 3923 2183; baseline -0.003 -18"><span class='ocrx_word' id='word_1_571' title='bbox 2340 2112 2475 2166; x_wconf 82' lang='grc' dir='ltr'>ἀλλὰ</span> <span class='ocrx_word' id='word_1_572' title='bbox 2512 2113 2740 2183; x_wconf 76' lang='grc' dir='ltr'>μίξεωςο</span> <span class='ocrx_word' id='word_1_573' title='bbox 2780 2112 2841 2165; x_wconf 89' lang='lat'>10</span> <span class='ocrx_word' id='word_1_574' title='bbox 2877 2111 3038 2181; x_wconf 85' lang='grc' dir='ltr'>σῶμα</span> <span class='ocrx_word' id='word_1_575' title='bbox 3087 2112 3362 2180; x_wconf 83' lang='grc' dir='ltr'>ἐπιθυμεῖ,</span> <span class='ocrx_word' id='word_1_576' title='bbox 3396 2110 3458 2161; x_wconf 72' lang='grc' dir='ltr'>οὔ</span> <span class='ocrx_word' id='word_1_577' title='bbox 3488 2112 3721 2178; x_wconf 76' lang='grc' dir='ltr'>τρυφῆς,</span> <span class='ocrx_word' id='word_1_578' title='bbox 3775 2109 3923 2161; x_wconf 81' lang='grc' dir='ltr'>ἀλλὰ</span> 
     </span>
    </p>
   </div>
   <div class='ocr_carea' id='block_1_72' title="bbox 2340 2191 3925 2267">
    <p class='ocr_par' dir='ltr' id='par_1_72' title="bbox 2340 2191 3925 2267">
     <span class='ocr_line' id='line_1_73' title="bbox 2340 2191 3925 2267; baseline -0.004 -17"><span class='ocrx_word' id='word_1_579' title='bbox 2340 2198 2565 2267; x_wconf 79' lang='grc' dir='ltr'>τροφῆς,</span> <span class='ocrx_word' id='word_1_580' title='bbox 2599 2196 2661 2249; x_wconf 81' lang='grc' dir='ltr'>οὐ</span> <span class='ocrx_word' id='word_1_581' title='bbox 2690 2194 2880 2266; x_wconf 83' lang='grc' dir='ltr'>μέθης,</span> <span class='ocrx_word' id='word_1_582' title='bbox 2912 2194 3047 2247; x_wconf 84' lang='grc' dir='ltr'>ἀλλὰ</span> <span class='ocrx_word' id='word_1_583' title='bbox 3072 2193 3257 2246; x_wconf 89' lang='grc' dir='ltr'>ποτοῦ.</span> <span class='ocrx_word' id='word_1_584' title='bbox 3293 2194 3415 2245; x_wconf 82' lang='grc' dir='ltr'>Ὅτι</span> <span class='ocrx_word' id='word_1_585' title='bbox 3440 2191 3547 2260; x_wconf 84' lang='grc' dir='ltr'>γὰρ</span> <span class='ocrx_word' id='word_1_586' title='bbox 3575 2191 3671 2259; x_wconf 78' lang='grc' dir='ltr'>οὐχ</span> <span class='ocrx_word' id='word_1_587' title='bbox 3693 2194 3728 2259; x_wconf 91' lang='grc' dir='ltr'>ή</span> <span class='ocrx_word' id='word_1_588' title='bbox 3775 2192 3925 2261; x_wconf 84' lang='grc' dir='ltr'>μέθη</span> 
     </span>
    </p>
   </div>
   <div class='ocr_carea' id='block_1_73' title="bbox 2340 2268 3924 2347">
    <p class='ocr_par' dir='ltr' id='par_1_73' title="bbox 2340 2268 3924 2347">
     <span class='ocr_line' id='line_1_74' title="bbox 2340 2268 3924 2347; baseline -0.003 -18"><span class='ocrx_word' id='word_1_589' title='bbox 2340 2278 2432 2329; x_wconf 89' lang='grc' dir='ltr'>τοῦ</span> <span class='ocrx_word' id='word_1_590' title='bbox 2458 2276 2704 2347; x_wconf 86' lang='grc' dir='ltr'>σώματός</span> <span class='ocrx_word' id='word_1_591' title='bbox 2736 2277 2881 2329; x_wconf 86' lang='grc' dir='ltr'>ἐστιν</span> <span class='ocrx_word' id='word_1_592' title='bbox 2908 2275 3203 2345; x_wconf 86' lang='grc' dir='ltr'>ἐπιθυμία,</span> <span class='ocrx_word' id='word_1_593' title='bbox 3241 2268 3432 2326; x_wconf 84' lang='grc' dir='ltr'>σκόπει</span> <span class='ocrx_word' id='word_1_594' title='bbox 3454 2272 3567 2333; x_wconf 82' lang='grc' dir='ltr'>πῶς</span> <span class='ocrx_word' id='word_1_595' title='bbox 3588 2287 3602 2302; x_wconf 77' lang='grc'><strong><em>⁸</em></strong></span> <span class='ocrx_word' id='word_1_596' title='bbox 3636 2273 3737 2324; x_wconf 84' lang='grc' dir='ltr'>οὐκ</span> <span class='ocrx_word' id='word_1_597' title='bbox 3759 2273 3924 2325; x_wconf 83' lang='grc' dir='ltr'>ἀντέ-</span> 
     </span>
    </p>
   </div>
   <div class='ocr_carea' id='block_1_74' title="bbox 2342 2352 3929 2427">
    <p class='ocr_par' dir='ltr' id='par_1_74' title="bbox 2342 2352 3929 2427">
     <span class='ocr_line' id='line_1_75' title="bbox 2342 2352 3929 2427; baseline -0.002 -18"><span class='ocrx_word' id='word_1_598' title='bbox 2342 2375 2425 2427; x_wconf 82' lang='grc' dir='ltr'>χει</span> <span class='ocrx_word' id='word_1_599' title='bbox 2460 2358 2665 2423; x_wconf 81' lang='grc' dir='ltr'>λοιπὸν,</span> <span class='ocrx_word' id='word_1_600' title='bbox 2710 2358 2837 2411; x_wconf 85' lang='grc' dir='ltr'>ὅταν</span> <span class='ocrx_word' id='word_1_601' title='bbox 2866 2355 3112 2427; x_wconf 65' lang='grc' dir='ltr'>ὑπρῦῇς</span> <span class='ocrx_word' id='word_1_602' title='bbox 3143 2356 3204 2407; x_wconf 83' lang='grc' dir='ltr'>τὸ</span> <span class='ocrx_word' id='word_1_603' title='bbox 3256 2355 3478 2425; x_wconf 79' lang='grc' dir='ltr'>μέτρον,</span> <span class='ocrx_word' id='word_1_604' title='bbox 3513 2354 3641 2405; x_wconf 85' lang='grc' dir='ltr'>ὅταν</span> <span class='ocrx_word' id='word_1_605' title='bbox 3673 2352 3744 2405; x_wconf 81' lang='grc' dir='ltr'>τὰ</span> <span class='ocrx_word' id='word_1_606' title='bbox 3794 2353 3929 2425; x_wconf 82' lang='grc' dir='ltr'>ὅρια</span> 
     </span>
    </p>
   </div>
   <div class='ocr_carea' id='block_1_75' title="bbox 2340 2434 3929 2512">
    <p class='ocr_par' dir='ltr' id='par_1_75' title="bbox 2340 2434 3929 2512">
     <span class='ocr_line' id='line_1_76' title="bbox 2340 2434 3929 2512; baseline -0.006 -17"><span class='ocrx_word' id='word_1_607' title='bbox 2340 2441 2571 2512; x_wconf 79' lang='grc' dir='ltr'>νικήσῃς</span> <span class='ocrx_word' id='word_1_608' title='bbox 2606 2441 2674 2494; x_wconf 85' lang='grc' dir='ltr'>τὰ</span> <span class='ocrx_word' id='word_1_609' title='bbox 2702 2440 2796 2492; x_wconf 88' lang='grc' dir='ltr'>τοῦ</span> <span class='ocrx_word' id='word_1_610' title='bbox 2840 2438 3089 2507; x_wconf 86' lang='grc' dir='ltr'>σώματος</span> <span class='ocrx_word' id='word_1_611' title='bbox 3110 2454 3125 2468; x_wconf 88' lang='grc'><strong>·</strong></span> <span class='ocrx_word' id='word_1_612' title='bbox 3178 2437 3301 2489; x_wconf 76' lang='grc' dir='ltr'>ἐπεὶ</span> <span class='ocrx_word' id='word_1_613' title='bbox 3329 2436 3397 2489; x_wconf 89' lang='lat'>10</span> <span class='ocrx_word' id='word_1_614' title='bbox 3430 2435 3565 2489; x_wconf 76' lang='grc' dir='ltr'>ἄλλα</span> <span class='ocrx_word' id='word_1_615' title='bbox 3602 2434 3801 2487; x_wconf 68' lang='grc' dir='ltr'>πάντα</span> <span class='ocrx_word' id='word_1_616' title='bbox 3823 2436 3929 2506; x_wconf 82' lang='grc' dir='ltr'>τῆς</span> 
     </span>
    </p>
   </div>
   <div class='ocr_carea' id='block_1_76' title="bbox 2339 2516 3928 2593">
    <p class='ocr_par' dir='ltr' id='par_1_76' title="bbox 2339 2516 3928 2593">
     <span class='ocr_line' id='line_1_77' title="bbox 2339 2516 3928 2593; baseline -0.004 -18"><span class='ocrx_word' id='word_1_617' title='bbox 2339 2522 2518 2593; x_wconf 78' lang='grc' dir='ltr'>ψυχῆς</span> <span class='ocrx_word' id='word_1_618' title='bbox 2572 2523 2740 2587; x_wconf 88' lang='grc' dir='ltr'>ἐστιν,</span> <span class='ocrx_word' id='word_1_619' title='bbox 2772 2516 2883 2574; x_wconf 75' lang='grc' dir='ltr'>οἷον</span> <span class='ocrx_word' id='word_1_620' title='bbox 2921 2522 3050 2573; x_wconf 84' lang='grc' dir='ltr'>ὅταν</span> <span class='ocrx_word' id='word_1_621' title='bbox 3097 2521 3177 2582; x_wconf 90' lang='grc' dir='ltr'>εἰς</span> <span class='ocrx_word' id='word_1_622' title='bbox 3229 2516 3467 2588; x_wconf 81' lang='grc' dir='ltr'>σαρκικὰ</span> <span class='ocrx_word' id='word_1_623' title='bbox 3500 2516 3928 2587; x_wconf 83' lang='grc' dir='ltr'>καταφέρηται,</span> 
     </span>
    </p>
   </div>
   <div class='ocr_carea' id='block_1_77' title="bbox 2342 2598 3928 2673">
    <p class='ocr_par' dir='ltr' id='par_1_77' title="bbox 2342 2598 3928 2673">
     <span class='ocr_line' id='line_1_78' title="bbox 2342 2598 3928 2673; baseline -0.004 -16"><span class='ocrx_word' id='word_1_624' title='bbox 2342 2606 2470 2657; x_wconf 81' lang='grc' dir='ltr'>ὅταν</span> <span class='ocrx_word' id='word_1_625' title='bbox 2523 2606 2724 2672; x_wconf 81' lang='grc' dir='ltr'>παχεῖα</span> <span class='ocrx_word' id='word_1_626' title='bbox 2769 2602 3015 2673; x_wconf 78' lang='grc' dir='ltr'>γένηται.</span> <span class='ocrx_word' id='word_1_627' title='bbox 3047 2602 3109 2654; x_wconf 87' lang='grc' dir='ltr'>Εἰ</span> <span class='ocrx_word' id='word_1_628' title='bbox 3134 2602 3242 2671; x_wconf 81' lang='grc' dir='ltr'>γὰρ</span> <span class='ocrx_word' id='word_1_629' title='bbox 3282 2600 3376 2653; x_wconf 73' lang='grc' dir='ltr'>καὶ</span> <span class='ocrx_word' id='word_1_630' title='bbox 3419 2598 3584 2651; x_wconf 87' lang='grc' dir='ltr'>καλὸν</span> <span class='ocrx_word' id='word_1_631' title='bbox 3626 2599 3691 2650; x_wconf 83' lang='lat'>10</span> <span class='ocrx_word' id='word_1_632' title='bbox 3730 2600 3928 2667; x_wconf 82' lang='grc' dir='ltr'>σῶμα,</span> 
     </span>
    </p>
   </div>
   <div class='ocr_carea' id='block_1_78' title="bbox 2343 2676 3932 2756">
    <p class='ocr_par' dir='ltr' id='par_1_78' title="bbox 2343 2676 3932 2756">
     <span class='ocr_line' id='line_1_79' title="bbox 2343 2676 3932 2756; baseline -0.004 -17"><span class='ocrx_word' id='word_1_633' title='bbox 2343 2686 2478 2739; x_wconf 81' lang='grc' dir='ltr'>ἀλλὰ</span> <span class='ocrx_word' id='word_1_634' title='bbox 2517 2686 2724 2756; x_wconf 80' lang='grc' dir='ltr'>σφόδρα</span> <span class='ocrx_word' id='word_1_635' title='bbox 2761 2682 2921 2755; x_wconf 82' lang='grc' dir='ltr'>ἦττον</span> <span class='ocrx_word' id='word_1_636' title='bbox 2947 2684 3043 2753; x_wconf 83' lang='grc' dir='ltr'>τῆς</span> <span class='ocrx_word' id='word_1_637' title='bbox 3074 2684 3270 2753; x_wconf 79' lang='grc' dir='ltr'>ψυχῆς.</span> <span class='ocrx_word' id='word_1_638' title='bbox 3309 2683 3521 2751; x_wconf 85' lang='grc' dir='ltr'>Ὠσπερ</span> <span class='ocrx_word' id='word_1_639' title='bbox 3555 2676 3645 2734; x_wconf 83' lang='grc' dir='ltr'>οῦν</span> <span class='ocrx_word' id='word_1_640' title='bbox 3676 2681 3869 2750; x_wconf 80' lang='grc' dir='ltr'>ήττων</span> <span class='ocrx_word' id='word_1_641' title='bbox 3901 2684 3932 2733; x_wconf 86' lang='grc' dir='ltr'>ὁ</span> 
     </span>
    </p>
   </div>
   <div class='ocr_carea' id='block_1_79' title="bbox 2347 2761 3931 2839">
    <p class='ocr_par' dir='ltr' id='par_1_79' title="bbox 2347 2761 3931 2839">
     <span class='ocr_line' id='line_1_80' title="bbox 2347 2761 3931 2839; baseline -0.004 -19"><span class='ocrx_word' id='word_1_642' title='bbox 2347 2767 2605 2839; x_wconf 77' lang='grc' dir='ltr'>μόλυϐδος</span> <span class='ocrx_word' id='word_1_643' title='bbox 2646 2784 2745 2837; x_wconf 65' lang='grc' dir='ltr'>χρυ</span> <span class='ocrx_word' id='word_1_644' title='bbox 2756 2767 2872 2829; x_wconf 88' lang='grc' dir='ltr'>σοῦ,</span> <span class='ocrx_word' id='word_1_645' title='bbox 2915 2766 3029 2818; x_wconf 83' lang='grc' dir='ltr'>ἀλλ’</span> <span class='ocrx_word' id='word_1_646' title='bbox 3051 2767 3198 2835; x_wconf 86' lang='grc' dir='ltr'>ὅμως</span> <span class='ocrx_word' id='word_1_647' title='bbox 3222 2763 3390 2816; x_wconf 84' lang='grc' dir='ltr'>δεῖται</span> <span class='ocrx_word' id='word_1_648' title='bbox 3414 2762 3509 2815; x_wconf 77' lang='grc' dir='ltr'>καὶ</span> <span class='ocrx_word' id='word_1_649' title='bbox 3537 2761 3631 2814; x_wconf 87' lang='grc' dir='ltr'>τοῦ</span> <span class='ocrx_word' id='word_1_650' title='bbox 3661 2761 3931 2830; x_wconf 80' lang='grc' dir='ltr'>μολίὸδου</span> 
     </span>
    </p>
   </div>
   <div class='ocr_carea' id='block_1_80' title="bbox 2342 2842 3934 2917">
    <p class='ocr_par' dir='ltr' id='par_1_80' title="bbox 2342 2842 3934 2917">
     <span class='ocr_line' id='line_1_81' title="bbox 2342 2842 3934 2917; baseline -0.006 -15"><span class='ocrx_word' id='word_1_651' title='bbox 2342 2850 2434 2902; x_wconf 87' lang='grc' dir='ltr'>τοῦ</span> <span class='ocrx_word' id='word_1_652' title='bbox 2478 2850 2913 2917; x_wconf 76' lang='grc' dir='ltr'>συγκολλῶντοςο</span> <span class='ocrx_word' id='word_1_653' title='bbox 2955 2846 3097 2899; x_wconf 79' lang='grc' dir='ltr'>οὕτω</span> <span class='ocrx_word' id='word_1_654' title='bbox 3148 2846 3229 2898; x_wconf 83' lang='grc' dir='ltr'>δεῖ</span> <span class='ocrx_word' id='word_1_655' title='bbox 3270 2846 3363 2898; x_wconf 74' lang='grc' dir='ltr'>καὶ</span> <span class='ocrx_word' id='word_1_656' title='bbox 3403 2843 3497 2896; x_wconf 89' lang='grc' dir='ltr'>τοῦ</span> <span class='ocrx_word' id='word_1_657' title='bbox 3552 2842 3813 2912; x_wconf 85' lang='grc' dir='ltr'>σώματος</span> <span class='ocrx_word' id='word_1_658' title='bbox 3859 2846 3934 2913; x_wconf 77' lang='grc' dir='ltr'>τῇ</span> 
     </span>
    </p>
   </div>
   <div class='ocr_carea' id='block_1_81' title="bbox 2342 2928 3933 3005">
    <p class='ocr_par' dir='ltr' id='par_1_81' title="bbox 2342 2928 3933 3005">
     <span class='ocr_line' id='line_1_82' title="bbox 2342 2928 3933 3005; baseline -0.004 -19"><span class='ocrx_word' id='word_1_659' title='bbox 2342 2937 2486 3005; x_wconf 65' lang='grc' dir='ltr'>ψυχῇ</span> <span class='ocrx_word' id='word_1_660' title='bbox 2510 2951 2523 2963; x_wconf 72' lang='grc' dir='ltr'><strong>ο</strong></span> <span class='ocrx_word' id='word_1_661' title='bbox 2571 2934 2603 3004; x_wconf 80' lang='grc' dir='ltr'>ἢ</span> <span class='ocrx_word' id='word_1_662' title='bbox 2636 2936 2825 3003; x_wconf 79' lang='grc' dir='ltr'>ὥσπερ</span> <span class='ocrx_word' id='word_1_663' title='bbox 2861 2933 3069 2986; x_wconf 85' lang='grc' dir='ltr'>παιδίον</span> <span class='ocrx_word' id='word_1_664' title='bbox 3118 2933 3264 2984; x_wconf 71' lang='grc' dir='ltr'>ἐστὶν</span> <span class='ocrx_word' id='word_1_665' title='bbox 3299 2930 3518 2999; x_wconf 73' lang='grc' dir='ltr'>εὐγενὲς</span> <span class='ocrx_word' id='word_1_666' title='bbox 3561 2928 3933 2997; x_wconf 87' lang='grc' dir='ltr'>παιδαγωγοῦ</span> 
     </span>
    </p>
   </div>
   <div class='ocr_carea' id='block_1_82' title="bbox 2343 3011 3938 3093">
    <p class='ocr_par' dir='ltr' id='par_1_82' title="bbox 2343 3011 3938 3093">
     <span class='ocr_line' id='line_1_83' title="bbox 2343 3011 3938 3093; baseline -0.004 -24"><span class='ocrx_word' id='word_1_667' title='bbox 2343 3018 2615 3087; x_wconf 87' lang='grc' dir='ltr'>δεόμενον,</span> <span class='ocrx_word' id='word_1_668' title='bbox 2644 3016 2785 3068; x_wconf 76' lang='grc' dir='ltr'>οὕτω</span> <span class='ocrx_word' id='word_1_669' title='bbox 2819 3015 2916 3068; x_wconf 78' lang='grc' dir='ltr'>καὶ</span> <span class='ocrx_word' id='word_1_670' title='bbox 2949 3017 2981 3083; x_wconf 88' lang='grc' dir='ltr'>ή</span> <span class='ocrx_word' id='word_1_671' title='bbox 3015 3013 3357 3093; x_wconf 41' lang='grc' dir='ltr'>ψυχὴκδεῖται</span> <span class='ocrx_word' id='word_1_672' title='bbox 3376 3011 3469 3066; x_wconf 89' lang='grc' dir='ltr'>τοῦ</span> <span class='ocrx_word' id='word_1_673' title='bbox 3503 3011 3780 3081; x_wconf 80' lang='grc' dir='ltr'>σώματος.</span> <span class='ocrx_word' id='word_1_674' title='bbox 3815 3012 3938 3063; x_wconf 77' lang='grc' dir='ltr'>Καὶ</span> 
     </span>
    </p>
   </div>
   <div class='ocr_carea' id='block_1_83' title="bbox 2347 3094 3934 3169">
    <p class='ocr_par' dir='ltr' id='par_1_83' title="bbox 2347 3094 3934 3169">
     <span class='ocr_line' id='line_1_84' title="bbox 2347 3094 3934 3169; baseline -0.003 -19"><span class='ocrx_word' id='word_1_675' title='bbox 2347 3098 2422 3169; x_wconf 86' lang='grc' dir='ltr'>μὴ</span> <span class='ocrx_word' id='word_1_676' title='bbox 2440 3098 2748 3169; x_wconf 79' lang='grc' dir='ltr'>θαυμάσῃς,</span> <span class='ocrx_word' id='word_1_677' title='bbox 2784 3098 2832 3148; x_wconf 90' lang='grc' dir='ltr'>εἰ</span> <span class='ocrx_word' id='word_1_678' title='bbox 2864 3097 3085 3149; x_wconf 88' lang='grc' dir='ltr'>τοιαῦτα</span> <span class='ocrx_word' id='word_1_679' title='bbox 3114 3096 3437 3165; x_wconf 85' lang='grc' dir='ltr'>παρήγαγον</span> <span class='ocrx_word' id='word_1_680' title='bbox 3464 3094 3934 3165; x_wconf 83' lang='grc' dir='ltr'>παραδείγματα.</span> 
     </span>
    </p>
   </div>
   <div class='ocr_carea' id='block_1_84' title="bbox 2346 3175 3941 3249">
    <p class='ocr_par' dir='ltr' id='par_1_84' title="bbox 2346 3175 3941 3249">
     <span class='ocr_line' id='line_1_85' title="bbox 2346 3175 3941 3249; baseline -0.003 -17"><span class='ocrx_word' id='word_1_681' title='bbox 2346 3180 2557 3249; x_wconf 80' lang='grc' dir='ltr'>Ὠσπερ</span> <span class='ocrx_word' id='word_1_682' title='bbox 2584 3178 2691 3249; x_wconf 86' lang='lat'>709</span> <span class='ocrx_word' id='word_1_683' title='bbox 2724 3177 2945 3232; x_wconf 66' lang='grc' dir='ltr'>παιδικὰ</span> <span class='ocrx_word' id='word_1_684' title='bbox 2974 3177 3276 3249; x_wconf 84' lang='grc' dir='ltr'>πράγματα</span> <span class='ocrx_word' id='word_1_685' title='bbox 3303 3176 3554 3245; x_wconf 87' lang='grc' dir='ltr'>λέγομεν,</span> <span class='ocrx_word' id='word_1_686' title='bbox 3584 3176 3642 3227; x_wconf 87' lang='grc' dir='ltr'>οὺ</span> <span class='ocrx_word' id='word_1_687' title='bbox 3677 3175 3779 3245; x_wconf 85' lang='grc' dir='ltr'>τὴν</span> <span class='ocrx_word' id='word_1_688' title='bbox 3812 3178 3941 3245; x_wconf 80' lang='grc' dir='ltr'>ἡλι-</span> 
     </span>
    </p>
   </div>
   <div class='ocr_carea' id='block_1_85' title="bbox 2347 3256 3939 3328">
    <p class='ocr_par' dir='ltr' id='par_1_85' title="bbox 2347 3256 3939 3328">
     <span class='ocr_line' id='line_1_86' title="bbox 2347 3256 3939 3328; baseline -0.003 -12"><span class='ocrx_word' id='word_1_689' title='bbox 2347 3262 2468 3316; x_wconf 86' lang='grc' dir='ltr'>κίαν</span> <span class='ocrx_word' id='word_1_690' title='bbox 2500 3260 2895 3327; x_wconf 81' lang='grc' dir='ltr'>διαὸάλλοντες,</span> <span class='ocrx_word' id='word_1_691' title='bbox 2939 3259 3076 3312; x_wconf 83' lang='grc' dir='ltr'>ἀλλὰ</span> <span class='ocrx_word' id='word_1_692' title='bbox 3102 3261 3170 3313; x_wconf 83' lang='grc' dir='ltr'>τὰ</span> <span class='ocrx_word' id='word_1_693' title='bbox 3213 3260 3332 3312; x_wconf 80' lang='grc' dir='ltr'>κατ’</span> <span class='ocrx_word' id='word_1_694' title='bbox 3371 3259 3543 3328; x_wconf 85' lang='grc' dir='ltr'>αὐτήν</span> <span class='ocrx_word' id='word_1_695' title='bbox 3569 3274 3582 3287; x_wconf 94' lang='grc'><strong>·</strong></span> <span class='ocrx_word' id='word_1_696' title='bbox 3630 3256 3779 3309; x_wconf 75' lang='grc' dir='ltr'>οὕτω</span> <span class='ocrx_word' id='word_1_697' title='bbox 3834 3260 3939 3311; x_wconf 73' lang='grc' dir='ltr'>καὶ</span> 
     </span>
    </p>
   </div>
   <div class='ocr_carea' id='block_1_86' title="bbox 2345 3336 3930 3415">
    <p class='ocr_par' dir='ltr' id='par_1_86' title="bbox 2345 3336 3930 3415">
     <span class='ocr_line' id='line_1_87' title="bbox 2345 3336 3930 3415; baseline -0.001 -19"><span class='ocrx_word' id='word_1_698' title='bbox 2345 3343 2593 3415; x_wconf 76' lang='grc' dir='ltr'>περὶτοῦ</span> <span class='ocrx_word' id='word_1_699' title='bbox 2640 3341 2912 3413; x_wconf 85' lang='grc' dir='ltr'>σώματος.</span> <span class='ocrx_word' id='word_1_700' title='bbox 2952 3342 3091 3395; x_wconf 86' lang='grc' dir='ltr'>Ἀλλ’</span> <span class='ocrx_word' id='word_1_701' title='bbox 3123 3341 3298 3395; x_wconf 77' lang='grc' dir='ltr'>ἔνεστι</span> <span class='ocrx_word' id='word_1_702' title='bbox 3340 3340 3414 3411; x_wconf 79' lang='grc' dir='ltr'>μὴ</span> <span class='ocrx_word' id='word_1_703' title='bbox 3451 3336 3590 3393; x_wconf 78' lang='grc' dir='ltr'>εἶναι</span> <span class='ocrx_word' id='word_1_704' title='bbox 3614 3340 3671 3393; x_wconf 84' lang='grc' dir='ltr'>ἐν</span> <span class='ocrx_word' id='word_1_705' title='bbox 3715 3344 3930 3414; x_wconf 75' lang='grc' dir='ltr'>σαρκὶ,</span> 
     </span>
    </p>
   </div>
   <div class='ocr_carea' id='block_1_87' title="bbox 2344 3422 3941 3496">
    <p class='ocr_par' dir='ltr' id='par_1_87' title="bbox 2344 3422 3941 3496">
     <span class='ocr_line' id='line_1_88' title="bbox 2344 3422 3941 3496; baseline -0.001 -16"><span class='ocrx_word' id='word_1_706' title='bbox 2344 3428 2410 3481; x_wconf 84' lang='grc' dir='ltr'>ἂν</span> <span class='ocrx_word' id='word_1_707' title='bbox 2445 3426 2713 3496; x_wconf 83' lang='grc' dir='ltr'>θέλωμεν,</span> <span class='ocrx_word' id='word_1_708' title='bbox 2751 3424 2937 3495; x_wconf 81' lang='grc' dir='ltr'>ὥσπερ</span> <span class='ocrx_word' id='word_1_709' title='bbox 2967 3424 3087 3477; x_wconf 77' lang='grc' dir='ltr'>οὐδὲ</span> <span class='ocrx_word' id='word_1_710' title='bbox 3114 3426 3171 3477; x_wconf 86' lang='grc' dir='ltr'>ὲν</span> <span class='ocrx_word' id='word_1_711' title='bbox 3204 3426 3268 3493; x_wconf 79' lang='grc' dir='ltr'>τῇ</span> <span class='ocrx_word' id='word_1_712' title='bbox 3294 3426 3387 3493; x_wconf 79' lang='grc' dir='ltr'>γῇ,</span> <span class='ocrx_word' id='word_1_713' title='bbox 3424 3423 3540 3474; x_wconf 79' lang='grc' dir='ltr'>ἀλλ’</span> <span class='ocrx_word' id='word_1_714' title='bbox 3571 3423 3627 3473; x_wconf 93' lang='grc' dir='ltr'>ἐν</span> <span class='ocrx_word' id='word_1_715' title='bbox 3662 3422 3941 3491; x_wconf 74' lang='grc' dir='ltr'>οὐρανοῖς</span> 
     </span>
    </p>
   </div>
   <div class='ocr_carea' id='block_1_88' title="bbox 2346 3500 3941 3581">
    <p class='ocr_par' dir='ltr' id='par_1_88' title="bbox 2346 3500 3941 3581">
     <span class='ocr_line' id='line_1_89' title="bbox 2346 3500 3941 3581; baseline -0.003 -18"><span class='ocrx_word' id='word_1_716' title='bbox 2346 3510 2438 3563; x_wconf 74' lang='grc' dir='ltr'>καὶ</span> <span class='ocrx_word' id='word_1_717' title='bbox 2466 3506 2583 3581; x_wconf 78' lang='grc'>[58]</span> <span class='ocrx_word' id='word_1_718' title='bbox 2608 3509 2666 3561; x_wconf 88' lang='grc' dir='ltr'>ἐν</span> <span class='ocrx_word' id='word_1_719' title='bbox 2690 3505 2985 3577; x_wconf 83' lang='grc' dir='ltr'>πνεύματι.</span> <span class='ocrx_word' id='word_1_720' title='bbox 3006 3507 3077 3559; x_wconf 85' lang='lat' dir='ltr'><strong>T0</strong></span> <span class='ocrx_word' id='word_1_721' title='bbox 3097 3506 3205 3576; x_wconf 86' lang='lat'>709</span> <span class='ocrx_word' id='word_1_722' title='bbox 3235 3500 3376 3557; x_wconf 77' lang='grc' dir='ltr'>εἷναί</span> <span class='ocrx_word' id='word_1_723' title='bbox 3408 3521 3532 3569; x_wconf 89' lang='grc' dir='ltr'>που,</span> <span class='ocrx_word' id='word_1_724' title='bbox 3557 3504 3655 3573; x_wconf 86' lang='grc' dir='ltr'>οὐχ</span> <span class='ocrx_word' id='word_1_725' title='bbox 3682 3502 3843 3558; x_wconf 82' lang='grc' dir='ltr'>οὕτω</span> <span class='ocrx_word' id='word_1_726' title='bbox 3863 3510 3941 3578; x_wconf 71' lang='grc' dir='ltr'>τῇ</span> 
     </span>
    </p>
   </div>
   <div class='ocr_carea' id='block_1_89' title="bbox 2346 3586 3945 3665">
    <p class='ocr_par' dir='ltr' id='par_1_89' title="bbox 2346 3586 3945 3665">
     <span class='ocr_line' id='line_1_90' title="bbox 2346 3586 3945 3665; baseline -0.003 -17"><span class='ocrx_word' id='word_1_727' title='bbox 2346 3595 2490 3647; x_wconf 86' lang='grc' dir='ltr'>θέσει</span> <span class='ocrx_word' id='word_1_728' title='bbox 2515 3596 2582 3665; x_wconf 73' lang='grc' dir='ltr'>τῇ</span> <span class='ocrx_word' id='word_1_729' title='bbox 2609 3594 2666 3645; x_wconf 82' lang='grc' dir='ltr'>ἐν</span> <span class='ocrx_word' id='word_1_730' title='bbox 2688 3590 2764 3663; x_wconf 83' lang='grc' dir='ltr'>τῷ</span> <span class='ocrx_word' id='word_1_731' title='bbox 2788 3591 2938 3661; x_wconf 87' lang='grc' dir='ltr'>τόπῳ</span> <span class='ocrx_word' id='word_1_732' title='bbox 2951 3590 3191 3660; x_wconf 81' lang='grc' dir='ltr'>λέγεται,</span> <span class='ocrx_word' id='word_1_733' title='bbox 3210 3588 3283 3653; x_wconf 85' lang='grc' dir='ltr'>ὼς</span> <span class='ocrx_word' id='word_1_734' title='bbox 3303 3592 3370 3659; x_wconf 78' lang='grc' dir='ltr'>τῇ</span> <span class='ocrx_word' id='word_1_735' title='bbox 3393 3588 3647 3642; x_wconf 78' lang='grc' dir='ltr'>διαθέσει.</span> <span class='ocrx_word' id='word_1_736' title='bbox 3679 3586 3945 3655; x_wconf 77' lang='grc' dir='ltr'>Πολλοὺς</span> 
     </span>
    </p>
   </div>
   <div class='ocr_carea' id='block_1_90' title="bbox 2345 3667 3946 3745">
    <p class='ocr_par' dir='ltr' id='par_1_90' title="bbox 2345 3667 3946 3745">
     <span class='ocr_line' id='line_1_91' title="bbox 2345 3667 3946 3745; baseline -0.003 -15"><span class='ocrx_word' id='word_1_737' title='bbox 2345 3675 2476 3745; x_wconf 87' lang='grc' dir='ltr'>γοῦν</span> <span class='ocrx_word' id='word_1_738' title='bbox 2513 3676 2676 3739; x_wconf 75' lang='grc' dir='ltr'>ὄντας</span> <span class='ocrx_word' id='word_1_739' title='bbox 2724 3691 2850 3738; x_wconf 88' lang='grc' dir='ltr'>που,</span> <span class='ocrx_word' id='word_1_740' title='bbox 2894 3674 3124 3743; x_wconf 87' lang='grc' dir='ltr'>λέγομεν</span> <span class='ocrx_word' id='word_1_741' title='bbox 3158 3671 3232 3743; x_wconf 79' lang='grc' dir='ltr'>μὴ</span> <span class='ocrx_word' id='word_1_742' title='bbox 3266 3667 3429 3737; x_wconf 81' lang='grc' dir='ltr'>εῖναι,</span> <span class='ocrx_word' id='word_1_743' title='bbox 3490 3670 3762 3737; x_wconf 78' lang='grc' dir='ltr'>λέγοντες,</span> <span class='ocrx_word' id='word_1_744' title='bbox 3811 3674 3946 3725; x_wconf 74' lang='grc' dir='ltr'>Οὐκ</span> 
     </span>
    </p>
   </div>
   <div class='ocr_carea' id='block_1_91' title="bbox 2345 3746 3947 3830">
    <p class='ocr_par' dir='ltr' id='par_1_91' title="bbox 2345 3746 3947 3830">
     <span class='ocr_line' id='line_1_92' title="bbox 2345 3746 3947 3830; baseline -0.003 -19"><span class='ocrx_word' id='word_1_745' title='bbox 2345 3754 2489 3830; x_wconf 84' lang='grc' dir='ltr'>ἦσθα</span> <span class='ocrx_word' id='word_1_746' title='bbox 2533 3755 2784 3811; x_wconf 81' lang='grc' dir='ltr'>ἐνταῦθα.</span> <span class='ocrx_word' id='word_1_747' title='bbox 2827 3746 2938 3810; x_wconf 75' lang='grc' dir='ltr'>Καὶ</span> <span class='ocrx_word' id='word_1_748' title='bbox 2965 3756 3018 3807; x_wconf 90' lang='grc' dir='ltr'>τί</span> <span class='ocrx_word' id='word_1_749' title='bbox 3044 3754 3188 3824; x_wconf 87' lang='grc' dir='ltr'>λέγω</span> <span class='ocrx_word' id='word_1_750' title='bbox 3215 3753 3419 3820; x_wconf 89' lang='grc' dir='ltr'>ταῦτα;</span> <span class='ocrx_word' id='word_1_751' title='bbox 3454 3752 3720 3815; x_wconf 85' lang='grc' dir='ltr'>Πολλάκις</span> <span class='ocrx_word' id='word_1_752' title='bbox 3759 3750 3947 3822; x_wconf 66' lang='grc' dir='ltr'>λόγος</span> 
     </span>
    </p>
   </div>
   <div class='ocr_carea' id='block_1_92' title="bbox 2353 3834 3948 3911">
    <p class='ocr_par' dir='ltr' id='par_1_92' title="bbox 2353 3834 3948 3911">
     <span class='ocr_line' id='line_1_93' title="bbox 2353 3834 3948 3911; baseline -0.002 -18"><span class='ocrx_word' id='word_1_753' title='bbox 2353 3857 2472 3911; x_wconf 89' lang='grc' dir='ltr'>μεν,</span> <span class='ocrx_word' id='word_1_754' title='bbox 2504 3840 2620 3893; x_wconf 82' lang='grc' dir='ltr'>Οὐκ</span> <span class='ocrx_word' id='word_1_755' title='bbox 2644 3835 2694 3891; x_wconf 79' lang='grc' dir='ltr'>εί</span> <span class='ocrx_word' id='word_1_756' title='bbox 2724 3840 2781 3891; x_wconf 84' lang='grc' dir='ltr'>ἐν</span> <span class='ocrx_word' id='word_1_757' title='bbox 2821 3835 3055 3907; x_wconf 82' lang='grc' dir='ltr'>σεαυτῷ,</span> <span class='ocrx_word' id='word_1_758' title='bbox 3086 3837 3200 3889; x_wconf 81' lang='grc' dir='ltr'>Οὐκ</span> <span class='ocrx_word' id='word_1_759' title='bbox 3226 3836 3343 3906; x_wconf 84' lang='grc' dir='ltr'>είμί</span> <span class='ocrx_word' id='word_1_760' title='bbox 3369 3839 3425 3889; x_wconf 89' lang='grc' dir='ltr'>ἐν</span> <span class='ocrx_word' id='word_1_761' title='bbox 3449 3834 3671 3906; x_wconf 81' lang='grc' dir='ltr'>ἐμαυτῷ</span> <span class='ocrx_word' id='word_1_762' title='bbox 3691 3849 3706 3862; x_wconf 83' lang='lat'>&#39;</span> <span class='ocrx_word' id='word_1_763' title='bbox 3738 3836 3948 3891; x_wconf 77' lang='grc' dir='ltr'>καίτοι</span> 
     </span>
    </p>
   </div>
   <div class='ocr_carea' id='block_1_93' title="bbox 2348 3917 3951 3993">
    <p class='ocr_par' dir='ltr' id='par_1_93' title="bbox 2348 3917 3951 3993">
     <span class='ocr_line' id='line_1_94' title="bbox 2348 3917 3951 3993; baseline -0.008 -17"><span class='ocrx_word' id='word_1_764' title='bbox 2348 3924 2403 3976; x_wconf 91' lang='grc' dir='ltr'>τί</span> <span class='ocrx_word' id='word_1_765' title='bbox 2440 3920 2897 3993; x_wconf 87' lang='grc' dir='ltr'>σωματικώτερον</span> <span class='ocrx_word' id='word_1_766' title='bbox 2931 3918 3147 3982; x_wconf 85' lang='grc' dir='ltr'>τούτου,</span> <span class='ocrx_word' id='word_1_767' title='bbox 3191 3919 3321 3972; x_wconf 83' lang='grc' dir='ltr'>ὅταν</span> <span class='ocrx_word' id='word_1_768' title='bbox 3360 3919 3521 3983; x_wconf 82' lang='grc' dir='ltr'>αὐτὸς</span> <span class='ocrx_word' id='word_1_769' title='bbox 3556 3917 3737 3986; x_wconf 79' lang='grc' dir='ltr'>ἐαυτῷ</span> <span class='ocrx_word' id='word_1_770' title='bbox 3786 3919 3951 3992; x_wconf 82' lang='grc' dir='ltr'>πλη-</span> 
     </span>
    </p>
   </div>
   <div class='ocr_carea' id='block_1_94' title="bbox 2352 3998 3948 4075">
    <p class='ocr_par' dir='ltr' id='par_1_94' title="bbox 2352 3998 3948 4075">
     <span class='ocr_line' id='line_1_95' title="bbox 2352 3998 3948 4075; baseline -0.001 -17"><span class='ocrx_word' id='word_1_771' title='bbox 2352 4005 2548 4075; x_wconf 84' lang='grc' dir='ltr'>σιάζῃ;</span> <span class='ocrx_word' id='word_1_772' title='bbox 2580 4005 2695 4058; x_wconf 85' lang='grc' dir='ltr'>ἀλλ’</span> <span class='ocrx_word' id='word_1_773' title='bbox 2735 4004 2883 4074; x_wconf 83' lang='grc' dir='ltr'>ὅμως</span> <span class='ocrx_word' id='word_1_774' title='bbox 2921 4004 2983 4056; x_wconf 81' lang='grc' dir='ltr'>οὐ</span> <span class='ocrx_word' id='word_1_775' title='bbox 3026 4002 3203 4073; x_wconf 75' lang='grc' dir='ltr'>φαμὲν</span> <span class='ocrx_word' id='word_1_776' title='bbox 3240 4002 3404 4055; x_wconf 83' lang='grc' dir='ltr'>αὐτὸν</span> <span class='ocrx_word' id='word_1_777' title='bbox 3438 3998 3579 4055; x_wconf 78' lang='grc' dir='ltr'>εἶναι</span> <span class='ocrx_word' id='word_1_778' title='bbox 3611 4003 3669 4054; x_wconf 83' lang='grc' dir='ltr'>ἐν</span> <span class='ocrx_word' id='word_1_779' title='bbox 3715 4001 3948 4074; x_wconf 79' lang='grc' dir='ltr'>ἐαυτῷ.</span> 
     </span>
    </p>
   </div>
   <div class='ocr_carea' id='block_1_95' title="bbox 2351 4081 3954 4157">
    <p class='ocr_par' dir='ltr' id='par_1_95' title="bbox 2351 4081 3954 4157">
     <span class='ocr_line' id='line_1_96' title="bbox 2351 4081 3954 4157; baseline -0.002 -16"><span class='ocrx_word' id='word_1_780' title='bbox 2351 4086 2648 4157; x_wconf 82' lang='grc' dir='ltr'>Γενώμεθα</span> <span class='ocrx_word' id='word_1_781' title='bbox 2676 4086 2856 4139; x_wconf 92' lang='grc' dir='ltr'>τοίνυν</span> <span class='ocrx_word' id='word_1_782' title='bbox 2890 4086 2947 4137; x_wconf 89' lang='grc' dir='ltr'>ἐν</span> <span class='ocrx_word' id='word_1_783' title='bbox 2987 4085 3225 4149; x_wconf 87' lang='grc' dir='ltr'>ἐαυτοῖς,</span> <span class='ocrx_word' id='word_1_784' title='bbox 3258 4085 3317 4137; x_wconf 84' lang='grc' dir='ltr'>ἐν</span> <span class='ocrx_word' id='word_1_785' title='bbox 3346 4084 3425 4153; x_wconf 85' lang='grc' dir='ltr'>τῷ</span> <span class='ocrx_word' id='word_1_786' title='bbox 3466 4081 3700 4153; x_wconf 81' lang='grc' dir='ltr'>οὐρανῷ,</span> <span class='ocrx_word' id='word_1_787' title='bbox 3737 4083 3809 4135; x_wconf 84' lang='grc' dir='ltr'>ἐν</span> <span class='ocrx_word' id='word_1_788' title='bbox 3858 4086 3954 4156; x_wconf 79' lang='grc' dir='ltr'>τῷ</span> 
     </span>
    </p>
   </div>
   <div class='ocr_carea' id='block_1_96' title="bbox 2352 4165 3955 4241">
    <p class='ocr_par' dir='ltr' id='par_1_96' title="bbox 2352 4165 3955 4241">
     <span class='ocr_line' id='line_1_97' title="bbox 2352 4165 3955 4241; baseline -0.009 -15"><span class='ocrx_word' id='word_1_789' title='bbox 2352 4171 2622 4241; x_wconf 82' lang='grc' dir='ltr'>πνεύματι</span> <span class='ocrx_word' id='word_1_790' title='bbox 2644 4187 2659 4203; x_wconf 79' lang='grc' dir='ltr'><strong><em>ο</em></strong></span> <span class='ocrx_word' id='word_1_791' title='bbox 2710 4170 2962 4240; x_wconf 86' lang='grc' dir='ltr'>μένωμεν</span> <span class='ocrx_word' id='word_1_792' title='bbox 2996 4167 3090 4221; x_wconf 81' lang='grc' dir='ltr'>ἐπὶ</span> <span class='ocrx_word' id='word_1_793' title='bbox 3118 4168 3219 4238; x_wconf 80' lang='grc' dir='ltr'>τῆς</span> <span class='ocrx_word' id='word_1_794' title='bbox 3258 4167 3477 4238; x_wconf 90' lang='grc' dir='ltr'>εἰρήνης</span> <span class='ocrx_word' id='word_1_795' title='bbox 3513 4166 3604 4219; x_wconf 78' lang='grc' dir='ltr'>καὶ</span> <span class='ocrx_word' id='word_1_796' title='bbox 3633 4165 3734 4234; x_wconf 80' lang='grc' dir='ltr'>τῆς</span> <span class='ocrx_word' id='word_1_797' title='bbox 3764 4166 3955 4241; x_wconf 78' lang='grc' dir='ltr'>χάρι-</span> 
     </span>
    </p>
   </div>
   <div class='ocr_carea' id='block_1_97' title="bbox 2348 4246 3954 4321">
    <p class='ocr_par' dir='ltr' id='par_1_97' title="bbox 2348 4246 3954 4321">
     <span class='ocr_line' id='line_1_98' title="bbox 2348 4246 3954 4321; baseline -0.007 -14"><span class='ocrx_word' id='word_1_798' title='bbox 2348 4272 2440 4317; x_wconf 90' lang='grc' dir='ltr'>τος</span> <span class='ocrx_word' id='word_1_799' title='bbox 2465 4252 2560 4306; x_wconf 90' lang='grc' dir='ltr'>τοῦ</span> <span class='ocrx_word' id='word_1_800' title='bbox 2584 4250 2741 4316; x_wconf 87' lang='grc' dir='ltr'>Θεοῦ,</span> <span class='ocrx_word' id='word_1_801' title='bbox 2776 4250 2863 4304; x_wconf 76' lang='grc' dir='ltr'>ἶνα</span> <span class='ocrx_word' id='word_1_802' title='bbox 2886 4250 3104 4304; x_wconf 90' lang='grc' dir='ltr'>πάντων</span> <span class='ocrx_word' id='word_1_803' title='bbox 3121 4249 3229 4302; x_wconf 84' lang='grc' dir='ltr'>τῶν</span> <span class='ocrx_word' id='word_1_804' title='bbox 3261 4248 3541 4321; x_wconf 86' lang='grc' dir='ltr'>σαρκικῶν</span> <span class='ocrx_word' id='word_1_805' title='bbox 3576 4246 3954 4319; x_wconf 74' lang='grc' dir='ltr'>ἀπαλλαγὲν-</span> 
     </span>
    </p>
   </div>
   <div class='ocr_carea' id='block_1_98' title="bbox 2348 4328 3957 4405">
    <p class='ocr_par' dir='ltr' id='par_1_98' title="bbox 2348 4328 3957 4405">
     <span class='ocr_line' id='line_1_99' title="bbox 2348 4328 3957 4405; baseline -0.009 -14"><span class='ocrx_word' id='word_1_806' title='bbox 2348 4353 2459 4400; x_wconf 86' lang='grc' dir='ltr'>τες,</span> <span class='ocrx_word' id='word_1_807' title='bbox 2485 4335 2805 4405; x_wconf 80' lang='grc' dir='ltr'>δυνηθῶμεν</span> <span class='ocrx_word' id='word_1_808' title='bbox 2854 4334 3132 4402; x_wconf 84' lang='grc' dir='ltr'>ἐπιτυχεῖν</span> <span class='ocrx_word' id='word_1_809' title='bbox 3163 4331 3271 4384; x_wconf 85' lang='grc' dir='ltr'>τῶν</span> <span class='ocrx_word' id='word_1_810' title='bbox 3310 4328 3737 4399; x_wconf 80' lang='grc' dir='ltr'>ἐπηγγελμένων</span> <span class='ocrx_word' id='word_1_811' title='bbox 3792 4332 3957 4401; x_wconf 73' lang='grc' dir='ltr'>ἀγα-</span> 
     </span>
    </p>
   </div>
   <div class='ocr_carea' id='block_1_99' title="bbox 2352 4408 3958 4488">
    <p class='ocr_par' dir='ltr' id='par_1_99' title="bbox 2352 4408 3958 4488">
     <span class='ocr_line' id='line_1_100' title="bbox 2352 4408 3958 4488; baseline -0.003 -16"><span class='ocrx_word' id='word_1_812' title='bbox 2352 4419 2461 4472; x_wconf 86' lang='grc' dir='ltr'>θῶν</span> <span class='ocrx_word' id='word_1_813' title='bbox 2497 4419 2556 4471; x_wconf 72' lang='grc' dir='ltr'>ἐν</span> <span class='ocrx_word' id='word_1_814' title='bbox 2587 4415 2808 4488; x_wconf 82' lang='grc' dir='ltr'>Χριστῷ</span> <span class='ocrx_word' id='word_1_815' title='bbox 2836 4413 3013 4484; x_wconf 87' lang='grc' dir='ltr'>Ἰησοῦ</span> <span class='ocrx_word' id='word_1_816' title='bbox 3046 4414 3125 4485; x_wconf 87' lang='grc' dir='ltr'>τῷ</span> <span class='ocrx_word' id='word_1_817' title='bbox 3162 4413 3352 4485; x_wconf 79' lang='grc' dir='ltr'>Κυρίῳ</span> <span class='ocrx_word' id='word_1_818' title='bbox 3383 4412 3564 4483; x_wconf 84' lang='grc' dir='ltr'>ήμῶν,</span> <span class='ocrx_word' id='word_1_819' title='bbox 3606 4412 3727 4482; x_wconf 77' lang='grc' dir='ltr'>μεθ’</span> <span class='ocrx_word' id='word_1_820' title='bbox 3762 4408 3835 4468; x_wconf 76' lang='grc' dir='ltr'>οὗ</span> <span class='ocrx_word' id='word_1_821' title='bbox 3864 4420 3958 4488; x_wconf 78' lang='grc' dir='ltr'>τῷ</span> 
     </span>
    </p>
   </div>
   <div class='ocr_carea' id='block_1_100' title="bbox 2354 4496 3952 4573">
    <p class='ocr_par' dir='ltr' id='par_1_100' title="bbox 2354 4496 3952 4573">
     <span class='ocr_line' id='line_1_101' title="bbox 2354 4496 3952 4573; baseline -0.002 -17"><span class='ocrx_word' id='word_1_822' title='bbox 2354 4502 2553 4573; x_wconf 74' lang='grc' dir='ltr'>Πατρὶ,</span> <span class='ocrx_word' id='word_1_823' title='bbox 2595 4500 2710 4570; x_wconf 75' lang='grc' dir='ltr'>ἅμα</span> <span class='ocrx_word' id='word_1_824' title='bbox 2727 4498 2805 4569; x_wconf 86' lang='grc' dir='ltr'>τῷ</span> <span class='ocrx_word' id='word_1_825' title='bbox 2835 4499 2976 4569; x_wconf 78' lang='grc' dir='ltr'>ἁγίῳ</span> <span class='ocrx_word' id='word_1_826' title='bbox 2997 4498 3296 4568; x_wconf 85' lang='grc' dir='ltr'>Πνεύματι,</span> <span class='ocrx_word' id='word_1_827' title='bbox 3326 4496 3475 4561; x_wconf 80' lang='grc' dir='ltr'>δόξα,</span> <span class='ocrx_word' id='word_1_828' title='bbox 3504 4496 3731 4567; x_wconf 87' lang='grc' dir='ltr'>κράτος,</span> <span class='ocrx_word' id='word_1_829' title='bbox 3766 4504 3952 4571; x_wconf 76' lang='grc' dir='ltr'>τιμὴ,</span> 
     </span>
    </p>
   </div>
   <div class='ocr_carea' id='block_1_101' title="bbox 2365 4577 3956 4655">
    <p class='ocr_par' dir='ltr' id='par_1_101' title="bbox 2365 4577 3956 4655">
     <span class='ocr_line' id='line_1_102' title="bbox 2365 4577 3956 4655; baseline -0.002 -17"><span class='ocrx_word' id='word_1_830' title='bbox 2365 4583 2459 4640; x_wconf 85' lang='grc' dir='ltr'>νῦν</span> <span class='ocrx_word' id='word_1_831' title='bbox 2477 4585 2571 4637; x_wconf 63' lang='grc' dir='ltr'>κτιιί⁵</span> <span class='ocrx_word' id='word_1_832' title='bbox 2593 4584 2703 4647; x_wconf 75' lang='grc' dir='ltr'>ἀεὶ,</span> <span class='ocrx_word' id='word_1_833' title='bbox 2722 4580 2819 4634; x_wconf 79' lang='grc' dir='ltr'>καὶ</span> <span class='ocrx_word' id='word_1_834' title='bbox 2841 4581 2921 4643; x_wconf 89' lang='grc' dir='ltr'>εἰς</span> <span class='ocrx_word' id='word_1_835' title='bbox 2945 4581 3069 4645; x_wconf 78' lang='grc' dir='ltr'>τοὺς</span> <span class='ocrx_word' id='word_1_836' title='bbox 3095 4580 3294 4642; x_wconf 84' lang='grc' dir='ltr'>αίῶνας</span> <span class='ocrx_word' id='word_1_837' title='bbox 3313 4578 3424 4633; x_wconf 84' lang='grc' dir='ltr'>τῶν</span> <span class='ocrx_word' id='word_1_838' title='bbox 3452 4577 3683 4634; x_wconf 79' lang='grc' dir='ltr'>αἰώνων.</span> <span class='ocrx_word' id='word_1_839' title='bbox 3722 4579 3956 4655; x_wconf 70' lang='grc' dir='ltr'>’Δμήν.</span> 
     </span>
    </p>
   </div>
  </div>
