4108 6312
186 377 241 430 ιι
1092 361 1158 417 IN
1197 357 1406 415 srisr.
1449 357 1537 413 Al)
1579 355 1812 412 eruas.
1868 353 2020 407 etp.
2063 355 2124 411 tt.
2167 353 2395 412 llUMlL.
2442 358 2504 412 v.
3128 408 3132 412 .
3379 365 3449 420 si

183 496 233 540 et
261 481 486 555 perdidit
508 522 522 546 ,
555 495 659 534 non
688 479 778 533 alii
806 479 1107 547 imperans,
1139 488 1310 570 neque
1354 471 1525 526 Solum
1560 483 1750 570 agens,

183 575 274 630 Sed
303 574 462 627 etiam
494 571 720 641 patiens.
765 567 879 621 Non
925 566 1096 629 dixit,
1143 564 1403 624 Solvens;
1438 573 1542 613 non
1583 557 1752 621 dixit,

182 668 399 720 Tollens
450 683 464 718 :
505 660 774 731 scd,quod
805 667 888 714 est
916 658 1154 711 omnium
1195 649 1713 708 vehementissimam
1737 688 1751 711 ,

186 755 517 822 lulerﬁcieus,
568 750 706 840 adeo
748 758 806 803 ut
846 749 976 816 ipsa:
1015 761 1120 832 non
1179 743 1407 811 amplius
1454 745 1751 841 resurgant.

182 844 463 914 Quomodo
509 825 646 913 ergo.
691 837 1016 910 resurgunt?
1068 825 1110 890 Ἀ
1171 835 1333 888 multo
1370 841 1554 928 nostro
1606 829 1753 928 vitio.

183 936 450 1002 Quamdiu
494 931 854 987 manserimus
885 931 934 981 in
979 940 1205 996 corpore
1251 923 1470 988 Christi,
1505 917 1755 989 quamdiu

180 1025 438 1080 fuerimus
468 1009 602 1076 uniti
628 1061 642 1087 ,
675 1034 779 1074 non
810 1025 1093 1086 resurgunt
1116 1054 1132 1080 ,
1159 1013 1251 1067 sed
1277 1012 1456 1081 jacent
1486 1015 1709 1062 mortuae
1739 1020 1751 1054 :

180 1119 292 1171 imo
326 1129 454 1170 vero
481 1112 589 1167 illa;
617 1124 904 1178 numquam
951 1115 1268 1175 resurgunt;
1301 1102 1393 1156 sed
1425 1101 1469 1154 si
1504 1099 1634 1153 alias
1663 1103 1757 1197 pe:

183 1206 516 1274 pcrerimus,
561 1217 670 1256 non
718 1214 795 1254 ea:
826 1207 949 1252 sunt
974 1195 1205 1268 amplius
1247 1200 1465 1264 propter
1503 1204 1624 1244 eum
1672 1195 1758 1289 qui

181 1298 390 1366 priores
434 1291 651 1348 sustulit
689 1298 743 1345 et
784 1288 1032 1359 perdidit,
1067 1287 1172 1379 sed
1221 1295 1274 1338 ttt
1328 1284 1457 1379 alias
1506 1284 1756 1379 parturis.

178 1384 314 1438 Nam
331 1382 614 1453 prudentia
648 1394 744 1436 seu
768 1379 941 1449 potius
961 1376 1214 1447 cogitatio
1240 1382 1294 1428 et
1319 1373 1535 1467 spiritus

181 1474 476 1530 inimicitiae
521 1479 646 1526 sunt
673 1471 932 1525 adversus
955 1469 1121 1522 Deum
1151 1464 1324 1534 (Rom.
1359 1463 1412 1518 8.
1439 1462 1518 1531 6).
1548 1459 1755 1515 δίἰιὶιιῐι

181 1566 480 1635 cogitemus
515 1579 578 1617 ac
604 1562 871 1632 sapiamus
898 1558 1133 1626 carnale,
1166 1573 1270 1612 non
1305 1564 1589 1610 nascentur
1617 1552 1757 1618 alite,

177 1656 275 1709 sed
303 1654 540 1708 manebit
560 1668 660 1722 pax
683 1652 792 1706 illa.

255 1743 542 1796 Prudentia
569 1742 738 1795 carnis
763 1740 885 1808 quid
913 1739 994 1793 sit.
1027 1767 1097 1778 ——
1125 1747 1181 1793 4.
1210 1736 1396 1804 Cogita
1424 1735 1565 1788 enim
1594 1749 1767 1803 quan-

179 1848 294 1891 tum
326 1837 395 1890 sit
426 1835 621 1890 malum
643 1875 658 1900 ,
690 1848 809 1887 cum
856 1832 996 1886 Deus
1024 1841 1132 1885 tam
1165 1828 1328 1882 nmlta
1361 1825 1662 1895 procurarit
1707 1834 1772 1878 et

172 1929 418 1982 olfecerit
459 1935 515 1979 ut
556 1925 923 1990 conciliemur,
974 1938 1066 1977 nos
1119 1934 1304 1975 rursus
1344 1918 1520 1973 redire
1556 1917 1620 1970 ad
1657 1916 1759 1969 ini-

172 2020 428 2072 micitias.
478 2016 586 2071 llas
631 2030 735 2070 non
792 2015 1020 2091 amplius
1080 2019 1260 2067 manet
1311 2011 1620 2083 lavacrum,
1667 2007 1760 2061 sed

105 2173 108 2176 _
170 2113 462 2179 gehenna',
492 2123 599 2164 non
648 2105 914 2171 remissio,
943 2104 1038 2160 sed
1064 2101 1396 2160 examinatio
1434 2109 1489 2155 et
1513 2099 1757 2169 quaestio.

176 2200 471 2254 Prudentia
497 2214 561 2254 ac
585 2198 837 2268 cogitatio
863 2196 1040 2251 carnis
1063 2236 1079 2259 ,
1112 2201 1237 2248 sunt
1275 2191 1482 2246 deliciae
1509 2201 1565 2245 et
1587 2189 1763 2244 indul-

169 2308 306 2360 gere
333 2291 590 2360 voluptati
621 2305 632 2340 :
668 2288 946 2359 prudentia
973 2287 1149 2341 carnis
1171 2293 1254 2339 est
1272 2283 1512 2346 avaritia,
1535 2291 1762 2336 etomne

171 2393 480 2453 peccaturo.
511 2381 626 2436 Cur.
657 2380 797 2435 dicta
841 2388 922 2434 est
955 2377 1232 2447 prudentia
1260 2375 1475 2452 carnis?
1527 2373 1670 2476 atqui
1700 2387 1760 2426 ea

173 2476 295 2529 sine
325 2475 504 2527 anima
545 2471 675 2526 nihil
706 2470 916 2525 fecerit.
945 2469 1058 2524 Non
1084 2467 1214 2522 dicit
1243 2468 1347 2521 hoc
1372 2481 1584 2520 carnem
1617 2467 1757 2518 vitu-

175 2580 375 2638 perans
401 2582 414 2617 :
449 2579 571 2617 nam
601 2571 652 2617 et
672 2561 888 2632 quando
915 2560 1062 2625 dicit,
1087 2559 1336 2612 Animalia
1361 2559 1510 2612 homo
1541 2559 1618 2626 (ί.
1641 2556 1757 2611 Cor.
1827 2559 1832 2565 '

171 2659 228 2708 2.
268 2654 359 2725 M)
386 2696 401 2720 ,
434 2668 540 2708 non
572 2654 672 2706 hoc
697 2652 828 2706 dicit
869 2652 1180 2720 vituperans
1206 2650 1438 2704 animam
1465 2664 1479 2713 ;
1504 2648 1596 2702 sed
1639 2648 1760 2716 quia

170 2759 285 2797 non
320 2757 415 2810 per
436 2756 497 2795 se
524 2738 720 2794 sufficit
761 2754 859 2793 nec
887 2752 1080 2807 corpus
1109 2753 1208 2793 nec
1246 2738 1420 2791 anima
1449 2735 1514 2790 ad
1543 2737 1763 2805 praecla-

171 2849 296 2886 rum
330 2823 532 2901 aliquid
561 2840 614 2884 et
641 2844 886 2899 maguum
916 2828 1239 2896 faciendum,
1267 2829 1312 2883 si
1342 2843 1445 2881 non
1470 2842 1759 2895 supernum

170 2931 502 2992 assequatur
525 2921 802 2974 auxilium.
832 2920 1126 2987 'Pr0pterea
1156 2920 1406 2972 animalia
1448 2918 1534 2971 illa
1562 2925 1717 2971 vocat
1742 2957 1757 2981 ,

171 3031 299 3084 qum
344 3029 440 3082 per
487 3028 551 3066 se
592 3021 846 3082 operatur
884 3013 1060 3064 anima
1088 3028 1102 3076 ;
1133 3020 1188 3065 et
1215 3010 1453 3064 carnalia
1483 3009 1574 3062 illa
1600 3049 1613 3074 ,
1643 3023 1762 3077 qua:

172 3121 272 3175 per
303 3120 365 3159 se
387 3118 583 3173 corpus
609 3121 623 3158 :
653 3118 757 3156 non
785 3103 1037 3172 quoniam
1060 3101 1174 3156 ham
1197 3102 1478 3166 naturalia,
1515 3100 1608 3154 sed
1631 3116 1762 3169 quo-

172 3201 346 3261 niam,
373 3195 475 3248 nisi
503 3193 626 3249 inde
656 3194 964 3263 praesidium
987 3194 1316 3263 acceperint,
1348 3200 1594 3261 pereunt.
1623 3191 1753 3244 Nam

169 3289 318 3342 oculi
361 3302 574 3361 quoque
626 3295 750 3340 sunt
781 3285 1022 3356 pulchri,
1056 3286 1149 3339 sed
1191 3285 1307 3340 sine
1332 3285 1446 3338 luce
1472 3325 1485 3349 ,
1517 3283 1654 3336 mala
1681 3282 1759 3335 fa-

170 3379 328 3430 ciunt
362 3376 766 3430 innumerabilia
793 3392 807 3440 ;
837 3385 890 3428 et
919 3391 979 3430 ea
1006 3383 1130 3429 sunt
1160 3375 1393 3444 ipsorum
1424 3373 1759 3427 imbecillita-

172 3477 264 3530 tis,
316 3483 422 3519 non
469 3476 692 3520 naturie.
732 3466 785 3520 Si
829 3474 1012 3519 essent
1055 3473 1241 3519 autem
1282 3459 1430 3518 'ntala
1477 3463 1758 3523 naturalia,

170 3573 472 3629 numquam
530 3558 594 3611 iis
639 3557 706 3611 ad
750 3557 800 3610 id
834 3558 977 3626 quod
1028 3564 1239 3625 Oportet
1279 3563 1551 3610 uteremur
1581 3571 1594 3608 :
1630 3553 1761 3607 nihil

159 3649 322 3704 enim
356 3649 596 3703 naturale
623 3657 705 3703 est
741 3649 960 3702 malum.
994 3647 1131 3715 Quid
1158 3663 1286 3718 ergo
1313 3655 1437 3702 sunt
1464 3645 1763 3715 prudentiae

170 3744 472 3798 carnales?
501 3743 744 3797 Peccata.
786 3740 942 3795 Nam
967 3741 1181 3810 quando
1211 3742 1321 3810 ipsa
1345 3782 1358 3803 ,
1390 3754 1579 3808 nempe
1611 3753 1755 3804 caro,

170 3835 476 3888 obtinuerit
519 3831 851 3886 dominatum
895 3831 1152 3885 adversus
1195 3832 1465 3900 aurigam,
1519 3831 1569 3882 in
1598 3829 1761 3882 altum

170 3928 320 3980 elata
349 3963 364 3988 ,
395 3923 533 3978 mala
572 3923 710 3992 parit
736 3922 1172 3989 innumerabilia.
1204 3919 1392 3975 Carnis
1421 3920 1564 3976 enim
1595 3921 1762 3974 virtus

169 4029 254 4070 est
283 4016 586 4084 subjectam
613 4028 732 4068 esse
754 4014 968 4080 animae,
999 4013 1186 4067 vitium
1213 4023 1411 4077 autem,
1437 4014 1632 4066 anima:
1663 4013 1764 4065 im-

174 4123 400 4174 perare.
429 4107 581 4160 Sicut
606 4121 734 4176 ergo
764 4101 931 4174 equus
962 4115 1045 4160 est
1078 4106 1298 4174 pulcher
1322 4115 1376 4159 et
1403 4104 1555 4158 bonis
1592 4106 1760 4172 tibiis,

171 4199 273 4254 sed
307 4197 414 4252 hoc
443 4198 646 4265 absque
671 4198 854 4270 auriga
882 4211 989 4250 non
1036 4207 1256 4271 apparet
1291 4196 1397 4250 :ita
1438 4197 1600 4251 etiam
1636 4211 1762 4251 caro

175 4305 307 4344 tunc
355 4287 579 4357 pulchra
607 4286 708 4340 erit
729 4326 743 4351 ,
771 4286 983 4354 quando
1030 4286 1145 4354 ejus
1185 4290 1515 4340 exsultantes
1544 4287 1764 4356 spiritus

170 4379 662 4449 amputaverimus.
714 4376 821 4431 Sed
864 4391 1036 4446 neque
1082 4377 1264 4446 auriga
1303 4387 1523 4446 apparet
1565 4378 1764 4448 absque

172 4470 408 4526 scientia
443 4485 458 4523 :
487 4482 606 4522 nam
636 4466 750 4536 ipse
778 4467 1000 4521 scientia
1032 4481 1220 4520 carens
1263 4467 1634 4545 illis‘graviora
1666 4484 1763 4538 pa-

173 4572 302 4614 trat.
359 4540 719 4626 Quamobrem
767 4565 977 4627 oportet
1025 4559 1171 4612 omni
1208 4573 1272 4613 ex
1323 4540 1473 4628 parte
1498 4568 1762 4614 attentum

169 4667 296 4705 esse
327 4667 344 4703 :
381 4649 599 4718 spiritus
621 4656 858 4702 attentus
883 4649 1117 4717 aurigam
1149 4648 1273 4703 facit
1296 4649 1568 4704 fortiorem
1597 4667 1610 4703 :
1643 4651 1688 4705 is
1710 4662 1764 4707 et

169 4742 417 4793 animam
441 4746 598 4791 ornat
615 4745 671 4791 et
685 4752 898 4805 corpus.
919 4738 1376 4804 Quemadmodum
1400 4742 1541 4793 enim
1559 4742 1734 4795 anima
1748 4782 1762 4807 ,

170 4834 302 4884 dum
348 4831 493 4884 inest
518 4828 736 4898 quidem
763 4831 973 4900 corpori
1003 4870 1018 4895 ,
1053 4832 1224 4899 ipsunt
1267 4833 1547 4901 pulchrum
1577 4846 1764 4889 osten-

171 4925 250 4976 dit
282 4939 300 4988 ;
330 4921 554 4991 quando
601 4932 778 4975 autem
823 4923 994 4991 ipsum
1039 4939 1068 4977 a
1099 4939 1193 4978 sua
1221 4926 1530 4981 destituerit
1570 4943 1761 4997 opera-

174 5016 326 5067 tione
355 5020 410 5066 et
435 5012 779 5078 abscesserit,
804 5013 1024 5082 perinde
1042 5024 1201 5084 atque
1220 5019 1261 5070 si
1286 5019 1456 5086 pictor
1477 5018 1767 5074 confundat

168 5108 410 5178 colores,
437 5121 630 5175 magna
661 5107 718 5159 fit
746 5106 1052 5163 deformitas
1077 5150 1092 5174 ,
1123 5126 1437 5181 unaquaque
1467 5123 1613 5181 parte
1641 5129 1764 5183 pro-

170 5209 398 5268 perarate
428 5197 498 5251 ad
527 5197 798 5254 interitum
830 5216 843 5251 :
875 5200 943 5252 ita
973 5201 1131 5254 etiam
1154 5202 1365 5270 quando
1394 5204 1611 5270 Spiritus
1638 5220 1764 5258 cor-

171 5306 266 5356 pus
294 5289 480 5344 solum
506 5288 783 5360 reliquerit
811 5299 863 5344 ct
888 5293 1144 5362 animam,
1174 5293 1230 5346 fit
1256 5294 1490 5349 deterior
1508 5303 1560 5349 et
1591 5296 1763 5366 major

1868 467 2194 524 deformitas.
2253 471 2327 526 Ne
2381 489 2506 543 ergo
2569 474 2816 542 quoniam
2874 489 3069 545 corpus
3123 482 3204 528 est
3269 476 3444 547 minus

1865 559 2074 622 anima.
2111 561 2160 614 id
2202 563 2464 631 vitupera.
2501 562 2632 616 Nam
2670 580 2768 618 nee
2796 579 2897 634 ego
2929 566 3101 634 patior
3149 566 3435 634 vituperari

1865 649 2098 704 animam
2123 693 2138 717 ,
2170 655 2421 721 quoniam
2452 654 2580 709 nihil
2609 656 2750 711 valet
2772 658 2973 728 absque
3011 659 3222 726 Spiritu.
3246 658 3302 712 Si
3333 673 3429 710 au-

1867 749 1970 794 tem
2001 741 2199 812 aliquid
2226 744 2297 798 sit
2316 745 2601 800 dicendum
2627 787 2642 812 ,
2681 748 2937 817 majorem
2967 749 3440 818 reprehensionem

1867 839 2109 885 meretur
2129 834 2331 886 anima.
2355 835 2488 890 Nam
2515 851 2708 906 corpus
2737 838 2864 892 nihil
2891 838 3016 893 mali
3038 839 3224 894 fecerit
3245 839 3449 908 absque

1867 923 2079 990 anima;
2129 925 2224 980 sed
2265 927 2440 981 anima
2485 929 2647 982 multa
2691 930 2890 1001 absque
2931 945 3178 1001 corpore.
3233 930 3446 986 Etenim

1871 1011 1994 1065 dum
2029 1014 2157 1069 illud
2189 1018 2487 1072 tabescitet
2519 1035 2622 1074 non
2645 1021 2898 1087 exsultat,
2932 1021 3048 1077 hate
3083 1022 3247 1077 multa
3283 1023 3447 1078 facit:

1867 1101 2005 1158 siru‘l
2035 1105 2110 1158 illi
2143 1108 2575 1177 praestigiatores,
2606 1116 2764 1180 magi,
2796 1113 2980 1179 invidi,
3007 1114 3233 1192 venefici
3253 1131 3448 1192 corpus

1869 1205 2145 1250 attenuant
2176 1208 2228 1253 et
2267 1211 2561 1258 macerant.
2620 1204 2831 1274 Alioqui
2877 1216 3056 1260 autent
3105 1223 3203 1263 nec
3233 1208 3445 1264 deliciae

1867 1297 1992 1341 sunt
2034 1306 2097 1344 ex
2131 1293 2447 1349 necessitate
2495 1295 2765 1365 corporis,
2791 1297 2900 1353 'sed
2951 1314 3017 1354 eo
3045 1301 3317 1370 quodnon
3370 1315 3450 1358 at-

1869 1381 2052 1435 tendat
2096 1383 2275 1437 anima
2321 1386 2676 1442 :.al»imcntnm
2723 1393 2866 1444 enim
2909 1401 2991 1447 est
3026 1407 3093 1448 ex
3125 1396 3450 1450 necessitate

1870 1473 2117 1542 corporis
2143 1513 2158 1540 ,
2189 1490 2293 1528 non
2317 1475 2545 1532 deliciaa.
2569 1479 2625 1534 Si
2646 1480 2806 1535 velim
2841 1481 3048 1537 frenum
3080 1484 3370 1540 vehemens
3401 1498 3453 1540 ct

1868 1577 2116 1632 asperum
2145 1566 2455 1634 immittere,
2486 1584 2679 1640 equum
2708 1571 2988 1627 refrenabo
3013 1593 3025 1626 :
3054 1589 3249 1646 corpus
3274 1588 3453 1633 autem

1869 1654 2101 1707 animam
2141 1671 2246 1710 non
2277 1666 2452 1726 potest
2480 1660 2730 1716 cohibere
2761 1663 2812 1717 itt
2844 1664 2960 1733 ejus
2989 1666 3161 1722 malis.
3197 1668 3302 1723 Cur
3327 1685 3456 1740 ergo

1869 1756 1986 1796 eam
2007 1753 2162 1799 vocat
2189 1746 2524 1815 prudentiam
2549 1752 2772 1805 carnis?
2797 1750 3058 1821 Quoniam
3088 1765 3198 1812 tota
3224 1769 3305 1813 est
3336 1775 3454 1814 enr-

1871 1835 1973 1887 nis.
2006 1835 2228 1903 Quando
2259 1841 2402 1894 enim
2430 1844 2542 1912 ipsa
2583 1842 2914 1899 dominatum
2963 1847 3294 1916 obtinuerit,
3329 1863 3453 1906 tunc

1871 1937 2090 1992 peccat;
2128 1930 2341 1997 quando
2389 1945 2620 1987 mentem
2663 1935 2923 1991 ademerit
2966 1949 3024 1994 et,
3063 1943 3257 1996 anima:
3285 1943 3453 2012 impe-

1872 2017 2029 2070 rium.
2061 2019 2117 2073 ln
2145 2020 2247 2076 hoc
2276 2038 2407 2093 ergo
2425 2027 2673 2081 consistit
2703 2028 2873 2084 virtus
2903 2035 3166 2102 corporis,
3194 2036 3335 2105 quod
3366 2051 3453 2090 cc-

1869 2107 1957 2160 dat
1983 2110 2172 2163 anima:
2203 2126 2220 2168 :
2258 2128 2379 2166 nam
2411 2129 2504 2184 per
2529 2132 2586 2202 s'e
2614 2133 2711 2173 nec
2740 2132 2821 2173 est
2849 2122 2987 2176 bona
3016 2164 3031 2189 ,
3082 2140 3258 2197 neque
3288 2129 3449 2183 mala.

1869 2197 2186 2264 Quid‘"‘enim
2232 2218 2328 2271 per
2355 2220 2414 2259 se
2444 2197 2632 2261 fecerit
2660 2213 2898 2278 corpus?
2927 2212 3288 2280 Quamobrem
3319 2233 3450 2272 con-

1866 2289 2144 2358 junctione
2194 2293 2390 2348 bonum
2435 2308 2517 2350 est
2542 2312 2739 2368 corpus
2768 2311 2991 2370 prepter
3018 2304 3406 2374 sultjcctionem
3436 2325 3450 2360 :

1871 2397 1991 2435 nam
2022 2398 2116 2451 per
2143 2398 2201 2438 se
2229 2401 2327 2441 nec
2356 2387 2551 2442 bonum
2580 2400 2660 2444 est
2681 2406 2778 2446 nec
2800 2394 3020 2458 malum,
3051 2396 3115 2449 ad
3148 2396 3247 2452 hoc
3275 2409 3451 2454 autem

1872 2487 1923 2530 et
1955 2477 2082 2531 illud
2132 2490 2312 2548 aptum
2340 2522 2354 2544 ,
2385 2481 2452 2534 ad
2501 2475 2722 2553 utraque
2748 2496 2829 2540 est
2859 2503 3204 2557 propensum.
3248 2489 3456 2561 Corpus

1869 2572 2202 2640 concupiscit
2225 2614 2240 2638 ,
2286 2574 2381 2629 sed
2412 2591 2517 2630 non
2551 2581 2933 2636 seortationem
2962 2601 3062 2639 nec
3088 2587 3410 2642 adulterium
3438 2632 3453 2655 ,

1870 2674 1925 2715 at
1952 2664 2148 2718 coitum
2178 2682 2193 2721 :
2222 2679 2418 2736 corpus
2445 2671 2799 2739 concupiscit,
2833 2689 2939 2728 non
2970 2675 3210 2743 delicias,
3241 2679 3333 2733 sed
3359 2697 3457 2733 nu-

1872 2755 2216 2821 trimentum;
2257 2772 2364 2812 non
2409 2761 2724 2816 ebrietatem
2749 2804 2761 2826 ,
2796 2765 2890 2819 sed
2923 2777 3126 2835 potum.
3153 2769 3281 2822 Nam
3312 2773 3454 2840 quod

1870 2845 2099 2900 ebrietas
2127 2863 2232 2901 non
2259 2849 2331 2903 sit
2364 2855 2799 2921 concupiscentia
2831 2861 3072 2929 corporis
3098 2902 3111 2923 ,
3160 2862 3278 2915 vide
3324 2880 3458 2932 quo-

1872 2936 2030 2988 modo

1869 3032 2198 3098 excesseris,
2252 3042 2308 3088 et
2353 3037 2594 3104 corporis
2642 3041 2903 3095 terminos
2949 3045 3202 3097 moveris.
3253 3044 3455 3115 Nempe

1870 3122 1971 3173 alia
2009 3124 2188 3177 omnia
2218 3133 2343 3178 suttt
2369 3128 2562 3181 anima:
2590 3170 2603 3190 ,
2637 3131 2852 3199 quando
2891 3131 3137 3201 dejicitur
3166 3135 3232 3189 ad
3265 3152 3459 3190 carna.

1872 3211 1938 3263 lia
1966 3251 1979 3275 ,
2011 3212 2226 3281 quando
2252 3230 2433 3270 crassa
2466 3219 2668 3273 evadit.
2703 3220 2834 3275 Nam
2866 3224 2964 3278 etsi
2995 3224 3193 3279 bonum
3223 3238 3304 3281 est
3334 3245 3452 3282 cor-

1874 3318 1991 3370 pus,
2051 3313 2133 3357 est
2184 3315 2359 3362 tamen
2417 3309 2574 3380 longe
2629 3314 2805 3367 minus
2854 3316 3052 3370 anima.
3105 3319 3254 3375 Sicut
3303 3323 3462 3392 igitur

1869 3393 2143 3460 plumbum
2171 3411 2302 3451 auro
2325 3398 2549 3454 inferius
2581 3412 2683 3469 est,
2713 3404 2806 3458 sed
2841 3416 3013 3461 tamen
3049 3409 3269 3479 plumbo
3296 3417 3457 3467 etiam

1870 3499 2004 3552 Opus
2084 3495 2166 3540 cst
2227 3490 2368 3558 quod
2436 3493 2827 3562 conglutinet:
2891 3498 2962 3552 ita
3040 3502 3202 3557 etiam
3265 3510 3458 3560 anima:

1872 3591 2004 3646 opus
2031 3591 2112 3634 est
2151 3595 2377 3650 corpore
2408 3601 2422 3638 :
2453 3585 2599 3639 velut
2650 3602 2782 3656 puer
2825 3589 3087 3660 ingenuus
3130 3609 3263 3664 opus
3299 3597 3458 3654 habet

1873 3671 2194 3742 paedagogo,
2227 3674 2296 3727 ita
2323 3677 2484 3730 etiam
2514 3679 2689 3733 anima
2728 3695 2862 3751 opus
2910 3684 3068 3738 habet
3109 3701 3352 3757 corpore.
3393 3691 3458 3745 Et

1871 3776 1938 3814 ne
1965 3763 2177 3818 mireris
2207 3768 2347 3835 quod
2381 3771 2502 3824 talia
2529 3775 2770 3842 exempla
2807 3780 3100 3844 posuerim.
3136 3779 3283 3835 Sicut
3310 3785 3454 3838 enim

1874 3869 1961 3908 res
1989 3859 2220 3924 pueriles
2248 3860 2476 3916 dicimus
2500 3905 2516 3929 ,
2548 3879 2651 3918 non
2683 3867 3048 3935 vituperantes
3081 3880 3293 3932 mttttetn
3318 3914 3332 3938 ,
3363 3877 3454 3928 S(‘(I

1870 3948 2112 4015 quaedam
2146 3965 2209 4004 ex
2253 3952 2342 4005 illa
2391 3957 2662 4009 manantia
2695 3975 2708 4007 :
2743 3958 2814 4012 ita
2860 3960 3020 4014 etiam
3053 3962 3334 4018 dicendum
3379 3979 3462 4020 cst

1871 4039 1939 4094 de
1965 4054 2214 4111 corpore.
2246 4044 2352 4100 Sed
2379 4047 2503 4102 licet
2531 4063 2638 4103 non
2670 4065 2792 4106 esse
2839 4052 2890 4105 in
2916 4056 3178 4133 (εει-ηε,ηεί
3207 4058 3457 4117 velimus.

1871 4132 2012 4186 sicut
2039 4149 2140 4188 nec
2181 4135 2234 4188 in
2283 4145 2443 4201 terra,
2500 4138 2595 4193 sed
2641 4139 2695 4194 in
2736 4141 2882 4197 (sa-lis
2911 4155 2964 4197 et
2994 4145 3048 4198 in
3081 4132 3291 4215 spiritu.
3325 4149 3464 4204 Esse

1872 4223 2015 4279 enim
2043 4224 2259 4292 alicubi,
2289 4242 2394 4281 non
2427 4237 2534 4282 tam
2561 4231 2757 4285 dicitur
2773 4233 2876 4287 situ
2908 4249 2969 4288 ac
2988 4237 3273 4305 positione,
3299 4256 3456 4308 quant

1871 4312 2176 4369 affectione.
2240 4318 2432 4373 Multos
2474 4321 2688 4390 quidem
2736 4335 2883 4379 certe
2916 4315 3029 4394 ‘qni
3070 4339 3194 4383 sunt
3240 4332 3458 4395 alicubi.

1873 4421 1977 4459 non
2021 4422 2139 4462 esse
2166 4411 2391 4465 dicimus
2414 4455 2428 4479 ,
2458 4411 2698 4469 dicentes
2727 4432 2740 4468 :
2793 4400 2905 4470 Non
2935 4432 3055 4472 cras
3087 4421 3191 4475 hic.
3243 4423 3305 4477 lit
3335 4427 3460 4494 quid

1873 4496 2036 4553 dico?
2061 4500 2215 4569 Saape
2243 4503 2489 4572 dicimus,
2520 4505 2636 4560 Non
2673 4524 2730 4563 es
2766 4509 2818 4562 in
2858 4517 2928 4575 te,
2959 4509 3074 4564 Non
3103 4529 3218 4567 sunt
3267 4516 3318 4569 itt
3352 4536 3458 4572 tne.

1873 4591 2032 4659 Atqui
2058 4595 2180 4662 quid
2206 4594 2307 4652 hoc
2339 4606 2420 4651 est
2447 4600 2616 4668 magis
2638 4604 2945 4670 corporale,
2972 4605 3189 4674 quando
3216 4608 3328 4676 ipse
3359 4612 3460 4665 sibi

1874 4690 1954 4734 est
1983 4683 2361 4753 propinquus?
2397 4687 2489 4741 sed
2527 4699 2700 4744 tamen
2735 4691 2963 4746 dicimus
3004 4695 3176 4763 ipsum
3207 4712 3309 4750 non
3341 4715 3462 4753 esse

1874 4774 2013 4843 apud
2041 4791 2118 4829 se.
2148 4777 2327 4832 Simus
2355 4795 2485 4849 ergo
2514 4783 2564 4835 in
2597 4783 2752 4836 nobis
2780 4799 2872 4838 seu
2901 4786 3040 4854 apud
3065 4803 3183 4855 nos,
3220 4790 3272 4842 in
3301 4792 3456 4856 caelo,

1876 4867 1925 4920 in
1973 4871 2196 4936 spiritu;
2257 4887 2565 4927 maneamus
2620 4876 2671 4927 in
2723 4890 2851 4942 pace
2903 4887 2958 4931 et
3003 4880 3172 4948 gratia
3211 4881 3348 4936 Dei:
3403 4895 3457 4937 ut

1875 4959 2085 5014 liberati
2127 4962 2209 5015 ab-
2237 4965 2484 5018 onmibus
2536 4966 2880 5034 carnalibus,
2929 4971 3196 5037 possimus
3246 4977 3456 5043 aSSttIltl

1874 5049 2014 5103 bona
2065 5052 2326 5121 promissa
2395 5055 2444 5108 in
2494 5056 2708 5111 Christo
2758 5057 2887 5113 Jesu
2945 5061 3176 5116 Domino
3228 5075 3458 5134 nostro,

1874 5156 1993 5195 cum
2019 5159 2123 5212 quo
2167 5144 2310 5198 Patri
2340 5146 2496 5200 simul
2527 5163 2646 5201 cum
2675 5160 2863 5204 saneto
2892 5151 3093 5220 Spiritu
3129 5155 3295 5223 gloria
3315 5198 3328 5222 ,
3360 5174 3453 5224 po~

1877 5234 2037 5293 tentia
2061 5243 2114 5288 et
2140 5234 2332 5304 honor,
2367 5254 2509 5296 nunc
2536 5248 2589 5295 ct
2615 5254 2842 5315 semper,
2869 5253 2917 5297 et
2968 5246 3022 5299 in
3048 5247 3243 5299 smenla
3276 5263 3449 5301 S:(‘fli-

1877 5323 2066 5379 lorum.
2093 5328 2282 5383 Amen.

2089 2956 2102 2991 :
2162 2953 2267 2993 non
2330 2943 2558 3010 amplius
2619 2945 2904 3002 retinueris
2968 2951 3182 3019 quando
3237 2953 3455 3007 modum
3542 2959 3556 2978 '
