4108 6312
116 412 172 467 ἐ5
959 405 1023 462 IN
1060 404 1271 461 EPIST.
1315 404 1405 458 AB
1445 397 1683 455 EPiiES.
1724 398 1874 455 CAP.
1917 398 2005 457 ill.
2050 401 2279 459 llOlllL.
2322 404 2414 462 Vl.
3274 410 3341 465 itii

115 525 249 579 mittit
287 522 470 579 vinciri
494 538 593 594 pro
618 522 770 578 vobis
821 521 1087 593 gentibus.
1116 519 1299 590 Magna
1328 514 1600 586 emphasis
1630 533 1644 568 :

112 616 201 670 Vos
226 629 322 670 non
345 616 513 669 solum
537 629 644 670 non
691 613 1077 677 abominamur,
1120 596 1215 665 sed
1245 610 1403 663 etiam
1435 615 1651 675 propter

112 724 208 775 vos,
244 711 422 779 inquit,
456 709 743 769 vincimur.
772 718 827 762 et
855 722 954 777 ego
1002 715 1200 759 tantam
1249 703 1476 771 adeptus
1531 715 1647 753 sum

109 800 321 867 gratiam.
349 800 402 853 2.
451 798 511 854 Si
534 809 699 853 tamen
742 799 974 851 audiistis
1022 795 1444 864 dispensationem
1476 792 1652 861 gratia

110 890 189 942 Dei
212 906 315 956 qua
334 890 451 942 data
476 902 549 943 est
571 891 695 943 mihi
713 891 765 942 in
786 888 944 942 vobis.
992 887 1166 941 lnnuit
1206 884 1605 953 prmdictioziem
1634 920 1650 944 ,

106 994 204 1047 qua:
228 979 292 1031 de
313 980 426 1048 ipso
444 978 688 1032 Damasci
718 978 854 1031 facta
881 986 961 1030 est
990 976 1229 1038 Ananiae,
1262 972 1477 1042 quando
1499 971 1648 1024 dice-

104 1069 179 1122 bat
201 1087 215 1122 :
246 1068 393 1133 Vade,
414 1070 653 1140 quoniam
678 1086 764 1123 vas
794 1068 1046 1122 electionis
1070 1067 1193 1119 mihi
1219 1076 1288 1120 est
1314 1065 1425 1129 iste,
1458 1075 1510 1115 ut
1535 1079 1651 1129 por-

102 1171 155 1212 :et
182 1177 349 1214 nomen
370 1178 533 1213 meum
562 1178 733 1214 coram
757 1161 981 1231 gentibus
1006 1176 1064 1212 ac
1090 1159 1287 1225 regibus
1305 1156 1438 1225 (Act.
1456 1156 1507 1209 9.
1538 1154 1643 1225 15).

107 1252 534 1320 Dispensationem
564 1251 749 1320 gratia
776 1250 907 1304 dicit
952 1236 1356 1303 revelationem.
1390 1246 1500 1298 lloc
1540 1254 1641 1305 est,

104 1341 201 1395 Non
219 1342 369 1397 didici
391 1343 459 1396 ab
486 1344 739 1397 homine:
768 1352 821 1395 et
846 1342 1091 1411 dignatus
1117 1348 1199 1394 est
1231 1337 1382 1401 mihi,
1414 1351 1534 1389 cum
1566 1350 1651 1388 cs-

105 1449 198 1486 sent
226 1450 373 1495 unus,
410 1436 652 1488 revelare
684 1444 901 1503 propter
924 1448 1017 1485 vos
1044 1451 1057 1486 :
1090 1431 1206 1499 Ipse
1226 1430 1369 1485 enim
1388 1471 1402 1494 ,
1432 1428 1602 1498 inquit
1630 1467 1645 1491 ,

104 1523 207 1574 mihi
249 1524 369 1576 dixit
390 1539 409 1576 :
447 1522 586 1576 Vade
606 1565 621 1589 ,
654 1524 890 1593 quoniam
914 1533 961 1575 te
988 1523 1055 1574 ad
1076 1531 1243 1592 gentes
1265 1520 1442 1588 procul
1467 1532 1647 1570 aman-

103 1612 213 1664 dabo
237 1614 252 1682 (
276 1614 386 1665 Act.
414 1612 506 1666 22.
537 1612 597 1666 2|
628 1613 667 1681 ).
698 1612 1165 1682 Dispensationem
1191 1611 1267 1664 sic
1297 1620 1441 1664 recte
1469 1609 1603 1662 dixit
1632 1624 1646 1660 :

100 1710 198 1752 erat
221 1702 356 1754 enim
387 1717 573 1771 magna
607 1703 955 1769 dispensatio,
990 1717 1109 1755 eum
1146 1702 1233 1770 qui
1264 1698 1484 1753 minime
1533 1712 1651 1752 cre-

98 1794 234 1846 debat
259 1809 287 1847 a
311 1795 519 1861 superis
544 1808 735 1849 vocare
761 1803 814 1847 et
842 1793 1022 1847 dicere
1055 1808 1067 1844 :
1104 1792 1280 1851 Saule,
1316 1790 1496 1856 Saule,
1528 1789 1651 1853 quid

98 1901 166 1935 me
189 1885 484 1953 persequeris
506 1885 654 1954 (Act.
689 1884 744 1939 9.
769 1885 803 1938 4
833 1884 896 1953 )‘t
929 1895 981 1937 et
1029 1898 1220 1937 arcana
1255 1882 1339 1936 illa
1366 1883 1482 1935 luce
1526 1897 1647 1935 eum

98 1989 362 2027 ixcazcare.
395 1973 457 2029 Si
488 1985 654 2028 tamen
704 1975 939 2027 audiistis
989 1974 1429 2043 dispensationeni‘
1464 1972 1642 2041 gratia:

96 2060 197 2127 Dei,
225 2079 331 2130 qua!
349 2046 567 2117 dala'est
592 2065 714 2117 mihi
744 2066 795 2117 in
823 2066 978 2129 vobis,
1011 2066 1062 2118 5.
1094 2064 1229 2133 quod
1257 2063 1530 2117 secundum
1555 2056 1636 2115 re-

98 2154 367 2206 relationem
410 2166 585 2208 notum
608 2156 734 2207 mihi
760 2159 953 2225 factum
982 2164 1054 2207 est
1099 2146 1492 2217 sacramentum,
1523 2155 1662 2207 sicut'

100 2264 235 2314 supra
261 2247 438 2315 scripsi
466 2248 517 2300 in
541 2248 693 2300 brevi.
726 2247 977 2301 Fortasse
1006 2262 1100 2314 per
1143 2246 1351 2313 aliquos
1380 2244 1651 2313 signiﬁci-

99 2335 194 2395 \it;
236 2345 321 2390 aut
364 2328 470 2390 rion
524 2339 692 2392 multo
743 2346 901 2391 antea
951 2338 1260 2405 scripserat.
1290 2337 1387 2390 llic
1413 2335 1651 2391 ostendit

96 2426 216 2491 quod
262 2427 565 2481 universum
590 2428 657 2482 sit
681 2429 792 2495 De],
819 2427 957 2497 quod
1006 2427 1137 2479 nihil
1175 2428 1469 2481 attulimus.
1512 2426 1648 2494 Quid

98 2518 243 2583 Quiut,
265 2518 601 2588 dic,qn:nso?
628 2536 733 2573 non
763 2520 877 2588 ipse
904 2534 1126 2588 magnus
1145 2519 1233 2573 ille
1259 2518 1452 2572 Paulus
1478 2529 1528 2571 et
1549 2518 1644 2570 ad-

98 2607 364 2672 mirandus,
394 2609 485 2678 qui
513 2610 685 2679 legem
710 2610 917 2671 didicit,
947 2610 1034 2677 qui
1068 2609 1132 2661 ad
1157 2608 1319 2677 pedes
1342 2608 1649 2662 Gamalielis

97 2708 260 2753 exacte
288 2697 655 2763 fuiteruditus,
684 2702 850 2771 gratia
882 2701 980 2755 fuit
1006 2702 1224 2756 salvus?
1252 2702 1364 2757 Hoc
1389 2702 1512 2771 jure
1534 2717 1652 2772 my-

97 2791 467 2845 sterium-vocat
490 2809 502 2843 :
537 2792 630 2844 Est
655 2793 794 2845 enim
818 2793 1149 2863 mysterium,
1172 2793 1309 2861 quod
1337 2805 1524 2863 gentes
1550 2805 1652 2845 sta-

98 2880 179 2929 tim
200 2880 258 2932 ad
277 2880 528 2947 majorem
557 2864 1206 2947 deduxeritnobilitatem,
1236 2899 1392 2952 quam
1412 2884 1646 2938 Judaros.

98 2968 227 3021 Sicut
246 2968 415 3039 supra,
448 2971 639 3040 inquit,
670 2974 850 3040 scripsi
879 2974 931 3024 in
958 2973 1113 3037 brevi,
1145 2974 1195 3026 id
1222 2983 1324 3037 est,
1358 2976 1558 3042 paucis.
1593 2976 1646 3028 4.

101 3055 239 3109 Proat
282 3062 479 3126 potestis
525 3061 746 3130 legentes
788 3062 1084 3131 intelligere.
1112 3064 1267 3131 Papa:
1298 3066 1311 3117 !
1342 3073 1646 3130 nutrtotuin

96 3150 360 3212 Scribebat,
391 3166 566 3218 neque
618 3161 875 3221 quantum
908 3153 1146 3207 scribere
1199 3155 1499 3219 Oportebat.
1544 3154 1649 3208 Sed

98 3237 173 3291 hic
197 3241 395 3308 quidem
431 3242 532 3296 hoc
556 3242 785 3297 faciebat
824 3246 901 3298 rei
930 3254 1140 3307 natura,
1197 3245 1320 3297 alibi
1350 3255 1528 3299 autem
1574 3246 1647 3298 vi-

98 3330 552 3400 tium,sicut.tpud
608 3332 880 3395 Hebrmos,
938 3334 1071 3387 sicut
1125 3334 1263 3401 apud
1317 3334 1646 3387 Corinthios.

101 3422 241 3473 Prout
266 3425 464 3491 potestis
492 3428 709 3492 legentes
735 3426 1014 3495 intelligere
1040 3428 1360 3496 prudentiam
1409 3445 1569 3481 meam
1596 3428 1650 3482 in

96 3514 313 3579 mysterio
340 3513 547 3567 Christi.
577 3515 629 3567 Id
654 3526 759 3579 est,
783 3517 1052 3584 quomodo
1090 3519 1347 3586 concepi,
1382 3520 1650 3588 quomodo

96 3603 306 3656 intellexi
334 3646 347 3667 ,
377 3615 468 3658 aut
514 3606 817 3673 hujusmodi
862 3623 981 3677 qme
1012 3608 1152 3663 dixit
1201 3610 1357 3677 Dens,
1386 3620 1476 3665 aut
1504 3612 1645 3681 quod

95 3693 566 3750 sedeatadextris.
623 3697 825 3752 Deinde
876 3700 1039 3751 etiam
1098 3699 1451 3771 dignitatem,
1506 3704 1647 3772 quod

97 3784 207 3838 Non
232 3789 299 3839 sic
325 3791 439 3857 fecit
483 3788 621 3841 Deus
664 3791 802 3843 omni
838 3791 992 3860 genti.
1042 3791 1109 3844 Et
1136 3808 1379 3861 quautam
1422 3795 1490 3847 sit
1519 3810 1651 3864 gens

95 3876 260 3930 cuisic
284 3878 403 3932 l'ecit
437 3880 578 3933 Deus
599 3880 899 3946 declarans,
926 3882 1200 3951 sulijungit
1232 3901 1244 3936 :
1275 3884 1326 3937 5.
1365 3884 1514 3949 Quod
1535 3883 1652 3939 aliis

96 3968 492 4032 generationibus,
520 3971 709 4039 inquit,
730 3988 827 4024 non
847 3982 920 4024 est
940 3974 1169 4042 agnitum
1197 3976 1317 4040 ﬁliis
1336 3977 1600 4027 hominum
1631 4019 1645 4044 ,

97 4060 230 4110 sicuti
255 4076 380 4113 nunc
399 4060 675 4115 revelatum
714 4073 786 4116 est
813 4064 1001 4117 sanctis
1049 4068 1293 4135 apostolis
1318 4068 1427 4136 ejus
1457 4079 1501 4121 et
1533 4086 1652 4136 pro-

99 4149 310 4212 phetisia
340 4152 557 4221 Spiritu.
580 4152 717 4219 Quid
762 4169 920 4223 ergo,
966 4155 1053 4210 die
1096 4157 1245 4221 mihi,
1306 4174 1409 4213 non
1463 4172 1652 4216 norant

100 4239 383 4307 prophetia?
411 4240 691 4309 Quomodo
719 4260 850 4313 ergo.
892 4246 1024 4301 dicit
1048 4245 1291 4302 Christus
1313 4291 1328 4315 ,
1359 4250 1568 4320 Moyses
1599 4261 1654 4306 et

102 4333 348 4401 propheta:
376 4334 491 4389 bare
515 4336 583 4390 de
597 4352 681 4391 me
705 4338 1068 4407 scripserunt?
1090 4352 1143 4394 et
1171 4358 1375 4407 rursus,
1405 4344 1467 4397 Si
1487 4348 1624 4400 credi
1635 4378 1651 4387 -

100 4421 275 4477 dissetis
301 4423 483 4496 Moysi,
519 4426 856 4481 credidissetis
869 4439 915 4481 et
942 4431 1106 4483 mihi?
1132 4441 1185 4485 et
1210 4448 1415 4496 rursus,
1436 4435 1651 4489 Scruta-

102 4514 210 4565 mini
236 4515 541 4585 Scripturas,
568 4518 687 4587 quia
703 4534 788 4572 vos
805 4512 992 4586 putatis
1013 4521 1064 4572 in
1091 4521 1213 4590 ipsis
1240 4523 1391 4575 vitam
1412 4535 1651 4579 teternam

101 4603 281 4685 habere;
304 4615 348 4658 et
370 4607 473 4659 illte
495 4617 614 4659 sunt
662 4624 774 4677 qua
808 4611 1149 4673 testimonium
1195 4614 1452 4679 perhibent
1479 4616 1541 4669 de
1573 4634 1650 4671 me

102 4694 259 4761 (Joan.
285 4699 337 4761 5.
363 4700 450 4754 ιθ.
481 4700 575 4760 39)
602 4700 624 4752 ?
651 4703 755 4755 Aut
781 4701 884 4757 hoc
906 4704 1031 4757 dicit
1055 4745 1071 4771 ,
1110 4707 1249 4774 quod
1280 4723 1382 4762 non
1402 4711 1649 4766 omnibus

101 4784 188 4839 fuit
212 4790 496 4845 revelatum
523 4807 537 4855 ;
563 4789 767 4845 addidit
792 4793 966 4847 enim:
999 4793 1146 4860 Quod
1173 4798 1288 4851 aliis
1308 4802 1650 4867 generationi-

103 4879 179 4931 bus
192 4895 283 4933 non
307 4891 375 4934 est
402 4883 628 4953 agnitum
651 4883 771 4949 ﬁliis
798 4884 1079 4950 hominum,
1106 4897 1160 4939 ut
1180 4905 1312 4941 nunc
1334 4892 1429 4960 [ait
1456 4894 1649 4945 revela-

103 4980 193 5021 tum
220 4989 237 5025 :
270 4974 522 5044 autquod
550 4991 653 5028 non
681 4976 761 5028 sic
788 4976 888 5029 iuit
934 4978 1207 5045 cognitum
1250 4982 1410 5037 rebus
1450 4984 1576 5051 ipsis
1599 4994 1653 5038 et

101 5058 252 5128 laetis,
286 5062 351 5117 Ut
377 5080 511 5117 nunc
535 5060 805 5117 revelatum
834 5065 927 5132 [uit
948 5068 1135 5120 sanctis
1168 5070 1411 5138 apostolis
1461 5074 1571 5140 ejus
1606 5084 1651 5126 et

101 5158 335 5225 prophetis
361 5157 412 5210 in
439 5156 659 5225 Spiritu.
677 5155 969 5216 Considera
997 5159 1139 5212 enim
1174 5178 1187 5211 :
1214 5160 1407 5215 Petrus
1433 5165 1531 5217 nisi
1557 5181 1653 5218 au-

103 5247 301 5301 divisset
328 5262 355 5300 a
384 5247 603 5315 Spiritu,
662 5262 764 5301 non
820 5233 1089 5316 proiectus
1152 5260 1296 5305 esset
1336 5252 1401 5305 ad
1442 5266 1647 5322 gentes.

101 5338 216 5391 Audi
241 5341 380 5393 enim
406 5338 531 5408 quid
560 5338 702 5392 dicat
726 5356 739 5390 :
763 5339 903 5407 Ergo
932 5339 1080 5392 Dedit
1108 5339 1211 5392 illis
1234 5339 1374 5397 Deus
1403 5342 1651 5412 Spiritum

102 5439 303 5482 sanctum
347 5430 477 5482 sicut
497 5436 542 5481 et
568 5428 708 5481 nobis
732 5425 864 5501 (Act.
902 5430 985 5483 11.
1018 5430 1147 5492 17);
1183 5429 1284 5483 hoc
1314 5440 1415 5495 est,
1448 5433 1498 5485 in
1536 5434 1671 5502 δρία

103 5523 189 5572 ritu
210 5563 223 5583 ,
248 5523 372 5590 quia
400 5537 499 5590 per
522 5519 779 5589 Spiritum
804 5522 1049 5592 dignatus
1066 5532 1149 5576 est
1173 5523 1309 5577 Deus
1340 5534 1394 5577 ut
1420 5527 1517 5595 ipsi
1564 5543 1653 5582 ac-

103 5614 317 5681 ciperent
342 5614 588 5684 gratiam.
635 5616 809 5683 Atque
832 5601 1316 5685 dicebant'quidem
1344 5618 1648 5687 prophetis;

104 5706 179 5757 sed
204 5722 299 5762 non
352 5707 491 5762 adeo
533 5718 718 5761 exacte
769 5716 1063 5771 noverant,
1112 5723 1233 5762 cum
1282 5726 1379 5765 nec
1424 5713 1650 5779 apostoli

107 5798 287 5860 quidem
317 5810 601 5869 postquam
630 5800 989 5869 audivissent;
1025 5802 1308 5863 humanam
1340 5805 1481 5857 enim
1528 5804 1641 5869 lucc

1766 517 2027 572 rationem
2055 527 2109 572 et
2131 534 2280 588 spem
2332 533 2672 575 communem
2700 520 2854 593 longe
2881 524 3225 594 superabant.
3282 530 3336 581 6.

1760 604 1889 661 Esse
1905 618 2074 678 gentes
2094 610 2361 665 coheredes
2388 620 2435 664 et
2457 613 2846 681 concorporales
2875 625 2922 668 et
2950 617 3334 687 comparticipes

1760 699 2108 765 promissionis
2119 743 2130 754 .

1828 787 1881 840 3.
1908 786 2044 853 Quid
2073 799 2171 854 est,
2199 790 2481 845 Coheredes
2508 803 2556 845 et
2579 795 2965 863 comparticipes
2993 796 3341 862 promissionis

1758 883 1803 927 et
1823 879 2209 945 concorporales
2240 879 2266 931 ?
2295 875 2405 933 Hoc
2431 890 2514 935 est
2552 897 2821 950 magnum,
2851 884 2991 951 quod
3038 878 3199 937 unum
3231 884 3335 938 sint

1757 980 1975 1035 corpus,
2005 968 2147 1036 quod
2179 985 2367 1039 magna
2396 972 2784 1041 propinquitas.
2814 973 2947 1028 Nam
2968 975 3110 1043 quod
3137 989 3339 1028 vocan-

1757 1058 1838 1111 da:
1858 1060 2071 1128 quidem
2100 1071 2281 1116 essent
2304 1105 2317 1126 ,
2344 1075 2631 1128 nowrant;
2663 1066 2804 1134 quod
2832 1067 2895 1121 ad
2924 1067 3037 1120 haec
3060 1066 3333 1133 vocandas,

1757 1165 1863 1203 non
1892 1152 2016 1205 item
2046 1171 2059 1205 :
2089 1153 2189 1206 hoc
2216 1154 2359 1208 enim
2385 1166 2537 1209 vocat
2582 1158 2894 1228 mysterium
2943 1158 3336 1226 promissionis.

1758 1241 2052 1310 Participes
2075 1254 2230 1296 erant
2261 1244 2538 1313 Israelitm,
2567 1248 2977 1316 comparticipes
3000 1254 3153 1301 erant
3176 1248 3339 1302 etiam

1755 1341 1943 1398 gentes
1967 1333 2342 1399 promissionis
2388 1335 2501 1388 Dei.
2550 1333 2615 1387 In
2660 1335 2860 1389 Christo
2889 1354 2978 1407 per
3002 1339 3336 1408 evangelium.

1756 1418 1869 1473 Hoc
1889 1429 1988 1485 est,
2024 1422 2164 1489 quod
2209 1432 2262 1476 et
2285 1423 2351 1478 ad
2380 1424 2525 1493 ipsos
2548 1426 2769 1479 missum
2798 1427 2888 1492 sit,
2918 1435 2972 1479 et
2998 1426 3139 1496 quod
3166 1426 3343 1481 crediv

1760 1513 1938 1583 derint
1967 1532 1979 1566 :
2011 1529 2115 1568 n0n
2148 1515 2290 1570 enim
2334 1527 2653 1588 utcumque,
2699 1518 2812 1583 sed,
2845 1518 2951 1572 Per
3000 1522 3336 1592 evangelium.

1756 1603 1859 1657 Sed
1891 1605 1991 1657 hoc
2017 1605 2232 1675 quidem
2263 1606 2507 1661 nihil’est
2529 1624 2801 1679 magnum;
2832 1624 3050 1678 parvum
3074 1612 3214 1665 enim
3234 1620 3337 1677 est;

1755 1706 1809 1749 et
1839 1694 1978 1749 aliud
2004 1697 2175 1765 majus
2200 1698 2353 1752 nobis
2384 1699 2607 1764 revelat,
2642 1700 2782 1769 quod
2808 1716 2912 1754 non
2954 1701 3127 1755 solum
3166 1701 3339 1755 homi-

1714 1852 1721 1859 ἢ
1756 1802 1872 1851 nes,
1901 1788 1994 1841 sed
2026 1803 2124 1842 nec
2148 1790 2323 1859 angeli
2354 1806 2453 1845 nec
2500 1792 2826 1862 archangeli,
2874 1793 2967 1848 sed
2992 1809 3089 1848 nec
3110 1794 3212 1848 ulla
3234 1796 3337 1849 alia

1756 1887 1992 1945 potestas
2018 1889 2199 1933 creata
2250 1880 2353 1934 boc
2406 1893 2624 1937 noverat
2651 1901 2664 1936 :
2691 1882 2793 1938 hoc
2820 1885 2963 1938 enim
2994 1893 3111 1939 erat
3136 1895 3338 1957 myste-

1756 1967 1915 2031 rium,
1947 1979 2001 2022 et
2027 1983 2131 2023 non
2188 1981 2305 2025 erat
2355 1972 2602 2040 cuiquam
2654 1973 2971 2028 revelatum.
3005 1960 3338 2030 Prudentium

1756 2078 1939 2127 meam,
1966 2062 2154 2131 inquit,
2198 2064 2495 2134 intelligere.
2549 2064 2801 2119 Fortasse
2856 2066 3059 2129 innuit,
3089 2066 3229 2135 quod
3258 2068 3337 2121 eis

1756 2151 1894 2205 dixit
1937 2152 1987 2205 in
2019 2154 2165 2206 Aetis
2192 2195 2206 2218 ,
2237 2154 2378 2222 quod
2410 2154 2481 2209 sit
2511 2154 2627 2223 ejus
2654 2155 2898 2224 quaedam
2930 2156 3284 2225 intelligentia
3320 2196 3334 2219 ,

1757 2255 1811 2296 ut
1847 2244 2007 2296 etiam
2050 2253 2237 2313 gentes
2263 2253 2435 2300 vocet.
2459 2244 2611 2301 Hanc
2636 2261 2786 2299 suam
2817 2246 2946 2301 dicit
2997 2247 3336 2315 prudentiam

1755 2334 2016 2403 mysterii,
2046 2335 2187 2402 quod
2231 2335 2383 2401 dixit,
2413 2336 2557 2406 quod
2587 2336 2638 2387 in
2664 2337 2843 2404 seipso
2869 2335 3063 2391 condet
3091 2337 3145 2391 in
3174 2352 3336 2390 unum

1732 2442 1950 2503 (novum
2006 2426 2299 2480 hominem.
2333 2430 2371 2481 A
2402 2429 2733 2483 revelatione
2778 2429 2919 2482 enim
2965 2428 3152 2483 didicit
3195 2427 3336 2499 quod

1756 2535 1860 2572 non
1913 2528 2158 2588 oporteat
2202 2529 2389 2590 gentes
2441 2520 2760 2587 abominari,
2792 2530 2847 2575 et
2876 2522 2990 2591 ipse
3019 2530 3070 2576 et
3100 2521 3291 2588 Petrus
3320 2537 3335 2569 :

1757 2610 1859 2663 hoc
1881 2610 2010 2663 dicit
2039 2612 2089 2663 in
2113 2626 2212 2665 sua
2240 2610 2577 2665 defensione.
2618 2612 2669 2664 7.
2697 2612 2854 2676 Cuius
2903 2614 3068 2681 [actas
3107 2627 3220 2665 sum
3245 2626 3339 2681 ego

1756 2700 1981 2753 minister
2004 2701 2281 2753 secundum
2324 2701 2528 2754 donum
2569 2702 2749 2771 gratia:
2790 2700 2909 2766 Dei,
2939 2717 3051 2770 qua:
3099 2702 3221 2754 data
3265 2711 3339 2754 est

1756 2792 1881 2844 mihi
1910 2792 2185 2844 secundant
2211 2794 2555 2859 operationem
2583 2792 2779 2844 virtutis
2808 2791 2937 2861 ejus.
2968 2791 3107 2844 Dixit
3134 2806 3191 2844 se
3215 2806 3336 2845 esse

1753 2883 2010 2946 vinctum,
2039 2882 2130 2936 sed
2159 2898 2340 2935 rursus
2370 2890 2535 2936 totum
2575 2883 2692 2951 ejus
2718 2882 2979 2935 essedicit
3003 2897 3016 2945 ;
3048 2881 3337 2934 Secundum

1755 2973 1943 3025 donum
1970 2975 2151 3041 gratiae
2197 2975 2341 3041 ejus,
2389 2973 2682 3041 inquiens:
2733 2972 3030 3025 secundum
3081 2971 3337 3024 virtutem

1754 3066 1897 3117 enim
1927 3079 1989 3118 ac
2017 3074 2336 3132 potestatem
2364 3064 2490 3119 doni
2520 3063 2618 3118 fuit
2642 3064 2872 3134 dignitas
2902 3063 3061 3133 hujus
3093 3062 3336 3116 honoris.

1756 3157 1863 3212 Sed
1890 3174 1994 3212 non
2017 3157 2318 3212 sullecissct
2345 3157 2546 3212 donum
2576 3199 2591 3223 ,
2621 3157 2722 3210 nisi
2755 3157 2830 3209 illi
2861 3156 3147 3210 indidisset
3172 3156 3340 3210 virtu-

1757 3260 1861 3305 tem
1891 3266 1951 3303 ac
1984 3257 2322 3317 potestatem.
2952 3258 2955 3263 '

1825 3340 1982 3394 Pauli
2008 3340 2473 3395 virtus.—Revcm
2504 3340 2648 3395 enim
2677 3356 2883 3410 magna:
2914 3340 3011 3395 fuit
3035 3342 3250 3396 virtutis
3273 3357 3338 3396 ac

1755 3433 2060 3501 potestatis;
2094 3446 2193 3485 nec
2225 3430 2453 3484 humana
2483 3432 2780 3486 sufﬁciebat
2807 3433 3077 3502 diligentia
3105 3442 3159 3487 et
3185 3435 3340 3489 indu-

1754 3524 1905 3576 stria.
1936 3521 2057 3574 Tria
2085 3521 2227 3572 enim
2274 3522 2450 3573 attulit
2475 3520 2541 3574 ad
2584 3523 3016 3590 prmdicationem
3060 3540 3074 3575 :
3121 3522 3335 3578 ferven-

1756 3621 1861 3666 tem
1893 3620 1946 3664 et
1974 3609 2229 3663 audacem
2262 3612 2425 3663 animi
2475 3611 2807 3666 alacritatem
2833 3652 2847 3675 ,
2902 3622 2957 3666 et
2994 3612 3059 3666 ad
3111 3615 3338 3682 quodvis

1755 3702 2124 3756 sustinendum
2165 3712 2400 3769 paratam
2441 3704 2673 3755 animam
2700 3745 2714 3767 ,
2748 3711 2803 3756 et
2833 3703 3237 3773 intelligentiam
3275 3721 3339 3761 ac

1755 3794 2070 3863 sapientiam
2106 3810 2118 3845 :
2152 3809 2254 3846 non
2287 3793 2587 3847 sufﬁciebat
2629 3794 2769 3847 enim
2800 3778 3045 3849 lubenter
3067 3797 3213 3850 adire
3244 3812 3338 3865 pe-

1755 3889 1941 3954 ricula,
1968 3890 2068 3941 vita
2099 3888 2146 3940 in
2166 3904 2321 3956 quam
2336 3904 2446 3940 «ton
2470 3887 2692 3941 cadebat
2721 3887 3085 3955 reprehensio,
3109 3890 3209 3942 nisi
3233 3890 3339 3942 vir—

1756 3987 1922 4032 tutem
1954 3976 2181 4045 Spiritus
2212 3978 2522 4046 accepisset.
2549 3977 2612 4030 Et
2645 3976 2696 4030 id
2717 3978 2941 4045 primum
2966 3993 3030 4031 ex
3064 3978 3177 4045 ipso
3203 3993 3335 4031 cou—

1756 4078 1860 4121 tem
1870 4068 1951 4135 pla
1961 4083 2035 4127 re.
2057 4067 2163 4119 imo
2177 4067 2297 4119 audi
2321 4082 2441 4119 eum
2464 4066 2782 4120 scribentem
2803 4066 2892 4120 :Ut
2915 4083 3014 4120 non
3027 4068 3333 4133 vituperetur

1756 4161 2089 4213 ministerium
2120 4169 2343 4212 nostrum
2366 4158 2443 4229 (2.
2470 4156 2587 4213 Cor.
2618 4159 2670 4212 6.
2702 4161 2788 4228 5);
2818 4167 2871 4212 et
2902 4174 3107 4225 rursus,
3136 4159 3336 4213 Exhor-

1754 4253 1873 4303 tatio
1901 4252 2031 4302 enim
2060 4259 2250 4311 nostra,
2278 4265 2378 4301 non
2403 4258 2464 4301 ea:
2487 4264 2676 4311 errore,
2718 4264 2874 4317 neque
2899 4265 2962 4301 ex
2989 4250 3331 4315 innnunditia,

1755 4358 1913 4411 neque
1936 4340 1986 4391 in
2014 4356 2240 4391 sermone
2260 4338 2589 4402 adulationis,
2620 4332 2776 4401 neque
2794 4339 2845 4391 in
2885 4341 3145 4392 occasione
3168 4342 3339 4393 avari-

1756 4433 1839 4485 tiw
1860 4433 1935 4498 (1.
1974 4430 2214 4484 Thess.2.
2243 4430 2323 4501 '5).
2347 4430 2531 4485 Vidisti
2557 4445 2660 4483 non
2689 4445 2809 4485 esse
2832 4430 3121 4484 obnoxium
3151 4447 3335 4499 reprc-

1756 4521 2046 4577 hensioni?
2080 4522 2143 4574 Et
2174 4536 2379 4586 rursus,
2414 4519 2742 4574 Providentes
2788 4519 2938 4583 bona,
2996 4536 3107 4575 non
3158 4523 3331 4575 solum

1755 4628 1935 4666 coram
1970 4612 2209 4671 Domino,
2241 4612 2334 4664 sed
2357 4612 2515 4666 etiam
2535 4628 2703 4663 coram
2725 4612 3010 4666 hominibus
3039 4611 3215 4684 (Rom.
3246 4613 3334 4666 12.

1757 4702 1869 4770 17).
1902 4701 2102 4755 Deinde
2123 4701 2223 4753 sub
2254 4700 2386 4765 hu-c,
2435 4700 2670 4766 Quotidie
2718 4705 2928 4763 morior,
2975 4717 3064 4771 per
3111 4712 3336 4755 nostram

1755 4792 2108 4863 gloriationem
2130 4832 2142 4855 ,
2174 4807 2327 4859 quam
2347 4790 2505 4843 habeo
2528 4791 2582 4842 in
2608 4789 2806 4843 Christo
2840 4790 2966 4843 Jesu
2996 4792 3070 4860 (1.
3103 4792 3218 4844 Cor.
3246 4793 3334 4846 15.

1722 4904 1725 4913 ί
1755 4886 1884 4951 5ης
1918 4892 1970 4935 et
2010 4897 2215 4945 rursus,
2249 4881 2372 4946 Quis
2403 4876 2492 4934 nos
2516 4881 2768 4949 separabit
2794 4898 2827 4933 a
2865 4882 3073 4934 caritate
3096 4882 3285 4935 Christi
3312 4883 3338 4935 ἓ

1755 4976 1974 5045 aﬂlictio,
1998 4983 2086 5026 aut
2106 4974 2359 5041 angustia,
2393 4980 2481 5024 aut
2501 4973 2816 5041 persequutio
2844 4971 3018 5042 (Rom.
3041 4972 3093 5025 8.
3123 4972 3219 5042 55)
3239 4973 3261 5025 ?
3282 4983 3337 5027 et

1757 5079 1961 5126 rursus,
1988 5062 2048 5117 In
2074 5062 2315 5133 patientia
2336 5062 2516 5127 multa,
2544 5062 2596 5114 in
2624 5061 3049 5125 tribulationibus,
3078 5063 3131 5115 in
3162 5079 3335 5117 neces-

1757 5158 1985 5210 sitatibus
2010 5196 2024 5219 ,
2065 5157 2117 5208 iu
2148 5154 2630 5225 persequutionibus,
2663 5154 2717 5207 in
2747 5157 3010 5224 angustiis.
3044 5158 3097 5209 in
3147 5159 3333 5228 plagis,

1755 5253 1808 5304 in
1837 5246 2117 5301 carceribus
2168 5244 2240 5317 (2.
2271 5244 2387 5297 Cor.
2421 5245 2472 5297 5.
2507 5245 2557 5298 4.
2591 5244 2670 5315 5).
2698 5244 2900 5299 Deinde
2949 5246 3064 5315 ejus
3113 5248 3326 5315 dispen~

1757 5342 1892 5397 satio
1912 5359 1925 5395 :
1948 5339 2134 5392 Factus
2160 5352 2269 5391 sum
2289 5334 2486 5388 Judwis
2509 5346 2764 5403 tamquam
2779 5332 3022 5399 Iudaeus;
3046 5338 3105 5389 iis
3124 5338 3209 5407 qui
3228 5339 3338 5392 sine

1759 5442 1864 5505 .ege
1905 5442 2021 5487 sunt
2059 5431 2203 5501 quasi
2245 5431 2353 5482 siue
2377 5429 2484 5498 lege
2507 5444 2705 5492 essent;
2741 5429 2803 5481 iis
2829 5445 2912 5497 qui
2937 5429 3028 5481 sub
3059 5429 3167 5499 lege
3194 5441 3336 5484 erant

1760 5523 2140 5593 tamquamsub
2168 5522 2272 5590 lege
2293 5535 2449 5574 essent
2475 5519 2493 5582 (
2524 5520 2574 5572 1.
2606 5518 2723 5571 Cor.
2756 5518 2807 5573 9.
2840 5519 2930 5573 20.
2972 5519 3085 5591 2i).
3120 5521 3338 5575 Raditur

1759 5617 1942 5680 etiam,
1966 5624 2019 5667 et
2051 5613 2172 5666 facit
2204 5610 2633 5664 innumerabilia.
2667 5610 2819 5677 Quod
2847 5620 3023 5665 autem
3056 5624 3137 5666 est
3174 5624 3336 5682 caput

1758 5706 2018 5769 Omnium,
2046 5705 2095 5756 in
2124 5704 2317 5756 virtute
2352 5700 2584 5769 Spiritus
2606 5701 2796 5754 sancti.
2832 5700 2951 5753 Non
2979 5702 3110 5754 enim
3140 5703 3337 5757 audebo

1763 5797 1952 5867 aliquid
1997 5793 2130 5865 loqui
2158 5809 2365 5862 eorum,
2396 5808 2506 5864 qua!
2534 5808 2634 5846 non
2679 5778 2842 5857 ell'ccit
2872 5792 3098 5845 Christus
3125 5809 3215 5861 per
3261 5808 3339 5845 me
