4108 6312
801 345 862 394 47
1526 349 1582 403 s.
1621 345 1896 402 .lOANNlS
1930 338 2398 399 cnnvsosrom
2438 338 2750 395 AllClllEP.
2791 344 3316 406 CONSTAN'I‘INOP.
3992 361 4043 415 ιε

791 457 963 518 (fiam.
1000 462 1084 516 15.
1111 462 1203 531 18)
1229 479 1244 526 ς
1276 471 1330 516 et
1358 479 1543 517 rursus
1561 505 1576 526 ,
1613 463 1752 528 Quid
1782 463 1911 516 enim
1944 472 2012 514 est
2039 459 2174 530 quod
2198 457 2364 509 minus

803 552 1039 605 habuistis
1083 568 1189 622 pra:
1211 553 1402 606 caeteris
1434 551 1709 606 Ecclesiis?
1730 562 1781 605 et
1811 553 2024 614 iterum,
2071 548 2122 602 Ν
2127 551 2218 601 ihit
2241 548 2373 601 enim

798 642 961 692 minus
979 658 1088 694 sum
1110 641 1170 693 ab
1195 643 1255 694 iis
1283 644 1368 710 qui
1389 654 1506 694 stmt
1529 660 1685 708 supra
1703 642 1903 693 modum
1923 641 2160 710 apostoli,
2181 641 2376 693 tametsi

798 731 926 784 nihil
954 749 1064 786 sum
1096 733 1172 800 (‘2.
1199 733 1318 787 Cor.
1355 734 1556 788 12.15.
1583 736 1694 802 ll).
1714 735 1840 788 Sine
1869 733 1951 786 his
1975 733 2115 787 enim
2147 747 2250 786 nOu
2277 748 2374 798 po-

801 831 904 875 test
924 823 1059 877 fieri.
1087 823 1204 877 Non
1232 840 1359 895 ergo
1391 835 1605 894 propter
1629 825 1777 894 signa
1809 825 1927 891 ejus
1952 824 2074 879 facti
2094 831 2217 876 sunt
2245 821 2377 874 tide-

785 913 876 966 les
906 930 918 964 :
950 930 1053 967 non
1076 916 1216 970 enim
1243 917 1392 986 signa
1421 916 1522 970 hoc
1550 916 1844 981 faciebant;
1875 932 2044 984 neque
2060 932 2125 969 ex
2157 916 2219 968 iis
2241 930 2377 983 pra:-

800 1004 945 1059 elare
966 1005 1033 1059 de
1055 1021 1113 1060 se
1130 1009 1330 1063 sentire
1360 1009 1592 1070 volebat.
1617 1009 1709 1062 sed
1737 1025 1799 1061 ex
1823 1009 1965 1062 aliis.
1991 995 2212 1077 Oportet
2231 1009 2372 1062 enim

800 1107 852 1150 et
879 1114 982 1150 non
1013 1114 1135 1154 esse
1171 1100 1459 1155 obnoxium
1493 1101 1928 1169 reprehensioni,
1957 1111 2012 1156 et
2035 1087 2374 1170 dispensandi

801 1200 982 1244 tenere
1007 1201 1197 1259 artem,
1217 1193 1348 1246 ctad
1373 1195 1603 1262 pericula
1623 1195 1866 1248 adeunda
1892 1201 2215 1263 promptum,
2237 1202 2288 1246 et
2306 1192 2374 1245 ad

803 1279 1102 1334 docendum
1131 1296 1251 1336 esse
1278 1292 1480 1351 aptum.
1505 1283 1558 1337 In
1581 1283 1662 1336 his
1681 1277 1850 1352 magis
1867 1299 1926 1337 se
1955 1292 2099 1337 recte
2118 1282 2368 1352 gerebat:

799 1373 842 1422 si
876 1374 988 1427 lucc
1012 1383 1163 1428 erant
1185 1415 1200 1438 ,
1232 1375 1361 1428 nihil
1402 1390 1537 1443 opus
1581 1384 1697 1428 erat
1739 1376 1924 1445 signis.
1953 1376 2128 1444 Ipsum
2159 1372 2368 1444 quidem

797 1473 942 1515 certe
969 1462 1208 1517 videmus
1229 1466 1388 1518 etiam
1417 1475 1541 1518 ante
1575 1465 1745 1533 signa,
1780 1465 2183 1520 innmnerabilia
2228 1470 2374 1532 ejus-

798 1551 938 1604 modi
965 1561 1110 1607 recte
1134 1553 1384 1621 gessisse.
1416 1553 1564 1609 Nunc
1591 1565 1766 1608 autem
1799 1556 1925 1608 nihil
1957 1558 2144 1609 horum
2171 1555 2374 1610 haben-

799 1651 900 1705 tes,
956 1643 1136 1696 omnia
1187 1643 1435 1698 volumus
1493 1645 1736 1698 obtinere
1779 1653 1834 1697 et
1878 1646 2108 1699 efﬁcere.
2153 1645 2282 1699 Nam
2329 1646 2374 1700 si

797 1731 1024 1784 alterum
1056 1733 1125 1785 ab
1143 1733 1312 1787 altero
1341 1735 1499 1788 fuerit
1530 1745 1854 1802 separatum,
1885 1737 2149 1805 reliquum
2179 1738 2234 1790 lit
2260 1738 2374 1791 inn-

799 1821 910 1872 tilr.
945 1820 1081 1887 Quid
1114 1823 1256 1876 enim
1300 1824 1450 1891 juvat
1491 1839 1612 1878 esse
1646 1840 1969 1894 propensum
2017 1825 2082 1878 ad
2131 1826 2374 1882 adeunda

799 1913 1034 1981 pericula
1057 1953 1074 1978 ,
1103 1914 1148 1967 si
1175 1915 1244 1969 sit
1285 1916 1389 1968 vita
1422 1914 1650 1968 obnoxia
1681 1916 2130 1984 reprehensioni?
2161 1919 2221 1971 Si
2242 1919 2374 1970 enim

798 2003 990 2068 lmnen,
1024 2003 1210 2073 inquit,
1260 2004 1397 2075 quod
1422 2007 1474 2058 in
1516 2015 1563 2059 te
1586 2015 1656 2060 est
1680 2047 1695 2070 ,
1723 2017 1840 2060 sunt
1882 2009 2115 2070 tenebrat,
2165 2010 2379 2063 tenebra:

796 2107 1001 2164 quantae
1027 2108 1143 2152 sunt
1185 2099 1395 2168 (Matth.
1429 2101 1480 2155 6.
1509 2101 1600 2173 25)
1623 2103 1645 2154 ἶ)
1668 2102 1808 2173 ριιίι]
1847 2114 2022 2158 autem
2053 2103 2270 2173 prodest
2298 2106 2375 2156 in-

798 2190 1007 2256 culpata
1041 2191 1142 2242 vita
1175 2192 1222 2244 ei
1267 2192 1355 2261 qui
1384 2193 1454 2244 sit
1485 2193 1704 2262 ignavus
1731 2205 1783 2248 et
1827 2193 2265 2248 sonmiculosus?
2317 2195 2377 2249 Si

793 2283 910 2349 quis
930 2283 1062 2336 enim
1103 2301 1202 2337 non
1229 2283 1373 2337 :ollat
1402 2301 1598 2339 crucem
1626 2281 1770 2338 Suam
1809 2297 1855 2339 et
1881 2296 2120 2356 sequatur
2147 2306 2243 2352 me,
2278 2306 2375 2342 nou

800 2385 872 2427 est
907 2391 984 2426 me
1008 2375 1193 2445 dignus
1224 2374 1436 2447 (Matth.
1474 2377 1558 2431 10.
1591 2378 1723 2446 58)?
1747 2387 1818 2440 et,
1846 2379 1954 2433 Nisi
1985 2381 2104 2448 quis
2143 2381 2376 2448 posuerit

799 2465 1030 2517 animam
1059 2481 1210 2518 suam
1241 2481 1334 2533 pro
1361 2468 1546 2519 ovibus
1568 2468 1743 2535 (Joau.
1780 2465 1867 2522 l0.
1900 2471 2008 2534 ll).
2038 2469 2173 2537 Quid
2199 2481 2374 2524 autem

803 2559 1020 2626 prodest
1061 2568 1284 2630 utraque
1316 2561 1429 2615 haec
1474 2571 1676 2626 tenere,
1707 2571 1760 2617 et
1790 2579 1898 2617 non
1928 2578 2049 2617 esse
2097 2575 2278 2634 aptum
2310 2565 2377 2618 ad

800 2652 1234 2720 dispensandum,
1282 2661 1343 2707 ut
1367 2653 1495 2707 sciat
1525 2654 1792 2723 quomodo
1821 2663 2066 2723 Oporteat
2097 2655 2380 2724 unicuique

800 2742 1170 2810 respondere?
1217 2743 1274 2798 Si
1304 2746 1463 2815 etiam
1500 2745 1649 2814 signa
1676 2760 1781 2799 non
1812 2745 1920 2799 sint
1967 2746 2018 2798 in
2045 2745 2197 2799 nobis
2217 2786 2232 2809 ,
2266 2744 2382 2798 hare

801 2844 1026 2904 utraque
1069 2835 1177 2904 sint
1205 2836 1256 2888 in
1290 2836 1462 2888 nobis.
1496 2834 1601 2890 Sed
1645 2847 1819 2890 tamen
1863 2837 1980 2890 hmc
2021 2837 2197 2890 omnia
2226 2852 2290 2902 es
2320 2851 2379 2889 se

800 2926 1065 2990 afl‘ereps,
1121 2936 1288 2981 totum
1340 2939 1613 2997 acceptum
1655 2929 1859 2983 ferebat
1905 2929 2108 2994 gratim.
2146 2927 2258 2981 Hoc
2297 2936 2381 2981 est

799 3018 934 3085 grati
977 3017 1179 3071 famuli.
1227 3017 1336 3087 Nec
1381 3035 1630 3088 umquam
1675 3019 2044 3073 didicissemus
2083 3032 2169 3073 res
2207 3016 2275 3071 ab
2315 3031 2381 3071 eo

803 3118 1001 3176 gestas,
1033 3109 1133 3161 nisi
1164 3109 1411 3163 redactus
1440 3118 1585 3164 esset
1613 3109 1919 3163 necessario
1939 3109 2004 3162 ad
2029 3123 2146 3163 rem
2185 3124 2379 3178 geren-

788 3199 942 3265 dam.
983 3199 1219 3270 .Dignine
1249 3217 1433 3254 sumus
1470 3203 1556 3270 qui
1608 3202 1754 3256 Pauli
1811 3202 1894 3256 vel
1941 3203 2382 3257 meminerimus?

801 3293 894 3348 Ille
917 3295 1076 3348 etiam
1107 3294 1308 3351 habens
1337 3312 1455 3364 qua:
1476 3298 1524 3350 ei
1551 3311 1709 3364 opem
1744 3295 1946 3349 ferebat
1970 3297 2194 3363 gratiam
2221 3334 2234 3359 ,
2271 3311 2376 3347 non

800 3389 932 3442 satis
959 3386 1163 3453 habuit,
1193 3388 1286 3442 sed
1317 3389 1479 3442 etiam
1503 3389 1647 3443 mille
1672 3387 2084 3458 subiitpcricula
2114 3408 2127 3442 :
2160 3404 2257 3442 nos
2282 3405 2382 3441 au-

804 3494 914 3538 tem
942 3484 1029 3552 qui
1062 3484 1149 3538 illa
1194 3497 1439 3537 caremus
1484 3481 1673 3534 tiducia
1702 3522 1716 3544 ,
1765 3481 2390 3549 midenam,dic,quzeso,

802 3585 1174 3643 exspectamus
1197 3589 1295 3628 nos
1338 3582 1754 3628 conservaturos
1793 3589 1886 3627 eos
1929 3559 2216 3643 qui'nobis
2255 3582 2379 3627 sunt

802 3666 1016 3732 crediti,
1040 3677 1131 3718 aut
1156 3681 1249 3719 eos
1277 3673 1588 3731 accepturos
1626 3663 1714 3733 qui
1746 3662 1982 3716 nondum
2013 3661 2380 3717 accesserint?

803 3774 920 3822 n04,
957 3757 1191 3827 inquam,
1215 3757 1303 3826 qui
1337 3755 1692 3825 voluptatibus
1721 3763 1776 3808 et
1805 3755 2012 3809 deliciis
2051 3755 2252 3824 expleri
2280 3769 2376 3806 cu-

786 3867 1005 3914 ramus,
1036 3857 1091 3904 et
1138 3847 1370 3917 undique
1414 3847 1578 3902 otium
1609 3834 1918 3915 qnairimns,
1950 3856 2002 3900 et
2031 3845 2263 3920 pericula
2311 3861 2379 3898 ne

804 3942 1080 3998 insomnis
1099 3941 1314 4010 quidem
1338 3939 1477 3994 ferre
1500 3933 1804 4009 possumus;
1824 3937 1932 3991 imo
1956 3951 2087 3992 vero
2108 3938 2376 4002 nolumus;

803 4048 836 4086 a
863 4031 1120 4101 sapientia
1167 4040 1343 4085 autem
1377 4029 1491 4099 ejus
1545 4038 1746 4082 tantum
1803 4029 2077 4089 absumus,
2121 4035 2378 4096 quantum

804 4123 995 4178 celum
1025 4138 1054 4176 a
1086 4132 1225 4178 terra
1244 4122 1276 4174 ‘2.
1323 4121 1608 4190 Propterea
1663 4132 1715 4175 et
1765 4121 1853 4189 qui
1904 4123 2102 4174 nostra:
2153 4118 2382 4188 subjecti

806 4224 936 4272 sunt.
955 4213 1424 4280 administrationi,
1469 4213 1691 4267 multum
1718 4212 1917 4267 distant
1945 4211 2014 4263 ab
2040 4212 2104 4264 iis
2129 4211 2216 4280 qui
2260 4220 2383 4264 tunc

809 4317 964 4362 erant
1015 4323 1029 4360 :
1070 4305 1507 4378 quandoquidem
1538 4305 1626 4374 qui
1658 4315 1783 4358 tunc
1822 4312 1976 4357 erant
1999 4301 2242 4371 discipuli
2269 4344 2284 4365 ,
2320 4303 2382 4354 iis

805 4398 896 4469 qui
927 4413 1068 4452 nunc
1087 4375 1468 4466 suntmagistri
1491 4405 1641 4449 erant
1671 4394 2092 4465 przestantiorcs,
2127 4404 2184 4446 ut
2208 4394 2297 4463 qui
2331 4394 2380 4447 in

807 4490 1018 4546 mediis-
1048 4489 1259 4558 populis
1300 4498 1355 4542 et
1399 4489 1638 4558 tyrannis
1686 4488 2002 4556 intercepti,
2044 4497 2099 4541 ct
2135 4487 2384 4555 undique

805 4597 993 4637 omnes
1025 4581 1281 4635 habentes
1307 4580 1488 4634 hostes
1513 4621 1530 4645 ,
1566 4595 1634 4632 ne
1663 4594 1846 4647 parum
1877 4579 2092 4648 quidem
2141 4577 2382 4632 attrahe-

806 4675 1000 4728 bantur
1043 4681 1098 4726 et
1144 4670 1574 4726 inflectcbantur.

873 4765 928 4818 4.
951 4762 1087 4816 Audi
1117 4764 1293 4832 itaque
1319 4761 1442 4828 quid
1457 4761 1599 4814 dicat
1619 4760 2050 4830 Philippensibus
2080 4776 2095 4816 ε
2128 4759 2378 4826 Quoniam

809 4857 942 4915 tabis
970 4855 1214 4909 donatum
1241 4865 1316 4909 est
1346 4870 1439 4925 pro
1468 4855 1668 4909 Christo
1689 4895 1702 4919 ,
1749 4871 1850 4910 non
1893 4855 2059 4909 soluat
2085 4865 2138 4908 ut
2166 4856 2220 4908 in
2264 4872 2380 4908 cum

802 4949 1041 5013 credatis,
1076 4947 1166 5002 sed
1193 4949 1344 5002 etiam
1373 4957 1426 5000 ut
1448 4964 1541 5017 pro
1570 4947 1679 5018 ipso
1732 4948 1998 5016 patiamini
2031 4946 2290 5020 (Philipp.
2326 4951 2377 5003 1.

802 5039 942 5112 29);
998 5055 1182 5094 rursus
1229 5047 1407 5094 autem
1451 5038 2055 5103 Thessalonicensibus,
2089 5037 2380 5093 Imitatores

803 5133 927 5203 tacti
939 5133 1058 5188 estis
1082 5131 1418 5186 Ecclesiarum
1439 5131 1554 5196 Dei,
1573 5148 1686 5203 qua:
1695 5142 1809 5186 sunt
1826 5133 1879 5185 in
1889 5131 2081 5205 judico
2099 5133 2117 5201 (
2132 5134 2148 5186 l
2163 5170 2179 5185 .
2200 5131 2376 5186 Thess.

775 5213 858 5282 '3.
891 5227 958 5282 ﬂ
973 5226 1014 5297 ).
1049 5225 1118 5280 Et
1140 5225 1206 5280 ad
1230 5224 1482 5279 Hebraeos
1505 5225 1745 5280 scribens
1769 5225 1981 5280 dicebat
2006 5244 2018 5278 :
2046 5225 2116 5280 Et
2145 5227 2378 5295 rapinam

803 5319 1047 5372 bonorum
1065 5328 1478 5372 vestroruntcunt
1507 5316 1694 5388 gaudio
1736 5318 2027 5387 suscepistis
2066 5318 2250 5391 (Hebr.
2286 5320 2376 5374 l0.

804 5412 921 5478 δι).
946 5409 1357 5466 Colossensibus
1375 5424 1589 5480 quoque
1609 5407 1714 5465 fert
1734 5411 2118 5479 testimonium,
2151 5412 2370 5469 dicens:

807 5501 998 5555 Mortui
1021 5504 1152 5555 enim
1172 5503 1308 5568 estis,
1338 5513 1385 5557 et
1411 5503 1511 5556 vita
1528 5513 1691 5557 vestra
1710 5503 1952 5557 absconsa
1989 5514 2062 5558 est
2089 5521 2202 5558 cum
2229 5490 2379 5559 Clu-i1

805 5604 880 5648 sto
905 5594 958 5647 in
985 5592 1091 5660 Deo
1121 5592 1259 5664 (Cat.
1286 5594 1339 5647 3.
1371 5594 1448 5663 ὅ).
1476 5594 1542 5648 Et
1581 5593 1650 5649 de
1670 5594 1802 5662 ipsis
1829 5593 1914 5648 his
1939 5604 2165 5649 testatur
2211 5598 2370 5650 etiam

805 5682 942 5754 quod
974 5685 1135 5738 multa
1179 5683 1442 5739 subierint
1490 5684 1743 5754 pericula.
1783 5685 1851 5740 Et
1879 5685 1945 5740 ad
1970 5685 2186 5742 Galatas
2211 5686 2374 5743 etiam

800 5773 1041 5831 scribens
1066 5776 1159 5830 ait.
1185 5772 1353 5829 Tanta
1370 5776 1503 5831 vassi
1529 5776 1644 5831 estis
1666 5777 1774 5831 sine
1801 5793 1978 5843 causa,
2005 5777 2050 5832 si
2074 5787 2241 5832 tamen
2273 5783 2382 5838 sine

2478 469 2632 508 causa
2675 456 2815 527 (Gal.
2842 462 2892 514 5.
2922 463 2999 522 4).
3035 463 3191 518 Vides
3217 483 3405 522 omnes
3446 467 3570 524 huic
3602 472 3679 526 rei
3727 473 4038 538 incubuisse.

2483 564 2676 619 nempe
2720 560 2777 603 ιιι
2810 553 2944 608 bene
2989 555 3246 611 ﬁcerent.
3281 559 3568 628 Propterea
3599 573 3726 618 tunc
3763 565 3921 618 etiam
3950 583 4038 619 non

2480 649 2596 692 erat
2616 641 2783 693 otiosa
2826 645 2993 712 gratia
3035 689 3048 702 .
3085 661 3361 716 propterea
3395 651 3520 706 hinc
3544 653 3596 706 in
3628 655 3779 709 bonis
3809 657 4042 724 cperibus

2482 730 2641 784 vitam
2669 734 2913 802 agebant.
2941 737 3076 805 Quid
3104 756 3229 793 vero
3255 742 3321 794 ad
3348 743 3657 798 Corinthios
3683 747 3883 800 scribat
3909 750 4038 812 audi,

2479 823 2632 890 queis
2664 827 2824 878 multa
2873 832 3094 883 crimina
3135 833 3320 900 objicit
3348 851 3361 886 :
3394 851 3571 890 annon
3600 837 3668 892 de
3698 839 3802 892 illis
3847 855 4043 908 quoque

2482 914 2595 969 lucc
2623 918 2956 986 testiﬁcatur,
2981 921 3085 975 Sed
3103 927 3473 981 (sinulationem
3495 940 3730 995 vestram,
3758 932 3847 984 sed
3866 931 4046 984 deside-

2481 1008 2613 1060 rium
2667 1001 2742 1079 (2.
2774 1010 2893 1065 Cor.
2927 1015 2976 1065 7.
3010 1015 3236 1083 ll)?~Et
3273 1018 3341 1072 de
3371 1018 3471 1073 hac
3505 1037 3559 1074 re
3590 1036 3707 1090 quae
3749 1023 3880 1091 ipsis
3907 1025 4041 1090 dicit,

2480 1116 2540 1154 ca
2572 1118 2711 1156 nunc
2756 1119 2823 1156 ne
2852 1121 2877 1157 τι
2932 1109 3196 1176 magistris
3226 1110 3438 1178 quidem
3472 1111 3586 1166 ﬁeri
3629 1113 3840 1168 videtis.
3875 1113 4044 1182 Itaque

2482 1206 2705 1262 pereunt
2733 1207 2784 1249 et
2816 1197 3131 1274 interierunt
3161 1203 3362 1256 ouiuia.
3385 1202 3555 1257 Causa
3587 1214 3762 1259 autem
3793 1215 3896 1269 est,
3920 1208 4045 1274 quod

2483 1287 2749 1340 refrixerit
2783 1289 3000 1353 caritas,
3039 1291 3178 1357 quiod
3222 1293 3309 1362 qui
3343 1304 3564 1360 peccant
3593 1309 3698 1348 non
3737 1298 4049 1365 castigentur
4084 1305 4085 1308 ‘

2480 1377 2644 1449 (andi
2675 1394 2795 1433 eum
2823 1381 3145 1434 scribentem
3172 1382 3237 1435 ad
3305 1379 3642 1437 Timotheum
3673 1394 3726 1438 et
3753 1385 4046 1446 dicentem,

2486 1468 2756 1523 Peccantes
2783 1487 2954 1523 coram
2985 1473 3213 1525 omnibus
3237 1490 3392 1542 argue
3421 1473 3465 1548 [Ι
3481 1511 3496 1526 .
3517 1474 3652 1528 Tim.
3753 1475 3894 1547 20]);
3922 1478 4047 1545 quod

2483 1562 2752 1631 principes
2777 1572 3075 1632 argrotent:
3102 1580 3222 1618 nam
3249 1565 3376 1620 dum
3403 1576 3562 1635 caput
3585 1582 3688 1620 non
3723 1577 3802 1621 est
3847 1583 4047 1625 sanum,

2482 1653 2751 1720 quomodo
2797 1655 2933 1708 bene
2991 1656 3171 1709 valens
3219 1656 3478 1710 manserit
3522 1657 3781 1726 reliquum
3829 1660 4052 1725 corpus?

2484 1741 2618 1796 Vide
2647 1757 2777 1812 ergo
2801 1754 2997 1812 quanta
3028 1747 3096 1798 sit
3143 1747 3494 1816 inaequalitas.
3525 1747 3657 1802 Nam
3693 1751 3782 1818 qui
3814 1760 3958 1803 recte
3987 1751 4051 1802 vi-

2481 1844 2630 1892 vunt,
2663 1845 2714 1887 et
2741 1834 3134 1902 «piomodccum
3159 1853 3243 1904 pie
3272 1836 3471 1891 habent
3503 1838 3771 1903 fiduciam,
3795 1841 4049 1893 tuentium

2481 1928 2755 1992 Cacumina
2803 1938 3136 1997 occuparunt
3161 1936 3216 1982 et
3251 1943 3282 1982 a
3310 1931 3487 1991 medio
3518 1940 3878 1995 recesserunt,
3928 1940 4051 1983 tam-

2481 2033 2638 2087 quam
2668 2019 2734 2071 ab
2758 2017 2908 2072 hoste
2935 2030 2986 2072 et
3013 2020 3209 2085 alieno,
3237 2034 3332 2074 seu
3361 2035 3465 2074 non
3488 2036 3518 2074 a
3546 2036 3644 2075 suo
3665 2037 3889 2091 corpore
3912 2023 4052 2075 avul-

2483 2111 2526 2162 si
2561 2127 2574 2162 :
2607 2109 2855 2170 scelerati
2907 2119 3085 2163 autem
3140 2120 3194 2164 et
3239 2110 3422 2165 referti
3470 2111 3626 2165 malis
3673 2113 3969 2165 innumeris
4012 2115 4053 2165 in

2485 2201 2753 2255 Ecclesias
2785 2203 3085 2255 insilicrunt
3138 2221 3152 2256 :
3188 2205 3403 2256 venales
3443 2203 3657 2257 fuerunt
3712 2204 4052 2273 principatus.

2484 2290 2766 2345 lnuumera
2796 2293 2918 2345 hinc
2941 2294 3076 2345 mala
3107 2303 3415 2358 nascuntur,
3449 2309 3608 2347 nemo
3652 2303 3733 2347 est
3765 2296 3854 2364 qui
3900 2296 4057 2349 corri-

2481 2393 2590 2450 gat,
2625 2397 2784 2434 nemo
2806 2384 2893 2450 qui
2927 2385 3197 2450 increpet;
3223 2383 3316 2437 sed
3345 2383 3481 2436 viam
3513 2385 3794 2452 quamdam
3837 2395 3890 2437 et
3920 2384 4058 2436 ordi-

2485 2489 2605 2527 nem
2651 2472 2856 2540 accepit
2901 2473 3166 2528 confusio.
3219 2474 3466 2527 Peccavit
3520 2476 3822 2542 quispiam,
3869 2485 3923 2530 et
3975 2475 4058 2527 fuit

2482 2567 2803 2621 accusatus?
2824 2565 2939 2620 Non
2974 2567 3024 2618 in
3055 2565 3156 2620 hoc
3188 2565 3335 2635 ponit
3354 2566 3584 2619 studium
3620 2577 3674 2618 ut
3708 2581 3765 2619 se
3789 2567 4057 2619 innoxium

2483 2659 2749 2721 ostendat,
2785 2661 2877 2713 sed
2928 2671 2985 2713 ut
3031 2661 3269 2714 invenire
3317 2660 3485 2728 possit
3527 2661 3702 2714 socios
3753 2661 4057 2715 criminum.

2483 2752 2619 2819 Quid
2645 2768 2816 2821 agam,
2847 2768 2968 2806 cum
2997 2752 3252 2822 gehennte
3272 2751 3429 2808 minae
3449 2761 3576 2809 sunt
3601 2753 3907 2807 intentatzc?
3933 2756 4057 2808 Cre-

2485 2845 2592 2898 dite
2620 2844 2769 2910 tnihi,
2791 2845 2891 2897 nisi
2911 2844 3051 2898 Deus
3075 2845 3179 2898 illic
3201 2845 3355 2898 nobis
3372 2855 3694 2899 reservasset
3721 2845 4056 2913 supplicium,
4084 2895 4085 2898 η

2485 2936 2737 2990 videretis
2780 2935 3020 3005 quotidie
3051 2937 3282 3000 majores
3311 2935 3597 3005 tragmdias
3627 2953 3786 3005 quam
3818 2936 4085 2990 Judaicas‘

2485 3028 2606 3082 illas
2631 3029 2980 3082 calamitates.
3007 3027 3146 3095 Quid
3187 3028 3373 3083 enim?
3413 3027 3506 3081 sed
3535 3043 3693 3082 nemo
3727 3039 4058 3086 succenseat.

2483 3133 2590 3172 non
2626 3118 2796 3172 dicam
2821 3118 2974 3185 enim.
2993 3117 3303 3188 nominatim
3344 3118 3431 3172 :‘si
3457 3119 3574 3187 quis
3595 3133 3714 3172 cum
3743 3121 4061 3173 accessisset

2483 3209 2549 3264 ad
2575 3209 2880 3273 ecclesiam,
2913 3211 2977 3262 iis
2995 3209 3084 3277 qui
3114 3224 3257 3263 nunc
3279 3218 3403 3264 sunt
3431 3220 3484 3262 et
3511 3211 3600 3278 qui
3644 3210 3923 3264 vobiscum
3947 3220 4061 3264 sunt
4084 3235 4085 3240 η

2481 3299 2742 3360 adductis,
2773 3315 2867 3352 eos
2896 3299 3262 3361 exanimaret;
3310 3299 3416 3351 imo
3444 3314 3570 3352 vero
3612 3314 3714 3353 non
3748 3314 3926 3364 nunc,
3976 3285 4085 3351 sed

2482 3390 2528 3444 si
2559 3392 2675 3459 quis
2699 3391 2748 3443 in
2780 3390 2868 3443 die
2896 3389 3136 3454 Pascha},
3167 3404 3354 3443 omnes
3379 3388 3470 3458 qui
3510 3388 3844 3444 acceduntet
3878 3391 4085 3464 lat'unﬁ

2483 3490 2571 3535 tur
2599 3489 2880 3550 postquam
2908 3481 3264 3535 accessissent
3295 3481 3360 3534 ad
3391 3482 3668 3548 mysteria.
3700 3492 3891 3535 exacte
3942 3499 4058 3534 ειη·
4084 3473 4085 3546 ξ

2484 3573 2761 3631 minasset,
2815 3585 2880 3624 eo
2912 3579 3132 3641 accepto
3162 3571 3352 3640 spiritu
3388 3580 3442 3624 ut
3470 3580 3716 3625 accurate
3744 3583 3929 3626 nosset
3953 3589 4085 3640 qua

2483 3664 2551 3718 ab
2573 3663 2652 3718 eis
2667 3670 2814 3731 gesta
2844 3671 2988 3726 sunt,
3021 3662 3182 3714 multa
3210 3669 3391 3715 essent
3427 3665 3636 3715 inventa
3680 3663 3927 3731 graviora
3962 3681 4085 3734 mn-1

2485 3754 2550 3808 lis
2595 3752 2829 3807 Judaieis
2876 3769 2888 3804 :
2921 3767 3114 3822 nempe
3146 3768 3239 3807 eos
3265 3752 3356 3822 qui
3386 3753 3626 3806 divinant
3662 3755 3902 3821 auguriis
3930 3797 3944 3819 ,
3981 3756 4085 3822 qnij

2484 3855 2700 3899 utuntur
2731 3844 3023 3898 veneﬁciis.
3077 3842 3310 3897 sortibus
3339 3852 3395 3898 et
3421 3844 3886 3908 incantationibus,
3915 3860 4059 3898 scor-
4084 3895 4085 3900 η

2427 3926 2447 3990 ί
2487 3947 2704 4000 tatores,
2734 3934 3026 3999 adulteros,
3054 3933 3254 3998 ebrios,
3283 3944 3336 3988 et
3362 3935 3650 3987 maledicos
3683 3952 3709 4004 σε
3741 3951 3942 3989 avaros
3970 3951 4058 3988 au-

2487 4038 2592 4083 tem
2634 4037 2688 4081 et
2715 4028 2802 4097 qui
2842 4027 3012 4080 aliena
3043 4026 3305 4080 invadunt
3349 4027 3472 4090 nolo
3499 4025 3708 4092 dicere,
3752 4044 3820 4082 ne
3851 4037 4058 4097 tangam

2484 4123 2692 4191 aliquos
2723 4137 2784 4174 ex
2819 4121 2884 4173 iis
2908 4122 2996 4190 qui
3029 4129 3172 4174 sunt.
3203 4119 3339 4186 Quid
3369 4137 3514 4184 vero,
3550 4122 3593 4175 si
3625 4131 3896 4176 scrutatus
3925 4121 4085 4177 esset?

2485 4229 2674 4268 omnes
2705 4215 2757 4266 in
2803 4213 2934 4266 orbe
2963 4222 3120 4266 terrm
3147 4214 3237 4282 qui
3265 4213 3545 4275 accedunt,
3596 4214 3738 4282 quod
3780 4229 3886 4268 non
3922 4215 4057 4267 inve-

2486 4308 2651 4362 nisset
2694 4307 2986 4361 delictum?
3027 4307 3162 4372 Quid
3192 4306 3234 4359 si
3269 4307 3578 4376 principes?
3605 4323 3782 4360 annon
3825 4309 4085 4376 pecunizn

2485 4400 2692 4465 avidos,
2727 4400 2947 4470 imperia
2980 4411 3224 4455 ementes
3253 4408 3306 4453 et
3338 4401 3698 4469 magistratus,
3731 4400 3968 4463 invidos,
4010 4401 4063 4452 Ii-

2485 4492 2657 4558 vidos,
2686 4492 2833 4545 inani
2860 4492 3030 4562 gloria
3074 4491 3410 4555 laborantes,
3441 4491 3716 4545 helluones
3739 4531 3754 4554 ,
3796 4500 3850 4544 et
3877 4475 4085 4550 servosﬂ

2485 4585 2764 4656 pecunire'!
2784 4582 2916 4639 Cum
2940 4600 3068 4653 ergo
3093 4577 3231 4636 tanta
3259 4583 3327 4635 sit
3345 4581 3608 4650 impietas,
3633 4581 3756 4651 quid
3777 4598 3882 4635 non
3906 4579 4085 4652 grate}

2484 4686 2568 4733 est
2595 4658 3049 4746 exspectandum?
3071 4674 3134 4728 Et
3157 4683 3214 4728 ut
3240 4673 3422 4727 sciatis
3443 4681 3640 4741 quanto
3669 4672 3937 4741 supplicio
3963 4674 4063 4725 sint

2485 4770 2629 4841 digni
2658 4769 2744 4839 qui
2775 4768 2858 4822 his
2891 4769 3122 4836 peccatis
3142 4767 3357 4821 obnovii
3391 4765 3886 4835 deprehenduntur,
3915 4766 4064 4834 cogi,-

2487 4869 2598 4915 tate
2642 4869 2822 4913 vetera
2870 4875 2884 4910 :
2920 4875 3058 4912 unus
3103 4859 3607 4912 sacrassulruratus
3642 4865 3725 4910 est
3770 4858 4063 4924 pecunias,

2489 4947 2648 5008 homo
2677 4952 2830 5006 miles
2859 4992 2874 5016 ,
2905 4958 2962 5006 et
2986 4965 3173 5004 onmcs
3215 4950 3505 5019 perierunt.
3535 4949 3695 5003 Scitis
3748 4948 4065 5002 historiam?

2486 5047 2554 5100 de
2582 5044 2799 5098 Charmi
2844 5043 2934 5097 illo
2963 5042 3083 5096 dico
3127 5043 3216 5110 qui
3266 5041 3555 5095 sulfuratus
3583 5041 3752 5096 luerat
3779 5040 4064 5095 donarium

2486 5137 2620 5206 (Jos.
2651 5138 2681 5190 7
2709 5145 2757 5189 et
2785 5136 2944 5206 sqq.).
2968 5135 3088 5188 Ideo
3127 5144 3252 5188 tunc
3277 5120 3487 5189 dicebat
3515 5133 3769 5202 prOpheta
3799 5149 3813 5185 :
3842 5129 4065 5199 [inpleta

2486 5240 2559 5286 est
2587 5230 2724 5300 regio
2765 5229 2973 5282 illorum
3001 5227 3217 5281 sortibus
3239 5236 3282 5280 et
3304 5227 3532 5296 auguriis
3555 5226 3686 5278 sicut
3711 5235 3844 5278 terra
3886 5225 4068 5278 alieni-

2485 5338 2728 5392 genarum
2758 5319 2909 5387 (lsai.
2938 5318 2992 5372 2.
3021 5317 3099 5388 6).
3130 5317 3280 5371 Nunc
3309 5324 3486 5370 autem
3514 5315 3710 5385 ubique
3730 5315 3886 5368 malis
3910 5315 4085 5384 plena.

2486 5422 2610 5466 sunt
2632 5414 2830 5478 otnnia,
2862 5422 2917 5465 et
2954 5428 3112 5466 nemo
3153 5411 3324 5464 timet.
3352 5410 3588 5464 Tandem
3623 5411 3902 5463 timeamus
3929 5426 3944 5461 :
3975 5401 4085 5462 no?

2489 5505 2562 5557 vit
2599 5505 2738 5557 Deus
2765 5503 2925 5558 etiam
2953 5503 3126 5572 justos
3174 5503 3361 5571 punire
3389 5517 3512 5556 cum
3543 5501 3719 5570 impiis
3742 5541 3757 5564 ,
3791 5511 3848 5554 ut
3874 5489 4085 5574 acciditi

2489 5595 2655 5649 tribus
2687 5595 2866 5663 pueris
2889 5603 3128 5663 tempore
3158 5594 3410 5656 Danielis,
3449 5604 3504 5648 ut
3525 5593 3644 5646 aliis
3667 5593 3991 5655 innumeris,
4017 5593 4085 5666 ιιιξ

2486 5686 2647 5741 etiam
2682 5687 2733 5740 in
2777 5685 2932 5741 bellis
2960 5703 3078 5754 qua:
3111 5703 3250 5740 nunc
3277 5686 3343 5740 ad
3388 5701 3454 5739 uc
3490 5685 3755 5739 accidunt.
3797 5682 3936 5737 Nam
4001 5679 4085 5756 illi}

2489 5783 2704 5851 quidem
2745 5781 2903 5839 ctiam
2935 5781 3103 5852 ipsam
3135 5789 3618 5852 quantamcumque
3647 5777 3842 5832 habent
3870 5791 4060 5846 pecca-

4084 5523 4085 5544 l

4084 5577 4085 5598 l

4084 5691 4085 5720 1

4083 5721 4085 5748 1

4084 5783 4085 5814 1

4084 5819 4085 5842 1

4084 5853 4085 5890 1

4084 5929 4085 5952 1

4084 5971 4085 6000 1
