4108 6312
101 398 147 447 l‘.)
703 397 711 406 '
941 381 1003 434 IN
1044 379 1254 435 EPIST.
1291 371 1378 426 AD
1417 366 1659 424 EI’IIES.
1700 361 1851 417 CAP.
1897 359 1984 412 lll.
2029 359 2260 417 HOMlL.
2307 363 2414 418 Vll.
3273 357 3336 408 δα

99 523 244 560 tut-nm
289 500 600 573 gravitatem
633 513 727 568 per
758 496 807 550 id
850 495 1163 563 deponunt,
1218 491 1269 545 bi
1328 503 1456 544 vero
1506 503 1635 540 non.

98 599 281 664 Propter
309 595 418 646 ιιωο
445 591 622 644 omnia
647 588 801 642 nobis
819 586 948 654 ipsis
969 583 1326 637 attendamus.
1347 579 1461 633 Non
1487 578 1627 629 vitle-

97 692 148 741 tis
164 686 316 742 bella?
338 698 442 736 non
461 681 658 735 auditis
679 675 1046 732 calamitates?
1075 689 1180 727 non
1211 673 1295 725 bis
1315 667 1638 725 erudimini?

95 779 257 832 Gentes
276 783 326 828 et
341 772 820 835 civitatesintegrm
841 767 1107 833 absorpta:
1125 772 1249 815 sunt
1268 769 1322 814 et
1339 759 1635 828 perierunt;

97 883 180 921 tam
210 868 361 921 multa
389 864 560 918 millia
584 861 822 914 serviunt
841 857 979 921 apud
1002 856 1258 908 barbaros
1292 869 1304 905 :
1328 853 1370 904 si
1393 851 1635 920 gehenna

98 974 178 1011 nos
206 973 300 1010 non
330 955 576 1023 castigat,
612 952 725 1006 lucc
752 950 937 1002 saltem
972 963 1068 1000 nos
1096 945 1355 1014 castigent
1388 951 1440 994 rt
1483 941 1642 994 doce-

96 1060 171 1102 ant
196 1062 386 1116 sapere.
414 1047 493 1096 An
525 1043 639 1096 hmc
685 1042 842 1094 mium
863 1037 1026 1092 sunt?
1058 1050 1236 1089 nonne
1264 1048 1347 1086 res
1373 1047 1491 1100 qum
1512 1044 1641 1084 eve-

98 1138 301 1192 nerunt?
330 1134 547 1203 Magnas
575 1133 646 1185 illi
693 1130 956 1185 dederunt
988 1141 1192 1195 pasnas,
1226 1123 1319 1177 sed
1343 1137 1440 1175 nos
1472 1120 1643 1189 majo-

141 1251 2020 1279 _______________________._______

1747 496 1834 537 res
1855 480 2118 544 dabimus,
2152 479 2238 548 qui
2268 495 2334 533 ex
2361 477 2574 532 illorum
2605 473 2998 532 calamitatibus
3025 485 3128 524 non
3163 473 3326 526 casti—

1745 590 1953 644 gatttttr.
1986 572 2161 628 Grave
2187 581 2266 625 est
2300 580 2355 626 et
2408 569 2690 624 molestum
2713 567 2854 638 quod
2877 565 3038 620 dico:
3065 578 3166 631 ego
3195 576 3325 628 quo—

1744 681 1849 734 que
1882 665 1932 719 id
1966 666 2079 720 scio
2105 706 2120 728 ,
2166 663 2260 718 sed
2293 664 2500 718 lucrum
2533 661 2688 716 affert
2731 660 2776 713 si
2824 657 3185 712 attendamus.
3215 653 3332 707 Non

1746 755 1888 807 enim
1929 754 2069 808 dicta
2097 753 2300 824 profert
2329 767 2578 821 umquam
2607 750 2672 804 ad
2708 748 2932 819 gratiam
2957 788 2972 810 ,
3001 744 3095 798 sed
3123 759 3184 797 ea
3211 759 3333 810 qua:

1748 848 1917 915 magis
1945 855 2166 914 possunt
2209 847 2440 898 animam
2473 845 2751 898 centinere
2793 851 2843 895 et
2886 839 3181 892 modestam
3213 833 3338 886 red-

1723 997 1728 1004 _
1746 938 1894 992 dere.
1915 937 2038 991 Htec
2053 938 2195 991 enim
2221 945 2344 991 sunt
2363 936 2518 990 nobis
2531 929 2707 988 causa:
2732 929 3338 986 futurorumJnonorum:

1747 1044 1865 1094 qure
1896 1028 2053 1081 detur
2091 1028 2243 1083 nobis
2273 1028 2524 1081 omnibus
2555 1025 2809 1092 eonsequi
2833 1063 2848 1088 ,
2881 1020 3048 1092 gratia
3078 1027 3133 1071 et
3187 1016 3337 1069 beni-

1748 1120 1971 1188 gnitate.
2123 1125 2131 1129 ’

2687 1231 3322 1254 —.——-—-———’——‘_

1411 1328 1757 1389 HOMILIA
1809 1328 1940 1387 Vl].

92 1487 199 1539 CAP.
231 1485 280 1539 5.
312 1499 361 1536 v.
393 1482 446 1537 8.
475 1479 606 1534 Mihi
650 1487 817 1532 autent
856 1485 1142 1528 sanctorum
1174 1470 1398 1524 omnium
1424 1470 1634 1521 minimo

149 1577 259 1628 data
285 1582 355 1628 est
393 1573 560 1643 gratia
591 1570 696 1622 hac
721 1609 737 1634 ,
771 1569 822 1619 in
851 1564 1076 1636 gentibus
1107 1561 1451 1631 euangelizare
1476 1560 1647 1611 invcs-

150 1666 368 1738 tigabiles
418 1663 620 1716 divitias
669 1659 876 1714 Christi.
922 1657 976 1710 9.
1019 1664 1066 1708 et
1111 1653 1404 1706 illuminare
1444 1665 1645 1711 omnes,

150 1772 253 1825 qtae
275 1757 339 1810 sit
384 1751 696 1821 dispensatio
727 1745 1034 1802 sacramenti
1063 1742 1343 1797 absconditi
1376 1757 1409 1793 a
1451 1741 1652 1793 stecalis

150 1851 197 1902 in
218 1849 319 1902 Deo
336 1848 423 1916 qui
444 1849 615 1898 omnia
637 1841 822 1895 creavit
850 1855 938 1908 per
961 1836 1140 1891 losum
1165 1834 1456 1897 Christum;
1485 1831 1571 1886 l0.
1600 1841 1653 1883 ut

152 1943 414 1991 innotescat
436 1951 570 1989 nunc
599 1929 967 2002 principatibus
1006 1937 1054 1980 et
1076 1923 1402 1998 potestatibus
1430 1922 1482 1974 in
1505 1923 1654 1974 ctele-

153 2028 299 2080 stibus
356 2041 444 2093 per
499 2021 778 2075 Ecclesium
846 2017 1174 2088 multiformis
1219 2013 1467 2081 sapientia
1516 2009 1654 2078 Dei,

159 2119 232 2170 ll.
261 2113 538 2169 secundant
571 2109 958 2181 prwﬁnitionem
986 2105 1286 2158 surculorum
1313 2143 1327 2168 ,
1359 2116 1514 2170 quam
1542 2099 1658 2170 fecit

156 2210 198 2258 in
227 2207 422 2258 Christo
448 2202 575 2255 Jcsu
606 2201 821 2253 Domino
846 2205 1040 2250 nostra.

160 2297 202 2348 l.
235 2295 445 2348 Sumnta
475 2290 632 2344 Pauli
665 2288 953 2341 humilitas.
985 2315 1055 2326 —-
1081 2283 1172 2338 Eis
1216 2283 1308 2352 qui
1352 2282 1416 2335 ad
1467 2279 1659 2334 medici

101 2385 296 2437 veniunt
321 2381 595 2435 ofﬁcinam
615 2420 630 2444 ,
663 2393 768 2433 non
793 2378 912 2431 sine
942 2390 1101 2430 causa
1136 2373 1260 2427 illuc
1285 2381 1367 2426 est
1391 2371 1657 2434 eundum,

101 2476 180 2528 sed
227 2484 277 2528 ut
314 2475 526 2526 discant
553 2485 745 2524 curare
770 2479 824 2523 et
854 2465 1112 2520 adhibere
1143 2463 1553 2518 medicamenta.
1600 2461 1665 2514 Et

105 2581 186 2620 nos
208 2579 414 2635 quoque
441 2577 562 2617 cum
593 2561 698 2616 huc
727 2557 1116 2614 accesserimus
1137 2595 1152 2620 ,
1188 2571 1294 2608 non
1323 2553 1424 2607 hoc
1449 2561 1666 2621 oportet

106 2667 287 2710 temere
342 2656 520 2707 facere
569 2660 624 2706 et
673 2647 1108 2711 inconsiderate,
1155 2643 1250 2699 sed
1302 2653 1358 2696 ut
1399 2643 1666 2697 diseamus

107 2748 235 2801 Pauli
281 2760 544 2801 summam
598 2741 973 2796 humilitatem.
999 2736 1139 2804 Quid
1185 2735 1371 2793 enim?
1401 2735 1664 2800 Quoniam

105 2847 204 2891 erat
225 2837 460 2907 dicturus
487 2833 675 2904 gratiae
701 2830 800 2884 Dei
831 2826 1276 2898 magnitudinem,
1307 2825 1428 2879 audi
1463 2825 1613 2877 illum
1650 2840 1664 2878 :

108 2927 224 2980 Mihi
249 2927 467 2981 omnium
510 2932 800 2976 sanctorum
840 2919 1046 2972 minimo
1076 2918 1194 2970 data
1236 2927 1311 2970 est
1336 2917 1501 2986 gratia
1541 2915 1666 2967 haec.

106 3017 218 3070 Erat
250 3017 464 3086 quidem
498 3012 846 3074 humilitatis,
877 3021 1096 3080 prepter
1123 3009 1300 3078 priora
1328 3008 1544 3073 delicta,
1568 3006 1671 3061 etsi

107 3110 264 3162 deleta
291 3150 305 3173 ,
351 3108 572 3176 lugere,
619 3118 804 3158 eorum
847 3100 1155 3154 meminisse
1182 3138 1197 3163 ,
1241 3107 1298 3152 et
1341 3097 1585 3151 modeste
1614 3111 1673 3151 se

107 3215 297 3267 terere,
322 3209 373 3252 ut
397 3196 614 3267 quando
635 3194 762 3249 dicit
782 3208 838 3248 se
859 3191 1225 3260 blasphemutn
1251 3200 1303 3243 et
1326 3198 1674 3258 persequuto-

113 3308 203 3344 ren‘
253 3301 304 3345 et
343 3287 831 3348 contumeliosum;
865 3283 962 3338 sed
999 3298 1105 3336 non
1133 3290 1217 3335 est
1247 3281 1375 3334 illud
1408 3295 1527 3334 cum
1575 3281 1676 3334 hoc

113 3382 498 3438 corferendum.
536 3381 690 3434 Prius
722 3379 887 3444 enim,
920 3375 1110 3444 inquit,
1141 3373 1286 3427 Talis
1315 3388 1460 3427 eram
1481 3411 1497 3437 ,
1531 3381 1585 3425 et
1618 3386 1676 3426 se

112 3490 130 3522 ι.
153 3482 254 3527 mat
292 3471 591 3526 abortivum
627 3485 641 3522 :
671 3476 793 3537 post
819 3475 898 3520 tot
924 3475 1102 3519 autem
1133 3463 1388 3533 prmclare
1414 3473 1583 3532 gesta,
1618 3476 1677 3516 se

114 3583 122 3610 ι
149 3563 338 3617 mdeste
361 3576 573 3633 gerere,
597 3574 659 3613 ac
684 3573 743 3612 se
771 3571 1011 3611 omnium
1043 3556 1322 3609 minimum
1350 3555 1561 3618 dicere,
1595 3563 1680 3608 est

117 3654 282 3707 multa:
322 3662 376 3708 et
421 3665 647 3707 summa:
677 3649 976 3704 modestia.
1021 3646 1182 3710 Mihi,
1215 3646 1423 3711 inquit,
1470 3647 1677 3698 minimo

112 3746 321 3798 omniurn
348 3752 658 3798 sanctorum.
707 3739 822 3794 Non
861 3738 998 3794 dixit
1040 3738 1404 3806 apostolorum
1440 3753 1452 3788 :
1487 3752 1677 3805 quam-

113 3834 283 3889 obrem
324 3841 406 3889 est
436 3830 568 3886 illud
595 3843 810 3899 quoque
840 3827 944 3882 hoc
970 3827 1166 3880 minus.
1200 3826 1313 3881 lllic
1339 3826 1478 3880 enim
1508 3825 1677 3898 dixit,

117 3925 230 3981 Non
251 3928 572 3996 sam-dignus
611 3925 778 3978 vocari
809 3923 1068 3993 apostolus
1098 3921 1173 3991 (1.
1199 3920 1318 3975 Cor.
1352 3921 1436 3975 15.
1464 3919 1521 3990 9)
1546 3936 1560 3984 ;
1596 3919 1682 3974 hic

115 4030 282 4074 autem
311 4034 368 4074 se
395 4020 558 4073 etiam
585 4015 716 4070 dicit
738 4014 979 4071 omnium
1011 4006 1630 4066 sanctorum'minimum
1664 4027 1678 4064 :

120 4109 260 4177 Mihi,
287 4109 477 4180 inquit,
510 4107 736 4162 omnium
764 4115 1056 4159 sanctorum
1087 4103 1295 4156 minimo
1324 4103 1444 4156 data
1472 4113 1543 4157 est
1557 4107 1682 4174 ‘gra-

117 4201 184 4252 tia
212 4200 311 4254 hac
342 4217 356 4254 :
388 4199 682 4266 Quanam?
723 4193 1088 4266 Evangelisare
1115 4193 1344 4263 gentibus
1370 4193 1682 4262 intpervesti-

117 4290 294 4360 gabiles
339 4289 542 4343 diuitias
569 4285 760 4342 Christi
799 4293 845 4339 et
891 4283 1183 4338 illuminare
1224 4298 1428 4346 omnes,
1481 4298 1593 4352 quae
1621 4285 1684 4337 sit

117 4384 412 4451 dispensatio
450 4381 680 4452 mysterii
716 4376 994 4433 absconditi
1020 4394 1051 4429 a
1088 4377 1286 4431 saeculis
1313 4378 1367 4430 in
1411 4375 1552 4444 Deo,
1597 4378 1686 4448 qui

118 4475 277 4528 omnia
303 4475 486 4528 creauit
513 4489 604 4545 per
631 4471 812 4526 Iesum
836 4469 1122 4535 Christum;
1149 4481 1202 4523 ut
1241 4470 1520 4524 innotescat
1550 4487 1685 4524 nunc

119 4566 472 4634 principatibus
487 4573 538 4619 et
585 4562 914 4632 potestatibus
929 4563 983 4614 in
1005 4560 1280 4616 aelestibus
1297 4576 1386 4628 per
1408 4559 1688 4614 Ecclesium

119 4656 430 4725 multiformis
452 4654 704 4723 sapientia
732 4652 848 4707 Dei.
869 4652 1018 4718 Esto,
1048 4651 1352 4706 hominibus
1369 4666 1474 4705 non
1495 4650 1590 4704 fuit
1607 4667 1689 4707 re-

121 4745 722 4816 velatumailluminasne
738 4743 954 4815 angelos
965 4751 1019 4798 et
1034 4742 1404 4812 archangelos,
1423 4753 1478 4798 et
1495 4743 1691 4812 princi-

120 4844 266 4903 patus
296 4850 348 4892 et
373 4835 698 4906 potestates?
741 4833 930 4901 Certe,
960 4833 1130 4903 inquit
1161 4849 1174 4884 :
1208 4833 1262 4886 in
1292 4834 1400 4887 Deo
1426 4835 1568 4888 enim
1597 4833 1694 4887 fuit

118 4927 455 4992 absconsum,
486 4937 543 4982 et
569 4926 681 4981 Deo
711 4926 801 4996 qui
822 4927 1000 4982 omnia
1030 4925 1233 4980 creavit
1261 4940 1355 4995 per
1382 4925 1587 4981 Jesum.
1620 4926 1691 4981 Et

95 5018 279 5073 ‘audes
316 5018 418 5072 hoc
443 5017 666 5072 diceret
695 5017 911 5083 Etiam,
946 5017 1136 5087 inquit.
1165 5015 1272 5071 Sed
1307 5017 1446 5072 unde
1471 5019 1572 5071 hoc
1601 5001 1699 5072 ani

120 5095 450 5163 manifestum
469 5107 710 5178 angelis?
743 5108 842 5162 Per
867 5107 1178 5162 Ecclesiam.
1214 5107 1397 5175 Neque
1418 5107 1590 5161 solum
1608 5108 1698 5162 di-

120 5203 209 5266 xit,
234 5202 374 5261 varia
395 5201 485 5256 Dei
502 5200 788 5270 sapientia,
808 5199 924 5265 sed,
939 5198 1097 5253 Valde
1123 5201 1283 5253 varia.
1306 5199 1441 5267 Quid
1461 5200 1562 5254 hoc
1573 5215 1701 5270 ergo

122 5293 236 5346 est?
280 5307 388 5346 non
425 5300 625 5345 norunt
648 5290 854 5360 angeli?
883 5289 1101 5345 Minime
1132 5307 1148 5345 :
1176 5305 1300 5344 nam
1328 5292 1374 5344 si
1416 5291 1703 5360 principa—

123 5393 200 5437 tus
229 5398 336 5438 non
367 5391 602 5447 norunt,
635 5383 806 5436 multo
834 5381 1010 5436 minus
1053 5383 1229 5452 angeli
1260 5385 1527 5438 noverint.
1557 5385 1698 5450 Quid

122 5475 279 5544 ergo?
308 5488 408 5528 nec
434 5473 742 5544 archangeli
764 5474 992 5528 norunt?
1019 5473 1129 5528 Nec
1164 5475 1240 5528 illi
1266 5493 1278 5528 :
1309 5475 1580 5532 undenam
1612 5493 1702 5533 es-

123 5575 233 5618 sent
283 5563 595 5634 cognituri?
642 5580 876 5634 quonam
929 5564 1245 5619 revelante?
1301 5566 1528 5634 Quando
1599 5583 1699 5624 nos

124 5657 398 5711 didicimus
420 5698 435 5722 ,
469 5665 598 5710 tunc
629 5655 704 5710 illi
731 5670 944 5726 quoque
984 5671 1078 5725 per
1107 5671 1226 5712 nos.
1257 5657 1396 5713 Audi
1423 5660 1568 5714 enim
1599 5674 1702 5716 an-

123 5748 286 5816 gelum
314 5747 587 5802 dicentem
604 5744 836 5818 loseplto
864 5764 877 5805 ;
909 5737 1127 5797 Vocaois
1149 5764 1327 5804 nomen
1348 5750 1455 5823 ejus
1482 5749 1702 5806 Jesum:

1748 1485 1859 1537 ipse
1875 1469 2007 1520 enim
2035 1469 2228 1521 salvum
2255 1466 2406 1537 faciet
2438 1468 2679 1534 pupulum
2704 1471 2734 1517 tt
2754 1467 2967 1532 prccatis
2993 1463 3097 1516 suis
3130 1462 3342 1533 (Matth.

1757 1560 1806 1611 1.
1841 1559 1953 1628 21).
1991 1560 2108 1626 Ipse
2158 1561 2352 1612 missus
2403 1557 2500 1610 fuit
2543 1558 2606 1609 nd
2654 1567 2875 1626 gentes,
2928 1555 3001 1608 illi
3053 1561 3230 1606 autem
3277 1552 3346 1606 ad

1756 1650 2241 1703 circumcisionem.
2273 1649 2658 1715 Quamobrem,
2693 1647 2833 1715 quod
2864 1655 2946 1699 est
2973 1644 3346 1700 admirabilius

1758 1753 1811 1795 et
1833 1741 2174 1810 stupendum,
2208 1742 2353 1804 mihi,
2393 1742 2580 1810 inquit,
2611 1741 2792 1794 datum
2819 1751 2897 1794 est
2924 1741 3010 1808 qui
3041 1754 3157 1790 sum
3191 1719 3351 1791 nimi.

1762 1849 1897 1887 mus.
1949 1833 2074 1886 Erat
2122 1841 2298 1885 autem
2351 1833 2710 1900 hoe_quoqne
2755 1813 2939 1898 gratiae
2990 1829 3132 1899 quod
3184 1845 3349 1898 parvo

1762 1923 1960 1992 majora
1982 1934 2104 1976 sunt
2126 1924 2348 1992 credita,
2374 1933 2428 1976 ut
2455 1921 2596 1977 esset
2627 1939 2810 1977 eorum
2837 1923 3188 1992 evangelista.
3215 1922 3347 1975 Nam

1761 2015 1850 2083 qui
1883 2016 2140 2081 majorum
2172 1991 2268 2066 fuit
2297 2015 2657 2084 evangelista,
2691 2013 2796 2068 hac
2847 1991 3055 2067 ratione
3098 2024 3181 2068 est
3232 2030 3348 2066 ma-

1763 2121 1918 2176 gnus.
1964 2105 2330 2174 Euangelizare
2369 2107 2421 2158 in
2462 2108 2691 2175 gentibus
2740 2105 3110 2176 investigabiles
3149 2105 3354 2160 divitias

1765 2195 1969 2249 Christi.
2000 2195 2052 2249 Si
2081 2196 2198 2264 ejus
2244 2195 2442 2249 divitia:
2468 2205 2591 2250 sunt
2623 2196 3155 2265 impervcstigabiles.
3188 2197 3351 2250 etiam

1767 2295 2045 2352 postquam
2093 2287 2372 2354 apparuit,
2429 2286 2598 2339 multo
2640 2287 2808 2354 tnagis
2856 2287 3113 2339 essentia.
3164 2285 3218 2340 Si
3267 2295 3353 2339 e~t

1768 2376 1941 2429 adhuc
1972 2378 2309 2446 mysterium,
2345 2376 2516 2429 multo
2547 2377 2714 2445 magis
2741 2385 3027 2445 antequam
3056 2391 3352 2445 cognosce-

1769 2480 1933 2522 retur.
1967 2466 2275 2536 Mysterium
2304 2467 2444 2521 enim
2477 2467 2646 2534 ipsum
2682 2475 2961 2536 propterea
2991 2475 3178 2530 vocat,
3209 2480 3351 2534 quo-

1769 2561 1910 2612 niam
1941 2574 2040 2613 nec
2065 2561 2237 2629 angeli
2268 2567 2550 2622 noverant,
2587 2573 2685 2612 nec
2715 2558 2803 2611 ulli
2847 2558 2934 2611 alii
2967 2567 3083 2611 erat
3113 2558 3341 2612 manife-

1771 2664 1930 2707 stum.
1967 2652 2035 2706 Et
2057 2653 2363 2716 illuminare,
2395 2636 2583 2720 inquit,
2617 2668 2790 2704 onmes
2819 2667 2932 2720 quw
2955 2652 3018 2703 sit
3045 2653 3356 2721 dispensatio

1773 2745 1998 2814 mysterii
2026 2744 2307 2797 absconditi
2332 2760 2363 2795 a
2406 2743 2605 2796 saxulis
2631 2743 2682 2794 in
2713 2741 2838 2807 Deo,
2868 2742 2952 2810 qui
2981 2744 3150 2795 omnia
3174 2744 3360 2794 creavit

1775 2855 1864 2904 per
1892 2836 2071 2890 Jesum
2098 2836 2376 2889 Christum.
2413 2835 2599 2904 Angeli
2628 2834 2728 2886 hoc
2762 2843 2966 2886 tantum
2997 2845 3185 2886 norant
3214 2835 3357 2902 quod

1777 2927 1966 2981 Factus
1997 2937 2067 2982 est
2099 2929 2262 2996 portio
2296 2925 2505 2978 Domini
2535 2926 2756 2992 populus
2787 2927 2896 2995 ejus
2928 2925 3104 2996 (Deut.
3139 2926 3224 2978 52.
3263 2925 3314 2984 9)
3343 2942 3357 2988 ;

1774 3029 1828 3074 et
1857 3033 2042 3073 rursus
2063 3057 2078 3080 ,
2117 3017 2363 3084 Princeps
2396 3014 2672 3068 Persarum
2701 3015 2885 3067 restitit
2917 3015 3041 3066 mihi
3073 3014 3234 3082 (Dan.
3269 3016 3358 3069 10.

1780 3111 1887 3179 15).
1916 3107 2273 3176 Quamobrem
2307 3120 2412 3159 non
2447 3116 2528 3158 est
2562 3104 2864 3157 mirandum
2895 3145 2907 3168 ,
2939 3105 2982 3157 si
3017 3104 3118 3157 hoc
3146 3120 3359 3173 quoque

1779 3200 2115 3271 ignorabant.
2143 3197 2274 3251 Nam
2306 3198 2348 3249 si
2377 3195 2607 3249 reditum
2637 3194 2953 3263 ignorabant
2973 3234 2986 3257 ,
3035 3193 3149 3247 Ιιτιό
3193 3195 3363 3246 multo

1779 3294 1949 3361 magis
1973 3310 1985 3345 :
2010 3302 2093 3345 est
2114 3291 2255 3345 enim
2291 3289 2391 3343 hoc
2418 3288 2773 3358 evangelium.
2808 3287 2909 3350 Qui
2930 3287 3143 3350 salvum,
3170 3289 3360 3355 inquit,

1781 3384 1932 3454 faciet
1964 3381 2207 3452 populum
2236 3397 2386 3435 suum
2414 3379 2577 3432 Israel
2624 3378 2838 3448 (Matth.
2872 3380 2924 3432 1.
2952 3376 3070 3448 21).
3105 3379 3248 3432 Nihil
3296 3381 3364 3433 de

1780 3471 2028 3540 gentibus
2062 3469 2194 3524 :sed
2239 3469 2306 3524 de
2353 3469 2598 3538 gentibus
2640 3467 2842 3522 revelat
2884 3467 3138 3536 Spiritus.
3192 3471 3366 3537 Atque

1782 3562 1922 3633 quod
1950 3572 2150 3616 vocatae
2177 3561 2392 3631 quidem
2425 3569 2630 3626 essent,
2661 3567 2888 3624 norant;
2920 3559 3061 3628 quod
3093 3569 3270 3614 autem
3299 3561 3362 3612 ad

1783 3653 1969 3708 eadem
1995 3692 2009 3715 ,
2051 3660 2106 3706 et
2131 3665 2362 3706 sessum:
2406 3659 2587 3704 essent
2617 3651 2669 3703 in
2702 3650 2897 3704 throno
2923 3649 3056 3714 Dei,
3093 3650 3212 3718 quis
3263 3649 3365 3703 hnc

1787 3752 2177 3813 exspectasset,
2205 3743 2324 3812 quis
2354 3741 2704 3808 credidisset?
2733 3740 3048 3806 Absconditi,
3095 3741 3285 3809 inquit,
3315 3743 3367 3792 in

1786 3834 1917 3888 Deo.
1951 3833 2098 3887 Hanc
2127 3841 2305 3886 autem
2329 3831 3052 3902 dispensationem‘apertius
3080 3832 3281 3884 revelat
3313 3831 3363 3883 in

1790 3925 2026 3994 Epistula
2063 3924 2127 3976 ad
2171 3922 2461 3976 Romanos.
2510 3921 2577 3975 In
2623 3921 2766 3985 Deo,
2816 3922 3022 3990 inquit,
3067 3923 3154 3991 qui
3201 3929 3369 3974 omnia

1787 4016 1974 4069 creavit
2005 4031 2095 4084 per
2124 4012 2302 4067 Iesum
2333 4013 2607 4068 Christum.
2643 4013 2811 4068 Recte
2835 4024 3010 4068 autem
3039 4016 3368 4069 creationem

1789 4104 2106 4162 memoravit
2152 4104 2374 4170 dicens,
2409 4102 2513 4158 Per
2542 4104 2816 4157 Christum.
2863 4104 2994 4159 Nam
3041 4106 3129 4174 qui
3191 4108 3370 4159 omnia

1789 4197 1992 4253 creavit
2019 4213 2113 4267 per
2143 4196 2314 4264 ipsum
2335 4237 2352 4260 ,
2382 4195 2483 4249 hoc
2509 4211 2720 4266 quoque
2765 4211 2861 4264 per
2899 4197 3070 4266 ipsum
3103 4199 3303 4252 revelat
3357 4217 3369 4252 :

1792 4278 1923 4344 nihil
1963 4290 2107 4344 enim
2148 4289 2266 4342 sine
2310 4287 2402 4341 illo
2432 4286 2557 4341 fecit
2601 4304 2612 4339 :
2651 4302 2770 4341 nam
2820 4287 2945 4340 Sine
2987 4288 3106 4355 illo,
3161 4288 3328 4358 inquit
3361 4334 3390 4372 ι,

1794 4384 1983 4451 factum
2014 4390 2085 4433 est
2113 4379 2240 4431 nihil
2274 4377 2464 4450 (Joan.
2494 4379 2547 4432 1.
2582 4378 2615 4432 5
2636 4378 2674 4447 ).
2708 4378 2902 4432 Diccns
2947 4379 3273 4448 principatus
3323 4391 3372 4432 «ιι

1791 4481 2103 4541 potestates,
2122 4469 2254 4524 dixit
2273 4469 2645 4538 etsuperiores
2666 4479 2719 4523 et
2752 4470 3052 4525 inferiores.
3083 4471 3370 4526 Secundmn

1792 4563 2177 4634 prwﬁnitionent
2228 4562 2548 4616 seculorum.
2579 4562 2729 4616 Nunc
2757 4562 2970 4631 quidem
3014 4562 3208 4618 factum
3254 4574 3370 4626 est.

1794 4654 1997 4723 inquit,
2025 4669 2130 4706 non
2159 4668 2299 4706 nunc
2328 4661 2508 4707 autem
2546 4662 2628 4721 est
2660 4654 2984 4723 praalinitum
3010 4695 3024 4719 ,
3072 4655 3166 4708 sed
3189 4657 3371 4709 multis

1799 4753 1942 4798 retro
1991 4745 2125 4798 actis
2173 4745 2503 4812 temporibus
2530 4742 2627 4797 fuit
2671 4747 3044 4799 constitutum.
3079 4745 3378 4800 Secundum

1798 4837 2188 4907 praeﬁnitionem
2231 4837 2530 4889 steculorum
2575 4853 2725 4907 quam
2757 4837 2875 4906 fecit
2912 4839 2964 4892 in
3013 4838 3212 4891 Christo
3254 4838 3379 4892 Jesu

1800 4926 2020 4981 Domino
2049 4935 2239 4980 nostro.
2271 4925 2384 4980 Hoc
2412 4935 2531 4991 est,
2585 4927 2876 4981 secundmn
2907 4930 3382 4999 przecognilionem

1802 5020 2120 5094 surculorum
2140 5060 2155 5085 ,
2179 5027 2234 5071 ut
2263 5019 2350 5089 qni
2372 5017 2547 5072 futura
2575 5019 2964 5087 prmscivisset,
2991 5019 3163 5074 futura
3188 5027 3383 5079 smcuta

1802 5109 1931 5164 dicit
1961 5129 1973 5164 :
2007 5109 2209 5165 sciebat
2234 5111 2380 5164 enim
2402 5108 2576 5164 futura
2611 5119 2658 5164 st
2689 5111 2768 5164 sic
2793 5110 3056 5166 deﬁnivit.
3091 5112 3382 5167 Secundum

1805 5202 2190 5272 prteﬁnitionem
2237 5203 2578 5266 swculorum;
2657 5201 2847 5256 borum
2926 5201 3188 5268 fortasse,
3269 5222 3386 5273 qtae

1807 5296 1932 5350 fecit
1953 5295 2005 5349 in
2035 5294 2252 5350 Christo
2299 5294 2471 5350 Jesu:
2525 5277 2618 5364 per
2661 5295 2933 5351 Christum
2980 5307 3157 5352 autem
3189 5297 3385 5354 factum

1808 5396 1894 5442 est
1950 5387 2282 5441 universum.
2334 5387 2422 5441 12.
2457 5386 2520 5440 In
2547 5403 2682 5452 qua,
2725 5387 2927 5458 inquit,
2979 5390 3218 5443 habemus
3247 5391 3382 5458 ﬁda-

1810 5481 1945 5534 ciam
1998 5487 2045 5532 et
2088 5495 2343 5533 accessum
2393 5480 2446 5532 in
2500 5479 2806 5548 conﬁdentia
2833 5497 2921 5551 per
2940 5481 3094 5549 [idem
3117 5481 3383 5552 ejus.Non

1813 5582 2082 5642 tamquam
2109 5573 2302 5641 captivi
2329 5612 2343 5638 ,
2375 5572 2578 5640 inquit,
2621 5571 2833 5626 adducti
2857 5588 3044 5628 sumus
3067 5614 3081 5638 ,
3113 5591 3287 5644 neque
3343 5586 3389 5632 ut

1811 5663 2010 5733 dignati
2066 5662 2260 5725 venia,
2291 5677 2463 5732 neque
2516 5672 2782 5732 tamquam
2831 5665 2919 5733 qui
2970 5666 3390 5734 peccaverimus.

1818 5753 2026 5810 Etenim
2052 5753 2349 5820 Fiduciam,
2378 5754 2563 5822 inquit.
2593 5755 2830 5807 habemus
2858 5755 2909 5810 in
2938 5755 3263 5825 confidentia,
