4108 6312
766 414 826 467 iii
1092 451 1100 459 ,
1498 399 1554 454 S.
1595 392 1869 473 JQANNIS
1905 382 2368 445 CllliYSOSTOMI
2398 377 2727 436 ‘ARCIIIEP.
2765 377 3294 438 CONSTANTINOP.
3960 383 4021 439 διε

744 498 863 587 est,
886 521 1228 578 confidimus.
1258 512 1577 572 Undenam?
1603 510 1706 564 Per
1732 509 1882 576 [idem
1924 506 2050 575 ejus.
2083 502 2170 557 l3.
2206 499 2336 555 Pro-

766 628 876 682 pter
899 614 1035 684 quod
1055 622 1169 682 peto
1195 627 1258 663 ne
1282 607 1530 676 deficiatis
1570 605 1624 657 in
1654 597 2059 661 tribulationibus
2100 594 2222 647 meis
2247 608 2339 661 pro

761 707 913 768 vobis,
942 719 1056 774 qua:
1080 713 1152 758 est
1179 700 1345 771 gloria
1372 708 1553 751 vestra.
1584 692 1862 762 Quomodo
1888 698 2013 744 sunt
2043 701 2141 756 pro
2170 683 2340 753 ipsis?

761 788 1032 865 qitnmodo
1061 801 1187 846 sunt
1208 779 1404 861 'gloria
1455 786 1736 857 ipsorum?
1777 774 2039 851 Quoniam
2085 777 2232 849 ipsos
2257 774 2337 828 sic

729 888 948 973 /tlilexit
979 886 1138 950 Deus,
1167 892 1221 936 ut
1241 882 1402 936 etiam
1432 894 1528 948 pro
1555 878 1684 948 ipsis
1711 876 1864 929 daret
1891 873 2109 937 Filium,
2138 880 2192 924 et
2217 885 2338 924 ser-

764 995 856 1032 vos
889 992 1018 1031 suos
1044 975 1182 1029 male
1208 973 1467 1026 alliceret.
1498 968 1629 1023 Nam
1658 976 1716 1020 ut
1739 965 1823 1020 isti
1852 973 1958 1018 tam
1988 964 2154 1016 multa
2202 963 2284 1011 ιιειι
2306 975 2338 1012 a

760 1076 1237 1136 consequerentur,
1297 1062 1492 1117 Paulus
1542 1066 1658 1114 erat
1703 1059 1754 1112 in
1804 1055 2053 1129 vinculis.
2103 1051 2217 1107 Hoc
2256 1060 2341 1105 est

762 1160 943 1213 multa:
988 1158 1081 1217 Dei
1113 1158 1162 1209 in
1211 1154 1355 1223 ipsos
1384 1152 1659 1205 caritatis:
1716 1147 1858 1218 quod
1906 1145 2067 1200 etiam
2098 1143 2166 1196 de
2208 1157 2337 1211 proa-

763 1251 937 1318 phetis
963 1249 1091 1302 dicit
1119 1247 1255 1301 Deus
1289 1263 1301 1297 :
1333 1242 1511 1297 Occidi
1535 1258 1619 1295 eos
1643 1241 1697 1293 in
1722 1237 1880 1293 verbis
1909 1237 2012 1290 aris
2032 1234 2131 1288 mei
2160 1233 2331 1312 (Osee

759 1341 794 1396 6
844 1340 923 1411 5).
950 1337 1228 1405 Quomodo
1259 1344 1439 1389 autem
1465 1332 1785 1387 deficiebant
1819 1330 1927 1382 alio
1954 1327 2194 1382 afﬂicto?
2226 1327 2338 1380 Hoc

757 1442 875 1497 est,
919 1430 1391 1501 perturbabantur.
1440 1425 1554 1479 Hoc
1599 1424 1760 1478 etiam
1807 1422 1939 1476 dicit
1987 1420 2231 1473 scribens
2268 1416 2336 1471 ad

770 1521 1281 1575 Thessalonicenses
1315 1534 1329 1569 :
1360 1515 1427 1571 Ut
1459 1531 1602 1567 nemo
1630 1522 1886 1566 moveatur
1911 1512 1965 1564 in
1988 1510 2334 1563 tribulationi-

758 1616 848 1668 bus
872 1615 980 1667 istis
1010 1613 1084 1681 (l.
1108 1607 1368 1680 Thestii.
1394 1590 1618 1678 5).'Non
1647 1606 1818 1658 solum
1846 1604 1987 1658 enim
2021 1616 2126 1655 non
2149 1600 2335 1654 dolen-

755 1705 880 1759 dum
907 1744 925 1770 ,
986 1702 1079 1756 sed
1109 1702 1269 1755 etiam
1298 1685 1382 1754 est
1413 1697 1714 1752 hetandum.
1750 1695 1807 1750 Si
1854 1696 1996 1746 enim
2024 1709 2088 1746 ex
2136 1692 2331 1761 prmdi-

756 1796 935 1847 ctione
959 1792 1200 1860 accipitis
1226 1787 1671 1848 consolationem,
1694 1785 2027 1855 pnedieimns
2056 1784 2289 1862 futurum
2315 1779 2345 1847 ,‘

757 1894 813 1937 ut
840 1883 923 1935 hic
953 1875 1268 1951 afﬂigamur.
1302 1880 1513 1947 Quare?
1542 1878 1803 1944 Quoniam
1837 1876 2092 1929 Dmninus
2119 1877 2197 1929 sic
2221 1873 2336 1945 jus-

754 1975 843 2027 sit.
876 1975 963 2028 Η.
999 1972 1170 2043 Hujus
1204 1974 1277 2024 rei
1303 1970 1469 2040 gratia
1493 1971 1642 2039 ﬂecto
1672 1985 1835 2039 genua
1864 1984 1974 2021 mea
2013 1968 2081 2020 ad
2130 1967 2334 2020 Putrem

756 2065 960 2119 Domini
985 2066 1144 2119 nostri
1183 2062 1209 2118 .l
1215 2081 1301 2116 esu
1332 2061 1540 2123 Christi,
1570 2061 1657 2115 15.
1695 2077 1758 2114 ea:
1783 2077 1881 2131 quo
1909 2060 2069 2112 omnis
2109 2061 2333 2130 paterni-

755 2168 833 2209 tas
864 2160 914 2208 in
945 2156 1082 2209 uelis
1102 2163 1164 2208 et
1187 2156 1239 2207 in
1269 2165 1403 2207 terra
1428 2154 1740 2205 nominatur.
1774 2150 1897 2205 Sua:
1926 2166 2020 2219 pro
2049 2152 2175 2219 ipsis
2208 2166 2328 2219 pre-

752 2246 978 2300 cationis
1001 2246 1235 2299 ostendit
1260 2243 1529 2298 allectum.
1559 2243 1671 2296 Non
1705 2244 1835 2295 dixit
1868 2243 2040 2296 solum
2061 2278 2077 2308 ,
2109 2242 2328 2306 Prcccir,

750 2340 843 2393 sed
889 2349 1263 2407 compunctum
1295 2337 1529 2391 ostendit
1580 2338 1939 2405 precationem
1970 2352 2035 2389 ex
2075 2351 2140 2389 eo
2185 2334 2329 2403 quod

753 2430 929 2484 licetat
952 2444 1145 2498 genua.
1182 2428 1265 2481 Ea:
1284 2445 1383 2498 quo
1409 2429 1571 2480 onmis
1599 2428 1893 2495 paternitas.
1928 2426 2042 2479 Non
2068 2427 2178 2495 jam
2204 2426 2334 2479 dicit

751 2513 1044 2573 secundum
1077 2533 1357 2571 uulnerum
1386 2518 1693 2587 angelorum
1722 2557 1735 2579 ,
1767 2517 1859 2576 sed
1887 2515 2178 2569 secundum
2208 2532 2329 2567 eum

750 2611 838 2681 qui
873 2611 995 2664 fecit
1024 2609 1194 2663 tribus
1220 2623 1481 2678 supernas
1509 2615 1564 2661 et
1588 2607 1824 2662 infernas
1851 2649 1864 2671 ,
1896 2622 1999 2660 non
2028 2623 2100 2676 qu
2119 2594 2214 2660 des
2238 2607 2332 2659 Ju-

750 2703 939 2756 daic;e.
975 2701 1061 2755 lli.
1100 2700 1166 2755 Ut
1194 2700 1275 2752 det
1316 2700 1451 2753 vobis
1479 2702 1752 2752 secundum
1793 2697 1994 2750 divitias
2023 2687 2199 2769 gloria:
2226 2715 2333 2752 sua:

751 2796 979 2847 virtutem
1010 2792 1327 2846 corroborari
1353 2809 1442 2859 per
1473 2790 1726 2860 Spiritum
1751 2792 1860 2858 ejus
1881 2791 1933 2842 in
1960 2790 2190 2843 interiori
2234 2790 2329 2842 ho-

754 2888 910 2950 mine,
943 2884 1037 2937 17.
1086 2882 1343 2938 Christum
1374 2883 1601 2936 habitare
1626 2898 1713 2951 per
1734 2881 1884 2947 ﬁdem
1909 2881 1961 2932 in
1988 2882 2222 2935 cordibus
2252 2897 2333 2934 ve-

722 2972 724 2975 ’
753 2977 889 3029 stris.
925 2974 1056 3029 Vide
1081 2992 1199 3028 CUIII
1230 2985 1425 3043 quanta
1449 2973 1846 3026 insatiabilitate
1872 2972 1951 3025 eis
1974 2973 2109 3026 bona
2144 2986 2330 3041 prece-

755 3078 838 3119 tur
863 3109 877 3131 ,
913 3080 979 3119 ne
1015 3064 1482 3120 circumferuntur.
1535 3064 1817 3130 Qunnodo
1864 3064 2149 3134 antetulit
2191 3062 2334 3117 hoc?

760 3158 859 3212 Per
889 3159 1140 3228 Spiritum
1165 3168 1394 3211 sanctum
1448 3157 1500 3211 in
1548 3157 1775 3209 interiori
1826 3156 2028 3208 homine
2052 3156 2351 3209 inhabitare

755 3253 1011 3305 Christum
1040 3268 1131 3321 per
1165 3251 1318 3318 fidem
1347 3250 1399 3302 in
1429 3234 1661 3302 cordibus
1685 3248 1875 3301 vestris.
1908 3247 2222 3312 Quomodo?
2267 3248 2335 3302 In

757 3344 967 3395 caritate
991 3342 1208 3394 radicati
1233 3352 1278 3393 et
1302 3340 1502 3410 fundati
1523 3379 1536 3403 ,
1566 3338 1652 3392 l8.
1679 3349 1732 3391 ut
1763 3339 1964 3406 possitis
2003 3339 2333 3406 comprehen-

757 3435 877 3486 dere
920 3449 1031 3485 cum
1076 3431 1305 3484 omnibus
1342 3430 1562 3490 structis,
1590 3445 1704 3496 gnte
1731 3431 1794 3481 sit
1820 3428 2080 3497 longitudo
2129 3436 2175 3480 et
2212 3428 2333 3481 tnti-

757 3528 878 3578 tudo
903 3566 917 3587 ,
960 3535 1003 3577 et
1055 3524 1337 3577 sublimitas
1383 3533 1430 3575 et
1478 3519 1788 3590 profundum
1831 3534 1851 3572 :
1886 3520 1970 3574 l9.
2012 3518 2144 3573 scire
2185 3520 2336 3572 etiam

757 3617 1203 3682 supereminetuem
1226 3614 1448 3667 scientia:
1472 3613 1733 3681 caritatem
1757 3610 1966 3664 Christi.

830 3707 886 3758 2.
928 3706 1077 3769 Quod
1119 3714 1362 3773 precatus
1403 3713 1486 3757 est
1512 3703 1563 3754 in
1594 3682 1873 3769 principio,
1906 3700 2007 3753 hoc
2037 3714 2178 3753 nunc
2201 3691 2338 3768 quo-

758 3816 881 3868 que.
907 3799 1043 3865 Quid
1070 3807 1151 3850 est
1178 3806 1353 3849 autem
1380 3793 1520 3864 quod
1544 3793 1681 3846 dixit
1704 3793 1755 3844 in
1783 3782 2081 3860 principio?
2106 3789 2172 3845 Ut
2201 3790 2336 3869 Dens

761 3890 967 3945 Domini
1008 3891 1165 3943 nostri
1200 3886 1328 3942 Iesu
1375 3885 1600 3951 Christi,
1621 3883 1806 3961 ‘Pat.er
1834 3884 2044 3955 gloriae,
2074 3884 2158 3936 det
2201 3882 2338 3936 vobis

760 3983 993 4049 spiritum
1029 3980 1290 4047 sapientia:
1328 3987 1373 4030 et
1413 3976 1732 4029 retu-talionis
1775 3975 1828 4026 in
1855 3974 2164 4044 agnitionem
2203 3974 2334 4042 ejus,

761 4048 1074 4125 illuminatos
1118 4068 1290 4121 oculos
1317 4067 1483 4121 cordis
1511 4065 1679 4127 vestri,
1709 4075 1763 4116 ut
1792 4064 1965 4117 sciatis
1991 4048 2102 4131 qut:
2129 4064 2192 4115 sit
2224 4078 2339 4129 spes

764 4160 1034 4215 uocationis
1056 4161 1182 4227 ejus,
1213 4167 1259 4209 et
1285 4171 1399 4226 qua:
1420 4155 1609 4208 divitia?
1632 4154 1810 4224 gloria:
1834 4146 2125 4206 hereditatis
2153 4154 2261 4220 ejus
2286 4153 2339 4204 in

763 4251 963 4313 sanctis,
986 4258 1032 4302 et
1056 4265 1169 4318 qua:
1206 4248 1268 4300 sit
1298 4245 1670 4316 supereminens
1695 4244 1989 4313 magnitudo
2012 4243 2207 4296 virtutis
2232 4227 2339 4310 eius

731 4345 815 4395 'in
855 4358 945 4394 nos
982 4341 1065 4409 qui
1103 4339 1353 4392 credimus
1400 4335 1614 4405 (Ephes.
1666 4337 1714 4387 ί.
1768 4335 1970 4402 17-19).
2015 4333 2156 4387 ldcm
2203 4348 2343 4386 nunc

766 4449 975 4502 quoque
995 4431 1122 4484 dicit
1156 4448 1169 4481 :
1207 4427 1273 4482 Ut
1305 4427 1504 4496 possitis
1528 4426 1945 4495 comprehendere
1972 4426 2085 4475 cum
2115 4423 2343 4476 omnibus

767 4524 968 4585 sanctis,
1012 4537 1126 4588 quin
1166 4519 1229 4572 sit
1276 4516 1539 4589 longitudo
1588 4526 1633 4568 et
1680 4516 1915 4580 latitudo,
1964 4514 2246 4567 sublimitas
2297 4523 2343 4565 et

772 4614 1113 4685 profundum;
1138 4610 1237 4663 hoc
1267 4620 1369 4673 est,
1416 4608 1726 4679 mysterium
1755 4605 1893 4676 quod
1932 4621 2027 4674 pro
2054 4607 2209 4659 nobis
2236 4606 2344 4659 dis-

772 4716 1048 4775 pensatnm
1078 4713 1159 4756 est
1207 4709 1454 4755 accurate
1495 4699 1675 4753 scire:
1721 4697 1822 4751 hoc
1865 4698 2006 4750 enim
2044 4707 2193 4757 vocat
2221 4697 2342 4749 lati-

772 4797 1004 4851 tudinem
1036 4807 1088 4847 et
1115 4791 1522 4861 longitudinem,
1566 4788 1974 4859 profunditatem
2006 4795 2060 4841 et
2100 4786 2343 4840 Sublimi-

772 4896 931 4943 tatem
965 4906 977 4939 :
1008 4886 1055 4939 id
1098 4893 1213 4949 est,
1262 4881 1677 4952 magnitudinem
1724 4880 1962 4933 caritatis
2010 4879 2101 4932 Dei
2148 4893 2340 4943 nosse,

770 4975 1039 5046 quomodo
1068 4977 1117 5028 in
1145 4989 1357 5028 onmem
1389 4981 1592 5043 partem
1620 4980 1838 5026 extensa
1865 4972 1954 5025 sit.
1987 4968 2055 5023 Et
2075 4983 2192 5022 eam
2220 4983 2344 5022 cor-

774 5068 1043 5138 poralibus
1094 5068 1275 5137 figuris
1322 5049 1635 5135 descripsit,
1688 5062 1977 5117 ostendens
2028 5056 2345 5114 hominem:

772 5158 1180 5227 comprehcndit
1202 5159 1219 5189 ¹
1250 5174 1369 5227 quae
1411 5167 1537 5210 sunt
1564 5171 1744 5225 supra,
1774 5170 1893 5225 qua:
1933 5153 2093 5220 infra,
2135 5164 2191 5208 et
2227 5168 2347 5223 quae

773 5270 840 5305 ex
876 5263 1202 5305 transverso.
1246 5251 1489 5317 Diximus
1508 5249 1676 5315 enim,
1708 5249 1892 5319 inquit,
1929 5263 2033 5301 non
2061 5257 2143 5301 est
2169 5257 2345 5299 autem

777 5362 906 5398 nime
942 5344 1154 5397 dicendi
1184 5341 1445 5398 facultatis
1477 5341 1592 5395 haec
1617 5340 1833 5406 docere,
1858 5340 1952 5395 sed
1980 5338 2148 5392 sancti
2174 5338 2345 5408 Spiri-

775 5447 878 5489 tus.
912 5433 1081 5503 Hujus
1109 5434 1307 5496 tirtute,
1348 5433 1539 5501 inquit,
1585 5429 1900 5483 corroborari
1937 5429 2194 5483 adversus
2226 5441 2345 5483 ten-

775 5530 1019 5593 t..tiones,
1063 5536 1116 5580 et
1156 5540 1260 5579 non
1286 5523 1465 5579 labare
1502 5520 1770 5576 et'devios
1806 5521 1952 5575 iet-ri.
1982 5518 2343 5586 Quamobrem

834 5681 851 5709 ί
888 5687 1014 5728 L‘nus
1027 5678 1272 5728 (Eodem...
1300 5676 1599 5727 extensa-sit.
1633 5674 1799 5725 Valens
1829 5681 1987 5728 autem
2011 5674 2343 5724 demonstrare

769 5751 950 5807 quanta
971 5738 1269 5807 superantis
1298 5737 1714 5807 Deipwgnitudo,
1740 5734 2262 5807 corporalibus/ignitis
2284 5735 2339 5786 il-

769 5807 867 5854 lam
891 5799 1161 5866 descripsit,
1189 5800 1347 5865 rripsa
1369 5797 1552 5862 dicens,
1580 5800 1704 5863 quod
1720 5797 2217 5863 contpreltcndat,etc.

2449 495 2561 547 fieri
2606 493 2761 548 aliter
2797 510 2901 547 non
2946 504 3121 562 potest
3166 504 3224 548 ut
3267 494 3698 557 corroboremnr,
3735 480 3896 563 quam
3932 511 4014 563 per

2443 585 2699 652 Spiritum
2745 596 2799 638 et
2845 588 3189 640 tentationes.
3227 585 3511 652 Quomodo
3552 595 3729 640 autem
3778 584 4014 641 Christus

2446 675 2646 730 habitet
2677 677 2728 728 in
2756 676 3029 743 cordibus,
3056 677 3183 736 audi,
3208 677 3480 731 Christum
3510 677 3774 731 dicentem
3802 697 3816 732 :
3840 678 3950 748 Ego
3973 691 4015 732 et

2446 764 2604 817 Pater
2644 767 2894 841 veniemus
2916 758 2947 829 ,1
2978 775 3025 818 et
3077 767 3391 819 mansionem
3431 766 3573 834 apud
3622 784 3733 820 eum
3780 769 4017 835 faciemus

2447 854 2625 927 (Joan.
2660 858 2743 911 14.
2770 857 2888 924 25).
2923 857 3188 911 lnhabitat
3213 866 3390 911 autem
3423 873 3531 911 non
3561 860 3901 926 simpliciter.
3928 862 4013 916 sed

2445 948 2496 1000 in
2527 948 2776 1002 cordibus
2805 948 3050 1003 fidelibus
3077 964 3196 1019 qua:
3224 949 3433 1005 radices
3452 961 3688 1019 egerunt
3714 953 3766 1004 in
3797 952 3915 1020 ejus
3933 970 4014 1009 ca-

2442 1040 2617 1105 ritate,
2663 1055 2782 1107 qnze
2821 1055 2927 1093 non
2956 1040 3125 1094 deria:
3156 1022 3421 1094 feruntur.
3469 1040 3539 1095 Ut
3564 1030 3788 1112 possitis,
3830 1044 4014 1114 inquit.

2443 1130 2625 1200 Itaque
2655 1132 2859 1202 magnis
2880 1146 3015 1200 opus
3035 1142 3117 1186 est
3144 1132 3363 1185 viribus.
3400 1132 3498 1186 Ubi
3527 1148 3654 1186 vero
3675 1134 3871 1188 talibus
3890 1151 4017 1205 opus

2441 1224 2512 1278 sit
2535 1224 2738 1278 viribus
2766 1225 3022 1289 declarat,
3062 1225 3411 1305 subjungens,
3458 1224 3525 1279 Ut
3555 1228 3758 1294 possitis
3794 1245 4017 1297 compres

2441 1314 2657 1368 Itendere
2689 1331 2803 1367 cum
2840 1316 3074 1368 omnibus
3114 1316 3321 1380 sanctis,
3347 1329 3471 1385 quae
3513 1316 3579 1369 sit
3612 1317 3937 1386 profunditas
3974 1330 4016 1372 et

2438 1406 2675 1468 altitudo,
2703 1417 2749 1458 et
2778 1407 2905 1458 scire
2924 1420 3039 1472 quae
3063 1400 3127 1458 sit
3155 1407 3534 1474 supereminens
3562 1406 3749 1458 raritas
3772 1409 4015 1477 cognitio-

2441 1496 2519 1548 nis
2553 1493 2757 1549 Christi.
2809 1492 2877 1548 Ut
2926 1494 3298 1561 adimpleamstr
3326 1495 3381 1546 in
3422 1509 3637 1547 omnem
3661 1495 4017 1563 plenitudinem

2449 1585 2556 1639 Dei.
2589 1585 2701 1639 lloc
2727 1596 2903 1639 autem
2938 1585 3052 1637 vult
3077 1585 3380 1653 signiﬁcare
3406 1600 3419 1634 :
3449 1583 3782 1653 Quamquam
3824 1589 4016 1641 caritas

2437 1676 2633 1731 Christi
2664 1676 2819 1744 longe
2842 1683 3061 1744 superet
3076 1689 3291 1727 omnem
3319 1676 3606 1727 humanam
3627 1675 4015 1744 cnguitionem;

2439 1784 2534 1822 vos
2557 1778 2731 1820 tamen
2758 1766 3113 1837 cognoscetis,
3143 1766 3185 1818 si
3214 1765 3455 1819 habeatis
3482 1765 3753 1819 Christum
3780 1767 4020 1820 habitan-

2439 1869 2544 1914 tem
2589 1859 2640 1911 in
2672 1858 2841 1912 vobis.
2871 1857 3057 1926 Neque
3083 1858 3256 1911 solum
3287 1857 3388 1910 hoc
3429 1871 3495 1909 ex
3538 1857 3630 1909 illo
3659 1860 4016 1926 cognoscetis,

2439 1965 2622 2004 verum
2648 1959 2702 2002 et
2732 1946 3082 2013 implebimini
3132 1946 3185 2000 in
3226 1961 3441 1999 omnem
3482 1944 3871 2013 plenitudinem
3902 1946 4014 2000 Dei.

2436 2041 2538 2097 Ubi
2569 2050 2662 2096 aut
2694 2039 2901 2104 annuit,
2949 2038 3088 2091 idem
3119 2051 3241 2091 esse
3270 2035 3657 2105 plenitudinem
3703 2036 3819 2102 Dei,
3861 2046 4018 2105 atque

2435 2147 2779 2201 cognoscere,
2804 2128 3074 2199 quomodo
3105 2130 3157 2182 in
3181 2128 3339 2182 Patre
3368 2138 3423 2180 et
3445 2127 3580 2180 Filio
3610 2136 3665 2180 et
3694 2138 3881 2181 sancto
3901 2127 4019 2196 Spi‘

2438 2225 2542 2278 ritu
2604 2224 2742 2276 Deus
2790 2236 2927 2275 unus
2979 2220 3188 2273 adorari
3232 2219 3391 2273 debet
3425 2228 3554 2271 :aut
3603 2218 3920 2273 adhortatur
3965 2228 4017 2271 ut

2436 2314 2577 2368 serio
2617 2311 2988 2366 incumbamus
3029 2310 3081 2363 in
3112 2310 3186 2373 id,
3236 2318 3291 2362 ut
3329 2307 3637 2362 omnimoda
3671 2307 3887 2374 virtute,
3917 2323 4017 2377 qua

2435 2405 2669 2460 abundat
2700 2405 2862 2465 Deus,
2894 2417 2991 2455 nos
3018 2402 3355 2468 impleamnr.
3388 2399 3480 2452 20.
3516 2398 3578 2451 Ei
3603 2407 3791 2464 autem,
3816 2401 3906 2468 qui
3927 2416 4019 2468 po-

2435 2509 2544 2552 tens
2587 2508 2659 2550 est
2703 2497 2875 2549 omnia
2905 2496 3074 2562 facere
3116 2491 3588 2560 superabundanter
3614 2507 3767 2558 quam
3808 2491 4020 2560 petimus

2384 2578 2523 2642 Vaut
2567 2588 2893 2657 intelligimus
2941 2584 3217 2639 secundant
3258 2585 3489 2635 virtutem
3531 2598 3645 2652 qua:
3687 2591 3928 2651 aperatur
3970 2583 4019 2634 in

2437 2681 2599 2734 nobis.
2636 2678 2932 2732 Secundum
2964 2678 3193 2730 virtutem
3219 2685 3363 2729 recte
3381 2674 3515 2730 dixit
3535 2693 3547 2728 :
3567 2691 3631 2728 cx
3660 2675 3853 2727 virtute
3877 2675 4018 2728 enim

2437 2789 2499 2827 ca
2526 2771 2814 2838 accipimus
2842 2784 2963 2838 qutc
2995 2782 3279 2837 numquam
3328 2766 3684 2834 speravimus.
3727 2763 3879 2830 Quod
3921 2780 4019 2818 au-

2440 2873 2545 2915 tem
2577 2859 2930 2913 abundantius
2958 2872 3118 2925 quam
3148 2871 3267 2924 qua:
3299 2855 3530 2923 petimus
3550 2864 3641 2907 aut
3668 2853 4016 2922 intelligimus

2438 2952 2643 3016 fecerit,
2674 2952 2849 3021 palam
2874 2959 2956 3003 est
2982 2966 3047 3002 ex
3075 2949 3140 3001 iis
3162 2964 3280 3016 qua:
3309 2948 3422 3016 ipse
3448 2938 3738 3001 scribebat.
3769 2945 3901 3001 Nam
3924 2961 4021 3014 ego

2438 3042 2674 3113 quidem,
2704 3041 2895 3111 inquit,
2928 3055 3118 3107 precor
3149 3055 3162 3091 :
3196 3038 3309 3107 ipse
3334 3048 3512 3090 autem
3544 3038 3705 3091 etiam
3728 3037 3846 3090 sine
3888 3039 4021 3090 meis

2438 3136 2687 3207 precibus
2715 3134 2914 3202 majora
2959 3131 3114 3185 faciet
3140 3145 3297 3199 quam
3326 3140 3523 3182 nostra:
3550 3129 3654 3181 sint
3688 3128 3977 3196 petitiones
4006 3144 4020 3180 :

2439 3241 2545 3281 non
2573 3226 2748 3281 solum
2787 3226 2987 3292 majora
3025 3232 3118 3276 aut
3144 3220 3502 3284 abundanter,
3534 3220 3649 3280 sed.
3687 3218 4023 3286 Superabun-

2438 3319 2637 3383 danter,
2664 3315 3081 3384 magnitudinem
3110 3312 3237 3365 doni
3266 3311 3567 3364 declarans.
3602 3310 3886 3365 Undenam
3919 3312 4023 3365 hoc

2438 3409 2643 3479 liquet?
2689 3410 2762 3461 Ex
2812 3408 3009 3459 virtute
3052 3420 3172 3473 (ιιιεε
3217 3412 3473 3471 operatur
3519 3403 3571 3455 in
3619 3403 3793 3456 nobis.
3840 3403 4022 3472 Neque

2440 3499 2584 3552 enim
2625 3497 2741 3550 haec
2769 3510 3019 3563 umquam
3055 3493 3323 3560 petiimus,
3365 3507 3539 3560 neque
3564 3493 4017 3560 exspectavimus.

2438 3588 2530 3645 2!.
2563 3586 2699 3655 Ipsi,
2729 3584 2917 3653 inquit,
2952 3583 3117 3653 gloria
3143 3582 3197 3633 in
3217 3580 3455 3632 Ecclesia
3494 3582 3545 3633 in
3587 3581 3787 3633 Christo
3817 3580 3947 3635 Iesu
3974 3585 4023 3633 in

2440 3696 2612 3733 omnes
2645 3676 2984 3748 generationes
3023 3674 3195 3727 swculi
3219 3672 3539 3725 stccnlorum.
3586 3673 3763 3725 Amen.
3799 3673 4025 3727 Pulchre

2441 3769 2704 3826 conclusit
2729 3767 3026 3820 orationem
3057 3763 3303 3832 precibus
3334 3770 3387 3815 et
3412 3761 3820 3830 glorificatione.
3854 3761 4026 3830 Opor—

2444 3860 2593 3914 tebat
2615 3859 2757 3912 enim
2790 3869 2910 3908 eum
2938 3852 3221 3924 glorificari
3249 3862 3302 3905 et
3323 3851 3563 3921 benedici
3592 3853 3679 3920 qui
3711 3860 3857 3904 tanta
3887 3868 4023 3921 pra:-

2444 3950 2575 4003 buit.
2603 3948 2777 4013 Quare
2803 3946 2906 3999 hoc
2932 3959 3143 4014 quoque
3170 3959 3290 4011 pars
3320 3952 3401 3995 est
3429 3942 3811 4003 admirationis,
3841 3944 4019 4011 glori-

2446 4040 2603 4092 ficare
2625 4046 2842 4107 preptcr
2862 4050 2922 4089 ea
2951 4050 3069 4103 quae
3095 4049 3127 4088 a
3156 4033 3263 4085 Deo
3282 4047 3467 4086 sumus
3487 4031 3685 4099 adepti,
3722 4047 3814 4098 per
3841 4031 4025 4085 Jesum

2443 4131 2736 4184 Christum.
2784 4127 2959 4181 Gloria
2996 4126 3114 4195 ejus
3142 4127 3193 4177 in
3228 4123 3478 4188 Ecclesia,
3517 4134 3661 4176 recte
3706 4124 3839 4176 dixit
3868 4139 3884 4175 :
3916 4125 4024 4191 ipsa

2445 4220 2587 4275 enim
2638 4218 2749 4272 sola
2802 4226 2982 4270 manet
3028 4217 3078 4268 in
3127 4222 3461 4283 perpetuum.
3506 4212 3638 4279 Qnia
3688 4222 3865 4267 autem
3913 4214 4023 4281 ipsa

2446 4328 2664 4381 semper
2703 4321 2831 4370 stat.
2861 4310 2975 4362 vult
3014 4309 3162 4363 illum
3189 4325 3218 4362 a
3250 4308 3404 4361 nobis
3432 4307 3717 4378 glorificari
3754 4323 3923 4376 usque
3961 4306 4026 4361 ad

2447 4404 2999 4459 consummationem:
3035 4401 3135 4456 hoc
3182 4402 3323 4456 enim
3372 4400 3689 4470 significavit
3723 4401 3932 4463 dicens.
3966 4400 4033 4452 In

2447 4511 2617 4548 omnes
2645 4493 2992 4563 generationes
3029 4491 3220 4545 steculi.
3252 4490 3387 4558 Quid
3420 4491 3522 4543 sint
3554 4490 3903 4559 paternitates
3930 4506 4027 4544 nec

2447 4600 2599 4639 cessc
2641 4594 2724 4638 est
2757 4582 2953 4637 dicere.
2984 4577 3115 4639 Nam
3149 4581 3234 4636 hic
3269 4581 3486 4648 quidem
3517 4582 3863 4650 paternitates
3906 4592 4029 4634 sunt

2447 4692 2667 4747 genera,
2699 4677 2750 4729 in
2778 4676 3112 4737 etclo‘autem
3135 4656 3425 4743 quomodo.
3457 4673 3546 4727 ubi
3579 4674 3755 4727 nullus
3773 4690 3839 4728 ex
3858 4676 4029 4728 altero

2449 4776 2531 4822 est
2555 4767 2801 4837 genitus?
2832 4782 2897 4819 an
2929 4767 3043 4819 illic
3063 4756 3231 4819 cintus
3258 4773 3411 4817 vocat
3438 4772 3662 4835 πατριὰς,
3695 4765 3745 4817 id
3783 4775 3866 4819 est
3894 4782 4029 4835 gen-

2452 4871 2532 4916 tes
2575 4875 2638 4913 ac
2683 4858 3072 4928 cognationes?
3115 4858 3252 4911 sicut
3297 4857 3563 4910 invenitur
3615 4857 3667 4909 in
3715 4855 4029 4926 Scriptura.

2452 4958 2635 5021 πατριδι
2677 4954 2942 5018 ἁματταρει
2971 4946 3068 5018 (a),
3109 4957 3289 5015 utpote
3325 4962 3353 4998 a
3393 4960 3498 5015 quo
3536 4955 3711 5015 patres
3751 4956 4029 5001 vocantur.

2453 5040 2568 5096 Non
2607 5050 2773 5094 totum
2805 5050 2979 5093 autem
3006 5054 3035 5091 a
3065 5037 3174 5091 Deo
3205 5035 3457 5105 postulat,
3491 5036 3584 5089 sed
3613 5037 3772 5089 etiam
3804 5037 3871 5090 ab
3898 5037 4029 5105 ipsis

2455 5131 2614 5187 ﬁdem
2645 5141 2697 5186 et
2724 5131 3001 5185 caritatem
3035 5148 3048 5182 :
3083 5144 3254 5195 neque
3285 5127 3458 5181 solum
3487 5127 3787 5190 caritatem,
3816 5126 3913 5180 sed
3946 5143 4034 5180 ττι·

2453 5214 2680 5277 dicatam
2702 5233 2758 5276 et
2780 5221 3073 5284 fundatam,
3106 5231 3164 5272 nt
3183 5234 3355 5288 neque
3382 5219 3523 5271 venti
3551 5232 3668 5270 eam
3691 5217 4030 5279 labefaciunt,

2454 5329 2627 5383 neque
2658 5313 2947 5383 quidquam
2979 5310 3121 5366 aliud
3144 5326 3262 5364 eam
3293 5310 3528 5377 dejiciat.
3552 5308 3694 5362 Disit
3714 5307 4033 5362 afﬂictiones

2454 5419 2575 5459 esse
2614 5404 2835 5472 gloriam
2868 5404 2955 5455 :‘si
3003 5412 3177 5455 autem
3220 5416 3376 5466 meat,
3414 5399 3581 5452 multo
3620 5399 3787 5467 magis
3815 5408 4031 5453 vestrm.

2525 5494 2580 5549 5.
2620 5492 2980 5561 Quamobrem
3006 5493 3050 5546 si
3074 5491 3380 5562 afﬂigimur,
3412 5504 3516 5543 non
3550 5490 3669 5543 ideo
3695 5488 4031 5542 descrimur:

2514 5664 2587 5727 (ο)
2633 5665 2719 5714 Hic
2761 5666 2978 5728 suspicor
3022 5664 3286 5726 legendum
3330 5676 3464 5725 πατριᾶ
3508 5675 3677 5726 κιμμι.
3726 5661 3781 5709 lu
3822 5660 4035 5712 Hebr-ro

2451 5733 2585 5847 git:
2609 5733 2819 5799 legitur;
2847 5743 2956 5787 erat
2977 5743 3146 5785 autem
3165 5735 3323 5784 tribus
3347 5734 3636 5784 levitarum.
3672 5730 3796 5782 Vide
3818 5738 3954 5780 Num.
3981 5732 4031 5796 ὁ,
