4122 6400
848 374 919 424 ω
1539 366 1599 439 Si,
1614 365 1898 422 JOANNIS
1934 359 2413 421 CHRYSOSTOMI

2514 359 2775 422 RCIIIEP.
2813 358 3367 423 CONSTANTINOI‘.
4004 355 4051 409 ιι

852 482 1063 546 Παῦλος
1094 483 1149 537 δέ
1196 482 1257 535 οὗ
1288 482 1348 543 τὺ
1371 482 1556 547 πόσον,
1589 482 1649 533 ού
1682 482 1736 534 δὲ
1765 481 1905 533 ὥστε
1939 480 2208 552 μετρῆσαι
2243 475 2416 547 ζητεῖ’

852 583 973 645 πῶς
992 581 1099 651 γάρ
1131 597 1145 644 ;
1180 579 1293 633 ἀλλ’
1320 580 1403 632 ὅτι
1450 578 1787 649 ὑπερϐάλλον
1828 580 1918 631 καὶ
1952 579 2105 654 μέγα
2140 576 2257 630 ἐστί
2291 572 2420 627 αὐτὸ

851 679 1008 733 τοῦτο
1041 678 1229 748 μαθεῖν
1256 692 1269 706 ’
1300 676 1391 729 καί
1419 691 1607 744 φησιν,
1636 676 1718 727 ὃτι
1750 674 1880 728 αὐτὸ
1917 671 2286 748 τοῦτο-ἱκανός
2305 673 2422 723 ἐστι

851 773 1021 839 δεῖξαι
1040 776 1133 828 καὶ
1157 773 1261 826 ἀπὸ
1285 772 1383 841 τῆς
1408 768 1681 839 γνώσεως,
1704 765 1771 841 ἦς
1798 772 1957 841 ἡμεῖς
1985 768 2293 839 κατηξιώθη
2302 784 2418 837 μεν.

852 870 1044 924 Καίτοι
1076 870 1128 923 τί
1155 868 1411 938 περισσόν
1444 870 1563 921 ἐστι
1596 866 1689 920 τοῦ
1715 866 2103 937 κραταιοῦσθαι
2130 864 2239 930 ςΤὸ
2272 864 2423 918 δυνά-

854 984 965 1038 μει,
996 967 1185 1037 ῶσπερ
1240 964 1333 1018 τοῦ
1371 964 1460 1017 τὸν
1510 963 1745 1033 Χριστὸν
1794 963 1940 1031 ἔχειν
1982 962 2169 1023 ἁπλῶς
2187 962 2248 1013 τὸ
2275 960 2421 1013 ἔνδον

852 1064 969 1114 ἐστὶ
1030 1061 1308 1129 περισσόν.
1344 1058 1573 1127 Μεγάλα
1621 1058 1689 1109 τὰ
1722 1056 2015 1127 αἰτηθέντα
2036 1099 2051 1121 ,
2088 1056 2281 1124 φησὶν,
2306 1054 2419 1107 ἀλλ’

847 1155 956 1211 οἶδε
992 1158 1087 1211 καὶ
1115 1157 1254 1226 ὑπὲρ
1305 1155 1443 1209 αὐτὰ
1476 1154 1669 1216 ποιεῖν,
1695 1152 1834 1206 ὥστε
1877 1153 1950 1223 μὴ
1983 1152 2141 1221 μόνον
2176 1152 2417 1220 ἀγαπᾷν,

847 1254 984 1307 ἀλλά
1003 1254 1097 1307 καὶ
1116 1251 1321 1323 σφόδρα
1346 1250 1505 1326 τοῦτο
1534 1250 1725 1302 ποιεῖν.
1747 1246 2191 1317 Μεριμνησωμεν
2218 1246 2417 1310 τοίνυν,

848 1349 1145 1419 ἀγαπητοὶ,
1177 1345 1318 1400 ὥστε
1350 1334 1444 1400 τοῦ
1471 1345 1605 1399 Θεοῦ
1638 1345 1733 1415 τὴν
1770 1343 1988 1413 ἀγάπην
2025 1341 2234 1411 μαθεῖν.
2260 1341 2420 1409 Μέγα

846 1446 1003 1499 τοῦτό
1038 1447 1207 1505 ἐστιν,
1246 1441 1397 1497 οὐδὲν
1427 1440 1570 1496 οὕτω
1620 1443 1767 1511 ἡμᾶς
1795 1440 1995 1509 ὠφελεῖ
2016 1481 2029 1504 ,
2060 1438 2213 1491 οὐδὲν
2249 1434 2419 1498 οὕτως

843 1542 993 1610 ἡμᾶς
1059 1532 1425 1593 κατανύσσειο
1456 1537 1549 1591 τοῦ
1602 1535 1769 1607 φόὸου
1829 1536 1927 1605 τῆς
1984 1534 2208 1605 γεέννης
2234 1532 2417 1584 ἰκανὸν

842 1633 1004 1690 τοῦτο
1057 1634 1255 1706 μᾶλλον
1287 1633 1426 1689 ἐλεῖν
1463 1637 1562 1698 τὰς
1592 1634 1867 1705 ἡμετέρας
1894 1634 2091 1703 ψυχάς.
2124 1634 2297 1687 Πόθεν
2323 1628 2416 1686 οῦν

844 1712 1138 1800 εἰσόμεθαξ
1183 1731 1287 1784 Ἐκ
1331 1746 1391 1782 τε
1431 1725 1539 1782 τῶν
1576 1730 1900 1799 εἰρημένων,
1946 1728 2008 1781 ἐκ
2051 1745 2109 1781 τε
2150 1728 2258 1781 τῶν
2292 1726 2416 1779 καθ’

843 1826 1081 1894 ἑκάστην
1120 1824 1332 1894 ἡμέραν
1380 1822 1809 1894 συμϐαινόντων.
1869 1820 2026 1886 Τίνος
2081 1822 2189 1893 γάρ
2230 1823 2416 1874 ἕνεκεν

842 1918 1019 1973 ταῦτα
1073 1918 1396 1987 γεγένηται;
1430 1918 1587 1980 ποίας
1638 1917 1829 1987 χρείας
1884 1917 1980 1987 τῆς
2027 1917 2221 1979 αύτοῦ;
2252 1917 2416 1969 Οὐδε-

845 2016 994 2085 μιᾶς.
1034 2018 1181 2069 Ἀνω
1218 2016 1313 2070 καὶ
1370 2016 1518 2068 κάτω
1550 2017 1649 2084 τὴν
1696 2016 1916 2084 ἀγάπην
1955 2015 2165 2084 τίθησιν
2193 2014 2370 2068 αἰτίαν
2398 2031 2412 2045 ·

845 2110 1082 2181 μάλιστα
1123 2109 1181 2162 δέ
1217 2109 1401 2179 ἐκείνη
1448 2110 1633 2178 ἀγάπη
1670 2109 1837 2169 ἐστὶν,
1867 2109 1994 2162 ὅταν
2024 2109 2415 2179 εὐεργετῶνται

842 2204 1119 2275 ἀνθρωττοι
1143 2204 1371 2274 μηδενὸς
1406 2202 1853 2273 προῦπάρξαντος
1880 2204 2011 2274 παρ’
2043 2204 2242 2258 αὐτῶν.
2275 2204 2413 2257 Τοῦ-

840 2318 929 2353 τον
965 2300 1141 2352 τοίνυν
1176 2300 1449 2368 καὶὴμεῖς
1495 2296 1793 2367 μιμώμεθα
1819 2308 1883 2361 ι,
1920 2298 2047 2361 τοὺς
2094 2298 2318 2369 ἐχθροὺς
2352 2295 2411 2352 εὖ

843 2397 1107 2467 ποιῶμεν,
1144 2396 1268 2458 τοὺς
1307 2395 1599 2464 μισοῦντας
1632 2396 1815 2463 ἡμᾶς,
1856 2394 1982 2458 τοὺς
2011 2396 2414 2467 ἀποστρεφομέ-

841 2513 965 2557 νους
1010 2491 1384 2564 προσιὼμεθα.
1435 2491 1605 2544 Τοῦτο
1640 2494 1816 2559 ὁμοιοῖ
1866 2493 2012 2562 ἡμᾶς
2040 2492 2117 2562 τῷ
2145 2492 2282 2563 Θεῷ,
2319 2495 2415 2547 Ἂν

840 2593 947 2663 γὰρ
1000 2592 1091 2644 τὸν
1159 2590 1333 2657 φίλον,
1372 2590 1574 2656 φησὶν,
1614 2588 1938 2658 ἀγαπήσῃς,
1974 2589 2026 2642 τί
2077 2589 2138 2642 τδ
2188 2590 2409 2661 κέρδοςς

838 2686 997 2740 τοῦτο
1039 2686 1133 2738 καὶ
1181 2685 1229 2736 οί
1282 2684 1481 2737 ἐθνικοὶ
1523 2683 1790 2737 ποιοῦσιν.
1843 2682 1977 2755 [50]
2004 2682 2165 2737 Ἀλλά
2210 2683 2264 2736 τί
2315 2685 2413 2754 τῆς

841 2782 1060 2850 ἀγάπης
1088 2782 1418 2851 τεκμήριον;
1446 2781 1548 2833 Τὸν
1586 2780 1849 2849 μισοῦντα
1872 2782 2113 2853 ἀγαπᾷν.
2150 2782 2414 2854 Βούλομαί

839 2897 892 2931 τι
945 2878 1254 2947 ὑπόδειγμα
1303 2878 1497 2941 εἰπεῖν,
1550 2876 1827 2944 σύγγνωτέ
1860 2896 1979 2947 μοι,
2024 2880 2119 2932 καὶ
2146 2879 2242 2949 ούχ
2264 2880 2413 2948 εὑρί-

842 2987 955 3027 σκω
977 2974 1033 3024 ἐν
1053 2973 1165 3036 τοῖς
1200 2972 1589 3041 πνευματικοῖς
1623 2988 1636 3000 ’
1664 2970 1742 3023 διὸ
1768 2972 1874 3024 ἀπὸ
1906 2971 2014 3024 τῶν
2052 2971 2250 3036 ἔξωθεν
2281 2973 2411 3044 ἐρῶ.

840 3068 951 3137 οὐχ
983 3068 1143 3138 ὁρᾶτε
1177 3066 1304 3128 τοὺς
1336 3065 1573 3135 ἐρῶντας
1602 3066 1824 3129 τούτους
1853 3083 1869 3132 ;
1898 3068 2036 3121 πόσα
2070 3067 2412 3139 ὑϐριζόμενοι

839 3162 991 3234 παρά
1048 3161 1156 3214 τῶν
1195 3161 1520 3231 ἐρωμένων,
1558 3160 1701 3213 πόσα
1731 3162 2235 3231 ἐπιϐουλευόμενοι,
2272 3164 2413 3217 πόσα

840 3256 1216 3327 ξημιούμενοι,
1252 3254 1648 3325 προσηλοῦνται
1692 3257 1785 3309 καὶ
1821 3258 2164 3319 ἐκκαίονται,
2202 3258 2296 3311 καὶ
2315 3260 2413 3329 τῆς

839 3352 1049 3405 ἑαυτῶν
1109 3349 1288 3420 ψυχῆς
1340 3350 1537 3419 μᾶλλον
1584 3350 1753 3413 αὐτὰς
1800 3352 2096 3419 ἀγαπῶσι,
2138 3353 2415 3407 διανυκτε-

840 3444 1087 3515 ρεύοντες
1113 3445 1171 3496 ἐν
1198 3446 1309 3507 τοῖς
1340 3443 1564 3497 ἐκείνων
1594 3445 1917 3515 προθύροις;
1969 3448 2209 3501 Ἐκεῖθεν
2236 3448 2414 3501 λάϐω-

841 3556 941 3609 μεν
966 3539 1026 3590 τὸ
1054 3538 1377 3608 ὑπόδειγμα,
1410 3539 1506 3608 οὐχ
1542 3538 1681 3591 ὥστε
1702 3539 1956 3604 τοιαύτας
1986 3541 2182 3613 φιλεῖν,
2212 3543 2413 3613 πόρνας

840 3634 983 3701 λέγω
1013 3636 1298 3701 γυναῖκας,
1329 3633 1442 3685 ἀλλ’
1464 3634 1603 3687 ῶστε
1632 3633 1779 3687 οὕτω
1807 3635 1979 3702 φιλεῖν
2003 3638 2129 3711 τοὺς
2162 3638 2408 3709 ἐχθρούς.

841 3726 976 3779 Εἰπὲ
1026 3728 1133 3795 γάρ
1174 3743 1285 3794 μοι,
1320 3726 1440 3796 ούχί
1462 3726 1677 3779 πάντων
1716 3728 1929 3798 ἐχθρῶν
1960 3730 2413 3801 ὑϐριστθκώτερον

839 3823 1021 3904 αὐτοῖς
1045 3822 1339 3891 κέχρηνται
1362 3862 1374 3884 ,
1408 3823 1501 3875 καὶ
1525 3823 1621 3893 τὴν
1643 3823 2207 3904 οὐσίανμδιασπαθῶσι
2238 3828 2288 3891 δ,
2319 3827 2412 3881 καὶ

846 3900 951 3991 τὴν
1000 3920 1122 3987 δψιν
1166 3919 1476 3989 ύΰρίζουσικ,
1502 3920 1594 3972 καὶ
1628 3918 1738 3973 τῶν
1769 3895 2198 3992 διάκονουμένων
2221 3924 2413 3987 αὑταῖς

841 4016 1213 4093 ,δουλικώτερα
1266 4016 1671 4081 ἐπιτάττουσιν;
1733 4016 1872 4069 Ἀλλ’
1922 4017 2071 4087 ὅμως
2129 4018 2229 4071 οὔκ
2288 4020 2412 4089 ἀφί-

844 4128 1089 4177 στανται.
1122 4112 1313 4165 Καίτοι
1366 4110 1540 4174 οὐδεὶς
1564 4111 1753 4164 οὐδένα
1788 4112 1897 4182 ἐχει
1922 4113 2166 4168 τοιοῦτον
2195 4108 2421 4186 ἐχθρὸν,

837 4202 948 4260 οῖον
976 4210 1004 4261 ὁ
1039 4207 1209 4276 φιλῶν
1238 4206 1336 4277 τὴν
1361 4206 1711 4276 φιλουμένην.
1737 4208 1844 4260 Καὶ
1871 4209 1980 4280 γὰρ
2011 4209 2412 4280 θρύπτεταικαὶ

839 4302 1126 4367 αἰκίζεται,
1163 4304 1256 4353 καὶ
1285 4300 1660 4372 ἀποκέχρηται
1716 4302 1864 4371 αύτῷ
1905 4303 2209 4375 πολλάκιςή
2236 4305 2411 4373 φιλου-

844 4398 998 4467 μένη,
1046 4398 1140 4467 καὶ
1188 4398 1297 4466 ὅσῳ
1344 4397 1408 4450 ἂν
1461 4396 1680 4466 φιλῆται
1713 4437 1728 4456 ,
1780 4400 2019 4468 τοσούτῳ
2059 4404 2408 4469 καταφρονεῖ.

840 4482 1030 4547 καίτοι
1064 4493 1116 4545 τί
1155 4494 1247 4562 τῆς
1280 4492 1421 4545 οὕτω
1467 4493 1813 4563 διακειμένης
1856 4494 2031 4565 ψυχῆς
2057 4496 2408 4567 θηριωδέστε-

843 4603 974 4656 ρον;
1025 4585 1163 4639 Ἀλλ’
1213 4586 1362 4655 ὅμως
1418 4584 1661 4652 φιλοῦσιν
1710 4586 1923 4638 ἐκεῖνοι.
1966 4588 2125 4639 Ἀλλά
2160 4589 2299 4659 τάχα
2317 4591 2409 4643 καὶ

840 4684 947 4737 ἀπὸ
984 4683 1092 4736 τῶν
1132 4680 1514 4752 πνευματικῶν
1554 4681 1857 4751 εὑρήσομεν
1881 4682 2135 4752 τοιαύτην
2165 4685 2404 4754 ἀγάπην,

839 4762 913 4829 ού
937 4776 1045 4830 τῶν
1066 4777 1160 4830 νῦν
1192 4794 1206 4807 ·
1237 4776 1411 4846 ἐψύγη
1454 4777 1561 4846 γάρ
1584 4793 1597 4806 ’
1626 4774 1763 4828 ἀλλὰ
1800 4776 1907 4827 τῶν
1938 4776 2107 4828 πάλαι
2161 4778 2411 4847 μεγάλων

844 4873 938 4926 καὶ
975 4872 1303 4942 θαυμαστῶν
1327 4871 1549 4925 ἐκείνων
1580 4870 1807 4940 ἀνδρῶν.

925 4956 982 5007 Ὀ
1008 4955 1247 5024 Μωῦσῆς
1273 4956 1301 5007 ὁ
1357 4954 1623 5023 μακάριος
1651 4954 1745 5005 καὶ
1772 4952 1999 5017 τούτους
2023 4956 2219 5021 αὐτοὺς
2247 4954 2409 5028 ὑπερ-

840 5050 1000 5105 έδαλε
1028 5052 1155 5112 τοὺς
1192 5050 1353 5119 ἔρωτι
1392 5049 1696 5119 φιλοῦντας.
1748 5048 1871 5111 Πῶς
1919 5050 2013 5103 καὶ
2049 5053 2156 5106 τίνι
2187 5042 2404 5124 τρόπῳ;

842 5146 1061 5217 Πρῶτον
1085 5146 1183 5216 μέν
1211 5145 1277 5197 τὰ
1309 5144 1553 5215 βασίλεια
1593 5144 1771 5212 ἀφιεὶς
1813 5147 1907 5197 καὶ
1934 5144 2030 5216 τὴν
2058 5148 2173 5201 ἐκεί
2201 5149 2409 5221 τρυφὴν

842 5246 935 5299 καὶ
971 5244 1068 5314 τὴν
1121 5243 1417 5313 θεραπείαν
1473 5244 1565 5295 καὶ
1608 5242 1669 5295 τὸ
1696 5240 2034 5306 δοξάζεσθαι,
2073 5245 2241 5297 εἵλετο
2266 5242 2406 5300 εἶναι

845 5338 985 5410 μετά
1031 5338 1137 5392 τῶν
1181 5336 1548 5407 Ἰσραηλιτῶν.
1590 5338 1785 5392 Καίτοι
1818 5339 1878 5391 ού
1904 5338 2073 5409 μόνον
2098 5341 2195 5394 οὐκ
2226 5342 2291 5397 ἄν
2320 5360 2405 5407 τις

841 5432 999 5496 ἄλλος
1040 5432 1331 5503 εἰργάσατο
1366 5432 1543 5498 τοῦτο,
1573 5432 1708 5487 ἀλλά
1763 5434 1865 5487 κᾶν
1896 5435 2209 5507 ἐπῃσχύνθη
2256 5438 2409 5508 ἐλέγ-

841 5548 1025 5601 χοντος
1077 5530 1265 5600 ἐτέρου
1301 5530 1534 5601 φανῆναι
1571 5510 1837 5603 συγγενὴς
1879 5533 1939 5585 ού
1982 5534 2142 5604 μόνον
2171 5535 2371 5590 δούλων
2392 5577 2407 5600 ,

845 5638 981 5691 ἀλλὰ
1032 5639 1120 5691 καὶ
1172 5638 1384 5707 μιαρῶν
1413 5633 1553 5691 εἶναι
1588 5635 1993 5709 νομιζομένων·
2029 5637 2134 5690 όδὲ
2158 5637 2217 5690 ού
2254 5635 2413 5706 μόνον

930 5821 949 5890 ξ
984 5818 1129 5890 81mg.
1149 5822 1330 5890 _S:m_l..
1356 5828 1650 5890 μιμούμενοι.

927 5881 956 5923 ι
994 5881 1104 5931 διες.
1131 5885 1228 5934 duo
1265 5881 1519 5941 διασπῶσι.

2532 464 2634 535 τὴν
2674 464 2989 533 συγγένειαν
3004 466 3103 518 οὐκ
3121 465 3454 536 ἐπῃσχύνθη,
3482 463 3615 517 ἀλλὰ
3634 464 3727 518 καὶ
3755 464 3913 519 παντί
3935 465 4050 533 θύμῳ

2527 572 2699 642 ἤμυνε
2719 612 2733 635 ,
2767 573 2859 626 καὶ
2886 574 2968 635 εἰς
3009 570 3287 632 κινδύνους
3315 567 3507 621 ἐαυτὸν
3530 565 3749 637 ἔρριψεν
3785 564 3920 635 ὺπέρ
3942 564 4051 616 itai-

2524 660 2650 723 νων.
2678 668 2835 733 Πῶς;
2879 650 3055 737 Ὁρῶν
3080 708 3099 732 ,
3131 666 3286 735 φησὶ,
3328 664 3451 717 τινὰ
3473 661 3780 724 ἀδικοῦντα,
3819 661 3975 732 ἧμυνε
3998 659 4052 725 ﬁ:

2523 762 2866 833 ἀδικουμένῳ
2892 804 2906 827 ,
2952 762 3045 815 καὶ
3101 762 3390 815 ἀπέκτεινε
3450 757 3542 810 τὸν
3603 756 3907 809 ἀδικοῦντα.
3948 755 4051 807 Ἀλλ’

2522 856 2674 933 οὔπω
2698 857 2869 910 ταῦτα
2904 856 3043 927 ὑπὲρ
3075 854 3286 926 ἐχθρῶν
3317 869 3332 886 ο
3375 851 3587 924 μεγάλα
3625 852 3725 908 ιιέν
3753 846 3845 904 οὗν
3872 847 3956 902 καί
3982 850 4053 901 αὖα

2522 932 2744 1022 τά,νούχ
2770 951 2914 1005 οὕτω
2950 952 3008 1005 δέ
3039 952 3116 1015 ὼς
3144 951 3214 1005 τά
3246 949 3384 1020 μετά
3415 947 3617 1001 ταῦτα.
3650 948 3729 1017 Τῇ
3751 942 3844 1000 οῦν
3866 932 4055 1015 ἐπιούσῃ

2521 1046 2703 1116 ἡμέρᾳ
2747 1046 2808 1099 τὸ
2840 1046 2971 1099 αὐτὸ
3022 1041 3128 1098 εἶδε
3177 1044 3764 1114 γινόμενον,τκάκεῖνον
3796 1034 3842 1110 ᾧ
3890 1041 4055 1111 ἧμυνεν

2518 1139 2659 1207 ὀρῶν
2679 1122 2997 1202 ἀδικοῦντα,
3035 1136 3269 1208 παρῄνει
3306 1135 3619 1189 παύσασθαι
3653 1137 3751 1205 τῆς
3783 1134 3979 1196 ἀδικίας
4004 1134 4055 1181 ’ὁ

2518 1233 2574 1284 δέ
2594 1249 2745 1302 φησι,
2770 1234 2937 1303 πολλῇ
2956 1232 3318 1303 ἀγνωμοσύνῃ
3341 1230 3703 1301 κεχρημένος,
3729 1228 3829 1294 Τίς
3855 1210 4055 1282 (isnat-

2517 1330 2780 1395 ἔστησεν
2813 1329 3077 1399 ἄρχοντα
3119 1328 3220 1383 καί
3253 1326 3557 1394 δικαστὴν
3591 1326 3683 1395 ἐφ’
3738 1325 3928 1394 ἡμᾶς
3955 1324 4059 1377 Τίνα

2520 1426 2617 1478 οὐκ
2646 1425 2712 1479 ἂν
2738 1427 3005 1496 ἐνέπρησε
3041 1425 3111 1478 τά
3140 1426 3359 1496 ῥήματα
3389 1422 3594 1488 ταῦτα;
3632 1423 3697 1475 Εἰ
3720 1422 3899 1473 τοίνυν
3924 1420 4054 1487 θυμῷ

2517 1520 2578 1572 τὸ
2622 1520 2881 1591 πρότερον
2931 1519 3145 1587 ἐγένετο
3188 1520 3282 1573 καὶ
3312 1518 3499 1590 μανίᾳ,
3527 1520 3619 1571 καὶ
3649 1517 3840 1571 τοῦτον
3861 1517 3924 1570 ἀν
3950 1515 4060 1581 πλήι

2521 1613 2615 1679 ξας
2658 1616 2885 1669 ἀνεῖλεν.
2910 1616 2983 1669 Ού
3025 1617 3134 1687 γὰρ
3165 1616 3228 1685 δὴ
3274 1616 3501 1677 ἐκεῖνος,
3530 1613 3670 1684 ὑπὲρ
3698 1608 3760 1667 οὗ
3791 1605 3945 1665 τοῦτο
3974 1610 4063 1675 ἐγέι

2518 1730 2658 1778 νετο,
2685 1714 3059 1785 κατεμήνυσεν
3086 1710 3151 1767 ἂν
3164 1709 3346 1776 αύτδν,
3380 1712 3493 1765 ἀλλ’
3522 1713 3604 1765 ὅτι
3630 1711 3909 1777 συγγενεῖς
3928 1703 4059 1777 ἦσανι

2518 1809 2689 1877 φησι,
2730 1807 2902 1861 ταῦτα
2946 1803 3290 1861 εἶπεν.’¹’οτε
3340 1806 3602 1876 ἠδικεῖτο,
3646 1801 3802 1857 οὐδὲν
3852 1802 4062 1856 τοιοῦτον

2518 1903 2835 1972 ἐφθέγξατο,
2874 1904 2969 1969 Τίς
3000 1919 3074 1958 σε
3116 1895 3495 1970 κατέστησεν
3518 1903 3783 1969 ἄρχοντα
3807 1901 3903 1953 καί
3925 1898 4063 1951 aura-

2516 1997 2675 2066 στὴν
2700 1998 2793 2066 ἐφ’
2820 1996 3019 2067 ήμᾶς;
3050 1997 3151 2067 Διά
3201 1997 3254 2049 τί
3302 1998 3377 2067 μὴ
3417 1997 3547 2066 χθὲς
3594 1990 3749 2058 εῖπες
3792 1990 3979 2056 τοῦτο;
4012 1992 4062 2043 Ἡ

2516 2093 2699 2146 ἀδικία
2727 2096 2759 2163 ὴ
2791 2092 2859 2163 σὴ
2883 2092 2976 2145 καὶ
3011 2094 3044 2162 ἡ
3072 2076 3311 2162 ὠμότης,
3338 2087 3523 2159 φησὶν,
3563 2088 3700 2158 αὕτη
3734 2106 3801 2159 με
3824 2088 4063 2151 κατέστη-

2518 2206 2609 2241 σεν
2635 2189 2871 2260 ἄρχοντα
2897 2192 2991 2243 καὶ
3020 2189 3304 2255 δικαστήν.
3348 2186 3507 2239 Ἀλλά
3537 2184 3633 2239 νῦν
3671 2186 3773 2255 δρα
3793 2186 3876 2239 ὃτι
3900 2185 3986 2238 καὶ
4004 2181 4066 2249 τῷ

2515 2284 2632 2354 Θεῷ
2678 2286 2851 2339 ταῦτα
2879 2284 3097 2353 λέγουσί
3128 2282 3243 2355 [Si]
3266 2300 3428 2346 τινες.
3473 2284 3562 2335 Ἐν
3588 2276 3669 2345 οἷς
3699 2282 3797 2352 μὲν
3828 2281 3936 2351 γάρ
3968 2280 4067 2332 ἀδιι

2517 2380 2756 2443 κοῦνται,
2800 2380 3078 2449 βούλονται
3119 2379 3280 2432 αὐτὸν
3324 2374 3466 2430 εῖναι
3518 2376 3769 2446 σφοδρὸν,
3841 2377 3933 2430 καὶ
3986 2375 4065 2439 τῆς

2519 2475 2901 2545 μακροθυμίας
2938 2473 3102 2533 αὐτοῦ
3147 2472 3545 2543 κατηγοροῦσιν
3576 2485 3589 2501 ⁸
3626 2474 3755 2525 ὅταν
3798 2468 3857 2526 δὲ
3889 2473 4067 2527 ἀδικῶ-

2518 2586 2624 2634 σιν,
2647 2570 2848 2623 οὐκέτι.
2896 2570 2960 2622 Τί
2982 2569 3190 2621 τούτων
3248 2567 3572 2637 πικρότερον
3615 2567 3722 2619 τῶν
3782 2545 4062 2638 ῥημάτωνς

2529 2664 2667 2717 Ἀλλ’
2693 2666 2841 2734 ὅμως
2876 2665 3015 2733 μετά
3047 2664 3217 2716 ταῦτα
3242 2664 3376 2733 πρὸς
3407 2662 3532 2725 τοὺς
3556 2660 3881 2733 ἀγνώμονας
3902 2705 3918 2729 ,
3953 2662 4069 2732 πρὸς

2514 2761 2642 2823 τοὺς
2682 2759 3008 2830 ἀχαρίστους
3047 2758 3399 2828 πεμπόμενος
3424 2797 3439 2821 ,
3476 2759 3698 2827 ἧρχετο,
3722 2759 3813 2811 καὶ
3847 2759 3948 2812 οὐκ
3968 2759 4072 2810 ἀνε-

2516 2856 2693 2909 δύετο.
2732 2855 2892 2907 ’Δλλὰ
2945 2856 3041 2907 καὶ
3079 2853 3215 2923 μετά
3254 2853 3323 2905 τὰ
3355 2853 3557 2920 σημεῖα
3592 2853 3794 2913 ἐκεῖνα.
3827 2853 3923 2905 καὶ
3953 2852 4071 2921 μετὰ

2512 2951 2581 3002 τὰ
2610 2949 2859 3019 θαύματα
2886 2948 2951 3001 τά
2979 2949 3045 3002 δι’
3064 2947 3232 3001 αὐτοῦ
3259 2947 3545 3017 γενόμενα,
3574 2947 3908 3000 καταλεῦσαι
3930 2946 4073 3000 αὐτὸν

2515 3043 2775 3107 πολλάκις
2800 3044 3180 3115 ἐπεχείρησαν,
3202 3044 3295 3096 καὶ
3320 3034 3553 3111 ἐξέφυγε
3566 3042 3665 3106 τάς
3684 3046 3873 3114 χεῖρας
3889 3043 4071 3098 αὐτῶν·

2515 3141 2608 3192 καὶ
2635 3136 3042 3209 κατεγόγγυζον
3080 3139 3338 3209 συνεχῶς,
3372 3139 3486 3192 ἀλλ’
3508 3141 3658 3209 ὅμως
3694 3140 3893 3203 αὐτοὺς
3920 3139 4070 3195 οὕτως

2516 3235 2689 3302 ἐφίλει
2740 3234 2937 3305 ἔρωτι,
2980 3236 3054 3298 ὠς
3097 3236 3272 3287 εἰπεῖν
3315 3234 3450 3304 πρὸς
3492 3234 3585 3286 τὸν
3612 3230 3765 3298 Θεδν,
3801 3231 3965 3307 ἡνίκα
3992 3232 4075 3302 τῆν

2515 3332 2790 3403 ἁμαρτίαν
2822 3331 3037 3400 ἐκείνην
3083 3329 3183 3399 τὴν
3212 3331 3457 3400 χαλεπὴν
3488 3331 3811 3399 εἰργάσαντο
3836 3347 3851 3361 ·
3876 3334 3949 3385 El
3978 3333 4075 3398 μὲν

2514 3424 2676 3495 ἁφῆς
2701 3425 2907 3490 αὐτοῖς
2929 3424 3044 3491 τὴν
3076 3425 3390 3493 ἁμαρτίαν,
3420 3424 3568 3492 ἄφες
3594 3442 3609 3456 ·
3639 3427 3693 3478 εἰ
3724 3424 3791 3478 δὲ
3812 3425 3922 3493 μὴ,
3942 3426 4075 3492 κιίμὲ

2512 3519 2838 3587 ἑξάλειψον
2868 3520 2937 3572 ἐκ
2976 3518 3086 3587 τῆς
3104 3520 3327 3582 ,βίϐλου
3357 3515 3434 3589 ἧς
3472 3519 3771 3588 ἔγραψας.
3813 3520 4077 3589 Βούλομαι

2517 3617 2632 3685 μετ’
2655 3616 2877 3668 ἐκείνων
2903 3614 3219 3675 ἀπολέσθαι,
3246 3614 3431 3683 φησὶν,
3473 3613 3507 3685 ἢ
3535 3615 3706 3686 χωρὶς
3729 3616 3956 3669 ἐκείνων
3988 3616 4068 3668 σώ-

2514 3709 2937 3773 ζεσθαι.”οντως
2979 3709 3164 3780 μανία,
3186 3710 3355 3771 ὅντως
3378 3710 3518 3778 ἔρως
3553 3711 3747 3780 μέγας.
3783 3710 3850 3762 Τί
3876 3710 4078 3779 λέγει;;

2511 3804 2604 3857 τοῦ
2657 3804 2887 3876 οὐρανοῦ
2945 3806 3345 3873 καταφρονεῖς;
3379 3805 3523 3870 Ναὶ,
3577 3805 3712 3877 φησί
3746 3805 3931 3874 ’φιλῶ
3987 3807 4081 3873 γάρ

2511 3909 2639 3969 τοὺς
2660 3906 3008 3977 ἠδικηκότας.
3030 3905 3440 3976 Ἐξαλειφθῆναι
3467 3907 3639 3969 αἰτεῖς
3659 3923 3673 3972 ;
3707 3907 3819 3960 Καὶ
3842 3908 3897 3961 τί
3915 3908 4080 3961 πάθω.

2514 3998 2675 4068 φησίν
2700 4015 2715 4064 ;
2739 3996 2877 4067 ἔρως
2904 3997 3014 4065 γάρ
3032 3999 3168 4050 ἐστι.
3194 3996 3259 4049 Τί
3288 3996 3345 4049 δὲ
3373 3997 3442 4050 τά
3473 3998 3618 4066 μετὰ
3638 3996 3815 4050 ταῦτα
3840 4014 3858 4063 ς
3889 3999 4082 4051 Ἀκου-

2514 4110 2605 4147 σον
2641 4094 2693 4145 τί
2722 4110 2888 4162 φησιν
2917 4092 3144 4163 ἑτέρωθι
3177 4092 3423 4163 ὴΓραφή
3442 4109 3458 4125 ο
3494 4092 3602 4147 Καὶ
3630 4092 3903 4163 ἐκακώθη
3927 4098 4085 4148 MM}-

2511 4187 2630 4257 σῆς
2674 4188 2747 4240 δι’
2786 4189 3027 4253 αὐτούς.
3068 4178 3315 4250 Ποσάκιςλ
3350 4187 3627 4258 ὓϐρισαν;
3678 4189 3918 4253 ποσάκις
3962 4191 4085 4242 ἀπε-

2512 4287 2901 4356 χειροτόνησαν
2932 4283 3117 4347 αὐτὸν,
3162 4282 3369 4335 καὶτὸν
3397 4283 3664 4351 ἀδελφόν;
3707 4285 3788 4348 εἰς
3814 4285 4085 4353 Αἴγυπτον

2513 4382 2744 4456 ποσάκις
2801 4381 3198 4449 μεταναστῆναι
3251 4377 3524 4449 ἐζήτησαν
3550 4396 3567 4445 ;
3594 4379 3689 4432 καὶ
3746 4379 3889 4450 μετὰ
3916 4379 4085 4434 ταῦτα

2514 4478 2697 4531 πάντα
2722 4476 3000 4541 ἐξεκαίετο
3023 4474 3114 4528 καὶ
3147 4474 3437 4544 ἐμεμήνει,
3471 4472 3565 4527 καί
3594 4473 3734 4544 ὑπὲρ
3770 4475 3956 4528 αὐτῶν
3988 4478 4086 4527 πάι

2515 4589 2660 4642 σχειν
2698 4572 2913 4641 ἕτοιμος
2933 4566 3021 4641 ἦν,
3058 4568 3215 4623 Οῦτω
3244 4570 3325 4623 δεῖ
3353 4570 3530 4640 φιλεῖν
3555 4571 3681 4634 τοὺς
3714 4570 3966 4641 ἐχθροὺς.
3998 4588 4083 4624 κο-

2514 4667 2783 4735 πτόμενον
2826 4665 2922 4718 καί⁸
2956 4664 3474 4736 ταλαιπωρούμενον
3499 4666 3595 4719 καὶ
3628 4664 3807 4719 πάντα
3826 4664 4084 4719 ποιοῦντι

2512 4762 2607 4813 καὶ
2634 4759 3023 4830 χωριζόμενον,
3061 4755 3309 4829 ἐφίεσθαι
3343 4760 3443 4830 τῆς
3486 4759 3761 4831 σωτηρίας
3800 4760 4084 4815 αὐτῶν.Τὲ

2510 4855 2567 4909 δέ
2596 4857 2625 4909 ό
2652 4854 2885 4919 Παῦλος,
2920 4855 3043 4907 εἰπέ
3086 4871 3199 4924 μοι,
3223 4856 3343 4925 οῶχὶ
3368 4856 3461 4908 καὶ
3486 4854 3713 4932 γέενναν
3740 4854 3948 4926 ᾔτησεν
3972 4857 4084 4910 ἀντ’

2513 4951 2737 5019 αὐτῶν;
2790 4950 2928 5005 Ἀλλ’
2961 4950 3077 5005 ἀπὸ.
3128 4948 3222 5004 τοῦ
3277 4950 3550 5005 Δεσπότου
3605 4951 3666 5005 τὸ
3734 4953 4081 5025 παράδειγμα

2512 5050 2809 5117 ἀναγκαῖον
2850 5049 3103 5116 ἀγαγεῖν.
3146 5045 3303 5100 Οὕτω
3344 5047 3452 5118 γάρ
3484 5048 3580 5101 καὶ
3613 5046 3776 5111 αὐτὸς
3792 5052 3973 5115 ποιεῖ,
4002 5051 4082 5103 λέ·

2512 5162 2647 5213 γων,
2676 5144 2756 5197 ὅτι
2779 5144 2889 5199 Τὸν
2926 5143 3105 5211 ἦὶιιον
3122 5141 3309 5195 αὐτοῦ
3321 5140 3638 5197 ἀνατέλλει
3660 5142 3759 5197 ἐπὶ
3780 5146 4082 5214 πονηροὺς

2512 5240 2612 5295 καί
2664 5239 2921 5308 ἀγαθούς
2953 5254 2967 5268 ·
3003 5237 3111 5290 ἀπὸ
3146 5236 3240 5290 τοῦ
3267 5235 3481 5307 Πατρδς
3509 5236 3675 5291 αὐτοῦ
3701 5238 3883 5309 φέρων
3909 5243 3971 5295 τὸ
3990 5260 4082 5295 πα.

2517 5338 2803 5408 ράδειγμα,
2851 5319 3013 5405 ἡμεῖς
3055 5332 3112 5386 δέ
3163 5334 3259 5387 ἀπ’
3277 5333 3441 5387 αὐτοῦ
3491 5333 3587 5387 τοῦ
3643 5333 4082 5405 Χριστοῦ.Ἶίλθε

2514 5433 2651 5504 πρὸς
2672 5432 2890 5494 αὐτοὺς,
2922 5430 3062 5484 κατά
3089 5428 3186 5501 τὴν
3209 5429 3523 5499 οἰκονομίαν
3556 5429 3719 5498 λέγω,
3748 5429 3939 5496 δοῦλος
3970 5410 4081 5504 hri

2514 5541 2633 5579 νετο
2663 5523 2729 5577 δι’
2760 5522 2976 5584 αὐτοὺς,
3008 5520 3379 5574 ἐταπείνωσεν
3400 5520 3615 5586 ἐαυτὸν,
3650 5507 3910 5586 ἐκένωσε,
3957 5542 3998 5594 μ

2513 5616 2619 5687 φὴν
2660 5613 2847 5667 δούλου
2908 5612 3067 5667 ἔλασε
3100 5627 3113 5639 ·
3146 5612 3239 5666 καὶ
3277 5614 3741 5685 παραγενόμενος,
3767 5613 3890 5667 οὔτε
3925 5618 3996 5669 αὑ

2512 5707 2591 5767 εἰς
2655 5703 2779 5783 όδδν.
2821 5701 2992 5755 ἐθνῶν
3037 5702 3335 5772 ἀπήρχετο,
3362 5702 3591 5766 καὶτοῖς
3616 5703 3889 5773 μαθηταῖς
3926 5708 4031 5761 τοῦ

2511 5794 2773 5849 ἐπέταττε
2810 5809 2823 5823 ’
2849 5793 2944 5845 καὶ
2985 5792 3045 5844 ού
3082 5790 3241 5845 τοῦτο
3282 5791 3465 5859 μόνον,
3505 5792 3641 5846 ἀλλά
3684 5795 3778 5847 καὶ
3847 5800 4017 5869 περιῆ

2513 5882 2829 5955 θεραπεύων
2856 5880 3043 5936 πᾶσαν
3057 5883 3209 5937 νόσον
3231 5883 3321 5936 καὶ
3363 5885 3543 5939 πᾶσαν
3574 5885 3867 5954 μαλακίαν.

4002 5452 4037 5501 γ

4002 5708 4031 5761 5

4002 5430 4080 5999 1
