4108 6312
140 387 211 441 53
1055 381 1116 435 IN
1160 381 1369 436 EPIST.
1414 381 1503 435 AD
1547 379 1788 436 EPIIES.
1832 381 1982 436 CAP.
2031 383 2128 440 Ill.
2177 387 2402 442 llUMiL.
2453 388 2559 442 Vll.
3347 395 3416 454 δι

142 514 245 551 non
275 498 419 552 enim
449 497 553 552 hoc
582 496 767 552 fecerit
800 495 890 566 qui
921 503 1027 549 tam
1055 494 1217 548 multa
1245 503 1328 549 est
1352 505 1630 564 operatus.
1661 493 1717 547 Si

140 599 337 654 autem,
366 599 425 643 ut
449 588 624 643 discat
666 588 758 642 Dei
788 587 1089 650 caritatem,
1121 585 1286 638 Paulo
1313 599 1448 654 epes
1487 593 1570 638 est
1600 597 1720 652 pre-

138 682 348 735 catione
389 692 445 735 et
473 679 648 735 fulcro
688 679 939 749 Spiritus,
968 678 1090 748 quis
1115 675 1310 732 Christi
1357 676 1492 732 sciet
1535 691 1722 733 essen.

139 773 286 834 tiam,
317 785 551 840 sequens
571 768 888 824 ratiocinia?
915 769 1072 838 Atqui
1095 765 1382 822 difficilene
1407 775 1490 821 est
1510 765 1720 821 discere

135 860 277 929 quod
320 861 463 915 Deus
491 873 590 915 nos
618 859 844 930 diligat?
875 859 969 914 Est
998 857 1286 912 admodum
1309 856 1544 922 difficile,
1582 871 1614 908 o
1642 855 1721 910 di-

136 950 296 1006 lecte.
351 939 493 1010 Nam.
533 951 621 1007 alii
660 950 878 1020 quidem
921 949 1083 1004 etiam
1124 947 1227 1003 hoc
1271 948 1541 1018 ignorant,
1580 946 1720 1001 unde

132 1046 294 1097 etiam
323 1042 508 1098 dicunt
553 1040 960 1106 innumerabilia
1007 1039 1144 1094 mala
1190 1038 1320 1092 oriri
1354 1036 1554 1091 mundo
1584 1055 1596 1092 :
1629 1037 1718 1090 alii

131 1147 311 1188 autem
349 1135 596 1205 ignorant
619 1141 900 1204 quantum.
933 1131 1127 1186 Paulus
1171 1141 1348 1186 autem
1394 1145 1500 1184 non
1527 1129 1722 1198 quaerit

130 1239 412 1295 quantum,
446 1240 619 1295 neque
658 1236 715 1280 ut
741 1223 1050 1280 dimetiatur
1077 1242 1089 1276 :
1118 1221 1391 1294 quomodo
1416 1222 1559 1276 enim
1595 1235 1722 1291 pos-

130 1327 209 1371 set
230 1317 252 1369 ?
274 1317 370 1371 sed
397 1316 540 1386 quod
577 1314 679 1370 hoc
700 1316 874 1384 ipsum
898 1315 1108 1369 discere
1131 1323 1212 1368 est
1234 1327 1501 1367 summum
1524 1322 1578 1366 et
1607 1325 1722 1365 ma-

127 1425 292 1478 gnum
314 1426 327 1462 :
348 1407 547 1463 etdicit
570 1420 629 1462 se
652 1421 720 1462 ex
743 1405 846 1460 hoc
863 1405 977 1474 ipso
1009 1419 1166 1474 posse
1196 1403 1500 1468 ostendere,
1527 1415 1720 1471 nempe

128 1516 194 1553 ex
228 1497 553 1568 cognitione,
569 1511 670 1566 qua
685 1511 784 1550 nos
795 1495 1212 1565 dignatisumus.
1234 1491 1718 1563 Atquidestabun-

127 1589 342 1642 dantius
363 1603 522 1656 quam
541 1584 1271 1641 corroborari?Corroborari
1290 1585 1519 1652 -yirtute,
1539 1597 1719 1650 quem-

126 1678 417 1733 admodum
447 1679 608 1732 etiam
637 1676 911 1733 Christum
941 1677 1084 1730 intus
1116 1674 1316 1732 habere
1355 1673 1716 1728 abundantius

125 1782 232 1836 est,
273 1785 434 1839 quam
480 1768 795 1838 simpliciter
829 1782 952 1823 eum
981 1767 1200 1832 habere,
1234 1767 1271 1819 i.
1306 1780 1356 1822 e.
1403 1764 1719 1834 simpliciter

124 1876 253 1914 eum
279 1858 547 1929 proﬁteri.
569 1859 778 1929 Magna,
797 1858 988 1929 inquit,
1019 1867 1144 1912 sunt
1170 1872 1289 1928 quae
1317 1867 1602 1928 petuntur;
1625 1854 1716 1909 sed

125 1953 232 2005 scit
252 1954 412 2006 etiam
446 1950 625 2006 facere
649 1965 771 2021 quas
798 1950 912 2020 ipsa
941 1959 1218 2020 superant,
1251 1948 1388 2002 adeo
1411 1956 1468 2001 ut
1497 1961 1601 2001 non
1632 1960 1721 1999 so-

126 2042 237 2094 lum
266 2040 576 2110 diligamus,
603 2038 698 2100 sed
729 2041 890 2094 etiam
915 2038 1094 2095 valde.
1124 2038 1443 2093 Mcditemur
1471 2037 1652 2106 igitur,
1684 2049 1718 2089 o

124 2132 338 2197 dilecti,
389 2143 445 2185 ut
477 2131 570 2186 Dei
593 2127 865 2186 discamus
905 2129 1272 2184 dilectionem.
1311 2127 1422 2185 Hoc
1469 2141 1726 2196 magnum

125 2232 213 2277 est
244 2241 259 2277 :
291 2213 423 2276 nihil
449 2222 603 2282 nobis
626 2223 706 2277 sic
727 2221 966 2292 prodest,
993 2219 1124 2275 nihil
1146 2233 1244 2276 nos
1273 2219 1343 2274 ita
1372 2217 1715 2287 compungit:

125 2312 235 2366 hoc
265 2312 437 2381 magis
459 2320 546 2366 est
571 2320 755 2380 aptum
785 2318 840 2365 et
865 2310 1139 2367 suftlcicns
1165 2307 1231 2364 ad
1263 2319 1474 2362 nostras
1504 2307 1720 2379 capien-

123 2407 224 2458 das
261 2404 494 2466 animas,
525 2417 686 2472 quam
730 2411 906 2458 metus
939 2400 1225 2471 gehennae.
1257 2398 1416 2455 Unde
1446 2412 1572 2451 vero
1617 2399 1718 2450 hoc

124 2495 404 2551 sciemus?
455 2495 520 2548 Et
561 2509 629 2549 ex
677 2495 743 2548 iis
771 2509 890 2564 quae
923 2493 1063 2549 dicta
1109 2501 1254 2572 sunt,
1306 2500 1360 2545 et
1389 2505 1453 2544 ex
1505 2489 1569 2543 iis
1597 2502 1717 2558 quae

122 2585 368 2656 quotidie
392 2585 658 2639 accidunt.
690 2584 861 2654 Quam
891 2583 963 2642 ob
984 2599 1200 2638 causam
1234 2583 1349 2638 hec
1381 2581 1518 2635 facta
1548 2579 1713 2635 sunt?

121 2677 253 2747 quid
281 2679 362 2733 eis
385 2677 484 2747 ipsi
507 2692 643 2746 opus
671 2677 806 2732 fuit?
825 2675 988 2734 Nihil.
1017 2675 1142 2732 Sive
1163 2690 1398 2738 sursum,
1423 2675 1536 2727 sive
1557 2672 1716 2726 deor-

122 2782 248 2821 sum
266 2777 499 2837 spectes,
521 2781 736 2822 causam
756 2782 969 2836 semper
988 2765 1135 2836 ponit
1151 2766 1426 2820 caritatem
1446 2781 1458 2820 :
1484 2762 1714 2820 maxime

122 2875 308 2918 autem
355 2863 447 2917 illa
494 2872 578 2918 est
621 2863 839 2927 caritas,
884 2859 1100 2931 quando
1145 2859 1343 2913 benefit
1388 2855 1714 2923 hominibus,

121 2973 250 3010 cum
282 2955 416 3010 nihil
446 2943 514 3009 ab
544 2957 622 3011 eis
651 2957 799 3026 prius
839 2955 910 3009 sit
949 2954 1246 3024 profectum
1281 2950 1549 3005 beneficii.
1580 2948 1716 3002 Eum

121 3063 257 3117 ergo
301 3062 400 3101 nos
439 3063 656 3118 quoque
696 3047 989 3110 imitemur,
1032 3043 1426 3100 bcnel'aciamus
1465 3041 1714 3114 inimicis,

120 3138 189 3196 iis
223 3140 316 3208 qui
363 3152 463 3196 nos
490 3138 740 3204 oderunt,
774 3136 840 3191 iis
879 3135 967 3206 qui
999 3149 1099 3190 nos
1143 3142 1480 3192 aversantur,
1529 3128 1594 3182 ad
1625 3142 1718 3182 eos

119 3227 482 3284 accedamus:
519 3225 622 3283 hoc
668 3241 768 3280 nos
819 3226 931 3283 Deo
987 3223 1161 3279 reddit
1209 3222 1431 3277 similes.
1481 3218 1614 3274 Nam
1671 3219 1714 3296 si

117 3317 382 3382 amicum,
435 3317 626 3386 inquit,
674 3316 887 3386 diligas,
933 3315 1061 3388 quid
1113 3313 1239 3374 inde
1295 3311 1563 3366 lucraris?
1610 3309 1714 3363 hoc

116 3407 284 3465 etiam
312 3406 511 3460 faciunt
541 3405 740 3464 ethnici
767 3404 980 3474 (Matth.
1009 3404 1063 3460 5.
1094 3403 1207 3472 46).
1237 3400 1341 3458 Sed
1369 3399 1507 3471 quod
1532 3407 1613 3452 est
1637 3399 1716 3451 in-

116 3499 322 3556 dicium
351 3497 590 3552 caritatis
609 3497 883 3565 ?‘Diligere
903 3509 1023 3549 eum
1046 3493 1133 3567 qui
1158 3492 1353 3550 oderit.
1384 3489 1518 3547 Volo
1539 3488 1717 3546 dicere

116 3589 344 3659 aliquod
383 3589 730 3658 exemplum;
766 3587 1024 3655 ignoscite
1068 3585 1220 3652 mihi,
1265 3600 1370 3637 non
1404 3582 1619 3640 invenio
1661 3582 1712 3636 in

114 3679 914 3751 spiritualibus:quamobrem
962 3675 1133 3731 dicam
1182 3692 1248 3731 ex
1293 3675 1553 3730 externis.
1597 3672 1712 3726 Non

115 3772 315 3826 videtis
347 3765 1020 3840 eosquihicamant?quam
1035 3762 1495 3834 multisabiisqua:
1528 3776 1716 3816 aman-

116 3872 208 3915 tur
255 3860 616 3925 contumeliis,
664 3857 894 3923 insidiis,
937 3856 1147 3911 damnis
1194 3855 1301 3909 sint
1345 3853 1559 3909 affecti:
1591 3861 1716 3906 sunt

115 3952 267 4006 affixi
306 3960 513 4014 tamen,
549 3950 847 4019 ardentque
899 3957 955 4003 et
993 3956 1241 4012 uruntur,
1293 3954 1348 4000 et
1399 3960 1490 4000 cas
1543 3945 1713 4014 magis

114 4052 305 4096 amant
342 4057 502 4112 quam
547 4055 672 4097 suas
716 4040 944 4104 animas,
978 4045 1355 4108 pernoclantes
1402 4036 1454 4090 in
1498 4035 1707 4090 illarum

115 4132 442 4188 vestibulis?
481 4131 632 4185 Illinc
661 4128 984 4199 accipiamus
1018 4126 1344 4198 exemplum,
1376 4138 1480 4179 non
1522 4132 1577 4180 ut
1623 4138 1714 4178 eas

114 4239 388 4291 amemus,
425 4223 759 4288 meretrices,
805 4220 1043 4289 inquam,
1089 4217 1183 4274 sed
1228 4226 1285 4275 ut
1330 4217 1400 4273 ita
1427 4216 1710 4285 diligamus

115 4309 392 4370 inimicos.
418 4305 552 4365 Nam
582 4305 670 4361 dic
687 4303 839 4370 mihi,
866 4319 972 4362 non
993 4301 1436 4359 contumeliosius
1454 4301 1505 4361 in
1532 4316 1626 4355 eos
1656 4314 1714 4354 se

115 4409 318 4469 gerunt
355 4403 515 4470 quam
544 4412 737 4455 omnes
774 4396 1020 4453 inimici?
1059 4410 1166 4450 non
1195 4394 1458 4465 dissipant
1487 4393 1714 4454 faculta-

45 4498 50 4500 '
118 4494 247 4548 tes?
276 4507 386 4546 non
415 4493 470 4545 in
497 4505 562 4546 os
587 4489 942 4546 contumelias
969 4489 1238 4558 ingerunt,
1277 4495 1330 4541 et
1353 4487 1433 4541 eis
1465 4485 1714 4540 servilius

116 4584 392 4652 imperant
416 4595 573 4650 quam
595 4580 707 4637 suis
731 4578 1023 4636 ministris?
1045 4578 1150 4633 Sed
1181 4587 1359 4631 tamen
1389 4591 1494 4637 non
1527 4575 1714 4631 absce'

114 4672 275 4730 dunt.
305 4671 468 4740 Atqui
496 4670 674 4725 nullus
699 4670 857 4725 talem
888 4669 1048 4723 habet
1072 4667 1284 4725 hostem
1316 4665 1529 4737 qualem
1561 4679 1713 4721 ama-

114 4775 207 4818 tor
251 4772 505 4817 amatam.
549 4760 698 4816 Illum
740 4761 885 4816 enim
915 4759 1228 4814 ludificatur
1273 4766 1328 4814 et
1366 4757 1715 4813 dissimulans

115 4856 330 4920 irridet,
370 4863 424 4909 et
471 4868 537 4908 eo
581 4867 724 4923 saepe
761 4852 1000 4908 abutitur
1045 4851 1240 4917 amica,
1286 4858 1341 4906 et
1383 4863 1493 4920 quo
1543 4849 1713 4918 magis

114 4954 356 5009 amatur,
394 4957 461 4998 eo
499 4943 668 5012 magis
692 4941 940 5012 despicit.
978 4941 1140 5010 Atqui
1183 4941 1358 4998 anima
1403 4940 1482 4993 sic
1525 4937 1712 4994 aifecta

113 5035 247 5104 quid
284 5042 371 5089 est
419 5033 589 5102 magis
628 5031 960 5088 belluinum?
1007 5031 1084 5091 Illi
1136 5040 1313 5089 tamen
1362 5037 1564 5088 amant.
1607 5026 1714 5084 Sed

111 5127 355 5181 fortasse
381 5123 543 5178 etiam
571 5136 602 5177 e
629 5121 993 5190 spiritualihus
1024 5121 1184 5175 talem
1215 5120 1548 5176 inveniemus
1578 5119 1715 5172 cari-

113 5227 310 5279 tatem,
361 5228 467 5267 non
511 5212 674 5266 exiis
715 5210 929 5280 quidem
974 5212 1066 5280 qui
1111 5226 1252 5265 nunc
1296 5219 1459 5276 sunt;
1507 5209 1716 5264 refrixit

109 5310 301 5373 enim;
345 5289 442 5361 sed
485 5319 555 5360 ex
596 5286 699 5360 illis
739 5304 868 5358 viris
908 5305 1114 5374 magnis
1152 5313 1205 5359 et
1246 5303 1581 5360 admirandis
1623 5303 1711 5372 qui

111 5399 342 5455 fuerunt
373 5397 526 5451 olim.

186 5490 250 5544 s.
284 5487 486 5542 Beatus
502 5485 595 5541 ille
611 5485 785 5542 Moses
802 5486 898 5542 hos
916 5501 1127 5556 quoque
1143 5500 1202 5539 su
1211 5486 1411 5555 perarit
1427 5485 1516 5555 qui
1534 5499 1716 5541 amore

110 5581 260 5652 capti
287 5586 498 5635 amant.
517 5577 830 5646 Quomodo?
852 5579 1086 5634 Primum
1105 5578 1316 5649 quidem
1340 5579 1523 5633 relicta
1546 5581 1711 5648 regia,

111 5682 169 5728 et
190 5684 321 5743 quae
343 5668 454 5724 illic
475 5679 629 5723 erant
649 5667 874 5736 deliciis,
905 5670 1197 5740 obsequiis,
1228 5669 1396 5740 gloria
1417 5679 1470 5724 et
1489 5671 1712 5736 honore,

115 5761 310 5819 maluit
333 5774 458 5816 esse
487 5773 610 5813 cum
641 5757 910 5814 lsraelitis.
943 5761 1103 5830 Atqui
1139 5776 1244 5817 non
1281 5761 1381 5817 hoc
1413 5761 1582 5819 solum
1605 5775 1713 5820 non

449 5847 723 5912 Panos.
767 5851 884 5912 Ga.
931 5851 1121 5918 LXII.

1833 495 2045 551 fecisset
2085 499 2345 568 quispiam
2382 502 2543 568 alius,
2577 502 2670 556 sed
2692 504 2852 556 etiam
2873 503 3178 560 erubuisset
3200 505 3308 561 alio
3327 522 3415 565 ar.

1825 597 2040 654 gueute,
2055 589 2197 658 quod
2215 592 2545 662 apparuisset
2559 609 2679 647 etim
2697 608 2818 647 esse
2838 605 3122 664 cognatum
3137 609 3242 650 non
3261 597 3421 652 modo

1826 692 2127 747 servorum,
2165 683 2259 737 sed
2287 698 2472 737 eorum
2499 685 2586 752 qui
2614 685 2776 738 etiam
2816 684 3265 743 existimabantur
3296 702 3418 740 esse

1825 770 2060 825 scelesti.
2089 771 2220 830 Eum
2248 787 2378 828 vero
2399 787 2502 828 non
2527 775 2699 830 solum
2723 791 2829 833 non
2853 774 3038 844 puduit
3059 779 3416 848 cognationis,

1826 861 1918 916 sed
1943 862 2103 919 etiam
2127 874 2242 920 toto
2262 867 2446 921 animo
2466 881 2560 922 eos
2585 868 2728 922 ultus
2751 877 2854 934 est,
2888 877 2942 924 et
2962 883 3022 924 se
3047 885 3145 940 pro
3166 870 3270 927 illis
3289 885 3418 928 col-

1829 950 1951 1017 iecit
1969 953 2019 1006 in
2043 955 2298 1023 pericula.
2337 956 2659 1024 Quomodo?
2685 958 2899 1026 Videns,
2920 960 3108 1029 inquit,
3131 961 3412 1031 quemdam

1829 1039 2109 1098 facientem
2137 1043 2406 1115 iniuriam,
2430 1047 2572 1102 ultus
2589 1057 2670 1103 est
2689 1063 2810 1103 eum
2838 1049 2922 1104 cui
2949 1049 3109 1105 fiebat
3131 1050 3341 1119 iniuria,
3363 1061 3418 1105 et

1825 1134 2021 1189 occidit
2040 1150 2164 1192 eum
2190 1137 2280 1208 qui
2314 1137 2596 1196 inferebat.
2625 1139 2732 1195 Sed
2760 1139 2998 1197 nondum
3025 1151 3151 1196 sunt
3175 1141 3291 1197 haec
3320 1157 3416 1211 pro

1826 1226 2056 1282 inimicis
2080 1245 2093 1282 :
2123 1243 2312 1299 magna
2333 1230 2546 1300 quidem
2570 1245 2656 1297 ea,
2677 1230 2771 1286 sed
2793 1247 2899 1287 non
2920 1242 3024 1294 tam
3048 1248 3236 1303 magna
3252 1249 3412 1304 quam

1823 1334 1944 1388 qua:
1975 1326 2156 1387 postea
2188 1318 2332 1375 fecit.
2370 1321 2624 1391 Sequenti
2656 1338 2784 1392 ergo
2809 1322 2897 1378 die
2926 1323 3054 1378 vidit
3083 1324 3224 1382 idem
3252 1323 3368 1391 (fieri
3396 1367 3410 1390 ,

1823 1418 1876 1463 et
1903 1409 2050 1464 illum
2081 1409 2268 1466 videns
2296 1411 2540 1480 iniuriam
2573 1413 2851 1469 facientem
2876 1454 2891 1480 ,
2923 1431 3080 1484 quem
3113 1415 3255 1471 ultus
3294 1417 3419 1472 fuco.

1823 1509 1905 1554 rat
1922 1499 2020 1569 (a),
2045 1500 2322 1557 admonuit
2348 1512 2400 1556 ut
2427 1513 2670 1560 cessaret
2690 1505 2936 1575 iniuriam
2966 1505 3140 1562 facere
3167 1525 3180 1560 :
3211 1507 3299 1562 ille
3319 1523 3410 1561 an-

1824 1600 1931 1646 tem
1954 1589 2244 1646 inhumano
2266 1593 2423 1662 plane
2443 1604 2498 1649 et
2520 1595 2726 1666 ingrato
2751 1596 2951 1661 animo,
2977 1596 3102 1662 Quis
3129 1607 3194 1661 te,
3219 1597 3409 1667 inquit,

1822 1681 2082 1736 constituit
2102 1683 2380 1753 principem
2403 1693 2449 1738 et
2461 1684 2689 1754 judicent
2709 1701 2861 1754 super
2881 1702 2971 1742 nos
2997 1686 3188 1756 (Exod.
3212 1687 3265 1741 2.
3290 1689 3413 1757 ii)?

1821 1770 1990 1836 Quem
2014 1787 2118 1826 non
2143 1771 2503 1828 incendissent
2529 1775 2642 1828 ha-c
2663 1775 2821 1830 verba
2835 1774 2932 1832 ἳθί
2954 1791 3083 1845 ergo
3103 1778 3241 1846 quod
3268 1778 3412 1847 prius

1822 1865 2018 1920 factum
2048 1876 2154 1934 est,
2187 1866 2382 1921 factum
2412 1877 2555 1923 esset
2578 1867 2753 1937 aliqua
2779 1868 2942 1923 animi
2972 1869 3334 1939 indignatione
3358 1879 3413 1923 et

1821 1956 2154 2025 offensione,
2193 1959 2334 2014 hunc
2376 1973 2590 2029 quoque
2636 1959 2990 2028 percussisset
3032 1969 3086 2016 et
3123 1961 3192 2017 de
3235 1960 3413 2017 medio

1821 2049 2127 2104 sustulisset
2158 2068 2169 2103 :
2202 2065 2306 2105 non
2337 2050 2479 2110 enim
2512 2050 2621 2117 ille,
2649 2060 2867 2120 propter
2889 2066 3047 2122 quem
3078 2051 3276 2109 factum
3302 2053 3412 2108 fue.

1821 2148 1922 2203 rat,
1955 2155 2076 2194 eum
2107 2140 2408 2195 detulisset.
2437 2140 2543 2197 Sed
2573 2142 2824 2211 quoniam
2854 2142 3067 2212 cognati
3095 2153 3268 2208 erant,
3300 2143 3414 2198 ha-c

1820 2229 1966 2284 dicit.
1993 2230 2217 2297 Quando
2243 2233 2290 2286 ei
2315 2230 2475 2286 fiebat
2498 2231 2711 2300 injuria,
2738 2230 2869 2288 nihil
2898 2233 3004 2288 tale
3031 2242 3113 2289 est
3139 2234 3410 2302 loquutus,

1821 2323 1951 2388 Quis
1980 2332 2031 2375 te
2057 2325 2334 2377 constituit
2360 2324 2656 2393 principem
2699 2335 2753 2377 et
2788 2322 3022 2393 iudicem
3069 2338 3232 2393 super
3277 2323 3413 2377 nos?

1821 2413 1926 2467 Cur
1954 2412 2058 2468 hoc
2087 2423 2141 2468 et
2173 2413 2286 2468 beri
2332 2429 2440 2468 non
2481 2412 2706 2468 dixisti?
2736 2413 2931 2482 injuria
2963 2422 3051 2466 tua
3075 2454 3090 2480 ,
3125 2413 3328 2482 inquit,
3359 2424 3415 2468 et

1821 2506 2134 2572 crudelitas,
2163 2507 2277 2575 ipsa
2311 2521 2396 2561 me
2424 2505 2702 2560 constituit
2748 2506 3043 2575 principem
3074 2513 3127 2560 et
3150 2504 3412 2573 iudicem.

1821 2598 1927 2652 Sed
1957 2612 2098 2652 nunc
2125 2597 2350 2652 observa
2377 2597 2519 2666 quod
2553 2598 2663 2652 Deo
2692 2612 2904 2667 quoque
2933 2598 3048 2651 huic
3076 2597 3262 2652 dicunt
3291 2598 3412 2667 qui-

1820 2686 1965 2752 dam,
1993 2695 2050 2741 ut
2073 2687 2124 2742 iu
2151 2703 2252 2758 eos
2272 2703 2300 2742 a
2329 2689 2524 2758 quibus
2550 2688 2740 2757 injuria
2767 2688 3078 2742 afficiuntur
3098 2689 3265 2743 velint
3287 2705 3410 2750 eum

1820 2795 1940 2835 esse
1965 2779 2360 2846 vehementem,
2389 2791 2444 2835 et
2483 2780 2600 2851 ejus
2624 2789 2880 2838 accusent
2924 2781 3200 2840 lenitatem
3228 2789 3284 2837 et
3314 2796 3410 2850 pa-

1821 2870 2060 2926 tientiam
2091 2888 2104 2923 :
2130 2871 2344 2940 quando
2365 2878 2544 2925 autem
2566 2870 2758 2939 injuria
2778 2869 3035 2933 afficiunt,
3061 2886 3166 2925 non
3195 2869 3404 2929 itidem.

1819 2961 1957 3028 Quid
1987 2961 2072 3017 his
2099 2962 2275 3019 verbis
2300 2961 2578 3017 amarius?
2604 2961 2711 3018 Sed
2744 2971 2920 3017 tamen
2943 3003 2957 3028 ,
2992 2976 3115 3020 cum
3148 2969 3270 3032 post
3296 2960 3412 3015 ba-c

1820 3052 2050 3107 mittitur
2077 3052 2142 3106 ad
2175 3053 2410 3122 ingratos
2437 3061 2492 3108 et
2522 3051 2766 3109 beneficii
2799 3053 3165 3117 immemores,
3188 3051 3330 3107 venit
3359 3062 3414 3106 et

1819 3156 1925 3196 non
1952 3142 2239 3196 recusavit.
2268 3141 2374 3196 Sed
2403 3153 2458 3197 et
2485 3151 2604 3211 post
2634 3140 2721 3196 illa
2752 3142 2902 3212 signa
2928 3151 2984 3196 et
3011 3149 3131 3211 post
3154 3141 3411 3200 miracula

1818 3245 1936 3300 qua:
1961 3245 2057 3300 per
2083 3230 2255 3300 ipsum
2284 3230 2420 3284 facta
2452 3240 2611 3297 sunt,
2643 3245 2788 3300 saepe
2818 3245 2939 3285 eum
2966 3240 3094 3284 sunt
3120 3230 3298 3284 conati
3331 3230 3412 3285 la-

1819 3321 2030 3390 pidibus
2053 3321 2315 3386 obruere,
2346 3329 2402 3375 et
2441 3320 2611 3375 evasit
2640 3335 2672 3375 e
2699 3321 2946 3374 manibus
2972 3334 3162 3375 eorum
3193 3337 3208 3374 :
3239 3329 3295 3376 et
3322 3326 3407 3375 as-

1819 3410 2400 3465 siduemurmurahant
2429 3428 2445 3475 ;
2493 3409 2587 3464 sed
2617 3418 2795 3464 tamen
2827 3409 2947 3465 illos
2973 3424 3039 3465 eo
3068 3424 3253 3464 amore
3281 3423 3408 3478 pro-

1819 3503 2160 3576 sequebatur,
2184 3512 2239 3557 ut
2263 3503 2373 3557 Deo
2397 3502 2611 3569 dixerit,
2638 3519 2761 3558 cum
2787 3517 2951 3572 grave
2981 3501 3110 3558 illud
3134 3513 3408 3573 peccatum

1817 3594 2158 3652 admisissent
2187 3612 2197 3645 :
2231 3594 2292 3649 Si
2335 3606 2596 3663 peccatum
2642 3595 2858 3663 quidem
2883 3594 3136 3660 dimittas,
3167 3594 3362 3650 dimitte
3390 3612 3409 3649 :

1817 3687 1895 3740 sin
1921 3687 2104 3748 "tinus,
2128 3702 2206 3743 me
2224 3702 2417 3755 quoque
2444 3687 2553 3742 dele
2577 3703 2601 3740 e
2624 3686 2750 3740 libro
2776 3664 2920 3755 q‘uem
2941 3687 3188 3757 scripsisti
3210 3685 3404 3760 (Exod.

1819 3778 1908 3832 32.
1946 3779 2035 3834 3f.
2086 3778 2198 3850 52).
2229 3779 2402 3844 Malo,
2435 3780 2638 3850 inquit,
2668 3795 2804 3848 cum
2842 3780 2947 3842 illis
2986 3781 3164 3850 perire
3188 3823 3201 3848 ,
3248 3796 3407 3852 quam

1818 3867 2020 3937 absque
2051 3867 2154 3926 illis
2183 3882 2303 3924 esse
2330 3868 2533 3923 salvus.
2578 3868 2656 3925 lie
2699 3884 2823 3927 vera
2870 3878 2952 3925 est
2982 3869 3131 3928 furor
3152 3913 3165 3934 ,
3196 3886 3254 3924 re
3285 3886 3410 3925 νει-ει

1818 3970 1900 4016 est
1917 3975 2140 4030 magnus
2161 3975 2330 4015 amor.
2356 3962 2492 4030 Quid
2517 3947 2690 4016 dicis?
2711 3962 2898 4019 caelum
2923 3962 3189 4031 despicis?
3209 3963 3405 4027 Etiam,

1819 4054 2022 4123 inquit;
2055 4067 2150 4107 eos
2175 4054 2318 4108 enim
2347 4069 2471 4108 amo
2500 4053 2588 4124 qui
2621 4055 2861 4109 fecerunt
2902 4053 3172 4123 iniuriam.
3225 4054 3404 4110 Deleri

1817 4145 1992 4216 petis?
2012 4143 2148 4212 Quid
2173 4144 2384 4211 faciam,
2414 4146 2622 4215 inquit?
2644 4156 2728 4200 est
2751 4148 2894 4201 enim
2914 4161 3090 4201 amor.
3114 4145 3251 4212 Quid
3277 4162 3407 4204 vero

1816 4251 1936 4305 qua;
1966 4246 2150 4305 postea
2194 4243 2322 4290 sunt
2358 4236 2729 4309 consequuta?
2757 4235 2896 4291 Audi
2921 4235 3048 4306 quid
3092 4237 3218 4291 alibi
3262 4236 3408 4293 dicat

1818 4328 2092 4397 Scriptura
2127 4348 2140 4385 :
2173 4326 2238 4381 Et
2265 4328 2412 4382 malis
2438 4325 2652 4396 allectus
2677 4328 2774 4396 fuit
2804 4327 2971 4382 Moses
3015 4338 3222 4399 propter
3263 4328 3407 4398 ipsos

1811 4419 1989 4492 (Prol.
2017 4420 2139 4479 i05.
2163 4419 2280 4490 '52).
2305 4420 2528 4488 Quoties
2553 4435 2674 4473 eum
2702 4418 3045 4474 contumeliis
3072 4417 3408 4476 ati'ecerunt?

1817 4512 2028 4580 quoties
2068 4510 2430 4565 destituerunt
2471 4510 2623 4565 illum
2652 4518 2707 4564 et
2735 4508 2994 4565 fratrem?
3020 4509 3230 4580 quoties
3255 4523 3404 4580 qute-

1816 4603 2022 4660 sicrunt
2051 4600 2229 4659 redire
2273 4600 2326 4654 in
2371 4600 2705 4671 Egyptum?
2729 4609 2784 4656 et
2809 4608 2931 4669 post
2960 4599 3076 4654 hare
3101 4600 3279 4658 omnia
3303 4616 3402 4656 ex.

1816 4691 2175 4748 candescebat
2202 4701 2256 4746 et
2286 4691 2524 4756 furebat,
2554 4700 2608 4746 et
2637 4705 2736 4762 pro
2765 4692 2894 4761 ipsis
2936 4693 3143 4762 perpeti
3169 4703 3286 4747 erat
3309 4708 3403 4762 pa-

1819 4793 1968 4839 ratus
1997 4801 2011 4836 :
2045 4784 2122 4858 sic
2166 4791 2378 4853 oportet
2420 4782 2644 4853 diligere
2694 4782 2974 4847 inimicos;
3021 4783 3312 4839 laceratum
3352 4795 3408 4839 et

1818 4877 2074 4932 afﬂictum
2102 4891 2164 4930 ac
2191 4875 2318 4929 nihil
2341 4889 2447 4930 non
2471 4875 2750 4930 facientem
2779 4883 2834 4929 et
2861 4885 3185 4944 separatum,
3213 4875 3402 4930 horum

1819 4965 2128 5021 desiderare
2148 4965 2400 5022 salutem.
2429 4963 2564 5031 Quid
2588 4978 2736 5028 vero,
2755 4963 2841 5016 dic
2863 4963 3012 5027 mihi,
3037 4964 3274 5018 Paulus?
3297 4979 3403 5018 non

1819 5057 1979 5111 etiam
2010 5069 2107 5125 pro
2127 5055 2255 5124 ipsis
2281 5055 2434 5123 petiit
2453 5055 2793 5124 gehennam?
2820 5055 2924 5108 Sed
2945 5056 3012 5108 ab
3037 5056 3151 5123 ipso
3183 5055 3408 5109 Domino

1821 5162 2043 5203 necesse
2083 5155 2168 5201 est
2207 5145 2476 5201 adducere
2505 5146 2808 5214 exetnplum
2837 5165 2849 5199 :
2887 5138 3022 5200 nam'
3052 5147 3165 5215 ipse
3195 5162 3411 5216 quoque

1821 5239 1899 5295 sic
1931 5238 2092 5303 facit,
2126 5237 2309 5291 dicens
2341 5254 2354 5288 :
2391 5236 2566 5290 Solem
2591 5253 2738 5288 suum
2765 5236 2891 5288 oriri
2924 5236 3044 5305 facit
3074 5253 3224 5305 super
3254 5237 3409 5289 bonos

1821 5342 1866 5385 et
1897 5332 2060 5384 malos
2085 5329 2312 5400 (Matth.
2343 5329 2397 5383 5.
2425 5330 2554 5398 4.3),
2585 5343 2614 5381 a
2644 5329 2799 5382 Patre
2819 5342 2918 5381 suo
2943 5329 3251 5396 exemplum
3281 5327 3409 5380 aﬂ‘c-

1821 5441 1946 5481 rens
1970 5442 1984 5490 ;
2019 5438 2116 5479 nos
2142 5431 2316 5478 autem
2343 5422 2409 5474 ab
2438 5422 2554 5491 ipso
2578 5420 2811 5475 Christo.
2857 5420 3014 5476 Venit
3039 5419 3107 5475 ad
3136 5421 3281 5487 ipsos
3301 5460 3317 5487 ,
3345 5436 3413 5474 ex

1884 5585 1958 5646 (a)
1993 5591 2092 5632 Non
2114 5581 2231 5630 dicit
2254 5579 2791 5646 Scripturaiiebrzeum
2830 5578 2963 5646 illum
2983 5613 2998 5636 ,
3021 5580 3104 5646 qui
3128 5585 3413 5646 monentem

1821 5658 1877 5695 se
1889 5636 2098 5708 ‘Mbysgm
2121 5657 2230 5692 cum
2263 5636 2558 5708 itnproperio
2581 5639 2787 5708 repulit1
2799 5640 3026 5708 eumdem
3040 5636 3411 5708 'ipsumfuisse,

1822 5700 2440 5769 quem'lEgyptiusinjui-ia
2479 5700 2730 5769 affecerat.
2757 5701 2857 5751 Sed
2895 5700 3186 5750 concionans
3212 5700 3416 5762 Chryso-

1825 5763 2011 5823 stomus
2033 5763 2290 5834 aliquando
2313 5763 2544 5814 memoria
2575 5763 2768 5812 labitur.

2986 5848 3026 5912 is
