4108 6312
713 414 780 467 55
1410 401 1466 468 s.
1507 393 1781 451 JOANNIS
1804 386 2278 453 euuvsosrout
2306 382 2623 439 ABCHIEP.
2652 381 3181 439 CONSTANTINOP.
3905 382 3968 435 εςις

714 515 1109 589 dispensatione
1130 555 1145 577 ,
1173 514 1385 581 inquam
1403 552 1418 575 ,
1450 519 1668 578 propter
1700 509 1841 573 ipsos
1868 502 2037 558 factus
2066 509 2147 554 est
2172 514 2287 553 ser-

710 628 829 675 vus,
859 610 1094 677 seipsum
1141 604 1439 658 humiliavit
1467 645 1480 666 ,
1514 601 1823 661 evacuavit,
1874 597 2098 650 formam
2148 592 2289 647 servi

712 689 916 772 accepit
946 720 959 756 :
990 709 1043 755 et
1067 715 1187 753 cum
1213 696 1537 756 advenisset,
1571 707 1745 761 neque
1776 692 1889 758 ipse
1914 690 2042 743 abiit
2068 688 2119 742 in
2150 687 2287 740 viam

712 796 970 865 petilium,
994 801 1049 845 et
1074 791 1173 844 hoc
1200 786 1479 856 imperavit
1499 783 1774 852 discipulis
1801 800 1813 835 :
1843 795 1940 835 nec
1966 780 2065 833 hoc
2090 777 2285 843 solum,

714 885 806 940 sed
837 894 890 939 et
919 881 1165 938 circuivit
1209 893 1423 933 omnem
1468 876 1708 936 morbum
1742 886 1940 926 curans
1985 879 2039 926 et
2077 882 2289 923 onmem

716 972 1101 1041 aegritudinem.

789 1062 1028 1116 Inimicos
1058 1058 1308 1129 quomodo
1337 1054 1547 1125 diligere
1584 1060 1827 1123 Oporteat.
1857 1080 1926 1090 -—
1951 1048 2087 1117 Quid
2117 1063 2246 1117 ergo
2266 1048 2292 1100 τ

714 1156 815 1210 Alii
839 1166 1024 1207 omnes
1048 1150 1334 1217 stupebant
1368 1157 1421 1201 et
1447 1143 1869 1206 admirabantur,
1903 1151 1957 1195 et
1994 1141 2245 1195 dicebant
2273 1156 2285 1192 :

721 1242 985 1298 Undenam
1012 1243 1054 1294 ei
1076 1241 1183 1294 hwc
1211 1240 1338 1306 ﬁunt
1370 1235 1582 1304 (Matth.
1618 1235 1704 1288 15.
1735 1233 1864 1301 56)?
1893 1233 1926 1285 ii
1952 1241 2126 1285 autem
2155 1245 2290 1296 quos

714 1333 978 1388 alliciebat
1004 1329 1297 1394 beneﬁciis,
1318 1326 1584 1391 dicebant,
1613 1324 1925 1378 Dwntonium
1943 1323 2086 1375 habet
2109 1319 2285 1392 (Joan.

716 1427 801 1482 lt).
831 1426 944 1497 20),
977 1435 1028 1479 et
1045 1424 1372 1493 blasphemat
1400 1432 1451 1475 et
1485 1419 1677 1473 insanit
1706 1426 1759 1471 et
1789 1416 2083 1484 est'planus
2111 1423 2164 1469 et
2195 1413 2291 1467 de-

712 1515 1135 1587 eeptor‘(Matth.
1160 1513 1213 1569 9.
1244 1513 1297 1568 '5.
1325 1520 1371 1565 et
1399 1511 1486 1564 27.
1511 1508 1623 1580 65).
1653 1507 1914 1577 Numquid
1937 1520 2065 1576 ergo
2092 1519 2184 1560 eos
2205 1517 2289 1559 re-

713 1611 879 1679 pulit?
908 1609 1273 1677 Nequaquam,
1317 1603 1412 1659 sed
1460 1617 1555 1657 eos
1592 1593 1886 1670 majoribus
1914 1597 2089 1654 aii'eeit
2121 1595 2288 1649 bene-

714 1700 848 1754 ﬁciis
879 1700 993 1753 hzec
1021 1698 1263 1761 audiens,
1294 1703 1349 1748 et
1368 1693 1496 1747 abiit
1526 1691 1592 1745 ad
1620 1705 1712 1745 eos
1730 1690 1817 1760 qui
1849 1689 2020 1758 ipsum
2051 1693 2204 1741 erant
2232 1684 2285 1738 in

711 1804 924 1846 crucem
953 1786 1158 1857 acturi,
1189 1795 1247 1838 ut
1275 1798 1370 1838 eos
1399 1776 1575 1836 salvos
1631 1780 1848 1835 faceret.
1870 1770 1951 1832 Et
2006 1783 2285 1846 postquam

711 1883 805 1936 luit
842 1878 1150 1942 cruciﬁxus,
1197 1876 1327 1944 quid
1367 1873 1539 1928 dicit?
1591 1868 1974 1936 Pater,dimitte
2000 1868 2141 1931 illis;
2185 1881 2286 1919 non

711 1973 841 2025 enim
867 1964 1031 2024 sciunt
1058 1969 1178 2036 quid
1196 1964 1387 2035 faciunt
1418 1963 1565 2034 (Luc.
1590 1962 1679 2016 9.5.
1708 1961 1818 2030 54).
1863 1960 1931 2014 Et
1955 1968 2108 2013 antea
2149 1958 2286 2012 male

710 2076 918 2131 passus.
951 2070 1004 2114 et
1028 2067 1207 2127 postea
1266 2055 1403 2108 male
1432 2067 1640 2122 passus,
1781 2059 2086 2105 extremum
2117 2063 2283 2118 usque

688 2151 951 2219 'Spiritum
997 2164 1092 2217 pro
1121 2145 1246 2215 ipsis
1294 2143 1472 2196 omnia
1503 2142 1724 2212 agebat,
1755 2154 1855 2210 pro
1900 2140 2032 2209 ipsis
2072 2140 2279 2194 oruhat.

707 2242 769 2296 Et
798 2250 916 2310 post
946 2253 1157 2293 crucem
1190 2224 1317 2305 quid
1351 2249 1456 2288 non
1488 2248 1585 2303 pro
1617 2233 1696 2288 eis
1722 2230 1888 2289 fecit?
1913 2246 2089 2287 nonne
2139 2232 2283 2285 misit

2395 497 2667 566 apostolos
2688 499 2713 548 Υ
2756 510 2859 549 ηοιι
2900 496 3047 564 signa
3082 494 3242 549 fecit?
3273 510 3377 548 non
3420 495 3627 562 quidvis
3661 496 3859 548 movit?
3885 498 3967 545 Sir

2395 594 2603 658 oportet
2633 586 2855 655 diligere
2896 586 3161 655 inimicos,
3197 586 3276 639 Sic
3320 584 3514 639 imitari
3538 583 3830 639 Christum.
3886 585 3967 637 Si:-

2396 676 2518 730 fecit
2546 676 2740 729 Paulus
2766 693 2778 727 :
2809 675 3074 744 lapidibus
3102 675 3389 744 appetitus,
3444 689 3630 742 passus
3665 676 3969 728 innumera-

2394 768 2537 829 bilia,
2568 780 2667 838 pro
2694 768 2823 837 ipsis
2853 768 3042 837 agebat
3089 766 3287 819 omnia.
3325 766 3459 819 Audi
3501 780 3620 818 eum
3652 764 3919 817 dicentem
3954 782 3966 816 :

2404 859 2647 912 Voluntas
2666 859 2834 912 cordis
2854 858 2951 911 mei
2977 866 3022 910 et
3044 856 3319 910 obsecratio
3339 857 3395 924 [it
3414 872 3504 924 pro
3521 855 3625 909 illis
3636 856 3702 909 ad
3724 856 3967 919 saiutem;

2392 958 2446 1004 et
2468 964 2699 1014 rursum,
2735 948 3094 1002 Testimonium
3118 948 3249 1000 enim
3268 948 3370 1000 illis
3393 946 3645 1016 perhibeo,
3670 946 3801 1016 quod
3822 959 3968 996 temu-

2395 1041 2632 1094 latiouem
2663 1038 2756 1117 Dei
2780 1040 2959 1092 habent
2986 1039 3160 1107 (Rom.
3188 1037 3274 1092 10.
3303 1039 3354 1093 1.
3387 1049 3433 1090 et
3453 1037 3508 1105 2)
3531 1053 3544 1100 ;
3569 1047 3623 1092 et
3651 1038 3839 1091 iterum
3872 1054 3885 1088 :
3914 1037 3966 1090 Si

2396 1143 2447 1187 tu
2477 1149 2539 1187 ex
2572 1132 2794 1186 naturali
2824 1132 3036 1186 excisus
3061 1131 3295 1186 oleastro
3330 1127 3560 1184 insertus
3582 1144 3641 1183 es
3668 1128 3847 1198 (Rom.
3877 1129 3965 1181 ll.

2395 1226 2504 1292 l7),
2534 1234 2733 1293 quanto
2764 1224 2932 1291 magis
2984 1223 3069 1276 isti
3125 1222 3426 1275 insereulur
3480 1235 3590 1276 sua
3643 1214 3844 1276 olivae?
3892 1219 3965 1274 Ex

2393 1324 2590 1381 quanto
2619 1330 2803 1369 amore
2837 1315 2952 1369 lure
2981 1315 3141 1369 verba
3188 1313 3291 1369 dici
3323 1314 3622 1378 existimas,
3675 1328 3738 1366 ex
3770 1322 3967 1381 quanta

2393 1405 2763 1461 benevolentia
2786 1406 2809 1458 ?
2835 1404 2948 1460 Non
2980 1414 3157 1475 potest
3185 1403 3313 1471 dici,
3334 1408 3442 1457 'non
3474 1394 3671 1474 potest.
3695 1402 3783 1457 Sic
3808 1417 3969 1471 opor-

2394 1509 2468 1554 tet
2494 1499 2735 1566 inimicos
2764 1497 2989 1567 diligere
3019 1514 3031 1550 :
3062 1497 3165 1551 hoc
3192 1506 3277 1551 est
3304 1496 3472 1549 Deum
3496 1494 3715 1564 diligere
3742 1496 3828 1561 qui
3857 1493 3969 1560 ᾔεις-

2391 1591 2479 1655 sit,
2498 1591 2587 1660 qui
2619 1591 2785 1661 legem
2809 1589 2989 1653 dedit;
3021 1589 3171 1643 illum
3202 1587 3398 1642 imitari
3427 1596 3509 1642 est
3536 1586 3759 1656 diligere
3788 1585 3967 1639 inimi-

2391 1699 2532 1737 cum.
2559 1682 2742 1752 Cogita
2769 1682 2909 1751 quod
2940 1698 3044 1736 nou
3077 1680 3294 1735 inimico
3325 1679 3628 1743 benefaeis,
3680 1677 3775 1733 sed
3828 1676 3922 1731 tibi
3954 1694 3966 1730 :

2393 1792 2497 1830 nou
2541 1774 2688 1828 illum
2723 1773 2917 1843 diligis.
2978 1772 3071 1828 sed
3104 1772 3213 1826 Deo
3259 1770 3465 1825 obedis.
3499 1768 3625 1823 Haec
3671 1783 3800 1838 ergo
3845 1777 3966 1821 cum

2392 1867 2621 1920 sciamus
2642 1862 2662 1924 .'
2686 1862 3236 1918 conﬁrmemuSinter
3270 1876 3366 1916 nos
3394 1859 3704 1924 amicitiam,
3750 1866 3807 1910 ut
3847 1871 3969 1911 cum

2394 1970 2491 2011 nos
2517 1955 2568 2009 in
2601 1970 2662 2009 ea
2693 1965 2880 2009 exacte
2908 1953 3256 2024 gesserimus,
3294 1965 3649 2021 assequamur
3683 1949 3818 2003 bona
3856 1962 3973 2017 pro-

2392 2048 2550 2103 missa
2579 2047 2629 2101 in
2657 2045 2873 2101 Christo
2890 2045 3014 2100 Jesu
3050 2043 3278 2099 Domino
3306 2052 3512 2108 nostro,
3538 2057 3659 2098 cum
3691 2055 3798 2112 quo
3824 2039 3969 2094 Patri

2390 2141 2546 2196 simul
2569 2155 2690 2194 cum
2716 2150 2900 2193 sancto
2923 2138 3121 2207 Spiritu
3146 2135 3601 2206 gioria,potentia,
3620 2133 3812 2197 honor,
3832 2145 3973 2185 nunc

2395 2240 2448 2283 et
2473 2244 2706 2301 semper,
2735 2237 2790 2283 et
2820 2229 2871 2282 in
2902 2228 3093 2282 stecuia
3121 2227 3460 2295 seculorum.
3495 2224 3679 2278 Amen.

2953 2371 3974 2396 Μ

2028 2457 2235 2518 ΗΟΜΙ
2245 2459 2373 2520 LIA
2417 2458 2584 2519 Vill.

648 2660 650 2663 ,
703 2604 831 2658 (λιν.
862 2605 913 2658 4.
948 2620 996 2655 v.
1030 2604 1080 2658 l.
1116 2601 1334 2656 Obsecro
1386 2601 1556 2670 itaque
1597 2612 1682 2654 vos
1726 2614 1818 2668 ego
1845 2598 2038 2650 vinctus
2085 2597 2137 2649 in
2175 2595 2281 2648 Do-

776 2697 937 2755 mino,
979 2704 1030 2745 ut
1058 2695 1208 2764 digne
1235 2691 1498 2745 ambuletis
1536 2692 1794 2745 vocatione
1819 2707 1918 2756 qua
1952 2688 2111 2742 vocati
2141 2691 2278 2753 estis,

774 2802 886 2839 tum
913 2785 1047 2839 omni
1081 2784 1362 2836 humilitate
1381 2793 1426 2835 et
1458 2779 1858 2834 mansuetudine.

782 2880 831 2931 i.
876 2877 1161 2929 Doctorqu
1192 2881 1274 2927 est
1304 2872 1504 2936 virtus,
1553 2886 1657 2925 non
1707 2870 1985 2933 honorem,
2021 2883 2124 2923 non
2170 2868 2283 2938 glo-

707 2972 839 3024 riam
869 2981 1112 3038 qumrerc
1149 2965 1215 3018 ah
1244 2964 1309 3018 iis
1338 2963 1530 3033 quibus
1575 2962 1863 3031 imperant,
1896 2959 1988 3015 sed
2038 2960 2279 3029 ipsorum

709 3062 959 3127 salutem,
990 3068 1181 3128 et-pro
1228 3060 1289 3111 ea
1316 3072 1375 3112 re
1420 3056 1597 3111 omnia
1639 3053 1837 3110 facere.
1876 3052 2007 3107 Nam
2037 3052 2125 3122 qui
2154 3049 2281 3106 illud

706 3151 913 3220 qtt:t‘.ril,
946 3163 1050 3203 non
1092 3147 1251 3201 fuerit
1291 3148 1479 3199 doctor
1499 3187 1513 3210 ,
1561 3144 1654 3199 sed
1686 3153 1968 3214 tyrannus.
1996 3138 2111 3195 Non
2140 3141 2282 3195 enim

707 3241 847 3294 Deus
876 3246 1155 3308 propterea
1181 3247 1231 3292 te
1259 3236 1323 3289 iis
1344 3232 1603 3304 prreieeit,
1634 3243 1691 3286 ut
1717 3242 1771 3287 tu
1798 3231 1965 3301 magis
1995 3230 2193 3286 colat-is
2234 3237 2287 3285 et

708 3328 1030 3394 oliserveris,
1062 3326 1155 3381 sed
1181 3336 1236 3380 ut
1265 3336 1351 3379 tua
1379 3324 1595 3395 quidem
1620 3322 1981 3404 negligantur,
2010 3336 2128 3391 qua!
2153 3334 2286 3374 vero

711 3432 836 3475 sunt
870 3421 1082 3475 illorum
1134 3418 1310 3471 omnia
1358 3416 1714 3471 aedificentur.
1759 3409 1871 3468 Hoc
1899 3412 2135 3468 doctoris
2162 3421 2283 3467 est:

712 3511 833 3566 talis
861 3519 976 3564 erat
997 3510 1186 3565 beatus
1215 3507 1435 3573 Paulus,
1463 3507 1600 3560 liber
1625 3506 1693 3561 ab
1723 3507 1867 3560 omni
1894 3504 2062 3570 fastu;
2094 3505 2163 3559 ita
2193 3519 2289 3557 au-

713 3612 818 3655 tem
862 3610 975 3656 erat
1014 3600 1234 3654 allectus
1259 3608 1316 3653 ut.
1354 3606 1497 3654 esset
1526 3595 1740 3667 quidem
1777 3611 1913 3652 unus
1941 3611 2008 3651 ex
2063 3597 2245 3651 multis
2271 3638 2286 3662 ,

715 3693 821 3745 imo
850 3691 1009 3746 etiam
1051 3690 1262 3742 illorum
1311 3688 1583 3741 minimus.
1628 3684 1920 3755 Propterea
1950 3695 2005 3740 et
2043 3700 2102 3740 se
2136 3694 2291 3739 vocat

708 3796 962 3846 servum,
1010 3788 1064 3834 et
1120 3778 1343 3846 plurima
1376 3787 1645 3846 tamquam
1690 3766 2010 3846 supplicans:
2034 3776 2286 3845 loquitur.

717 3869 899 3939 itaque
928 3868 1046 3922 vide
1075 3883 1195 3939 cum
1221 3882 1362 3921 nunc
1383 3880 1594 3935 quoque
1625 3865 1752 3920 nihil
1782 3866 2017 3920 scribere
2048 3866 2292 3936 imperio-

717 3975 856 4023 sum,
891 3958 1021 4011 nihil
1041 3956 1179 4026 quod
1205 3972 1312 4026 prie
1334 3970 1392 4011 se
1420 3956 1553 4011 ferat
1584 3951 1977 4020 auctbritatem,
2011 3956 2103 4010 sed
2145 3955 2285 4025 quod

721 4052 789 4102 sit
819 4055 1150 4102 contractum
1173 4060 1236 4101 ac
1263 4044 1549 4100 demissum
1583 4063 1596 4100 :
1633 4046 1858 4119 Obsecro
1878 4046 2178 4114 itaquenvos,
2207 4047 2290 4098 in-

628 4194 635 4201 _
719 4139 853 4207 quit,
883 4152 972 4207 ego
994 4137 1187 4190 vinctus
1212 4137 1263 4189 in
1297 4134 1536 4197 Domino,
1579 4145 1634 4188 ut
1662 4135 1812 4206 digne
1838 4132 2101 4187 ambuletis
2142 4150 2291 4186 voca-

726 4229 860 4280 tione
885 4243 983 4296 qua
1022 4227 1181 4280 vocati
1208 4226 1344 4279 estis.
1373 4224 1510 4291 Quid
1533 4238 1708 4294 rogas,
1739 4224 2070 4293 dic.qu':eso?
2099 4233 2156 4277 ut
2181 4225 2292 4293 ipse

612 4372 617 4377 ,
725 4317 923 4386 aliquid
954 4314 1297 4384 assequaris?
1336 4314 1714 4383 Nequaquam,
1750 4314 1950 4381 inquit,
1974 4313 2065 4369 sed
2092 4324 2151 4368 ut
2177 4315 2295 4370 aliis

624 4431 633 4445 ε-
726 4406 948 4461 salutem
972 4404 1214 4464 ati‘eram.
1235 4404 1391 4474 Atqui
1421 4404 1509 4471 qui
1527 4412 1733 4474 rogant,
1749 4387 2070 4473 rogantque:
2085 4404 2294 4473 assequi

733 4499 968 4564 ipsorum
994 4495 1330 4549 iuterest.‘Et
1368 4494 1727 4563 mea,-iuquit,
1760 4494 1860 4547 hoc
1887 4493 2137 4549 interest:
2160 4494 2297 4548 sicut

727 4587 886 4641 etiam
914 4585 1036 4639 alibi
1063 4585 1302 4639 scribens
1331 4582 1541 4639 dicebat
1566 4600 1582 4638 :
1616 4582 1770 4638 Nunc
1786 4584 2017 4647 vivimus,
2039 4585 2081 4638 si
2102 4594 2297 4639 uosste-

730 4676 796 4731 tis
823 4677 874 4730 in
889 4674 1104 4729 Domino
1127 4675 1177 4744 (l
1203 4674 1381 4728 Thess.
1405 4674 1550 4742 3.8).
1571 4674 1795 4743 Semper
1808 4674 1947 4728 enim
1974 4675 2127 4729 valde
2155 4674 2291 4729 desi~

730 4765 950 4819 derahat
977 4765 1200 4819 salutem
1223 4776 1443 4819 suorum
1465 4763 1866 4834 discipulorum.
1900 4764 2011 4837 Ego
2028 4766 2217 4820 vimtus
2246 4766 2300 4819 in

730 4855 969 4908 Domino.
997 4854 1179 4923 Magna
1209 4864 1263 4907 et
1290 4869 1408 4923 quae
1448 4854 1552 4908 vim
1583 4870 1824 4924 magnam
1853 4854 2013 4910 habet
2046 4855 2296 4925 dignitas,

734 4955 786 4997 et
814 4957 976 5012 regno
1004 4952 1057 4996 et
1082 4944 1357 4997 consulatu
1385 4951 1439 4997 et
1456 4942 1730 5013 quibusvis
1758 4944 1877 4997 aliis
1903 4944 2093 5011 major.

804 5032 1052 5086 Diadema
1080 5031 1106 5085 l
1116 5032 1724 5101 uiperatortt'm.Vinctunt
1739 5051 1844 5089 esse
1868 5051 1959 5105 pro
1980 5035 2178 5089 Christo
2196 5053 2304 5089 ma-

732 5126 814 5192 ius
838 5130 1064 5192 putatur,
1087 5138 1236 5191 quam
1263 5124 1434 5177 sedere
1462 5140 1493 5177 a
1518 5124 1705 5178 dextris
1737 5127 1868 5194 ejus.
1896 5155 1968 5167 —-
1990 5124 2142 5191 Quod
2183 5125 2304 5195 qui-

737 5214 856 5265 dem
887 5213 1013 5267 dicit
1036 5212 1195 5267 etiam
1230 5213 1471 5268 scribens
1497 5214 1563 5268 ad
1596 5214 2001 5269 Philemonem:
2035 5214 2159 5268 Cum
2210 5216 2304 5268 sint

740 5303 931 5355 Paulus
960 5319 1129 5366 senex,
1164 5319 1298 5356 nunc
1318 5314 1485 5358 autem
1507 5305 1701 5359 vinctus
1742 5306 1795 5358 in
1829 5303 2030 5361 Christo
2056 5304 2303 5375 (Philem.

734 5393 811 5462 9).
845 5391 983 5445 Nihil
1027 5402 1108 5446 est
1153 5394 1293 5448 enim
1340 5408 1492 5462 reque
1543 5396 1855 5463 praeclarum
1901 5404 2060 5465 atque
2093 5395 2302 5449 vincula

740 5491 955 5550 propter
978 5483 1268 5550 Christum,
1295 5494 1456 5553 atque
1477 5493 1679 5540 catenae
1706 5485 1903 5538 sanctis
1928 5485 2034 5539 illis
2058 5485 2305 5540 manibus

737 5571 1020 5639 impositm.
1053 5570 1298 5626 Vinctum
1335 5588 1455 5628 esse
1487 5584 1701 5645 propter
1736 5573 2007 5629 Christum
2052 5584 2137 5629 est
2166 5590 2304 5644 pra:-

735 5662 932 5713 clarius
961 5675 1119 5729 quam
1165 5677 1284 5716 esse
1309 5665 1629 5730 apostolum,
1675 5680 1833 5733 quam
1863 5680 1984 5721 esse
2004 5666 2302 5733 doctorem,

736 5765 897 5823 quam
924 5766 1041 5807 esse
1066 5756 1462 5825 evangelistam.
1494 5757 1547 5810 Si
1572 5756 1689 5828 quis
1721 5771 1865 5813 amat
1885 5760 2174 5828 Christum,
2204 5778 2299 5815 n0-

2389 2598 2463 2650 vit
2489 2596 2632 2669 quod
2660 2599 2855 2657 dicitur
2884 2619 2899 2656 :
2926 2600 2973 2659 si
3000 2601 3119 2672 quis
3147 2601 3200 2656 in
3232 2601 3514 2656 Dominum
3544 2596 3741 2652 insanit
3768 2605 3821 2652 et
3851 2596 3969 2662 ejus

2389 2705 2571 2749 amore
2595 2694 2785 2760 uritur,
2835 2696 2983 2750 novit
3023 2696 3128 2749 vim
3161 2693 3510 2749 vinculorum.
3557 2689 3799 2746 Maluerit
3847 2698 3971 2742 esse

2318 2803 2323 2807 ο
2389 2782 2597 2838 vinetus
2617 2794 2836 2854 propter
2858 2784 3130 2840 Christum
3159 2799 3319 2852 quam
3350 2783 3596 2838 habitare
3616 2781 3797 2838 eteius.
3819 2781 3968 2848 Quo-

2392 2872 2471 2925 vis
2493 2887 2624 2927 auro
2650 2873 3043 2942 splendidiores
3070 2875 3147 2928 eis
3169 2871 3486 2928 ostendebat
3515 2885 3723 2937 manus,
3751 2881 3805 2925 et
3828 2884 3968 2940 quo-

2395 2958 2475 3014 vis
2507 2960 2671 3030 regali
2698 2961 3020 3018 diademate.
3056 2962 3169 3017 Non
3198 2963 3339 3016 enim
3372 2970 3479 3016 tam
3521 2960 3860 3031 splendidum
3890 2960 3971 3014 fa-

2391 3051 2466 3128 cit
2497 3059 2658 3122 caput
2697 3054 2831 3106 vitta
2885 3067 2949 3108 ex
2996 3054 3222 3122 gemmis
3260 3051 3558 3120 composita
3593 3051 3642 3105 ei
3695 3050 3969 3119 imposita,

2390 3156 2549 3211 quam
2591 3151 2778 3195 catena
2821 3142 2993 3198 ferrea
3048 3151 3265 3211 promer
3311 3141 3602 3196 Christum.
3659 3140 3809 3195 Tunc
3854 3148 3973 3193 erat

2390 3231 2551 3301 regiis
2571 3230 2773 3287 :edibus
2788 3221 2977 3287 carcer
3000 3231 3474 3301 praeclarior.Quid
3502 3231 3621 3284 diCO
3649 3230 3809 3299 regiis
3832 3230 3969 3282 auli-

2392 3319 2529 3374 bus?
2551 3320 2668 3390 ipso
2689 3335 2903 3390 quoque
2930 3322 3060 3375 carlo
3086 3338 3099 3373 :
3132 3320 3363 3375 habebat
3389 3320 3530 3374 enim
3560 3320 3791 3373 v‘iuctum‘
3814 3319 3975 3372 Chri-

2393 3411 2479 3465 sti.
2507 3410 2563 3466 Si
2589 3411 2709 3481 quis
2736 3411 3005 3467 Christum
3035 3411 3242 3480 diligit,
3279 3411 3425 3464 novit
3467 3411 3604 3465 hanc
3631 3410 3971 3479 dignitatem,

2395 3500 2539 3555 novit
2565 3500 2701 3555 hanc
2727 3502 2997 3565 virtutem,
3024 3503 3439 3576 novitquantum
3468 3501 3649 3570 generi
3685 3500 3971 3555 hominum

2393 3590 2465 3644 sit
2489 3589 2861 3660 gratiﬁeatum,
2890 3590 3030 3660 quod
3064 3599 3282 3660 propter
3306 3590 3479 3660 ipsum
3507 3591 3576 3645 sit
3605 3590 3834 3646 vinctus.
3865 3591 3977 3645 lloc

2396 3679 2618 3733 fortasse
2645 3689 2725 3733 est
2758 3679 3085 3748 praeclarius,
3115 3696 3277 3751 quam
3310 3680 3505 3736 sedere
3532 3696 3558 3734 a
3585 3681 3790 3735 dextris
3819 3682 3972 3750 ejus:

2395 3769 2497 3824 hoc
2515 3779 2597 3825 est
2623 3769 3068 3839 magniﬁcentius,
3103 3786 3260 3840 quam
3284 3769 3476 3827 sedere
3502 3785 3664 3840 super
3682 3771 3975 3824 duodecim

2395 3861 2571 3928 sedes,
2606 3863 2843 3916 vinctum
2868 3877 2988 3918 esse
3028 3872 3243 3934 propter
3271 3862 3562 3918 Christum.
3595 3863 3659 3917 Et
3686 3862 3811 3932 quid
3854 3861 3978 3918 dico

2395 3954 2463 4009 de
2491 3953 2650 4009 rebus
2673 3953 2957 4008 immanis?
2992 3971 3077 4010 me
3106 3955 3267 4025 pudet
3301 3954 3547 4009 conferre
3573 3955 3785 4009 divitias
3810 3965 3865 4008 et
3887 3969 3979 4009 or-

2399 4034 2577 4095 natum
2609 4057 2825 4096 aureum
2856 4057 2977 4097 cum
3019 4044 3261 4098 vinculis.
3307 4043 3411 4098 Sed
3456 4059 3646 4113 magna
3694 4044 3780 4115 illa
3812 4046 3976 4099 missa

2397 4132 2615 4198 faciens,
2646 4134 2805 4188 etiam
2837 4134 2883 4189 si
2912 4150 2998 4189 res
3029 4135 3225 4189 nullam
3260 4134 3481 4190 haberet
3522 4134 3842 4195 mercedem,
3874 4134 3979 4190 hoc

2398 4224 2569 4277 solum
2601 4233 2683 4278 est
2712 4238 2900 4294 magna
2929 4240 3134 4299 merces
3160 4234 3213 4280 et
3242 4224 3523 4278 .sui'liciens
3577 4226 3942 4278 remuneratio
3961 4266 3975 4290 ,

2400 4314 2512 4368 inec
2541 4315 2720 4385 gravia
2750 4316 2854 4384 pati
2882 4325 3098 4385 propter
3127 4330 3252 4369 eum
3271 4318 3357 4385 qui
3384 4324 3609 4368 amatur.
3634 4316 3810 4375 Sciunt
3831 4314 3977 4384 quod

2397 4402 2591 4457 dicitur
2629 4404 2717 4473 qui
2766 4414 2968 4468 amant,
3014 4405 3056 4458 si
3103 4390 3208 4457 non
3240 4406 3426 4469 Deum,
3453 4414 3508 4459 at
3560 4403 3835 4459 homines:
3889 4409 3978 4471 qui

2399 4495 2567 4564 magis
2592 4495 2838 4549 laztantur
2864 4495 2908 4549 si
2929 4495 3065 4548 male
3090 4495 3359 4564 patiuntur
3389 4509 3485 4563 pro
3516 4482 3581 4549 iis
3609 4509 3741 4563 quos
3770 4505 3978 4560 amant,

2399 4598 2556 4652 quam
2591 4582 2635 4637 si
2685 4581 3034 4638 h‘onoreutur.
3079 4585 3190 4639 lloc
3220 4584 3386 4637 sancti
3416 4582 3564 4637 chori
3594 4583 3767 4638 solum
3796 4596 3875 4637 est
3910 4586 3983 4638 in-

2403 4672 2661 4743 telligere,
2692 4674 3079 4743 apostolorum,
3132 4673 3366 4739 inquam.
3419 4672 3551 4727 Audi
3596 4674 3736 4727 enim
3763 4674 3982 4730 beatum

2403 4761 2599 4816 Lucam
2630 4762 2916 4829 dicentem,
2948 4762 3195 4816 Redibant
3221 4762 3539 4833 gaudentem
3569 4776 3838 4828 εοιιδριτικ
3862 4784 3984 4817 ron-

2403 4854 2529 4918 cilii,
2555 4854 2792 4922 quoniam
2821 4854 2960 4924 digni
2988 4854 3145 4907 habiti
3171 4865 3284 4909 sunt
3308 4870 3398 4923 pro
3422 4855 3622 4907 nantiue
3646 4853 3833 4907 Christi
3864 4872 3982 4908 ron-

2405 4944 2659 4998 tumeliam
2678 4945 2786 5015 pati
2810 4943 2944 5015 (Act.
2965 4946 3018 4998 5.
3048 4945 3106 4999 4i
3124 4946 3162 5013 ).
3188 4944 3361 5013 Atque
3385 4943 3503 4996 aliis
3532 4928 3747 5012 quidem
3768 4944 3985 4997 videtur

2406 5050 2525 5090 esse
2546 5035 2854 5101 ridichlum,
2885 5036 2927 5091 si
2955 5037 3151 5106 probro
3172 5044 3225 5089 et
3245 5035 3561 5089 contumelia
3578 5049 3695 5089 esse
3710 5035 3985 5105 affectum,

2407 5128 2475 5182 sit
2503 5141 2621 5181 esse
2652 5117 2965 5196 dignitatem
2994 5136 3333 5197 assequutum
3361 5167 3376 5194 ,
3400 5126 3444 5180 si
3489 5125 3685 5195 probro
3713 5140 3833 5181 esse
3860 5128 3988 5183 alii»

2408 5224 2572 5281 ctmn,
2600 5215 2670 5290 sit
2704 5216 2874 5270 laetari
2906 5236 2917 5270 :
2952 5218 3015 5270 iis
3041 5224 3217 5270 autem
3240 5217 3327 5284 qui
3359 5217 3535 5270 sciunt
3553 5214 3751 5272 Christi
3772 5217 3989 5272 deside-

2411 5306 2567 5370 rium,
2594 5305 2692 5358 hoc
2718 5322 2836 5359 esse
2864 5306 3202 5361 existimatur
3237 5306 3470 5358 omnium
3512 5305 3903 5369 beatissimum.
3939 5312 3990 5363 Si

2409 5394 2528 5463 quis
2558 5395 2684 5447 mihi
2714 5395 2931 5449 ollerret
2963 5404 3129 5449 totum
3167 5395 3379 5458 ratium,
3413 5405 3504 5448 aut
3540 5395 3680 5448 illam
3721 5409 3996 5463 catenam,

2410 5483 2509 5554 ego
2551 5486 2689 5539 illam
2714 5487 3022 5556 prazl'errem
3068 5504 3079 5538 :
3118 5487 3160 5541 si
3186 5487 3304 5557 quis
3347 5501 3433 5540 me
3462 5486 3598 5556 apud
3630 5502 3857 5554 superos
3889 5504 3996 5541 eot-

2414 5578 2613 5632 locaret
2633 5593 2752 5632 cum
2775 5579 2996 5649 angelis,
3028 5589 3256 5633 autcum
3288 5577 3454 5631 Paulo
3495 5579 3705 5641 vincto,
3732 5577 3994 5647 eligerem

2412 5680 2681 5721 carcerem
2713 5685 2725 5720 :
2756 5669 2797 5721 si
2826 5668 2945 5738 quis
2975 5683 3062 5722 me
3088 5667 3285 5723 laceret
3319 5682 3484 5721 unum
3525 5682 3588 5720 ex
3635 5668 4001 5724 Potestatihus

2413 5777 2530 5830 qua:
2558 5772 2681 5814 sunt
2709 5760 2850 5815 circa
2882 5760 3074 5829 caelos,
3099 5768 3191 5815 aut
3216 5760 3358 5814 circa
3407 5758 3627 5814 thronos
3651 5796 3668 5825 ,
3706 5768 3801 5816 aut
3832 5762 3996 5817 talem
