4108 6312
151 429 220 489 ῃ
1049 413 1118 471 lN
1157 415 1366 472 EHST.
1409 415 1496 469 AD
1531 417 1766 475 EPHES.
1806 413 1957 472 CAP.
1999 413 2085 469 IV.
2129 413 2356 470 HOHIL.
2403 417 2534 479 Vl".
3365 426 3434 481 56

151 558 275 600 esse
308 540 568 604 vinctum,
618 534 793 604 potius
831 538 1072 600 aptarem
1103 525 1223 580 talis
1250 537 1370 578 esse
1399 522 1629 574 vinctus.
1672 516 1738 570 Et

149 639 273 705 jure
301 631 515 703 quidem
545 647 558 682 :
589 625 719 682 nihil
749 623 892 677 enim
919 630 1002 676 est
1036 619 1124 674 illa
1146 627 1332 672 catena
1360 613 1587 668 beatius.
1609 608 1735 663 Vel-

152 725 260 780 lem
281 736 423 777 nunc
448 733 570 775 esse
610 718 663 771 in
702 716 806 770 illis
835 713 1001 778 locis,
1034 711 1085 764 in
1116 707 1308 778 quibus
1349 705 1595 760 dicuntur
1625 714 1734 754 ma-

152 827 284 870 nere
312 813 402 868 illa
429 809 641 864 vincula
664 848 679 872 ,
707 816 760 860 et
789 804 970 858 videre
990 792 1016 866 ξ
1040 800 1290 868 virosque
1331 796 1452 850 illos
1480 791 1734 848 admirari

151 912 374 974 propter
415 899 614 956 Christi
643 895 966 952 desiderium
1006 910 1019 946 :
1050 891 1240 945 vellem
1269 887 1450 941 videre
1492 893 1732 948 catenas,

145 1009 286 1066 quas
311 987 693 1063 pertimescunt
718 985 933 1056 quidem
963 991 1016 1036 et
1062 981 1283 1035 horrent
1320 977 1613 1038 da-mones,
1643 987 1734 1066 re-

145 1063 407 1140 rereiittir
430 1090 606 1137 autem
651 1078 844 1148 angeli.
897 1075 1038 1131 Nihil
1068 1081 1151 1128 est
1181 1069 1369 1125 melius
1399 1080 1555 1137 quam
1593 1063 1733 1118 male

146 1176 258 1244 pati
310 1183 528 1243 propter
568 1170 858 1225 Christum.
912 1166 1026 1221 Non
1077 1173 1184 1217 tam
1232 1161 1445 1215 beatum
1498 1155 1732 1227 prmdico

145 1266 374 1322 Paulum
403 1263 547 1335 quod
595 1269 776 1331 raptus
822 1260 894 1314 sit
927 1259 980 1312 in
1023 1251 1348 1326 paradisum,
1381 1266 1540 1320 quam
1585 1246 1727 1318 quod

143 1360 423 1428 eonjectus
466 1357 534 1410 sit
559 1355 614 1409 in
643 1365 915 1407 carcerem
947 1366 960 1400 :
991 1363 1096 1402 non
1127 1355 1232 1400 tam
1259 1342 1402 1398 enim
1453 1340 1572 1393 dico
1605 1337 1728 1392 bea-

140 1459 259 1504 tum
303 1445 446 1518 quod
489 1443 719 1499 audierit
763 1453 958 1494 arcana
984 1437 1167 1500 verba,
1190 1448 1350 1503 quam
1380 1443 1730 1532 eum'eenseo

142 1543 362 1595 beatum
393 1544 611 1607 propter
640 1532 852 1587 vincula
880 1548 893 1583 :
926 1545 1032 1583 non
1063 1536 1168 1580 tam
1200 1526 1410 1579 beatum
1438 1520 1558 1576 ditio
1586 1520 1728 1590 quod

138 1639 329 1697 raptus
359 1628 428 1683 sit
461 1627 513 1682 in
544 1624 762 1680 tertium
799 1619 1012 1683 caelum,
1063 1631 1221 1686 quam
1249 1623 1470 1684 propter
1500 1611 1588 1665 illa
1615 1611 1728 1664 vin-

134 1721 284 1776 cula.
319 1717 452 1772 Nam
471 1714 614 1787 quod
645 1713 763 1768 habe
789 1711 894 1767 illis
919 1710 1029 1764 sint
1056 1706 1279 1777 majora,
1304 1703 1426 1759 andi
1459 1701 1730 1772 quomodo

136 1813 259 1878 ipse
284 1823 500 1878 quoque
527 1802 756 1860 noverit.
780 1799 963 1870 Neque
982 1796 1125 1854 enim
1149 1794 1285 1850 dixit
1309 1811 1322 1847 :
1347 1793 1496 1862 Rogo
1517 1806 1611 1846 vos
1628 1804 1731 1859 ego

129 1899 232 1969 qui
262 1901 424 1953 verba
445 1895 622 1950 audivi
654 1888 986 1948 ineﬁabilia?
1011 1886 1106 1945 sed
1136 1884 1309 1956 quid?
1348 1883 1494 1954 Rogo
1521 1897 1609 1935 vos
1639 1895 1730 1950 ego

133 1991 336 2044 tinctus
360 1989 412 2042 in
438 1985 671 2040 Domino.

205 2080 265 2133 9.
308 2077 366 2134 Si
398 2077 499 2131 hoc
521 2086 701 2130 autem
742 2088 849 2127 non
878 2070 1128 2126 omnibus
1160 2064 1421 2121 adscribit
1446 2062 1687 2132 epistolis
1709 2102 1724 2126 ,

131 2187 247 2228 non
269 2178 354 2225 est
376 2169 571 2224 mirum
607 2181 754 2221 :non
786 2165 930 2220 enim
983 2175 1195 2230 semper
1233 2158 1338 2214 fuit
1377 2157 1606 2220 vinetus,
1635 2153 1727 2207 sed

129 2260 462 2334 quibusdam
495 2255 848 2327 temporibus.
882 2253 1008 2309 Mihi
1038 2260 1122 2306 est
1143 2249 1427 2320 optabilius
1453 2245 1591 2300 male
1623 2245 1728 2313 pati

131 2367 236 2420 pro
258 2351 497 2412 Christo,
543 2363 703 2418 quam
731 2343 986 2400 honorari
1019 2359 1049 2396 a
1077 2341 1312 2396 Christo.
1343 2339 1455 2393 Hoc
1506 2350 1730 2404 magnus

128 2451 219 2496 est
245 2441 441 2504 honor,
481 2439 584 2493 hoc
624 2447 711 2493 est
748 2437 914 2506 gloria
963 2449 1081 2503 qua:
1109 2433 1289 2487 omnia
1317 2437 1623 2497 exsuperat.
1670 2426 1725 2479 Si

127 2536 251 2600 ipse
285 2533 378 2601 qui
426 2538 645 2602 propter
675 2544 761 2584 me
789 2529 957 2582 factus
992 2534 1074 2580 est
1117 2539 1340 2584 servus.
1367 2532 1420 2576 et
1446 2521 1730 2575 evacnavit

127 2624 390 2694 gloriam,
422 2637 526 2676 non
563 2620 704 2676 adeo
728 2618 1074 2694 existimabat
1103 2632 1162 2672 se
1199 2631 1320 2670 esse
1351 2615 1404 2668 in
1431 2613 1618 2683 gloria,
1673 2621 1730 2665 ut

127 2714 356 2785 quando
395 2729 495 2784 pro
543 2728 628 2766 me
666 2711 922 2781 agebatur
958 2709 1014 2763 in
1045 2721 1286 2771 crucem,
1330 2704 1456 2774 quid
1501 2717 1587 2757 me
1623 2716 1727 2754 non

126 2815 347 2875 oportet
369 2805 471 2873 pati
491 2805 513 2857 ?
537 2803 670 2856 Audi
690 2802 831 2856 enim
849 2800 1023 2869 ipsum
1040 2799 1306 2854 dicentem
1330 2815 1342 2851 :
1364 2795 1612 2862 Cleri/ica
1629 2810 1725 2858 me,

128 2897 330 2967 inquit,
364 2906 416 2948 tn
451 2893 608 2955 Pater
629 2892 807 2965 (Joan.
838 2893 924 2945 l7.
958 2891 1032 2959 1).
1068 2887 1206 2956 Quid
1231 2886 1405 2942 dicis?
1435 2886 1489 2938 in
1511 2898 1726 2937 erucem

124 2989 334 3059 ageris,
369 2995 426 3042 ut
453 2993 854 3040 exsecratorum
874 2989 1103 3036 mortem
1129 2979 1324 3034 subeas
1363 2992 1482 3031 cum
1508 2973 1728 3029 latroni-

124 3082 232 3132 bus
278 3088 338 3134 et
397 3077 770 3148 sepulcrorum
824 3073 1210 3136 ell'ossoribus;
1252 3085 1312 3124 es
1352 3066 1728 3147 consunendus

125 3181 177 3225 el
211 3168 463 3239 colaphis
485 3166 794 3230 cadendus,
820 3174 875 3219 et
918 3163 1034 3218 lucc
1073 3176 1233 3217 vocas
1259 3159 1520 3231 gloriam?
1547 3159 1725 3223 Certe,

129 3263 343 3332 inquit;
376 3263 492 3316 hate
520 3260 665 3314 enim
693 3257 865 3328 patior
891 3271 989 3326 pro
1034 3255 1099 3310 iis
1125 3269 1260 3324 quos
1287 3251 1476 3321 diligo,
1524 3259 1579 3304 et
1613 3249 1729 3304 haec

128 3371 277 3412 int-nc
301 3354 529 3426 gloriam
559 3350 828 3406 existimo.
862 3349 919 3403 Si
946 3347 1034 3417 qui
1063 3344 1401 3401 miserabiles
1428 3351 1482 3397 et
1502 3342 1728 3397 miseros

125 3448 347 3508 dilexit,
398 3460 517 3498 eam
555 3456 666 3496 rem
699 3449 853 3495 vocat
899 3438 1147 3509 gloriam,
1195 3449 1374 3505 neque
1423 3434 1475 3488 in
1532 3433 1726 3488 throno

117 3555 254 3593 esse
285 3549 510 3604 paterno
543 3549 714 3602 neque
757 3531 808 3585 in
833 3531 1020 3601 gloria,
1063 3528 1156 3584 sed
1205 3525 1578 3615 in‘ignominia
1607 3540 1727 3580 esse

121 3643 177 3683 et
207 3629 480 3684 dedecore
503 3635 618 3680 erat
639 3625 826 3693 gloria,
858 3621 1034 3675 ethoc
1057 3620 1130 3674 illi
1155 3616 1511 3689 pr:eferebat;
1559 3616 1728 3670 multo

122 3719 306 3787 magis
344 3731 446 3786 ego
484 3714 599 3768 lucc
641 3713 815 3767 debeo
857 3709 1169 3765 existimare
1219 3707 1466 3777 gloriam.
1499 3704 1544 3758 0
1574 3704 1724 3758 beata

125 3807 384 3861 vincula!
413 3821 446 3860 ο
495 3805 680 3858 beatas
717 3815 906 3855 manus
934 3813 1068 3869 quas
1106 3797 1320 3852 ornavit
1367 3795 1458 3849 illa
1500 3794 1724 3849 catena!

125 3897 250 3952 Non
285 3903 444 3951 erant
482 3893 620 3948 adeo
650 3890 976 3947 honorandae
1004 3888 1154 3944 Pauli
1185 3903 1397 3951 manus,
1429 3901 1548 3956 quae
1583 3887 1730 3940 elau-

125 3989 262 4041 dum
298 3987 531 4056 quierat
579 3983 786 4055 Lystris
821 3989 1110 4037 erexerunt
1136 3988 1192 4033 et
1242 3978 1483 4035 fecerunt
1506 3991 1728 4046 surgere

126 4080 276 4145 (Act.
302 4075 414 4146 14),
438 4085 497 4129 ιιι
521 4090 640 4144 quat
662 4072 860 4128 induta:
875 4079 1026 4126 erant
1042 4069 1292 4125 vinculis.
1314 4068 1372 4123 Si
1392 4083 1492 4139 ego
1508 4067 1725 4122 fuissem

127 4171 239 4223 illis
270 4168 634 4237 temporibus,
666 4175 792 4220 tunc
835 4164 1067 4218 maxime
1103 4178 1195 4218 eas
1233 4177 1405 4216 essent
1429 4161 1724 4230 amplexus,

124 4271 184 4316 et
211 4259 434 4330 pupillis
463 4257 599 4314 meis
628 4257 985 4312 admovisscm
1012 4274 1024 4307 :
1048 4270 1152 4308 non
1183 4268 1477 4309 cessassem
1503 4253 1729 4307 deoscu-

98 4354 235 4409 ,Ιατί
265 4365 486 4417 manus,
519 4364 639 4420 qua:
662 4347 835 4419 digna:
860 4356 986 4404 sunt
1014 4347 1212 4403 habitm
1237 4363 1354 4416 quae
1383 4362 1477 4416 pro
1503 4345 1728 4401 Domino

127 4457 260 4497 meo
299 4441 651 4495 vincirentur.
680 4439 977 4494 Admiraris
1009 4438 1230 4492 Paulmn
1253 4438 1466 4507 quando
1486 4438 1602 4506 ejus
1618 4451 1729 4490 mae

128 4549 263 4587 num
295 4532 471 4603 tetigit
495 4535 676 4600 vipera
699 4573 715 4597 ,
746 4540 800 4586 et
828 4530 960 4584 nihil
981 4531 1028 4585 ei
1065 4529 1221 4584 fecit?
1248 4529 1323 4584 Ne
1364 4531 1573 4584 mireris
1603 4549 1615 4583 :
1647 4545 1732 4584 re-

126 4627 306 4681 verita
365 4625 507 4678 enini
548 4624 645 4678 luit
683 4633 957 4690 catenam;
992 4632 1153 4677 totam
1204 4623 1362 4677 etiam
1414 4639 1559 4679 mare
1609 4639 1728 4678 eam

124 4717 521 4779 reverebatur;
573 4723 704 4770 tunc
730 4716 872 4770 enim
913 4723 1032 4769 erat
1079 4715 1314 4769 vinctus.
1347 4714 1403 4768 Si
1451 4715 1571 4784 quis
1597 4714 1728 4769 mihi

123 4809 352 4864 dederit
378 4823 519 4862 nunc
547 4817 604 4861 ut
631 4808 884 4862 suscitem
912 4816 1174 4874 mortuos,
1195 4822 1301 4862 non
1330 4805 1431 4864 hoc
1453 4807 1729 4877 elegerim,

123 4899 224 4954 sed
276 4905 550 4953 catenam.
578 4895 636 4952 Si
655 4897 724 4950 ab
757 4896 1136 4952 ecclesiasticis
1161 4897 1306 4950 curis
1333 4911 1506 4951 essem
1549 4912 1727 4953 remo-

123 5003 236 5054 tus,
269 5000 330 5045 et
360 4997 502 5042 esset
544 4986 672 5041 mibi
702 5002 897 5057 corpus
922 5003 1109 5042 sanum
1136 5002 1198 5042 ac
1221 4988 1474 5056 validum,
1501 5005 1603 5042 non
1640 5006 1728 5045 re-

122 5079 374 5134 cusarim
415 5078 554 5148 hanc
595 5078 868 5146 suscipere
918 5078 1426 5148 peregrinationem,
1458 5087 1515 5132 ut
1553 5079 1728 5134 solum

124 5170 378 5224 viderem
422 5146 670 5229 catenas,
703 5175 760 5220 ut
800 5146 1075 5222 carcerein
1120 5166 1175 5221 in
1223 5182 1332 5237 quo
1373 5167 1471 5222 fuit
1499 5169 1726 5224 vinetus.

120 5259 294 5332 Atqui
329 5258 452 5327 ejus
497 5258 876 5313 miraculorum
905 5258 1072 5313 multa
1103 5259 1288 5315 multis
1337 5261 1391 5314 in
1431 5261 1563 5318 locis
1605 5273 1728 5318 sunt

119 5353 305 5422 signa,
342 5350 440 5404 sed
482 5366 588 5405 non
618 5359 744 5405 sunt
765 5359 870 5405 tam
898 5350 1278 5407 desiderabilia
1309 5369 1470 5423 quam
1506 5356 1728 5425 stigma-

119 5455 261 5496 tum.
298 5440 375 5494 Et
413 5442 466 5494 in
498 5440 790 5510 Seripturis
830 5457 934 5496 non
965 5442 1034 5495 ila
1063 5457 1150 5496 me
1179 5441 1409 5498 delectat
1438 5445 1562 5499 dum
1603 5445 1730 5500 facit

120 5530 394 5588 miracula
417 5572 432 5596 ,
475 5546 633 5601 quam
683 5531 808 5585 dum
839 5531 978 5587 male
1007 5532 1225 5600 patitur,
1258 5532 1436 5603 ﬂagris
1482 5536 1725 5620 caeditur,

122 5632 290 5692 atque
323 5630 592 5688 raptatur.
649 5620 783 5674 Vere
813 5620 1077 5675 mirabilia
1128 5631 1251 5676 sunt
1299 5624 1442 5677 illius
1488 5628 1728 5695 corporis

121 5711 348 5766 sudaria
378 5720 435 5766 et
482 5710 809 5765 scmiciuctia
840 5727 961 5781 qua:
1006 5715 1268 5781 stupenda
1303 5725 1514 5785 patrant
1545 5735 1558 5772 :
1601 5727 1726 5773 sunt

121 5804 238 5861 hac
269 5817 402 5881 vere
430 5801 722 5871 mirabilia,
750 5800 845 5861 sed
871 5816 978 5861 non
1017 5813 1073 5860 ut
1112 5805 1219 5862 illa.
1252 5807 1378 5863 Cum
1407 5807 1554 5864 illam
1590 5813 1724 5865 ceci-

1844 520 2056 587 dissent,
2086 532 2132 577 et
2161 525 2347 581 multas
2382 531 2559 600 plagas
2608 531 2655 583 ci
2681 533 3061 604 imposuissent.
3091 540 3335 594 miserunt
3383 545 3434 596 in

1840 626 2112 680 carcerem;
2130 625 2184 670 et
2205 633 2409 684 rursus,
2453 621 2614 676 Vincti
2631 625 2910 680 laudabant
2925 627 3087 682 Deum
3108 640 3194 692 :et
3222 647 3432 697 rursus,

1841 698 2152 769 Lapidantes
2173 716 2436 764 traxerunt
2461 730 2572 766 eum
2618 725 2762 768 extra
2806 718 3054 772 civitatem
3079 761 3095 785 ,
3127 722 3430 776 existiman-

1841 798 1913 844 tes
1938 808 2053 846 eum
2077 807 2330 853 mortuum
2343 817 2448 856 esse
2469 803 2607 874 (Act.
2633 806 2721 859 16.
2738 803 3138 865 25;1ῡὶά.ἰι.ἳ5
3164 821 3212 864 et
3236 811 3321 866 H.
3347 812 3428 879 8).

1912 881 2135 953 Propter
2162 888 2416 945 Christum
2459 894 2567 962 pati
2601 893 2744 949 bonis
2773 897 3003 952 omnibus
3033 901 3202 968 majus
3226 910 3320 955 est.
3355 929 3424 941 —

1840 970 2014 1030 Vultis
2037 979 2175 1034 scire
2203 992 2401 1049 quanta
2430 999 2518 1039 res
2535 986 2607 1039 sit
2632 995 2820 1042 catena
2843 988 3012 1044 ferrea
3034 1000 3252 1060 propter
3269 991 3428 1046 Chri-

1838 1071 1978 1119 stum
2008 1067 2079 1121 .in
2103 1084 2300 1140 corpus
2342 1074 2542 1131 servile
2581 1075 2815 1146 injecta?
2852 1079 3033 1135 audite
3061 1081 3234 1151 ipsum
3265 1082 3424 1137 Chri-

1838 1165 1977 1211 stum
2025 1158 2314 1228 dicentem,
2354 1163 2498 1218 Beati
2540 1169 2678 1220 estis.
2729 1168 2786 1222 In
2827 1170 2976 1240 quo?
3020 1185 3141 1227 cum
3188 1182 3428 1228 mortuos

1838 1249 2224 1307 suscitaveritis
2248 1255 2269 1305 ’ἶ
2295 1254 2639 1326 Nequaquam
2663 1276 2676 1323 ;
2711 1260 2803 1314 sed
2835 1261 2886 1314 in
2913 1263 3065 1331 quo?
3091 1263 3303 1332 quando
3324 1279 3428 1318 εξε-
3514 1316 3521 1321 ,

1837 1353 1931 1394 cos
1972 1345 2330 1400 curaveritis?
2375 1348 2627 1414 Minime;
2662 1351 2757 1406 sed
2799 1353 2850 1407 in
2893 1355 3167 1424 quonam?
3208 1355 3428 1423 Quando

1839 1434 2039 1498 probris
2068 1450 2154 1488 vos
2184 1429 2446 1503 aﬂ'ecerint
2474 1443 2722 1508 homines,
2751 1453 2799 1497 et
2828 1447 3117 1515 persequuti
3144 1447 3355 1517 fuerint,
3382 1457 3428 1501 et

1835 1522 2054 1578 dixerint
2079 1543 2227 1581 omne
2252 1530 2442 1584 malum
2468 1531 2734 1586 adversum
2761 1549 2868 1599 vos,
2892 1536 3197 1600 mentientes,
3222 1546 3429 1606 prapter

1835 1629 1916 1666 me
1961 1615 2177 1684 (Matth.
2211 1619 2264 1672 5.
2301 1621 2414 1686 11).
2449 1622 2506 1675 Si
2542 1631 2722 1677 autem
2767 1611 2906 1680 male
2927 1625 3114 1687 audire
3139 1627 3216 1680 sic
3243 1627 3429 1681 beatos

1834 1705 2014 1771 efﬁcit,
2049 1709 2190 1764 male
2221 1712 2327 1780 pati
2355 1713 2479 1782 quid
2523 1730 2630 1769 non
2660 1715 2888 1770 fecerit?
2917 1717 3056 1772 Audi
3083 1718 3254 1786 ipsum
3296 1719 3425 1772 bea-

1836 1807 1946 1851 tum
1994 1799 2216 1856 Paulum
2262 1802 2529 1858 dicentem
2564 1805 2688 1859 alibi
2723 1825 2738 1860 :
2774 1806 2842 1860 In
2890 1808 3083 1877 reliquo
3110 1810 3328 1878 reposita
3352 1817 3427 1862 sst

1834 1891 1957 1942 mihi
1985 1907 2173 1945 corona
2201 1893 2422 1962 justitiae
2461 1895 2541 1963 (2.
2584 1895 2717 1949 Tim.
2745 1899 2798 1951 ι.
2845 1898 2925 1963 8).
2959 1899 3065 1953 Sed
3096 1899 3196 1954 hac
3222 1915 3424 1957 corona

1835 1980 2144 2050 przeclarius
2165 1992 2245 2037 est
2277 1985 2547 2040 vinculum
2573 2005 2586 2041 :
2619 1987 2701 2041 Eo
2725 2003 2833 2055 me,
2861 1988 3057 2058 inquit,
3088 1989 3415 2061 dignabitur,

1832 2080 1886 2126 ct
1915 2070 1983 2126 de
2026 2072 2131 2127 illis
2160 2088 2265 2127 non
2295 2086 2548 2132 accurate
2587 2077 2851 2147 discepto.
2885 2079 2966 2133 Ad
2992 2095 3209 2135 omnem
3239 2096 3414 2136 remu-

1833 2164 2166 2218 nerationem
2210 2165 2339 2219 mihi
2379 2167 2578 2222 sufﬁcit
2623 2170 2763 2224 male
2813 2185 3028 2239 passum
3059 2186 3180 2227 esse
3205 2182 3424 2243 propter

1831 2253 2128 2318 Christum.
2173 2256 2271 2310 Det
2315 2257 2443 2312 mihi
2491 2269 2547 2312 ut
2581 2259 2710 2314 illud
2740 2261 3001 2330 eloquar:
3041 2261 3312 2332 Adimpleo
3356 2278 3417 2315 ea

1830 2359 1944 2412 quae
1970 2345 2149 2400 desunt
2170 2349 2463 2415 passionum
2487 2347 2677 2404 Christi
2701 2351 2752 2404 in
2767 2368 2918 2405 carne
2934 2369 3044 2407 mea
3067 2351 3203 2422 (Col.
3225 2354 3277 2408 1.
3298 2353 3415 2422 24).

1832 2444 1887 2489 ει
1929 2435 2130 2490 nullius
2178 2453 2331 2507 egeo.
2384 2439 2584 2508 Dignus
2621 2438 2838 2510 quoque
2879 2451 2958 2496 est
2992 2442 3201 2497 habitus
3228 2443 3422 2498 Petrus

1835 2526 1933 2581 hac
1978 2538 2209 2582 eatena:
2262 2531 2387 2584 Erat
2432 2516 2599 2598 enim,
2644 2533 2836 2602 inquit,
2879 2534 3088 2589 vinctus
3115 2544 3169 2589 et
3199 2535 3424 2590 traditus

1835 2618 2123 2683 militibus,
2154 2631 2208 2674 et
2237 2619 2537 2676 dormiebat
2570 2622 2706 2691 (Act.
2754 2623 2842 2677 19..
2869 2625 3012 2694 4-6).
3042 2625 3190 2680 Adeo
3216 2626 3422 2696 gaude-

1834 2707 1922 2762 bat
1946 2724 2043 2762 ncc
2069 2709 2421 2777 alterahatur,
2450 2721 2503 2766 ut
2554 2712 2856 2781 profundus
2892 2729 3016 2769 eum
3046 2726 3253 2771 teneret
3281 2732 3415 2772 sema

1834 2814 1933 2850 nus
1963 2816 1976 2850 :
2012 2813 2116 2852 non
2143 2799 2451 2866 dormisset,
2482 2803 2527 2856 si
2575 2803 2625 2854 in
2659 2817 2851 2874 magna
2881 2804 3068 2861 fuisset
3097 2807 3409 2862 sollicitudi-

1834 2907 1918 2944 ne.
1945 2891 2249 2947 Dormiebat
2277 2893 2413 2948 inter
2433 2895 2631 2950 milite
2656 2936 2671 2962 ,
2698 2905 2752 2973 et
2778 2899 2923 2951 venit
2944 2898 3012 2952 ad
3033 2914 3154 2953 eum
3174 2900 3417 2970 angelus,

1831 2990 1884 3033 et
1908 2995 2162 3048 percusso
2207 2984 2322 3053 ejus
2356 2985 2527 3040 latere
2566 3001 2689 3041 eum
2721 2989 3001 3043 excitavit.
3030 2989 3088 3044 Si
3129 2992 3248 3060 quis
3291 3007 3422 3061 ergo

1833 3072 1962 3126 mihi
1988 3072 2191 3129 diceret
2219 3093 2232 3129 :
2262 3076 2399 3143 Quid
2431 3078 2666 3157 malles,-
2695 3094 2761 3134 an
2789 3094 2912 3136 esse
2943 3082 3170 3152 angelus
3199 3084 3290 3153 qui
3318 3083 3421 3156 Pe-

1834 3174 1972 3218 trum
2001 3167 2246 3235 pupugit,
2285 3182 2353 3221 an
2385 3167 2576 3223 Petrus
2602 3171 2692 3240 qui
2736 3171 2917 3226 salvus
2958 3173 3169 3228 evasit?
3205 3174 3422 3230 mallem

1832 3269 1954 3308 esse
2002 3254 2195 3310 Petrus
2240 3266 2459 3328 propter
2495 3274 2654 3328 quem
2701 3262 2847 3316 venit
2891 3264 3136 3333 angelus.
3172 3264 3262 3328 Illa
3287 3264 3422 3323 mihi

1832 3346 2152 3414 prodessent
2193 3349 2423 3403 vincula.
2477 3352 2543 3406 Et
2590 3354 2882 3422 quomodo,
2916 3354 3110 3425 inquit,
3149 3368 3421 3426 precatur,

1834 3448 2102 3510 tamquam
2132 3442 2389 3498 liberatus
2410 3459 2436 3496 a
2467 3446 2676 3516 magnis
2697 3447 2894 3503 malis?
2919 3449 2994 3504 Ne
3018 3450 3230 3506 mireris
3256 3470 3269 3505 :
3301 3455 3423 3521 pre-

1829 3539 1982 3582 catur
2008 3530 2150 3584 enim
2185 3532 2384 3587 timens
2410 3549 2480 3590 ne
2508 3537 2767 3592 moriatur
2793 3555 2806 3591 :
2839 3539 3060 3596 timebat
3088 3551 3264 3597 autem
3302 3559 3419 3605 ino-

1832 3618 1898 3680 ri,
1929 3619 2069 3688 quod
2120 3620 2296 3676 adhuc
2322 3625 2483 3678 vellet
2513 3626 2675 3696 vitam
2707 3642 2829 3684 esse
2854 3632 3224 3700 perpessionis
3258 3648 3422 3705 argu-

1832 3718 2069 3764 mentum
2120 3721 2176 3766 et
2221 3716 2526 3770 materiam.
2576 3718 2713 3772 Audi
2765 3720 2945 3789 itaque
2973 3722 3099 3792 quid
3138 3724 3251 3794 ipse
3275 3724 3424 3782 dicat

1830 3800 2019 3858 beatus
2048 3804 2244 3860 Paulus
2270 3826 2281 3860 :
2317 3807 2538 3862 Dissolvi
2567 3820 2613 3863 et
2641 3827 2755 3863 cum
2786 3813 2985 3868 Christo
3009 3832 3114 3869 esse
3131 3818 3291 3871 multo
3311 3834 3419 3872 nte-

1833 3894 1929 3950 lius
1967 3912 1986 3951 :
2033 3915 2325 3967 permanere
2371 3911 2542 3955 autem
2584 3903 2639 3955 in
2686 3919 2839 3958 carne
2883 3908 3042 3977 magis
3087 3911 3422 3963 necessarium

1833 3999 2037 4057 prepter
2086 4007 2171 4045 vos
2210 3990 2472 4062 (Philipp.
2518 3995 2568 4048 1.
2599 3995 2689 4050 25.
2721 3995 2838 4064 24).
2880 3997 2991 4052 lloc
3021 3998 3181 4053 etiam
3215 4001 3425 4054 vocavit

1831 4080 2079 4147 gratiam,
2108 4082 2352 4136 scribens
2377 4100 2389 4134 :
2435 4082 2606 4151 Vobis,
2633 4085 2823 4156 inquit,
2859 4090 3100 4141 donatum
3128 4099 3200 4144 est
3227 4089 3423 4146 aCitri-

1830 4181 1930 4238 sto,
1964 4183 2134 4227 utnon
2151 4176 2314 4229 solum
2342 4178 2394 4228 in
2421 4192 2536 4230 eam
2565 4179 2803 4242 credatis,
2834 4181 2924 4232 sed
2949 4183 3098 4234 etiam
3119 4199 3212 4252 pro
3237 4199 3295 4236 eo
3324 4201 3422 4251 pa-

1835 4266 2030 4319 tiamini
2056 4267 2164 4336 (Ib.
2193 4283 2240 4322 υ.
2289 4269 2406 4338 29).
2437 4269 2800 4337 Quamobrem
2843 4272 2942 4327 hoc
2971 4273 3061 4328 illo
3095 4284 3179 4329 est
3207 4276 3420 4345 majus:

1831 4355 2050 4411 donavit
2092 4360 2257 4414 enim.
2313 4361 2518 4426 Revera
2559 4372 2642 4418 est
2688 4366 2916 4420 maxima
2949 4369 3139 4437 gratia,
3169 4378 3221 4424 et
3250 4370 3422 4440 major

1833 4445 1940 4500 illis
1986 4448 2256 4513 omnibus,
2303 4465 2461 4519 quam
2507 4453 2676 4507 solem
2720 4463 2775 4508 et
2817 4456 2994 4509 lunam
3021 4453 3233 4526 sistere,
3262 4475 3422 4528 quam

1831 4538 2087 4593 mundum
2131 4555 2346 4596 movere
2371 4559 2387 4611 ε,
2428 4543 2530 4597 hoc
2569 4545 2742 4613 majus
2768 4562 2927 4614 quam
2963 4550 3181 4605 vincere
3204 4561 3291 4605 aut
3321 4568 3420 4605 ex-

1835 4627 2032 4696 pellere
2059 4627 2351 4685 daemones.
2383 4631 2500 4686 Non
2529 4633 2605 4686 illi
2635 4644 2738 4688 tam
2782 4637 2985 4704 dolent,
3009 4639 3134 4693 dum
3178 4641 3280 4696 lidc
3323 4659 3420 4696 ex-

1832 4721 2103 4788 pelluntur
2146 4736 2174 4773 a
2226 4722 2402 4787 nobis,
2435 4732 2492 4776 ut
2533 4726 2747 4793 quando
2777 4727 3008 4783 viderint
3037 4746 3133 4785 nos
3164 4733 3285 4785 mali
3314 4735 3419 4786 ali-

1772 4871 1785 4886 .
1832 4809 1957 4878 quid
2007 4810 2115 4879 pali
2163 4819 2384 4880 prOpter
2428 4813 2696 4868 Christum
2739 4826 2793 4870 et
2841 4818 3029 4873 vinciri
3083 4826 3117 4874 :'
3148 4820 3249 4876 hoc
3273 4825 3418 4878 enim

1832 4901 2090 4969 majorem
2123 4901 2215 4955 dat
2239 4903 2558 4958 libertatem
2586 4915 2640 4959 et
2681 4907 2947 4962 liduciam.
2978 4909 3093 4966 Non
3135 4923 3419 4982 propterea

1833 4995 2031 5048 bonum
2077 5003 2159 5048 est
2197 4996 2432 5050 vinctum
2458 5013 2579 5053 esse
2610 5008 2826 5068 propter
2851 5001 3148 5070 Christum,
3181 5005 3324 5072 quod
3354 5022 3418 5060 ea

1835 5101 1921 5141 res
1944 5102 2165 5155 regnum
2211 5089 2483 5154 conciliet,
2514 5091 2608 5144 sed
2636 5092 2777 5160 quod
2817 5108 2882 5147 eo
2911 5094 2999 5146 liat
3028 5107 3243 5164 propter
3266 5097 3447 5165 Clu-ir,

1835 5187 1973 5229 stunt
2019 5196 2032 5230 :
2087 5194 2191 5231 non
2243 5188 2526 5248 propterea
2574 5182 2725 5235 beata
2769 5184 3002 5251 praedico
3042 5188 3246 5240 vincula
3278 5190 3418 5255 quod

1836 5269 2200 5322 transmittant
2227 5270 2277 5322 in
2307 5270 2522 5337 caelum,
2555 5271 2650 5326 sed
2677 5272 2820 5342 quod
2847 5290 2910 5329 ea
2938 5276 3045 5329 sint
3067 5287 3287 5347 propter
3317 5279 3422 5334 Do-

1835 5358 2035 5411 minum
2068 5359 2208 5412 caeli.

1907 5452 1959 5504 5.
1984 5451 2189 5515 Quanta
2239 5458 2323 5505 est
2365 5451 2614 5521 gloriatio
2660 5455 2798 5510 scire
2840 5457 2982 5526 quod
3013 5470 3231 5531 propter
3257 5462 3416 5516 Chrio

1835 5551 1974 5595 stum
2003 5542 2073 5595 sit
2118 5542 2350 5611 vinetus,
2393 5555 2591 5614 quanta
2635 5549 2904 5619 voluptas,
2953 5563 3185 5621 quantus
3223 5554 3420 5617 honor,

1835 5643 2064 5699 quantus
2096 5633 2387 5701 Splendor?
2423 5635 2626 5691 Vellem
2660 5637 2774 5693 hinc
2806 5653 3065 5710 perpetuo
3107 5643 3278 5707 eﬂari,
3307 5647 3422 5698 vel-

1833 5723 1937 5778 lem
1964 5723 2172 5779 hmrcre
2202 5736 2429 5792 catenae,
2459 5727 2654 5781 vellem
2683 5730 2782 5782 etsi
2817 5733 2988 5800 reipsa
3014 5747 3131 5788 sum
3159 5735 3417 5805 privatus,

1835 5827 1891 5872 at
1931 5819 2132 5873 ratione
2162 5835 2263 5889 per
2304 5817 2906 5879 all‘cctionem-animam
2950 5839 3011 5882 ea
3061 5827 3411 5883 circumdare.
