4108 6312
733 344 803 406 59
1469 342 1528 398 s.
1564 336 1841 397 JOANNIS
1875 332 2346 396 cuutsosront
2387 334 2697 394 ARCHIEP.
2725 335 3255 400 CONSTANTINOP.
3928 362 3993 420 tto

733 466 909 520 Terra:
943 468 1079 515 metu
1109 470 1384 513 concussus
1408 466 1481 511 est
1518 471 1690 509 carcer
1714 455 1878 506 vincto
1910 451 2096 513 Paulo,
2129 461 2175 505 et
2202 450 2315 503 sunt

736 556 906 609 omnia
934 553 1163 605 relaxata
1188 549 1389 603 uincula
1414 547 1550 617 (Act.
1582 547 1668 600 16.
1696 544 1812 612 26).
1843 541 2032 596 Vidisti
2058 540 2301 595 vinculo-

739 654 856 697 rum
883 651 1126 695 naturam
1153 638 1517 695 resolventem
1545 634 1755 688 vincula
1775 634 1800 686 ἲ
1828 633 1978 687 Sicut
1998 624 2140 686 enim
2171 643 2319 684 mors

743 735 956 791 Domini
982 742 1157 789 morte
1186 740 1414 788 mortem
1442 729 1640 795 affecit,
1668 731 1739 783 ita
1760 729 1920 782 etiam
1942 726 2091 781 Pauli
2108 722 2316 777 vincula

740 827 949 881 vinctos
998 824 1296 889 solverunt,
1346 834 1617 877 carcerem
1671 827 2090 882 concusserunt,
2140 824 2319 885 portas

735 927 1078 987 aperuerunt.
1128 915 1287 987 Atqui
1312 911 1441 969 'non
1479 922 1563 969 est
1590 912 1703 967 hac
1724 910 2058 965 vinculorum
2092 911 2306 971 natura,

740 1006 836 1063 sed
865 1007 1156 1074 contraria,
1205 1020 1401 1076 nempe
1445 1005 1680 1058 vinctum
1709 1011 1822 1055 tuto
1847 1010 2031 1055 tenere
2056 1001 2108 1054 in
2135 1008 2315 1053 custo-

738 1098 846 1160 dia,
880 1113 985 1151 non
1012 1098 1059 1153 ei
1088 1096 1299 1166 aperire
1322 1095 1572 1165 parietes.
1604 1091 1708 1156 Sed
1740 1090 2071 1146 vinculorum
2101 1088 2314 1158 quidem

740 1203 844 1241 non
886 1196 972 1241 est
1017 1187 1264 1241 absolute
1316 1186 1430 1239 haec
1458 1193 1669 1247 natura,
1710 1182 1806 1237 sed
1835 1181 2170 1236 vinculorum
2200 1193 2317 1248 qua:

739 1292 865 1335 sunt
906 1288 1126 1350 propter
1166 1278 1461 1334 Christum.
1508 1277 1696 1331 Custos
1734 1273 1966 1329 carceris
1995 1271 2221 1342 procidit
2250 1269 2317 1323 ad

742 1372 904 1440 pedes
940 1369 1086 1424 Pauli
1125 1379 1176 1424 et
1206 1369 1351 1424 Silze.
1384 1367 1490 1421 Sed
1506 1377 1695 1435 neque
1720 1365 1822 1419 hoc
1848 1364 2097 1418 absolute
2121 1361 2319 1415 faciunt

740 1462 973 1526 vincula,
1005 1470 1062 1514 ιιι
1089 1476 1185 1515 eos
1210 1459 1300 1529 qui
1332 1456 1822 1512 vinxeruntducant
1846 1456 1911 1509 ad
1933 1454 2091 1525 pedes
2113 1454 2317 1534 vincto-

741 1568 880 1616 rum,
934 1553 1027 1609 sed
1073 1564 1257 1607 contra
1306 1551 1406 1605 hos
1440 1551 1549 1604 illis
1586 1550 1810 1614 reddant
1850 1548 2141 1617 subjectos.
2168 1545 2319 1599 Nunc

741 1656 918 1698 autem
952 1646 1017 1707 is,
1046 1645 1136 1714 qui
1168 1652 1283 1697 erat
1308 1643 1538 1706 solutus,
1569 1642 1922 1712 procubuerat
1942 1630 2010 1694 ad
2036 1640 2196 1694 vincti
2224 1654 2318 1707 pe~

745 1736 880 1789 des:
928 1736 1018 1804 qui
1064 1720 1340 1799 vinxerat,
1376 1733 1596 1802 rogabat
1646 1733 1876 1786 vinctum
1921 1738 1977 1784 ttt
2020 1729 2319 1783 solveretur

745 1837 910 1879 metu.
942 1824 1057 1879 Non
1086 1833 1139 1878 ttt
1169 1840 1289 1877 eum
1324 1824 1564 1890 vinxisti,
1592 1822 1677 1876 dic
1704 1821 1871 1875 mihi?
1898 1836 2002 1874 non
2032 1829 2086 1873 ttt
2112 1835 2233 1874 eum
2266 1821 2316 1872 itt

745 1917 1059 1969 interiorem
1086 1915 1366 1983 conjt-cisti
1396 1912 1740 1968 custodiam?
1771 1927 1874 1965 non
1903 1921 1957 1964 tu
1974 1911 2320 1980 compedibus

747 2009 799 2061 in
830 2018 942 2060 tuto
973 2006 1244 2061 collocasti
1271 2005 1477 2076 pedes?
1503 1984 1627 2074 quid
1650 2005 2055 2059 contremiscis?
2082 2004 2217 2071 Quid
2248 2013 2321 2056 tu-

750 2098 1072 2152 nntltuaris?
1105 2098 1229 2168 quid
1259 2096 1614 2168 lacrymaris?
1642 2097 1767 2166 quid
1793 2096 2052 2149 strinxisti
2095 2096 2320 2149 ensem?

744 2191 882 2244 Nihil
914 2190 1040 2254 tale,
1066 2191 1256 2259 inquit,
1292 2174 1433 2242 vinxi
1464 2206 1475 2240 :
1506 2188 1808 2243 nesciebam
1842 2197 2039 2239 tantam
2069 2200 2191 2240 esse
2212 2188 2321 2239 vir-

746 2295 910 2335 tutem
944 2283 1243 2335 vinctorum
1265 2279 1484 2335 Christi.
1518 2278 1654 2346 Quid
1676 2278 1811 2332 dicis
1828 2278 1853 2330 ἲ
1874 2286 2193 2346 acceperunt
2221 2291 2318 2347 po-

747 2385 990 2428 te~tatetn
1037 2374 1200 2427 caelos
1253 2372 1550 2439 aperiendi,
1605 2381 1659 2424 et
1699 2385 1969 2425 carcerem
2025 2386 2131 2424 non
2168 2380 2323 2424 erant

744 2462 1003 2531 aperturi?
1029 2461 1304 2516 solvebant
1324 2476 1416 2514 cos
1437 2461 1526 2530 qui
1554 2461 1712 2512 vincti
1742 2473 1940 2513 eranta
1967 2460 2317 2523 dmmonibtts,

744 2566 797 2609 et
856 2553 1053 2609 fet'rutn
1100 2568 1194 2607 eos
1228 2561 1344 2607 erat
1371 2552 1783 2620 superaturum?
1819 2550 1932 2604 Non
1972 2552 2107 2604 nosti
2156 2551 2318 2613 viros,

745 2656 800 2701 et
830 2644 949 2699 ideo
978 2644 1187 2698 veniam
1220 2660 1278 2696 es
1302 2647 1684 2710 consequutus.
1720 2641 1911 2693 Paulus
1943 2649 2027 2694 est
2071 2641 2159 2694 ille
2201 2640 2319 2692 vitt-

746 2746 886 2801 ctus,
916 2750 1075 2804 quem
1106 2732 1283 2801 angeli
1310 2747 1497 2786 omnes
1543 2740 1666 2784 sunt
1704 2716 1916 2784 reveriti
1947 2747 1959 2782 :
1996 2731 2187 2784 Paulus
2215 2738 2319 2790 est.

748 2825 902 2894 cujus
931 2825 1147 2879 sudaria
1173 2834 1225 2878 et
1247 2822 1576 2877 semicinctia
1603 2821 1872 2874 tta-moues
1894 2820 2230 2889 cxpellcbant
2269 2831 2322 2874 et

751 2916 968 2970 morbos
1010 2913 1281 2983 fugahant.
1332 2911 1489 2978 Atqui
1523 2910 1667 2963 ferro
1693 2918 1776 2964 cst
1805 2910 1976 2963 multo
2002 2909 2169 2978 magis
2196 2908 2323 2961 ada-

749 3007 1064 3071 tuantinum,
1094 3014 1148 3058 et
1168 3005 1309 3073 quod
1333 3003 1504 3073 frangi
1527 3019 1632 3056 non
1658 2988 1853 3070 petest,
1872 3000 2129 3054 dmntonis
2148 3000 2333 3053 vincu-

746 3104 854 3154 lum
882 3104 898 3152 ξ
934 3113 1062 3152 nam
1090 3097 1192 3152 hoc
1216 3095 1429 3167 quidem
1459 3097 1705 3157 animam,
1741 3093 1868 3147 illud
1897 3108 2024 3147 vero
2054 3092 2175 3161 ligat
2204 3086 2341 3145 cur?

749 3208 868 3263 pus.
897 3190 997 3257 Qui
1025 3191 1230 3245 vinctas
1254 3204 1382 3259 ergo
1397 3188 1554 3242 solvit
1581 3188 1804 3249 animas,
1828 3200 2022 3253 corpus
2041 3200 2193 3238 suum
2216 3200 2320 3238 non

749 3283 916 3352 potuit
942 3281 1176 3335 solvere?
1195 3279 1284 3349 qui
1315 3279 1613 3332 tlzcmouum
1638 3276 1916 3345 perfringit
1935 3275 2163 3340 vincula,
2196 3275 2321 3328 ferri

747 3392 853 3429 non
918 3374 1137 3427 solverit
1175 3371 1443 3442 ligameu?
1503 3369 1591 3439 qui
1650 3383 1743 3436 per
1797 3381 1931 3420 snas.
1971 3378 2146 3420 vestes
2204 3366 2323 3419 illos

746 3463 985 3519 solvebat
1009 3465 1215 3517 vinctos
1269 3471 1324 3516 et
1366 3460 1622 3515 liberabat
1661 3473 1689 3510 a
1714 3458 2063 3522 ila-monibus,
2092 3457 2204 3525 ipse
2232 3471 2325 3525 per

748 3571 807 3610 sc
833 3556 1068 3623 seipsunt
1097 3568 1201 3607 non
1228 3552 1487 3607 solverit?
1510 3552 1800 3619 Propterea
1827 3549 1940 3617 ipse
1967 3549 2196 3617 primum
2227 3548 2324 3602 fuit

747 3652 978 3706 vinctus.
1005 3657 1058 3701 et
1080 3657 1203 3701 ttmc
1231 3644 1390 3699 solvit
1419 3644 1647 3705 vinctos,
1675 3650 1732 3694 ut
1757 3641 1932 3695 discas
1956 3639 2097 3710 quod
2125 3640 2321 3695 Christi

746 3741 887 3795 servi
916 3741 1075 3794 vincti
1107 3739 1263 3808 longe
1284 3738 1538 3806 majorem
1561 3736 1666 3788 vim
1695 3733 1912 3813 h'abent,
1936 3748 2092 3803 quam
2120 3735 2207 3802 qui
2236 3750 2313 3786 so«

747 3832 839 3883 lttti
885 3838 1027 3884 sunt.
1072 3828 1129 3884 Si
1177 3828 1388 3884 solutus
1437 3826 1538 3880 hoc
1571 3824 1806 3887 fecisset,
1851 3840 1954 3878 non
1999 3833 2104 3877 tam
2138 3823 2322 3877 fuisset

748 3922 957 3973 mirum.
986 3918 1102 3973 Non
1132 3926 1249 3973 erat
1297 3918 1474 3985 itaque
1501 3915 1763 3968 vinculum
1796 3914 2193 3976 imbecillitatis,
2224 3915 2317 3968 sed

749 4010 966 4077 majoris
1012 4007 1287 4078 potentiae.
1334 4005 1421 4061 Sic
1445 4008 1587 4060 enim
1616 4007 1785 4059 sancti
1823 4006 2127 4074 prteclarior
2154 4005 2319 4059 virtus

747 4102 1063 4166 ostenditur,
1090 4100 1306 4170 quando
1330 4101 1490 4153 etiam
1519 4098 1728 4153 vinctus
1751 4098 2082 4151 dominatum
2114 4097 2319 4152 obtinet

746 4196 798 4249 in
829 4194 1051 4260 vinctos,
1080 4208 1199 4246 cum
1230 4193 1392 4246 etiam
1433 4190 1645 4243 vinctus
1686 4204 1793 4242 non
1839 4189 2013 4242 solum
2060 4188 2314 4257 seipsum,

746 4287 839 4340 sed
865 4287 1025 4341 etiam
1055 4285 1264 4338 vinctos
1293 4272 1473 4337 £01m.
1516 4281 1651 4349 Quid
1676 4281 1861 4349 juvant
1892 4281 2161 4350 parietes?
2190 4280 2314 4350 quid

746 4379 963 4447 prodest
986 4392 1107 4451 cum
1132 4376 1184 4429 in
1212 4375 1517 4428 interiorem
1549 4372 1817 4441 conjicere
1847 4371 2161 4435 custodiam,
2193 4385 2313 4423 cum

744 4470 900 4523 etiam
937 4468 1203 4536 aperuerit
1230 4464 1593 4519 exteriorem?
1633 4462 1740 4517 Cur
1770 4462 1818 4515 id
1849 4472 2025 4515 autem
2058 4470 2238 4527 noctu,
2263 4469 2318 4516 et

743 4577 839 4616 cttr
860 4576 980 4615 cum
1007 4568 1164 4634 terra;
1193 4567 1339 4611 motu
1368 4556 1561 4609 faetum
1592 4562 1673 4609 est
1692 4555 1717 4606 ἲ
1744 4554 1933 4608 Parnm
1961 4542 2090 4607 mihi
2118 4567 2308 4608 conce-

743 4654 850 4706 dite
877 4661 931 4704 et
950 4649 1258 4719 permittite,
1291 4657 1348 4700 ut
1370 4647 1497 4700 dum
1536 4661 1563 4699 a
1596 4646 1777 4699 verbis
1802 4644 2152 4698 alisccsserim
2183 4659 2312 4711 apo-

744 4738 965 4808 stolicis,
987 4754 1039 4797 et
1055 4743 1106 4796 iu
1130 4741 1285 4796 factis
1301 4740 1609 4811 apostolicis
1638 4755 1721 4792 me
1746 4739 2069 4806 expleveritn
2085 4736 2311 4801 deliciis,

742 4837 794 4889 in
840 4834 984 4889 Pauli
1023 4844 1210 4888 catena
1257 4830 1531 4888 convivari
1565 4848 1577 4882 :
1608 4830 1731 4883 date
1770 4829 1896 4881 mihi
1946 4830 1997 4880 in
2047 4843 2107 4881 ea
2155 4826 2314 4897 paulo

739 4926 968 4993 amplius
988 4925 1211 4982 versari.
1244 4924 1585 4995 Apprehendi
1616 4922 1905 4985 vinculum,
1929 4937 2084 4977 nemo
2102 4935 2188 4976 me
2215 4921 2312 4974 ah-

742 5017 919 5069 ducet.
958 5014 1148 5070 Tutius
1168 5029 1267 5085 ego
1294 5030 1437 5069 nunc
1463 5030 1579 5069 sum
1606 5014 1816 5068 vinctus
1836 5012 2123 5077 desiderio,
2153 5027 2311 5081 quant

742 5108 828 5160 ille
868 5118 992 5160 tunc
1021 5106 1184 5177 ligno.
1226 5106 1339 5162 [loc
1366 5121 1523 5160 nemo
1548 5106 1705 5160 solvit
1732 5105 2035 5167 vinculum;
2065 5112 2147 5157 est
2169 5104 2311 5157 enim

737 5212 765 5249 a
794 5196 991 5251 Christi
1013 5195 1283 5251 desiderio
1322 5213 1335 5249 :
1367 5196 1658 5266 hocneque
1676 5195 1872 5265 angeli,
1897 5208 2069 5264 neque
2090 5208 2310 5263 regnum

739 5289 990 5342 caelorum
1007 5299 1176 5357 potest
1193 5290 1421 5344 solvere.
1440 5288 1782 5344 Licetaudire
1798 5286 1969 5356 ipsum
1999 5285 2216 5339 Paulum
2235 5283 2313 5338 di-

736 5389 946 5433 centeni
965 5395 980 5431 :
1006 5377 1182 5449 Neque
1197 5379 1385 5450 angeli,
1399 5395 1555 5447 neque
1570 5379 1900 5448 principatus,
1916 5392 2073 5446 neque
2096 5385 2306 5446 potesta-

733 5483 823 5528 trs.
840 5486 997 5539 neque
1009 5469 1623 5540 imtantia,neque{utura,
1640 5468 2021 5538 uequealtimdo
2039 5484 2311 5536 nequepra—

732 5564 822 5627 [tm
837 5562 946 5613 tum
961 5570 1120 5630 potest
1132 5577 1221 5614 nos
1230 5577 1464 5631 separare
1480 5561 1622 5613 acori
1631 5570 1728 5614 tate
1745 5560 1928 5613 Christi
1955 5558 2170 5626 (Rom.8
2196 5558 2308 5627 59).

805 5650 881 5703 De
904 5652 1112 5703 custode
1148 5652 1387 5715 carceris,
1431 5652 1483 5703 in
1511 5666 1610 5719 quo
1641 5649 1838 5705 Paulus
1867 5659 1974 5702 erat
2000 5650 2215 5701 vinctus.
2233 5678 2305 5686 ——

729 5747 970 5807 Quanam
994 5758 1122 5811 ergo
1146 5742 1213 5798 de
1253 5758 1410 5797 causa
1452 5743 1644 5798 ractum
1672 5755 1751 5797 est
1780 5743 1877 5821 huc
1908 5742 2079 5797 media
2114 5743 2310 5796 nocte?

2419 464 2587 517 quare
2610 451 2773 505 etiam
2804 468 2923 507 cum
2954 463 3113 509 terrae
3155 458 3342 510 motu?
3368 458 3563 515 Audite
3590 461 3684 518 Dei
3710 464 3987 537 dispensa.

2422 542 2641 607 tionem,
2672 552 2726 597 et
2753 544 3111 601 adtniramiui.
3138 546 3387 604 Omnium
3410 562 3534 606 sunt
3557 554 3729 609 soluta
3759 560 3987 629 vincula,

2418 642 2474 688 et
2504 644 2669 703 porta:
2695 645 2817 689 sunt
2845 647 3063 705 apertas.
3090 638 3195 693 Sed
3228 641 3330 695 hoc
3352 643 3524 697 solum
3551 645 3745 701 factum
3772 658 3852 705 est
3881 666 3990 718 pro-

2421 731 2538 792 pter
2577 724 2850 779 custodem
2891 728 3156 792 carceris;
3191 746 3296 783 non
3327 732 3392 786 ad
3428 737 3863 805 ostentationem,
3889 741 3982 797 sed

2419 810 2498 868 ad'
2514 814 2759 870 salutem.
2788 815 2920 871 Nam
2942 819 3083 889 quod
3116 820 3274 877 vincti
3316 826 3584 881 nescirent
3610 846 3670 884 se
3695 846 3815 887 esse
3839 834 3980 888 solu-

2420 913 2519 970 tos,
2552 914 2637 959 est
2669 907 3001 977 perspicuum
3032 925 3096 963 ex
3125 926 3253 967 voce
3282 911 3450 967 Pauli.
3481 917 3618 982 Quid
3649 921 3791 975 enim
3819 922 3988 980 dicit?

2418 991 2675 1049 Clamavii
2713 1011 2843 1053 voce
2868 1015 3055 1068 magna
3094 1001 3281 1057 dicens
3310 1022 3323 1058 :
3350 1004 3501 1060 Nihil
3528 1009 3617 1062 tibi
3643 1012 3765 1065 mali
3792 1015 3953 1084 facias
3973 1056 3989 1082 ,

2419 1101 2588 1141 omnes
2615 1089 2747 1142 enim
2772 1089 2853 1143 hic
2878 1107 3053 1146 sumus
3081 1094 3217 1164 (Act.
3252 1096 3339 1151 16.
3517 1098 3627 1154 Non
3650 1101 3877 1159 fuissem
3900 1120 3993 1159 au-

2420 1188 2525 1233 tem
2569 1196 2760 1236 omnes
2799 1183 2965 1250 intus,
2996 1185 3039 1239 si
3090 1186 3374 1243 scivissent
3402 1200 3584 1259 portas
3612 1208 3734 1251 esse
3761 1208 3989 1267 apertas.

2418 1282 2473 1328 et
2499 1288 2559 1327 se
2605 1275 2830 1331 solutos.
2866 1277 2995 1332 Nam
3037 1280 3128 1348 qui
3161 1296 3344 1336 muros
3367 1285 3719 1356 perfringunt,
3755 1300 3993 1363 tectaque

2417 1371 2472 1416 et
2495 1364 2818 1433 suggrundia
2862 1369 3185 1436 transiliunt,
3234 1381 3289 1426 et
3318 1374 3448 1428 nihil
3478 1393 3583 1431 non
3612 1379 3810 1435 audent
3836 1384 3992 1439 etiam

2418 1470 2539 1508 cum
2557 1458 2800 1529 vinculis,
2822 1475 2926 1513 non
2947 1461 3269 1518 tolerasseut
3285 1474 3339 1519 et
3357 1466 3581 1523 vinculis
3598 1473 3786 1527 solutis
3806 1481 3857 1527 et
3873 1492 3992 1543 por-

2420 1545 2487 1598 tis
2507 1549 2708 1615 apertis
2734 1550 2875 1604 intus
2914 1567 3153 1617 manere,
3182 1554 3479 1612 dormiente
3504 1560 3620 1629 ipso
3640 1564 3861 1618 custode
3882 1580 3992 1621 car-

2418 1638 2575 1691 ceris.
2597 1638 2701 1693 Sed
2717 1655 2810 1708 pro
2829 1641 3014 1697 ferreis
3036 1644 3263 1701 vinculis
3278 1650 3483 1719 erateis
3503 1655 3677 1709 somni
3705 1657 3989 1713 vinculum.
4017 1686 4025 1690 -

2418 1725 2535 1793 Quo
2567 1726 2763 1783 factum
2794 1741 2876 1785 est
2908 1745 2963 1786 ut
2993 1743 3047 1788 et
3078 1735 3129 1790 id
3159 1735 3331 1803 fieret,
3368 1755 3467 1795 nec
3511 1757 3576 1796 ex
3606 1744 3865 1803 miraculo
3892 1749 3992 1802 ulla

2421 1833 2557 1871 noxa
2606 1819 2807 1876 rediret
2861 1823 2924 1878 ad
2952 1825 3230 1882 custodem
3260 1832 3514 1896 carceris,
3556 1835 3645 1903 qui
3679 1846 3794 1891 erat
3820 1839 3995 1895 salvus

2421 1909 2647 1965 futurus.
2691 1912 2760 1966 Et
2783 1915 2978 1985 alioqui
3010 1917 3171 1971 etiam
3206 1922 3437 1977 maxime
3464 1935 3624 1980 noctu
3658 1927 3887 1998 ligantur
3909 1933 3992 2000 qui

2423 2012 2546 2053 Sunt
2570 2003 2752 2066 vincti,
2770 2020 2873 2059 non
2904 2007 3153 2063 interdiu.
3181 2010 3397 2067 Licebat
3419 2028 3548 2084 ergo
3571 2026 3695 2071 tunc
3715 2019 3997 2090 diligenter

2419 2093 2603 2148 videre
2642 2111 2826 2151 rursus
2863 2098 3067 2153 vinctos
3105 2109 3160 2156 et
3199 2102 3551 2161 dormientes.
3585 2108 3641 2163 Si
3683 2110 3798 2166 lucc
3823 2125 3995 2167 autem

2420 2183 2649 2240 interdiu
2694 2189 2827 2243 facta
2871 2202 3072 2255 essent,
3116 2210 3339 2269 magnus
3368 2210 3517 2254 ortus
3551 2212 3689 2258 esset
3723 2209 3993 2262 tumultus.

2422 2274 2530 2328 Cur
2554 2291 2683 2346 ergo
2714 2286 2871 2333 terra;
2902 2291 3049 2336 tnotu
3078 2299 3371 2341 concussus
3402 2288 3498 2342 fuit
3525 2295 3752 2347 carcer?
3778 2293 3843 2351 Ut
3876 2311 3995 2351 sur-

2419 2376 2570 2432 geret
2599 2378 2779 2424 custos
2803 2373 3037 2428 carceris
3064 2374 3130 2429 ad
3153 2378 3227 2431 rei
3258 2383 3656 2448 Spectaculum:
3690 2386 3736 2440 is
3755 2388 3897 2442 enim
3913 2405 3998 2443 so-

2423 2458 2503 2508 lus
2526 2456 2720 2525 dignus
2748 2470 2865 2515 erat
2892 2462 3086 2519 salute.

2493 2548 2544 2599 4.
2576 2547 2655 2602 'l‘u
2682 2559 2858 2605 autem
2909 2553 3038 2607 mihi
3081 2555 3203 2611 vide
3231 2556 3431 2614 Christi
3458 2575 3721 2618 summam
3749 2569 3994 2637 gratiam.

2423 2633 2553 2689 Nam
2585 2637 2723 2693 inter
2753 2639 2903 2698 Pauli
2948 2645 3180 2712 vincula,
3214 2647 3410 2704 Christi
3439 2667 3653 2723 quoque
3679 2633 3863 2723 gratia:
3887 2673 4000 2713 me-

2425 2729 2642 2819 minisse
2671 2731 2951 2799 pulchrum
2982 2742 3038 2790 et
3061 2736 3342 2793 honestum
3371 2758 3385 2793 :
3415 2743 3523 2797 imo
3549 2759 3678 2799 vero
3697 2760 3760 2801 ea
3790 2763 4001 2819 quoque

2421 2826 2576 2871 erant
2623 2818 2714 2873 Dei
2739 2822 2944 2890 gratim.
2988 2822 3124 2880 Sunt
3153 2829 3293 2882 enim
3323 2831 3411 2898 qui
3440 2834 3835 2901 reprehendunt
3859 2841 4001 2907 quod

2421 2910 2600 2966 salvus
2630 2911 2790 2966 fuerit
2815 2924 2997 2970 custos
3044 2920 3299 2987 carceris,
3336 2930 3392 2977 et
3420 2938 3516 2993 pro
3535 2927 3726 2996 quibus
3750 2929 3999 2986 admirari

2422 3002 2702 3069 oportebat
2745 3003 2838 3058 Dei
2878 3005 3240 3074 clementiam,
3287 3027 3352 3066 ex
3398 3013 3465 3068 iis
3492 3015 3620 3084 ipsis
3649 3018 3998 3087 vituperant:

2424 3105 2524 3145 nec
2558 3094 2773 3146 mirum.
2808 3093 3062 3151 lmbecilli
3104 3099 3247 3154 enim
3276 3110 3329 3154 ct
3357 3108 3542 3173 aegroti
3569 3116 3696 3161 sunt
3724 3107 4000 3177 hujusmo-

2388 3220 2393 3226 .
2422 3181 2498 3247 di,
2525 3183 2615 3251 qui
2641 3185 2799 3238 etiam
2839 3187 3148 3242 alimentum
3195 3191 3516 3260 vituperant,
3542 3196 3687 3265 quod
3721 3210 4001 3267 oporteret

2423 3271 2696 3339 admirari,
2745 3284 2799 3329 et
2836 3276 2939 3330 mel
2968 3272 3151 3332 dicutﬂ
3179 3292 3299 3334 esse
3326 3296 3588 3340 amarunt.
3618 3286 3685 3339 Et
3711 3290 3799 3356 qui
3829 3306 4002 3345 caecu-

2425 3362 2581 3427 tiunt,
2630 3380 2696 3419 es
2740 3367 3253 3424 co-ohtenebrantur
3277 3385 3340 3425 ex
3379 3388 3487 3443 quo
3513 3374 3776 3432 deberent
3806 3378 4004 3436 illumi-

2424 3455 2561 3521 nari,
2594 3470 2713 3509 cum
2742 3457 2854 3511 lucc
2882 3459 3126 3514 accidant
3147 3476 3252 3515 non
3282 3477 3347 3516 ex
3371 3479 3549 3519 rerum
3579 3478 3789 3531 uatum,
3812 3472 3911 3527 sed
3937 3489 4002 3529 cs

2402 3545 2788 3602 imbecillitate
2816 3564 3001 3605 eorum
3032 3552 3121 3622 qui
3150 3553 3230 3607 eis
3257 3554 3331 3609 uti
3361 3571 3467 3610 non
3491 3569 3734 3628 possunt,
3765 3571 3823 3617 ut
3841 3580 4004 3635 opor-

2427 3644 2519 3688 tet.
2542 3635 2682 3703 Quid
2698 3653 2825 3708 ergo
2838 3638 3252 3697 dicebaut?t]um
3280 3656 3554 3713 uporteret
3578 3650 3830 3707 admirari
3857 3655 4002 3724 quod

2422 3741 2542 3780 eum
2572 3729 2803 3796 cepisset
2823 3732 2911 3796 qui
2936 3731 3004 3786 ad
3031 3742 3328 3789 extremum
3358 3739 3637 3810 prolapsus
3655 3753 3766 3798 erat
3789 3744 4000 3813 vitium,

2421 3828 2473 3869 et
2500 3817 2713 3873 fecisset
2742 3821 3040 3887 meliorem,
3072 3822 3257 3880 dicunt
3281 3844 3294 3881 :
3322 3828 3604 3896 Quomodo
3631 3849 3737 3889 non
3766 3836 3999 3891 arbitra-

2423 3915 2506 3959 tus
2529 3917 2610 3962 est
2631 3923 2747 3962 eam
2766 3925 2877 3964 rem
2901 3928 3020 3969 esse
3038 3918 3427 3988 prmstigiarum
3443 3929 3500 3975 et
3520 3922 3923 3990 incantationis.
3948 3939 4003 3985 et

2423 4014 2526 4054 non
2557 4015 2650 4054 eos
2690 4004 2857 4072 magis
2898 4006 3116 4061 retinuit
3169 4018 3223 4062 ct
3268 4010 3555 4067 clamavit?
3582 4015 3661 4069 Ad
3693 4016 3794 4073 hoc
3820 4020 4002 4075 multis

2421 4104 2546 4143 usus
2574 4099 2654 4144 est
2698 4093 3059 4161 conjecturis:
3091 4098 3319 4167 primum
3351 4102 3588 4171 quidem,
3626 4109 3769 4176 quod
3796 4111 4002 4165 audivit

2419 4194 2513 4234 eos
2544 4181 2707 4235 Deum
2747 4183 3026 4239 laudantes
3051 4196 3103 4241 et
3129 4187 3356 4260 hymnos
3381 4201 3659 4250 cantantes
3689 4214 3704 4249 :
3734 4197 4002 4267 ejusmodi

2418 4281 2596 4328 autem
2621 4275 2846 4346 hymnos
2873 4292 2977 4331 non
3009 4279 3351 4347 cecinissent,
3379 4284 3425 4337 si
3456 4284 3677 4342 fuissent
3707 4288 4001 4361 pneStigia-

2420 4374 2596 4419 tores:
2627 4367 3016 4435 Audivitenim,
3043 4371 3231 4442 inquit,
3252 4388 3345 4427 eos
3368 4374 3537 4430 Deum
3562 4377 3841 4435 laudantes
3862 4383 3997 4449 (Act.

2422 4456 2506 4510 16.
2534 4454 2649 4527 25).
2699 4456 2946 4513 Secundo
2972 4471 3173 4530 autem,
3217 4463 3359 4533 quod
3390 4465 3488 4536 ipsi
3522 4484 3625 4522 non
3656 4470 3994 4541 aufugerunt,

2417 4548 2511 4602 sed
2536 4549 2706 4609 etiam
2747 4550 3134 4618 prohibuerunt
3173 4571 3239 4608 ne
3266 4569 3325 4610 se
3354 4557 3675 4629 interficeret
3700 4578 3713 4614 :
3743 4562 3788 4615 si
3817 4575 3997 4618 autetu

2419 4649 2634 4709 propter
2670 4655 2730 4694 se
2773 4640 2873 4696 hoc
2911 4641 3181 4709 fecissent,
3218 4660 3322 4699 non
3352 4646 3492 4702 intus
3521 4651 3867 4719 niausisseut,
3901 4652 3996 4709 sed

2416 4744 2474 4783 se
2503 4731 2650 4799 prius
2695 4733 3041 4787 exemissent.
3070 4733 3253 4804 Magna
3294 4748 3470 4791 autem
3502 4741 3766 4794 estetiam
3811 4758 4000 4798 eorum

2419 4821 2722 4875 humanitas
2747 4840 2759 4875 :
2793 4821 3177 4891 prohibuerunt
3199 4841 3264 4878 nc
3284 4841 3345 4880 se
3374 4828 3721 4896 interficeret,
3740 4832 3830 4900 qui
3854 4833 4001 4902 ipsos

2418 4912 2591 4967 valide
2613 4929 2673 4966 ac
2702 4913 2948 4968 similiter
2971 4914 3249 4985 ligaverat.
3280 4918 3357 4972 Ac
3378 4918 3425 4972 si
3450 4914 3712 4975 dixissent
3732 4923 3809 4977 illi
3833 4940 3850 4979 :
3884 4925 4000 4979 Fir-

2416 5005 2575 5058 miter
2593 5014 2646 5058 et
2669 5004 2866 5064 acriter
2892 5021 2989 5059 nos
3017 5006 3253 5075 vinxisti,
3287 5018 3343 5061 ut
3374 5008 3488 5079 ipse
3519 5026 3668 5066 esses
3697 5013 3908 5082 solutus
3931 5016 4001 5070 ab

2415 5094 2779 5149 acerbissimis
2803 5097 3051 5152 vinculis.
3080 5097 3299 5152 Catenis
3327 5100 3472 5154 enim
3496 5116 3717 5156 suorum
3746 5115 4000 5173 peccatoo

2417 5204 2533 5242 rum
2552 5187 2917 5256 unusquisque
2939 5189 3342 5259 constringitur.
3364 5190 3495 5244 Nam
3520 5192 3607 5245 illa
3635 5192 3852 5262 quidem
3871 5207 4001 5253 sunt

2415 5277 2741 5333 exsecranda
2757 5279 3118 5335 viuenlaJlaee
3130 5291 3308 5335 autem
3323 5283 3475 5337 beata
3494 5294 3546 5337 et
3565 5285 3722 5340 valde
3738 5290 3996 5356 optanda.

2413 5370 2547 5425 Nam
2576 5369 2715 5440 quod
2758 5370 2873 5424 haec
2894 5372 2984 5424 illa
3010 5371 3288 5439 solverint,
3312 5375 3550 5438 ostendit
3590 5392 3653 5429 ex
3682 5379 3997 5436 sensilibus.

2417 5462 2604 5517 Vidisti
2628 5476 2722 5517 eos
2760 5463 2966 5518 solutos
2992 5465 3083 5534 qui
3112 5466 3254 5520 ferro
3294 5464 3503 5521 fuerant
3533 5467 3697 5521 vincti
3716 5468 3743 5523 ?
3777 5467 3998 5527 Videbis

2416 5568 2704 5626 tequoque
2726 5558 2897 5626 ipsum
2917 5558 3210 5612 relaxatum
3232 5574 3296 5613 ex
3325 5561 3441 5614 aliis
3467 5563 3717 5632 gravibus
3746 5564 3997 5619 vinculis.

2416 5647 2541 5702 lltcc
2569 5649 2798 5709 vincula,
2824 5650 3143 5715 vinctorum,
3165 5650 3399 5719 inquam,
3425 5653 3654 5718 vincula,
3683 5671 3788 5709 non
3821 5654 3995 5719 Pauli.

2420 5740 2618 5796 faciunt
2664 5742 2751 5796 illa
2797 5741 3002 5797 vincula
3055 5744 3606 5811 pccc:ttorutn.Erant
3651 5746 3757 5803 duo
3794 5760 3994 5819 gcnem
