4122 6400
264 37 1298 62 Mf

193 390 246 444 59
993 389 1056 443 IN
1098 389 1314 446 EPIST.
1361 391 1451 444 ΑΙ)
1491 391 1732 446 EI’IIES.
1774 393 1926 446 CAP.
1971 393 2056 446 IV.
2097 391 2330 447 IIOMIL.
2368 392 2497 445 VIII.
3314 390 3392 445 ου

193 498 283 568 οὐχὶ
311 497 415 560 τοῦς
443 499 652 566 τοίχους
694 500 924 567 ἀνοίγειν
967 503 1133 571 αὐτῷ.
1181 504 1338 556 Ἀλλά
1367 504 1474 556 τῶν
1502 506 1600 574 μὲν
1624 506 1712 558 δε-

195 587 509 655 σμῶνάπλῶς
538 586 700 654 φύσις
728 590 826 640 οῦκ
874 592 1018 642 ἐστιν
1061 591 1222 660 αῦτη.
1263 592 1475 658 δεσμῶν
1513 593 1569 645 δέ
1609 593 1714 646 τῶν

191 675 259 726 διὰ
280 675 487 757 Χριστὸν
514 674 674 744 αῦτη.
704 674 1044 746 Προσέπεσεν
1070 679 1096 730 6
1119 678 1552 748 δεσμοφύλαξτῴ
1577 679 1720 731 Παύ-

192 761 251 830 λῳ
272 763 349 813 καὶ
377 761 447 828 τῷ
472 760 620 830 Σίλα.
658 762 798 814 Ἀλλ’
821 763 938 815 οῦδὲ
966 763 1122 815 τοῦτο
1150 766 1292 816 ποιεῖ
1318 764 1492 833 δεσμὰ
1510 764 1717 829 ἁπλῶς,

193 849 290 909 τοὺς
302 848 553 916 δήσαντας
571 849 651 911 είς
666 850 790 911 τοὺς
807 849 972 912 πόδας
990 850 1142 917 ἀγειν
1165 850 1269 902 τῶν
1289 849 1617 920 δεδεμένων,
1631 851 1722 903 ἀλ-

190 933 244 986 λά
280 935 563 986 τούναντίον
612 936 949 1004 ὑποχειρίους
992 936 1208 1000 τούτους
1248 936 1476 999 ἐκείνοις
1525 940 1718 990 ποιεῖν.

190 1017 281 1070 Νῦν
297 1018 385 1072 δέό
404 1018 686 1088 λελυμένος
710 1022 812 1073 ὑπὸ
830 1023 953 1082 τοὺς
979 1021 1142 1082 πόδας
1155 1017 1220 1090 ἦν
1238 1021 1329 1073 τοῦ
1344 1021 1626 1092 δεδεμένου
1650 1039 1661 1052 ·
1691 1022 1721 1074 6

189 1107 326 1173 δήσας
349 1106 491 1174 ἠξίου
519 1108 611 1158 τὸν
637 1106 856 1159 δεθέντα
889 1107 1114 1176 λυθῆναι
1144 1106 1238 1160 τοῦ
1272 1109 1456 1177 φόϐου.
1490 1109 1626 1178 Οὐχὶ
1655 1108 1720 1160 σὺ

192 1193 370 1262 ἔδησας,
391 1193 507 1246 εἰπέ
536 1210 656 1263 μοι;
693 1195 808 1263 ούχὶ
833 1196 910 1256 είς
931 1193 1026 1264 τὴν
1051 1196 1320 1263 ἐσωτέραν
1348 1195 1535 1257 ἔϐαλες
1559 1194 1720 1262 φῦλα·

192 1283 306 1349 κήν;
334 1282 444 1350 ούχὶ
465 1283 542 1345 είς
562 1282 624 1334 τὸ
654 1282 808 1346 ξύλον
840 1283 1121 1357 ἠσφαλίσω
1140 1284 1265 1345 τοῦς
1291 1283 1492 1348 πόδας;
1524 1283 1576 1334 τί
1597 1283 1719 1352 τρέε

192 1383 320 1434 μεις;
363 1368 412 1419 τί
451 1368 680 1438 θορυϐῇ;
711 1369 761 1420 τί
793 1369 1077 1437 δακρύεις;
1112 1368 1163 1420 τί
1192 1369 1252 1420 τὸ
1281 1369 1432 1436 ξίφος
1462 1369 1718 1431 ἐσπάσω;
1753 1389 1758 1392 ν

188 1454 327 1506 Οὐδὲν
350 1453 577 1507 τοιοῦτον
602 1456 786 1523 ἔδησα,
817 1456 978 1523 φησίν
1004 1473 1015 1484 ·
1047 1456 1146 1508 οῦκ
1176 1456 1343 1525 ᾔδειν,
1374 1457 1458 1508 δτι
1489 1454 1720 1523 τοσαύτη

188 1541 276 1590 τῶν
297 1542 377 1593 τοῦ
394 1542 624 1612 Χριστοῦ
646 1542 878 1611 δεσμίων
901 1543 932 1610 ἡ
953 1541 1198 1611 δύναμις.
1233 1542 1296 1594 Τί
1322 1541 1498 1609 λέγεις
1520 1557 1534 1605 ;
1561 1541 1719 1610 οὐρα-

189 1628 286 1689 νοὺς
315 1628 490 1680 ἐλαϐον
521 1628 768 1693 ἐξουσίαν
799 1629 1052 1695 ἀνοίγειν,
1095 1630 1188 1680 καὶ
1229 1628 1596 1698 δεσμωτήριον
1624 1627 1722 1678 οῦκ

188 1714 377 1779 ἔμελλον
397 1715 658 1780 ἀνοίγειν;
693 1715 818 1776 τοὺς
840 1715 943 1766 ὑπὸ
965 1714 1232 1784 δαιμόνων
1263 1715 1573 1783 δεδεμένους
1598 1713 1720 1765 έλυ-

185 1818 252 1861 ιν,
281 1804 372 1852 καὶ.
394 1800 627 1869 σιδήριον
653 1800 873 1870 ἔμελλεν
902 1802 1080 1855 αὐτῶν
1110 1802 1455 1870 περιέσεσθαι
1479 1820 1492 1866 ;
1527 1802 1626 1853 οῦκ
1655 1796 1724 1853 οἶ-

185 1887 266 1948 δας
287 1890 399 1948 τοῦς
434 1887 630 1957 ἄνδρας
654 1904 666 1916 ·
700 1888 789 1940 διά
817 1887 972 1952 τοῦτο
1016 1888 1109 1940 καὶ
1147 1887 1474 1957 συγγνώμης
1513 1887 1720 1954 ἔτυχες.

187 1972 368 2035 Παῦλος
395 1973 421 2024 6
449 1973 726 2041 δεδεμένος
747 1974 914 2037 ἐστὶν,
945 1973 1003 2025 δν
1026 1973 1246 2042 ἄγγελοι
1275 1975 1469 2035 πάντες
1497 1973 1724 2043 ᾐδέσθη-

187 2077 299 2111 σαν·
330 2059 528 2122 Παῦλός
560 2062 729 2125 ἐστιν,
759 2055 818 2114 οῦ
859 2063 949 2114 καὶ
977 2062 1044 2113 τά
1076 2062 1325 2132 σουδάρια
1359 2063 1450 2113 καὶ
1479 2064 1545 2114 τὰ
1567 2078 1726 2129 σημι-

187 2150 336 2202 κίνθια
364 2151 614 2219 δαίμονας
645 2151 860 2219 ἤλαυνε,
902 2152 994 2203 καὶ
1019 2152 1205 2215 νόσους
1248 2152 1566 2220 ἐφυγάδευε,
1603 2152 1724 2203 καί-

187 2252 251 2286 τοι
271 2235 441 2305 πολλῷ
472 2237 690 2305 σιδήρου
723 2235 1100 2304 ἀδαμάντινος,
1141 2237 1233 2290 καὶ
1267 2236 1669 2306 ἀῤῥαγέστερος
1697 2236 1726 2287 6

188 2322 315 2390 παρὰ
356 2323 442 2374 τοῦ
487 2322 740 2392 δαίμονος
776 2323 1002 2391 δεσμός·
1034 2318 1189 2385 οὗτος
1239 2324 1336 2392 μὲν
1381 2324 1488 2392 γάρ
1527 2322 1726 2392 ψυχὴν,

187 2412 364 2472 ἐκεῖνος
396 2411 450 2463 δέ
488 2409 648 2479 σῶμα
692 2409 900 2479 δεσμεῖ.
945 2411 1002 2462 '0
1024 2411 1196 2478 ψυχάς
1224 2411 1400 2464 τοίνυν
1441 2410 1727 2479 δεδεμένας

188 2496 324 2558 λύων,
351 2498 404 2548 τὸ
419 2496 576 2566 σῶμα
602 2499 660 2549 τὸ
678 2497 840 2549 αὑτοῦ
863 2499 960 2549 ούκ
984 2498 1045 2549 ἂν
1072 2497 1253 2566 ἴσχυσε
1274 2496 1429 2549 λῦσαι
1452 2514 1464 2559 ;
1490 2498 1517 2548 6
1538 2496 1726 2566 δαιμό-

190 2601 276 2635 νων
301 2583 463 2647 δεσμά
490 2585 845 2654 διαρρηγνῦς,
879 2584 1098 2654 σιδήρου
1130 2583 1273 2635 δέσιν
1294 2583 1392 2636 ούκ
1416 2584 1478 2635 Ξιν
1504 2582 1689 2634 ἔλυσεν
1712 2597 1726 2645 ;

190 2673 305 2724 ὸόιά
329 2672 428 2724 τῶν
454 2673 685 2741 ἱματίων
721 2671 883 2724 αὐτοῦ
914 2673 1037 2733 τοὺς
1063 2673 1342 2740 δεσμώτας
1373 2671 1612 2733 ἐκείνους
1640 2671 1731 2722 λύ-

192 2775 266 2818 ων,
299 2759 382 2809 καὶ
401 2757 514 2822 ,τῶν
539 2757 807 2826 δαιμόνων
837 2757 1211 2834 ἀπαλλάττων,
1246 2755 1406 2817 αὐτὸς
1438 2755 1503 2806 δι’
1534 2752 1729 2807 ἑαυτοῦ

195 2845 355 2898 ἑαυτὸν
376 2846 472 2898 οῦκ
493 2845 557 2898 ἂν
579 2846 735 2898 ἔλυσε
756 2863 770 2906 ;
800 2839 909 2897 Διὰ⁶
920 2844 1076 2896 τοῦτο
1097 2845 1306 2908 πρῶτον
1333 2843 1508 2913 ἐδέθη,
1533 2843 1624 2895 καὶ
1645 2842 1733 2894 τό·

194 2946 240 2980 τε
265 2932 375 2992 τοῦς
388 2931 699 3000 δεδεμένους
732 2930 938 2994 ἔλυσεν,
960 2930 1045 2981 ἵνα
1076 2929 1270 2998 μάθῃς,
1290 2930 1370 2981 ὅτι
1401 2931 1447 2981 οἱ
1474 2927 1566 2980 τοῦ
1596 2929 1730 2993 Χρι-

197 3016 302 3067 στοῦ
324 3016 486 3069 δοῦλοι
514 3016 803 3084 δεδεμένοι,
846 3015 1024 3084 πολλῷ
1057 3015 1162 3067 τῶν
1198 3015 1504 3083 λελυμένων
1548 3012 1731 3081 μείζο-

199 3121 252 3153 να
277 3105 437 3172 έχουσι
465 3107 562 3171 τὴν
595 3102 768 3172 ἰσχύν.
815 3103 878 3153 Εἰ
905 3101 1195 3170 λελυμένος
1227 3100 1385 3153 τοῦτο
1418 3091 1731 3167 εἰργάσατο,

196 3193 283 3242 οῦκ
297 3188 355 3258 ἦν
377 3191 512 3243 οῦτω
534 3189 845 3258 θαυμαστόν
869 3206 881 3218 ·
910 3188 1048 3241 ὥστε
1069 3189 1168 3239 οὐκ
1187 3187 1469 3258 ἀσθενείας
1492 3188 1519 3238 6
1538 3185 1734 3252 δεσμὸς

197 3268 274 3338 ἦν,
301 3277 423 3330 ἀλλὰ
459 3277 701 3346 μείζονος
728 3275 1028 3344 δυνάμεως.
1061 3273 1216 3326 Οῦτω
1249 3275 1357 3341 γὰρ
1384 3270 1736 3341 λαμπροτέρα

200 3363 224 3423 ἡ
255 3365 388 3431 ίσχῦς
411 3365 499 3415 τοῦ
530 3363 686 3430 ἁγίου
713 3361 1003 3423 δείκνυται,
1037 3361 1163 3412 ὅταν
1197 3361 1290 3412 καὶ
1319 3359 1596 3426 δεδεμένος
1630 3357 1736 3407 τῶν

203 3451 476 3518 λελυμένων
499 3453 698 3520 κρατῇ,
727 3450 853 3501 ὅταν
877 3451 904 3500 6
931 3448 1210 3516 δεδεμένος
1237 3445 1310 3515 μὴ
1341 3446 1498 3514 μόνον
1524 3442 1734 3506 ἑαυτὸν,

201 3537 319 3590 ἀλλὰ
337 3542 418 3590 καὶ
444 3541 563 3602 τοὺς
587 3536 900 3606 δεδεμένους
927 3536 1046 3605 λύῃ.
1090 3536 1153 3586 Τί
1184 3535 1293 3587 τῶν
1322 3533 1514 3602 τοίχων
1534 3534 1592 3584 τὸ
1614 3532 1737 3596 ὄφε-

203 3625 308 3687 ῖι-ος;
331 3628 375 3678 τί
406 3627 460 3679 :6
489 3627 649 3678 πλέον
672 3626 778 3679 ἀπὺ
808 3625 898 3676 τοῦ
931 3626 1006 3684 εἰς
1047 3626 1141 3691 τὴν
1191 3624 1462 3691 ἐσωτέραν
1496 3621 1738 3687 φυλακὴν

206 3712 365 3776 βαλεῖν
390 3713 719 3781 αὺτδνηδπου
742 3728 802 3778 γε
831 3711 921 3763 καὶ
950 3711 1045 3779 τὴν
1070 3710 1337 3777 ἐξωτέραν
1371 3707 1570 3777 ἀνέῳξε
1592 3704 1737 3776 ;[57]

205 3799 294 3849 Διά
307 3800 349 3850 τί
367 3801 414 3850 δέ
516 3800 692 3860 νυκτὶ,
720 3798 811 3851 καὶ
834 3797 968 3866 μετά
997 3795 1218 3864 σεισμοῦ
1242 3794 1490 3862 γέγονεν;
1527 3794 1740 3846 Ἔνδοτέ

209 3903 291 3950 μοι
315 3887 481 3953 μικρὸν
515 3887 608 3938 καὶ
625 3903 696 3936 πα
706 3883 921 3953 ραχωρή
931 3899 1078 3938 σατε.
1095 3882 1199 3933 τῶν
1220 3880 1586 3934 ἀποστολικῶν
1604 3881 1739 3932 ἀπο-

210 3972 426 4039 σχομένῳ
451 3972 728 4040 ῥημάτων,
764 3970 857 4021 καὶ
885 3954 1281 4038 ἐντ’ρυφήσαντι
1315 3971 1422 4028 τοῖς
1459 3965 1740 4019 ἀποστολι-

211 4063 310 4120 16!,-
335 4061 653 4127 πράγμασιν,
677 4055 992 4126 ἐστιαθῆναι
1015 4057 1071 4107 ἐν
1094 4059 1158 4124 τῇ
1179 4055 1364 4108 ἁλύσει
1389 4054 1597 4107 Παύλου
1622 4071 1631 4082 ·
1660 4053 1743 4104 δό-

208 4161 260 4196 τε
285 4164 360 4214 μοι
379 4145 620 4198 ἐπιπλέον
641 4142 992 4212 ἐνδιατρῖψαι.
1016 4142 1386 4209 Ἐπελαϐόμην
1411 4141 1500 4192 τοῦ
1522 4140 1739 4210 δεσμοῦ,

209 4231 360 4292 ῃξρδξίς
391 4250 449 4300 με
476 4232 782 4300 ἀφίστησιν.
831 4228 1251 4297 Ἀσφαλέστερον
1281 4227 1389 4293 ἐγὼ
1409 4227 1626 4295 δέδεμαι
1649 4226 1743 4280 νῦν

211 4319 277 4385 τῷ
299 4319 444 4388 πόθῳ,
477 4319 510 4388 ἦ
539 4320 744 4378 ἐκεῖνος
767 4316 883 4368 τότε
913 4313 989 4382 τῷ
1013 4314 1172 4382 ξύλῳ.
1192 4312 1413 4366 ⁴Τοῦτον
1433 4313 1605 4375 οὐδεὶς
1627 4313 1742 4366 λύει

211 4403 290 4455 τὸν
311 4404 502 4473 δεσμόν·
526 4405 632 4457 ἀπὸ
655 4404 763 4472 γάρ
785 4401 876 4454 τοῦ
900 4402 1064 4453 πόθου
1089 4401 1204 4452 ἐστὶ
1226 4398 1314 4451 τοῦ
1337 4399 1589 4470 Χριστοῦ·
1619 4399 1745 4451 τοῦ·

212 4508 290 4543 τον
316 4493 416 4544 οῦδέ
438 4495 482 4545 οἱ
505 4492 747 4559 ἄγγελοι,
776 4490 892 4542 οῦδέ
918 4489 1161 4558 βασιλεία
1180 4486 1418 4558 οὐρανῶν
1451 4487 1621 4557 ἰσχύει
1646 4487 1745 4540 λῦ-

215 4593 325 4630 σαι·
361 4579 508 4631 αὑτοῦ
556 4578 766 4630 Παύλου
809 4576 955 4627 ἐστὶν
986 4573 1214 4625 ἀκοῦσαι
1260 4573 1541 4639 λέγοντος,
1599 4574 1748 4626 Οὔτε

213 4667 440 4733 ὑγγελοι,
456 4667 590 4721 οὔτε
607 4663 802 4734 ἀρχαὶ,
821 4663 954 4716 οὔτε
978 4662 1280 4729 δυνάμεις,
1294 4661 1430 4714 οὔτε
1449 4660 1750 4714 ἐνεστῶτα

213 4753 336 4805 οὔτε
349 4753 655 4826 μέλλοντα,
679 4751 815 4803 οὔτε
839 4750 1049 4816 ὕψωμα
1067 4748 1203 4800 οὔτε
1213 4747 1405 4811 ,ϐάθος
1423 4747 1748 4811 δυνήσεται

215 4836 353 4905 ἡμᾶς
373 4843 609 4908 χωρίσαι
637 4836 755 4891 ἀπὸ
790 4833 898 4904 τῆς
927 4833 1163 4903 ἀγάπης
1196 4833 1300 4885 τοῦ
1327 4831 1606 4899 Χριστοῦ.

273 5000 410 5061 τίνος
428 4995 515 5052 οὖν
543 5001 706 5052 ἓνεκα
734 4997 897 5067 μέσον
929 4995 1139 5049 νυκτῶν
1165 4996 1224 5048 :6
1264 4997 1494 5066 πρᾶγμα
1525 4995 1749 5062 γέγονε;

213 5089 339 5149 τίνος
359 5087 532 5139 ἕνεκεν
557 5087 651 5138 καὶ
680 5083 814 5154 μετά
840 5081 1062 5153 σεισμοῦ
1086 5099 1099 5146 ;
1136 5082 1426 5134 Ἀκούσατε
1451 5082 1583 5133 Θεοῦ
1607 5083 1752 5133 οἰκο-

212 5172 398 5240 νομίαν,
432 5173 523 5224 καὶ
549 5170 886 5238 θαυμάσατε.
923 5168 1142 5220 Πάντων
1162 5167 1230 5220 τὰ
1251 5166 1422 5235 δεσμά
1446 5166 1628 5234 ἐλύθη.
1662 5168 1754 5219 καλ⁴

215 5260 260 5310 aI
285 5259 429 5329 θύραι
456 5256 796 5327 ἀνεῴγησαν.
839 5253 997 5307 Ἀλλά
1031 5254 1189 5306 τοῦτο
1224 5253 1380 5322 μόνον
1413 5252 1501 5306 διά
1523 5253 1610 5305 τὸν
1632 5254 1754 5305 δεσ-

218 5347 478 5412 μοφύλακα
522 5344 781 5411 γέγονεν,
831 5341 892 5394 οὑ
936 5341 1072 5409 πρὸς
1121 5339 1399 5405 ἐπίδειξιν,
1438 5340 1572 5392 ἀλλὰ
1622 5340 1754 5410 πρὸς

216 5434 480 5502 σωτηρίαν.
529 5433 653 5482 Ὀτι
712 5425 820 5498 γὰρ
875 5427 973 5496 οὐκ
1014 5428 1209 5496 ᾔδεσαν
1249 5429 1298 5478 οἱ
1347 5426 1620 5495 δεσμῶται
1673 5429 1754 5482 δτι

213 5518 467 5588 λελυμένοι
507 5518 666 5580 εἰσὶν,
699 5515 856 5584 δῆλον
889 5514 995 5566 ἀπὸ
1031 5513 1132 5582 τῆς
1171 5513 1351 5582 φωνῆς
1403 5513 1638 5565 Παύλου.
1692 5513 1755 5565 Τί

213 5606 308 5676 γὲρ
330 5623 483 5675 φησιν
501 5622 516 5667 ;
555 5601 832 5672 Ἐφιὶἱνησε
849 5602 906 5654 δὲ
927 5603 1075 5670 φωνῇ
1105 5601 1309 5669 μεγάλῃ
1327 5599 1498 5667 λέγων
1519 5618 1531 5630 ο
1555 5599 1758 5667 Μηδὲν

213 5692 419 5759 τιάξῃς
439 5689 673 5754 σεαυτῷ
700 5689 905 5750 καλὸν,
943 5686 1160 5752 πάντες
1185 5684 1292 5753 γάρ
1314 5687 1498 5753 ἐσμεν
1524 5685 1752 5740 ἐνθάδε.

215 5779 314 5830 [Ιύκ
353 5781 412 5832 ἂν
441 5779 496 5830 δὲ
533 5777 734 5837 πάντες
777 5770 912 5844 ἦσαν
945 5773 1112 5834 ἔνδον,
1179 5774 1226 5824 εί
1273 5769 1411 5824 εἶδον
1456 5772 1553 5832 τὰς
1589 5771 1756 5841 θύρας

216 5867 565 5937 ἀνεῳγμένας,
591 5865 686 5916 καὶ
709 5863 930 5924 ἑαυτοὺς
953 5860 1294 5929 λελυμένους.
1328 5861 1388 5911 Οἱ
1420 5858 1524 5928 γὰρ
1548 5860 1754 5928 τοίχους

1823 507 2220 577 διατέμνοντες,
2244 507 2338 560 καὶ
2353 507 2577 576 ὀρόφους
2595 507 2686 556 καὶ
2708 503 2928 574 θριγκία
2951 503 3387 572 ὑπερϐαίνοντες,

1773 635 1776 640 .
1823 596 1913 646 καὶ
1953 595 2127 648 πάντα
2169 593 2472 663 τολμῶντες
2521 592 2660 661 μετά
2696 588 2930 659 δεσμῶν,
2979 589 3077 640 οῦκ
3114 588 3179 640 ἂν
3225 589 3391 656 ἐκαρ-

1819 681 2077 750 τέρησαν,
2103 680 2197 732 καὶ
2227 679 2333 731 τῶν
2355 678 2565 748 δεσμῶν
2585 676 2900 750 λελυμένων
2935 675 3028 728 καὶ
3057 674 3163 726 τῶν
3212 673 3390 744 θυρῶν

1819 767 2210 837 ἀνεῳγμένων,
2257 767 2402 819 ἐνδον
2439 765 2651 836 μένειν,
2698 764 2792 816 καὶ
2832 746 2925 816 τοῦ
2985 761 3391 830 δεσμοφύλακος

1821 857 2171 918 καθεύδοντος
2217 855 2404 912 αὑτοῦ.
2477 855 2624 907 Ἀλλ’
2651 853 2771 905 ἀντὶ⁵
2817 850 3030 918 δεσμῶν
3066 849 3297 920 σιδηρῶν
3321 844 3390 918 ἦν

1821 945 2001 1003 αὐτοῖς
2017 946 2043 996 6
2065 943 2257 1012 δεσμὸς
2268 942 2356 994 τοῦ
2371 940 2558 994 ὕπνου.
2585 939 2681 992 Διά
2692 939 2848 992 τοῦτο
2859 939 3028 1001 οὓτως
3041 935 3386 1007 ᾠκονομήθη,

1820 1030 1960 1082 ὥστε
1999 1031 2092 1082 καὶ
2110 1031 2171 1081 τὸ
2198 1031 2427 1100 πρᾶγμα
2450 1027 2722 1096 γενέσθαι,
2752 1027 2846 1079 καὶ
2873 1024 3141 1094 μηδεμίαν
3163 1022 3269 1076 ἀπὸ
3293 1018 3387 1073 τοῦ

1823 1116 2099 1184 θαύματος
2139 1116 2338 1184 ζημίαν
2384 1114 2656 1184 συμϐῆναι
2697 1112 2775 1182 τῷ
2827 1111 3075 1180 μέλλοντι
3122 1108 3389 1173 σώζεσθαι

1821 1202 2207 1271 δεσμοφύλακι.
2241 1201 2351 1253 Καὶ
2379 1203 2575 1270 ἑτέρως
2599 1200 2654 1251 δέ
2685 1199 2922 1270 μάλιστα
2959 1198 3009 1250 οἱ
3033 1195 3303 1251 δεδεμένοι
3331 1195 3390 1245 ἐν

1821 1290 1974 1342 νυκτὶ
1984 1290 2036 1340 δε
2047 1288 2429 1357 σμοῦνται,ούκ
2447 1286 2719 1355 ἐνὴμέρα.
2736 1285 2889 1339 Μετά
2903 1281 3098 1352 πολλῆς
3115 1277 3204 1334 οῦν
3223 1297 3387 1332 σπου-

1821 1375 1916 1444 δῆς
1933 1372 1998 1444 ἦν
2014 1374 2138 1426 ἰδεῖν
2151 1373 2463 1442 δεδεμένους
2479 1372 2660 1434 πάλιν,
2681 1371 2774 1422 καὶ
2791 1370 3165 1431 καθεύδοντας.
3188 1369 3248 1419 El
3265 1367 3320 1418 δέ
3337 1367 3393 1416 ἐν

1824 1462 2004 1532 ἡμέρᾳ
2027 1461 2240 1528 ἐγένετο
2261 1459 2454 1522 ταῦτα,
2479 1458 2642 1519 πολὺς
2671 1456 2736 1509 ἂν
2757 1459 2970 1524 ἐγένετο
2986 1453 3394 1524 θόρυϐος.Τίνος

1822 1545 1913 1601 οῦν
1937 1548 2119 1600 ἕνεκεν
2145 1547 2238 1599 καὶ
2265 1546 2484 1610 ἐσείσθη
2516 1547 2574 1596 :6
2591 1545 2795 1613 οἴκημα
2819 1562 2834 1610 ;
2865 1544 3024 1595 ’Ὥστε
3050 1541 3394 1608 διαναστῆναι

1823 1636 1912 1687 τὸν
1940 1635 2324 1705 δεσμοφύλακα
2354 1636 2443 1686 ἐπὶ
2476 1633 2572 1704 τὴν
2598 1633 2690 1685 τοῦ
2714 1633 3035 1704 πράγματος
3056 1630 3182 1682 θέαν
3207 1646 3220 1658 ·
3244 1625 3396 1688 οὗτος

1824 1722 1931 1791 γὰρ
1952 1718 2018 1794 ἦν
2042 1723 2188 1788 άξιος
2216 1723 2312 1791 τῆς
2345 1721 2614 1792 σωτηρίας
2647 1721 2824 1787 μόνος.
3122 1732 3126 1735 ·

1897 1916 1968 1966 Σὺ
1990 1915 2045 1967 δέ
2077 1931 2166 1982 μοι
2195 1913 2292 1966 θέα
2322 1913 2418 1982 τῆς
2446 1912 2541 1965 τοῦ
2577 1910 2813 1982 Χριστοῦ
2853 1911 3071 1979 χάριτος
3111 1907 3207 1975 τὴν
3233 1907 3399 1974 ὑπερ-

1757 2047 1764 2052 .
1826 2000 2008 2069 ϐολήν.
2047 2000 2265 2064 Μεταξὺ
2295 2000 2401 2068 γὰρ
2431 1999 2537 2052 τῶν
2567 1999 2778 2052 Παύλου
2804 1997 3015 2065 δεσμῶν
3045 1997 3138 2047 καὶ
3173 1994 3270 2060 τῆς
3301 1989 3398 2043 τοῦ
3467 2032 3478 2040 .

1827 2087 2060 2158 Χριστοῦ
2089 2087 2307 2156 χάριτος
2329 2085 2637 2156 μεμνῆσθαι
2659 2085 2840 2146 καλὸν,
2868 2083 3066 2152 μᾶλλον
3087 2081 3143 2132 δέ
3158 2082 3252 2133 καὶ
3276 2078 3400 2130 ταῦ-

1825 2192 1893 2226 τα
1925 2175 2020 2243 τῆς
2041 2175 2133 2226 τοῦ
2161 2174 2297 2226 Θεοῦ
2332 2174 2549 2244 χάριτός
2577 2175 2744 2226 ἐστιν.
2780 2171 2895 2223 Εἰσί
2929 2187 3073 2231 τινες
3109 2164 3402 2234 ἐγκαλοῦν-

1827 2279 1916 2324 τες
1939 2263 2019 2314 δτι
2047 2262 2276 2330 διεσώθη
2296 2265 2324 2315 6
2353 2260 2713 2330 δεσμοφύλαξ,
2739 2261 2829 2311 καὶ
2849 2259 2986 2327 ὑπὲρ
3007 2251 3079 2309 ὧν
3105 2254 3401 2323 θαυμάζειν

1828 2347 1922 2400 τοῦ
1952 2347 2086 2400 Θεοῦ
2111 2349 2208 2417 τὴν
2241 2347 2642 2417 φιλανθρωπίαν
2687 2345 2877 2414 ἐχρῆν,
2923 2344 3029 2398 ἀπὸ
3059 2341 3263 2393 τούτων
3300 2340 3400 2407 ψέ-

1830 2450 2042 2502 γοντες·
2071 2437 2163 2486 καὶ
2187 2436 2334 2487 οῦδὲν
2351 2433 2681 2502 θαυμαστόν.
2709 2433 2769 2484 Οἱ
2790 2433 2896 2499 γὰρ
2915 2431 3155 2490 ἀσθενεῖς
3173 2425 3402 2479 τοιοῦτοί

1831 2526 1985 2583 εἰσιν,
2043 2525 2090 2575 οἳ
2125 2524 2217 2575 καὶ
2250 2525 2346 2591 τὴν
2379 2523 2683 2590 τρέφουσαν
2717 2521 2923 2588 τροφὴν
2959 2518 3300 2580 κακίζουσιν,
3338 2515 3405 2581 ἢν

1833 2610 2129 2679 θαυμάζειν
2155 2610 2340 2676 ἐχρῆν,
2367 2609 2464 2660 καὶ
2493 2607 2552 2658 τὸ
2578 2607 2696 2675 μέλι
2721 2607 2916 2675 πικρὸν
2943 2600 3079 2655 έίναί
3107 2619 3256 2668 φασι.
3298 2602 3406 2651 Καὶ

1830 2697 1878 2747 οἱ
1925 2695 2360 2764 τυφλώττοντες,
2395 2694 2484 2760 ἀφ’
2516 2685 2576 2744 οῦ
2620 2693 2847 2758 ῶφειλον
2883 2687 3246 2758 φωτίζεσθαι,
3299 2686 3408 2739 ἀπὸ

1831 2781 2018 2834 τούτου
2067 2780 2419 2843 σκοτίζονται.
2483 2780 2540 2831 οῦ
2571 2783 2722 2846 παρά
2770 2779 2867 2847 τὴν
2912 2778 3020 2829 τῶν
3068 2774 3407 2852 πραγμάτων

1835 2869 1994 2938 φύσιν
2024 2868 2227 2921 τούτων
2277 2866 2701 2935 συμϐαινόντων,
2751 2864 2882 2917 ἀλλά
2927 2863 3076 2933 παρά
3118 2862 3215 2930 τὴν
3244 2859 3406 2912 ἀσθέ-

1833 2973 1978 3007 νειαν
2009 2955 2113 3005 τῶν
2145 2956 2221 3015 είς
2252 2953 2367 3006 δέον
2392 2954 2573 3014 αὐτοῖς
2617 2953 2912 3020 κεχρῆσθαι
2966 2951 3039 3017 μὴ
3074 2949 3405 3014 δυναμένων.

1835 3041 1951 3113 [58]
1977 3043 2039 3092 Τί
2057 3038 2146 3093 οῦν
2163 3041 2344 3106 ἔλεγον
2363 3057 2376 3104 ;
2396 3041 2523 3092 Δέον
2545 3039 2837 3112 θαυμάσαι,
2864 3039 2943 3088 δτι
2963 3038 3039 3098 είς
3066 3036 3298 3103 ἐσχάτην
3317 3051 3408 3085 κα-

1836 3128 1958 3181 κίαν
1988 3127 2313 3196 ἐμπεσόντα,
2346 3123 2533 3178 τοῦτον
2566 3118 2698 3187 εἷλε,
2735 3123 2843 3174 νκαὶ
2878 3123 3068 3191 βελτίω
3096 3121 3407 3189 εἰργάσατο,

1836 3216 2050 3282 λέγουσι
2077 3230 2088 3243 ·
2130 3212 2252 3272 Πῶς
2280 3212 2387 3282 γὰρ
2419 3213 2516 3263 οῦκ
2548 3212 2765 3279 ἐνόμισε
2796 3210 2856 3261 τὸ
2892 3210 3122 3278 πρᾶγμα
3155 3208 3409 3275 γοητείας

1838 3298 1975 3353 εἶναι
2017 3301 2110 3352 καὶ
2148 3299 2504 3367 μαγγανείας.
2547 3300 2640 3350 καὶ
2675 3295 2872 3365 μᾶλλον
2917 3295 3112 3356 αὐτοὺς
3152 3294 3406 3357 κατέσχε,

1839 3390 1931 3441 καὶ
1951 3387 2246 3448 ἀνωλόλυξε
2267 3403 2280 3447 ;
2313 3385 2487 3437 Πολλά
2513 3384 2649 3453 1:96;
2670 3383 2825 3435 τοῦτο
2847 3381 3198 3434 συνεϐάλλετο
3222 3396 3234 3408 ·
3263 3378 3409 3446 πρῶ-

1837 3489 1926 3524 τον
1960 3473 2077 3540 μὲν,
2106 3472 2185 3523 δτι
2213 3473 2441 3540 ἤκουσεν
2485 3471 2532 3536 ὑ,
2563 3469 2794 3521 νούντων
2821 3470 2911 3520 τὸν
2936 3467 3066 3518 Θεόν
3091 3482 3101 3492 ·
3132 3467 3230 3518 οὑκ
3259 3464 3321 3516 ἀν
3353 3464 3410 3514 δὲ

1839 3560 2031 3627 γόητες
2047 3558 2315 3618 τοιούτους
2329 3552 2659 3627 ῦμνουςῇδον
2680 3572 2691 3585 ·
2720 3556 2954 3606 ’Ἤκουσε
2970 3553 3077 3620 γὰρ
3093 3551 3288 3611 αὐτῶν,
3310 3567 3408 3617 φη-

1844 3647 1945 3703 σὶν,
1976 3630 2284 3714 ὑμνούντων
2296 3643 2384 3695 τὸν
2405 3643 2558 3695 Θεόν.
2581 3642 2862 3710 Δεύτερον,
2887 3641 2967 3692 δτι
2993 3639 3146 3692 αὐτοὶ
3163 3640 3258 3689 οὐκ
3279 3635 3410 3688 ἀπέ-

1843 3750 2029 3799 φυγον,
2068 3731 2202 3784 ἀλλὰ
2225 3732 2315 3782 καλ
2339 3731 2496 3781 αὐτὸν
2525 3729 2801 3781 ἐκώλυσαν
2835 3727 3036 3793 σφάξαι
3076 3725 3261 3777 ἑαυτόν
3281 3741 3292 3750 ·
3315 3723 3412 3774 οῦκ

1842 3819 1906 3870 ἂν
1931 3819 2009 3880 δὲ,
2045 3819 2092 3869 εί
2126 3817 2331 3869 ἑαυτῶν
2365 3817 2548 3868 ἐνεκεν
2578 3815 2813 3875 ἐποίουν,
2864 3813 3009 3866 ἐνδον
3042 3813 3250 3879 έμενον,
3279 3809 3412 3860 ἀλλά

1845 3907 2140 3976 προτέρους
2167 3907 2231 3958 ἂν
2265 3906 2487 3966 ἑαυτοὺς
2515 3904 2733 3966 ἐξεῖλον.
2763 3902 2941 3969 Πολλὴ
2973 3900 3028 3952 δέ
3058 3899 3234 3952 αὐτῶν
3256 3899 3347 3949 καὶ
3380 3898 3411 3964 ἡ

1846 3993 2252 4063 φιλανθρωπία·
2299 3991 2574 4044 ἐκώλυσαν
2610 3991 2769 4043 αὑτὸν
2822 3987 3018 4055 σφάξαι
3077 3986 3285 4040 ἐαυτὸν.
3324 3984 3415 4034 τὸν

1843 4080 2077 4149 δήσαντα
2098 4079 2311 4141 αὐτοὺς,
2342 4077 2621 4146 μονονουχὶ
2653 4077 2786 4144 1:96;
2809 4075 2970 4125 αὐτὸν
2995 4073 3240 4137 λέγοντες
3264 4088 3274 4100 ·
3302 4070 3414 4122 Με-

1844 4168 1912 4220 τὰ
1945 4166 2142 4233 πολλῆς
2177 4166 2272 4231 τῆς
2299 4164 2592 4230 ἀσφαλείας
2612 4162 2895 4230 ἡσφαλίσω
2923 4163 2999 4217 είς
3019 4161 3112 4226 τὴν
3144 4158 3414 4226 ἐσωτέραν

1851 4252 2025 4322 βαλὼν
2055 4252 2318 4320 φυλακὴν,
2346 4252 2437 4301 καὶ
2467 4249 2677 4319 πικρῶς
2711 4248 2855 4317 ἡμᾶς
2880 4247 3096 4316 ἐδησας,
3132 4245 3218 4296 ἵνα
3252 4244 3414 4312 λυθῇς

1847 4339 2007 4400 αὐτὸς
2034 4338 2141 4390 τῶν
2167 4337 2505 4405 πικροτάτων
2530 4333 2765 4403 δεσμῶν.
2796 4334 3008 4402 Σειραίς
3029 4333 3134 4398 γάρ
3157 4330 3265 4383 τῶν
3295 4332 3417 4381 ἐαυ-

1850 4423 1940 4476 τοῦ
1976 4422 2256 4492 ἀμαρτιῶν
2298 4422 2522 4483 ἕκαστος
2575 4419 2878 4488 σφίγγεται.
2929 4420 3141 4470 Ἐκεῖνα
3175 4418 3271 4486 μέν
3311 4416 3419 4483 γὰρ

1847 4510 2098 4581 ὲπάρατα
2142 4509 2208 4561 τὰ
2245 4508 2440 4577 δεσμὰ,
2476 4507 2648 4558 ταῦτα
2682 4507 2736 4558 δὲ
2782 4504 3045 4575 μακάρια,
3082 4505 3174 4556 καὶ
3223 4503 3417 4569 πολλῆς

1849 4598 2014 4665 εὐχῆς
2040 4596 2178 4660 ἀξια.
2220 4596 2342 4647 Ὅτι
2393 4595 2500 4663 γάρ
2533 4593 2646 4645 λύει
2687 4593 2755 4645 τά
2788 4594 2962 4661 δεσμά
2994 4593 3172 4643 ἐκεῖνα
3223 4589 3416 4649 ταῦτα,

1851 4684 2046 4748 ἔδειξεν
2069 4683 2174 4736 ἀπὸ
2206 4683 2313 4736 τῶν
2340 4681 2629 4750 αἰσθητῶν.
2665 4677 2814 4742 Εἶδες
2853 4680 2977 4740 τοὺς
2998 4679 3074 4748 τῷ
3103 4679 3304 4746 σιδήρῳ
3336 4678 3418 4728 δε-

1850 4771 2104 4839 δεμένους
2145 4770 2432 4834 λυθέντας;
2473 4768 2631 4838 Ὄψει
2662 4770 2752 4820 καὶ
2789 4768 2984 4821 σαυτὸν
3022 4767 3079 4830 ἐξ
3110 4765 3308 4835 ἐτέρων
3339 4764 3420 4815 δε-

1854 4857 2005 4925 σμῶν
2033 4855 2288 4907 ἀνεθέντα
2318 4855 2588 4925 χαλεπῶν.
2628 4853 2809 4905 Ταῦτα
2861 4853 2927 4904 τὰ
2973 4852 3168 4920 δεσμὰ,
3216 4851 3282 4901 τὰ
3314 4849 3423 4900 τῶν

1852 4944 2142 5014 δεσμωτῶν
2187 4943 2348 5008 λέγω,
2407 4945 2466 4994 οὺ
2526 4943 2588 4993 τὰ
2627 4941 2861 5000 Παύλου,
2911 4941 3095 4990 ἐκεῖνα
3152 4938 3216 4989 τά
3250 4936 3422 5004 δεσμά

1855 5040 1996 5089 ποιεῖ
2022 5037 2087 5088 τὰ
2112 5035 2217 5087 τῶν
2243 5034 2546 5104 ἁμαρτιῶν.
2585 5032 2755 5101 Διπλῇ
2786 5028 2924 5100 ἦσαν
2949 5030 3222 5098 δεσμῶται
3251 5029 3300 5080 οἱ
3340 5027 3421 5080 ἑν-

1854 5130 1961 5192 δον,
1987 5125 2081 5180 καλ⁴
2112 5126 2273 5188 αὐτὸς
2312 5124 2597 5193 δεσμώτης
2619 5119 2687 5192 ἦν
2720 5123 2748 5173 6
2786 5120 3151 5191 δεσμοφύλαξ.
3199 5119 3423 5170 Ἐκεῖνοι

1859 5217 1958 5287 μὲν
2007 5219 2115 5286 γὰρ
2164 5215 2367 5284 σιδήρῳ
2397 5215 2654 5276 ἐδέδεντο,
2711 5213 2802 5265 καὶ
2833 5211 3150 5281 ἁμαρτίαις,
3191 5205 3342 5272 οὗτος
3369 5208 3424 5260 δὲ

1855 5307 2148 5376 ἁμαρτίαις
2171 5305 2379 5376 μόναις.
2406 5305 2634 5357 Ἐλυσεν
2658 5303 2899 5364 ἐκείνους
2921 5304 2947 5354 6
2965 5301 3174 5362 Παῦλος
3201 5301 3279 5362 εἰς
3298 5299 3423 5366 πλη-

1859 5399 2117 5468 ροφορίαν
2146 5397 2336 5450 τούτου
2358 5414 2370 5427 ·
2406 5397 2498 5449 καὶ
2525 5399 2632 5465 γὰρ
2658 5391 2724 5464 ἦν
2765 5396 2936 5464 ὁρατά
2960 5393 3028 5445 τά
3054 5393 3250 5461 δεσμά.
3272 5389 3426 5444 Οῦτω

1859 5487 1996 5541 καὶὸ
2029 5486 2257 5554 Χριστὸς
2283 5487 2527 5554 ἐποίησε,
2552 5485 2750 5553 μᾶλλον
2778 5484 2834 5535 δὲ
2855 5481 3243 5551 ἀντιστρόφως.
3281 5480 3428 5531 Ἐκεῖ

1857 5578 2016 5647 διπλῆ
2063 5576 2365 5645 παράλυσις
2389 5573 2476 5647 ἦν.
2514 5574 2644 5628 Ποία
2680 5575 2736 5626 δὲ
2772 5573 2943 5642 αῦτη;
2995 5572 3059 5624 Ἢ
3097 5571 3206 5622 τῶν
3246 5571 3423 5637 ἀμαρ-

1857 5669 2004 5731 τιῶν,
2034 5669 2127 5719 καὶ
2144 5669 2176 5736 ὴ
2194 5667 2285 5719 τοῦ
2317 5667 2586 5735 σώματος.
2611 5665 2676 5719 Τί
2693 5662 2785 5719 οῦν
2803 5665 2976 5726 ποιεῖς
3005 5662 3238 5730 Θάρσει,
3268 5660 3422 5726 φησὶ,

1858 5760 2093 5823 τέκνον,
2126 5760 2420 5827 ἀφέωνταί
2451 5775 2566 5812 σου
2597 5761 2655 5810 ιιι
2689 5758 2987 5826 ἁμαρτίαι.
3022 5755 3296 5823 Προτέραν
3325 5752 3422 5820 τὴν

1865 5853 2031 5915 ὄντως
2069 5851 2369 5922 παράλυσιν
2409 5845 2765 5915 ἕλ’.)σεν,-εἷτα
2817 5849 2907 5901 ἐπὶ
2950 5848 3152 5913 ταύτην
3181 5845 3421 5912 ἔρχεται.
