4108 6312
108 379 156 436 bl
903 370 965 431 ΙΝ
1008 369 1217 432 EPIST.
1265 373 1352 429 AD
1395 369 1631 429 l‘Il‘llES.
1673 369 1822 429 CAP.
1868 369 1952 430 ιν.
1997 376 2220 434 1101111..
2269 375 2400 436 Vill.
3290 374 3361 434 63

106 506 270 549 eorum
287 491 374 561 qui
393 495 546 545 erant
565 490 708 544 intus
726 487 906 541 vincti:
927 487 1040 556 ipse
1058 503 1269 555 quoque
1289 497 1470 541 custos
1491 500 1665 540 carce-

109 582 168 635 ris
183 589 300 635 erat
314 583 544 634 vinctus.
558 578 688 633 Nam
710 577 785 632 illi
809 577 1022 647 quidem
1042 576 1184 632 ferro
1202 578 1364 630 vincti
1394 576 1603 630 fuerant
1617 585 1671 630 et

108 672 346 740 pereatis,
381 671 467 725 hic
492 678 671 723 autem
694 668 827 722 solis
851 667 1103 736 peccatis.
1135 665 1256 720 Illos
1280 666 1435 720 solvit
1454 665 1667 730 Paulus,

107 769 155 810 ut
178 757 244 812 de
269 756 373 811 hoc
404 756 655 810 redderet
678 754 938 808 certiores
964 770 979 817 ;
1012 761 1166 806 erant
1194 753 1338 807 enim
1369 751 1670 821 aspectabi-

103 851 162 904 lia
189 849 421 903 vincula.
452 848 528 901 lta
555 849 716 901 etiam
739 845 866 900 fecit
890 843 1153 909 Christus,
1174 843 1280 896 imo
1307 857 1437 898 vero
1460 851 1669 897 contra.

104 945 197 996 Illic
225 942 416 1012 duplex
446 951 564 997 erat
582 939 857 1010 paralysis.
876 939 1131 1006 Quasnam
1150 945 1326 989 autem
1345 935 1443 989 ea?
1477 933 1672 989 Pecca-

103 1045 260 1087 lorum
285 1041 340 1088 et
368 1033 634 1101 corporis.
666 1031 802 1099 Quid
830 1045 960 1100 ergo
1002 1030 1171 1084 facit?
1214 1027 1446 1096 Con/ide,
1480 1027 1670 1096 inquit,

99 1127 184 1190 ﬁli,
201 1125 526 1178 remittuntur
549 1123 638 1175 tibi
665 1131 868 1190 peccata
896 1119 1112 1191 (Matth.
1144 1119 1198 1175 9.
1223 1119 1305 1190 2).
1336 1119 1486 1174 Prius
1514 1119 1673 1174 solvit

99 1230 202 1270 eam
231 1231 353 1285 qua:
376 1227 505 1269 vere
525 1223 641 1268 erat
667 1212 944 1282 paralysis,
970 1210 1164 1266 deinde
1184 1211 1249 1263 ad
1282 1211 1418 1265 hanc
1443 1208 1668 1264 accedit.

96 1308 309 1375 Quando
327 1307 472 1362 enim
506 1305 724 1372 Quidam
753 1320 815 1358 ex
837 1303 1016 1357 scribis
1047 1301 1280 1356 dicebant
1301 1301 1440 1368 apud
1464 1315 1536 1364 se,
1566 1298 1673 1353 Iste

98 1394 423 1466 blasphemat,
470 1396 632 1450 sciens
684 1393 836 1448 Iesus
881 1408 1053 1448 eorum
1105 1391 1452 1460 cogitationes,
1500 1390 1670 1443 dixit:

99 1488 221 1553 Quid
249 1487 484 1558 cogitatis
508 1485 647 1539 mala
690 1485 744 1538 in
776 1485 1011 1539 cordibus
1038 1485 1214 1538 vestris
1230 1484 1256 1537 .’
1278 1483 1415 1547 Quid
1435 1493 1506 1536 est
1537 1482 1668 1552 faci-

97 1579 182 1630 lius
217 1577 406 1641 dicere,
450 1574 794 1628 Remittuntur
817 1584 904 1627 tua
931 1583 1156 1641 peccata,
1181 1588 1248 1625 an
1287 1572 1476 1637 dicere,
1505 1570 1673 1640 Surge

94 1678 134 1718 et
161 1666 362 1718 ambula
379 1666 406 1718 .’
435 1664 505 1719 Ut
529 1673 698 1718 autem
723 1663 896 1716 sciatis
918 1661 1057 1732 quod
1085 1670 1380 1731 potestatem
1398 1659 1544 1712 liabet
1571 1657 1667 1711 Fi-

95 1757 183 1809 lius
201 1755 419 1808 honrinis
437 1752 725 1806 remittendi
741 1761 948 1822 peccata
971 1752 1022 1803 in
1046 1761 1199 1817 terra,
1224 1750 1346 1801 dicit
1360 1748 1666 1819 paralytico,

95 1847 269 1916 Surge,
317 1856 363 1900 et
396 1845 519 1898 tolle
554 1843 736 1898 lectum
765 1852 930 1908 tuum,
973 1851 1020 1896 et
1048 1841 1175 1895 vade
1208 1842 1260 1895 in
1286 1841 1494 1894 domum
1529 1849 1668 1893 tuam

93 1936 207 2006 (td.
230 1951 280 1990 υ.
307 1935 408 1990 3-6
433 1935 477 2005 ).
506 1934 584 1989 Ex
613 1935 713 1988 hoc
739 1931 882 2003 quod
909 1941 994 1987 est
1019 1931 1236 1994 sensile,
1265 1929 1597 1985 conﬁrmavit
1615 1928 1692 2003 id

90 2027 246 2098 quod.
269 2027 412 2082 cadit
451 2027 555 2081 sub
593 2025 1021 2095 intelligentiam,
1063 2031 1121 2078 ut
1159 2023 1252 2094 qui
1294 2036 1361 2077 ex
1401 2020 1667 2092 corporali

92 2117 274 2172 fecerit
314 2115 365 2171 id
391 2116 534 2186 quod
580 2126 666 2171 est
713 2115 766 2170 in
789 2116 989 2169 anima.
1030 2115 1136 2170 Cur
1164 2123 1343 2169 autem
1373 2113 1476 2167 hoc
1503 2112 1670 2168 fecit?

93 2206 153 2261 Ut
180 2206 496 2277 impleretur
514 2205 656 2276 quod
677 2204 880 2260 dictum
907 2213 1017 2270 est,
1048 2204 1204 2259 Serve
1230 2220 1464 2278 nequam,
1491 2217 1556 2258 ea:
1582 2191 1670 2257 ore

91 2311 171 2352 tuo
192 2309 241 2353 te
260 2299 446 2369 judico
475 2297 626 2367 (Luc.
659 2295 747 2352 19.
775 2296 892 2364 22).
916 2295 1052 2363 Quid
1081 2295 1154 2349 illi
1187 2295 1436 2350 dixerunt
1457 2295 1482 2348 ‘l
1503 2294 1670 2351 Nemo

94 2397 260 2456 potest
307 2389 584 2442 remittere
624 2397 840 2455 peccata
871 2385 971 2440 nisi
1000 2384 1150 2440 solus
1179 2385 1338 2450 Deus,
1369 2397 1543 2454 neque
1566 2398 1668 2437 an-

93 2480 254 2545 gelus,
285 2492 462 2548 neque
483 2475 854 2546 archangelus,
887 2491 1059 2546 neque
1082 2474 1186 2529 alia
1211 2483 1448 2545 potestas
1466 2482 1664 2529 creata.

95 2567 191 2621 Vos
232 2568 338 2622 hoc
363 2566 598 2622 confessi
640 2567 798 2620 estis.
826 2564 963 2632 Quid
993 2579 1124 2635 ergo
1147 2572 1419 2634 oporteret
1442 2563 1668 2619 dicere?

91 2657 140 2710 Si
159 2665 432 2712 ostensum
461 2655 623 2710 fuerit
650 2655 790 2726 quod
817 2655 969 2710 solvo
996 2663 1235 2724 peccata,
1265 2655 1442 2725 palam
1468 2663 1554 2709 est
1582 2668 1670 2708 me

90 2764 203 2802 e~se
236 2750 435 2804 Deum.
480 2749 551 2803 At
589 2763 697 2803 non
745 2747 823 2802 sic
862 2747 1018 2812 dixit,
1060 2746 1154 2800 sed
1200 2747 1367 2816 quid?
1397 2745 1466 2802 Ut
1495 2747 1670 2801 sciatis

91 2839 218 2905 quod
243 2837 413 2892 Filius
438 2826 659 2892 hominis
685 2837 834 2892 liabet
861 2846 1154 2907 potestatem
1195 2854 1346 2906 super
1373 2847 1559 2891 terram
1583 2854 1668 2892 re-

91 2929 317 2983 mittends'
356 2938 583 2999 peccata,
634 2938 754 2980 tunc
780 2927 903 2980 dicit
931 2926 1233 2997 paralytico,
1266 2925 1455 2997 Surge,
1477 2938 1523 2980 et
1547 2927 1666 2981 tolle

91 3023 265 3074 lectum
316 3030 476 3086 tuum,
517 3028 564 3073 et
593 3019 717 3073 eode
752 3018 804 3072 in
834 3019 1040 3072 domum
1077 3028 1237 3070 tuoin.
1265 3017 1491 3084 Quando
1516 3033 1665 3087 ergo,

93 3111 278 3179 inquit,
301 3108 444 3180 quod
462 3107 825 3164 estdifiicilius
842 3109 1038 3170 fecero,
1063 3108 1237 3177 palam
1254 3117 1336 3162 est
1355 3107 1424 3162 de
1446 3121 1515 3161 eo
1527 3108 1669 3176 quod

93 3211 172 3253 est
188 3199 346 3254 facile
369 3198 571 3253 nullam
595 3197 825 3268 relinqui
854 3197 1354 3252 contradictionem.
1379 3197 1667 3266 Propterea

95 3294 180 3348 ille
208 3293 360 3362 prius
385 3291 515 3348 fecit
538 3291 590 3346 id
614 3292 754 3362 quod
782 3292 924 3347 cadit
951 3293 1052 3347 sub
1079 3293 1503 3364 intelligentiam,
1532 3307 1669 3363 quo-

93 3386 230 3439 niam
260 3384 413 3439 multi
440 3394 597 3439 erant
629 3383 718 3453 qui
747 3383 1227 3439 contradicebant:
1269 3384 1360 3438 hic
1389 3394 1568 3438 autem
1600 3381 1670 3437 ab

93 3489 155 3528 eo
199 3475 344 3544 quod
383 3475 529 3529 cadit
573 3473 672 3529 sub
712 3473 1142 3543 intelligentiam,
1170 3471 1374 3543 redegit
1401 3473 1574 3544 ipsum
1601 3472 1667 3528 ad

93 3568 308 3623 sensile.
338 3566 598 3622 Levitatis
625 3579 756 3636 ergo
803 3579 910 3620 non
939 3574 1054 3620 erat
1078 3564 1232 3620 iides.
1263 3563 1406 3619 Vidit
1438 3565 1666 3631 vinctos,

93 3669 143 3712 et
184 3657 315 3712 nihil
359 3657 487 3712 mali
529 3655 665 3710 vidit
703 3669 803 3710 nec
844 3654 1014 3710 audiit
1059 3671 1074 3705 :
1123 3654 1257 3710 vidit
1288 3655 1339 3711 id
1372 3669 1476 3710 non
1505 3655 1672 3712 fuisse

93 3749 287 3803 tactum
329 3747 616 3820 pra-stigiis
653 3755 710 3801 et
757 3746 1158 3812 incantatione;
1191 3747 1356 3802 Deum
1384 3749 1526 3804 enim
1556 3748 1671 3802 lau-

93 3839 285 3891 dabant
315 3856 329 3892 :
373 3837 504 3892 vidit
526 3836 706 3890 omnia
749 3836 884 3891 facta
902 3851 1021 3892 esse
1042 3851 1106 3892 ex
1130 3838 1293 3894 multa
1318 3839 1678 3906 humanitate;

95 3944 195 3982 non
214 3928 358 3982 enim
387 3928 483 3981 ulti
511 3936 659 3991 sunt,
691 3928 792 3982 etsi
814 3935 1081 3997 poterant.
1106 3926 1361 3983 Poterant
1384 3929 1526 3983 enim
1558 3931 1674 3984 vin-

94 4021 192 4075 ctis
215 4021 405 4074 solutis
430 4019 581 4073 abire
605 4035 619 4083 ;
648 4018 693 4073 si
719 4034 825 4072 non
856 4019 1070 4085 vinctis,
1095 4019 1289 4075 saltem
1315 4022 1545 4092 seipsis;
1577 4024 1671 4080 sed

94 4126 196 4164 non
227 4110 489 4165 fecerunt.
506 4108 886 4176 Quamobrem
908 4123 1029 4178 eum
1056 4119 1180 4163 sunt
1201 4111 1438 4176 reveriti,
1458 4127 1564 4166 non
1586 4128 1674 4169 so-

97 4201 200 4252 lum
221 4199 293 4252 ob
318 4197 652 4262 miraculum,
668 4198 761 4253 sed
783 4198 945 4253 etiam
964 4199 1034 4253 ob
1054 4214 1254 4255 mores.
1274 4201 1553 4268 Quomodo
1575 4219 1673 4259 ex-

93 4289 370 4343 clamavit!
400 4287 544 4343 Voce
571 4289 760 4357 magna
787 4287 994 4356 dicens,
1025 4288 1175 4344 Nihil
1202 4291 1293 4344 tibi
1321 4293 1447 4346 mali
1472 4294 1672 4364 feceris;

92 4397 261 4434 onum
287 4381 422 4433 enim
449 4380 531 4432 hic
559 4394 751 4433 sumus.
790 4378 950 4435 Vides
981 4380 1120 4435 inani
1145 4383 1313 4452 gloria
1340 4395 1395 4438 et
1417 4384 1552 4441 fastu
1582 4402 1672 4441 va-

92 4487 268 4534 cuum,
296 4485 480 4525 amore
501 4468 820 4525 ferventem.
852 4470 968 4524 Non
995 4471 1146 4537 dixit,
1180 4473 1407 4540 Pmpter
1433 4491 1530 4532 nos
1559 4477 1675 4534 lucc

93 4565 221 4618 facta
245 4573 389 4626 sunt,
415 4561 511 4618 sed
543 4568 790 4632 tanquam
819 4578 957 4616 unus
983 4578 1052 4618 ex
1082 4564 1271 4620 vinctis
1290 4566 1455 4621 dicit:
1489 4569 1674 4626 Omnes

90 4656 221 4708 enim
265 4655 349 4707 hic
375 4670 568 4708 sumus.
611 4653 772 4721 Atqui
806 4655 1014 4709 etiamsi
1044 4671 1147 4709 non
1176 4658 1346 4726 prius,
1375 4674 1549 4730 neque
1580 4677 1674 4731 per

91 4746 406 4801 miraculum
453 4760 512 4800 se
553 4745 855 4809 solvissent,
896 4757 952 4801 at
989 4747 1067 4801 eis
1112 4747 1351 4804 licuisset
1391 4750 1587 4818 facere,
1618 4763 1675 4809 et

89 4851 277 4892 omnes
324 4837 483 4892 etiam
526 4836 732 4890 vinctos
762 4836 990 4892 solvere.
1028 4837 1083 4892 Si
1111 4840 1254 4894 enim
1286 4841 1584 4910 siluissent,
1617 4855 1672 4901 et

90 4945 192 4983 non
237 4947 338 5000 per
380 4949 628 5002 magnam
681 4948 868 4989 vocem
905 4935 1022 5004 ejus
1067 4953 1254 4992 manus
1281 4938 1669 5009 cohibuissent,

89 5037 180 5087 per
200 5032 388 5091 guttur
403 5038 590 5078 ensem
615 5023 1046 5095 transadegisset.
1074 5026 1366 5096 Propterea"
1382 5031 1542 5086 etiam
1563 5034 1672 5087 cla-

88 5113 268 5178 mavit,
301 5114 555 5182 quoniam
583 5113 638 5167 in
682 5114 988 5170 interiorem
1039 5131 1311 5172 carcerem
1340 5129 1456 5174 erat
1483 5121 1668 5188 conje-

85 5209 197 5255 ctus
222 5218 236 5254 :
258 5201 462 5256 Contra
493 5211 567 5268 te,
597 5202 786 5272 inquit,
813 5204 914 5258 hoc
944 5203 1143 5270 fecisti,
1173 5206 1393 5261 interius
1415 5209 1671 5278 conjectis

87 5290 146 5342 iis
183 5291 275 5356 qui
323 5302 376 5346 te
404 5299 560 5347 erant
605 5291 878 5348 liberaturi
919 5310 949 5348 a
980 5297 1240 5364 periculo.
1272 5297 1376 5352 Sal
1408 5314 1514 5354 non
1545 5311 1669 5355 sunt

86 5383 270 5438 imitati
300 5400 427 5454 qua:
454 5384 523 5438 ab
562 5384 654 5439 illo
683 5384 821 5440 facta
851 5385 1084 5443 fuerant.
1119 5387 1215 5442 Illo
1243 5399 1420 5445 autem
1453 5403 1667 5448 mortuo

83 5489 267 5528 omnes
297 5474 641 5545 ell'ugissent.

147 5563 198 5618 5.
231 5563 428 5619 Vidisti
447 5565 593 5634 quod
621 5566 911 5622 maluerint
939 5582 1061 5623 esse
1088 5569 1250 5625 vincti
1272 5613 1286 5637 ,
1331 5588 1488 5642 quam
1519 5575 1664 5632 illum

85 5669 396 5722 pereuntem
424 5658 725 5729 despicere.
769 5661 922 5731 Apud
946 5678 1007 5718 se
1037 5663 1157 5720 ideo
1182 5667 1428 5736 cogitavit
1456 5688 1468 5720 :
1496 5669 1550 5724 Si
1581 5688 1663 5725 es-

84 5758 194 5803 teut
235 5751 660 5823 pmstigiatorcs
681 5791 698 5821 ,
722 5761 868 5810 certe
902 5763 958 5811 et
983 5754 1104 5814 illos
1147 5758 1455 5829 solvissent,
1486 5772 1542 5818 ct
1570 5779 1656 5820 sc-

1778 487 1923 554 ipsos
1948 487 2262 545 liberassent
2289 508 2316 546 a
2340 494 2592 562 vinculis;
2632 507 2714 553 est
2735 502 2877 557 enim
2911 509 3198 570 verisimile
3225 521 3365 573 mulo

1780 588 1866 631 tos
1887 594 2099 666 quoque
2121 581 2254 636 tales
2277 583 2440 640 fuisse
2460 588 2703 656 injectus.
2732 595 2978 665 Alioquin
3010 613 3185 659 autem
3208 625 3365 670 ,cum

1777 681 1920 736 szepe
1949 671 2243 740 accepisset
2276 676 2726 746 prmstigiatores,
2775 695 2828 738 et
2860 687 2989 743 nihil
3031 693 3137 749 tale
3165 695 3366 755 faictnm

1776 771 1896 812 esse
1926 759 2166 826 videret,
2199 765 2418 820 miratus
2449 779 2549 821 est.
2587 771 2948 845 Prmstigiator
2990 797 3095 836 non
3136 800 3365 845 concus-

1777 849 1938 904 sisset
1966 851 2310 910 fundamenta
2349 861 2617 927 carceris,
2659 875 2715 917 ut
2750 864 2867 935 ejus
2896 874 3174 930 custodem
3218 883 3364 935 exci-

1779 949 1935 1006 taret,
1975 951 2029 998 et
2058 945 2294 1002 efliceret
2338 959 2395 1004 ut
2441 952 2544 1006 sibi
2589 953 2708 1026 fuga
2752 970 2896 1014 esset
2935 962 3226 1024 difficilior.
3257 973 3367 1027 Sed

1772 1030 2185 1128 jam‘videamns
2211 1037 2369 1092 fidem
2398 1042 2638 1098 cnstodis
2666 1033 2924 1104 carceris.
2957 1044 3146 1121 Petita,
3175 1058 3364 1128 inqttit.

1776 1121 1967 1177 lumine
1995 1125 2329 1196 introyressus
2359 1141 2433 1184 est
2456 1174 2470 1196 ,
2501 1143 2547 1186 et
2572 1143 2896 1208 tremefactus
2934 1147 3149 1212 procidit
3199 1121 3369 1207 Paulo

1776 1223 1822 1268 et
1850 1214 1982 1307 ‘S‘ilat
2002 1219 2070 1269 ad
2089 1221 2270 1286 pedes;
2297 1231 2343 1274 et
2373 1225 2654 1289 producens
2680 1245 2766 1284 eos
2793 1231 2931 1299 {oras
2956 1236 3106 1303 dixit,
3140 1239 3366 1307 Domini,

1775 1303 1898 1402 quid
1914 1321 1991 1359 me
2018 1319 2213 1402 Oportet
2235 1315 2420 1402 facere,
2449 1307 2504 1366 ut
2528 1317 2697 1370 salvus
2711 1320 2989 1391 ﬁam(Act.
3017 1327 3102 1381 16.
3126 1328 3214 1384 29.
3245 1303 3368 1402 30)i

1777 1393 1954 1464 ignem
1990 1398 2206 1452 tenebat
2233 1410 2286 1453 et
2305 1397 2549 1471 gladium
2570 1446 2584 1468 ,
2617 1416 2670 1459 et
2697 1409 2844 1476 dicit,
2879 1411 3103 1479 Domini,
3137 1421 3260 1486 quid
3289 1393 3368 1476 me

1775 1494 1971 1551 Oportet
1997 1489 2164 1555 facere
2182 1530 2198 1553 ,
2238 1499 2289 1542 at
2314 1491 2485 1547 salvus
2513 1495 2634 1561 [iam
2654 1498 2680 1550 .’
2708 1498 2773 1551 At
2794 1499 2871 1554 illi
2893 1503 3130 1560 dixerunt
3163 1525 3181 1562 :
3204 1509 3365 1567 Crede

1775 1574 1828 1627 in
1877 1573 2150 1630 Dominum
2177 1579 2354 1634 Jesuut
2377 1620 2395 1646 ,
2435 1593 2483 1637 et
2524 1587 2700 1641 salvus
2745 1591 2844 1644 eris
2873 1603 2947 1658 tu,
2979 1605 3028 1648 et
3052 1596 3234 1654 damus
3276 1613 3366 1656 tua

1777 1662 1883 1736 (lb.
1918 1681 1965 1718 υ.
1997 1667 2109 1737 51).
2145 1669 2255 1723 lloc
2285 1686 2390 1725 non
2416 1684 2519 1740 esr,
2553 1675 2742 1746 inquit,
2769 1684 3238 1754 prmstigiatorum,
3258 1693 3366 1749 tale

1775 1755 2049 1812 decretum
2085 1761 2295 1817 tradere
2325 1782 2337 1816 :
2384 1780 2644 1835 nusquam
2675 1768 2763 1826 hic
2793 1776 3048 1832 memoria
3078 1778 3359 1838 daemonis.

1778 1846 1936 1901 Vides
1966 1866 2125 1919 quam
2167 1855 2236 1906 sit
2262 1854 2350 1908 ille
2377 1855 2570 1926 dignus
2597 1859 2688 1928 qui
2716 1860 2807 1916 fiat
2834 1865 3051 1921 salvus?
3078 1869 3212 1926 Nam
3237 1887 3362 1929 cum

1775 1936 1994 1995 vidisset
2021 1943 2360 2012 miraculum,
2390 1955 2445 2002 et
2474 1958 2618 2004 metu
2647 1963 2790 2007 esset
2821 1954 3077 2013 liberatus
3097 2001 3111 2026 ,
3145 1978 3250 2019 nua
3280 1971 3366 2021 est

1773 2027 1972 2083 oblitus
1999 2047 2186 2089 eorum
2221 2052 2341 2105 qua:
2371 2048 2527 2092 erant
2564 2042 2940 2111 conducibilia,
2969 2050 3064 2104 sed
3101 2051 3153 2105 in
3180 2069 3248 2108 eo
3269 2071 3362 2125 pe-

1774 2119 1944 2174 riculo
1987 2136 2171 2178 curam
2217 2128 2476 2195 gerebant
2511 2132 2698 2186 salutis
2735 2136 2950 2203 animae,
2975 2149 3029 2195 et
3050 2119 3284 2201 accessit
3295 2147 3363 2202 ad

1774 2208 2025 2285 doctores
2054 2214 2121 2267 ita
2145 2223 2202 2269 ut
2226 2219 2470 2286 oportuit
2492 2222 2787 2290 accedere;
2825 2236 2881 2281 et
2908 2232 3139 2298 procidit
3169 2236 3234 2288 ad
3265 2253 3362 2290 co-

1773 2314 1891 2360 rum
1922 2302 2104 2369 pedes.
2139 2303 2206 2358 Et
2233 2307 2426 2377 loquult'
2447 2322 2586 2378 sunt,
2612 2314 2806 2384 inquit,
2829 2319 2875 2371 ei
2904 2323 3104 2386 verbum
3135 2323 3357 2392 Domini,

1772 2401 1821 2442 et
1847 2393 2076 2448 omnibus
2101 2395 2355 2465 quierant
2379 2399 2431 2452 in
2459 2401 2610 2456 domo
2637 2405 2771 2474 ejus.
2802 2406 2869 2460 Et
2888 2411 3067 2466 tollens
3086 2431 3170 2467 eos
3191 2416 3241 2468 in
3272 2418 3364 2471 illa

1775 2487 1938 2546 nocte,
1967 2485 2087 2538 lavit
2113 2487 2293 2558 plagas
2318 2503 2588 2572 eorum‘et
2612 2495 2901 2564 baptizatus
2913 2513 2983 2556 est
3001 2505 3109 2570 ipse
3131 2517 3179 2560 et
3198 2512 3364 2564 omnis

1773 2576 1886 2643 ejus
1912 2575 2093 2632 domus
2120 2583 2359 2635 continua
2384 2583 2544 2653 (Ibid.
2596 2602 2643 2642 υ.
2671 2589 2760 2644 52.
2790 2591 2900 2663 33).
2938 2594 3099 2650 Vides
3125 2600 3221 2653 viri
3253 2601 3364 2656 [οι-α

1773 2670 2000 2722 vorem?
2022 2669 2136 2759 Non
2163 2672 2390 2738 distulit,
2424 2691 2530 2731 non
2559 2679 2715 2746 dixit,
2743 2681 2860 2737 Fiat
2887 2685 3028 2754 dies,
3061 2688 3362 2759 videamus,

1774 2757 2210 2848 consideremus;
2241 2765 2340 2822 sed
2386 2783 2581 2839 magno
2629 2772 2838 2830 fervore
2885 2787 2941 2831 et
2989 2778 3103 2848 ipse
3151 2789 3206 2837 et
3253 2757 3362 2843 tota

1776 2847 1891 2942 ejus
1916 2850 2109 2942 doinus
2146 2852 2246 2909 fuit
2279 2856 2546 2926 baptizata
2577 2878 2591 2914 :
2622 2876 2728 2916 non
2773 2875 2954 2921 autem
2988 2847 3045 2922 ut
3071 2887 3214 2927 nunc
3244 2874 3364 2942 plu-

1776 2939 1895 3034 rimi
1923 2940 2225 3010 despiciunt
2243 2954 2295 3000 et
2320 2961 2509 3003 servos
2533 2961 2586 3004 et
2610 2967 2806 3007 uxores
2832 2971 2896 3011 ac
2928 2957 3126 3014 liberos
3163 2939 3364 3034 myste-

1772 3028 1869 3082 riis
1901 3045 2008 3084 non
2055 3031 2312 3089 initiatos.
2346 3035 2476 3092 Sitis
2499 3078 2513 3102 ,
2547 3055 2679 3110 rugo
2701 3082 2718 3107 ,
2765 3053 2825 3096 ut
2851 3056 3033 3101 custos‘
3080 3028 3357 3111 carceris:

1774 3134 1880 3172 non
1901 3122 2217 3178 auctoritate
2239 3125 2383 3194 dico,
2403 3128 2500 3184 sed
2518 3129 2781 3189 instituto.
2809 3135 2948 3204 Quid
2973 3140 3115 3194 enim
3145 3146 3364 3211 prodest

1773 3213 2084 3278 auctoritas,
2115 3215 2160 3268 si
2189 3217 2437 3274 voluntas
2479 3231 2534 3274 et
2562 3223 2861 3280 institutum
2894 3228 2964 3282 sit
2995 3231 3364 3291 inibi-cilium?

1773 3299 1962 3372 Papae!
2015 3305 2104 3374 qui
2135 3317 2262 3360 erat
2289 3309 2523 3364 crudelis
2549 3353 2564 3377 ,
2592 3315 2682 3382 qui
2727 3313 2947 3372 immitis
2967 3360 2982 3385 ,
3012 3322 3102 3391 qui
3150 3324 3364 3383 vivebat

1773 3407 1893 3447 cum
1919 3394 2403 3454 malishominibns
2433 3400 2933 3475 immmerahilibus,
2959 3411 3050 3480 qui
3082 3413 3184 3469 hoc
3213 3432 3362 3472 sem-

1775 3497 1870 3552 per
1899 3483 2276 3560 meditabatur,
2310 3484 2446 3545 adeo
2488 3492 2775 3563 humanus,
2815 3499 2952 3556 adeo
2982 3504 3241 3560 sollicitus
3269 3525 3361 3565 re-

1776 3583 1936 3641 pente
1961 3577 2163 3632 evasitl
2195 3578 2364 3645 Lavit,
2397 3581 2597 3652 inquit,
2637 3586 2815 3657 plagas
2843 3606 3037 3646 eorum.
3059 3595 3362 3656 "Considera

1777 3681 1960 3723 rursus
1986 3669 2147 3724 etiam
2181 3671 2326 3725 Pauli
2369 3675 2634 3731 fervorem
2666 3695 2679 3730 :
2708 3681 2936 3746 vinctus,
2966 3685 3263 3755 ﬂagellaltts
3288 3693 3362 3747 ita

1772 3761 2189 3830 evangelizabat.
2238 3762 2283 3818 Ο
2330 3765 2538 3820 beatam
2582 3772 2864 3826 catenam!
2905 3775 3079 3843 qualis
3127 3778 3227 3833 fuit
3274 3781 3363 3837 illa

1777 3858 1936 3904 nocte
1964 3850 2081 3921 ejus
2121 3854 2438 3922 parturitio?
2482 3859 2668 3924 quales
2709 3863 2914 3930 peperit
2965 3864 3138 3920 ﬁlius?
3179 3869 3252 3926 De
3297 3874 3363 3929 iis

1775 3941 1879 3997 diei
1912 3952 2088 4013 potest
2118 3963 2132 3999 :
2160 3946 2306 4012 Quos
2332 3950 2490 4018 genui
2522 3951 2572 4004 in
2602 3952 2738 4006 meis
2764 3953 3006 4010 vinculis.
3039 3957 3199 4014 Vides
3224 3979 3358 4032 quo-

1778 4035 1936 4089 modo
1962 4038 2214 4102 exsultet,
2243 4048 2296 4092 et
2328 4039 2449 4097 vult~
2483 4039 2620 4096 filios
2645 4083 2661 4107 ,
2690 4042 2780 4112 qui
2809 4045 2919 4098 nati
2959 4057 3089 4102 sunt
3121 4065 3185 4104 ex
3233 4052 3358 4119 hoc,

1775 4139 1897 4181 esse
1920 4126 2351 4195 splendidiores?
2382 4128 2531 4184 vides
2558 4131 2889 4188 vinculorum
2915 4145 3110 4205 quanta
3149 4140 3218 4196 sit
3261 4157 3363 4212 po.

1779 4217 1964 4282 tentia,
1987 4233 2108 4271 cum
2139 4232 2243 4272 non
2275 4218 2449 4274 solum
2477 4235 2600 4275 eum
2622 4222 2710 4291 qui
2735 4232 2818 4278 est
2844 4225 2950 4293 illis
2978 4227 3361 4298 circumdams,

1779 4307 1874 4362 sed
1894 4308 2055 4362 etiam
2081 4323 2177 4364 eos
2218 4325 2354 4379 quos
2395 4310 2487 4366 ille
2526 4326 2594 4366 eo
2621 4320 2862 4383 tempore
2902 4319 3144 4387 peperit,
3176 4323 3369 4379 reddat

1779 4396 2208 4466 splendidiores?
2233 4398 2442 4454 Habent
2468 4401 2670 4472 aliquid
2697 4403 2924 4474 amplius
2947 4446 2960 4470 ,
2988 4408 3077 4476 qui
3107 4410 3214 4463 nati
3237 4424 3366 4468 sunt

1778 4487 1832 4542 in
1855 4487 2080 4543 vinculis
2097 4487 2245 4542 Pauli
2280 4505 2297 4545 :
2323 4498 2433 4544 non"
2450 4489 2572 4546 dico
2597 4489 2650 4546 in
2669 4495 2874 4562 gratia;
2899 4504 2982 4550 est
3007 4499 3151 4552 enim
3173 4502 3364 4557 eadem

1776 4580 1975 4648 gratia;
2008 4593 2106 4634 nec
2133 4578 2188 4634 in
2218 4578 2567 4646 remissione;
2610 4592 2694 4637 est
2720 4584 2865 4639 enim
2891 4585 3081 4642 eadem
3120 4593 3361 4648 omnium

1778 4668 2024 4724 remissio
2053 4685 2066 4721 :
2094 4668 2190 4724 sed
2210 4669 2397 4738 quoda
2417 4672 2694 4741 protemiis
2714 4674 2977 4730 docentur
3003 4677 3072 4732 de
3097 4680 3363 4749 ejus-modi

1779 4757 1941 4813 rebus
1968 4758 2138 4813 laetari
2166 4769 2222 4814 et
2247 4760 2538 4818 exsultare.
2572 4759 2642 4816 Et
2685 4764 2901 4831 tollens,
2945 4768 3158 4835 inquit,
3188 4789 3271 4826 eos
3311 4775 3366 4829 in

1778 4851 1870 4903 illa
1896 4852 2022 4904 liora
2043 4851 2202 4904 noctis
2226 4891 2241 4916 ,
2291 4850 2410 4905 lavit
2440 4853 2619 4924 plagas
2646 4870 2842 4920 eorum,
2873 4867 2920 4910 et
2950 4859 3237 4930 baptizatus
3268 4858 3363 4920 est.

1781 4943 1856 4998 De
1881 4954 2078 4998 caetero
2105 4953 2302 5014 autem,
2331 4943 2452 4999 vide
2494 4945 2725 5000 fructum
2760 4967 2773 5002 :
2805 4964 2903 5018 pro
2932 4950 3000 5005 iis
3025 4955 3207 5008 statim
3237 4957 3363 5011 red-

1777 5033 1912 5088 didit
1938 5035 2194 5090 carnalia.
2218 5036 2442 5106 Cumque
2467 5038 2821 5106 perduxisset,
2857 5042 3049 5114 inquit,
3079 5061 3164 5101 eos
3189 5049 3240 5101 in
3270 5051 3363 5102 do-
3430 5057 3436 5062 '

1777 5140 1916 5177 muni
1943 5140 2110 5189 suain,
2139 5125 2313 5179 statim
2327 5129 2568 5197 apposuit
2596 5130 2668 5184 eis
2695 5147 2918 5186 mensam
2943 5175 2958 5198 ,
2989 5144 3035 5190 et
3063 5137 3263 5194 lctatus
3291 5153 3362 5197 est

1775 5224 2030 5292 cum’tota
2069 5216 2218 5270 domo
2246 5218 2382 5289 quod
2410 5219 2702 5274 credidisset
2737 5221 2861 5275 Deo.
2900 5224 3036 5290 Quid
3065 5226 3209 5282 enim
3254 5246 3365 5287 non

1774 5314 1890 5360 erat
1917 5307 2152 5360 facturus
2170 5345 2186 5371 ,
2215 5309 2349 5362 ωειο
2389 5311 2437 5363 ei
2469 5319 2658 5377 aperto
2686 5325 2781 5380 pt'r
2810 5313 3144 5381 apertionem
3166 5318 3366 5386 janua-

1777 5412 1896 5451 rum
1923 5398 2196 5464 carceris?
2227 5398 2379 5452 Lavit
2404 5398 2704 5464 ductorem,
2735 5417 2974 5458 mensam
3003 5410 3272 5479 apposuit,
3305 5423 3362 5467 ct

1774 5490 2077 5544 exsultavit.
2113 5490 2352 5560 lngressa
2380 5502 2464 5545 est
2492 5493 2541 5544 in
2567 5509 2839 5547 carcerem
2870 5505 3059 5550 catena
3090 5498 3237 5554 Pauli
3263 5543 3278 5565 ,
3308 5515 3362 5559 et

1773 5596 2124 5651 quaicumque
2150 5582 2260 5636 illic
2279 5594 2428 5636 erant
2453 5583 2577 5638 fecit
2603 5585 2906 5650 ecclesiam,
2937 5598 2992 5640 et
3017 5577 3216 5644 Christi
3237 5607 3359 5647 cor-

1777 5688 1871 5741 pus
1901 5687 2087 5727 omnes
2118 5673 2262 5739 fecit,
2290 5683 2344 5727 et
2371 5689 2611 5727 mensam
2637 5677 2883 5744 apposuit
2910 5680 3241 5746 spiritualem
3259 5724 3274 5749 ,
3305 5697 3358 5740 et

1775 5781 1873 5820 cos
1895 5767 2050 5821 funus
2077 5777 2159 5822 est
2186 5768 2369 5822 enixus
2399 5767 2590 5836 quibus
2619 5770 2847 5839 gaudent
2877 5775 3070 5841 angeli.
3109 5775 3245 5830 Num
3275 5785 3353 5832 tc-
