4108 6312
747 329 816 386 es
1488 325 1547 380 s.
1576 320 1852 379 JOANNIS
1888 311 2358 374 enavsosront
2383 310 2699 367 Alltlllllﬁl'.
2740 311 3270 373 CONSTANTINOP.
3931 331 3982 389 ο,

752 456 900 495 mere
939 440 1182 495 dicebam
1220 452 1488 494 carcerem
1529 453 1649 492 esse
1688 436 1819 490 cazlo
1864 426 2320 502 splendidiorem?

750 531 880 600 Ejus
924 531 1065 584 enim
1106 530 1379 600 quieillic
1422 536 1506 584 cst
1546 528 1739 582 Ιιριὶιίιιε
1790 525 1878 578 hic
1917 523 2014 578 fuit
2059 536 2238 575 causa.
2266 520 2320 585 Si

745 622 889 675 enim
922 630 1138 689 propter
1174 636 1334 673 umnn
1385 629 1717 688 peccatorem
1760 614 2323 683 panitentianragen-

745 722 851 764 tem
894 710 1144 780 gaudium
1176 709 1258 765 est
1298 710 1348 762 in
1381 708 1528 762 czelis
1559 706 1709 777 (Luc.
1743 705 1827 759 l5.
1859 705 1916 773 7)
1947 722 1959 757 :
1989 704 2033 757 si
2080 702 2168 755 ubi
2214 701 2323 754 dno

743 811 867 854 sunt
893 803 1196 870 congregati
1228 800 1278 852 in
1311 798 1526 853 nomine
1554 797 1699 865 ejus,
1733 796 1837 849 illic
1875 806 1953 847 est
1982 793 2226 848 Christus
2268 791 2319 844 in

744 891 922 945 medio
950 906 1134 945 eorum
1163 890 1374 960 (Mali/1.
1401 888 1486 943 18.
1518 885 1609 958 20)
1642 903 1655 940 :
1683 885 1771 939 ubi
1793 893 1876 939 est
1895 884 2033 939 Silas
2052 891 2105 937 et
2126 882 2322 936 Paulus

741 992 796 1035 ct
824 994 1004 1035 custos
1029 981 1262 1035 carceris
1284 991 1338 1035 et
1367 978 1619 1047 tota-ejus
1646 978 1838 1030 domus
1880 985 1933 1029 et
1975 982 2118 1028 tanta
2168 972 2320 1036 fides,

742 1073 908 1124 multo
939 1071 1127 1141 magis.
1161 1070 1291 1125 Vide
1320 1069 1707 1124 vehementiam
1730 1068 1871 1121 lidci.
1900 1065 2003 1121 Sed
2029 1066 2114 1119 hic
2138 1080 2326 1132 carcer

748 1165 867 1217 mihi
902 1164 1171 1217 revocavit
1201 1165 1252 1217 in
1281 1164 1591 1217 memoriam
1622 1162 1783 1214 alium
1802 1174 2095 1237 carcerem.
2123 1158 2321 1225 Quem-

753 1271 860 1306 Jttlll
891 1254 1108 1307 autem?
1137 1253 1238 1309 Ubi
1268 1261 1386 1308 erat
1412 1253 1620 1307 Petrus.
1654 1254 1724 1306 At
1750 1252 1857 1306 illic
1885 1250 2013 1305 ttiltil
2046 1250 2143 1304 fuit
2170 1252 2317 1318 ejus-

751 1342 882 1397 illttdi
908 1360 922 1408 ;
952 1343 1045 1397 sed
1076 1342 1299 1397 traditus
1327 1341 1502 1396 fuerat
1530 1339 1912 1396 custodiendus
1932 1349 2158 1410 quatuor
2186 1355 2317 1409 qua-

741 1433 1071 1488 .‘ernionibus
1123 1433 1352 1488 militum
1399 1432 1649 1503 (Act.12.
1702 1434 1794 1501 4);
1835 1440 1890 1487 et
1936 1433 2165 1502 hymnos
2209 1446 2314 1485 non

734 1526 981 1590 (εειιιῡιιδι,
1004 1542 1102 1581 nec
1131 1525 1400 1596 vigilabat,
1431 1526 1523 1581 sed
1545 1524 1875 1590 dormiebat;
1921 1532 1974 1577 et
2000 1538 2170 1591 neque
2198 1521 2313 1576 fue-

738 1626 819 1670 rat
848 1616 1025 1689 ﬂagris
1051 1626 1246 1684 cte‘sus,
1268 1617 1364 1672 sed
1393 1615 1564 1685 majus
1594 1625 1708 1670 erat
1738 1614 2050 1685 periculum.
2073 1613 2204 1667 Nam
2229 1612 2315 1667 hic

736 1710 950 1778 quidem
978 1722 1141 1765 totum
1170 1710 1280 1779 jam
1299 1720 1424 1786 erat
1452 1695 1879 1774 confectutnfet
1926 1721 2111 1777 paenae
2151 1705 2316 1761 dedo-

736 1812 858 1858 rant
888 1821 902 1857 :
933 1803 1040 1858 illic
1062 1812 1242 1861 autem
1273 1802 1531 1856 nondum.
1565 1800 1740 1868 Quare
1770 1801 1868 1854 etsi
1896 1790 2131 1853 nondum
2160 1808 2315 1854 erant

738 1895 906 1964 plagze
937 1894 1171 1956 inﬂictas,
1197 1902 1252 1946 at
1282 1891 1442 1946 futuri
1470 1891 1797 1961 exspectatio
1826 1905 1921 1946 eos
1939 1889 2313 1945 contnrbabat.

741 1984 871 2040 Vide
892 1985 1051 2040 etiam
1089 1985 1193 2039 illic
1224 1983 1560 2038 miraculum.
1592 1981 1723 2036 Ecce
1746 1982 1955 2051 angelus
1986 1980 2189 2034 Domini
2216 1981 2315 2034 ad-

734 2077 880 2139 stitit,
916 2086 960 2128 et
999 2075 1167 2129 lunten
1197 2074 1398 2144 refulsit
1425 2075 1478 2127 in
1504 2072 1787 2125 Itabitaculo
1818 2088 1836 2125 :
1872 2088 2202 2141 percussaque
2231 2070 2312 2125 la-

736 2176 837 2221 tere
870 2165 1011 2220 Petri
1033 2207 1064 2239 ,_
1089 2166 1323 2219 excitavit
1360 2181 1475 2220 eum
1501 2165 1670 2219 dicens
1701 2180 1720 2217 :
1747 2165 1914 2234 Surge
1957 2164 2208 2218 velociter.
2244 2162 2314 2216 Et

731 2256 901 2310 statim
927 2255 1213 2310 ceciderunt
1254 2266 1446 2311 catenas
1469 2258 1534 2310 de
1577 2256 1806 2310 manibus
1844 2257 1954 2326 ejus
1997 2254 2105 2325 (Ib.
2140 2269 2187 2309 υ.
2230 2256 2310 2326 7).

741 2347 819 2403 Ne
840 2349 1171 2403 existimaret
1198 2364 1310 2403 rem
1343 2363 1464 2404 esse
1492 2348 1664 2404 solum
1698 2348 1853 2414 lucis,
1876 2358 1930 2402 et
1960 2347 2176 2402 Petrum
2211 2364 2310 2417 pu-

734 2438 898 2508 pugit.
929 2437 1096 2492 Nemo
1124 2448 1302 2493 autem
1341 2438 1552 2493 videbat
1580 2439 1750 2493 lucem
1782 2439 1881 2493 nisi
1912 2440 2025 2508 ipse
2050 2441 2197 2495 solus
2216 2481 2231 2502 ,
2259 2450 2313 2495 et

732 2528 1072 2583 existimabat
1097 2543 1218 2583 esse
1246 2529 1414 2583 visum
1448 2549 1461 2584 :
1489 2524 1694 2599 sic'qui
1731 2529 2003 2585 dormiunt
2046 2544 2151 2585 non
2190 2545 2308 2586 sem

735 2619 873 2673 tiunt
901 2619 992 2674 Dei
1036 2619 1314 2674 beneﬁcia.
1344 2618 1489 2674 Dixit
1510 2629 1677 2674 autem
1698 2660 1713 2687 ,
1746 2620 1950 2690 inquit,
1986 2622 2033 2675 ei
2065 2624 2312 2691 angelus:

734 2709 1056 2785 Prtecingere
1074 2750 1091 2778 ,
1121 2720 1168 2766 et
1192 2712 1360 2765 calceo
1400 2721 1446 2766 te
1469 2712 1706 2766 sandalio
1733 2722 1842 2766 tua.
1883 2712 1950 2767 Et
1985 2713 2103 2783 fecit
2128 2714 2220 2768 sic.
2246 2713 2313 2766 Et

732 2803 940 2857 dicit‘ei
967 2819 985 2857 :
1018 2802 1291 2858 Circumda
1329 2804 1417 2857 tibi
1460 2806 1805 2860 vestimentum
1850 2814 2011 2869 tuum,
2039 2816 2089 2859 et
2110 2822 2315 2873 sequere

735 2909 844 2947 me.
868 2891 935 2945 Et
981 2909 1211 2965 egressus
1236 2905 1475 2963 sequutus
1506 2904 1579 2947 est
1608 2911 1720 2948 eum
1747 2910 1767 2948 :
1802 2904 1850 2948 et
1889 2894 2134 2949 nesciebat
2178 2895 2314 2963 quod

734 3000 905 3038 verum
929 2995 1054 3038 esset
1082 2984 1216 3055 quod
1239 2984 1388 3054 ﬁebat
1433 3002 1522 3055 per
1566 2988 1801 3056 angelum
1829 3003 1848 3041 :
1877 2988 2192 3041 existimabat
2221 3005 2314 3042 au-

738 3086 837 3132 tem
861 3093 916 3130 se
945 3078 1104 3131 visum
1131 3077 1318 3131 videre.
1353 3076 1689 3132 Transeuntes
1714 3089 1877 3131 autem
1902 3095 1999 3149 per.
2020 3080 2238 3149 primam
2266 3091 2314 3133 et

735 3168 1010 3238 secundam
1034 3168 1338 3232 custodiam,
1369 3178 1605 3222 uenerunt
1631 3168 1700 3221 ad
1725 3178 1920 3237 portam
1942 3173 2179 3240 ferream,
2204 3186 2316 3239 quia

734 3260 873 3315 ducit
894 3259 962 3311 ad
987 3260 1256 3321 civitatem,
1286 3275 1399 3328 qui:
1422 3261 1556 3314 ultro
1578 3272 1753 3329 aperta
1777 3270 1851 3313 est
1875 3260 1963 3314 eis.
1994 3258 2062 3313 Et
2081 3274 2315 3316 exeuntes

737 3357 1082 3417 processerunt
1104 3348 1267 3403 vicum
1289 3364 1444 3402 unum
1473 3362 1492 3401 :
1518 3359 1563 3402 et
1584 3350 1819 3403 continuo
1840 3349 2066 3404 discessit
2104 3352 2314 3421 angelus

735 3439 799 3492 ab
828 3456 884 3493 eo
909 3439 1014 3509 (Ib.
1042 3457 1089 3494 ν.
1120 3439 1306 3511 8-10).

808 3529 863 3585 6.
892 3530 994 3585 Cur
1018 3530 1153 3585 Deus
1180 3530 1456 3600 permiserit
1479 3539 1534 3583 ut
1560 3572 1574 3595 ,
1601 3532 1685 3597 qui
1734 3529 1939 3586 Petrum
1969 3532 2316 3586 custodiebant

737 3620 790 3673 iu
812 3636 1032 3684 carcere,
1057 3621 1208 3673 occisi
1228 3620 1435 3688 fuerint.
1462 3650 1533 3659 —
1561 3620 1667 3674 Cur
1693 3620 1777 3673 hic
1805 3637 1908 3674 non
1942 3620 2135 3676 factum
2159 3633 2242 3677 est
2264 3622 2315 3677 id

735 3710 877 3778 quod
906 3711 957 3763 in
990 3710 1153 3764 Paulo
1198 3718 1251 3763 et
1291 3710 1438 3765 Sila?
1467 3710 1616 3776 Quod
1644 3711 1753 3782 jllic
1778 3711 1990 3780 quidem
2030 3728 2124 3767 eos
2162 3726 2317 3767 erant

736 3801 1064 3866 ahSiilutnri;
1096 3810 1376 3871 propterea
1416 3801 1588 3855 noluit
1624 3816 1718 3857 eos
1748 3802 1825 3856 sic
1867 3803 1999 3857 solvi
2033 3820 2046 3856 :
2081 3805 2132 3859 in
2162 3804 2316 3860 beato

731 3900 913 3944 autem
945 3891 1122 3954 Petro,
1153 3891 1218 3945 ad
1257 3901 1483 3946 mortem
1529 3905 1651 3946 eum
1692 3900 1847 3947 erant
1888 3893 2152 3949 educturi.
2179 3896 2314 3963 Quid

740 4000 866 4037 vero
892 4026 905 4047 ,
944 3984 1133 4054 inquit,
1163 3999 1339 4039 annon
1366 3984 1552 4039 fuisset
1591 3985 1905 4048 mirabilius,
1937 3987 1982 4040 si
2011 3987 2234 4047 eductus
2263 3996 2318 4042 et

732 4078 963 4131 traditus
992 4078 1045 4132 in
1083 4092 1269 4131 manus
1299 4077 1441 4147 regis
1460 4117 1474 4141 ,
1505 4088 1633 4155 tunc
1662 4087 1877 4148 ereptus
1923 4089 2067 4135 esset
2094 4096 2158 4134 ex
2187 4080 2317 4149 ipsis

732 4168 927 4221 mediis
958 4167 1206 4236 periculis
1231 4206 1247 4233 ,
1274 4178 1329 4222 et
1359 4166 1490 4221 nihil
1510 4177 1653 4222 esset
1683 4169 2005 4238 perpessus?
2052 4169 2131 4224 sic
2172 4169 2314 4224 enim

732 4276 911 4329 neque
958 4260 1243 4328 Periissent
1276 4259 1493 4314 milites.
1534 4258 1718 4328 Magna
1749 4259 1834 4314 hic
1863 4269 2004 4313 mota
2057 4268 2142 4314 est
2174 4275 2315 4331 quie-

734 4352 862 4404 stio.
896 4351 1033 4405 Deus
1059 4364 1213 4404 suum
1233 4388 1249 4412 ,
1280 4349 1453 4418 inquit
1474 4389 1490 4414 ,
1517 4363 1729 4403 servum
1767 4349 1999 4403 servavit
2028 4364 2149 4404 cum
2179 4350 2317 4405 alio-

730 4446 854 4495 ruu:
884 4440 1122 4495 cruciatu
1145 4481 1161 4506 ,
1180 4455 1308 4494 cum
1334 4440 1558 4494 aliorum
1585 4440 1819 4494 interitu.
1849 4439 1987 4507 Quid
2013 4454 2142 4509 ergo
2163 4439 2318 4495 dice-

734 4532 893 4585 mus?
924 4530 1102 4584 Primo
1140 4528 1354 4599 quidem
1392 4544 1505 4584 non
1535 4545 1657 4584 eum
1682 4530 1915 4595 servavit
1941 4546 2060 4585 cum
2088 4530 2315 4585 aliorum

740 4625 986 4689 interitu;
1022 4622 1278 4686 secundo,
1304 4639 1408 4676 non
1439 4622 1536 4679 fuit
1560 4624 1664 4679 hoc
1697 4640 1762 4680 ex
1793 4624 1871 4679 rei
1895 4624 2313 4694 dispensatione,

739 4715 829 4768 sed
858 4732 923 4769 ex
955 4715 1283 4768 immanitate
1303 4714 1518 4784 judicis.
1562 4715 1883 4784 Quomodo?
1912 4716 2049 4771 Deus
2073 4718 2217 4773 enim
2240 4719 2323 4785 sie

734 4821 850 4859 rem
876 4802 1270 4859 administravit
1306 4819 1373 4859 ac
1396 4805 1759 4875 dispensavit,
1793 4814 1851 4860 ut
1891 4824 1998 4862 non
2039 4808 2213 4864 solum
2246 4793 2315 4865 ’1ιὶ

741 4911 844 4948 non
874 4896 1130 4965 perirem,
1160 4895 1255 4950 scd
1288 4897 1375 4951 ille
1400 4896 1560 4952 etiam
1585 4898 1762 4953 salvus
1788 4908 1969 4965 esset;
1995 4898 2135 4957 ‘sicut
2154 4902 2317 4959 etiam

650 5028 655 5033 .
740 4988 826 5041 hic
854 5004 1065 5059 quoque
1094 4989 1146 5044 in
1176 4991 1398 5046 custode
1416 4976 1696 5059 carceris;
1731 4993 1821 5048 ille
1862 5004 2041 5063 autem
2086 5010 2191 5051 non
2234 5006 2318 5053 est

739 5094 867 5133 usus
887 5069 1029 5134 dono
1059 5090 1116 5135 ut
1142 5082 1393 5149 oportuit.
1441 5081 1607 5137 Facta
1632 5095 1800 5138 autem
1832 5085 1915 5140 die
1936 5127 1952 5151 ,
1988 5087 2179 5157 inquit,
2205 5098 2318 5143 erat

741 5187 841 5223 non
864 5188 1018 5237 parva
1043 5172 1259 5226 turbatio
1282 5173 1410 5227 inter
1430 5175 1612 5229 milites
1630 5176 1876 5246 quidnam
1895 5181 2085 5247 factum
2101 5191 2227 5234 esset
2254 5180 2318 5235 de

744 5261 899 5316 Petro
925 5262 1029 5334 (Ib.
1055 5282 1104 5318 υ.
1148 5266 1259 5335 t8).
1304 5265 1447 5333 Quid
1489 5268 1715 5335 postea?
1746 5268 1984 5324 Herodes
2031 5285 2143 5325 rem
2193 5271 2317 5325 facit

740 5356 1054 5421 examinari,
1086 5365 1142 5411 et
1168 5357 1236 5413 de
1263 5358 1328 5411 iis
1356 5358 1488 5412 facta
1517 5359 1885 5428 inquisitione,
1909 5360 2069 5430 jussit
2098 5361 2310 5416 abduci.

739 5446 872 5501 Nam
893 5447 937 5501 si
968 5462 1072 5501 non
1095 5448 1423 5519 inquisisset,
1452 5445 1627 5519 aliqua
1656 5460 1798 5506 esset
1826 5453 2097 5507 excusatio
2128 5470 2142 5505 :
2174 5468 2314 5510 nimc

739 5549 916 5595 autem
944 5539 1192 5609 produxit
1215 5582 1229 5604 ,
1257 5542 1600 5603 examinavit,
1627 5541 1816 5597 didicit
1838 5558 1958 5597 eum
1987 5544 2152 5599 fuisse
2197 5546 2313 5599 vin-

736 5640 904 5696 ctum,
926 5646 1195 5687 carcerem
1224 5647 1345 5687 esse
1371 5633 1609 5687 clausum
1628 5643 1681 5687 et
1706 5643 1896 5700 tutum,
1916 5635 2162 5691 custodes
2188 5646 2314 5692 ante

734 5733 917 5790 putas
947 5723 1128 5790 fuisse,
1161 5738 1260 5779 nec
1306 5723 1468 5780 fuisse
1494 5724 1717 5780 ctl'osStis
1736 5725 2003 5794 parietes,
2034 5741 2130 5782 nec
2163 5728 2302 5784 iores

2429 438 2679 496 apertas,
2724 446 2823 489 nec
2854 418 3189 491 ullumialiud
3230 451 3351 493 esse
3392 438 3601 510 signum
3634 420 3873 503 sceleris.
3915 448 3976 506 Ex
4034 448 4043 456 ’

2432 516 2531 572 hoc
2559 529 2737 575 autem
2764 525 3046 591 Oportebat
3070 525 3160 582 Dei
3189 529 3441 585 admirari
3468 538 3779 603 potentiam,
3802 539 3913 608 qua:
3931 560 3979 596 et

2429 609 2619 663 mediis
2648 611 2817 679 ipsum
2840 614 3107 683 eripuerat
3137 618 3404 687 periculis,
3434 630 3488 677 et
3513 624 3737 683 adorare
3764 642 3882 683 eum
3912 649 3981 699 qui

2430 697 2546 772 haec
2574 704 2803 770 potuerit
2834 721 2848 759 :
2878 706 2966 761 ille
2999 723 3130 763 vero
3162 710 3325 779 jussit
3362 729 3457 769 eos
3494 715 3705 774 abduci.
3749 697 3982 786 Quantam
4064 720 4065 775 ἰ

2426 800 2509 846 est
2537 807 2664 862 ergo
2689 795 2841 864 culpa
2874 797 2960 851 hic
2987 798 3098 854 Deo
3126 799 3473 870 imputanda?
3498 807 3628 862 Nam
3668 810 3712 864 si
3740 810 3985 870 eﬂ‘ecissrt
4064 806 4065 857 ἶ

2367 926 2377 944 ι
2426 892 2484 934 ιιι
2506 896 2689 936 murus
2717 884 3155 956 perfringeretnr,
3185 901 3239 946 et
3259 892 3341 974 sic
3355 895 3622 964 ejeciSset,
3653 899 3788 954 forte
3815 904 3979 957 existi-
4064 908 4065 965 ξ

2428 981 2628 1029 masset
2657 973 2706 1026 id
2733 989 2855 1029 esse
2882 976 3293 1035 adscribendum
3332 972 3516 1040 eorum
3545 990 3875 1060 negligentiic
3907 1013 3919 1047 :
3946 997 3981 1049 si
4064 972 4065 1043 ἶ

2425 1070 2602 1119 autem
2630 1078 2742 1117 rem
2772 1065 2849 1119 sic
2875 1066 3267 1126 administravit
3288 1085 3341 1128 et
3369 1075 3717 1148 dispensavit,
3742 1091 3798 1136 ut
3823 1095 3984 1139 osten-
4064 1106 4065 1113 η

2426 1152 2646 1209 deretur
2674 1172 2790 1210 eam
2824 1174 2928 1213 non
2965 1175 3084 1216 esse
3121 1162 3334 1219 humani
3375 1169 3594 1225 sceleris
3626 1187 3689 1227 ac
3732 1176 3982 1242 maleﬁcii,

2424 1243 2518 1297 sed
2547 1244 2706 1298 divini
2740 1246 3005 1316 miraculi,
3028 1266 3123 1305 cur
3151 1252 3252 1308 hoc
3283 1255 3443 1310 fecit?
3473 1257 3527 1313 Si
3558 1264 3700 1317 enim
3728 1279 3841 1319 erat
3866 1262 3986 1336 fugi.

2426 1341 2593 1400 turus,
2626 1335 2693 1389 ita
2721 1336 2940 1407 fugisset
2962 1350 3015 1394 ut
3044 1341 3226 1397 habuit
3246 1356 3463 1402 catenas
3495 1367 3509 1403 :
3535 1350 3579 1404 si
3601 1364 3717 1407 erat
3744 1335 3985 1426 fugiturus

2421 1425 2803 1492 ennturbatus,
2835 1446 2939 1483 non
2975 1439 3135 1486 tanta:
3178 1438 3225 1490 ei
3257 1425 3444 1493 fuisset
3469 1455 3612 1496 certe
3638 1453 3698 1498 ut
3735 1425 3985 1517 acciperet
4064 1448 4065 1507 ἐ

2422 1518 2659 1571 sandalia
2686 1559 2702 1583 ,
2744 1519 2837 1574 sed
2870 1537 2932 1576 ea
2963 1523 3273 1580 dimisisset.
3316 1526 3468 1585 Nunc
3508 1531 3685 1587 autem
3720 1547 3982 1607 propterea
4064 1540 4065 1603 ἢ

2421 1607 2550 1661 dicit
2575 1612 2622 1661 ei
2650 1611 2893 1679 angelus,
2923 1612 3150 1669 Induere
3173 1618 3408 1673 sandalio
3432 1660 3446 1684 ,
3481 1632 3536 1675 ut
3562 1624 3833 1682 discerent
3856 1633 3983 1700 quod

2418 1712 2538 1752 eam
2581 1715 2692 1754 rem
2725 1718 2831 1756 non
2861 1702 3078 1760 fecisset
3107 1707 3348 1778 fugiens;
3381 1713 3475 1767 sed
3509 1714 3560 1767 in
3590 1731 3786 1787 magno
3812 1723 3916 1775 otio
3938 1736 3984 1777 ct

2419 1789 2617 1857 quiete.
2642 1790 2771 1844 Nam
2794 1806 2916 1846 cum
2946 1805 3089 1849 esset
3117 1798 3348 1865 vinctus,
3382 1811 3436 1857 et
3457 1804 3596 1859 inter
3616 1807 3752 1862 duos
3782 1811 3980 1878 milites,

2383 1931 2387 1935 _
2421 1894 2525 1931 non
2549 1889 2752 1935 tantum
2778 1884 2827 1936 ei
2856 1882 3047 1941 fuisset
3074 1888 3165 1942 otii
3192 1930 3207 1954 ,
3235 1898 3291 1944 ut
3314 1894 3547 1949 solveret
3579 1908 3814 1963 catenas,
3840 1902 3982 1971 idque

2418 1984 2540 2025 cum
2563 1984 2705 2026 esset
2733 1974 2783 2027 in
2807 1974 3045 2031 interiori
3070 1980 3330 2037 custodia.
3354 1982 3555 2039 Judieis
3573 2003 3701 2057 ergo
3727 1990 3985 2057 iujustitize
4064 2010 4065 2047 ξ

2420 2071 2505 2115 est
2545 2062 2958 2121 adscribendum
3008 2073 3291 2127 custodum
3338 2076 3677 2145 supplicium.
3722 2081 3854 2136 Nam
3897 2099 3985 2139 cur

2418 2149 2523 2206 ltoc
2552 2168 2656 2206 non
2687 2154 2928 2211 fecerunt
2966 2158 3180 2215 Juda-i‘t
3223 2162 3435 2219 Memini
3464 2169 3605 2221 enim
3633 2171 3855 2227 alterius
3879 2190 3985 2230 car-

2417 2245 2577 2310 ceris,
2611 2245 2751 2301 illius
2780 2248 2996 2318 quidem
3027 2252 3219 2321 prioris
3244 2256 3334 2325 qui
3380 2255 3586 2323 Romaa,
3633 2261 3792 2329 hujus
3838 2267 3984 2319 etiam

2417 2335 2509 2404 qui
2534 2333 2813 2404 Ctesareze,
2848 2354 2990 2395 nunc
3029 2352 3206 2398 autem
3234 2346 3351 2415 ejus
3378 2350 3467 2417 qui
3498 2348 3598 2404 fuit
3624 2351 3983 2427 Jerosolymis.

2416 2425 2549 2482 Nam
2593 2444 2712 2483 cum
2747 2431 3024 2498 pontifices
3063 2445 3116 2490 et
3164 2435 3416 2492 Pharismi
3455 2442 3782 2500 audivissent
3824 2425 3892 2502 ab
3930 2449 3987 2504 iis
4064 2446 4065 2513 ᾖ

2415 2533 2551 2588 quos
2579 2520 2675 2590 ipsi
2701 2523 2959 2579 miserant
2983 2526 3049 2580 ad
3078 2526 3411 2585 educendum
3442 2532 3679 2599 Petrum,
3707 2552 3768 2591 se
3794 2542 3985 2595 nullum

2417 2608 2561 2664 intus
2606 2613 2875 2669 invenisse
2900 2656 2917 2681 ,
2946 2616 3042 2671 sed
3072 2619 3232 2673 etiam
3283 2631 3464 2688 portas
3497 2625 3707 2681 clausas
3737 2644 3857 2685 esse
3881 2673 3894 2693 ,
3938 2642 3989 2686 et
4064 2628 4065 2695 ξ

2417 2703 2667 2757 custodes
2695 2712 2898 2759 stantes
2938 2721 3035 2776 pro
3062 2707 3299 2774 foribus;
3326 2726 3423 2767 cur
3444 2717 3697 2771 custodes
3729 2734 3831 2773 nun
3862 2720 3988 2773 inn-—
4064 2710 4065 2783 ξ

2421 2803 2730 2857 tenuerunt,
2778 2795 2874 2849 sed
2924 2796 3240 2853 dubitabant
3295 2802 3546 2871 quidnam
3598 2807 3666 2861 de
3736 2809 3798 2861 iis
3847 2812 3989 2865 licrct

2419 2883 2555 2951 (Art.
2580 2884 2678 2953 5)?
2707 2885 2763 2940 Si
2794 2896 2973 2941 autem
3018 2888 3277 2945 adversus
3304 2907 3397 2948 eos
3440 2895 3567 2950 licet
3599 2900 3800 2954 caedem
3846 2903 3990 2962 rafdc

2417 2975 2682 3043 spirantes
2706 3019 2720 3040 ,
2754 2978 2882 3033 nihil
2915 2980 3019 3035 tale
3045 2983 3387 3052 cogitarunt,
3421 2987 3586 3040 multo
3617 2992 3785 3061 magis
3813 2996 3988 3060 tu'qui

2417 3069 2595 3121 omnia
2620 3069 2747 3123 l'aeis
2769 3071 2835 3124 ad
2865 3072 3076 3128 illorqu
3099 3075 3344 3143 gratiam.
3364 3077 3649 3147 Propterea
3672 3098 3795 3137 eum
3818 3086 3989 3139 statim

2421 3155 2699 3225 inseqnuta
2747 3170 2831 3213 est
2880 3176 3059 3229 pinna.
3103 3164 3160 3217 Si
3202 3174 3381 3220 autem
3430 3169 3546 3238 ejus
3576 3172 3653 3225 rei
3685 3174 3895 3243 culpam
3943 3177 3991 3229 in

2424 3245 2588 3301 Deum
2616 3250 2828 3304 confers
2852 3292 2867 3315 ,
2900 3252 3089 3306 confer
3127 3255 3286 3309 etiam
3318 3255 3371 3310 in
3420 3273 3542 3312 eum
3589 3262 3801 3330 culpam
3841 3265 3909 3320 de
3936 3266 3994 3319 iis

2419 3339 2506 3407 qui
2553 3338 2733 3394 inviis
2773 3343 3085 3412 jngnlantur
3110 3386 3125 3407 ,
3151 3355 3206 3401 et
3248 3347 3316 3403 de
3359 3348 3837 3410 innumerabilibus
3879 3358 3994 3413 aliis

2419 3430 2509 3497 qni
2541 3430 2734 3499 injuste
2761 3434 3097 3501 perimuntur
3120 3477 3135 3501 ,
3177 3446 3230 3491 et
3257 3437 3326 3493 de
3361 3441 3539 3508 pueris
3567 3444 3728 3498 etiam
3758 3449 3846 3514 qui
3873 3463 3993 3515 pro-

2422 3531 2539 3592 pter
2566 3522 2839 3578 Christum
2867 3537 2991 3579 sunt
3018 3529 3274 3599 perempti
3302 3547 3313 3580 :
3344 3546 3463 3584 nam
3498 3542 3554 3586 ut
3573 3533 3651 3587 illi
3680 3551 3912 3606 quoque.
3945 3548 3996 3595 ut

2422 3621 2477 3666 tu
2518 3613 2653 3667 dicis
2678 3655 2692 3679 ,
2727 3605 3117 3683 perimercntur
3141 3659 3156 3682 ,
3182 3619 3427 3675 Christus
3458 3622 3508 3675 in
3534 3639 3695 3678 causa
3723 3605 3840 3679 luit.
3892 3626 3996 3681 lmo

2422 3717 2550 3757 vero
2573 3720 2677 3756 non
2710 3705 2954 3759 Christus
2979 3747 2995 3769 ,
3040 3707 3133 3762 sed
3179 3707 3327 3764 furor
3350 3721 3400 3765 et
3431 3715 3868 3784 tyrannis'patris
3901 3718 3997 3772 lle-

2424 3795 2586 3847 rmlis.
2617 3795 2673 3849 Si
2699 3806 2875 3849 autent
2903 3796 3036 3852 dicis
3061 3814 3073 3851 :
3098 3796 3206 3853 Cur
3226 3815 3345 3854 eum
3369 3817 3476 3856 non
3501 3805 3672 3871 rapuit
3702 3821 3733 3859 e
3758 3808 3997 3861 manibus

2424 3882 2647 3937 Herodis
2669 3886 2692 3937 ἲ
2718 3884 2821 3939 hoc
2848 3902 3061 3956 quoque
3089 3898 3297 3967 poterat
3324 3890 3521 3955 facere,
3554 3895 3647 3949 sed
3678 3911 3743 3951 ex
3773 3912 3839 3952 eo
3869 3898 3996 3952 nihil

2422 3985 2566 4029 esset
2592 3976 2850 4030 lucratus.
2876 3978 3010 4032 Nam
3035 3981 3247 4050 quoties
3274 3985 3443 4037 evasit
3469 3984 3715 4041 Christus
3738 4003 3803 4042 ex
3830 3991 3998 4043 mani-

2425 4067 2522 4122 bus
2552 4084 2737 4123 eorum
2763 4068 2786 4122 ἲ
2811 4069 2939 4139 quid
2967 4073 3066 4125 hoc
3090 4071 3220 4142 ergo
3263 4073 3462 4143 profuit
3506 4076 3767 4146 ingratis?
3804 4083 3877 4136 At
3920 4082 3999 4134 hic

2422 4175 2484 4215 es
2515 4160 2578 4214 iis
2600 4175 2718 4231 qua:
2746 4162 2879 4216 laeta
2909 4172 3036 4217 sunt
3058 4156 3362 4227 ,adlidelcs
3392 4167 3555 4223 multa
3588 4171 3726 4225 redit
3754 4174 3958 4228 utilitas
3984 4191 3995 4225 :

2424 4268 2545 4305 nam
2571 4252 2697 4307 dum
2730 4255 2922 4309 tierent
2962 4257 3287 4311 monimenta
3310 4268 3414 4322 {et
3441 4260 3538 4329 ipsi
3568 4260 3765 4318 inimici
3796 4266 3862 4320 iis
3886 4270 4000 4334 qua:

2422 4345 2745 4414 gerebantur
2787 4344 2992 4401 ferrent
3019 4346 3381 4401 testimonium
3406 4389 3422 4413 ,
3452 4351 3671 4406 minime
3697 4366 4000 4424 suspectum

2421 4448 2538 4490 erat
2568 4439 2949 4492 testimonium.
2982 4438 3130 4494 Sicut
3152 4456 3282 4511 ergo
3315 4442 3424 4498 illic
3452 4460 3667 4514 quoque
3698 4463 3802 4501 non
3833 4449 4003 4501 aliun.

2422 4529 2489 4584 de
2531 4529 2610 4583 eis
2633 4530 2729 4584 fuit
2767 4546 2827 4585 os
2849 4531 3177 4586 obstructum
3205 4574 3234 4598 ,.
3255 4515 3420 4604 .quam
3448 4554 3513 4591 ex
3538 4554 3603 4592 eo
3626 4542 3766 4608 quod
3796 4543 3889 4610 qui
3921 4558 4003 4595 vc-

2397 4629 2613 4674 ‘neiant
2641 4622 3024 4676 confiterentur
3049 4638 3110 4678 ea
3138 4626 3420 4693 qum‘faeta
3454 4629 3664 4683 fuerant
3695 4648 3707 4681 :
3740 4632 3810 4685 ita
3840 4634 4000 4686 etiam

2424 4710 2663 4770 hic.,Cur
2689 4713 2831 4766 enim
2860 4713 2991 4768 nihil
3032 4715 3294 4784 ejusmodi
3339 4716 3464 4773 fecit
3504 4734 3687 4774 custos
3723 4725 4004 4779 carceris?

2424 4805 2579 4871 Atqui
2604 4820 2722 4873 qua:
2749 4817 3108 4860 nsuvcncrant
3130 4807 3348 4875 Herodi,
3381 4825 3486 4865 non
3517 4823 3673 4867 erant
3698 4814 3914 4870 minora
3946 4817 4004 4870 iis

2422 4910 2541 4963 qua:
2570 4895 2693 4950 huic
2723 4906 3107 4952 usuvenerunt.
3137 4897 3267 4952 Nam
3296 4901 3576 4957 rescivisse
3618 4904 3759 4970 quod
3806 4907 4005 4961 clausis

2419 4985 2598 5056 januis
2623 4988 2830 5043 vinctus
2857 4988 3073 5044 exiisset
3099 4989 3167 5044 ad
3196 5001 3468 5060 stuporem
3498 4993 3868 5051 incotiendum
3902 5014 4002 5051 Imtl

2423 5081 2600 5135 minus
2643 5092 2781 5148 erat,
2831 5097 2989 5152 quam
3027 5083 3225 5139 vidisse
3246 5097 3458 5153 apertas
3477 5087 3668 5155 januas
3695 5109 3710 5144 :
3738 5092 3851 5144 inin
3879 5092 4003 5148 illud

2422 5173 2582 5241 etiam
2615 5172 2747 5226 visio
2766 5188 2889 5228 esse
2919 5173 3087 5228 videri
3119 5185 3364 5243 poterat;
3431 5177 3530 5233 hoc
3556 5188 3733 5233 autem
3760 5198 3870 5235 non
3917 5185 4003 5245 ita,

2422 5262 2551 5317 dum
2599 5275 2847 5318 accurate
2905 5275 2961 5319 et
3006 5276 3191 5321 exacte
3242 5269 3595 5324 renuntiatur.
3639 5270 4004 5338 Quamobrem

2426 5357 2511 5410 hic
2540 5372 2751 5426 quoque
2781 5358 2824 5413 si
2855 5357 3044 5413 fuisset
3087 5359 3257 5413 malus
3283 5400 3299 5423 ,
3333 5362 3688 5416 interfecisset
3735 5364 3965 5418 Paulum
3991 5406 4003 5425 .

2423 5452 2562 5505 sicut
2588 5451 2675 5504 ille
2705 5451 2903 5505 milites
2933 5470 2947 5505 :
2975 5451 3067 5507 sed
3099 5467 3202 5507 non
3230 5462 3364 5507 erat.
3427 5453 3480 5508 Si
3519 5464 3697 5510 autem
3725 5458 4007 5511 confutare

2423 5545 2680 5599 vellemus
2708 5560 2803 5598 eos
2827 5544 2915 5613 qui
2938 5544 3163 5610 dicunt,
3191 5560 3289 5599 cur
3319 5546 3456 5599 Deus
3484 5547 3786 5615 permiserit
3812 5563 4005 5617 pueros

2424 5635 2649 5690 interﬁci
2680 5677 2692 5699 ,
2721 5636 2927 5705 longior
2956 5635 3092 5690 foret
3119 5636 3292 5690 oratio
3315 5677 3330 5699 ,
3363 5654 3522 5707 quam
3568 5639 3718 5695 initio
3761 5641 4007 5697 inStitnc-

2426 5741 2622 5782 ramus.
