4122 6400
742 398 815 459 05
1426 396 1485 452 S.
1520 391 1808 451 JOANNIS
1840 389 2331 449 εηιιγδοδτοιιι
2376 389 2695 448 ARCIIIEP.
2735 390 3292 451 CONSTANTINOP.
3921 395 3979 452 θθ

815 515 964 579 Τέως
1001 514 1057 567 δέ
1100 512 1269 567 πολλά
1299 514 1365 583 τῇ
1405 511 1619 565 Παύλου
1671 510 2170 580 εὐχαριστήσαντες
2191 508 2320 563 ἀλύ-

744 614 850 661 σει,
900 597 1343 665 καταπαύσωμεν
1392 595 1483 647 τὸν
1529 594 1707 661 λόγον,
1743 593 1827 645 ὅτι
1880 592 2153 645 τοσούτων
2184 594 2314 663 ἡμῖν

740 679 963 748 ἀγαθῶν
996 680 1145 733 αίτία
1178 679 1393 747 γέγονε,
1430 675 1917 749 παρακαλέσαντες
1944 676 2088 745 ὑμᾶς
2112 674 2187 746 μή
2215 674 2306 745 μό-

742 781 834 819 νον
863 764 940 835 μὴ
958 764 1355 835 δυσχεραίνειν,
1395 764 1511 816 είτι
1532 762 1620 815 διά
1654 760 1888 831 Χριστὸν
1902 761 2159 835 πάθοιτε,
2183 759 2321 814 ἀλλά

742 847 840 901 καὶ
870 834 1087 917 χαίρειν
1211 847 1261 899 οί
1282 844 1594 907 ἀπόστολοι,
1620 845 1716 898 καὶ
1738 834 2045 913 καυχᾶσθαι
2070 843 2146 905 ὼς
2168 842 2321 896 Παῦ-

741 931 834 993 λος
861 928 1050 996 ἔλεγεν
1086 944 1100 958 ·
1146 928 1397 982 Ἥδιστα
1447 928 1834 997 καυχήσομαι
1874 927 1946 980 ἐν
1990 925 2120 992 ταῖς
2148 925 2325 981 ἀσθε-

740 1012 932 1079 νείαις
956 1029 1100 1081 μου.
1136 1010 1237 1064 Διά
1265 1010 1375 1082 γάρ
1399 1008 1559 1063 τοῦτο
1592 1010 1689 1063 καὶ
1711 1008 1965 1080 ήκουσεν,
2005 1008 2203 1077 Ἀρκεῖ
2221 1025 2323 1064 σοι

742 1097 782 1164 ἡ
812 1094 985 1165 χάρις
1007 1111 1150 1164 μου.
1192 1089 1404 1157 Παῦλος
1424 1093 1520 1145 ἐπὶ
1556 1092 1777 1163 δεσμοῖς
1802 1093 2100 1163 καυχᾶται,
2133 1092 2229 1146 καὶ
2256 1093 2320 1147 σὺ

742 1179 839 1235 ἐπὶ
864 1177 1083 1248 πλούτῳ
1112 1176 1257 1247 μέγα
1284 1178 1536 1248 φρονεῖςς
1569 1178 1619 1230 οί
1646 1175 1937 1231 ἀπόστολοι
1958 1175 2179 1246 ἐχαιρον
2200 1214 2215 1237 ,
2239 1176 2321 1230 ὅτι

742 1258 1167 1331 κατηξιώθησαν
1221 1258 1659 1329 μαστιγωθῆναι,
1694 1258 1787 1316 καὶ
1820 1259 1885 1312 σὺ
1935 1258 2121 1313 ἄνεσιν
2140 1257 2323 1329 ζητεῖς

742 1348 840 1399 καὶ
865 1344 1078 1415 τρυφήν
1106 1359 1122 1408 ;
1154 1341 1277 1405 Πῶς
1304 1337 1399 1395 οὗν
1420 1341 1595 1404 θέλεις
1620 1340 1727 1395 τιῖιν
1757 1337 1938 1394 αὐτῶν
1958 1340 2192 1404 ἐκείνοις
2227 1356 2323 1393 τυ-

742 1430 880 1498 χεῖν,
912 1425 1244 1487 ἀπεναντίας
1289 1425 1473 1488 αὐτοῖς
1500 1422 1705 1478 ὁδεύων
1726 1422 1963 1479 ἐνταῦθα
1990 1439 2007 1490 ;
2038 1423 2151 1479 Καί
2182 1423 2321 1490 νῦν,

743 1507 876 1579 φησὶ
901 1549 916 1573 ,
943 1508 1264 1576 πορεύομαι
1291 1510 1379 1575 είς
1420 1504 1813 1577 Ἱεροσόλυμα
1866 1505 2187 1575 δεδεμένος
2242 1503 2324 1570 τῷ

740 1590 1055 1659 πνεύματι,
1090 1588 1160 1642 τὰ
1200 1589 1271 1643 έν
1318 1588 1524 1656 αὐτοῖς
1572 1585 2043 1655 συναντήσοντά
2082 1604 2186 1657 μοι
2232 1585 2351 1657 μὴ,

739 1672 935 1739 είδὼς,
981 1671 1151 1740 πλὴν
1197 1671 1380 1726 ὅτιτὸ
1406 1671 1652 1742 Πνεῦμά
1672 1690 1774 1741 μοι
1811 1670 1963 1725 κατὰ
1978 1671 2164 1725 πόλιν
2194 1669 2322 1723 δια-

734 1756 1093 1826 μαρτύρεται
1122 1755 1325 1824 λέτπον,
1379 1757 1470 1809 ὅτι
1516 1754 1712 1824 δεσμά
1730 1771 1808 1824 με
1838 1754 1933 1807 καί
1958 1755 2197 1822 θλίψεις
2222 1751 2322 1822 μέν

740 1851 942 1892 γουσι.
976 1837 1050 1889 Τί
1072 1831 1166 1890 οὖν
1198 1837 1437 1908 ἀπέρχῃ,
1469 1839 1518 1890 εί
1543 1836 1719 1907 δεσμά
1763 1852 1822 1889 σε
1855 1837 1950 1889 καὶ
1978 1835 2188 1905 θλίψεις
2220 1835 2322 1906 μέ-

740 1920 1059 1985 νουσιςΔιά
1105 1917 1265 1971 τοῦτο
1328 1918 1483 1983 αὐτὸ,
1539 1918 1728 1989 φησὶν,
1769 1916 1857 1971 ἵνα
1903 1918 2190 1989 δεσμευθῶ
2234 1917 2323 1972 διά

744 2001 1001 2074 Χριστὸν,
1039 2003 1129 2057 ἵνα
1167 2002 1425 2056 ἀποθάνω
1462 2000 1530 2056 δι’
1552 2000 1737 2055 αὐτόν.
1787 2002 1863 2055 Οὐ
1894 2002 2002 2073 γὰρ
2041 2004 2205 2072 μόνον
2233 2002 2321 2056 δε-

744 2086 934 2155 θῆναι,
981 2085 1118 2139 ἀλλά
1186 2085 1281 2138 καὶ
1334 2083 1628 2138 ἀποθανεῖν
1658 2083 1893 2154 ἑτοίμως
1921 2084 2031 2154 εχω
2057 2084 2200 2155 ὑπὲρ
2228 2084 2323 2139 τοῦ

742 2168 1012 2238 ὀνόματος
1036 2166 1131 2221 τοῦ
1154 2166 1361 2238 Κυρίου
1392 2164 1553 2237 ήμῶν
1580 2163 1758 2236 Ἰησοῦ
1792 2166 2057 2235 Χριστοῦ.

816 2351 983 2405 Ούδέν
1012 2350 1110 2422 τῆς
1140 2349 1321 2421 ψυχῆς
1361 2347 1581 2417 ἐκείνης
1619 2345 2054 2418 μακαριώτερον.
2099 2347 2189 2400 Ἐν
2212 2345 2324 2400 τίσι

746 2436 1017 2504 καυχᾶται
1036 2450 1052 2499 ;
1070 2433 1158 2485 Ἐν
1178 2431 1418 2502 δεσμοῖς,
1437 2431 1495 2483 ἐν
1518 2429 1852 2498 θλίψεσιν,ἐν
1872 2428 2077 2495 ἀλύσει,
2097 2431 2154 2482 ἐν
2171 2431 2323 2497 στίγ-

752 2533 937 2588 μασιν.
1004 2512 1153 2584 Ἐγὼ
1211 2512 1285 2566 τὰ
1342 2513 1639 2580 στίγματα
1686 2511 1795 2565 τοῦ
1833 2512 2055 2578 Κυρίου
2129 2511 2324 2578 Ἰησοῦ

742 2596 1025 2668 Χριστοῦ,
1038 2596 1224 2666 φησὶν,
1244 2595 1316 2649 ἐν
1337 2594 1417 2660 τῷ
1434 2594 1663 2662 σώματί
1686 2611 1807 2663 μου
1826 2591 2127 2659 βαστάζω,
2154 2594 2319 2648 καθά-

747 2699 851 2753 περ
865 2679 1120 2753 τρόπαιόν
1135 2696 1187 2732 τι
1206 2677 1367 2748 μέγαο
1380 2678 1475 2730 καὶ
1490 2676 1931 2742 πάλιν,”Ενεκεν
1940 2676 2047 2731 τοῦ
2063 2677 2321 2746 Ἰσραὴλ,

746 2765 902 2835 φησὶ,
942 2765 1057 2829 τὴν
1078 2761 1307 2816 ἅλυσιν
1327 2760 1558 2827 ταύτην
1589 2760 1927 2828 περίκειμαι
1961 2775 1976 2791 ο
2005 2759 2098 2813 καὶ
2138 2759 2321 2823 πάλιν,

759 2849 863 2900 ἐν
892 2840 933 2917 ᾖ
986 2843 1298 2912 πρεσϐεύω
1359 2842 1429 2895 έν
1478 2842 1715 2896 ἁλύσει.
1759 2841 1824 2893 Τί
1850 2841 1967 2894 ἐστι
1992 2837 2150 2894 τοῦτο
2182 2842 2325 2906 ;ούκ

743 2927 1015 3000 αἰσχύνης
1045 2925 1107 2979 ού
1135 2924 1385 2988 δέδοικας
1426 2926 1530 2995 τήν
1572 2923 1902 2995 οἰκουμένην
1916 2923 2204 2996 δεσμώτης
2225 2940 2325 2979 πε-

747 3011 906 3083 ριιών
930 3024 952 3077 ;
980 3010 1042 3063 ού
1073 3007 1214 3079 φοϐῇ
1244 3008 1321 3079 μή
1373 3022 1459 3071 τις
1492 3007 1783 3063 ἀσθένειαν
1810 3006 1906 3061 τοῦ
1932 3007 2068 3061 Θεοῦ
2107 3026 2201 3063 σου
2227 3027 2325 3063 κα-

744 3092 964 3165 ταγνῷ;
988 3092 1065 3163 μή
1083 3106 1169 3154 τις
1190 3090 1285 3144 διὰ
1304 3088 1465 3144 τοῦτο
1486 3090 1548 3143 ού
1577 3090 1654 3161 μή
1688 3089 1970 3161 προσέλθῃ
1998 3107 2012 3156 ;
2046 3091 2122 3144 Ού
2140 3090 2325 3145 τοιαῦ-

744 3178 816 3232 τά
846 3194 969 3247 μου,
999 3174 1240 3246 φησὶ,τά
1265 3172 1445 3243 δεσμά
1470 3188 1486 3204 ·
1518 3168 1627 3227 οἶδε
1660 3173 1757 3228 καὶ
1782 3174 1841 3226 ἐν
1862 3172 2155 3243 βασιλείοις
2184 3172 2320 3245 λάμρ

747 3277 891 3313 πειν.
912 3258 1098 3313 Ὥστε
1154 3255 1298 3322 τοὺς
1348 3254 1614 3323 δεσμούς
1646 3272 1790 3325 μου,
1835 3257 1993 3325 φησὶ,
2024 3256 2327 3325 φανεροὺς

746 3340 1029 3411 γενέσθαι
1062 3339 1133 3393 ἐν·
1176 3337 1300 3405 δλῳ
1335 3336 1415 3403 τῷ
1438 3338 1792 3405 πραιτωρίῳ,
1827 3336 2085 3403 καὶτοὺς
2115 3339 2323 3393 πλείο-

730 3441 859 3488 -νας
879 3422 997 3476 τῶν
1026 3419 1310 3489 ἀδελφῶν
1352 3420 1424 3473 ὲν
1465 3422 1661 3490 Κυρίῳ
1701 3422 2064 3486 πεποιθότας
2088 3422 2212 3487 τοῖς
2237 3419 2328 3476 δο-

744 3503 926 3575 σμοῖς
948 3521 1067 3574 μου
1104 3500 1550 3571 περισσοτέρως
1593 3500 1826 3571 τολμᾷν
1849 3503 2088 3571 ἀφόϐως
2109 3505 2327 3559 λαλεῖν

746 3588 857 3643 τὸν
906 3588 1095 3655 λόγον
1148 3585 1317 3655 Ὁρᾷς
1361 3584 1578 3654 δεσμῶν
1611 3584 1763 3653 ίσχὺν
1794 3584 2017 3655 μᾶλλον,
2045 3585 2080 3655 ἦ
2114 3585 2327 3656 νεκρῶν

745 3666 1137 3734 ἀναστάσεωςς
1170 3667 1466 3737 Δεδεμένον
1497 3683 1566 3736 με
1602 3661 1744 3720 εἶδον
1767 3707 1783 3728 ,
1815 3667 1911 3721 καὶ
1951 3668 2154 3738 μᾶλλον
2194 3669 2326 3741 θαρ-

748 3751 959 3823 ροῦσιν.
994 3752 1169 3805 Ὅπου
1208 3749 1316 3819 7&9
1354 3749 1567 3819 δεσμά,
1598 3748 1812 3828 ἀνάγκη
1832 3749 1939 3803 καὶ
1970 3750 2114 3821 μέγα
2146 3769 2198 3805 τι
2228 3768 2323 3821 γε-

747 3834 934 3887 νέσθσι
957 3834 1077 3886 ἐκεῖ
1106 3848 1121 3863 ⁸
1153 3832 1286 3885 ὅπου
1317 3830 1517 3899 θλίψις,
1552 3832 1771 3895 πάντως
1790 3834 1910 3885 ἐκεῖ
1932 3833 2024 3886 καὶ
2055 3834 2321 3904 σωτηρία,

748 3919 968 3980 πάντως
997 3916 1117 3968 ἐκεῖ
1143 3914 1327 3976 ἀνεσις
1348 3954 1363 3977 ,
1395 3914 1615 3977 πάντως
1644 3916 1761 3967 ἐκεῖ
1798 3914 2010 3983 μεγάλα
2040 3916 2324 3987 κατορθώ-

749 4016 921 4070 ματα.
958 3998 1020 4051 ὐ
1048 3997 1159 4066 7&9
1188 3996 1433 4058 διάϐολος
1492 3996 1621 4050 ὅταν
1650 3996 1900 4068 λακτίσῃ,
1936 3998 2058 4050 τότε
2089 3998 2325 4069 πλήττε-

747 4096 839 4135 ται
864 4096 876 4110 ·
902 4078 1031 4134 ὃταν
1048 4079 1187 4149 δήσῃ
1218 4078 1345 4141 τοὺς
1370 4077 1465 4131 τοῦ
1495 4077 1632 4131 Θεοῦ
1664 4077 1901 4144 δούλους,
1933 4080 2054 4133 τότε
2088 4081 2326 4150 μάλιστα

746 4167 776 4217 ό
814 4163 969 4232 λόγος
1021 4160 1321 4215 ἐπιδίδωσι.
1359 4161 1470 4213 Καὶ
1504 4161 1602 4215 θέα
1646 4162 1923 4231 πανταχοῦ
1984 4162 2145 4215 τοῦτο
2179 4163 2326 4231 γινό-

751 4262 936 4315 μενον.
977 4242 1333 4315 Ἐδεσμεύθη,
1366 4244 1459 4297 καὶ
1506 4245 1565 4297 ἐν
1610 4243 1688 4314 τῷ
1737 4244 2101 4316 δεσμωτηρίῳ
2148 4244 2325 4299 ταῦτα

749 4327 1064 4396 εἰργάσατο.
1097 4326 1201 4380 Ἑν
1218 4327 1399 4389 αὐτοῖς
1429 4327 1559 4397 7&9,
1583 4327 1737 4398 φησὶ,
1766 4327 1891 4394 τοῖς
1910 4327 2162 4397 δεσμοῖς
2179 4347 2321 4398 μου.

762 4409 1095 4481 Ἑδεσμεύθη
1126 4411 1186 4463 έν
1227 4408 1437 4482 Ῥώμῃ,
1471 4410 1564 4464 καὶ
1609 4410 1857 4475 πλείονας
1880 4411 2191 4481 ἐπηγάγετο
2216 4428 2228 4439 ·
2259 4414 2323 4466 οὐ

748 4494 859 4564 γὰρ
876 4491 1042 4555 αὐτὸς
1067 4491 1225 4562 μόνος
1242 4492 1486 4563 ἐθάρρει,
1504 4488 1638 4545 ἀλλά
1661 4493 1755 4547 καὶ
1776 4493 1923 4547 ἀλλοι
1943 4493 2127 4547 πολλοὶ
2141 4492 2212 4547 δι’
2228 4494 2326 4547 αύο

748 4576 866 4631 τοῦ.
898 4574 1228 4647 Ἐδεσμεύθη
1260 4576 1318 4628 ἐν
1352 4574 1777 4645 Ἰεροσολύμοις,
1812 4576 1903 4628 καὶ
1928 4575 2213 4647 δεδεμένος
2232 4577 2327 4648 δη-

753 4660 1011 4730 μηγορῶν
1060 4657 1153 4711 τὸν
1208 4656 1431 4727 βασιλέα
1470 4656 1799 4728 κατέπληξε,
1832 4659 1925 4711 καὶ
1963 4660 2053 4713 τὸν
2086 4659 2327 4732 ἄρχοντα

749 4742 868 4815 [δέ]
900 4742 982 4805 είς
1034 4738 1201 4809 φόϐον
1258 4741 1467 4807 ήγαγεν
1502 4755 1515 4771 ·
1546 4739 1789 4809 ἔμφοϐος
1842 4742 1961 4813 γὰρ
1993 4743 2321 4813 γενόμενος,

748 4827 946 4896 φησιν,
983 4822 1255 4879 ἀπέλυσεν
1304 4823 1489 4887 αὑτὸν,
1520 4822 1614 4876 καὶ
1637 4824 1738 4876 οὐκ
1767 4823 2030 4893 ᾐσχύνετο
2054 4826 2206 4897 παρὰ
2228 4825 2323 4879 τοῦ

746 4906 1033 4977 δεδεμένου
1074 4904 1362 4975 μανθάνων
1414 4905 1543 4976 περὶ
1584 4905 1692 4958 τῶν
1741 4904 2043 4976 μελλόντων
2078 4908 2109 4960 ό
2151 4909 2324 4978 δήσας

747 4992 931 5045 αὐτόν.
972 4988 1267 5061 Δεδεμένος
1284 4986 1460 5053 ἔπλει,
1495 4988 1590 5042 καὶ
1613 4990 1868 5057 ναυάγιον
1894 4988 2075 5053 ἔλυσε,
2108 4991 2202 5046 καὶ
2228 4990 2322 5044 τὸν

672 5114 677 5119 ι
749 5073 997 5145 χειμῶνα
1049 5071 1333 5141 ἐπέδησεν.
1372 5072 1461 5125 Ἐν
1507 5071 1728 5140 δεσμοῖς
1756 5071 1907 5135 δντος
1938 5073 2104 5127 αὑτοῦ
2134 5070 2196 5125 τὸ
2224 5072 2322 5143 θη-

748 5159 869 5228 ρίον
890 5157 1065 5209 ἐκεῖνο
1093 5154 1397 5225 καθήψατο,
1425 5155 1521 5208 καὶ
1542 5155 1711 5225 μηδὲν
1736 5155 2117 5226 λυμηνάμενον
2139 5156 2323 5223 ἐξέπε-

750 5257 843 5314 σεν
874 5252 923 5293 ι.
972 5237 1160 5308 Ἐδόθη
1197 5238 1256 5290 ἐν
1292 5236 1503 5309 Ῥώμῃ,
1535 5240 1627 5291 και
1664 5237 1946 5309 δεδεμένος
1989 5239 2323 5311 δημηγορῶν

746 5323 979 5394 μυρίους
1022 5320 1395 5382 ἐπεσπάσατο,
1422 5320 1544 5373 ἀντί⁵
1597 5318 1817 5375 πάντων
1841 5320 2001 5375 τοῦτο
2029 5321 2161 5376 αὐτὸ
2190 5339 2323 5393 προ-

749 5406 1100 5474 ϐαλλόμενος,
1124 5402 1225 5472 τήν
1250 5402 1449 5474 ,ἀλυσιν
1480 5402 1642 5471 λέγω.

834 5600 975 5654 Ἀλλ’
1011 5600 1112 5653 οὐκ
1139 5598 1288 5652 ἔστιν
1342 5599 1528 5653 ἀλύσει
1565 5599 1787 5670 δεθῆναι
1835 5601 1949 5655 νῦν.
1984 5602 2123 5655 Ἀλλ’
2175 5603 2322 5656 ἐστιν

751 5687 915 5757 ἐτέρα
951 5685 1159 5749 ἀλυσις,
1198 5683 1263 5738 ἂν
1306 5684 1599 5755 ἐθέλωμεν.
1647 5685 1782 5740 Ποία
1811 5687 1873 5757 δὴ
1908 5685 2087 5755 αὖτη;
2123 5684 2321 5754 Τὸλτῆς

812 5924 843 5955 ⁸⁵
864 5923 938 5974 An
964 5922 1302 5985 λυμαινομένου
1322 5917 1570 5977 ἐξέπεσενῖ

2428 511 2610 583 χειρὸς
2635 515 2876 583 κρατεῖν,
2904 513 2964 565 τὸ
2989 510 3063 581 μή
3088 510 3223 580 πρὸς
3252 504 3565 577 πλὶονεξίαν
3589 510 3807 581 ἐτοιμον
3841 506 3979 564 εἶναι.

2425 595 2613 667 Ταύτῃ
2658 598 2723 665 τῇ
2774 593 2962 647 ἁλύσει
3014 593 3266 664 δήσωμεν
3292 593 3558 656 ἐαυτούς·
3605 596 3728 648 ἀντὶ
3762 593 3980 662 σιδηρίου

2430 677 2671 747 γενέσθω
2695 680 2827 749 ἡμῖν
2858 680 2887 731 ό
2912 676 3008 730 τοῦ
3038 676 3171 730 Θεοῦ
3198 677 3383 745 φόϐος.
3416 677 3685 747 Λύσωμεν
3712 677 3835 740 τοὺς
3860 677 3982 728 656;-

2427 762 2624 832 μένους
2671 761 2776 814 ὑπὸ
2822 762 3035 825 πενίας,
3073 761 3178 813 ὑπὸ
3233 758 3488 829 θλίψεως.
3542 761 3661 814 υύκ
3716 760 3860 812 ἐστιν
3887 761 3983 811 ίσον

2423 844 2800 915 δεσμωτηρίου
2842 843 3011 916 θύρας
3046 842 3278 906 ἀνοῖξαι,
3339 842 3435 896 καὶ
3462 842 3642 911 ψυχὴν
3684 840 3982 910 συγκεκλει·

2426 928 2636 998 σμένην
2658 929 2877 995 ἀφεῖναι
2898 942 2914 959 ’
2943 928 3043 980 οὐκ
3067 926 3214 980 εστιν
3250 924 3365 978 ῖσον
3396 924 3560 978 λῦσαι
3588 924 3764 993 δεσμά
3787 924 3981 992 δεσμω-

2422 1009 2535 1064 τῶν
2558 1010 2879 1081 δεδεμένων,
2908 1011 3005 1064 καὶ
3032 1009 3472 1081 τεθραυσμένους
3488 1006 3757 1061 ἀπολῦσαι
3785 1009 3843 1061 ἐν
3868 1008 3984 1074 ἀφέ-

2428 1108 2529 1149 σει.
2559 1092 2730 1147 Τοῦτο
2750 1094 2961 1147 ἐκείνου
2984 1092 3170 1163 μεῖζόν
3192 1093 3340 1145 ἐστιν
3364 1107 3378 1120 ·
3411 1090 3622 1144 ἐκείνου
3652 1090 3752 1159 μὲν
3781 1088 3888 1160 γὰρ
3910 1088 3988 1142 ού-

2424 1178 2534 1240 δεὶς
2568 1180 2745 1232 κεῖται
2781 1176 2995 1248 μισθὸς,
3025 1171 3311 1230 τούτοιῖδέ
3360 1174 3565 1246 μυρίοι.
3611 1172 3819 1244 Μακρά
3850 1170 3987 1242 ήτοῦ

2427 1259 2643 1313 Παύλου
2664 1260 2890 1329 γέγονεν
2917 1258 3127 1324 ἅλυσις,
3149 1258 3243 1312 καὶ
3262 1256 3359 1310 ἐπὶ
3376 1256 3510 1310 πολὺ
3536 1255 3806 1325 κατέσχεν
3836 1256 3986 1327 mai:

2426 1344 2523 1397 καὶ
2552 1343 2661 1413 γάρ
2686 1343 2835 1395 ἐστιν
2864 1342 3035 1407 δντως
3065 1343 3272 1413 μακρὰ,
3307 1342 3401 1395 καὶ
3432 1341 3616 1411 πάσης
3643 1340 3834 1410 σειρᾶς
3871 1356 3989 1409 χρυ-

2428 1427 2528 1498 σῆς
2559 1427 2927 1498 κοσμιωτέρα.
2957 1425 3109 1496 Αὕτη
3136 1426 3263 1489 τοὺς
3284 1423 3603 1495 δεδεμένους
3635 1423 3889 1494 καθάπερ
3915 1424 3991 1476 διά

2426 1526 2571 1574 τινος
2606 1509 2857 1581 μηχανῆς
2883 1509 3031 1564 ἐλκει
3087 1508 3225 1580 πρὸς
3268 1507 3361 1563 τὸν
3395 1506 3648 1580 οὐρανὸν,
3690 1508 3787 1561 καὶ
3816 1505 3992 1575 ῶσπερ

2426 1589 2606 1663 χρυσῆ
2657 1592 2815 1663 σειρὰ
2858 1590 3241 1663 ἐξαρτηθεῖσα,
3298 1590 3517 1663 ἀνέλκει
3548 1588 3687 1660 πρὸς
3718 1587 3881 1643 αὐτον
3911 1588 3993 1663 τρν

2425 1660 2675 1745 ούρανόν·
2707 1660 2800 1728 καὶ
2831 1673 2892 1727 τὸ
2918 1660 2984 1746 δή
3030 1660 3368 1744 θαυμασὼῆ
3402 1671 3555 1726 κάτω
3592 1670 3831 1736 δεθεῖσα,
3876 1660 3993 1731 τοῦς
4044 1674 4047 1679 ’

2425 1756 2743 1828 δεδεμένους
2772 1758 2886 1813 ἀνω
2917 1758 3086 1811 ἐλκει.
3129 1756 3324 1811 Καίτοι
3353 1756 3453 1826 ούχ
3482 1754 3623 1826 αῦτη
3676 1755 3788 1808 τῶν
3815 1771 3993 1824 πραγ-

2429 1844 2617 1913 μάτων
2644 1842 2677 1912 ή
2714 1840 2874 1912 φύσις
2895 1856 2910 1873 ο
2940 1840 3058 1895 ἀλλ’
3118 1841 3247 1895 ὅταν
3274 1838 3408 1902 Θεὸς
3436 1840 3718 1908 οίκονομῇ,
3745 1837 3822 1909 μή
3854 1838 3995 1908 ζήτει

2428 1924 2771 1995 πραγμάτων
2801 1924 2964 1994 φύσιν
3014 1923 3149 1995 μηδὲ
3206 1921 3551 1984 ἀκολουθίαν,
3583 1921 3721 1975 ἀλλά
3758 1920 3830 1974 τά
3864 1920 3996 1987 ὑπὲρ

2427 2007 2590 2077 φύσιν
2617 2009 2711 2061 καὶ
2740 2006 3085 2061 ἀκολουθίαν.
3137 2004 3420 2075 Μάθωμεν
3453 2004 3589 2074 μηδὲ
3644 2004 3704 2056 ἐν
3739 2008 3865 2068 ταῖς
3892 2002 3999 2056 θλί-

2425 2089 2551 2158 ψεσι
2579 2090 2964 2152 καταπίπτειν,
3000 2088 3138 2162 μηδὲ
3164 2087 3564 2158 δυσχεραίνειν.
3598 2087 3743 2157 Ὅρα
3778 2084 3888 2154 γάρ
3911 2084 4000 2137 τὸν

2418 2172 2702 2245 μακάριον
2746 2172 2937 2226 τοῦτον
2959 2189 2974 2204 ο
3029 2169 3439 2242 μεμαστίγωτο,
3488 2172 3584 2223 καὶ
3614 2170 4002 2239 μεμαστίγωτο

2430 2256 2667 2327 ίσχυρῶς
2690 2271 2705 2286 ·
2758 2255 3004 2321 Πολλὰς
3054 2255 3163 2324 γάρ
3209 2252 3438 2321 αὐτοῖς,
3472 2254 3661 2324 φησὶν,
3697 2251 4002 2317 ἐπιθέντες

2427 2339 2666 2410 πληγάς
2686 2354 2700 2369 ·
2736 2340 2835 2393 καὶ
2856 2339 3087 2403 ἐδέδετο,
3114 2336 3390 2392 καὶτοῦτο
3419 2336 3585 2390 πάλιν
3612 2334 3855 2407 ἰσχυρῶς
3874 2352 3889 2367 ο
3927 2337 4004 2398 εἰς

2428 2424 2536 2494 7&9
2554 2423 2655 2494 τὴν
2683 2422 2960 2494 ἐσωτέραν
2989 2421 3240 2491 φυλακήν
3264 2418 3519 2475 ἐνέϐαλεν
3541 2419 3726 2483 αὑτὸν,
3749 2418 3844 2472 καὶ
3872 2418 4003 2488 μετὰ

2430 2506 2675 2569 πλείονος
2728 2504 3051 2575 ἀσφαλείας.
3104 2503 3215 2556 Καὶ
3249 2503 3307 2555 ἐν
3342 2499 3622 2564 τοσούτοις
3649 2500 3726 2553 ὢν
3776 2500 3921 2553 κατά
3948 2499 4006 2552 τὸ

2428 2586 2803 2659 μεσονύκτιον,
2833 2588 2923 2641 ὅτε
2958 2586 3051 2640 καὶ
3075 2586 3127 2638 οί
3160 2584 3368 2656 σφόδρα
3413 2584 3778 2654 ἐγηγερμένοι
3803 2582 4005 2636 καθεύ-

2426 2671 2629 2735 δουσιν,
2682 2670 2876 2741 ἐτέρου
2930 2667 3138 2739 δεσμοῦ
3215 2668 3622 2739 χαλεπωτέρου,
3676 2667 3773 2720 τοῦ
3836 2666 4006 2719 ὕπνου

2428 2754 2800 2825 ἐπικειμένου,
2826 2751 2952 2826 ᾖδον
2975 2754 3069 2807 καὶ
3098 2751 3303 2823 ῦμνουν
3330 2752 3421 2806 τὸν
3448 2750 3675 2823 Κύριον.
3708 2751 3775 2803 Τί
3801 2748 4009 2803 τούτων

2428 2838 2627 2908 γένοιτ’
2662 2839 2730 2893 ἀν
2775 2838 2884 2892 τῶν
2916 2836 3109 2908 ψυχῶν
3140 2834 3686 2907 ἀδαμαντινὼτερονς
3729 2835 4009 2887 Ἐνενόουν

2426 2921 2510 2975 ὅτι
2540 2921 2636 2975 καὶ
2662 2921 2713 2974 οί
2744 2920 2934 2983 παῖδες
2960 2922 3021 2974 ἐν
3052 2919 3190 2991 πυρὶ
3214 2914 3341 2993 ᾖδον
3373 2918 3468 2972 καὶ
3494 2920 3554 2972 ἐν
3574 2917 3792 2988 καμίνῳ
3812 2931 3827 2945 °
3879 2916 4010 2976 ῖσως

2426 3003 2752 3073 ἐλογίζοντο,
2784 3003 2869 3057 δτι
2886 3002 3082 3074 Ἡμεῖς
3110 3001 3266 3057 οὐδὲν
3292 2999 3536 3055 τοιοῦτον
3565 2998 3780 3053 οὐδέπω
3804 2998 4013 3051 πεπόν-

2427 3087 2624 3157 θαμεν.
2682 3084 2845 3140 ’Λλλά
2896 3085 3081 3150 καλῶς
3134 3083 3308 3138 ποιῶν
3350 3085 3381 3136 ό
3436 3082 3595 3151 λόγος
3649 3081 3731 3145 είς
3786 3081 4014 3151 ἐτέρους

2426 3171 2577 3309 ἔμας
2627 3169 2794 3225 πάλιν
2851 3169 3115 3241 ἐξήνεγκε
3177 3166 3411 3239 δεσμοὺς
3480 3166 3577 3220 καὶ
3629 3164 4016 3237 δεσμωτήριον

2457 3270 2635 3309 τεοον.

2457 3271 2513 3309 τε
2520 3270 2635 3327 ρον.

2498 3418 2565 3473 Τί
2599 3418 2791 3483 πάθω;
2852 3415 3117 3488 βούλομαι
3177 3414 3429 3487 σιγῆσαι,
3478 3413 3594 3470 ἀλλ’
3637 3412 3700 3466 οὐ
3744 3412 4014 3484 δύναμαι.

2430 3502 2661 3575 Ἕτερον
2711 3501 3090 3573 δεσμωτήριον
3123 3494 3282 3572 εὗρον
3313 3499 3525 3554 ἐκείνου
3576 3496 3757 3568 πολλῷ
3789 3497 4014 3570 θαυμα-

2430 3586 2690 3658 σιώτερον
2739 3584 2834 3639 καὶ
2880 3584 3416 3658 ἐκπληκτικώτερον.
3453 3581 3617 3640 Ἀλλά
3683 3600 3773 3652 μοι
3822 3582 4018 3639 διανάο

2431 3656 2616 3740 στητε,
2644 3670 2719 3733 ὼς
2748 3666 2845 3722 νῦν
2894 3656 3200 3740 ἀρχομένού
3238 3667 3333 3721 τοῦ
3381 3666 3565 3734 λόγου,
3605 3664 3699 3719 καὶ
3727 3666 4019 3736 ἀκμαζού-

2430 3768 2551 3815 σαις
2589 3750 2920 3822 προσέλθετε
2963 3753 3082 3813 ταῖς
3127 3749 3415 3812 διανοίαις.
3447 3748 3718 3818 Βούλομαι
3747 3746 4017 3820 διακόψαι

2426 3836 2520 3890 τὸν
2542 3835 2720 3905 λόγον,
2750 3836 2845 3889 καὶ
2860 3834 2962 3887 οὐκ
2988 3832 3262 3904 ἀνέχεται.
3284 3832 3555 3906 Καθάπερ
3571 3836 3679 3906 γάρ
3694 3852 3775 3899 τις
3799 3837 4021 3905 μεταξὺ

2409 3904 2601 3976 χπίνων
2634 3921 2734 3974 οὐκ
2786 3919 2853 3973 ἂν
2909 3919 3199 3988 ἀνάσχοιτο
3253 3904 3535 3990 διακόψαι,
3585 3904 3688 3974 κάν
3718 3904 3901 3975 ὁτιοῦν
3929 3938 4020 3984 τις

2428 4003 2834 4075 ἐπαγγέλληται
2856 4017 2871 4031 ·
2906 4001 3049 4054 οὕτω
3066 4001 3224 4069 κάγὼ
3240 4002 3341 4072 τῆς
3366 4001 3588 4067 κύλικος
3611 4001 4019 4070 ἐπιλαϐόμενος

2427 4086 2528 4156 τῆς
2566 4084 2890 4157 θαυμαστῆς
2917 4083 3013 4137 τοῦ
3051 4083 3430 4155 δεσμωτηρίου
3456 4085 3568 4138 τῶν
3596 4084 3686 4138 διὰ
3716 4084 3832 4158 [65]
3868 4087 4018 4157 Χρι-

2431 4171 2554 4224 στδν
2590 4167 2913 4238 δεδεμένων,
2945 4167 3007 4220 ού
3053 4164 3288 4237 δύναμαι
3319 4166 3651 4234 παύσασθαι,
3679 4170 3741 4222 ού
3766 4168 4020 4239 δύναμαι

2430 4254 2670 4323 σιγῆσαι.
2720 4252 2782 4304 Εἰ
2808 4251 2918 4322 γὰρ
2953 4249 3114 4313 αὐτὸς
3143 4252 3202 4303 ἐν
3224 4249 3584 4321 δεσμωτηρίῳ
3624 4251 3721 4305 καὶ
3764 4252 3826 4305 ἐν
3852 4252 4023 4304 νυκτὶ

2426 4336 2527 4389 ούκ
2562 4334 2836 4402 ἐσίγησεν,
2865 4333 2988 4386 ούδέ
3016 4335 3074 4387 ἐν
3101 4332 3374 4404 μάστιξιν,
3407 4333 3519 4403 ἐγὼ
3548 4336 3845 4407 σιγήσομαι
3871 4339 4023 4393 καθ-

2429 4419 2630 4491 ήμενος
2670 4415 2885 4487 ἡμέρας
2930 4414 3120 4485 οὔσης,
3172 4417 3311 4485 μετὰ
3359 4416 3561 4487 πολλῆς
3615 4420 3715 4490 τῆς
3768 4419 4023 4485 ἀνέσεως

2428 4502 2819 4571 φθεγγόμενος,
2846 4499 2953 4551 τῶν
2982 4498 3306 4569 δεδεμένων,
3334 4498 3446 4553 τῶν
3472 4502 4023 4574 μεμαστιγωμένων,

2427 4584 2536 4638 τῶν
2570 4586 2629 4637 ἐν
2658 4582 2799 4655 μέσῃ
2832 4582 2989 4635 νυκτὶ
3016 4580 3175 4645 τοῦτο
3207 4581 3284 4653 μὴ
3312 4582 3625 4651 παθόντων;

2498 4748 2563 4801 Ol
2596 4747 2786 4810 παῖδες
2810 4744 2912 4798 οὐκ
2945 4743 3146 4813 ἐσίγων
3177 4746 3236 4799 ἐν
3256 4748 3473 4819 καμίνῳ
3493 4747 3586 4801 καὶ
3618 4749 3679 4804 ἐν
3706 4750 3839 4821 πυρί
3857 4769 3870 4782 ’
3916 4757 4025 4809 καὶ

2428 4830 2587 4901 ήμεῖς
2622 4832 2724 4883 οὐκ
2748 4826 3119 4901 αἰσχυνόμεθα
3148 4830 3451 4896 σιγῶντεςς
3492 4831 3722 4902 Ἰδωμεν
3770 4828 3866 4886 οὖν
3918 4842 4027 4891 καὶ

2426 4915 2586 4969 τοῦτο
2610 4913 2673 4967 τὸ
2710 4914 3107 4986 δεσμωτήριον.
3137 4912 3429 4983 Ἐδέθησαν
3462 4917 3559 4967 καὶ
3602 4915 3861 4978 ἐνταῦθα,
3890 4919 4023 4975 ἀλλ’

2426 4996 2630 5058 εὐθέως
2659 4996 2753 5050 καὶ⁵
2789 4996 2854 5049 ἐκ
2884 4996 3191 5067 προοιμίων
3214 4994 3512 5061 ἐδείκνυτο,
3544 4998 3627 5051 ὅτι
3651 4998 3752 5052 οὐκ
3781 5000 4026 5069 ἔμελλον

2428 5081 2701 5144 καίεσθαι,
2741 5079 2855 5132 ἀλλ’
2886 5079 2961 5144 ὡς
2998 5082 3077 5143 εἰς
3109 5079 3482 5151 δεσμωτήριον
3515 5082 3763 5136 εἰσιέναι.
3798 5083 3865 5135 Τί
3900 5088 4027 5159 γὰρ

2425 5163 2646 5232 δεσμεῖς
2692 5162 2820 5225 τοὺς
2878 5161 3178 5232 μέλλοντας
3234 5162 3621 5232 φλογίζεσθαι;
3688 5164 4023 5235 Ἐδέθησαν,

2426 5244 2611 5308 καθὼς
2664 5244 2899 5310 Παῦλος,
2955 5244 3050 5298 καὶ
3108 5245 3277 5309 πόδας
3323 5246 3418 5299 καὶ
3465 5248 3653 5317 χεῖρας
3680 5264 3694 5277 ·
3741 5248 4027 5319 ἐδέθησαν

2430 5327 2568 5400 μετά
2596 5328 2853 5381 τοσούτου
2888 5326 3084 5399 θυμοῦ.
3113 5329 3224 5383 Καί
3249 5329 3359 5400 γάρ
3392 5330 3601 5393 ἐκεῖνος
3634 5331 3714 5394 είς
3746 5332 3847 5400 τὴν
3872 5332 4029 5390 ἐσω-

2426 5413 2597 5483 τέραν.
2644 5410 2803 5465 ἔϐαλε
2861 5410 3133 5482 φυλακὴν,
3184 5410 3278 5465 καὶ
3330 5404 3487 5475 οὗτος
3519 5402 3615 5465 ἐπὶ
3643 5412 3777 5466 πολὺ
3806 5415 4030 5485 καῆναι

2426 5496 2525 5563 τὴν
2560 5496 2791 5564 κάμινον
2814 5493 3118 5548 ἐκέλευσεν.
3153 5492 3295 5546 Ἀλλ’
3326 5492 3525 5563 ῐδωμεν
3540 5496 3610 5550 τά
3635 5496 3773 5567 μετά
3801 5497 4018 5558 ταῦτα.

2435 5574 2782 5643 ’Υμνούντων
2842 5576 3066 5629 ἐκείνων
3114 5576 3324 5629 ἐσείετο
3374 5576 3437 5629 τὸ
3482 5577 3880 5649 δεσμωτήριον,
3913 5587 4028 5635 καὶ

2428 5658 2780 5729 ἀνεῴχθησαν
2807 5658 2867 5711 ai
2888 5657 3061 5729 θύραι
3083 5674 3099 5690 ο
3134 5658 3228 5711 καὶ
3256 5657 3463 5712 τούτων
3497 5660 3810 5731 ὑμνούντων
3833 5662 4023 5739 ἐλύθη

2430 5744 2497 5795 τά
2530 5740 2706 5810 δεσμά
2734 5741 2960 5795 καὶτῶν
2996 5741 3174 5795 ποδῶν
3213 5743 3307 5795 καὶ
3333 5742 3443 5795 τῶν
3470 5743 3671 5815 χειρῶν
3701 5756 3713 5769 ³
3750 5744 4024 5822 ἀνεῴχθη

2429 5827 2491 5879 τὸ
2520 5827 2919 5896 δεσμωτήριον,
2966 5826 3060 5879 καὶ
3093 5823 3448 5895 ἀνεῴχθησαν
3477 5828 3534 5879 αί
3569 5827 3729 5898 θύραι
3764 5827 3865 5896 τῆς
3904 5848 4023 5885 κα-

2428 5909 2588 5980 μίνου
2609 5925 2622 5940 ο
2663 5909 2853 5980 δρόσος
2881 5909 2987 5979 γὰρ
3015 5908 3320 5980 πνεύματος
3345 5909 3667 5981 διεσύριζεν.
3689 5911 3825 5966 Ἀλλ’
3853 5914 4023 5983 ὸμως
