4108 6312
129 365 185 420 '65
1001 355 1062 413 IN
1103 356 1318 413 EPIST.
1364 357 1454 410 AD
1498 353 1735 408 El'lllis.
1777 353 1928 408 CAP.
1967 353 2050 406 IV.
2098 354 2322 409 llOMlL.
2370 356 2500 412 Vlll.

188 478 237 531 7.
262 475 418 531 Nunc
444 484 622 529 autem
653 473 800 528 Pauli
830 483 1034 527 catena:
1077 472 1258 527 multis
1300 473 1432 524 actis
1477 470 1691 539 gratiis,

129 569 266 624 linem
299 567 637 635 imponamus
659 564 1065 633 orationi,qnod
1085 572 1191 617 tam
1223 563 1512 616 multorum
1544 560 1698 614 nobis

127 659 370 710 bonorum
399 657 559 710 fuerit
583 670 743 710 causa
767 695 783 721 ,
813 669 934 709 cum
966 668 1062 708 vos
1089 653 1457 722 rogaverimus
1499 660 1554 704 ut
1589 665 1696 703 nun

124 749 278 802 solum
309 763 415 802 non
447 762 590 816 aegre
618 747 821 813 feratis,
853 747 898 800 si
929 745 1055 815 quid
1084 745 1226 812 passi
1250 743 1458 798 fueritis
1479 751 1698 810 propter

123 840 417 903 Christum,
454 837 550 892 sed
599 837 763 892 etiam
815 834 1093 905 gaudeatis
1140 834 1277 888 sicut
1327 832 1594 901 apostoli,
1643 840 1699 885 et

122 928 404 999 gloriemini
433 969 448 992 ,
481 937 538 981 ut
563 927 777 982 dicebat
800 925 1027 990 Paulus,
1055 923 1419 978 Lubentissime
1442 921 1698 993 gloriabor

123 1023 166 1073 in
200 1019 575 1088 inﬁrmitatibus
609 1019 753 1072 meis.
785 1017 1073 1086 Propterea
1099 1015 1336 1083 audivit,
1369 1013 1567 1084 Sufﬁcit
1609 1015 1696 1067 tibi

119 1112 268 1180 gratia
307 1126 417 1162 mea
448 1107 540 1181 (3.
571 1108 695 1163 Cor.
729 1108 815 1162 η.
850 1107 936 1176 9).
969 1106 1164 1161 Paulus
1193 1105 1452 1175 gloriatur
1478 1115 1697 1174 pr0pter

120 1202 310 1254 vincula
339 1242 354 1266 ,
401 1210 452 1254 et
478 1211 530 1253 tu
559 1210 785 1269 propter
825 1198 1039 1252 divitias
1063 1197 1229 1252 altum
1261 1195 1440 1266 sapis?
1467 1197 1695 1265 apostoli

115 1291 406 1361 gaudebant
432 1290 575 1358 quod
604 1289 750 1359 digni
781 1298 961 1343 essent
990 1287 1154 1342 habiti
1195 1287 1285 1356 qui
1314 1285 1492 1354 ﬂagris
1516 1286 1697 1340 caade-

119 1396 320 1449 rentur,
369 1393 423 1438 et
464 1394 517 1437 tu
567 1384 736 1438 otium
781 1383 980 1453 quaeris
1018 1390 1073 1436 ct
1117 1379 1376 1437 delicias?
1415 1378 1695 1448 Quomodo

113 1492 230 1546 ergo
251 1478 330 1530 vis
355 1476 544 1529 eadem
576 1491 695 1546 qua:
721 1474 798 1530 illi
829 1473 1085 1543 consequi
1109 1513 1124 1538 ,
1169 1488 1290 1528 cum
1323 1473 1409 1526 hic
1433 1472 1694 1541 gradiaris

114 1568 185 1619 via
211 1569 288 1620 eis
326 1564 630 1620 contraria?
661 1564 730 1618 Et
773 1581 938 1628 nune,
978 1562 1186 1633 inquit,
1234 1562 1364 1616 vado
1400 1564 1452 1614 in
1480 1560 1694 1616 Jerusa-

109 1659 200 1710 lem
223 1656 462 1724 alligatus
513 1655 725 1724 spiritu,
785 1670 897 1724 qua
947 1655 1002 1706 in
1050 1668 1110 1706 ea
1153 1663 1365 1706 ventura
1406 1651 1529 1704 mihi
1579 1660 1693 1704 sunt

109 1749 339 1816 ignorans
362 1763 381 1800 :
405 1746 502 1799 nisi
526 1746 664 1815 quod
694 1745 924 1814 Spiritus
951 1753 1157 1797 sanctus
1182 1759 1270 1813 per
1292 1758 1488 1796 onmem
1512 1741 1690 1794 civita-

110 1845 197 1887 tem
219 1835 342 1886 milii
369 1843 676 1902 protestatur
710 1833 883 1886 dicens
903 1870 918 1895 ,
948 1831 1086 1900 quod
1112 1831 1315 1884 vincula
1339 1840 1385 1884 et
1409 1830 1691 1883 tribulatio-

108 1942 188 1978 nes
233 1942 309 1977 me
360 1933 563 1977 manent
617 1921 880 2002 (Ασιιῖο.
907 1921 998 1976 22.
1213 1920 1324 1975 Cur
1347 1933 1478 1991 ergo
1507 1919 1686 1983 vadis,

106 2018 144 2069 si
191 2016 396 2069 vincula
452 2026 508 2070 et
545 2013 866 2068 afllictiones
916 2023 967 2067 te
1021 2013 1276 2067 manent?
1318 2011 1543 2080 Propter
1589 2011 1688 2066 hoc

106 2106 268 2173 ipsum
335 2115 392 2158 ut
428 2105 658 2176 _vinciar
720 2111 939 2174 propter
990 2101 1297 2167 Christum,
1371 2110 1424 2155 ut
1492 2102 1690 2155 moriar

106 2207 316 2265 propter
346 2191 542 2264 ipsum.
573 2194 687 2249 Non
736 2195 910 2249 solum
954 2194 1098 2248 enim
1150 2201 1364 2262 paratus
1406 2208 1524 2246 sum
1569 2194 1683 2245 vin-

104 2287 192 2338 clri
217 2327 234 2351 ,
266 2285 361 2339 sed
395 2286 557 2339 etiam
589 2285 721 2339 mori
749 2299 848 2355 pro
879 2284 1095 2338 nomine
1124 2272 1339 2337 Domini
1363 2282 1532 2337 nostri
1561 2280 1687 2336 lcsu

102 2375 315 2430 Christi.

168 2463 362 2518 Paulus
389 2465 441 2516 in
463 2463 681 2517 vinculis
709 2473 757 2516 et
792 2463 942 2516 malis
979 2462 1314 2533 gloriabatur.
1341 2491 1414 2501 —
1437 2461 1578 2516 Nihil
1606 2473 1689 2516 est

103 2555 182 2607 illa
202 2556 375 2608 anima
405 2555 637 2609 beatius.
672 2554 728 2608 In
755 2553 1073 2623 quibusnam
1098 2551 1392 2623 gloriatur?
1414 2552 1468 2606 In
1503 2551 1688 2606 vincu-

101 2647 190 2711 lis,
216 2647 269 2701 in
315 2646 702 2700 afﬂictionibus
724 2687 740 2712 ,
773 2647 825 2700 in
855 2655 1043 2700 catena
1064 2685 1080 2710 ,
1109 2646 1162 2699 in
1185 2643 1544 2721 stigmatibus.
1576 2643 1685 2713 Ego

101 2738 328 2807 stigmata
380 2736 589 2790 Domini
630 2735 758 2790 Iesu
801 2735 991 2791 Christi
1032 2735 1085 2789 iu
1124 2750 1335 2804 corpore
1377 2751 1487 2788 meo
1539 2743 1686 2804 porto

101 2826 252 2895 (Gal.
282 2827 336 2881 6.
370 2827 469 2898 l7)
489 2867 506 2892 ,
538 2835 810 2896 tamquam
851 2840 1104 2896 maguum
1145 2824 1360 2896 aliquod
1390 2835 1683 2896 tropaeum;

97 2931 145 2971 et
169 2933 378 2984 rursus,
410 2917 630 2987 PrOpter
653 2916 847 2982 Israel,
876 2916 1064 2988 inquit,
1090 2926 1268 2970 catena
1283 2919 1378 2969 hac
1394 2916 1682 2970 circumda-

97 3019 169 3061 tas
208 3024 324 3062 sum
372 3008 393 3080 (
417 3009 529 3062 Act.
572 3008 666 3063 28.
691 3007 763 3062 20
784 3007 838 3076 );
866 3017 922 3062 et
950 3022 1137 3062 rursus
1167 3024 1183 3060 :
1216 3006 1280 3061 In
1311 3024 1410 3075 quo
1439 3007 1685 3078 legatione

96 3103 276 3170 {ungor
299 3102 353 3153 in
404 3112 584 3153 eatena
630 3098 800 3169 (Eph.
850 3099 904 3153 6.
956 3085 1086 3167 20).
1119 3097 1257 3165 Quid
1281 3097 1382 3152 hoc
1407 3113 1537 3168 ergo
1563 3101 1683 3155 est?

95 3207 194 3251 non
224 3202 276 3246 te
316 3192 514 3261 pudet?
544 3205 650 3244 non
689 3189 1032 3256 extimescis,
1080 3197 1246 3244 totum
1292 3189 1477 3244 orbem
1526 3200 1683 3246 terra:

99 3282 305 3337 vinctus
348 3281 707 3337 circumiens?
734 3295 841 3336 non
871 3281 1064 3336 metuis
1092 3295 1159 3334 ne
1183 3281 1303 3350 quis
1337 3281 1501 3335 Deum
1535 3293 1680 3336 tuum

93 3373 730 3429 accusetimbccillitatis?
755 3389 822 3428 ne
843 3375 963 3443 quis
985 3381 1267 3442 propterea
1293 3389 1396 3425 non
1424 3373 1682 3428 accedat?

94 3465 202 3518 Non
230 3475 392 3530 sunt,
447 3464 653 3534 inquit,
702 3464 824 3518 talia
853 3477 972 3518 mea
1011 3463 1219 3516 vincula
1255 3480 1268 3514 :
1300 3463 1474 3517 sciunt
1520 3465 1681 3518 etiam

92 3558 370 3623 Splendere
397 3559 448 3610 in
471 3557 608 3610 aulis
633 3569 842 3626 regum.
869 3554 953 3608 Ita
983 3566 1037 3607 ut
1064 3555 1265 3608 vincula
1293 3571 1404 3609 mea
1428 3597 1443 3620 ,
1472 3557 1676 3625 inquit,

93 3643 358 3714 niuiiifesth
383 3649 560 3714 ﬁerent
590 3647 642 3699 in
668 3647 805 3699 omni
835 3646 1094 3714 praetorio,
1117 3655 1164 3697 et
1194 3645 1364 3714 plures
1390 3661 1416 3699 e
1439 3647 1681 3715 fratribus

89 3741 137 3790 in
171 3738 393 3793 Domino
436 3739 747 3807 conﬁdentes
792 3739 845 3791 in
897 3737 1112 3792 vinculis
1154 3739 1298 3802 meis,
1342 3738 1682 3793 abundantius

95 3834 331 3884 auderent
371 3832 480 3885 sine
509 3832 687 3884 timore
713 3829 913 3883 verbum
960 3827 1058 3882 Dei
1111 3828 1248 3897 loqui
1299 3827 1572 3899 (Philipp.
1618 3833 1678 3884 .l.

93 3926 178 3992 13,
210 3925 331 3992 14).
366 3922 550 3977 Viden’
571 3922 905 3976 vinculorum
945 3921 1052 3974 vim
1084 3921 1282 3989 magis,
1323 3936 1480 3990 quam
1514 3924 1565 3976 in
1600 3939 1683 3978 re-

92 4017 423 4071 surrectione
454 4013 831 4069 mortuorum?
860 4013 1103 4067 Vinctum
1131 4011 1399 4076 viderunt,
1417 3997 1488 4068 ‘et
1513 4016 1681 4085 magis

90 4107 384 4159 conﬁdunt.
420 4105 522 4160 Ubi
567 4107 710 4158 enim
749 4111 875 4157 sunt
920 4103 1163 4167 vincula,
1215 4103 1321 4156 illic
1367 4119 1580 4174 quoque
1626 4115 1682 4159 ut

92 4197 261 4264 magni
292 4195 494 4265 aliquid
524 4197 718 4248 factum
759 4194 829 4248 sit
872 4208 1093 4248 necesse
1132 4203 1214 4247 est
1243 4210 1258 4246 :
1293 4194 1380 4246 ubi
1423 4194 1677 4261 afﬂictio,

93 4288 194 4339 illic
222 4300 438 4356 quoque
463 4285 687 4340 omnino
715 4293 797 4340 est
835 4285 980 4339 salus
1001 4325 1016 4348 ,
1074 4285 1293 4338 omnino
1329 4286 1437 4340 illic
1485 4297 1568 4341 est
1597 4303 1681 4342 re-

93 4379 320 4442 laxatio,
379 4377 492 4432 illic
536 4377 756 4432 omnino
807 4385 933 4430 sunt
984 4376 1238 4445 praeclara
1279 4388 1331 4432 et
1375 4393 1439 4431 ex
1483 4380 1680 4434 virtute

91 4477 235 4534 gesta
269 4465 689 4520 facinora.Nam
732 4465 977 4520 diabolus
1029 4465 1242 4533 quando
1290 4466 1676 4534 calcitravcrit,

94 4568 212 4610 tunc
268 4555 464 4611 feritur
511 4573 526 4610 :
578 4556 793 4625 quando
840 4554 1072 4609 vinxerit
1128 4555 1219 4608 Dei
1285 4569 1498 4622 servos,
1555 4565 1681 4612 tunc

92 4648 320 4701 maxime
350 4647 546 4701 crescit
567 4645 807 4700 verbum.
843 4645 974 4700 Vide
993 4655 1171 4699 autem
1196 4647 1299 4699 hoc
1325 4645 1518 4714 ubique
1541 4647 1677 4701 ﬁeri.

93 4737 307 4789 Vinetus
339 4736 468 4800 fuit,
498 4744 552 4790 et
582 4734 696 4788 haec
718 4734 844 4789 fecit
879 4736 931 4788 in
971 4749 1189 4789 carcere
1214 4727 1320 4788 :ln
1346 4738 1474 4805 ipsis
1494 4738 1635 4791 enim
1662 4780 1677 4806 ,

93 4837 274 4896 mqutt,
301 4826 520 4878 vinculis
540 4825 660 4878 meis
678 4827 697 4894 (
718 4823 856 4878 Ibid.
884 4825 934 4877 l.
966 4824 1056 4894 7).
1093 4824 1312 4878 Vinctus
1338 4823 1435 4880 l‘uit
1465 4826 1676 4893 Romae,

91 4928 139 4969 el
162 4917 347 4985 plures
379 4917 588 4970 induxit
617 4932 632 4969 :
661 4929 767 4968 non
798 4915 941 4977 enim
989 4916 1103 4984 ipse
1144 4915 1290 4969 solus
1339 4917 1639 4972 conlidebat
1662 4960 1677 4984 ,

92 5007 178 5061 sed
205 5009 372 5061 etiam
394 5006 483 5060 alii
515 5005 668 5059 multi
698 5020 792 5074 per
832 5005 1024 5074 ipsum.
1081 5004 1303 5060 Vinctus
1330 5007 1426 5061 luit
1465 5006 1680 5064 Jeroso—

94 5099 264 5165 lymis.
299 5107 352 5152 cl
381 5097 594 5150 vinctus
619 5097 943 5151 concinnatis
992 5111 1171 5166 regem
1214 5098 1598 5167 obstupefecit,
1627 5111 1682 5155 et

93 5185 280 5247 timore
324 5189 505 5244 aﬂ'ecit
558 5187 868 5258 praefectum
901 5205 914 5240 :
947 5203 1068 5241 nam
1124 5189 1316 5242 timore
1368 5192 1675 5258 perculsus,

92 5297 206 5333 eum
235 5281 506 5343 absolvit;
543 5292 643 5333 nec
663 5293 786 5332 eum
813 5277 902 5347 qui
939 5281 1178 5331 vinxerat
1211 5279 1399 5347 puduit
1442 5295 1471 5333 a
1503 5281 1680 5335 vincto

91 5373 293 5425 discere
313 5371 387 5424 de
410 5369 624 5423 futuris.
660 5366 881 5422 Vinctus
927 5368 1242 5437 navigabat,
1278 5377 1332 5421 et
1360 5368 1519 5422 solvit
1545 5386 1678 5423 nau-

92 5460 308 5528 fragium
327 5501 343 5526 ,
378 5468 433 5513 et
452 5459 625 5513 vinxit
652 5466 1044 5527 tempestatem.
1070 5459 1204 5513 Cum
1245 5469 1389 5515 esset
1419 5462 1471 5514 in
1499 5463 1682 5515 vincu-

93 5548 151 5601 lis
176 5591 188 5611 .
217 5550 374 5604 illum
404 5548 580 5618 tetigit
609 5548 776 5602 bestia
803 5589 818 5614 ,
849 5557 902 5602 et
929 5563 995 5602 co
1039 5549 1257 5604 minime
1302 5550 1428 5604 laeso
1465 5552 1674 5606 cecidit.

96 5640 305 5699 Vinctus
357 5649 442 5695 est
489 5639 676 5695 Romae
704 5678 718 5705 ,
745 5648 799 5694 et
830 5639 1036 5695 vinctus
1075 5641 1426 5695 coneionatus
1463 5645 1680 5696 attraxit

3329 365 3398 419 66

1813 469 2226 524 innumerabiles
2246 513 2259 534 ,
2292 488 2400 542 prie
2425 475 2676 529 omnibus
2703 476 2804 531 hoc
2849 479 3022 548 ipsum
3052 495 3357 551 propiunt-ns
3377 528 3391 550 ,

1804 574 1997 627 nempe
2026 570 2290 617 catenam.

1872 649 2062 708 Contra
2083 669 2262 708 auaros
2291 667 2338 709 et
2358 657 2509 726 plura
2546 658 2766 713 habendi
2790 662 3026 730 rapidos.
3049 692 3120 704 —
3147 663 3254 720 Sed
3287 684 3392 722 non

1803 741 1925 795 licet
1953 757 2115 810 nunc,
2148 745 2340 816 inquit,
2374 747 2561 803 vinciri
2587 751 2812 805 catenis.
2835 750 2940 807 Sed
2966 753 3072 809 alia
3095 767 3176 812 est
3202 771 3393 814 catena

1801 831 1846 885 si
1895 833 2139 889 velimus.
2168 835 2424 902 Quaenam
2468 848 2648 894 autem
2700 842 2815 898 hmc
2839 845 2966 898 est?
3007 845 3193 901 Manus
3220 852 3394 902 conti-

1801 939 1931 978 nere
1949 964 1964 991 ,
1996 925 2061 980 ad
2091 929 2368 984 avaritiam
2391 941 2445 987 et
2470 932 2620 1002 plura
2644 933 2877 1010 habendi
2911 938 3261 1008 cupiditatem
3284 957 3392 996 non

1800 1029 1921 1069 esse
1951 1027 2188 1083 paratos.
2228 1019 2354 1075 Haec
2383 1031 2572 1077 catena
2605 1039 2705 1078 nos
2749 1027 2896 1096 ipsos
2922 1029 3218 1085 vinciamus
3252 1048 3265 1085 :
3295 1047 3394 1102 pro

1800 1105 1944 1159 ferro
1974 1107 2045 1161 sit
2091 1109 2246 1162 nobis
2278 1111 2437 1166 timor
2467 1112 2581 1168 Dei.
2613 1114 2897 1170 Solvamus
2926 1133 3057 1183 eos,
3089 1121 3179 1190 qui
3229 1122 3390 1177 vincti

1799 1194 1958 1264 sunt,
1988 1214 2018 1253 a
2065 1212 2379 1271 paupertate
2405 1245 2419 1269 ,
2459 1206 2529 1259 ab
2569 1206 2882 1265 afﬂictione.
2928 1210 3042 1265 Non
3092 1222 3217 1267 sunt
3244 1215 3390 1284 paria

1798 1292 2009 1359 aperire
2032 1304 2212 1361 portas
2231 1297 2485 1363 carceris,
2508 1307 2564 1352 et
2580 1299 2838 1355 inclusam
2855 1302 3099 1359 relaxare
3117 1307 3350 1360 animam
3373 1325 3389 1362 :

1798 1397 1904 1436 non
1937 1393 2065 1438 sunt
2091 1385 2260 1454 paria,
2293 1387 2594 1442 vinctorum
2630 1391 2844 1447 solvere
2875 1393 3086 1450 vincula
3110 1437 3125 1461 ,
3154 1406 3209 1450 et
3255 1413 3387 1459 con-

1798 1474 1951 1526 tritos
1979 1474 2260 1531 absolvere
2285 1475 2340 1530 in
2368 1479 2708 1536 remissione.
2756 1481 2870 1538 Hoc
2899 1485 2990 1540 illo
3038 1497 3122 1542 est
3169 1489 3386 1558 majus:

1795 1577 1919 1615 nam
1952 1563 2093 1617 illius
2117 1564 2336 1634 quidem
2363 1567 2510 1621 nulla
2538 1580 2622 1624 est
2647 1586 2856 1628 merces
2884 1578 3154 1644 proposita
3176 1620 3192 1645 ,
3226 1580 3389 1650 hujus

1794 1663 1974 1709 autem
2003 1656 2444 1715 innumerabiles.
2466 1660 2647 1732 Longa
2679 1663 2778 1718 fuit
2799 1667 2947 1721 Pauli
2968 1679 3155 1725 catena
3177 1713 3192 1736 ,
3221 1683 3275 1729 et
3295 1675 3388 1730 ditt

1795 1745 2127 1817 multumque
2171 1765 2268 1803 nos
2301 1753 2468 1805 tenuit
2503 1775 2516 1808 :
2561 1766 2644 1808 est
2690 1758 2834 1812 enim
2877 1775 3060 1815 revera
3107 1764 3298 1836 longa,
3333 1781 3388 1824 et

1793 1838 1981 1905 quavis
2009 1849 2197 1894 catena
2230 1855 2389 1896 aurea
2438 1842 2737 1900 honestior.
2790 1848 2909 1918 Ipsa
2956 1853 3165 1910 vinctos
3219 1860 3386 1919 veluti

1791 1925 2018 1994 quadam
2041 1929 2287 1984 machina
2316 1931 2475 1986 trahit
2496 1934 2564 1988 ad
2594 1937 2805 2003 cadum,
2832 1949 2886 1995 et
2907 1950 3174 2014 tamquam
3195 1961 3384 2006 catena

1791 2031 1953 2070 aurea
1985 2031 2238 2087 suspensa
2265 2021 2332 2075 ad
2359 2022 2548 2078 caelum
2573 2041 2784 2084 sursum
2816 2031 3017 2090 trahit:
3048 2046 3102 2091 et
3130 2041 3273 2107 quod
3295 2054 3384 2099 est

1789 2107 2094 2163 mirandum
2115 2151 2130 2176 ,
2164 2111 2373 2168 inferne
2403 2115 2577 2171 vincla
2607 2119 2815 2176 vinctos
2836 2138 3051 2181 sursum
3082 2130 3262 2186 trahit.
3289 2136 3386 2189 At-

1791 2199 1880 2288 qui
1929 2214 2034 2253 non
2064 2210 2147 2254 est
2174 2201 2288 2257 haec
2336 2220 2513 2259 rerum
2557 2218 2783 2278 natura;
2833 2215 2927 2270 sed
2974 2221 3191 2288 quando
3243 2223 3383 2281 Deus

1789 2285 2127 2345 a‘dministrat
2155 2308 2216 2345 ac
2243 2293 2534 2363 dispensat,
2568 2315 2635 2352 ne
2667 2318 2877 2369 quaeras
2903 2285 3084 2364 rerum
3111 2321 3380 2381 naturam,

1793 2393 1966 2448 neque
1991 2386 2429 2452 consequentiam
2451 2427 2466 2450 ,
2500 2388 2595 2442 sed
2627 2405 2748 2460 qua:
2777 2402 2905 2449 sunt
2929 2411 3091 2468 supra
3135 2411 3381 2460 naturam

1790 2478 1845 2525 et
1862 2476 2325 2542 consequentiam.
2349 2477 2625 2534 Discamus
2652 2482 2704 2536 in
2725 2483 3106 2546 afﬂictionibus
3131 2507 3237 2550 non
3283 2498 3379 2551 de-

1783 2557 1910 2630 jiei,
1942 2578 2040 2658 nec
2067 2580 2208 2633 a-gre
2235 2565 2392 2622 l'erre.
2429 2567 2558 2624 Vide
2579 2574 2721 2628 enim
2764 2574 2906 2632 hunc
2927 2577 3175 2638 beatum:
3202 2585 3382 2658 ﬂagris

1788 2665 1960 2747 exesus
1982 2652 2158 2747 fuerat
2181 2666 2234 2710 et
2280 2658 2436 2714 valde
2462 2675 2670 2728 cursus;
2704 2663 2902 2722 Multas
2948 2671 3092 2726 enim
3115 2713 3132 2739 ,
3179 2652 3377 2747 inquit,

1789 2740 1970 2835 plagas
1996 2745 2042 2796 ei
2067 2747 2382 2814 impatientes
2404 2748 2556 2821 (Act.
2582 2754 2670 2807 l6.
2697 2753 2837 2825 25):
2865 2767 2921 2814 et
2944 2761 3155 2818 vinctus
3181 2740 3377 2835 fuerat,

1787 2834 1949 2904 idque
1991 2852 2179 2893 rursus
2204 2841 2386 2907 valde;
2444 2844 2494 2897 in
2551 2847 2861 2905 interiorem
2901 2855 3045 2909 enim
3080 2834 3378 2918 custodiam

1787 2938 1909 2978 eum
1939 2925 2153 2995 injecit,
2176 2929 2338 3000 idque
2365 2934 2587 2989 firmiter
2611 2947 2666 2991 et
2687 2948 2744 2992 ut
2761 2952 2904 2997 esset
2925 2944 2979 2999 in
3004 2955 3136 3003 tuto.
3163 2949 3378 3007 Etcum

1787 3016 1840 3071 in
1887 3028 1993 3111 tam
2037 3007 2234 3111 'multis
2282 3035 2430 3079 esset
2483 3027 2920 3100 difficultatibus,
2974 3038 3150 3094 media
3182 3055 3375 3111 nocte,

1784 3107 2000 3199 quando
2026 3109 2188 3192 etiam
2215 3112 2493 3168 dormiunt
2536 3119 2626 3186 qui
2673 3121 2828 3177 valde
2871 3135 3000 3180 sunt
3043 3107 3375 3199 experrecti,

1787 3198 2040 3289 imposito
2068 3202 2227 3256 etiam
2251 3204 2442 3272 majori
2471 3207 2685 3264 vinculo
2704 3251 2719 3276 ,
2749 3228 2945 3286 nempe
2970 3198 3194 3289 somno,
3218 3240 3378 3282 cane-

1787 3287 1918 3342 bant
1946 3299 2000 3344 et
2030 3290 2317 3347 laudabant
2351 3294 2652 3354 Dominum.
2697 3300 2837 3368 Quid
2884 3305 2967 3361 his
2995 3287 3188 3366 animis
3214 3312 3378 3372 fuerit

1787 3380 1955 3478 magis
1984 3380 2428 3478 adamantinum?
2474 3387 2790 3459 Cogitabam
2811 3398 2952 3465 quod
2985 3405 3138 3470 pueri
3166 3421 3378 3478 quoque

1785 3469 2050 3566 canebant
2073 3473 2128 3526 in
2156 3474 2273 3544 igne
2313 3487 2364 3530 et
2397 3478 2448 3531 in
2479 3480 2694 3538 fornace
2735 3501 2748 3538 :
2779 3469 3005 3547 fortasse
3057 3469 3378 3566 reputabant

1785 3561 2046 3627 dicentes,
2075 3564 2185 3621 Nos
2215 3567 2344 3622 nihil
2367 3570 2542 3627 adhuc
2572 3575 2675 3630 tale
2699 3579 2839 3646 passi
2867 3593 3073 3641 sumus.
3097 3561 3201 3643 Sed
3229 3604 3378 3648 recte

1785 3665 1844 3704 se
1865 3667 2058 3722 gerens
2081 3659 2272 3722 oratio,
2326 3675 2426 3714 nos
2454 3662 2520 3716 ad
2550 3664 2651 3719 alia
2683 3683 2871 3725 rursus
2903 3673 3123 3733 abduxit
3164 3681 3377 3740 vincula

1787 3751 1842 3794 et
1869 3743 2034 3797 alium
2057 3761 2352 3804 carcerem.

1856 3834 1908 3890 8.
1939 3835 2074 3904 Quid
2102 3846 2294 3910 agam?
2319 3844 2438 3899 volo
2462 3855 2658 3915 tacere,
2681 3851 2777 3907 sed
2798 3869 2903 3910 non
2938 3872 3174 3927 possum.
3199 3865 3375 3921 Alium

1786 3928 1964 4024 inveni
1994 3945 2262 3987 carcerem
2295 3935 2385 3989 illo
2405 3937 2880 4014 admirabiliorem,
2913 3958 2968 4003 et
2996 3953 3084 4021 qui
3115 3956 3376 4024 majorem

1785 4017 1939 4075 all‘ert
1961 4030 2253 4115 stuporem.
2299 4024 2404 4079 Sed
2437 4043 2579 4082 nunc
2609 4031 2739 4086 mihi
2769 4017 3072 4107 exsurgite,
3106 4017 3374 4115 tamquam

1786 4124 1927 4170 nunc
1969 4111 2184 4180 incipiat
2213 4117 2407 4178 oratio,
2459 4122 2771 4191 vegetisquc
2799 4141 2940 4182 nunc
2984 4111 3371 4193 accedite-ani-

1786 4202 1908 4256 mis.
1945 4202 2079 4258 Volo
2108 4215 2336 4275 emptam
2366 4208 2756 4281 interrumpere
2782 4219 3108 4289 orationem;
3141 4240 3202 4280 ea
3246 4243 3375 4283 vero

1786 4307 1892 4345 non
1923 4294 2070 4348 sinit.
2104 4293 2236 4349 Nam
2260 4306 2316 4351 ιιι
2344 4301 2494 4368 quis,
2520 4301 2644 4356 dum
2675 4304 2830 4374 bibit,
2861 4325 2966 4365 non
2997 4328 3184 4383 passus
3213 4317 3376 4377 fuerit

1789 4383 2140 4480 interrumpi,
2165 4387 2420 4480 quidquid
2450 4392 2498 4444 ei
2528 4396 2901 4454 renuntietur:
2935 4401 3007 4456 ita
3037 4419 3137 4475 ego
3163 4423 3376 4480 quoque

1786 4474 2124 4543 apprehenso
2175 4479 2470 4534 admirabili
2525 4486 2758 4540 carceris
2806 4491 3001 4557 poculo
3050 4474 3236 4554 eorum
3283 4474 3373 4572 qui

1787 4567 1950 4621 vincti
1976 4578 2100 4622 sunt
2131 4581 2347 4640 propter
2392 4573 2662 4644 Christum
2685 4619 2700 4644 ,
2733 4595 2840 4635 non
2877 4599 3094 4653 possum
3123 4567 3373 4665 cessare,

1787 4671 1893 4712 non
1919 4672 2135 4727 possum
2167 4661 2344 4716 silere.
2389 4662 2522 4718 Nam
2551 4668 2594 4720 si
2645 4668 2760 4738 ipse
2787 4672 2837 4724 in
2891 4690 3111 4734 carcere
3138 4691 3192 4736 et
3220 4661 3376 4742 nocte

1787 4762 1893 4803 non
1916 4747 2081 4816 siluit,
2107 4765 2206 4806 nec
2233 4751 2284 4805 in
2316 4753 2542 4823 ﬂagellis
2577 4773 2713 4829 :ego
2738 4761 2908 4818 silebo
2934 4766 3129 4824 sedens
3157 4788 3276 4828 cum
3305 4777 3377 4832 sit

1785 4837 1902 4892 dies
1921 4877 1935 4903 ,
1964 4847 2018 4892 et
2047 4838 2099 4893 in
2131 4841 2298 4896 multo
2318 4844 2430 4898 otio
2459 4846 2680 4916 loquens
2699 4858 2752 4903 et
2772 4853 2971 4920 quiete,
2998 4870 3119 4912 cum
3147 4860 3246 4917 hoc
3267 4881 3374 4922 non

1786 4932 2092 5022 usuvenerit
2117 4932 2181 4986 iis
2211 4935 2300 5004 qui
2326 4938 2486 4991 vincti
2507 4979 2522 5006 ,
2555 4941 2644 5011 qui
2676 4939 2854 5012 ﬂagris
2893 4939 3016 5003 caisi
3044 4950 3288 5022 fuerant,
3319 4969 3375 5017 et

1789 5021 1961 5076 media
1988 5023 2179 5077 nocte?

1861 5113 1938 5168 De
1962 5115 2117 5168 tribus
2142 5117 2328 5184 pueris.
2353 5148 2424 5158 —
2444 5119 2598 5176 Pueri
2629 5138 2740 5179 non
2763 5126 2992 5184 silebant
3013 5132 3066 5186 in
3089 5133 3304 5193 fornace
3323 5152 3377 5196 et

1788 5205 1908 5273 igne
1935 5203 2109 5277 (Dan.
2141 5207 2245 5275 5),
2277 5217 2330 5262 et
2357 5224 2455 5264 nos
2481 5228 2584 5266 non
2615 5215 2837 5284 pudebit
2864 5220 3060 5276 silere?
3087 5223 3377 5284 Videamus

1789 5309 1916 5364 ergo
1938 5295 2078 5351 hunc
2097 5312 2388 5354 carcerem.
2417 5302 2512 5356 llic
2537 5320 2750 5375 quoque
2779 5309 2940 5363 vincti
2963 5325 3119 5380 sunt;
3152 5319 3247 5373 sed
3269 5331 3375 5374 sta-

1788 5386 1883 5476 tim
1906 5387 1973 5441 ab
2003 5389 2222 5443 exordio
2251 5393 2638 5449 ostendebatur
2666 5398 2805 5464 quod
2829 5415 2935 5454 non
2959 5415 3141 5459 essent
3161 5410 3372 5476 urcndi,

1789 5475 1884 5531 sed
1906 5478 2056 5546 quasi
2085 5479 2328 5534 intraturi
2358 5482 2410 5535 in
2433 5498 2727 5540 carcerem.
2760 5489 2867 5542 Cur
2890 5503 3067 5546 autem
3099 5510 3193 5550 eos
3222 5475 3372 5569 ligas,

1789 5567 1877 5638 qui
1909 5580 2034 5623 sunt
2072 5573 2464 5629 comburendi?
2522 5577 2691 5633 Vincti
2738 5591 2924 5648 erant,
2971 5586 3107 5639 sicut
3139 5567 3373 5658 Paulus,

1790 5659 2013 5726 pedibus
2042 5671 2095 5715 et
2120 5664 2361 5718 manibus
2395 5683 2408 5718 :
2442 5667 2605 5722 vincti
2633 5681 2786 5724 erant
2831 5688 2937 5728 non
2979 5678 3170 5733 minori
3215 5682 3291 5735 ira
3322 5697 3376 5738 et

1794 5749 1992 5806 furore.
2024 5752 2154 5834 Nam
2180 5764 2234 5809 et
2264 5755 2351 5810 ille
2379 5757 2560 5828 injecit
2601 5761 2650 5814 in
2694 5762 3003 5821 interiorem
3044 5752 3374 5837 custodiam,
3467 5745 3474 5751 ’
