4108 6312
3604 117 4090 376 ..η

760 386 829 441 67
1059 376 1073 385 “
1456 382 1512 436 S.
1552 383 1827 437 JOANNIS
1864 384 2333 439 CllliVSOSTUMI
2374 388 2681 443 AMZIIIEP.
2724 392 3253 450 (.UNSTANTINOI’.
3937 396 3989 445 63

756 511 811 555 et
837 500 962 554 hinc
987 498 1144 567 jussit
1174 497 1324 550 valde
1351 497 1565 550 accendi
1590 498 1879 550 fornacem.
1914 498 2016 551 Sed
2058 498 2329 550 videamus

756 608 875 661 qua:
893 600 1014 644 sunt
1034 598 1379 656 consequuta.
1402 587 1507 641 Illis
1526 587 1751 656 hymnos
1774 588 2086 641 canentibus
2107 602 2325 641 concus-

754 696 845 737 sus
871 690 954 734 est
980 695 1187 743 carcer,
1216 687 1269 732 et
1295 687 1492 747 apertae
1513 688 1636 731 sunt
1670 690 1833 747 portae
1862 695 1875 732 :
1908 688 1962 733 et
1992 677 2072 731 his
2103 677 2328 747 hymnos

752 769 1067 826 canentibus
1118 770 1291 824 soluta
1330 778 1454 825 sunt
1500 768 1706 824 vincula
1740 767 1930 837 pedum
1956 778 2010 823 et
2049 784 2324 833 manuum,

753 871 969 928 apertus
997 869 1079 915 est
1107 876 1311 925 carcer,
1351 869 1407 914 et
1432 869 1628 928 aperta:
1656 868 1779 917 sunt
1826 870 1991 928 portae
2046 860 2278 917 i'ornaeis
2310 876 2325 911 :

749 950 1001 1006 sibilabat
1027 949 1186 1007 enim
1216 963 1303 1003 ros
1333 948 1583 1017 Spiritus.
1632 949 2004 1005 Verumtamen
2036 965 2119 1004 me
2159 949 2326 1003 multa

750 1041 1127 1096 circumfluunt
1157 1058 1169 1092 :
1202 1039 1383 1093 nescio
1411 1038 1663 1109 quidnam
1695 1039 1921 1107 primum
1951 1039 2146 1104 dicam,
2175 1037 2329 1107 quid-

749 1148 873 1190 nam
909 1132 1200 1189 secundum
1228 1150 1243 1184 :
1276 1131 1396 1187 ideo
1423 1146 1551 1200 rogo
1569 1146 1636 1186 ne
1659 1131 1784 1200 quis
1810 1147 1838 1183 a
1865 1148 1952 1185 me
1980 1131 2155 1199 exigat
2180 1130 2325 1183 ordi-

750 1240 905 1288 nent;
934 1231 1016 1278 est
1044 1224 1186 1278 enim
1214 1238 1393 1277 rerum
1421 1222 1585 1275 multa
1615 1223 1880 1291 cognatio.
1902 1220 2212 1276 Solutisunt
2236 1220 2325 1289 qui

746 1332 869 1371 cum
887 1316 965 1370 eis
987 1316 1145 1371 vincti
1167 1313 1397 1382 fuerant,
1418 1314 1513 1372 sed
1538 1322 1711 1367 tamen
1734 1312 2069 1371 dormiebant
2092 1328 2105 1365 :
2131 1310 2215 1365 hic
2232 1326 2327 1364 au-

749 1415 853 1460 tem
874 1422 968 1475 pro
996 1406 1058 1459 iis
1078 1404 1274 1473 aliquid
1297 1404 1439 1459 aliud
1462 1403 1755 1461 factumest
1772 1420 1785 1455 :
1805 1403 2070 1462 combusti
2089 1411 2210 1457 sunt
2234 1403 2324 1471 qui
2352 1426 2355 1431 ⁴

746 1513 840 1551 eos
871 1496 1195 1566 injiciebaut.
1220 1494 1325 1550 Sed
1355 1495 1495 1564 quod
1525 1494 1766 1550 volebam
1796 1493 1998 1559 dicere,
2022 1493 2153 1549 vidit
2172 1493 2321 1548 solu-

747 1602 829 1643 tos
861 1603 974 1651 rex,
1004 1598 1058 1641 et
1086 1596 1210 1641 ante
1240 1601 1333 1642 eos
1357 1584 1620 1654 procidit:
1644 1584 1776 1638 vidit
1803 1586 2025 1654 hymnos
2044 1592 2317 1649 canentes,

744 1688 798 1733 et
844 1689 1069 1746 quatuor
1113 1676 1245 1731 vidit
1273 1676 1605 1735 ambulantes
1631 1716 1645 1741 ,
1678 1684 1731 1728 et
1772 1675 1983 1728 vocavit
2019 1688 2133 1727 eos.
2173 1673 2323 1727 Sicut

743 1783 872 1837 ergo
902 1766 1095 1821 Paulus
1119 1782 1222 1821 non
1252 1765 1543 1829 exivisset,
1576 1765 1674 1818 etsi
1707 1774 1919 1834 posset,
1944 1765 2044 1818 nisi
2073 1766 2159 1833 qui
2188 1764 2321 1833 inje-

743 1865 1038 1913 ceraletlm
1087 1864 1362 1919 vocasset,
1394 1865 1449 1912 et
1477 1854 1790 1911 eduxisset:
1822 1857 1893 1909 ita
1940 1871 2038 1911 nec
2084 1856 2160 1910 illi
2211 1865 2318 1910 tres

743 1946 891 2015 pueri
922 1946 1200 2012 exierunt,
1234 1945 1403 2003 donec
1434 1942 1588 2013 isqui
1616 1944 1966 2014 injecitjussit
1992 1944 2157 1998 exire.
2181 1943 2315 2011 Quid

740 2052 805 2091 cx
835 2036 937 2091 hoc
962 2036 1256 2091 discimus?
1285 2034 1399 2091 Non
1453 2036 1704 2092 festinare
1752 2034 1819 2091 ad
1866 2050 2164 2101 aerumnas,
2218 2048 2319 2088 nec

741 2142 1030 2198 properare
1054 2126 1123 2181 ad
1153 2125 1506 2190 afflictiones;
1538 2140 1636 2180 nec
1665 2139 1849 2179 rursus
1876 2126 1927 2179 in
1950 2126 2029 2179 eis
2058 2140 2273 2179 manere
2295 2166 2309 2188 ,

738 2224 783 2276 si
807 2223 912 2277 sint
932 2221 1021 2291 qui
1043 2222 1273 2277 solvant.
1302 2218 1405 2273 Sed
1435 2218 1523 2274 ille
1550 2218 1764 2287 quidem
1789 2218 2011 2286 procidit
2030 2218 2095 2271 ad
2119 2218 2309 2287 pedes;

737 2322 946 2381 poterat
971 2313 1113 2366 enim
1142 2310 1346 2382 ingredi
1371 2310 1455 2365 ubi
1478 2320 1630 2369 erant
1650 2310 1816 2364 sancti
1848 2326 1860 2362 :
1886 2309 1972 2383 hic
1993 2320 2168 2365 autem
2191 2324 2311 2363 cum

740 2404 977 2458 venisset
998 2402 1065 2456 ad
1092 2403 1287 2463 ostium
1308 2441 1325 2469 ,
1354 2403 1501 2457 stetit
1537 2419 1549 2454 :
1579 2416 1684 2455 non
1716 2400 1945 2455 audebat
1984 2400 2127 2453 enim
2156 2414 2311 2453 acce-

733 2494 863 2549 dere
891 2494 955 2548 ad
982 2509 1101 2551 eum
1130 2494 1219 2562 qui
1242 2493 1383 2549 intus
1401 2501 1513 2545 erat
1534 2506 1824 2557 carcerem,
1848 2505 2005 2559 quem
2035 2490 2161 2557 ipsis
2185 2502 2312 2542 con-

735 2592 1006 2639 struxerat
1034 2598 1130 2651 per
1156 2582 1355 2651 ignem.
1383 2580 1759 2650 Conlemplare
1788 2590 1962 2633 autem
1991 2578 2172 2633 verba.
2216 2579 2310 2630 Ille

708 2672 860 2731 dicit
888 2695 900 2729 :
938 2675 1169 2740 Domini,
1201 2672 1324 2743 quid
1351 2689 1429 2726 nte
1452 2681 1645 2741 Oportet
1672 2676 1837 2743 facere
1856 2712 1868 2733 ,
1897 2681 1949 2725 ut
1978 2671 2072 2723 sim
2097 2669 2309 2722 salvus?

731 2769 827 2822 llic
850 2768 939 2821 ille
959 2783 1062 2821 non
1090 2781 1209 2826 cum
1248 2774 1391 2821 tanta
1417 2765 1628 2833 quidem
1656 2763 1951 2817 humilitate
1969 2804 1984 2829 ,
2007 2777 2191 2817 vocem
2212 2777 2305 2814 au-

731 2869 836 2912 tem
868 2857 1045 2912 emisit
1072 2871 1176 2912 non
1210 2856 1384 2909 minus
1406 2854 1697 2923 jucundam
1729 2870 1743 2905 :
1777 2854 1961 2907 Sidrac
1981 2892 1995 2915 ,
2040 2852 2233 2915 Μίδαι,
2261 2859 2308 2902 et

729 2949 1037 3017 Abdenago,
1082 2947 1212 3000 servi
1267 2945 1363 2998 Dei
1424 2944 1641 3007 excelsi,
1701 2944 2014 3013 egredimini,
2057 2952 2105 2996 et
2151 2944 2308 2996 venite

729 3042 745 3106 (
768 3038 967 3092 Daniel.
995 3038 1048 3091 5.
1084 3053 1128 3091 υ.
1152 3036 1277 3105 95).
1302 3036 1519 3104 Magnus
1550 3037 1721 3090 honor
1745 3053 1757 3089 :
1787 3034 1935 3089 Servi
1962 3034 2058 3089 Dei
2080 3034 2262 3089 excelsi
2282 3075 2300 3099 ,

727 3128 1041 3197 egredimini,
1061 3136 1103 3180 et
1122 3128 1295 3180 venite.
1317 3126 1593 3192 Quomodo
1624 3123 1983 3195 egredieutur,
2007 3139 2039 3177 ο
2055 3124 2175 3178 rex?
2192 3124 2304 3178 vin-

725 3228 841 3273 ctos
863 3217 1086 3286 iujecisti
1114 3217 1164 3270 in
1189 3218 1361 3284 ignem
1399 3234 1412 3269 :
1440 3224 1544 3268 tam
1568 3216 1726 3284 longo
1755 3225 1994 3285 tempore
2019 3213 2229 3267 fuerunt
2252 3216 2302 3269 in

727 3312 886 3379 igne?
916 3310 1045 3363 Nam
1072 3310 1117 3363 si
1149 3308 1368 3368 fuissent
1402 3307 1745 3371 adamantini,
1773 3307 1817 3360 si
1849 3306 2089 3365 materia:
2111 3307 2301 3359 metal-

725 3402 841 3456 lica:
866 3440 881 3465 ,
912 3401 999 3469 qui
1034 3408 1199 3453 totum
1226 3399 1373 3451 illum
1403 3397 1665 3452 cauebant
1690 3395 1943 3467 hymnum
1965 3438 1977 3460 ,
2009 3411 2183 3452 annon
2210 3411 2301 3465 pc-

724 3492 975 3546 riissem‘l
1004 3492 1226 3561 Propter
1248 3488 1350 3549 hoc
1378 3490 1548 3557 ipsum
1578 3488 1709 3541 salvi
1753 3488 1999 3553 fuerunt,
2032 3489 2172 3558 quod
2202 3490 2299 3558 hy-

726 3596 880 3635 mnos
906 3590 1179 3634 canerent.
1218 3578 1393 3631 Animi
1442 3591 1628 3633 eorum
1671 3576 1994 3633 alacritatem
2042 3582 2301 3632 reveritus

725 3679 807 3725 est
832 3670 966 3741 ignis
990 3688 1011 3724 :
1038 3669 1295 3723 reveritus
1326 3675 1408 3720 est
1430 3667 1591 3719 etiam
1618 3667 1880 3720 canticum
1913 3667 2038 3722 illud
2068 3667 2297 3720 admira-

727 3761 831 3815 bile
860 3770 912 3813 et
944 3760 1188 3829 hymnos.
1230 3758 1510 3823 Quomodo
1538 3772 1630 3811 eos
1661 3758 1861 3811 vocas?
1889 3758 2118 3813 Primum
2142 3759 2247 3811 dixi
2282 3774 2294 3811 :

726 3849 869 3903 Servi
898 3847 991 3901 Dei
1006 3848 1185 3901 excelsi
1210 3862 1227 3899 :
1251 3847 1427 3901 omnia
1460 3846 1597 3900 enim
1628 3856 1849 3913 possunt
1872 3846 1961 3899 Dei
1985 3848 2142 3902 servi.
2166 3846 2295 3900 Nam

724 3942 768 3994 si
796 3949 921 3995 sunt
948 3939 1108 4007 aliqui
1134 3938 1270 3992 servi
1296 3937 1590 4000 hominum,
1613 3945 1666 3989 et
1697 3935 1748 3987 in
1777 3935 1934 3989 rebus
1961 3936 2167 3989 illorum
2192 3952 2297 3989 non

724 4031 983 4083 minorem
1012 4028 1206 4082 habent
1233 4034 1570 4095 potestatem,
1592 4026 1868 4093 imperium
1890 4036 1941 4081 et
1958 4010 2295 4079 adiitinistrao

724 4122 957 4186 tionem,
986 4119 1338 4188 multomagis
1362 4118 1501 4184 servi
1524 4118 1635 4173 Dei.
1674 4116 1865 4171 Vocem
1901 4119 2075 4173 emisit
2101 4118 2295 4189 jucun-

722 4213 996 4267 dissimam
1032 4227 1043 4263 :
1069 4210 1271 4265 sciebat
1295 4224 1353 4264 se
1375 4225 1435 4263 ea
1455 4210 1682 4264 maxime
1711 4210 1837 4279 ipsis
1861 4212 2140 4265 assentari.
2163 4212 2294 4268 Nam

723 4306 808 4371 si,
841 4314 897 4360 ut
925 4303 1065 4357 servi
1118 4303 1209 4357 Dei
1244 4310 1557 4364 manerent,
1591 4302 1643 4355 in
1688 4303 1859 4371 ignem
1889 4312 2013 4358 sunt
2040 4304 2291 4373 ingressi,

724 4416 830 4454 non
857 4406 971 4451 erat
999 4398 1101 4451 alia
1124 4410 1224 4447 vox
1256 4393 1355 4450 bac
1374 4392 1659 4461 jucundior
1691 4412 1704 4448 :
1732 4409 1835 4448 non
1862 4395 1903 4448 si
1941 4410 2033 4449 eos
2058 4407 2298 4450 vocasset

723 4503 908 4559 reges,
943 4502 1045 4541 non
1069 4486 1112 4539 si
1141 4484 1384 4538 dominos
1413 4482 1556 4536 orbis
1583 4492 1737 4538 terrae
1757 4525 1770 4547 ,
1804 4493 1943 4539 tanta
1975 4500 2069 4538 cos
2092 4479 2298 4539 allecis-

721 4592 803 4635 set
825 4580 1090 4649 voluptate
1109 4618 1124 4645 ,
1156 4584 1351 4650 quanta
1374 4591 1492 4631 cum
1516 4577 1594 4631 eis
1613 4576 1778 4641 dixit,
1806 4577 1951 4631 Servi
1976 4578 2072 4631 Dei
2091 4580 2292 4635 excelsi.

724 4674 791 4731 Et
820 4672 945 4743 quid
984 4670 1233 4725 miraris?
1261 4669 1338 4725 Ad
1369 4683 1611 4737 magnam
1642 4671 1783 4724 enim
1808 4670 2024 4734 urbem,
2054 4686 2174 4738 quae
2204 4685 2294 4723 or-

721 4766 1006 4821 bis‘terra:
1054 4760 1328 4815 obtinebat
1372 4759 1735 4823 dominatum,
1790 4768 1844 4813 et
1884 4759 1971 4816 cui
2009 4750 2297 4813 auctoritas

720 4868 942 4924 magnos
985 4852 1211 4909 faciebat
1252 4850 1505 4919 spiritus,
1552 4850 1746 4905 Paulus
1790 4851 2027 4906 scribens
2074 4850 2175 4904 hoc
2202 4866 2297 4919 po-

718 4950 856 5011 suit,
904 4945 1124 5014 utquod
1175 4943 1414 5013 dignitati
1452 4957 1515 4995 ex
1567 4942 1861 5012 mquilibrio
1907 4942 2303 5010 reSponderet,

721 5042 829 5093 imo
854 5051 981 5089 vero
1011 5047 1059 5088 et
1088 5034 1363 5089 consulatu
1385 5042 1437 5086 et
1464 5049 1626 5103 regno
1654 5045 1706 5087 et
1726 5035 1867 5088 orbis
1895 5045 2049 5089 terra:
2074 5035 2295 5104 imperio

720 5131 875 5196 longe
897 5126 1068 5193 majus
1082 5135 1239 5195 atque
1262 5124 1396 5184 adeo
1420 5125 1901 5192 incomparabiliter
1919 5127 2089 5195 majus
2116 5140 2254 5182 esset
2277 5145 2291 5193 ;

721 5220 918 5273 Paulus
966 5234 1138 5271 servus
1186 5214 1313 5270 Iesu
1351 5215 1536 5271 Christi
1589 5216 1772 5288 (Rom.
1802 5219 1850 5271 1.
1880 5218 1965 5287 1).
2027 5219 2170 5272 Servi
2199 5217 2295 5271 Dei

719 5310 917 5363 excelsi.
948 5308 1002 5362 Si
1032 5310 1196 5371 enim,
1246 5306 1449 5374 inquit,
1481 5314 1684 5359 tantum
1729 5317 1930 5376 ponunt
1959 5308 2191 5362 studium
2240 5317 2295 5363 ut

718 5401 828 5453 sint
854 5400 991 5453 servi
1014 5441 1029 5463 ,
1054 5397 1272 5451 omnino
1292 5397 1369 5451 eis
1399 5396 1498 5449 hoc
1528 5397 1978 5464 persuadebimus.
2013 5399 2141 5453 Vide
2166 5415 2294 5469 ergo

718 5490 875 5544 etiam
903 5502 1184 5557 puerorum
1212 5486 1458 5555 pietatem
1495 5503 1507 5537 :
1547 5500 1648 5538 non
1677 5499 2093 5540 succensuerunl
2121 5504 2291 5557 neque

716 5580 835 5633 irati
864 5588 989 5637 sunt
1033 5592 1203 5645 neque
1242 5576 1706 5640 contradixerunt,
1754 5577 1846 5631 sed
1894 5578 2093 5646 egressi
2145 5587 2286 5631 sunt.

714 5670 845 5727 Nam
875 5670 919 5723 si
946 5668 1259 5740 supplicium
1290 5668 1715 5734 existimassem,
1737 5667 1874 5737 quod
1900 5668 2077 5735 iujecti
2106 5680 2284 5723 essent

715 5767 768 5821 in
798 5760 1065 5821 fornacem
1093 5796 1101 5811 .
1150 5763 1579 5820 succcnsuisseut
1610 5762 1658 5817 ei
1700 5762 1785 5831 qui
1828 5760 2079 5830 injecL-rat
2110 5777 2285 5815 :nuuc

2435 509 2610 553 autem
2639 502 2765 555 nihil
2798 504 3021 567 horum;
3070 508 3162 559 sed
3211 510 3278 561 ita
3323 509 3566 563 exierunt
3620 522 3884 581 tamquam
3920 518 3991 582 qui

2436 589 2705 656 prodirent
2748 610 2778 645 c
2806 594 2937 645 czelo
2967 613 2978 646 :
3010 606 3064 647 et
3103 598 3239 662 quod
3270 597 3338 651 de
3384 599 3496 653 sole
3540 600 3669 653 dicit
3720 603 3988 671 propitta,

2438 676 2713 745 Tamquam
2738 697 2955 747 sponsus
2982 684 3302 751 procedens;
3328 688 3550 740 thalamo
3592 707 3684 741 suo
3709 690 3727 760 (
3752 690 3892 744 Psul.
3920 694 3989 747 18.

2435 766 2534 835 6),
2572 766 2670 821 hoc
2696 770 2853 822 etiam
2882 772 2971 839 qui
2990 772 3055 825 de
3077 774 3155 825 eis
3176 775 3403 842 dixerit,
3434 793 3538 831 non
3563 780 3841 833 aberrarit.
3868 781 3971 849 Quo
4044 776 4045 845 ἶ

2434 859 2630 913 modo?
2688 862 2779 915 Illo
2826 864 2901 915 sic
2932 865 3256 933 procedente
3308 868 3407 937 ipsi
3459 877 3585 923 tunc
3639 885 3993 938 processerunt

2431 948 2779 1017 splendidius.
2830 951 2961 1005 Nam
3017 954 3131 1020 ipse
3177 954 3390 1024 quidem
3422 958 3778 1026 procedebat,
3823 961 3989 1015 orbem
4044 986 4045 1007 ξ

2435 1046 2592 1097 terra:
2622 1040 2893 1096 illustrans
2918 1044 3099 1097 sensili
3133 1045 3361 1110 lumine,
3396 1048 3468 1101 illi
3501 1064 3626 1102 vero
3645 1049 3799 1104 aliter
3822 1053 3989 1106 orbem
4044 1074 4045 1110 ξ

2434 1135 2587 1181 terra:
2648 1127 3041 1195 illuminantes,
3099 1149 3291 1203 nempe
3338 1137 3599 1203 spirituali
3646 1139 3823 1195 modo.
3873 1140 3988 1195 Nam

2432 1228 2649 1287 promer
2678 1219 2819 1287 ipsos
2849 1237 2941 1275 rex
2974 1224 3152 1277 Statim
3185 1225 3323 1279 misit
3369 1227 3643 1282 decretum
3664 1269 3680 1295 ,
3724 1231 3864 1300 quod
3892 1232 3991 1286 hare

2432 1307 2595 1362 verba
2622 1310 2925 1365 continebat
2948 1330 2960 1365 ε
2982 1312 3297 1369 Placuerqu
3320 1332 3500 1371 coram
3530 1336 3613 1375 me
3640 1320 3786 1390 signa
3810 1332 3863 1376 et
3879 1339 3988 1392 pro-

2429 1397 2592 1467 digia,
2622 1414 2740 1467 qua:
2769 1398 2893 1452 fecit
2922 1402 3061 1456 Deus
3091 1405 3245 1457 nobis
3272 1408 3477 1459 ostendi
3505 1418 3769 1478 tamquam
3816 1427 3988 1482 magna

2427 1495 2483 1538 et
2508 1485 2660 1539 fortia
2684 1486 2856 1556 (Dan.
2893 1490 2944 1544 5.
2974 1491 3060 1545 99.
3090 1493 3247 1563 100).
3279 1494 3535 1550 Exierunt
3560 1498 3737 1566 itaque
3770 1501 3990 1570 splendi-

2425 1576 2553 1631 dutn
2579 1580 2884 1635 emittentes
2911 1584 3115 1637 radium
3136 1624 3151 1649 ,
3174 1587 3261 1654 qui
3290 1586 3440 1641 lmtus
3467 1588 3681 1657 quidem
3700 1601 3817 1645 erat
3842 1595 3987 1646 etiam

2427 1666 2478 1719 in
2507 1667 2637 1735 ipsis
2663 1669 3009 1738 regionibus:
3049 1676 3279 1728 maxime
3326 1685 3501 1730 autem
3547 1689 3754 1747 poterat
3808 1682 3989 1751 ubique

2425 1756 2646 1811 extendi
2687 1773 2783 1827 per
2833 1760 3019 1815 literas
3056 1764 3259 1831 regias,
3285 1775 3338 1817 et
3377 1766 3587 1821 solvere
3613 1769 3859 1825 tenebras
3881 1789 3989 1840 qum

2425 1857 2579 1902 erant
2613 1848 2806 1918 ubique
2853 1860 3111 1906 extensa).
3166 1852 3517 1922 Egredimini,
3565 1867 3613 1910 et
3658 1861 3836 1914 venite.
3882 1860 3987 1915 Non

2418 1938 2577 2007 jussit
2630 1939 2902 1996 fornacem
2961 1943 3353 2013 exstinguerer
3387 1946 3481 1999 sed
3533 1946 3635 2002 hoc
3699 1950 3861 2003 etiam
3902 1966 3986 2005 eos

2422 2030 2652 2084 maxime
2683 2030 2996 2097 honoravit,
3043 2032 3181 2101 quod
3219 2034 3503 2089 crediderit
3536 2050 3629 2090 eos
3667 2052 3773 2091 non
3812 2040 3985 2094 solum

2421 2133 2579 2187 posse
2607 2119 2749 2172 intus
2773 2120 3075 2187 ambulare,
3105 2122 3199 2176 sed
3230 2121 3389 2176 etiam
3431 2139 3497 2179 eo
3535 2126 3756 2182 ardente
3794 2130 3984 2199 egredi.

2490 2211 2541 2265 9.
2577 2210 2861 2264 Videamus
2883 2222 3061 2265 autem
3090 2253 3108 2278 ,
3139 2213 3181 2264 si
3214 2212 3387 2281 placet
3419 2254 3434 2279 ,
3466 2217 3625 2269 verba
3652 2232 3866 2287 quoque
3891 2234 3981 2273 eu-

2417 2302 2584 2355 stodis
2626 2302 2859 2356 carceris
2892 2318 2906 2353 :
2939 2301 3149 2355 Domini
3180 2343 3194 2367 ,
3226 2304 3347 2372 quid
3386 2321 3464 2357 me
3492 2318 3686 2375 oportet
3729 2312 3898 2378 facere
3935 2322 3985 2364 sit

2415 2393 2584 2443 salvus
2612 2391 2730 2458 ﬁam
2762 2390 2895 2461 (Act.
2929 2390 3015 2445 16.
3045 2392 3174 2461 30)?
3228 2392 3361 2459 Quid
3388 2396 3485 2448 hac
3516 2410 3642 2450 voce
3666 2398 3985 2465 jucundius?

2417 2465 2565 2537 Facit
2592 2484 2737 2550 ipsos
2762 2482 2980 2551 angelos
3007 2485 3223 2538 exsilire
3253 2505 3266 2538 :
3296 2496 3354 2538 ut
3382 2487 3518 2539 hanc
3542 2488 3753 2541 audiret
3782 2506 3980 2555 vocem,

2413 2588 2598 2626 servus
2624 2589 2834 2643 quoque
2863 2574 3034 2628 factus
3063 2585 3147 2629 est
3173 2577 3261 2630 Dei
3292 2577 3603 2646 Unigenitus
3626 2598 3638 2632 :
3662 2582 3799 2634 hanc
3832 2582 3983 2636 Petro

2412 2667 2662 2719 dicebam
2686 2682 2871 2720 vocem
2899 2668 2989 2736 qui
3016 2668 3364 2724 crediderunt
3392 2669 3459 2723 ab
3488 2670 3641 2723 initio
3674 2689 3688 2724 :
3737 2673 3873 2738 Quid
3902 2679 3979 2742 fa-

2411 2758 2595 2809 ciemus
2625 2768 2681 2809 ut
2712 2757 2842 2811 salvi
2874 2758 3074 2812 simus?
3106 2758 3171 2813 Et
3195 2760 3319 2826 quid
3348 2760 3518 2813 dicit?
3544 2761 3777 2828 Credite,
3812 2773 3866 2816 et
3891 2764 3981 2816 ba-

2411 2849 2682 2917 ptizemini
2727 2848 2746 2918 (
2774 2847 2911 2900 Ibid.
2943 2848 2997 2902 2.
3024 2850 3115 2903 '57.
3147 2849 3218 2903 58
3247 2850 3287 2919 ).
3329 2850 3598 2905 Lubenter
3627 2852 3787 2906 etiam
3821 2854 3871 2905 in
3895 2869 3985 2923 ge~

2412 2937 2641 2991 bennam
2671 2939 2954 2994 cecidisset
2982 2940 3181 2993 Paulus
3205 2982 3220 3007 ,
3252 2950 3308 2994 ut
3336 2940 3474 2995 hanc
3504 2958 3689 2997 vocem
3722 2945 3930 2998 audiret
3954 2960 3982 2999 a

2407 3028 2626 3093 Iudaeis,
2652 3039 2870 3098 propter
2895 3030 3220 3084 desiderium
3242 3046 3426 3084 eorum
3445 3032 3630 3086 salutis
3651 3042 3706 3087 et
3730 3034 3982 3088 obedien-

2410 3118 2516 3171 tiaz.
2553 3117 2686 3173 Vide
2713 3127 2892 3172 autem
2917 3160 2933 3185 ,
2962 3119 3041 3173 eis
3072 3119 3332 3189 permittit
3366 3128 3533 3175 totum
3566 3160 3581 3185 ,
3613 3122 3744 3175 nihil
3774 3123 3983 3177 curiose

2390 3211 2649 3278 inquirit.
2684 3208 2975 3265 Videamus
3016 3219 3193 3262 autem
3223 3225 3343 3278 qum
3381 3220 3699 3279 sequuntur.
3740 3212 3836 3265 llic
3878 3230 3983 3269 non

2407 3301 2533 3353 dicit
2570 3320 2583 3355 :
2630 3300 2700 3356 Ut
2742 3302 2921 3355 salvus
2956 3301 3076 3353 liam
3102 3342 3117 3365 ,
3162 3301 3257 3355 sed
3299 3303 3487 3370 quavis
3528 3318 3663 3358 voce
3695 3304 3891 3358 clarior
3930 3316 3985 3360 et

2406 3393 2705 3447 evidentior
2731 3394 2939 3446 exstitit
2966 3392 3231 3459 doetrina,
3264 3404 3321 3449 et
3348 3396 3526 3449 statim
3557 3395 3617 3450 fit
3644 3398 3981 3466 praedicator.

2406 3482 2521 3536 Non
2548 3497 2683 3551 opus
2713 3482 2872 3537 habet
2897 3492 2956 3536 ut
2980 3483 3246 3537 catechesi
3277 3485 3582 3539 instituatur
3602 3526 3617 3550 ,
3645 3488 3781 3540 sicut
3800 3499 3984 3542 custos

2405 3575 2634 3627 carceris
2660 3590 2674 3638 ;
2704 3572 2798 3627 sed
2824 3574 2951 3643 quid
2976 3575 2999 3627 ?
3030 3574 3196 3627 Deum
3232 3576 3501 3643 praedicat,
3534 3588 3588 3630 et
3613 3577 3809 3641 fatetur
3832 3590 3983 3647 pote.

2406 3674 2601 3717 statem
2632 3680 2646 3717 :
2680 3662 2737 3717 1η
2768 3659 2998 3717 veritate
3031 3664 3153 3718 novi
3179 3706 3192 3728 ,
3223 3666 3362 3732 quod
3397 3667 3536 3720 Deus
3562 3678 3739 3727 vester
3765 3670 3877 3737 ipse
3900 3680 3983 3723 est

2406 3755 2546 3810 Deus
2570 3756 2815 3821 deorum,
2836 3766 2890 3810 et
2920 3756 3173 3809 Dominus
3194 3757 3553 3824 dominorum,
3570 3761 3818 3827 quoniam
3838 3762 3984 3817 misit

2403 3847 2648 3915 angelum
2670 3862 2847 3912 suum,
2867 3857 2920 3901 et
2943 3848 3189 3901 liberavit
3208 3864 3301 3901 vos
3317 3864 3345 3900 a
3368 3850 3579 3903 fornace
3598 3848 3758 3921 (Dan.
3786 3853 3839 3907 5.
3861 3854 3994 3923 95).

2403 3936 2471 3989 Ει
2500 3935 2628 4005 quid
2658 3938 2880 4006 postea?
2900 3937 3014 3991 Non
3044 3953 3179 3990 unus
3204 3949 3385 3991 custos
3405 3942 3636 3994 carceris
3656 3982 3673 4006 ,
3702 3945 3795 3996 sed
3827 3945 3983 3997 multi

2402 4020 2671 4081 catechesi
2692 4028 3045 4082 instituuntur
3066 4044 3159 4098 per
3183 4029 3362 4083 literas
3380 4032 3573 4100 regias,
3592 4047 3687 4101 per
3702 4046 3980 4103 aspectmu

2404 4134 2603 4173 rerum.
2637 4119 2769 4173 Nam
2798 4121 2938 4189 quod
2970 4136 3059 4174 rex
3090 4137 3195 4173 non
3225 4131 3366 4175 esset
3408 4123 3661 4176 mentitus
3685 4165 3698 4186 ,
3734 4127 3985 4180 omnibus

2404 4210 2742 4278 perspicuum
2788 4220 2903 4265 erat
2934 4228 2947 4264 :
2976 4227 3080 4263 non
3121 4212 3263 4265 enim
3314 4213 3571 4266 voluisset
3603 4215 3825 4283 captivis
3867 4217 3985 4271 hasc

2403 4302 2542 4357 ferre
2571 4302 2874 4356 testimonia
2899 4345 2912 4365 ,
2947 4317 3120 4371 neque
3160 4317 3252 4357 sua
3284 4302 3517 4371 dejicere
3546 4320 3609 4358 ac
3635 4304 3942 4373 deprimere
3967 4329 3980 4361 :

2402 4396 2663 4450 noluisset
2684 4404 2843 4448 tantm
2870 4396 3119 4448 amentiae
3148 4393 3388 4464 praebere
3417 4397 3749 4463 opinionem.
3780 4398 3981 4465 Quam-

2400 4485 2590 4539 obrem
2610 4526 2623 4550 ,
2653 4486 2751 4538 nisi
2782 4485 3021 4538 veritatis
3051 4485 3213 4537 umlta
3255 4484 3441 4538 fuisset
3469 4487 3842 4555 perSpicuitas,
3873 4507 3981 4545 nun

2401 4576 2518 4630 haec
2546 4576 2867 4645 scripsisset,
2892 4576 3049 4643 idque
3065 4591 3185 4629 cum
3214 4585 3318 4627 tam
3350 4575 3501 4628 multi
3526 4575 3797 4631 adessent.
3824 4580 3987 4633 Vide.

2403 4669 2470 4721 tis
2498 4676 2694 4737 quanta
2723 4666 2792 4725 sit
2829 4668 2909 4719 vis
2940 4667 3297 4730 vinculorum,
3333 4674 3529 4733 quanta
3559 4667 3728 4721 virtus
3756 4668 3984 4739 hymno.

2401 4774 2518 4811 rum
2549 4759 2640 4827 qui
2687 4766 2969 4811 cantantur
2999 4758 3050 4810 in
3088 4756 3426 4809 afﬂictione?
3462 4756 3715 4809 Animum
3752 4775 3859 4811 non
3889 4762 3985 4816 de-

2400 4852 2735 4919 sponderunt
2786 4866 2958 4922 neque
3014 4851 3209 4919 dejecti
3269 4860 3437 4914 sunt,
3497 4851 3588 4903 sed
3647 4861 3773 4906 tunc
3830 4866 3987 4909 erant

2400 4943 2847 5009 vehementiores,
2872 4953 2996 4997 tunc
3017 4958 3201 4996 eorum
3226 4942 3322 4995 fuit
3345 4942 3513 5009 major
3530 4942 3688 4995 animi
3708 4945 3983 5002 alacritas.

2399 5036 2590 5091 Merito
2628 5038 2742 5091 hate
2783 5038 3104 5105 cogitarunt.
3140 5035 3323 5089 Restat
3362 5035 3535 5089 adhuc
3561 5052 3747 5089 unum.
3787 5037 3898 5091 Cur
3929 5039 3985 5099 in

2400 5141 2615 5180 carcere
2656 5127 2688 5179 ii
2730 5128 2815 5195 qui
2859 5127 3020 5179 vincti
3054 5135 3208 5178 erant
3238 5167 3252 5191 ,
3284 5135 3406 5179 sum
3432 5126 3588 5179 soluti
3618 5144 3631 5187 ;
3666 5126 3717 5179 in
3764 5126 3987 5181 fornace

2400 5225 2575 5270 autem
2607 5216 2780 5270 exusti
2824 5225 2949 5270 sunt
2976 5216 3065 5283 qui
3099 5215 3449 5283 injiciebaut?
3493 5215 3649 5284 Atqui
3696 5216 3989 5285 Oportebat

2401 5310 2502 5365 hoc
2526 5312 2629 5379 pati
2662 5326 2839 5379 regem
2872 5328 2884 5363 :
2914 5326 3088 5380 neque
3127 5312 3267 5365 enim
3302 5321 3504 5366 tantum
3540 5323 3849 5380 peccaram,
3882 5330 3986 5365 nec

2398 5402 2486 5470 qui
2516 5402 2818 5455 vinciebant
2845 5417 3020 5471 neque
3045 5406 3131 5469 qui
3162 5402 3492 5469 injiciebaut,
3526 5412 3783 5471 quantum
3818 5404 3864 5456 is
3887 5406 3984 5471 qui

2394 5492 2556 5560 jussit
2594 5492 2695 5546 hoc
2738 5493 2873 5546 fieri.
2921 5492 3031 5546 Cur
3076 5508 3202 5560 ergo
3249 5492 3322 5544 illi
3366 5492 3683 5561 perierunt?
3722 5492 3818 5545 llic
3872 5510 3986 5548 non

2400 5583 2553 5637 valde
2595 5598 2728 5651 opus
2771 5593 2853 5637 est
2901 5593 2958 5636 ut
3000 5599 3087 5637 res
3126 5593 3374 5637 accurate
3415 5584 3762 5653 disceptetur.
3808 5585 3989 5637 Erant

2397 5673 2537 5725 enim
2570 5674 2715 5740 impii
2752 5690 2765 5727 :
2797 5683 3080 5743 propterea
3112 5673 3213 5727 hoc
3249 5673 3474 5728 consilio
3505 5674 3555 5727 id
3586 5674 3840 5742 agebatur
3866 5716 3886 5739 ,
3926 5688 3987 5725 nt

2403 5763 2772 5819 ostenderetur
2794 5782 2872 5817 vis
2895 5765 3056 5829 ignis,
3087 5774 3138 5817 ct
3170 5765 3339 5834 majus
3373 5766 3523 5820 fieret
3554 5764 3892 5821 miraculum.
3924 5764 3985 5819 Si
