4108 6312
137 344 193 399 (l9
1006 334 1070 389 ΙΝ
1102 334 1310 388 EPIST.
1358 333 1444 387 AD
1486 333 1726 390 EPHES.
1767 333 1920 388 CAP.
1963 332 2050 388 IV.
2096 329 2328 386 IIOSIIL.
2375 325 2462 380 IX.
3319 329 3385 384 70

138 457 262 507 enim
291 464 382 504 eos
410 449 498 518 qui
530 447 656 502 foris
687 459 841 503 erant
870 447 945 499 sic
965 445 1168 507 exedit.
1191 444 1460 513 quomodo
1490 459 1584 496 eos
1608 444 1697 510 qui

137 553 271 595 erant
305 541 447 593 intus
475 539 737 593 reddebat
777 539 975 592 illaesos
1000 546 1053 589 et
1086 536 1405 602 impatibiles
1433 535 1456 586 ?
1495 533 1561 586 Ut
1593 549 1702 585 ma-

141 634 313 686 nifesta
349 632 502 685 fieret
529 616 619 685 Dei
648 631 904 699 potentia.
929 628 1098 682 Nemo
1120 639 1295 680 autem
1318 629 1540 681 miretur
1561 623 1700 694 quod

137 739 303 791 regem
337 721 390 774 in
420 721 612 774 eodem
635 720 826 774 ordine
851 721 1116 786 posuerim
1148 733 1254 786 quo
1277 717 1554 769 custodem
1581 730 1702 766 ear-

138 815 264 866 reris
297 829 312 864 :
358 811 594 877 idipsunr
635 811 778 863 enim
811 808 955 862 fecit.
993 808 1091 861 llic
1128 808 1271 861 enim
1309 807 1400 859 illo
1427 806 1557 858 nihil
1586 813 1705 858 erat

139 900 474 969 prtl’CLtl’lOl‘:
507 899 768 952 ambobus
806 899 946 952 enim
982 897 1194 965 profuit.
1241 896 1345 950 Sed
1378 896 1514 949 sicut
1552 895 1700 958 dixi,

134 993 244 1058 justi
273 993 404 1043 dum
425 990 477 1042 in
509 990 759 1042 :erumnis
788 1001 1088 1053 versantur,
1122 998 1246 1042 tunc
1270 998 1386 1041 sunt
1415 988 1703 1041 vehemen-

138 1084 288 1134 tiores
313 1123 328 1146 ,
363 1083 574 1150 quando
603 1091 728 1134 sunt
769 1082 820 1133 in
869 1081 1112 1134 vinculis.
1148 1080 1276 1133 Nam
1307 1093 1526 1148 propter
1555 1080 1706 1133 Citri-

137 1185 264 1225 smm
292 1173 492 1242 aliquid
525 1188 645 1226 esse
675 1187 888 1240 passum
921 1213 936 1236 ,
966 1181 1047 1225 est
1074 1173 1264 1240 quovis
1296 1172 1488 1227 solatio
1517 1173 1706 1239 jucun-

136 1264 263 1317 dius.
307 1263 485 1316 Vultis
514 1265 676 1316 alium
707 1279 919 1333 quoque
949 1278 1220 1316 carcerem
1264 1264 1415 1316 vobis
1461 1278 1705 1316 revocent

139 1353 184 1404 in
227 1351 586 1406 memoriam?
626 1352 709 1404 Ab
759 1351 857 1405 hac
902 1363 1088 1405 catena
1136 1353 1393 1405 in.alium
1435 1366 1706 1404 carcerem

137 1443 450 1497 veniendum
498 1453 600 1497 est.
651 1443 948 1518 Quemnam
995 1442 1202 1495 vultis?
1240 1441 1560 1495 Jeremitene
1589 1483 1603 1506 ,
1641 1459 1707 1494 an

137 1533 343 1601 Josephi
373 1574 388 1598 ,
419 1549 487 1585 an
535 1533 758 1588 Joannis
786 1534 810 1584 ?
851 1533 998 1586 Pauli
1045 1542 1250 1586 catena:
1297 1535 1468 1601 gratia
1502 1550 1515 1585 :
1548 1548 1708 1596 quam

139 1624 326 1677 multos
370 1625 600 1676 orationi
652 1634 851 1677 nostra:
893 1625 1104 1692 aperuit
1149 1625 1435 1677 carceres!
1471 1624 1710 1675 Vultisne

136 1714 393 1768 Joannis?
440 1714 662 1769 Vinctus
697 1715 792 1767 fuit
830 1715 914 1767 hic
954 1730 1167 1784 quoque
1195 1723 1411 1782 propter
1443 1715 1710 1766 lilii-istum

135 1815 185 1858 et
226 1806 396 1874 legem
435 1805 552 1858 Dei.
594 1805 732 1872 Quid
767 1820 897 1874 ergo
920 1845 936 1868 ,
971 1805 1136 1858 fuitne
1181 1806 1385 1858 otiosus
1412 1821 1534 1857 cum
1565 1814 1710 1858 esset

136 1897 184 1948 in
223 1896 488 1949 carcere?
516 1910 694 1948 annon
744 1897 868 1950 inde
906 1913 970 1949 ex
1015 1912 1235 1950 carcere
1281 1896 1458 1949 missis
1497 1897 1712 1948 diccbat

136 1988 401 2056 discipulis
421 1988 537 2040 suis
558 2029 574 2052 ,
611 1989 809 2041 Euntes
833 1989 995 2041 dicite
1025 1988 1236 2040 (lhristo
1259 2008 1268 2039 :
1291 1987 1367 2039 Tu
1396 2005 1446 2039 es
1473 1989 1558 2056 qui
1587 2004 1677 2038 ven

1810 451 1949 493 turus
1979 458 2132 505 cs,nn
2151 441 2306 492 alium
2328 448 2673 508 exspectamus
2695 435 2911 507 (Matth.
2937 439 3023 490 ll.
3052 438 3111 506 ὅ)
3134 437 3238 495 ?F.t
3262 453 3385 491 cum

1813 532 1916 584 iliic
1947 542 2089 584 esset
2122 570 2136 592 ,
2170 531 2396 583 dooebat
2428 547 2443 584 :
2477 545 2579 582 non
2621 544 2761 582 enim
2790 539 2906 582 erat
2933 531 3231 597 negligens.
3277 529 3385 581 Scit

1809 621 2065 675 Jercmias
2095 638 2270 675 annon
2301 622 2546 690 praedixit
2572 621 2638 675 de
2663 622 2982 692 Babylonio,
3016 636 3132 690 qua:
3162 622 3242 674 sui
3265 620 3394 675 ofti—

1809 717 1876 770 cii
1900 727 2052 769 erant
2071 716 2250 766 omnia
2272 716 2432 767 etiam
2466 715 2573 768 illic
2594 713 2795 768 faciens
2818 717 2839 767 ?
2866 715 3003 778 Quid
3028 730 3153 767 vero
3171 713 3396 782 Josephl

1811 824 1988 862 annon
2020 810 2228 860 vinctus
2259 819 2371 860 erat
2405 822 2500 873 per
2528 807 2780 859 tredecim
2813 806 3026 858 annos?
3055 807 3300 859 Attamen
3330 819 3399 857 ne

1813 898 1919 952 illic
1950 900 2165 963 quidem
2215 899 2418 951 oblitus
2463 908 2545 951 est
2588 899 2819 950 virtutis.
2871 896 3002 950 Cum
3036 897 3211 950 adhuc
3238 897 3397 949 unius

1814 991 2019 1043 vincula
2051 989 2348 1042 dixerimus
2372 1031 2387 1054 ,
2419 991 2576 1041 linem
2610 991 2946 1057 imponemus
2973 989 3224 1042 orationi.
3263 987 3394 1041 Viu-

1814 1092 1932 1134 ctus
1972 1097 2183 1149 quoque
2213 1082 2308 1133 fuit
2343 1081 2599 1134 Dominus
2637 1092 2820 1132 noster
2847 1121 2859 1140 ,
2894 1080 2983 1146 qui
3017 1080 3203 1132 orbein
3242 1088 3399 1132 terra:

1813 1172 1971 1225 Solvit
2001 1189 2027 1222 a
2061 1172 2293 1239 peccatis
2325 1187 2338 1223 :
2373 1177 2563 1224 vincta:
2595 1183 2715 1224 sunt
2752 1186 2938 1224 tnanus
2959 1212 2972 1235 ,
3007 1180 3124 1240 qua:
3153 1172 3294 1224 bona
3325 1173 3400 1226 fe-

1814 1273 1999 1315 ccrunt
2039 1263 2485 1316 innumerabilia:
2529 1262 2760 1314 l’inctum
2808 1262 2951 1314 enim
2979 1301 2996 1326 ,
3031 1261 3200 1329 inquit
3231 1303 3246 1326 ,
3288 1280 3402 1314 eum

1816 1351 2067 1404 duxerunt
2110 1353 2177 1404 ad
2224 1351 2470 1421 Cttipltam
2503 1352 2521 1424 (
2555 1350 2637 1402 Id.
2675 1352 2765 1404 26.
2798 1352 2864 1404 57
2974 1350 3036 1404 Et
3064 1353 3273 1403 vinctus
3304 1351 3403 1404 fuit

1816 1443 1902 1510 qui
1955 1453 2059 1494 tam
2119 1442 2284 1494 multa
2337 1444 2536 1495 iecerat
2587 1441 2866 1493 miracula.
2928 1441 3054 1493 lla-c
3103 1441 3403 1510 cogitantes

1819 1549 2103 1601 mnnquam
2126 1548 2266 1600 aegre
2299 1531 2551 1595 feramus,
2574 1532 2666 1584 sed
2695 1533 2903 1584 etiamsi
2929 1530 3184 1585 fuerimus
3215 1532 3401 1597 vincti,

1816 1624 2172 1691 gaudeamus:
2198 1624 2298 1676 etsi
2329 1638 2433 1675 non
2461 1637 2648 1677 sumus
2683 1624 2734 1675 in
2766 1623 3011 1686 vinculis,
3041 1624 3210 1676 simus
3259 1633 3400 1675 tam—

1819 1730 1976 1780 quatn
2022 1714 2278 1783 colligati.
2307 1713 2468 1766 Vides
2497 1724 2754 1781 quantum
2788 1713 2986 1766 hontun
3019 1714 3087 1767 sit
3114 1713 3401 1766 vinculum.

1821 1803 1942 1856 Ha-c
1966 1805 2142 1856 omnia
2185 1819 2304 1855 cum
2335 1803 2602 1866 sciamus,
2634 1804 2745 1857 Deo
2781 1804 2977 1871 gratias
3016 1818 3116 1871 pro
3158 1803 3406 1858 omnibus

1818 1897 2144 1959 omittamus,
2171 1896 2222 1947 iu
2254 1895 2469 1949 Christo
2495 1894 2620 1948 Jesu
2658 1895 2880 1947 Domino
2909 1905 3118 1947 nostro.

1538 2123 1879 2186 HOMILIA
1929 2099 2042 2178 ix.

135 2232 258 2286 CAP.
298 2231 354 2284 4.
388 2245 440 2280 v.
479 2230 528 2283 ι.
562 2227 779 2282 Obsecro
823 2231 990 2297 itaque
1033 2246 1117 2282 vos
1157 2247 1245 2299 ego
1293 2231 1486 2282 vinctus
1533 2232 1584 2281 in
1618 2229 1717 2281 Do-

203 2320 361 2394 mino,
393 2327 447 2370 ut
473 2319 626 2386 digne
649 2318 915 2371 ambulctis
944 2321 1210 2371 vocatione
1237 2335 1337 2386 qua
1363 2320 1526 2370 vocati
1552 2319 1670 2370 estis
1700 2360 1716 2383 ,

199 2410 252 2462 2.
286 2427 402 2462 cum
419 2410 556 2461 omni
585 2409 870 2461 humilitate
890 2421 934 2461 et
952 2411 1353 2470 mansuetudine,
1381 2425 1494 2460 cum
1517 2409 1715 2476 patien-

203 2500 296 2560 tia,
324 2508 680 2568 supper-tantes
709 2499 922 2552 invicem
945 2499 998 2550 in
1025 2491 1234 2551 caritate
1251 2539 1268 2563 ,
1299 2499 1352 2552 5.
1378 2497 1582 2550 solliciti
1607 2513 1717 2549 εει-ς-

201 2606 321 2642 vare
346 2591 592 2642 unitatem
619 2591 829 2658 spiritus
855 2591 908 2640 in
937 2589 1141 2641 vinculo
1164 2591 1319 2658 pacis.

206 2682 258 2733 l.
295 2680 520 2733 Ostcnsa
548 2690 630 2733 est
656 2689 858 2734 catena:
886 2681 1033 2734 Pauli
1062 2697 1250 2748 magna
1269 2683 1436 2735 virtus
1454 2723 1470 2746 ,
1492 2689 1548 2735 et
1573 2695 1713 2750 pra:-

141 2773 328 2825 clarior
353 2772 539 2840 signis.
557 2772 670 2825 Non
689 2779 894 2826 temere
911 2789 1042 2844 ergo
1056 2788 1156 2827 nec
1177 2773 1391 2836 frustra,
1412 2782 1469 2826 ut
1482 2774 1712 2836 videtur,

137 2876 254 2914 eam
293 2863 494 2931 profert
518 2903 534 2926 ,
566 2862 660 2916 sed
691 2871 959 2932 tamquam
990 2879 1083 2931 per
1109 2864 1277 2930 ipsam
1303 2863 1511 2934 pudore
1541 2863 1714 2918 suffu-

137 2970 315 3008 snrns.
348 2955 415 3007 Et
440 2954 570 3024 quid
598 2954 716 3009 ait?
744 2954 965 3008 Obsecro
1004 2956 1172 3021 itaque
1211 2972 1296 3008 vos
1319 2972 1413 3024 ego
1443 2957 1639 3008 uinctus
1661 2956 1716 3006 in

141 3043 359 3099 Domino
379 3086 394 3110 ,
423 3055 476 3098 ut
500 3045 652 3115 digne
679 3046 944 3098 ambuletis
965 3046 1222 3098 vocatione
1247 3063 1347 3113 qua
1374 3048 1536 3098 vocati
1574 3047 1712 3098 estis.

137 3136 419 3201 Quomodo
442 3136 467 3187 ἲ
495 3135 622 3187 Cum
649 3137 782 3188 omni
817 3135 1103 3189 humilitate
1132 3177 1146 3199 ,
1191 3152 1306 3187 eum
1334 3139 1718 3189 mansuetudine

137 3237 182 3276 et
215 3224 464 3294 patientia
481 3264 500 3289 ,
530 3225 660 3277 alter
686 3227 902 3278 alterum
929 3226 1231 3278 sustinentes
1260 3227 1310 3277 in
1337 3228 1570 3279 caritate.
1600 3227 1717 3280 Non

138 3315 458 3384 simpliciter
510 3316 743 3369 vinctum
797 3330 916 3369 esse
958 3316 1156 3369 bonum
1195 3326 1322 3381 est,
1357 3316 1452 3370 sed
1503 3329 1720 3386 praptcr

137 3405 415 3457 Christum
446 3419 569 3458 esse
601 3407 861 3458 vinctum.
889 3405 1184 3474 Propterea
1215 3405 1347 3460 dicit
1373 3448 1388 3471 ,
1430 3405 1636 3460 Vinctus
1666 3410 1719 3460 in

142 3495 386 3557 Domino,
419 3495 467 3548 id
491 3504 594 3561 est,
620 3504 836 3562 propter
860 3494 1152 3548 Christum.
1172 3495 1312 3549 Nihil
1339 3496 1413 3548 illi
1443 3498 1520 3549 rei
1549 3506 1722 3563 potest

137 3586 481 3654 :eqniparari.
529 3585 635 3640 Sed
675 3594 867 3638 catena
897 3601 996 3640 nos
1020 3586 1189 3654 magis
1215 3587 1478 3640 abstrahit
1506 3597 1562 3641 et
1584 3588 1723 3641 avel-

142 3677 200 3729 lit
228 3692 259 3730 a
291 3676 604 3744 pr0positis,
637 3684 694 3729 et
718 3691 826 3729 non
848 3678 1176 3729 sustinemus
1197 3678 1452 3730 resistere
1471 3717 1487 3740 ,
1518 3677 1611 3730 sed
1643 3678 1724 3730 in-

137 3767 231 3818 viti
273 3766 580 3826 trahimur;
615 3766 724 3818 imo
746 3765 989 3819 volentes
1014 3774 1069 3819 et
1092 3775 1363 3834 optantes.
1410 3767 1479 3820 Et
1517 3768 1720 3821 utinam

138 3871 358 3925 semper
386 3857 510 3908 mihi
534 3857 720 3910 liceret
745 3856 887 3925 loqui
909 3855 976 3909 de
996 3865 1184 3910 catena
1207 3856 1380 3909 Pauli.
1403 3857 1510 3910 Sed
1539 3851 1606 3911 ne
1634 3860 1726 3911 ob-

140 3950 459 4015 torpescatis
486 3966 502 3999 :
533 3948 654 4000 volo
678 3946 854 4000 adhuc
881 3947 1232 4016 quazstionem
1263 3956 1496 4002 tractare
1517 3990 1532 4013 ,
1564 3964 1768 4017 quam."

141 4038 297 4090 multi
330 4037 594 4090 efferunt:
624 4037 732 4091 Sed
761 4037 805 4091 si
832 4038 986 4092 bona:
1011 4047 1139 4090 sunt
1163 4053 1419 4092 aerumnae
1445 4080 1460 4102 ,
1493 4055 1590 4092 cur
1612 4043 1726 4108 ipse
1789 4051 1796 4055 '

139 4142 197 4180 se
235 4128 535 4181 defendens
572 4128 712 4195 apud
768 4129 1056 4196 Agrippam
1103 4129 1312 4182 dicebat
1342 4170 1358 4195 ,
1402 4131 1537 4198 Opto
1584 4132 1727 4199 apud

139 4217 310 4268 Deum
339 4228 385 4270 et
412 4220 464 4269 in
495 4220 694 4271 modica
732 4229 779 4270 et
822 4222 874 4271 in
901 4237 1087 4289 magno
1121 4261 1136 4282 ,
1165 4238 1267 4273 non
1302 4232 1499 4274 tantum
1527 4234 1574 4275 te
1592 4266 1607 4287 ,
1638 4225 1727 4276 sed

137 4309 291 4359 etiam
317 4324 511 4373 ontues,
529 4308 617 4376 qui
643 4325 722 4360 me
746 4310 960 4361 audiunt
985 4311 1152 4375 hodie,
1179 4312 1288 4376 ﬁeri
1311 4313 1459 4376 tales,
1490 4315 1656 4382 qualis
1680 4325 1728 4366 et

138 4414 229 4467 ego
260 4415 400 4463 sunt,
416 4401 636 4467 exceptis
660 4400 876 4453 vinculis
901 4401 979 4453 his
1009 4404 1029 4468 (.
1054 4403 1166 4453 Act.
1193 4403 1281 4456 26.
1316 4403 1386 4457 29
1410 4407 1454 4474 )?
1475 4405 1589 4459 Non
1614 4406 1727 4462 inec

136 4490 363 4542 dicebat
390 4500 655 4558 tamquam
686 4491 1002 4544 existimans
1035 4509 1148 4544 rem
1183 4509 1303 4548 esse
1333 4496 1726 4563 deprecandam

139 4588 191 4629 et
218 4580 646 4643 exsecrandum;
680 4580 818 4634 absit
847 4596 865 4638 ;
897 4597 1000 4634 non
1023 4584 1163 4634 enim
1195 4625 1208 4644 ,
1238 4585 1281 4637 si
1313 4601 1398 4639 res
1429 4597 1574 4641 esset
1595 4566 1728 4642 abo-

140 4669 402 4722 minanda
428 4712 444 4735 ,
474 4673 798 4736 gloriaretur
821 4672 888 4725 de
917 4674 1143 4727 vinculis
1162 4716 1177 4740 ,
1205 4675 1272 4730 de
1296 4680 1604 4734 carceribus
1624 4723 1639 4744 ,
1663 4683 1730 4736 de

143 4761 269 4813 aliis
312 4759 702 4815 afﬂictionibus
726 4781 737 4815 :
765 4779 865 4816 nec
898 4765 1144 4820 scribens
1187 4767 1410 4822 dixisset
1437 4811 1453 4835 ,
1485 4770 1731 4828 Lubenter

138 4855 408 4922 gloriabor
433 4855 483 4906 in
513 4855 896 4922 inﬁrmitatibus
931 4859 1052 4911 meis
1086 4858 1106 4929 (
1131 4859 1185 4911 2.
1223 4860 1342 4914 Cor.
1370 4862 1455 4917 12.
1488 4865 1562 4936 9)
1587 4882 1604 4931 ;
1635 4868 1730 4922 sed

79 4945 82 4952 '
140 4946 314 5012 quid?
345 4945 454 4999 Hoc
479 4947 652 5016 ipsum
685 4957 803 5001 erat
827 4947 1080 5003 indicium
1108 4993 1123 5014 ,
1151 4956 1292 5020 quod
1325 4959 1498 5025 magni
1535 4959 1733 5014 faceret

139 5038 384 5090 vincula.
405 5037 554 5091 Sicut
579 5039 724 5091 enim
751 5038 966 5094 dicebat
997 5043 1240 5098 scribens
1278 5047 1345 5099 ad
1378 5047 1686 5105 Corinthios
1714 5072 1728 5107 :

139 5125 244 5179 Lac
266 5127 412 5180 vobis
439 5139 614 5196 potum
639 5130 778 5193 'dedi,
810 5147 912 5185 non
940 5149 1106 5186 escam
1129 5150 1148 5197 ;
1175 5136 1400 5189 nondum
1426 5141 1558 5193 enim
1588 5153 1732 5211 pote-

139 5221 265 5270 ratis
298 5219 384 5288 (l.
407 5218 524 5271 Cor.
557 5221 612 5274 5.
642 5220 701 5290 2)
735 5238 748 5273 :
783 5222 852 5276 ita
886 5223 973 5278 hic
995 5241 1209 5295 quoque
1236 5244 1340 5283 non
1365 5243 1612 5298 poterant
1632 5251 1728 5288 an-

138 5311 258 5362 dire
289 5308 751 5377 pulchritudinem
781 5328 880 5366 nec
905 5314 1157 5370 decorem
1188 5335 1284 5372 nec
1313 5322 1593 5376 utilitatem
1618 5327 1734 5379 vin-

137 5401 420 5453 culorum.
448 5400 735 5470 Propterea
759 5404 905 5470 dicit,
939 5401 1178 5476 Exceptis
1207 5411 1283 5463 Itis
1309 5412 1519 5467 vinculis
1546 5415 1732 5487 (Hebr.

143 5493 229 5546 15.
257 5492 343 5560 3).
397 5491 548 5560 Apud
580 5493 841 5549 Hebmos
867 5505 1046 5550 autem
1079 5515 1183 5552 non
1219 5503 1288 5555 ita
1310 5545 1324 5566 ,
1355 5505 1448 5558 sed
1476 5507 1738 5562 suadebat

140 5591 198 5635 ut
225 5580 402 5636 simul
441 5581 769 5638 vincirentur
796 5601 917 5640 cum
959 5589 1171 5643 vinctis.
1215 5591 1501 5662 Propterea
1540 5607 1594 5650 et
1625 5600 1737 5667 ipse

142 5673 438 5727 insumatur
468 5683 687 5742 propter
715 5675 925 5732 viucula
959 5718 974 5741 ,
1021 5688 1077 5732 et
1115 5682 1445 5739 vinciebatur
1471 5726 1486 5751 ,
1530 5699 1584 5742 et
1611 5703 1733 5744 cum

143 5761 340 5821 vinctis
385 5765 749 5820 abducebatur
775 5769 827 5823 iu
867 5773 1185 5832 custodiam.
1221 5776 1402 5847 Magna
1427 5791 1507 5834 est
1538 5783 1618 5837 vis
1637 5799 1729 5839 ca-

471 5882 741 5947 PATROL.
789 5859 903 5950 (in.
953 5891 1145 5951 LXII.

1828 2251 1963 2295 lena:
2008 2239 2152 2293 Pauli
2183 2258 2197 2293 :
2227 2240 2428 2294 suflicit
2461 2255 2558 2310 pro
2585 2223 2834 2296 omniibns
2864 2241 2966 2297 hoc
2993 2247 3358 2312 spectaculum
3391 2289 3406 2314 ,

1825 2329 2254 2385 Paulum‘videre
2278 2332 2534 2396 vinctum,
2563 2341 2618 2385 et
2639 2332 2886 2386 eductum
2909 2348 3191 2389 ecarcere.
3221 2337 3411 2392 Videre

1823 2423 2055 2475 vinctum
2097 2430 2154 2474 et
2183 2421 2327 2474 intus
2357 2422 2630 2476 sedentem
2664 2463 2678 2486 ,
2708 2441 2808 2491 qua
2853 2425 3128 2494 voluptate
3172 2443 3277 2480 non
3324 2440 3409 2483 est

1825 2513 1937 2566 htec
1964 2511 2178 2578 major?
2204 2526 2311 2580 quo
2337 2512 2509 2580 pretio
2533 2528 2644 2566 rem
2671 2529 2777 2566 non
2807 2516 3181 2570 aestimaverim
3213 2519 3235 2572 ?

1890 2602 2267 2671 honoratorum
2301 2614 2348 2656 et
2384 2603 2659 2657 Consulum
2694 2607 2859 2658 cultus
2889 2610 3247 2676 cum'spiiitalt'
3273 2613 3411 2664 cultu

1822 2691 1984 2745 Pauli
2007 2711 2033 2746 e
2055 2710 2255 2745 carcere
2273 2696 2501 2746 exeuntis
2519 2706 2858 2764 comparatus.
2878 2727 2949 2736 --
2963 2697 3078 2752 Non
3103 2701 3291 2754 videtis
3312 2703 3414 2754 lni-

1830 2793 2104 2851 peratores
2131 2793 2187 2837 et
2210 2783 2468 2838 Consules
2492 2800 2650 2838 curru
2677 2796 3001 2856 gestatos,et
3020 2806 3152 2845 auro
3171 2804 3411 2860 ornatos,

1823 2885 1876 2929 et
1917 2877 2175 2930 satellites
2213 2879 2391 2930 Omnia
2423 2877 2680 2934 habentes
2707 2897 2867 2937 aurea
2889 2923 2903 2946 ,
2935 2899 3127 2939 aureas
3158 2887 3371 2942 lanceas
3396 2932 3412 2955 ,

1822 2981 2015 3022 aureos
2040 2968 2257 3037 clypeos
2278 3010 2293 3030 ,
2323 2985 2513 3022 aureas
2538 2981 2714 3026 vestes
2735 3014 2749 3036 ,
2779 2989 2954 3044 equos
2985 2979 3160 3032 aureis
3194 2992 3413 3036 ornatos

1824 3059 2128 3127 ephippiis?
2156 3059 2324 3126 Quam
2353 3070 2435 3115 est
2461 3060 2562 3115 hoc
2589 3067 2951 3131 spectaculum
2981 3069 3069 3122 illo
3092 3070 3415 3136 jucundius?

1826 3147 2035 3202 Mallem
2062 3151 2229 3204 semel
2251 3151 2433 3205 videre
2464 3153 2683 3208 Paulum
2706 3171 2736 3210 e
2757 3173 2970 3214 carcere
2992 3175 3272 3218 exeuntem
3292 3183 3411 3221 cum

1823 3241 2019 3293 vinctis
2044 3283 2059 3306 ,
2092 3257 2251 3310 quain
2289 3244 2481 3297 millies
2520 3247 2639 3301 illos
2664 3248 2920 3306 deductos
2945 3269 3064 3306 eum
3094 3257 3181 3310 illa
3209 3261 3412 3314 satelli-

1827 3338 1937 3382 tum
1967 3332 2279 3398 stipantium
2305 3345 2539 3389 caterva.
2567 3337 2734 3403 Quam
2764 3340 2960 3394 multos
2983 3346 3294 3401 existimatis
3316 3367 3413 3404 an-

1825 3423 1974 3491 gelos
2001 3440 2123 3478 eum
2149 3427 2509 3493 prmcessisse,
2532 3431 2745 3498 quando
2771 3433 2849 3486 sic
2873 3435 3235 3491 edncebatnr?
3260 3441 3411 3508 Quod

1826 3523 2002 3567 autem
2035 3531 2139 3569 non
2171 3519 2434 3582 mentiar,
2466 3535 2534 3574 ex
2563 3524 2726 3576 veteri
2755 3526 2981 3593 quadam
3018 3530 3234 3584 historia
3265 3538 3416 3590 vobis

1829 3602 2016 3657 faciam
2061 3608 2423 3675 perspicuum.
2469 3611 2690 3667 Elisaaus
2729 3615 2986 3685 propheta
3010 3661 3024 3682 ,
3059 3622 3196 3678 forte
3236 3636 3412 3680 autem

1829 3695 2071 3764 quisnam
2119 3698 2187 3752 sit
2232 3700 2413 3767 scitis,
2454 3716 2573 3756 cum
2619 3719 2712 3758 rex
2755 3705 2926 3778 Syria:
2965 3710 3160 3765 bellum
3205 3730 3418 3784 gereret

1829 3787 2085 3843 adversus
2124 3805 2302 3860 regem
2345 3793 2506 3846 Israel
2531 3833 2548 3859 ,
2587 3795 2782 3851 sedens
2820 3800 2959 3867 apud
3000 3816 3059 3855 se
3094 3803 3147 3856 in
3179 3807 3415 3862 medium

1832 3877 2134 3945 proferebat
2175 3897 2526 3953 qutncumque
2571 3885 2660 3940 ille
2705 3887 2756 3940 in
2804 3887 3004 3943 intimis
3053 3898 3416 3958 penetralibus

1829 3969 2166 4024 consultabat
2195 3986 2317 4024 cum
2358 3973 2421 4026 iis
2448 3989 2584 4042 quos
2612 3975 2896 4032 adhibebat
2925 3981 2989 4034 ad
3020 3986 3301 4040 consilium
3335 3994 3415 4050 (4.

1833 4056 1960 4128 Reg.
1987 4060 2040 4112 6.
2065 4060 2144 4129 8);
2175 4070 2231 4115 et
2260 4062 2399 4131 regis
2424 4065 2643 4118 consilia
2673 4066 2898 4122 faciebat
2928 4072 3094 4140 irrita,
3118 4077 3418 4146 prasdicens

1832 4163 2024 4201 arcana
2049 4190 2065 4210 ,
2098 4162 2152 4204 et
2182 4167 2287 4205 non
2323 4154 2507 4207 sinens
2547 4155 2785 4212 incidere
2828 4160 2878 4212 in
2924 4161 3141 4231 laqueos
3169 4183 3304 4236 quos
3330 4172 3417 4226 ille

1835 4239 2104 4294 tendebat.
2139 4242 2250 4295 Hoc
2277 4259 2456 4313 regem
2487 4248 2624 4300 male
2653 4248 2911 4316 habebat,
2941 4265 2994 4308 et
3023 4259 3201 4313 animo
3229 4265 3420 4321 anxius

1837 4331 1885 4384 in
1915 4347 2101 4400 magna
2131 4345 2244 4386 erat
2269 4335 2619 4404 perplexitate
2649 4350 2701 4393 et
2733 4340 3086 4415 hmsitationc,
3113 4361 3171 4405 ut
3193 4357 3279 4422 qui
3309 4375 3416 4412 non

1839 4430 2017 4488 posset
2041 4423 2355 4490 resciscere,
2376 4426 2618 4493 quisnam
2647 4441 2789 4484 esset
2812 4435 2900 4502 qui
2927 4443 3102 4494 omnia
3131 4445 3414 4516 proferret,

1837 4522 1890 4563 et
1919 4514 2160 4565 tenderet
2187 4514 2406 4569 insidias
2434 4518 2712 4588 irritasque
2739 4525 2986 4581 redderet
3005 4532 3123 4599 ejus
3147 4514 3420 4596 machina-

1840 4604 2029 4656 tiones.
2075 4605 2138 4657 Ei
2182 4621 2311 4675 ergo
2351 4607 2609 4663 dubitanti
2653 4622 2707 4665 et
2743 4630 2955 4670 causam
2993 4631 3247 4689 qumrenli
3289 4633 3419 4690 dim

1839 4696 2052 4794 quidam
2082 4712 2146 4750 ex
2177 4699 2495 4794 satellitibus
2518 4745 2532 4769 ,
2561 4719 2683 4759 esse
2708 4712 2990 4776 quemdam
3019 4715 3271 4776 Elismnm
3297 4741 3419 4794 pro-

1840 4791 2052 4856 phetam
2097 4791 2370 4846 sedentem
2405 4794 2457 4848 in
2488 4796 2724 4852 Samaria
2751 4843 2765 4866 ,
2797 4805 2883 4871 qui
2917 4823 3019 4861 non
3048 4811 3250 4869 sineret
3283 4791 3422 4889 regis

1839 4882 2155 4935 sententiam
2186 4897 2306 4938 esse
2336 4886 2564 4954 ﬁrmam,
2593 4892 2682 4944 sed
2715 4897 2892 4949 otnnia
2925 4903 3204 4966 proferret.
3235 4907 3283 4962 ls
3311 4882 3422 4968 eiii-

1839 4973 2072 5026 stimavit
2096 4989 2155 5029 se
2186 4984 2352 5030 totum
2383 4980 2670 5038 invenisse.
2702 4985 2836 5053 Sed,
2869 4999 2925 5042 ut
2951 4993 3167 5063 videas,
3196 5017 3262 5054 eo
3291 5006 3423 5061 nit.”

1839 5075 1953 5117 erat
1982 5067 2249 5123 miserius.
2278 5068 2411 5123 Cum
2437 5085 2708 5141 oporteret
2735 5081 2901 5134 virum
2930 5083 3225 5160 honorare,
3253 5097 3426 5154 admi-

1844 5161 1968 5216 rari,
2014 5167 2250 5230 stupere,
2282 5161 2324 5213 si
2357 5170 2555 5217 tantam
2589 5166 2811 5224 haberet
2847 5175 3114 5244 virtutem,
3147 5193 3204 5238 υι
3231 5189 3426 5246 sedc",-

1843 5255 1948 5342 ξιιμ]
1976 5246 2157 5299 multis
2185 5260 2423 5305 remotus
2448 5255 2655 5322 stadiis,
2681 5260 2842 5314 sciret
2865 5279 3213 5342 quatcumque
3238 5277 3427 5336 ﬁerem

1844 5335 1894 5386 in
1922 5337 2060 5438 regis
2088 5340 2445 5405 penetralibus
2465 5384 2479 5407 ,
2510 5348 2654 5399 nullo
2678 5357 3050 5426 renuntiante;
3081 5335 3184 5419 hoc
3211 5370 3425 5438 quidem

1846 5440 1950 5529 non
1981 5425 2124 5489 fecit,
2157 5430 2248 5482 sed
2283 5431 2518 5489 irritatus
2544 5446 2596 5490 et
2628 5439 2702 5492 ira
2736 5446 2986 5513 percitus,
3017 5425 3428 5529 coactis-equiti;

1848 5517 1945 5570 bus
1971 5527 2025 5570 et
2051 5523 2270 5612 armatis
2298 5524 2575 5593 militibus,
2599 5545 2694 5584 eos
2722 5534 2880 5589 mittit
2907 5543 3220 5612 prophetam
3247 5517 3427 5612 obses.

1846 5617 2026 5700 suros.“
2070 5609 2200 5664 Erat
2229 5623 2404 5668 autem
2436 5617 2632 5673 Elismo
2662 5623 2953 5694 discipulus
2979 5609 3158 5696 adhuc
3185 5641 3236 5694 in
3264 5609 3426 5700 vesti-

1849 5698 1986 5804 bulis
2013 5703 2327 5771 pmphetiaa,
2357 5710 2447 5777 qui
2475 5713 2710 5769 nondum
2739 5718 2986 5789 dignatus
3011 5739 3156 5785 esset
3179 5698 3432 5804 consequi

1846 5794 2107 5862 ejusmodi
2159 5801 2530 5860 revelationes.
2591 5807 2946 5869 Accesserunt
2999 5823 3140 5889 regis
3193 5794 3421 5894 milites,

3005 5928 3045 5988 5
