4108 6312
712 294 768 347 π
1398 289 1453 344 s.
1493 286 1767 371 JQANNIS
1805 283 2266 339 ettm'sosroat
2309 283 2621 341 metuar.
2656 258 3180 348 coxsrsa'nuar.
3318 268 3328 275 ’
3894 299 3951 349 τε

713 421 978 475 tznuqnam
1021 404 1244 457 vincturi
1288 403 1551 455 hominem
1576 441 1594 468 ,
1621 401 1740 453 'itno
1780 414 1907 452 vero
1949 396 2279 467 propinatum.

707 498 915 551 litttsus
940 496 1221 551 incidimus
1243 495 1291 547 in
1318 494 1544 556 vincula,
1567 501 1638 551 et,
1662 490 1784 561 quid
1811 490 2031 543 iaciam?
2053 488 2281 556 undique

711 589 825 641 hmo
854 587 930 641 sic
962 587 1261 640 contexitur
1286 583 1477 637 oratio.
1508 581 1640 636 Cum
1668 591 1844 641 autem
1877 579 2097 633 vidisset
2123 577 2284 630 disci-

711 680 864 746 pulus
895 677 1119 731 militum
1150 675 1566 740 multitudinem,
1594 672 1883 741 obstupuit,
1908 673 2203 738 timensque
2230 678 2283 722 et

711 777 944 821 tremens
970 780 1252 819 :lL‘CIIl‘t‘CllS
1272 763 1337 817 ad
1362 764 1691 833 magistrum,
1716 760 2036 815 renuntiavit
2059 758 2276 812 calami-

711 867 869 911 tatem
892 867 947 909 ut
971 856 1203 924 putabat,
1225 865 1280 909 et
1303 852 1944 923 inevitabilesigniﬁcavit
1964 850 2277 919 periculum.

732 947 843 999 tisit
868 946 1120 1014 propheta
1142 943 1279 1013 quod
1305 943 1567 996 timuisset
1584 956 1703 1011 qua:
1724 956 1829 994 non
1851 951 1995 994 erant
2023 936 2276 1001 timenda,

704 1046 758 1089 et
787 1035 1032 1089 hortatus
1066 1044 1147 1087 est
1177 1045 1231 1086 ut
1259 1032 1569 1087 conﬁderet.
1612 1032 1706 1085 Ille
1732 1039 1909 1085 autem
1937 1040 1993 1082 ut
2024 1029 2110 1096 qui
2138 1036 2280 1081 esset

706 1127 1061 1196 imperfectus,
1094 1140 1197 1177 non
1223 1123 1491 1186 credebat,
1523 1122 1615 1175 sed
1645 1137 1709 1175 ex
1736 1136 1795 1174 re
1821 1120 1931 1172 visa
1961 1119 2132 1172 adlme
2160 1133 2281 1186 per-

703 1221 903 1279 ('ttlstts,
939 1199 1215 1271 tenebatur
1243 1223 1404 1268 metu.
1437 1211 1572 1278 Quid
1604 1227 1732 1265 vero
1762 1209 2056 1279 propheta?
2084 1209 2234 1277 Aperi
2260 1248 2274 1268 ,

703 1309 904 1377 inquit,
940 1306 1169 1365 Domine,
1196 1306 1365 1357 oculos
1393 1303 1541 1372 hujus
1567 1301 1708 1370 pueri
1730 1341 1745 1366 ,
1777 1309 1822 1352 et
1848 1298 2010 1382 uideat
2040 1300 2111 1365 (4.
2144 1297 2271 1365 Reg.

702 1401 755 1454 6.
782 1400 870 1469 17)
889 1412 1009 1453 esse
1031 1398 1209 1465 plures
1230 1396 1529 1456 nobiseum,
1553 1406 1708 1461 quam
1732 1405 1851 1443 cum
1876 1391 2023 1457 ipsis.
2051 1388 2109 1441 Et
2134 1388 2275 1439 videt

701 1499 919 1559 repente
936 1501 1100 1541 tntum
1124 1480 1379 1548 mentem,
1398 1500 1553 1553 quem
1576 1483 1842 1535 habitabat
1858 1480 2134 1571 propheta,
2154 1491 2274 1530 esse

702 1585 915 1653 plenum
943 1582 1094 1651 equis
1123 1578 1291 1648 igneis
1312 1585 1366 1631 et
1390 1574 1648 1645 ejusmodi
1671 1572 1913 1626 curribus
1940 1588 1951 1624 :
1976 1570 2076 1623 hOc
2096 1577 2273 1623 autem

702 1677 829 1728 nihil
857 1684 971 1728 erat
996 1672 1137 1724 aliud
1167 1684 1322 1739 quam
1351 1678 1548 1720 structa
1577 1665 1719 1718 acies
1748 1663 2078 1731 angelorum.

768 1764 821 1818 2.
862 1764 916 1818 Si
943 1772 1115 1815 autem
1148 1760 1393 1813 Elismum
1418 1756 1485 1810 ad
1510 1754 1560 1809 id
1586 1753 1757 1809 Solum
1787 1763 1928 1807 tanta
1951 1750 2273 1829 seque-batur

696 1858 839 1909 acies
860 1893 873 1916 ,
914 1852 1039 1921 quid
1082 1848 1340 1903 Paulum?
1387 1846 1498 1899 lloe
1526 1844 1683 1898 etiam
1715 1842 1923 1897 dicebat
1954 1840 2115 1893 David
2148 1854 2270 1907 pro-

700 1947 901 2015 pheta:
943 1942 1122 1998 Castra
1164 1939 1428 1993 metabitnr
1470 1937 1679 2006 angelus
1721 1934 1928 1988 Domini
1969 1933 2021 1985 in
2065 1930 2273 1985 circuitu

698 2039 975 2093 timentium
1012 2049 1162 2094 eum;
1204 2042 1257 2086 et
1297 2044 1480 2084 rursus
1503 2069 1518 2094 ,
1548 2026 1613 2081 In
1642 2028 1871 2079 manibus
1899 2025 2071 2078 tollent
2099 2033 2144 2075 te
2169 2063 2182 2086 ,
2210 2036 2273 2073 ne

698 2128 900 2200 quando
940 2124 1168 2191 olfendas
1197 2122 1279 2182 ,ad
1324 2120 1543 2190 lapidem
1588 2117 1767 2189 pedem
1796 2115 1976 2191 tu_um(
2013 2113 2152 2165 Psal.
2180 2112 2267 2164 55.

697 2228 747 2280 8.
780 2235 822 2276 et
852 2222 942 2277 90.
976 2220 1040 2274 19.
1065 2221 1100 2289 ).
1148 2217 1211 2270 Et
1251 2213 1375 2284 quid
1416 2213 1535 2266 dico
1573 2209 1827 2281 angelos?
1871 2209 1982 2275 ipse
2017 2206 2268 2257 Dominus

697 2322 812 2368 erat
853 2327 973 2365 cum
1021 2302 1503 2376 ipso._egredientc.
1548 2300 1663 2353 Non
1702 2299 1842 2352 enim
1872 2297 1940 2350 ab
1971 2295 2270 2348 Abrahamo

698 2406 909 2477 quidem
935 2400 1233 2461 videbatur,
1266 2412 1367 2450 non
1390 2404 1505 2449 erat
1525 2403 1699 2447 autem
1723 2407 1841 2444 cum
1868 2405 1932 2443 eo
1957 2408 1970 2444 :
1995 2390 2107 2457 ipse
2126 2388 2269 2440 enim

698 2497 941 2568 promisit
988 2493 1170 2546 dit-ens
1197 2532 1212 2555 ,
1244 2477 1648 2558 Egocobisctun
1676 2499 1789 2537 sum
1831 2480 2059 2535 omnibus
2097 2479 2270 2532 diebus

696 2567 852 2657 usque
874 2586 942 2638 ad
968 2592 1442 2636 comntntttuttonem
1469 2575 1641 2629 swcttlt
1667 2579 1682 2639 ί
1711 2573 1894 2625 Matth.
1923 2572 2013 2625 28.
2043 2569 2112 2622 20
2206 2569 2270 2622 Ει

699 2694 882 2736 rursus
907 2680 973 2731 ab
1001 2692 1065 2730 eo
1092 2678 1234 2726 visus
1261 2671 1507 2735 dicebat,
1539 2666 1661 2723 Noli
1693 2666 1892 2726 timere,
1923 2663 2010 2716 sed
2036 2661 2234 2728 loquere
2252 2700 2268 2723 ,

696 2774 813 2843 quia
855 2786 944 2841 ego
971 2786 1082 2823 smn
1117 2776 1276 2819 tecum
1300 2806 1316 2830 ,
1349 2773 1395 2815 et
1424 2777 1569 2815 nemo
1596 2768 1642 2813 te
1668 2756 1868 2811 invadet
1906 2764 1957 2808 ut
1984 2756 2075 2806 tibi
2100 2761 2271 2806 noceat

704 2864 840 2933 (Act.
876 2861 962 2915 i8.
993 2859 1069 2926 9).
1101 2857 1265 2910 Porro
1297 2854 1348 2907 in
1375 2851 1576 2907 somnis
1603 2862 1811 2917 quoque
1842 2845 1888 2899 ei
1919 2843 2120 2898 adstitit
2145 2883 2158 2903 ,
2188 2843 2269 2895 tL'L-

696 2946 857 3010 cens:
888 2950 1134 3006 Constans
1162 2959 1266 3001 esto
1290 2962 1308 2999 :
1329 2945 1455 2998 sicut
1482 2942 1613 2995 enim
1639 2949 1670 2991 tt
1687 2939 1930 3006 stiﬁcatns
1956 2953 2007 2989 es
2032 2935 2092 2987 de
2115 2950 2192 2987 me
2218 2934 2270 2986 in

696 3043 1004 3105 Jerusalem,
1031 3040 1102 3094 sic
1128 3048 1174 3092 te
1203 3045 1395 3105 oportet
1426 3044 1471 3086 et
1501 3031 1679 3086 Roma:
1705 3028 1988 3098 testiﬁcor“
2018 3024 2130 3078 Ibid
2160 3024 2265 3078 .25.

703 3142 815 3209 ti).
839 3140 1062 3203 Semper
1084 3132 1296 3200 quidem
1320 3127 1486 3180 sancti
1513 3134 1634 3178 sunt
1654 3119 2013 3200 admirabiles,
2037 3126 2090 3209 et
2110 3116 2270 3171 amita

632 3225 636 3228 ⁴
702 3207 844 3300 pleni
874 3226 1040 3297 gratia
1065 3240 1079 3287 ;
1113 3222 1341 3276 maxime
1368 3226 1548 3270 autem
1573 3212 1783 3282 quando
1813 3211 1864 3264 itt
1895 3207 2273 3300 periculoAvcr-

702 3298 886 3376 sanior
924 3325 1139 3387 propter
1164 3312 1433 3369 Christum
1460 3350 1473 3373 ,
1514 3306 1726 3377 quando
1754 3315 1876 3358 sunt
1904 3301 2084 3356 vineti.
2127 3298 2274 3354 Sicut

701 3417 842 3469 enim
891 3410 1041 3465 miles
1086 3406 1235 3461 fortis
1274 3413 1327 3459 et
1364 3412 1610 3456 strenuus
1635 3407 1716 3452 est
1746 3410 1958 3465 semper
1979 3390 2270 3463 jucundum

707 3504 1045 3561 eminentibus
1063 3498 1442 3569 spectaculum,
1461 3493 1687 3546 maxime
1703 3499 1876 3576 autem
1895 3485 2108 3557 quando
2121 3485 2271 3555 juxta

705 3600 876 3667 ipsum
920 3608 1096 3661 regem
1125 3588 1330 3643 steterit
1357 3595 1410 3640 et
1443 3576 1493 3636 in
1520 3583 1638 3636 acie
1667 3580 1825 3633 fuerit
1850 3597 1862 3631 :
1894 3579 1964 3655 ita
1995 3577 2153 3631 etiam
2184 3589 2273 3628 co-

702 3690 808 3760 gita
837 3686 1086 3749 Paulum,
1117 3691 1370 3750 quantum
1405 3676 1593 3730 licebat
1616 3672 1815 3763 videre,
1841 3671 2122 3766 docentem

705 3756 833 3848 ipsis
862 3769 1107 3829 vinculis.
1141 3770 1317 3823 Dicam
1346 3775 1401 3821 et
1426 3756 1710 3834 cogitatum
1734 3760 1873 3831 quod
1908 3759 2113 3813 interim
2145 3756 2271 3810 mihi

705 3868 843 3923 venit
872 3867 923 3920 in
949 3862 1216 3919 mentem?
1245 3861 1435 3913 Beatus
1457 3863 1656 3925 martyr
1677 3853 1900 3921 Bahylas
1919 3848 2125 3921 (n)ipse
2144 3864 2275 3910 ann-

705 3975 809 4032 que
841 3958 1045 4013 vinctus
1076 3954 1173 4007 luit
1199 3952 1266 4005 oh
1296 3948 1535 4005 eamdem
1562 3959 1796 4007 causam,
1829 3942 1898 3996 ob
1928 3956 2085 4032 quam
2114 3940 2275 4032 Joan-

708 4028 800 4107 nes
818 4090 837 4117 ,
864 4045 1040 4116 ut,qui
1071 4057 1248 4112 regem
1282 4040 1456 4107 inique
1481 4053 1541 4092 se
1569 4043 1840 4105 gerentem
1870 4031 2123 4123 arguerit.
2163 4028 2276 4097 Ipse

710 4140 976 4197 decedens
1016 4134 1284 4190 mandavit
1325 4139 1383 4183 ut
1420 4128 1625 4181 vincula
1650 4131 1996 4201 ponerentur
2027 4135 2146 4174 cum
2178 4135 2276 4172 suo

709 4227 935 4300 corpore
958 4269 974 4294 ,
1003 4238 1055 4280 et
1082 4238 1275 4292 corpus
1313 4220 1628 4289 sepeliretur
1656 4217 1883 4269 vinctum
1911 4223 1998 4268 :et
2020 4225 2164 4282 nunc
2190 4211 2274 4263 siti

708 4334 829 4379 sunt
848 4318 1133 4388 compedes
1147 4331 1267 4369 eum
1285 4315 1483 4368 cinere.
1502 4310 1729 4365 Tantum
1752 4318 1866 4362 erat
1883 4304 1931 4361 ei
1954 4304 2273 4381 desiderium

709 4413 1036 4468 vinculorum
1066 4417 1280 4476 propter
1303 4397 1589 4459 Christum.
1620 4397 1833 4451 Fet-rion
1860 4396 2146 4468 pertransiit
2166 4396 2277 4446 ani-

711 4523 791 4557 ma
817 4505 925 4573 eius
953 4504 967 4569 (
1001 4499 1140 4552 Psal.
1177 4498 1297 4552 104.
1329 4495 1396 4550 18
1418 4492 1459 4566 ),
1490 4493 1617 4547 dicit
1644 4489 1897 4559 propheta
1926 4489 1993 4542 de
2020 4486 2274 4553 Joseplio.

709 4598 823 4650 Jant
858 4611 981 4647 vero
1014 4591 1260 4644 mulieres
1287 4601 1493 4656 quoque
1523 4592 1836 4651 acceperant
1876 4580 2061 4633 horum
2093 4578 2274 4632 vincu-

700 4680 884 4742 lorum
907 4683 1307 4750 experientiam.
1338 4680 1404 4732 At
1434 4691 1529 4730 nos
1554 4691 1659 4730 non
1688 4675 1914 4743 ligamnr
1940 4692 1951 4725 :
1979 4688 2150 4743 neque
2179 4672 2278 4727 hoc

708 4776 907 4831 smuleo
927 4815 940 4836 ,
970 4788 1086 4825 (tim
1129 4785 1232 4822 non
1269 4769 1338 4820 sit
1367 4781 1506 4820 nunc
1532 4778 1753 4833 tempus.
1788 4762 1865 4817 Ne
1891 4762 2023 4833 liges
2049 4777 2235 4815 manus
2260 4803 2275 4827 ,

707 4867 800 4921 sed
832 4874 1081 4919 mentem.
1131 4861 1263 4914 Sunt
1300 4861 1459 4915 etiam
1507 4857 1605 4909 alia
1639 4855 1841 4908 vincula
1875 4872 1888 4909 :
1916 4854 2003 4923 qui
2038 4854 2148 4906 ha-c
2178 4869 2281 4905 non

712 4959 927 5020 ferunt,
961 4953 1130 5008 ferent
1159 4952 1269 5005 illa.
1289 4948 1432 5009 Audi
1465 4946 1733 5001 Christum
1763 4943 2025 4998 dicentem
2060 4962 2073 4997 :
2105 4943 2279 5013 Ligutr

718 5052 831 5120 ejus
854 5061 1031 5100 manus
1059 5054 1103 5097 et
1128 5042 1277 5124 pedes
1297 5038 1503 5113 (Matth.
1527 5039 1614 5093 22.
1648 5038 1758 5108 15).
1786 5037 1891 5127 ξεί]
1919 5038 2059 5093 absit
2083 5048 2140 5093 ut
2172 5039 2284 5091 illo.

717 5116 836 5193 rum
865 5135 1191 5189 vinculorum
1218 5116 1535 5200 accipiamus
1565 5116 1948 5201 experientiam
1966 5130 2159 5194 ,_detur
2187 5146 2281 5182 an-

720 5240 824 5283 tem
872 5236 928 5280 ut
965 5225 1045 5278 lus
1086 5220 1415 5303 impleamur.
1449 5221 1570 5275 Ideo
1594 5219 1800 5274 dicebat
1834 5238 1847 5274 :
1878 5219 1985 5289 Ego
2014 5220 2204 5273 vinctus
2235 5222 2283 5272 in

719 5319 934 5372 Domino
957 5356 972 5380 ,
999 5330 1121 5385 rogo
1149 5329 1233 5366 ros
1255 5320 1307 5366 ut
1333 5311 1484 5379 digne
1506 5309 1768 5364 ambuletis
1793 5312 2046 5364 vocatione
2068 5327 2167 5379 qna
2193 5327 2281 5362 co-

714 5409 813 5459 ruti
841 5390 957 5459 estis
986 5404 1201 5473 (Ephes.
1229 5404 1282 5457 4.
1317 5403 1425 5470 iii).
1456 5400 1622 5469 Caput
1641 5440 1657 5465 ,
1689 5400 1858 5470 inquit
1886 5417 2091 5467 rursus,
2122 5400 2285 5455 habe-

721 5512 836 5552 ums
858 5496 1148 5551 Chrismm.
1175 5493 1283 5547 Nos
1308 5493 1461 5547 simul
1490 5493 1762 5546 SilaCilaVll
1782 5503 1835 5546 et
1853 5493 2143 5548 consedere
2164 5492 2284 5548 fecit

773 5678 846 5732 (tt)
877 5674 949 5725 De
970 5676 1112 5724 beato
1134 5673 1309 5736 Babylo
1324 5674 1606 5734 vidi-supra,
1628 5672 1823 5732 Totni’,
1841 5674 1932 5724 col.
1952 5677 2041 5726 5'27
2059 5685 2109 5727 et
2132 5691 2271 5741 seqq.

2402 397 2451 448 in
2483 400 2802 465 caelestibus,
2831 420 2948 459 eum
2981 423 3222 462 essemus
3252 409 3468 472 inimici.
3499 422 3549 463 et
3581 412 3714 464 maia
3750 412 3955 467 fecisse-

2391 504 2507 543 mus
2552 490 2973 550 innumerabilia.
3023 497 3208 569 Magna
3248 510 3332 555 est
3376 503 3624 569 Vocatio,
3669 512 3721 557 et
3764 503 3830 557 ad
3875 519 3950 558 res

2390 595 2608 650 magnas
2633 602 2648 637 :
2674 601 2778 638 non
2806 588 2977 641 solmu
3003 586 3143 648 duod
3169 590 3236 647 ab
3261 591 3389 660 illis,
3417 596 3514 650 sed
3539 596 3679 666 quod
3709 597 3864 651 etiam
3892 598 3947 649 ad

2389 671 2507 731 talia
2530 712 2545 735 ,
2571 681 2625 725 et
2653 675 2742 728 tali
2775 677 2955 732 modo.
3386 700 3389 701 '

2458 759 2624 830 Digne
2649 766 2909 821 ambulare
2938 769 3061 833 quid
3087 771 3170 822 sit.
3204 801 3274 812 —
3299 772 3580 839 Quomodo
3602 785 3775 831 autem
3804 778 3949 848 digne

2387 849 2728 906 ambulatur?
2756 855 2880 909 Cum
2911 861 3048 911 onmi
3071 860 3372 926 humilitate.
3403 863 3501 931 Qui
3529 876 3611 919 est
3639 868 3778 933 talis,
3805 867 3950 937 digne

2383 942 2654 996 ambulat:
2680 944 2779 999 hoc
2807 957 2889 1001 est
2911 950 3307 1006 fundamentum
3336 957 3515 1009 omnis
3539 958 3769 1011 virtutis.
3800 960 3854 1013 Si
3883 964 3949 1015 sis

2386 1029 2620 1098 humilis,
2649 1045 2702 1088 et
2730 1037 2932 1106 cogites
2959 1041 3201 1108 quisnam
3230 1058 3351 1097 cum
3382 1060 3553 1111 esses,
3585 1048 3762 1102 salvus
3791 1049 3951 1106 factus

2382 1127 2459 1175 es,
2488 1118 2795 1171 memoriam
2823 1121 3019 1190 accipis
3038 1125 3370 1180 occasionem
3391 1128 3458 1182 ad
3480 1132 3752 1184 virtutem.
3778 1131 3951 1201 Neque

2382 1205 2606 1260 vinculis
2630 1210 2924 1278 extolleris,
2948 1228 3121 1283 neque
3151 1215 3232 1271 his
3260 1217 3387 1287 ipsis
3413 1234 3535 1288 qua:
3558 1221 3687 1285 dixi,
3715 1223 3810 1276 sed
3836 1238 3948 1278 cum

2381 1297 2517 1349 scias
2546 1306 2710 1352 totum
2736 1316 2856 1369 esse
2881 1305 3085 1373 gratia),
3114 1307 3336 1376 teipsum
3366 1311 3637 1365 contrahis
3661 1323 3714 1366 et
3736 1314 3949 1368 submit-

2389 1387 2474 1439 tis.
2503 1387 2601 1455 Qui
2630 1401 2708 1443 est
2741 1392 2973 1457 humilis,
3000 1387 3177 1464 potest
3201 1414 3321 1454 esse
3347 1415 3531 1455 servus
3557 1410 3739 1473 gratus
3763 1415 3815 1459 et
3846 1422 3948 1460 me-

2379 1491 2497 1530 mor
2522 1478 2785 1535 beneficii.
2817 1482 2954 1548 Quid
2979 1487 3111 1538 enim
3139 1489 3319 1551 habes,
3348 1490 3549 1561 inquit,
3576 1495 3711 1562 quod
3738 1511 3836 1548 non
3864 1512 3946 1569 ac;

2375 1569 2550 1636 cepisti
2575 1570 2668 1636 (1.
2707 1571 2824 1625 Cor.
2857 1577 2910 1627 4.
2954 1575 3068 1644 7)?
3093 1578 3228 1631 Audi
3271 1594 3456 1635 rursus
3486 1597 3606 1635 eum
3639 1584 3941 1639 dicentem:

2377 1656 2611 1726 Amplius
2654 1660 2757 1713 illis
2799 1664 3025 1718 omnibus
3064 1665 3326 1732 laboravi;
3355 1686 3457 1722 non
3492 1688 3584 1742 ego
3620 1686 3823 1739 autem,
3862 1675 3948 1729 scd

2377 1754 2540 1818 gratia
2571 1750 2882 1807 Dei'mecum
2905 1755 2924 1823 (
2945 1754 3081 1811 Ibid.
3108 1759 3198 1837 μδ.
3228 1761 3355 1829 10).
3386 1761 3511 1815 Cum
3536 1765 3714 1828 omni,
3746 1766 3943 1837 inquit,

2375 1841 2690 1907 huntititate;
2732 1858 2837 1897 non
2878 1861 2940 1900 ea
2978 1834 3117 1916 qua;
3136 1862 3212 1904 est
3255 1852 3307 1904 in
3347 1853 3523 1908 verbis
3546 1895 3560 1918 ,
3589 1870 3686 1909 nec
3715 1855 3767 1909 in
3794 1856 3947 1910 rebus

2372 1931 2500 1984 solis
2525 1972 2540 1997 ,
2571 1933 2663 1987 sed
2704 1943 2758 1988 et
2795 1951 2913 2005 qua:
2950 1947 3031 1993 est
3070 1940 3121 1992 in
3165 1939 3345 1995 habitu
3387 1958 3450 1997 ac
3486 1955 3638 2014 gestu
3667 1957 3723 2017 et
3746 1964 3946 2001 sermo-

2376 2037 2443 2077 ne
2486 2042 2498 2077 :
2542 2040 2643 2078 non
2684 2027 2736 2080 in
2780 2026 2920 2083 hunc
2962 2030 3175 2099 quidem
3230 2033 3482 2100 humilis,
3530 2034 3583 2090 in
3631 2037 3773 2091 illum
3822 2055 3948 2093 vero

2373 2114 2542 2168 audax
2576 2135 2589 2169 :
2622 2118 2673 2172 in
2716 2133 2905 2174 omnes
2945 2121 3019 2176 sis
3063 2124 3318 2191 humilis,
3349 2127 3462 2181 sive
3496 2128 3565 2183 sit
3599 2130 3801 2185 amicus
3837 2133 3947 2193 sive

2374 2206 2640 2272 inimicus,
2662 2211 2775 2264 sive
2797 2226 3019 2283 magnus
3042 2214 3153 2268 sive
3174 2232 3367 2285 parvus
3391 2235 3405 2271 :
3430 2217 3531 2273 hoc
3547 2223 3632 2273 'est
3653 2221 3944 2279 humilitas.

2376 2298 2545 2353 Etiam
2576 2301 2628 2354 in
2652 2310 2795 2357 recte
2829 2302 2982 2359 factis
3001 2304 3075 2359 sis
3099 2306 3332 2361 humilis.
3358 2308 3493 2363 Audi
3516 2311 3656 2364 enim
3678 2312 3945 2367 Christum

2373 2389 2638 2445 dicentem
2665 2433 2679 2455 ,
2710 2391 2853 2447 Beati
2883 2408 3137 2464 pauperet:~
3158 2398 3337 2466 spiritu
3362 2397 3573 2470 (Matth.
3596 2400 3648 2456 5.
3671 2402 3748 2470 '5),
3771 2412 3824 2455 et
3852 2406 3949 2457 hoc

2373 2480 2598 2549 primum
2643 2492 2985 2540 statuentem.
3039 2487 3321 2556 Propterea
3369 2493 3481 2559 ipse
3522 2508 3730 2561 quoque
3772 2494 3899 2548 dicit
3933 2513 3944 2547 :

2371 2569 2495 2625 Cum
2521 2573 2656 2624 omni
2681 2573 2964 2650 humilitate
2986 2586 3031 2629 et
3052 2581 3432 2633 mansuetudine
3457 2595 3502 2634 et
3528 2583 3786 2650 patientia.
3816 2583 3949 2637 Nam

2376 2663 2487 2715 ﬁeri
2523 2673 2697 2731 potest
2715 2647 2782 2718 ἰιι
2812 2667 2881 2718 sit
2909 2668 3098 2737 aliquis
3128 2669 3362 2733 humilis,
3390 2671 3487 2726 sed
3510 2687 3633 2728 acor
3658 2685 3710 2729 et
3740 2676 3953 2730 iracun-

2371 2751 2506 2817 dus;
2551 2754 2643 2807 sed
2689 2754 2737 2807 id
2780 2756 2909 2809 nihil
2955 2758 3216 2825 prodest':
3244 2776 3386 2830 stupe
3419 2763 3563 2817 enim
3602 2764 3727 2819 dum
3766 2766 3835 2821 ab
3874 2768 3948 2836 ira

2374 2843 2690 2911 possidetur,
2724 2847 2897 2913 perdit
2925 2851 3121 2902 onmia.
3157 2849 3490 2917 Sustinentes,
3522 2854 3707 2923 inquit,
3738 2858 3950 2912 invicem

2370 2935 2423 2987 in
2451 2937 2676 2989 caritate.
2706 2938 2983 3005 Quomodo
3016 2949 3189 3009 potest
3217 2944 3467 2998 sustineri
3497 2988 3511 3010 ,
3544 2948 3585 2999 si
3617 2958 3700 3002 est
3730 2951 3950 3002 iracun-

2371 3025 2469 3079 dus
2488 3066 2504 3090 ,
2534 3026 2578 3079 si
2603 3039 2880 3082 accusator
2904 3040 2955 3082 et
2983 3031 3310 3086 maledicus?
3338 3034 3476 3088 Dixit
3502 3037 3660 3089 etiam
3690 3038 3909 3091 modum
3937 3058 3949 3092 :

2373 3114 2440 3169 In
2473 3118 2681 3172 caritate
2704 3160 2718 3183 ,
2750 3118 2937 3188 inquit.
2969 3118 3024 3173 Si
3057 3122 3352 3189 proximum
3383 3139 3488 3177 non
3518 3126 3782 3191 sustines,
3810 3146 3954 3197 qun-

2373 3205 2531 3262 modo
2554 3216 2604 3261 te
2624 3209 2903 3264 sustinebit
2932 3211 3108 3297 Deus?
3133 3212 3175 3264 si
3207 3214 3320 3280 ipse
3346 3220 3448 3267 utin
3476 3214 3582 3271 fers
3603 3232 3952 3286 conservum,

2372 3296 2637 3364 quomodo
2669 3306 2719 3351 te
2761 3297 2899 3353 feret
2946 3300 3236 3355 Dominus?
3286 3302 3382 3358 Ubi
3428 3313 3511 3358 est
3552 3308 3746 3360 caritas
3770 3351 3784 3374 ,
3820 3309 3953 3364 (ωε

2376 3396 2597 3456 possunt.
2635 3390 2832 3443 omnia.
2882 3390 3100 3445 Solliciti
3145 3408 3342 3446 scrvare
3383 3395 3624 3449 unitatem
3660 3400 3872 3468 spiritus
3902 3403 3956 3454 in

2374 3482 2570 3538 vinculo
2606 3484 2768 3550 pacis.
2808 3483 2935 3555 Liga
2967 3501 3154 3540 manus
3194 3487 3409 3544 lenitate
3438 3501 3489 3543 et
3520 3495 3953 3551 nmnsuetudine.

2377 3574 2579 3628 Rursus
2627 3575 2899 3644 pulchrum
2947 3576 3092 3630 adest
3143 3594 3379 3646 nomen,
3423 3584 3691 3637 vinculum
3724 3602 3738 3638 :
3772 3586 3955 3654 ipsmn

2374 3665 2690 3729 dimisimus,
2709 3678 2766 3722 et
2786 3667 2957 3737 ipsum
2981 3683 3164 3724 rursus
3181 3671 3244 3723 ad
3271 3687 3366 3726 nos
3388 3676 3635 3728 accurrit.
3665 3677 3956 3733 Pulchrum

2374 3768 2454 3810 est
2480 3757 2606 3809 illud
2633 3756 2899 3811 vinculum
2921 3798 2937 3823 ,
2970 3758 3242 3833 pulchrum
3270 3770 3323 3815 et
3355 3763 3456 3816 hoc
3481 3780 3492 3814 :
3517 3774 3564 3816 et
3598 3766 3725 3819 illttd
3754 3768 3818 3821 ex
3853 3771 3959 3822 hoc

2378 3846 2632 3900 nascitur.
2663 3847 2913 3916 Teipsum
2942 3849 3129 3919 colliga
3157 3866 3278 3905 cum
3309 3852 3468 3906 fratre
3492 3871 3506 3907 :
3532 3855 3564 3907 ii
3587 3857 3763 3911 omnia
3793 3857 3961 3913 facile

2382 3935 2573 3999 ferunt,
2594 3938 2679 4006 qui
2700 3949 2821 3991 sunt
2837 3939 3062 4008 colligati
3085 3941 3133 3992 in
3153 3943 3392 3996 taritate.
3408 3943 3744 4013 Teipsuutilli
3768 3949 3958 4020 alliga,

2383 4040 2434 4085 et
2459 4031 2603 4084 illum
2629 4031 2718 4084 tibi
2743 4048 2754 4083 :
2775 4032 3046 4085 amborum
3068 4045 3120 4085 tu
3142 4048 3198 4087 es
3215 4033 3460 4089 dominus
3481 4054 3493 4088 :
3514 4052 3634 4090 nam
3653 4055 3808 4107 quem
3829 4045 3962 4095 Volo

2393 4112 2621 4176 amicum
2646 4121 2839 4188 facere,
2860 4133 3044 4192 potero
3063 4140 3182 4178 cum
3205 4128 3472 4186 facilitate.
3498 4128 3728 4184 Sollicite
3745 4133 3965 4204 studen-

2392 4221 2482 4276 tes,
2510 4213 2693 4280 inquit.
2725 4213 2968 4267 Ostendit
2997 4229 3106 4268 rem
3135 4232 3237 4270 non
3264 4216 3413 4271 facile
3436 4220 3569 4286 ticri,
3594 4236 3689 4276 nec
3710 4237 3830 4276 eSse.
3857 4239 3964 4276 cu-

2378 4302 2617 4371 juslibet.
2655 4302 2925 4374 Stutlentes
2950 4344 2963 4367 ,
2994 4305 3194 4374 inquit,
3225 4322 3422 4361 servare
3450 4310 3689 4364 unitatem
3720 4314 3961 4381 spiritus.

2450 4393 2501 4446 '5.
2543 4393 2679 4458 Quid
2721 4403 2802 4447 est
2847 4396 3021 4448 unitas
3072 4396 3324 4466 spiritus?
3353 4399 3499 4451 Sicut
3531 4401 3581 4453 in
3607 4415 3832 4471 corpore
3879 4415 3969 4460 est

2383 4497 2518 4535 unus
2551 4482 2770 4559 spiritus
2795 4484 2884 4552 qui
2910 4485 3086 4538 omnia
3112 4487 3385 4550 continet,
3415 4490 3620 4543 etiamsi
3649 4493 3701 4545 in
3728 4492 3967 4550 diversis

2383 4573 2635 4625 membris
2661 4612 2673 4634 ,
2709 4574 2779 4626 ita
2819 4574 2901 4627 hic
2926 4590 3160 4645 quoque.
3204 4578 3486 4646 Propterea
3518 4583 3657 4634 enim
3688 4583 3843 4641 datus
3883 4611 3929 4642 e~
3951 4599 3972 4641 ι

2381 4666 2617 4734 spiritus,
2645 4675 2701 4718 ut
2722 4681 2814 4719 eos
2842 4668 2985 4720 uniat
3011 4670 3097 4736 qui
3127 4679 3248 4723 sunt
3275 4672 3519 4738 disiuncti
3544 4689 3741 4741 genere
3762 4687 3816 4730 et
3841 4695 3973 4731 tuo-

2383 4757 2547 4811 ribus.
2577 4758 2707 4811 Nam
2734 4774 2892 4812 senex
2920 4769 2973 4813 et
2994 4761 3222 4829 juvenis,
3330 4779 3527 4833 pauper
3551 4775 3605 4819 et
3629 4766 3799 4834 dives,
3827 4786 3974 4838 puer

2383 4858 2438 4904 et
2465 4850 2701 4919 ephebus
2723 4892 2738 4915 ,
2771 4851 2963 4905 mulier
2992 4864 3045 4907 et
3073 4853 3152 4907 vir
3171 4895 3185 4917 ,
3217 4863 3273 4907 et
3300 4858 3471 4909 omnis
3498 4858 3671 4911 anima
3706 4861 3760 4913 tit
3790 4877 3973 4917 unum

2383 4941 2687 5010 quidpiam;
2719 4951 2774 4997 et
2800 4945 2969 5013 magis
2993 4959 3148 5014 quam
3176 4946 3219 4999 si
3250 4956 3391 5001 esset
3419 4964 3578 5002 unmn
3602 4934 3815 5020 corpus.
3848 4952 3973 5009 liae

2386 5032 2525 5086 enim
2566 5034 2881 5102 cognatione
2923 5035 3006 5088 illa
3039 5047 3117 5089 est
3154 5036 3321 5112 multo
3353 5039 3521 5106 major
3543 5081 3558 5105 ,
3592 5050 3645 5094 et
3672 5052 3752 5095 est
3781 5046 3965 5111 potim

2387 5123 2501 5179 inec
2530 5125 2742 5178 unitatis
2769 5126 3042 5194 perfectio.
3072 5128 3272 5181 Animae
3295 5131 3435 5183 enim
3457 5132 3760 5197 eonjunctio
3786 5151 3855 5188 eo
3884 5149 3980 5191 est

2387 5217 2683 5270 accuratior
2719 5225 2773 5271 et
2806 5219 3080 5284 exactior,
3109 5235 3212 5287 quo
3249 5230 3330 5275 est
3371 5221 3661 5291 simplicior
3687 5234 3741 5278 et
3768 5225 3979 5279 fortnas

2390 5309 2561 5362 unius.
2612 5309 2889 5373 Quomodo
2927 5320 3102 5364 autem
3145 5326 3205 5364 ea
3246 5315 3627 5367 conservatur?
3654 5313 3722 5368 In
3760 5317 3981 5371 vinculo

2388 5403 2545 5469 pacis.
2577 5401 2714 5455 Fieri
2748 5416 2850 5454 non
2881 5410 3055 5471 potest
3085 5412 3136 5456 ut
3165 5418 3225 5458 ea
3261 5403 3329 5457 sit
3365 5405 3416 5458 in
3447 5404 3736 5460 inimicitiis
3766 5418 3819 5461 et
3854 5410 3983 5465 dis-

2386 5492 2652 5544 sensione.
2689 5489 2787 5545 Ubi
2814 5494 2945 5545 enim
2970 5503 3113 5555 sunt,
3144 5493 3330 5562 inquit,
3358 5496 3409 5547 in
3435 5495 3569 5549 vobis
3593 5497 3704 5550 lites
3730 5507 3778 5549 et
3799 5515 3983 5554 «sinu-

2388 5581 2594 5634 lationes
2614 5591 2658 5634 et
2675 5582 3021 5644 dissensiones,
3042 5600 3209 5636 annon
3231 5586 3456 5639 carnales
3471 5588 3607 5655 estis,
3624 5598 3671 5640 et
3684 5594 3886 5657 secund
3894 5610 3925 5644 μ
3937 5613 3985 5647 ut

2387 5676 2633 5728 hominem
2671 5675 2933 5728 ambttlutis
2968 5675 3041 5743 (1.
3075 5675 3194 5729 Cor.
3222 5679 3272 5731 5.
3303 5677 3399 5744 δη
3429 5678 3568 5733 Sicut
3606 5681 3747 5734 enim
3779 5683 3935 5752 ignis
3966 5727 3981 5747 ,
