4108 6312
165 421 220 477 13
1030 410 1093 465 IN
1136 409 1347 464 nmsr.
1391 410 1481 463 At)
1524 405 1716 488 erue:

1824 404 1968 459 CAP.
2011 401 2096 453 tv.
2141 400 2367 454 noun.
2417 399 2500 454 ιχ.
3354 406 3420 460 γι

163 537 350 609 quando
400 535 538 602 ligna
580 530 795 599 quidem
842 527 1101 580 invenerit
1143 526 1280 578 sicca
1309 564 1321 585 ,
1353 522 1529 574 oninia
1560 535 1717 581 unam

162 625 301 683 elﬁctt
339 639 560 695 pyram;
594 620 808 690 quando
833 626 1010 671 autem
1051 614 1266 667 humida
1290 655 1304 674 ,
1341 627 1440 668 nec
1468 618 1720 680 operatur

160 733 244 773 nec
263 713 593 784 conglutiuat
625 730 638 763 :
669 712 739 764 ita
769 710 854 763 hic
880 708 1040 762 etiam
1068 725 1082 759 :
1113 706 1243 760 nihil
1272 720 1334 759 ex
1367 703 1571 773 frigidis
1594 715 1716 756 eum

162 814 312 877 priest
333 805 725 872 constringere.
750 800 843 854 sed
869 816 934 854 ex
956 798 1141 852 calidis
1168 795 1581 864 unumquodque
1606 806 1719 845 ma-

158 901 276 952 xima“
319 912 387 951 ex
436 904 607 964 parte.
656 894 730 946 Ex
775 891 876 944 hoc
919 905 1050 958 ergo
1087 890 1245 941 etiam
1297 885 1530 940 nascitur
1570 883 1719 937 calor

157 989 414 1042 caritatis:
444 1002 471 1037 a
511 985 724 1038 vinculo
766 982 911 1051 pacis
945 980 1053 1032 vult
1092 993 1189 1032 nos
1227 977 1415 1031 oumés
1440 975 1711 1043 colligare.

155 1078 592 1145 Quemadmodum
620 1075 763 1129 enim
790 1114 804 1135 ,
835 1072 1041 1141 inquit,
1070 1071 1112 1123 si
1143 1069 1275 1121 velis
1306 1068 1530 1135 teipsum
1564 1062 1714 1116 alteri

155 1174 375 1239 alligare,
400 1186 504 1223 non
530 1168 688 1221 aliter
712 1165 933 1234 poteris,
959 1163 1059 1217 nisi
1087 1162 1235 1215 illum
1260 1174 1469 1229 quoque
1496 1158 1586 1211 tibi
1615 1157 1712 1224 ipsi

153 1266 353 1334 alliges;
385 1262 525 1332 quod
554 1262 597 1314 si
627 1261 758 1314 velis
783 1257 979 1325 duplex
1018 1254 1193 1309 facere
1222 1252 1490 1306 vinculum
1514 1292 1529 1313 ,
1564 1251 1714 1303 illum

152 1370 346 1425 quoque
368 1362 576 1423 oportet
597 1353 688 1406 tibi
711 1366 830 1405 esse
850 1350 1118 1418 alligatum
1141 1364 1153 1398 :
1176 1346 1246 1399 ita
1270 1345 1354 1397 hic
1372 1359 1586 1413 quoque
1606 1342 1743 1419 vult,

148 1466 234 1503 eos
257 1451 394 1503 inter
416 1464 476 1503 se
497 1463 618 1501 esse
642 1446 904 1516 alligatos,
931 1458 1035 1496 non
1061 1443 1232 1496 solum
1262 1442 1313 1493 in
1341 1454 1469 1508 pace
1495 1438 1712 1506 degere,

155 1556 239 1593 nec
269 1540 439 1593 solum
469 1539 689 1607 diligere
710 1578 724 1600 ,
755 1536 850 1599 sed
881 1549 1068 1588 omnes
1108 1547 1228 1587 esse
1270 1546 1428 1585 unam
1459 1530 1712 1583 animam.

153 1630 421 1685 Pulchrum
448 1641 531 1685 est
559 1629 661 1683 hoc
682 1628 949 1681 vinculum
976 1645 989 1678 :
1016 1625 1116 1680 hoc
1137 1623 1347 1678 vinculo
1372 1630 1423 1676 et
1452 1636 1549 1675 nos
1577 1621 1716 1675 inter

152 1724 329 1786 nos,'et
358 1737 455 1774 nos
483 1721 629 1789 ipsos
650 1734 769 1773 cum
797 1719 904 1772 Deo
923 1717 1251 1786 colligemus.
1278 1714 1391 1768 Non
1414 1712 1601 1781 afﬂigit
1618 1724 1717 1765 nec

146 1812 437 1882 comprimit
455 1813 731 1881 colligatos
754 1825 941 1863 manus
965 1811 1065 1861 hoc
1084 1805 1373 1868 vinculum,
1394 1803 1489 1857 sed
1513 1801 1717 1855 relaxat

147 1911 196 1955 et
230 1903 276 1955 in
303 1902 485 1969 amplo
512 1917 576 1957 ac
600 1902 707 1955 lato
737 1901 862 1954 sinit
886 1914 1007 1953 esse
1034 1898 1241 1966 Spatio;
1267 1906 1321 1949 et
1349 1894 1512 1948 eflicit
1540 1902 1597 1946 ut
1625 1893 1714 1961 qui

146 2001 257 2044 sunt
295 1990 454 2045 vincti
477 2033 492 2055 ,
525 1994 631 2043 sint
674 1990 907 2043 lzetiores
949 1988 1013 2041 iis
1041 1986 1137 2057 qui
1180 1985 1341 2039 soluti
1370 1991 1515 2037 sunt.
1542 1982 1581 2036 F
1586 1982 1718 2037 ortis

146 2082 291 2133 etiam
320 2096 441 2135 cum
469 2081 627 2135 debili
660 2080 885 2149 ligatus,
917 2088 971 2133 et
997 2078 1145 2131 illum
1175 2086 1349 2145 portat
1376 2085 1431 2130 et
1455 2089 1560 2129 non
1590 2073 1715 2127 sinit

148 2173 308 2238 perire
330 2211 345 2233 ,
373 2171 581 2225 etiamsi
608 2185 732 2224 cum
757 2170 903 2238 Segni
932 2179 986 2223 et
1020 2170 1213 2237 ignavo
1244 2166 1400 2221 fuerit
1431 2166 1677 2234 alligatus
1697 2203 1713 2230 ,

146 2266 302 2330 ipsum
334 2267 500 2331 magis
526 2263 748 2316 excitat.
776 2260 961 2315 Frater
983 2262 1134 2323 enim,
1166 2260 1354 2327 inquit,
1385 2274 1416 2309 a
1440 2262 1599 2327 fratre
1625 2256 1716 2307 ad—

142 2355 290 2417 jutus.
318 2364 389 2406 est
415 2362 671 2420 tamquam
698 2353 815 2405 urbs
841 2352 1035 2404 munita
1061 2351 1081 2422 (
1103 2350 1256 2403 Prov.
1290 2351 1377 2404 l8.
1407 2348 1475 2403 19
1492 2350 1533 2418 ).
1570 2348 1716 2401 llauc

142 2455 371 2499 catenam
402 2461 507 2499 non
548 2453 724 2513 potest
764 2443 1046 2513 prohibere
1074 2443 1274 2495 viarum
1308 2441 1535 2509 spatium
1561 2481 1577 2505 ,
1611 2455 1715 2492 non

144 2530 340 2598 ea-lum,
367 2550 472 2589 non
504 2517 669 2600 terra,
700 2550 805 2588 non
834 2549 1000 2599 mors,
1032 2548 1205 2602 neque
1233 2532 1375 2585 aliud
1405 2531 1713 2600 quidquam,

143 2624 228 2677 scd
270 2633 353 2678 est
395 2625 642 2678 omnibus
688 2624 957 2692 potentior
1002 2632 1055 2676 et
1102 2622 1365 2676 validior:
1398 2621 1513 2675 hzec
1552 2622 1714 2674 etiam

145 2723 256 2766 nata
285 2729 351 2767 ex
376 2730 478 2768 una
505 2716 714 2777 anima,
745 2722 920 2782 potest
950 2713 1146 2765 multos
1175 2712 1329 2765 simul
1360 2709 1715 2779 comprehen-

141 2806 278 2858 dere.
310 2803 445 2859 Audi
468 2806 609 2859 enim
635 2804 854 2858 Paulum
880 2804 1144 2857 dicentem
1172 2822 1184 2854 :
1212 2800 1331 2854 Non
1354 2801 1718 2871 angustiamini

143 2896 190 2945 in
231 2895 370 2947 nobis
395 2936 410 2958 ,
448 2894 810 2963 angustiamini
849 2900 1012 2945 autem
1052 2892 1106 2945 in
1134 2891 1404 2945 visceribus
1432 2891 1605 2945 vestris
1635 2891 1713 2960 (2.

141 2986 252 3039 Cor.
278 2986 332 3039 6.
361 2986 427 3039 12
452 2988 488 3053 ).
524 2983 827 3038 Dilatemini
861 2993 915 3037 et
939 2998 1054 3036 vos.
1087 2983 1223 3049 Quid
1251 2998 1379 3051 ergo
1410 2984 1510 3036 hoc
1535 2970 1718 3037 vincu-

144 3076 246 3129 lum
273 3076 594 3132 labefactat?
626 3080 793 3128 Amor
820 3076 1058 3143 pecunia}
1084 3116 1098 3138 ,
1134 3075 1340 3143 imperii
1368 3084 1420 3129 et
1452 3075 1715 3129 henorum

142 3167 421 3235 gloriaeque
446 3167 709 3233 cupiditas
737 3178 791 3218 et
820 3166 1047 3219 aliorum
1082 3165 1381 3230 IllljUSllltldl
1409 3182 1421 3217 :
1449 3180 1542 3218 eos
1570 3167 1718 3220 laxos

146 3260 310 3314 reddit
337 3270 391 3315 et
419 3260 608 3313 molles
633 3300 647 3322 ,
682 3260 932 3327 ipsosque
959 3258 1232 3311 discindit.
1281 3257 1562 3324 Quomodo
1590 3273 1719 3327 ergo

144 3331 258 3411 fuit,
288 3361 346 3404 ut
374 3366 476 3404 non
506 3348 915 3403 discindantur?
953 3348 1007 3403 Si
1039 3348 1154 3401 haec
1182 3349 1355 3402 ablata
1390 3348 1585 3402 fuerint
1616 3349 1716 3401 im-

145 3442 453 3507 pedimeuta.
481 3450 537 3495 et
565 3440 696 3493 nihil
723 3440 1018 3503 molestiam
1044 3439 1231 3493 aﬂ'erat
1255 3454 1319 3492 ex
1349 3440 1411 3493 iis
1437 3456 1556 3507 qua:
1580 3440 1718 3492 rari-

142 3540 294 3585 tatem
336 3541 699 3599 corrumpunt.
741 3530 876 3585 Audi
918 3531 1058 3591 enim
1094 3530 1364 3584 Christum
1403 3531 1714 3586 dicentem:

142 3621 355 3685 Quando
383 3622 712 3675 abundaverit
756 3620 995 3690 iniquitas
1015 3662 1030 3685 ,
1061 3621 1345 3696 refrigescet
1374 3623 1557 3674 caritas
1586 3621 1719 3674 mula

140 3726 298 3769 torum
328 3718 345 3785 (
376 3715 561 3768 Matth.
591 3715 682 3768 24.
714 3715 783 3769 12
809 3715 851 3783 ).
883 3714 1099 3768 Caritati
1132 3714 1260 3766 nihil
1291 3721 1375 3767 est
1417 3729 1567 3783 teque
1591 3728 1720 3767 con-

144 3809 357 3859 trarium
399 3815 560 3875 atque
603 3815 877 3876 peccaturo
906 3821 921 3858 :
951 3820 1049 3860 nec
1079 3805 1198 3859 dico
1226 3806 1397 3860 solum
1427 3806 1632 3860 caritati
1664 3806 1716 3859 in

144 3896 326 3962 Deum,
346 3898 435 3951 sed
457 3899 619 3952 etiam
640 3896 849 3951 caritati
874 3897 925 3950 in
950 3897 1271 3965 proximum.
1293 3896 1570 3964 Quomodo
1591 3911 1719 3965 ergo

140 3988 369 4043 latrones
387 4029 401 4053 ,
428 3989 597 4056 inquit
622 4031 635 4052 ,
667 3989 865 4058 degunt
891 3989 944 4043 in
971 3989 1138 4058 pace?
1163 3988 1406 4056 Quando,
1437 3988 1522 4041 dic
1547 3987 1673 4041 mihi
1701 4028 1715 4050 ,

140 4080 330 4147 degunt
348 4082 370 4132 ἲ
391 4080 525 4133 Cum
552 4081 819 4132 latronum
847 4080 1085 4133 moribus
1106 4096 1209 4131 non
1235 4088 1470 4131 utuntur.
1496 4080 1549 4133 Si
1573 4079 1715 4132 enim

142 4170 190 4221 in
221 4170 284 4224 iis
311 4171 434 4238 ipsis
455 4171 653 4239 quibus
673 4170 1001 4232 dividuntur,
1024 4186 1130 4223 non
1156 4180 1371 4223 servent
1397 4170 1540 4239 leges
1560 4170 1713 4239 justi-

142 4261 223 4312 tia:
243 4300 257 4325 ,
286 4271 347 4314 ut
370 4256 653 4328 unicuique
678 4248 819 4329 quod
844 4260 1043 4328 juStum
1071 4271 1153 4314 est
1182 4261 1449 4324 tribuant,
1479 4261 1718 4315 invenies

140 4350 253 4404 illos
277 4366 485 4421 quoque
509 4366 629 4405 esse
657 4351 707 4404 in
739 4351 893 4405 bellis
916 4362 970 4404 et
998 4352 1204 4419 pugnis.
1233 4351 1591 4418 Quamobrem
1619 4367 1717 4405 nec

140 4441 187 4494 iu
210 4443 362 4495 malis
384 4443 503 4495 licet
526 4457 717 4511 pacem
738 4442 977 4495 invenire
998 4460 1011 4495 :
1033 4443 1227 4510 ubique
1248 4451 1424 4494 autem
1448 4456 1565 4494 eam
1593 4441 1717 4495 licet

140 4533 393 4595 invenire.
417 4534 503 4587 ubi
525 4548 648 4586 cum
673 4533 876 4601 justitia
900 4542 953 4585 et
976 4533 1172 4587 virtute
1193 4533 1406 4585 vivitur.
1430 4532 1532 4585 Sed
1557 4533 1716 4601 quid?

139 4628 398 4682 rivalesne
412 4636 466 4681 et
486 4626 665 4681 mmuli
691 4627 743 4680 in
769 4640 898 4693 pace
918 4625 1134 4679 vivunt?
1157 4625 1391 4679 Minime.
1414 4625 1517 4679 Sed
1539 4641 1716 4693 quem-

140 4734 257 4769 nam
295 4721 375 4772 vis
413 4717 627 4771 dicam?
664 4718 871 4770 Avarus
898 4730 1185 4784 numquam
1215 4715 1318 4769 erit
1355 4716 1405 4769 in
1439 4731 1568 4784 pace
1593 4732 1713 4769 cum

137 4823 297 4861 avaro
328 4826 342 4860 :
371 4825 491 4862 nam
521 4808 567 4861 si
610 4822 714 4860 non
745 4816 923 4861 essent
958 4807 1100 4860 inter
1132 4821 1191 4859 se
1224 4806 1351 4874 justi
1381 4817 1435 4860 et
1460 4808 1595 4875 :t'qtti
1620 4848 1633 4872 ,
1663 4817 1717 4861 ct

138 4902 222 4953 alii
264 4901 402 4954 alios
441 4898 719 4953 allicerent
761 4899 971 4965 injuria,
1004 4898 1317 4966 dissipatum
1354 4906 1496 4951 esset
1528 4914 1714 4952 eorum

138 5005 323 5057 genus.
369 4989 517 5043 Sicut
544 4988 696 5041 enim
738 4986 865 5041 ferre
899 4986 1020 5040 dum
1061 4985 1214 5040 valde
1252 4987 1583 5051 esurientes,
1616 4988 1715 5041 nisi

137 5082 329 5152 aliquid
362 5080 656 5136 intercaiat
693 5080 922 5135 medium
949 5081 1089 5150 quod
1119 5082 1288 5151 possit
1317 5082 1385 5135 ab
1412 5082 1489 5136 eis
1516 5097 1715 5137 consu-

137 5175 206 5229 mi
226 5216 242 5239 ,
271 5176 379 5229 illa:
406 5190 463 5229 se
492 5173 730 5228 exedunt
756 5190 768 5225 :
796 5171 866 5226 ita
894 5174 1052 5228 etiam
1082 5174 1220 5227 inter
1247 5189 1437 5227 ﬂVM‘OS
1465 5184 1519 5227 et
1549 5175 1717 5229 malos

136 5269 399 5321 eveniret.
422 5264 781 5333 Quamobrem
809 5264 923 5317 fieri
950 5280 1054 5317 non
1086 5274 1259 5332 potest
1288 5276 1343 5318 ut
1368 5266 1435 5320 sit
1464 5282 1585 5335 pax,
1616 5267 1717 5320 nisi

139 5358 304 5411 virtus
328 5367 662 5411 exerceatur.
691 5355 1104 5421 Construamus,
1138 5355 1181 5409 si
1214 5356 1417 5425 placet,
1447 5357 1719 5411 civitatem

136 5466 417 5503 avarorum
448 5458 503 5503 et
529 5449 618 5519 qui
654 5462 806 5515 pares
835 5449 942 5501 sint
971 5447 1021 5500 in
1051 5448 1252 5501 honore
1272 5490 1286 5511 ,
1318 5457 1374 5501 et
1401 5464 1558 5502 nemo
1584 5465 1712 5503 con-

138 5540 352 5593 detonet
396 5540 677 5607 iniuriam,
710 5537 803 5591 sed
843 5551 1029 5590 omnes
1068 5539 1312 5604 injuriam
1355 5537 1616 5601 inferant;
1646 5554 1711 5591 an

142 5638 310 5693 potest
348 5630 652 5695 hujusmodi
684 5629 871 5682 civitas
893 5629 1226 5681 consistere?
1259 5628 1490 5682 Minime.
1520 5631 1587 5681 At
1618 5644 1715 5698 pax

138 5730 219 5775 est
241 5720 647 5775 adulterorum?
675 5720 779 5776 Sed
810 5735 878 5774 ne
911 5720 1046 5775 duos
1074 5721 1286 5789 quidem
1322 5721 1559 5775 invenies
1584 5737 1716 5775 con-

137 5814 342 5868 cordes.
373 5813 730 5879 Quamobrem
765 5830 869 5868 nou
901 5827 975 5869 οδε
1007 5828 1193 5869 rursus
1221 5814 1320 5867 alia
1352 5814 1507 5884 hujus
1533 5831 1711 5883 causa,

1830 531 1986 583 quam
2034 515 2173 585 qnt‘d
2213 516 2475 568 refrixerit
2506 515 2702 567 caritas
2730 532 2743 565 :
2773 515 2912 584 quod
2944 526 3119 570 autent
3152 520 3418 575 rc‘i’iscril

1826 606 2047 670 caritas,
2072 621 2229 661 causa
2254 618 2355 670 ρει,
2379 606 2519 675 quod
2544 607 2823 660 abundarit
2846 609 3113 677 iniquitas.
3142 612 3251 665 lloc
3272 615 3414 669 enim

1827 697 1972 751 ducit
2018 698 2083 751 ad
2137 700 2408 765 preprium
2458 715 2738 763 amorem,
2789 711 2844 755 et
2888 702 3075 757 dividit
3118 715 3172 759 et
3218 722 3413 777 corpus

1831 789 2061 855 scindit,
2092 792 2400 860 emollitque
2426 801 2478 843 et
2508 792 2729 844 divellit.
2763 792 2858 848 Ubi
2890 804 3065 849 autrm
3097 808 3180 853 est
3209 801 3375 854 virtus
3403 845 3417 864 ,

1826 881 1950 933 facit
1975 882 2299 935 contrarium
2331 901 2343 936 :
2380 898 2500 935 nam
2532 884 2723 937 virtute
2757 887 3026 953 prarditus,
3061 898 3145 943 est
3175 894 3417 959 pecuniis

1824 974 2090 1041 superior.
2123 974 2304 1043 Itaque
2326 976 2533 1029 etiamsi
2559 977 2970 1033 inntuuerahiles
2990 981 3185 1051 degant
3208 986 3258 1037 in
3283 1003 3413 1054 pau-

1826 1073 2050 1130 pcrtatc,
2082 1066 2355 1132 potuerint
2379 1082 2496 1120 esse
2529 1068 2729 1136 paciﬁci
2757 1086 2769 1121 :
2793 1073 2939 1125 avari
2970 1084 3167 1141 autem,
3200 1079 3410 1133 etiamsi

1821 1154 1929 1206 sint
1976 1155 2082 1207 duo
2132 1164 2371 1221 tantum,
2416 1173 2702 1227 numquam
2745 1172 2965 1228 possunt
3010 1179 3129 1220 esse
3174 1166 3226 1220 in
3258 1184 3410 1237 pace.

1893 1244 1945 1297 4.
1988 1243 2067 1296 De
2091 1248 2317 1299 caritate.
2350 1246 2497 1301 Unde
2530 1261 2641 1317 orta
2682 1252 2779 1303 sint
2808 1268 3000 1307 arcana
3037 1265 3084 1309 et
3112 1270 3415 1314 secreta.—

1821 1333 2203 1402 Quamobrem,
2251 1337 2296 1391 si
2343 1338 2538 1392 virtute
2579 1342 2748 1394 simus
2792 1344 3023 1411 pra-diti,
3069 1362 3172 1401 non
3216 1352 3412 1418 peribit

1820 1427 2016 1479 caritas
2048 1444 2061 1479 :
2095 1427 2262 1481 virtus
2291 1428 2434 1483 enim
2463 1440 2544 1484 est
2570 1446 2633 1485 ex
2660 1434 2901 1501 caritate,
2926 1444 2981 1488 et
3002 1439 3195 1491 caritas
3216 1456 3280 1494 ex
3304 1444 3411 1495 vir-

1823 1522 1956 1569 tute.
1988 1516 2269 1582 Quomodo
2297 1528 2496 1585 autem,
2526 1537 2629 1591 ego
2663 1523 2858 1576 dicam.
2902 1524 3002 1591 Qui
3042 1537 3125 1583 est
3155 1532 3411 1599 praeditus

1820 1608 2039 1675 virtute,
2072 1626 2175 1663 non
2210 1612 2425 1679 pra-fert
2448 1601 2726 1681 pecuniam
2758 1617 3026 1684 amicitire,
3057 1638 3161 1676 non
3193 1629 3275 1677 e'st
3300 1643 3410 1679 mc-

1823 1714 1942 1752 mer
1978 1699 2187 1767 injuritc
2230 1716 2485 1771 acccptm,
2520 1690 2819 1773 proximum
2868 1726 2965 1764 nec
3006 1711 3199 1781 injuria
3244 1716 3411 1771 allicit

1823 1806 1922 1844 nec
1947 1795 2293 1853 contumelia.
2326 1798 2501 1850 omnia
2546 1797 2648 1852 fert
2677 1800 2797 1855 forti
2826 1811 2876 1855 el
2903 1819 3168 1873 generoso
3207 1809 3407 1863 animo.

1824 1881 1898 1935 Ex
1926 1882 2009 1937 his
2038 1897 2249 1941 constat
2272 1890 2487 1943 caritas.
2518 1891 2720 1946 Βιιιειις
2748 1896 2836 1962 qui
2864 1896 3056 1966 diligit,
3089 1899 3201 1954 haec
3228 1905 3408 1959 omnia

1821 1978 2063 2046 suscipit.
2094 1979 2183 2034 Sic
2212 1996 2272 2034 ca
2306 1992 2441 2037 sunt
2472 1984 2801 2053 hujusmodi,
2845 2000 2901 2043 ut
2927 1985 3151 2047 alterum
3183 1997 3407 2053 alterum

1821 2072 2130 2125 constituat.
2169 2075 2230 2128 Et
2260 2092 2327 2129 ex
2364 2076 2465 2131 hoc
2490 2081 2812 2147 ostenditur,
2856 2085 2995 2152 quod
3025 2088 3221 2142 raritas
3250 2091 3313 2142 sit
3344 2108 3409 2146 ex

1824 2161 2019 2217 virtute
2050 2180 2063 2216 :
2097 2164 2327 2219 dicendo
2348 2167 2513 2233 enim,
2546 2169 2766 2235 Quando
2792 2172 3122 2228 abundareiit
3150 2177 3410 2247 iniquitas,

1822 2255 2109 2323 refrigescet
2135 2257 2342 2319 caritas,
2392 2258 2493 2311 hoc
2533 2261 2852 2329 significavit
2885 2283 2896 2319 :
2927 2267 3068 2334 quod
3095 2278 3274 2323 autem
3308 2287 3416 2324 vir-

1824 2354 1908 2398 tus
1937 2362 1999 2398 ex
2031 2347 2253 2402 caritate
2287 2366 2300 2400 :
2336 2348 2437 2413 Qui
2465 2349 2655 2419 diligit,
2690 2351 2880 2421 inquit,
2914 2358 3223 2425 proximam,
3255 2362 3413 2430 legem

1820 2435 2043 2505 implevit
2075 2437 2251 2506 (Rom.
2280 2443 2365 2497 l3.
2395 2442 2475 2511 8).
2509 2444 2872 2511 Quamobrem
2905 2464 2969 2502 ex
3012 2452 3220 2506 duobus
3249 2470 3411 2509 unum

1786 2548 1789 2561 ε
1821 2542 1941 2582 esse
1970 2541 2201 2598 oportet,
2228 2546 2331 2587 .aut
2375 2536 2529 2591 valde
2558 2538 2866 2608 diligentem
2910 2550 2964 2595 et
3005 2543 3280 2612 dilectum,
3323 2562 3416 2605 aut

1828 2618 1981 2674 valde
2010 2620 2206 2679 virtute
2252 2626 2556 2693 praeditum.
2585 2628 2684 2695 Qui
2715 2632 2857 2684 enim
2892 2633 3054 2689 habet
3089 2653 3270 2700 unum.
3315 2657 3413 2695 ne-

1822 2712 2057 2764 ccssario
2109 2730 2321 2783 quoque
2367 2718 2604 2785 possidet
2647 2720 2877 2775 alterum
2922 2740 2935 2775 :
2978 2735 3033 2778 et
3084 2738 3268 2782 contra
3322 2736 3412 2800 qui

1825 2801 1994 2854 nescit
2017 2801 2262 2871 diligere,
2306 2806 2469 2859 multa
2497 2824 2712 2877 quoque
2755 2812 2891 2865 mala
2926 2813 3121 2878 faciet;
3154 2819 3244 2887 qui
3278 2824 3415 2876 mala

1822 2887 1970 2955 facit,
2004 2894 2175 2946 nescit
2216 2895 2459 2964 diligere.
2504 2898 2895 2969 Perseqnamur
2920 2919 3049 2974 ergo
3084 2910 3361 2963 caritatem
3399 2930 3411 2965 :

1823 2990 1902 3033 est
1935 2984 2077 3035 enim
2112 2985 2416 3051 przrsidium
2438 2988 2503 3040 ad
2535 2989 2648 3062 hoc_
2668 3000 2727 3043 ut
2756 3009 2859 3046 non
2889 2997 3229 3061 permittatur
3261 3003 3415 3057 nobis

1821 3071 2024 3139 aliquid
2057 3074 2181 3126 mali
2213 3078 2318 3143 pati
2354 3094 2367 3131 :
2394 3079 2709 3146 colligemus
2732 3098 2845 3136 nos.
2878 3084 3017 3139 Nihil
3052 3089 3122 3141 sit
3149 3090 3288 3159 apud
3317 3110 3417 3146 nos

1823 3162 2092 3227 dolosum,
2150 3166 2281 3219 nihil
2341 3166 2732 3224 fraudulentum:
2790 3185 2843 3227 ('t
2888 3175 3202 3233 iusidiosnm
3241 3204 3252 3237 :
3286 3185 3416 3239 nihil

1824 3254 1965 3306 enim
1996 3257 2268 3309 invenitur
2294 3258 2596 3326 hujusmodi
2626 3263 2710 3316 ubi
2740 3263 2894 3319 fuerit
2923 3270 3177 3325 amicitia.
3211 3274 3321 3328 lloc
3342 3277 3417 3329 di-

1825 3345 1899 3397 xit
1922 3345 2001 3398 vir
2020 3361 2232 3415 quoque
2258 3349 2396 3403 alius
2416 3351 2632 3420 sapiens
2661 3372 2674 3408 :
2705 3353 2772 3407 In
2795 3358 3010 3411 emicant
3038 3362 3235 3416 etiamsi
3262 3368 3417 3419 strin-

1823 3438 1959 3489 πει-ξε
1986 3453 2173 3503 ensem,
2201 3456 2263 3492 ne
2296 3440 2569 3510 desperes;
2596 3456 2667 3497 est
2692 3448 2823 3499 enim
2856 3466 3110 3519 regressus
3142 3469 3161 3507 :
3186 3458 3254 3508 ad
3281 3461 3415 3510 anu-

1825 3545 1958 3590 cum,
1989 3532 2049 3595 ⁵εἰ
2102 3549 2156 3585 os
2204 3536 2499 3602 aperueris,
2548 3553 2611 3589 ne
2660 3540 2975 3607 despondeas
3026 3547 3291 3613 animum;
3343 3564 3415 3605 est

1823 3620 2165 3672 reconciliatio
2201 3633 2381 3688 praeter
2413 3625 3245 3694 exprobrationem,etarcanorum
3274 3656 3415 3692 reue-

1824 3709 2081 3773 lationem,
2112 3721 2158 3763 et
2187 3713 2391 3781 plagam
2438 3714 2667 3768 dolosam
2709 3716 2897 3785 (Eccli.
2938 3721 3030 3775 22.
3069 3724 3159 3778 26.
3204 3726 3317 3795 27).
3357 3731 3419 3784 Ιιιι

1827 3799 1909 3854 his
1941 3802 2145 3871 aufugit
2173 3805 2399 3869 amicus,
2430 3806 2482 3859 in
2518 3822 2841 3877 arcanorum
2875 3816 3225 3874 revelatione.
3255 3822 3310 3875 Si
3342 3826 3415 3877 si-

1826 3906 1944 3944 mus
1975 3892 2154 3960 itaque
2185 3910 2372 3948 omnes
2392 3896 2571 3960 amici,
2597 3914 2665 3952 ne
2685 3902 2895 3956 areanis
2917 3906 3130 3973 quidem
3158 3921 3239 3964 est
3256 3928 3410 3982 opus.

1829 3982 1896 4037 Ut
1924 3985 2066 4036 enim
2102 4002 2206 4037 non
2251 3987 2410 4040 habet
2447 3990 2727 4059 quisquam
2768 3996 2906 4061 apud
2944 4013 3004 4053 se
3042 4001 3217 4057 “ullum
3260 4020 3413 4058 arca-

1827 4093 1972 4139 num,
2006 4081 2319 4148 ncqne'ipse
2351 4084 2584 4149 seipsum
2617 4096 2792 4154 potest
2818 4088 3012 4153 celare,
3046 4092 3117 4146 ita
3145 4110 3242 4149 nec
3270 4100 3409 4152 ami-

1825 4182 1918 4219 cos
1968 4168 2102 4221 Cum
2139 4170 2297 4238 igitur
2324 4187 2429 4225 non
2468 4173 2573 4226 sint
2600 4190 2813 4241 arcana,
2860 4178 2975 4233 ﬁeri
3014 4198 3118 4237 non
3153 4198 3320 4253 potest
3356 4202 3415 4244 ut

1823 4273 1887 4312 ex
1930 4273 1993 4312 ea
2038 4275 2099 4312 re
2146 4262 2215 4312 sit
2257 4261 2534 4317 absci~sio.
2566 4266 2774 4321 Arcana
2813 4271 2957 4325 enim
3000 4290 3105 4329 non
3152 4277 3412 4336 habemus

1826 4359 2045 4417 propter
2066 4351 2234 4416 aliud,
2259 4368 2417 4421 quam
2445 4356 2584 4423 quod
2612 4375 2714 4410 nou
2738 4361 2987 4416 omnibus
3016 4365 3244 4421 ﬁdamus
3278 4389 3291 4422 :
3321 4389 3411 4425 ca-

1825 4441 1997 4492 ritatis
2026 4440 2204 4510 itaque
2229 4443 2565 4511 refrigeratio
2596 4447 2718 4501 fecit
2745 4464 2960 4505 arcana.
2995 4454 3126 4509 Nam
3154 4461 3279 4527 quid
3312 4462 3408 4515 ha-

1824 4531 1919 4586 bes
1970 4536 2268 4587 arcanum?
2323 4536 2405 4589 vis
2454 4537 2703 4606 injuriam
2752 4542 2929 4597 facere
2978 4550 3265 4613 proximo?
3314 4565 3409 4609 aut

1825 4624 2077 4692 prohibes
2106 4641 2173 4678 ne
2200 4628 2270 4679 sit
2297 4627 2521 4695 alicujus
2551 4632 2677 4684 boui
2706 4634 2993 4703 particeps.
3037 4650 3089 4691 et
3122 4652 3404 4710 propterea

1822 4731 1945 4769 eum
1974 4717 2159 4769 celas?
2185 4720 2252 4770 At
2290 4718 2417 4770 nihil
2452 4729 2533 4773 est
2570 4722 2796 4788 horum;
2827 4726 2921 4778 scd
2951 4729 3265 4785 erubescis?
3295 4735 3408 4789 lloc

1823 4816 1908 4860 est
1934 4822 2061 4876 ergo
2091 4808 2298 4876 signum
2327 4809 2470 4879 quod
2504 4826 2607 4863 non
2653 4814 2790 4867 fidis.
2833 4816 2885 4869 Si
2930 4818 2998 4871 sit
3035 4836 3162 4889 ergo
3187 4826 3405 4893 caritas,

1826 4916 1930 4963 non
1961 4902 2064 4953 erit
2102 4900 2335 4955 detectio
2385 4917 2725 4966 arcanorum,
2766 4908 2861 4960 sed
2894 4925 2993 4963 nec
3036 4915 3403 4980 exprobratio.

1824 4993 1953 5061 Quis
1977 4992 2137 5056 enim,
2154 4992 2263 5055 die,
2281 5008 2483 5058 qumso,
2509 4994 2700 5048 auium:
2713 5012 2833 5059 sua:
2864 5005 3422 5071 umquamexprobra-

1828 5084 2004 5138 verit?
2035 5085 2183 5151 Quod
2223 5087 2266 5137 si
2308 5086 2467 5138 etiam
2510 5085 2619 5150 fiat,
2653 5081 2719 5141 tif
2752 5100 2969 5157 promer
3009 5093 3237 5148 lucrum.
3274 5096 3401 5150 Nam

1825 5177 1983 5231 etiam
2032 5178 2210 5244 pueris
2258 5176 2644 5244 cxprobramus
2687 5179 2928 5234 volentes
2974 5197 3069 5234 eos
3108 5187 3354 5239 mordere
3392 5208 3405 5241 :

1825 5270 2067 5323 Christus
2102 5283 2316 5336 quoque
2357 5270 2666 5323 civitatibus
2710 5281 2835 5324 tunc
2876 5273 3404 5341 cmpitcxprobrure,

1836 5359 1924 5413 Va?
1950 5360 2035 5412 tibi
2065 5360 2337 5423 Corozain,
2367 5375 2441 5412 va!
2470 5360 2557 5411 tibi
2585 5360 2858 5413 Bethsaida
2890 5362 3039 5431 (Luc.
3086 5366 3166 5416 10.
3208 5367 3313 5432 15),
3348 5379 3405 5421 ιιι

1825 5469 1917 5507 eas
1949 5453 2199 5504 liberaret
2224 5470 2249 5502 τι
2281 5453 2509 5520 probris.
2538 5452 2680 5505 Nihil
2710 5455 2851 5506 enim
2874 5456 3110 5509 animum
3139 5458 3205 5509 ita
3234 5469 3407 5524 potest

1827 5553 2063 5611 tangere,
2094 5552 2152 5595 et
2179 5560 2299 5595 eum
2330 5544 2497 5610 magis
2525 5553 2778 5605 exeitarc,
2812 5554 2862 5597 et
2894 5545 3160 5613 dejectum
3198 5565 3260 5602 ac
3294 5550 3406 5602 dis-

1825 5633 2054 5685 Solulum
2103 5634 2330 5701 erigere.
2381 5633 2565 5701 Neque
2613 5649 2711 5686 nos
2756 5643 2959 5689 temere
2998 5639 3132 5691 allcr
3178 5641 3402 5693 alterum

1829 5723 2038 5791 probris
2076 5732 2408 5791 appetamus.
2446 5725 2581 5789 Quid
2612 5726 2795 5779 enim?
2825 5736 3040 5794 propter
3084 5730 3409 5796 pecuniasne

1831 5818 2023 5886 probra
2065 5816 2313 5885 ingeres'?
2360 5817 2725 5886 Nequaquam,
2762 5818 3020 5887 siquidem
3052 5836 3170 5889 qua:
3211 5822 3405 5885 habes,
