4108 6312
653 406 719 445 τες

656 520 895 589 tumidos
923 518 1240 572 ronuuuuia.
1273 518 1338 570 At
1362 527 1578 585 promer
1602 527 1815 585 peccata
1836 515 1861 566 ?
1886 513 1961 566 Ne
1980 513 2080 566 hoc
2106 513 2225 580 qui-

654 615 797 671 dem,
826 609 917 661 sed
950 610 1122 675 potius
1144 610 1405 677 corriges.
1434 606 1502 659 Et
1523 608 1748 676 plagam,
1779 605 1970 672 inquit,
2000 604 2225 657 dolosam

654 704 732 757 tl.
764 704 878 753 Cor.
921 702 1000 752 ll-
1042 702 1119 755 ll.
1152 700 1289 758 Ouid
1319 699 1489 753 vero?
1518 699 1750 767 seipsum
1798 696 2065 765 perimet?
2106 698 2226 761 quis

654 792 824 861 ipsum
869 791 1171 857 percutiet?
1211 789 1398 843 Ni'llltt.
1443 790 1831 858 Persequamur
1869 802 1998 855 ergo
2037 786 2227 839 carita-

653 898 780 935 tem.
814 880 927 935 Non
969 881 1104 934 dixit
1140 879 1469 947 simpliciter,
1515 880 1823 947 Diligamus,
1872 878 1991 941 sed,
2041 877 2223 930 Perse-

650 988 897 1041 qaainur.
930 972 1093 1025 Multo
1120 971 1299 1025 studio
1333 987 1470 1041 opus
1503 982 1555 1025 et
1594 970 1862 1039 diligentia
1905 989 1919 1022 :
1961 970 2068 1021 cito
2096 981 2222 1019 eva-

653 1067 839 1125 :ws‘Cil,
868 1066 1020 1119 velox
1047 1074 1125 1118 est
1157 1064 1223 1118 ad
1265 1065 1620 1119 recedendum
1656 1081 1668 1114 :
1703 1066 1809 1116 ta'ut
1850 1063 2012 1115 multa
2043 1062 2094 1113 in
2119 1061 2222 1113 vita

652 1155 774 1207 mtic
804 1156 877 1208 rei
903 1156 1121 1209 exitium
1164 1154 1410 1210 aﬂ'erunt.
1439 1156 1493 1209 Si
1529 1170 1646 1208 eam
1680 1168 2082 1222 persequantur,
2116 1167 2222 1205 non

651 1249 795 1310 prius
834 1249 1137 1310 recesserit,
1164 1255 1338 1317 “quam
1381 1256 1499 1301 eam
1527 1249 1635 1300 cito
1681 1246 2078 1300 attraxerit-tus.
2129 1244 2221 1296 Dei

647 1338 839 1389 raritas
866 1339 997 1390 ca'lo
1024 1349 1218 1391 terram
1249 1340 1557 1406 conjunxit;
1604 1338 1695 1393 Dei
1734 1339 1929 1391 caritas
1957 1337 2222 1389 hominem

650 1430 835 1481 sedere
859 1429 979 1482 fecit
997 1446 1157 1495 super
1179 1430 1425 1484 thronutn
1456 1433 1656 1500 regium
1679 1447 1692 1491 ;
1724 1431 1813 1483 Dei
1839 1430 2032 1482 caritas
2059 1420 2243 1481 Demn-

646 1519 877 1571 ostendit
919 1534 1081 1587 Super
1127 1530 1364 1585 terram;
1414 1521 1504 1575 Dei
1546 1522 1742 1575 caritas
1779 1521 2054 1572 dominum
2100 1518 2223 1570 fr-cit

1556 1656 1777 1664 ..ὴ-..-

841 1655 1062 1667 ’,ρ-...ο-η--

1074 1653 1552 1663 βᾜῇα-Μ-ρ-

657 1661 833 1670 -ηνιν

662 406 722 458 :5
1350 396 1405 452 s.
1451 396 1726 453 JOANNlS
1762 395 2233 481 cnuvsosrout
2274 393 2585 448 .tRClliEP.
2626 355 3161 451 CONSTAN'riNor.
3403 474 3409 481 _
3854 404 3913 455 ῖς

2333 526 2583 574 servum;
2633 511 2722 564 Dei
2753 511 2948 566 caritas
2980 510 3103 565 fecit
3143 523 3197 565 ut
3228 514 3525 568 traderetur
3562 515 3784 570 dilectus
3822 533 3912 586 pro

2334 602 2580 665 inimicis,
2618 603 2758 655 titius
2794 617 2889 670 pro
2917 604 2981 655 iis
3007 605 3097 672 qui
3126 606 3387 666 Oderunt,
3420 607 3649 660 dominis
3673 622 3769 676 pro
3795 624 3912 664 ser-

2336 696 2436 757 vis,
2477 695 2615 747 Deus
2640 709 2739 762 pro
2765 693 3090 756 hominibus,
3137 695 3274 748 liber
3312 713 3410 763 pro
3440 696 3672 752 humilis.
3710 700 3822 755 Nec
3849 716 3912 755 eo

2335 801 2500 854 usque
2521 786 2781 847 Constitit,
2801 785 2895 839 sed
2917 800 3016 838 nos
3035 787 3241 839 vocavit
3264 787 3328 839 ad
3355 788 3576 856 majora.
3607 789 3719 843 Non
3738 793 3911 847 solum

2331 878 2473 930 enim
2505 891 2603 930 nos
2628 876 2871 930 liberavit
2892 890 2922 928 a
2955 876 3221 944 prioribus
3249 878 3420 949 malis,
3443 879 3536 933 sed
3565 882 3723 934 etiam
3747 883 3911 936 tuulto

2333 971 2529 1037 majora
2559 984 2617 1023 se
2648 960 2893 1023 daturum
2928 980 3012 1024 est
3051 962 3334 1038 pollicitus.
3377 971 3476 1024 Pro
3507 972 3613 1036 his,
3645 974 3777 1027 actis
3806 977 3910 1028 lien

2327 1063 2532 1127 gratiis,
2561 1077 2773 1115 omnem
2804 1076 3190 1131 persequamur
3212 1066 3484 1126 virtutem,
3521 1073 3576 1118 et
3602 1080 3713 1133 pra:
3733 1070 3907 1120 omni-

2333 1151 2430 1206 bus
2475 1153 2747 1206 caritatem
2793 1168 3161 1216 exerceamus,
3198 1163 3255 1206 ut
3294 1154 3436 1223 digni
3484 1154 3777 1211 habeamur
3818 1162 3907 1229 qui

2330 1256 2720 1310 consequamur
2753 1241 2887 1296 booa
2919 1244 3201 1311 promissa,
3236 1260 3329 1312 per
3351 1248 3572 1313 gratiam
3598 1257 3649 1299 et
3678 1248 3912 1317 benigni-

2331 1343 2489 1386 tatem
2526 1334 2729 1386 homini
2761 1334 2931 1387 nostri
2960 1332 3087 1388 Iesu
3121 1333 3341 1397 Christi,
3386 1339 3469 1390 cui
3510 1351 3632 1393 cum
3664 1339 3824 1394 Patre
3858 1353 3909 1395 et

2328 1426 2527 1491 Spiritu
2554 1438 2738 1479 saneto
2762 1427 2953 1494 gloria,
2980 1426 3283 1493 imperium,
3308 1428 3498 1495 honor,
3521 1445 3663 1485 nunc
3689 1441 3744 1484 ct
3770 1448 3910 1486 sem.

2330 1514 2444 1586 peri
2473 1528 2525 1570 et
2553 1518 2602 1567 in
2631 1517 2826 1569 secula
2854 1517 3192 1572 sa‘culorum.
3225 1519 3417 1587 Amen.

2048 1722 2385 1781 HOMiLlA
2434 1720 2517 1778 Χ.

641 1873 767 1924 (λιιι.
811 1874 862 1924 4.
899 1889 948 1922 v.
982 1874 1033 1924 .l.
1080 1872 1246 1925 Unum
1282 1888 1463 1939 corpus
1501 1883 1546 1924 et
1575 1887 1702 1923 totus
1742 1872 1972 1932 spiritus,
2003 1871 2131 1920 sicut
2171 1877 2216 1919 rt

713 1966 870 2015 rocati
894 1975 1013 2016 estis
1032 1964 1086 2015 in
1114 1980 1218 2014 uua
1244 1979 1332 2032 spe
1353 1963 1625 2015 curationis
1653 1973 1847 2016 vestrm.

712 2061 766 2105 t.
804 2053 1028 2120 Quando
1048 2054 1112 2105 ad
1139 2068 1384 2122 magnum
1412 2052 1606 2120 aliquid
1635 2067 1733 2105 nos
1752 2051 2062 2106 exhortatur
2084 2051 2216 2103 Pau-

643 2148 746 2205 lus.
778 2155 835 2198 ut
858 2147 948 2215 qui
976 2147 1046 2200 sit
1081 2146 1234 2200 valde
1262 2147 1477 2214 sapiens
1505 2154 1560 2199 et
1588 2146 1899 2211 spiritualis.
1937 2145 2083 2197 ducit
2118 2159 2213 2195 ex-

642 2238 994 2291 hortationem
1042 2237 1109 2289 ah
1152 2237 1216 2290 iis
1263 2252 1383 2303 qua:
1412 2245 1538 2289 sunt
1582 2237 1631 2287 in
1677 2235 1843 2297 ca-lis,
1888 2245 1944 2285 ut
1980 2235 2067 2300 qui
2113 2233 2214 2285 hoc

642 2333 811 2398 ipsum
855 2344 886 2380 a
933 2329 1155 2382 Domino
1194 2329 1480 2381 didicerit:
1513 2328 1651 2381 sicut
1689 2312 1846 2379 etiam
1890 2326 2020 2379 dicit
2063 2326 2210 2387 alibi,

643 2419 906 2473 Ambulate
930 2420 982 2472 in
1004 2418 1288 2481 dilectione,
1318 2422 1448 2471 sicut
1475 2428 1521 2471 rt
1545 2420 1772 2471 Lhristus
1811 2417 1982 2469 dilexit
2024 2434 2135 2476 nos,
2168 2426 2213 2468 ct

640 2514 846 2564 tradidit
862 2513 1187 2579 semetipsum
1205 2529 1297 2579 pro
1324 2512 1463 2563 nobis
1482 2510 1696 2577 (Ep/tes.
1805 2509 1861 2577 (Ξ)
1884 2526 1899 2572 ;
1929 2519 1978 2561 et
2009 2524 2210 2569 rursus,

646 2603 756 2656 ΙΙοε
776 2606 1023 2656 sentiatur
1049 2607 1102 2655 in
1129 2602 1267 2655 vobis
1287 2602 1423 2670 quod
1443 2611 1489 2653 et
1510 2603 1561 2654 iu
1586 2599 1784 2655 Christo
1810 2600 1954 2661 .lrsu,
1991 2600 2074 2667 qui
2101 2616 2213 2650 cum

637 2698 688 2747 iu
711 2695 875 2761 forma
915 2694 1003 2745 Dei
1034 2704 1180 2751 esset.
1223 2710 1323 2746 uati
1365 2693 1598 2761 rapinam
1632 2691 1905 2743 arbitratus
1930 2702 2000 2744 est
2029 2707 2135 2743 esse
2160 2706 2214 2741 se

638 2787 879 2853 aqualem
916 2784 1020 2836 Duo
1042 2784 1301 2855 (Philipp.
1324 2783 1381 2835 2.
1495 2786 1575 2849 6).
1612 2785 1720 2834 Hoc
1747 2782 1908 2834 etiattt
1942 2781 2026 2834 hic
2067 2780 2207 2833 facit.

638 2876 871 2942 Quando"
909 2877 1051 2929 enim
1099 2876 1340 2941 exempla
1396 2873 1664 2942 proposita
1710 2882 1835 2926 sunt
1878 2887 2086 2941 magna,
2132 2880 2213 2923 est

639 2968 905 3019 aunulatio
950 2966 1238 3020 vehemens
1276 2976 1329 3018 et
1370 2965 1710 3018 desiderium;
1758 2962 1894 3026 Quid
1934 2978 2062 3029 ergo
2089 2962 2212 3013 dicit

639 3075 736 3112 nos
762 3059 1053 3113 adhortans
1098 3057 1164 3109 ad
1215 3039 1514 3110 unitatc’in?
1563 3054 1732 3108 Unum
1776 3062 2041 3122 corpus}!
2084 3068 2212 3105 unus

637 3151 863 3216 spiritus,
902 3153 1027 3201 sicut
1077 3159 1123 3201 et
1170 3147 1333 3199 vocati
1373 3148 1490 3199 estis
1540 3147 1593 3197 in
1642 3162 1743 3198 una
1796 3161 1888 3213 spe
1934 3144 2211 3197 vocationis

638 3254 811 3294 vestra:
836 3257 855 3293 :
879 3241 934 3295 5.
967 3257 1097 3293 unus
1129 3238 1393 3296 Dominus.
1427 3254 1528 3289 una
1552 3238 1702 3303 ﬁdes,
1762 3252 1917 3287 unum
1937 3235 2207 3302 baptisma.

636 3333 772 3399 Quid
801 3342 882 3386 est
908 3343 1086 3385 autem
1121 3346 1281 3382 unum
1313 3326 1549 3397 corpus?
1577 3329 1676 3392 Qui
1706 3335 1828 3379 sunt
1871 3326 2065 3394 ubique
2106 3337 2211 3378 ter-

640 3439 815 3476 rarum
855 3423 1040 3476 lidcles
1069 3434 1122 3473 et
1153 3422 1432 3474 fueruntet
1468 3418 1624 3470 futuri
1652 3425 1795 3470 sunt.
1823 3418 2023 3468 Rursus
2048 3426 2098 3467 et
2123 3416 2209 3482 qui

636 3526 760 3567 ante
787 3513 983 3567 Christi
1005 3512 1287 3565 adventum
1321 3511 1650 3576 placuerunt,
1674 3517 1972 3561 suutunuin
1994 3521 2207 3573 corpus.

637 3604 956 3672 Quomodo?
994 3603 1253 3668 Quoniam
1300 3602 1373 3652 illi
1425 3616 1633 3669 quoque
1680 3599 1948 3651 Christum
1992 3607 2207 3650 norunt.

543 3695 564 3715 ⁹
640 3696 915 3749 Uudeuatu
945 3694 1045 3745 hoc
1068 3692 1316 3745 constat?
1342 3690 1595 3742 Abraham
1639 3700 1782 3757 pater
1810 3699 1987 3750 νεικεῖ,
2015 3688 2208 3754 inquit,

638 3787 900 3840 usu/tavit
936 3795 992 3836 ut
1037 3783 1221 3836 rideret
1251 3782 1382 3833 diem
1417 3798 1577 3833 meum
1603 3796 1623 3843 ;
1661 3792 1704 3833 et
1740 3781 1883 3842 vidit,
1922 3788 1967 3832 et
2010 3780 2210 3848 gavisus

638 3888 708 3931 est
732 3876 909 3946 (Joaa.
942 3877 994 3929 8.
1023 3875 1149 3940 56);
1178 3884 1232 3926 et
1261 3888 1465 3925 rursus.
1496 3872 1555 3924 Si
1580 3870 1846 3923 crederetis
1878 3869 2066 3938 Moysi,
2102 3884 2209 3920 cre-

637 3970 819 4023 derctis
849 3968 1014 4033 utiun
1040 3977 1084 4019 et
1113 3964 1236 4033 mihi
1268 3980 1284 4015 :
1312 3964 1373 4015 de
1404 3979 1481 4013 me
1520 3962 1648 4013 enim
1678 3962 1763 4012 ille
1806 3962 2002 4028 scripsit
2038 3960 2090 4028 (Ι
2099 3952 2203 4011 bid.

638 4058 690 4113 ὅ.
724 4059 837 4124 M3).
874 4071 924 4110 et
957 4056 1262 4124 prnpbet:e.-
1285 4053 1397 4105 Non
1438 4052 1777 4119 scripsissent
1814 4048 2019 4115 outtfm,
2056 4049 2101 4103 si
2140 4050 2207 4103 de

636 4167 701 4204 eo
756 4152 1085 4219 ignorasscut
1132 4162 1250 4213 qua:
1293 4143 1539 4196 dicebant
1585 4161 1599 4194 :
1638 4157 1758 4194 cum
1808 4143 1976 4209 ipsum
2028 4151 2205 4193 autem

638 4250 874 4304 nossent,
916 4240 1075 4292 etiam
1113 4237 1423 4289 adorabaut.
1474 4234 1830 4300 Quamobrem
1881 4234 1952 4285 illi
1996 4248 2206 4301 quoque

636 4344 759 4385 sunt
790 4348 950 4383 ttnum
973 4344 1185 4396 Corpus.
1221 4328 1334 4378 Non
1365 4336 1446 4380 est
1472 4326 1789 4391 disjuuctutn
1816 4340 2010 4391 corpus
2036 4340 2064 4377 a
2092 4326 2206 4392 spi-

638 4429 738 4477 ritu
766 4443 779 4476 :
810 4422 1006 4488 alioqui
1041 4429 1143 4471 n‘on
1176 4418 1326 4471 fuerit
1354 4432 1564 4486 rorpus.
1592 4417 1700 4470 Nos
1726 4417 1867 4470 enim
1892 4416 2128 4470 solemus
2154 4418 2204 4468 iu

636 4518 883 4577 unitis,ct
913 4529 1030 4581 qua:
1053 4512 1269 4564 multum
1300 4510 1493 4563 habent
1518 4508 1975 4575 consequentiam,
2003 4508 2204 4571 dicere,

638 4614 728 4662 list
756 4625 914 4661 unum
946 4622 1158 4672 corpus.
1192 4604 1263 4657 lta
1294 4604 1451 4655 etiam
1479 4618 1576 4654 nos
1602 4602 1652 4654 in
1682 4603 1875 4655 unione
1911 4601 2205 4669 accipimus

635 4716 795 4753 utuun
827 4712 1023 4766 cOrpus
1050 4712 1155 4748 uno
1177 4695 1369 4762 capite.
1394 4693 1449 4747 Si
1476 4703 1555 4747 est
1580 4701 1754 4746 autetu
1786 4708 1944 4744 unum
1966 4702 2123 4760 caput
2149 4700 2204 4745 et

635 4808 796 4843 manu
822 4803 1038 4856 corpus,
1065 4796 1277 4839 constat
1300 4800 1494 4852 corpus
1514 4799 1580 4838 ex
1606 4767 1859 4838 membris
1883 4782 2121 4835 honestis
2150 4790 2206 4835 et

634 4902 738 4937 :iou
770 4882 1025 4935 honestis.
1052 4879 1315 4932 (Sa-terunt
1358 4891 1529 4944 neque
1559 4877 1611 4928 in
1642 4873 1953 4926 vilissimqu
1981 4872 2203 4941 insurgit

634 4981 683 5029 il
714 4975 852 5045 quod
878 4982 960 5028 est
987 4972 1179 5040 majus,
1227 4976 1399 5038 neque
1437 4967 1561 5021 illud
1608 4965 1731 5018 huic
1772 4964 1992 5016 invidet.
2042 4964 2199 5034 Atqui

635 5088 737 5122 non
768 5068 1012 5123 eunuletu
1051 5078 1204 5117 usum
1247 5077 1344 5115 nec
1381 5057 1625 5114 eamdem
1666 5054 1993 5109 [unctionem
2024 5056 2200 5107 omnia

631 5165 879 5221 alterunt,
928 5159 1021 5211 sed
1070 5156 1447 5210 convenienter
1485 5149 1672 5203 rationi
1724 5149 2055 5202 necessitatis
2093 5166 2107 5200 :
2147 5160 2201 5203 et

631 5258 754 5325 quia
784 5256 914 5306 facta
943 5259 1066 5305 sunt
1094 5250 1268 5302 omnia
1292 5244 1597 5299 necessario
1620 5250 1674 5294 et
1698 5241 1762 5293 ad
1784 5241 2026 5294 diversos
2051 5255 2197 5302 usus,

631 5347 809 5398 omnia
854 5353 977 5396 sunt
1023 5342 1225 5408 honore
1254 5338 1419 5405 paria.
1461 5335 1597 5388 Sunt
1631 5342 1807 5387 autem
1848 5332 1949 5385 alia
1985 5333 2197 5401 quidem

632 5434 1092 5505 praestantissima,
1116 5439 1169 5484 et
1192 5431 1310 5499 qiue
1338 5428 1564 5479 maxime
1584 5424 1911 5477 dominatum
1933 5425 2193 5483 obtinent,

629 5530 731 5581 alia
761 5539 889 5579 vero
918 5522 1094 5576 minus
1127 5539 1140 5573 :
1176 5533 1228 5572 ut
1273 5529 1431 5586 caput
1471 5525 1554 5569 est
1597 5515 1757 5568 totius
1789 5514 2031 5582 corporis
2062 5528 2196 5582 prae—

628 5616 1014 5672 stantissinnuu
1046 5629 1095 5668 et
1124 5613 1294 5680 magis
1318 5611 1645 5663 dominatum
1677 5607 1943 5671 obtinens,
1969 5615 2025 5658 ut
2058 5605 2197 5672 quod

631 5714 685 5764 in
722 5725 781 5761 se
818 5710 1007 5762 habeat
1042 5721 1233 5759 omnes
1259 5716 1449 5757 sensus
1485 5710 1542 5755 et
1568 5700 1760 5753 anima:
1801 5698 2151 5766 principatum
2181 5717 2194 5750 ε

629 5787 802 5869 omne
827 5801 1024 5867 absque
1047 5797 1219 5863 capite
1246 5793 1346 5847 vivi
1383 5802 1587 5861 potest;
1620 5789 1840 5858 pedibus
1864 5798 2039 5841 autem
2072 5805 2185 5838 utu-

2327 1875 2449 1931 puta
2479 1864 2523 1916 is
2554 1865 2704 1917 multi
2734 1866 2976 1920 vixerunt
3012 1868 3170 1938 longo
3210 1880 3468 1940 tempore.
3502 1874 3597 1928 Est
3634 1876 3811 1944 itaque
3853 1879 3902 1931 id

2325 1955 2427 2007 illis
2454 1972 2557 2007 nou
2586 1956 2754 2026 solum
2781 1958 2884 2011 situ
2908 1964 3266 2027 pra'stantius,
3291 1964 3386 2018 sed
3407 1967 3565 2019 etiam
3594 1969 3904 2036 operatione

2323 2060 2376 2100 et
2405 2050 2612 2102 ordine.
2642 2049 2819 2116 Quare
2856 2050 2957 2104 hoc
2995 2052 3119 2109 dico
3149 2072 3162 2108 :
3191 2054 3329 2109 Sunt
3374 2058 3425 2112 in
3456 2060 3690 2114 Ecclesia
3730 2064 3901 2128 inulti,

2321 2139 2409 2205 qui
2437 2153 2555 2217 sunt
2598 2138 2651 2191 in
2681 2141 2843 2192 altum
2887 2143 3074 2209 erecti,
3094 2154 3167 2201 χιιι
3202 2157 3381 2214 caput,
3413 2151 3815 2208 considerantes
3850 2163 3904 2210 et

2322 2232 2659 2297 speculantes
2686 2232 2936 2296 cariestia.
2982 2236 3120 2289 sicut
3161 2239 3301 2292 oculi
3346 2242 3397 2293 in
3441 2243 3636 2311 capite,
3678 2246 3901 2299 multum

2320 2323 2577 2377 distantes
2600 2338 2629 2374 a
2660 2332 2821 2389 terra,
2856 2333 2911 2378 et
2948 2327 3037 2394 qui
3067 2342 3187 2381 eum
3234 2344 3296 2384 ea
3336 2331 3467 2385 nihil
3511 2333 3707 2389 habent
3753 2351 3904 2389 com-

2323 2430 2481 2468 mune
2533 2433 2548 2467 :
2606 2416 2692 2468 alii
2741 2424 2918 2470 autem
2969 2428 3151 2473 tenent
3202 2421 3374 2475 locum
3422 2424 3650 2492 pedum,
3703 2437 3901 2480 terram

2320 2508 2608 2571 calmntes,
2649 2507 2742 2562 sed
2782 2509 2973 2577 pedum
3017 2526 3288 2566 sanorum.
3327 2514 3442 2568 Non
3489 2518 3633 2571 enim
3679 2520 3903 2587 peditus

2320 2598 2475 2651 datur
2499 2598 2627 2652 vitio
2652 2599 2791 2667 quod
2823 2611 3017 2654 terram
3048 2602 3280 2669 calcent,
3323 2606 3416 2659 sed
3443 2609 3583 2677 quod
3609 2611 3674 2661 ad
3703 2611 3900 2663 malum

2320 2698 2538 2741 currant
2566 2707 2579 2741 :
2603 2704 2722 2742 nam
2755 2689 2935 2765 Pedes,
2967 2695 3154 2762 inquit,
3177 2698 3350 2749 eorum
3374 2710 3585 2752 currunt
3613 2702 3683 2754 ad
3704 2705 3902 2758 malum

2320 2776 2472 2848 (Isai.
2504 2780 2594 2834 59.
2619 2781 2696 2850 7).
2725 2781 2905 2850 Neque
2934 2798 3084 2852 ergo,
3118 2787 3308 2861 inquit,
3334 2791 3474 2844 oeuli
3497 2794 3822 2850 extollantur
3849 2810 3905 2852 et

2319 2869 2547 2937 superbe
2570 2886 2627 2942 se
2654 2882 2842 2941 gerant
2868 2872 3126 2929 adversus
3156 2866 3356 2945 pedes;
3389 2896 3559 2951 neque
3582 2885 3741 2948 pedes
3769 2904 3872 2941 oeu
3890 2920 3905 2928 -

2320 2959 2703 3049 lis'invidnant,
2737 2962 2970 3030 alioquin
3002 2966 3284 3034 unicuique
3323 2987 3417 3023 sua
3460 2975 3669 3040 propria
3700 2978 3905 3031 tollitur

2320 3051 2675 3119 pulchritudo,
2710 3064 2765 3108 et
2794 3071 2919 3109 suus
2951 3058 3215 3123 perfectus
3249 3061 3537 3130 impeditur
3564 3082 3691 3121 usus
3719 3078 3776 3122 et
3803 3085 3902 3124 sua

2321 3144 2551 3198 fuitetio:
2576 3156 2627 3199 et
2644 3147 2764 3215 jure
2781 3147 2829 3200 id
2851 3148 3044 3202 dicitur
3064 3170 3077 3203 :
3098 3167 3218 3203 nam
3237 3154 3324 3222 qui
3343 3155 3618 3210 insidiatur
3633 3162 3900 3227 proximo,

2318 3238 2417 3289 sibi
2451 3240 2676 3304 primum
2695 3249 2857 3307 parat
2886 3241 3122 3295 insidias.
3152 3242 3206 3298 Si
3231 3261 3357 3314 ergo
3378 3249 3538 3315 pedes
3566 3251 3737 3306 nolint
3764 3268 3896 3324 por-

2320 3338 2432 3381 tare
2459 3340 2610 3396 caput
2664 3344 2784 3382 eum
2812 3331 2992 3399 egredi
3023 3335 3381 3388 necessarium
3410 3347 3523 3399 est.
3554 3339 3654 3393 sibi
3684 3318 3913 3412 quoque.

2319 3418 2588 3470 interitum
2610 3420 2839 3472 all'eruot
2857 3431 3072 3489 propter
3088 3423 3509 3480 immobilitatem
3525 3438 3586 3491 ,ει
3606 3431 3897 3500 pigritiam:

2318 3516 2372 3559 et
2400 3510 2442 3559 si
2479 3520 2636 3575 caput
2676 3509 2876 3562 nullam
2909 3511 3036 3563 velit
3062 3512 3252 3578 pedum
3282 3528 3462 3568 curam
3482 3533 3693 3586 gerere,
3722 3523 3900 3590 ipsum

2318 3599 2544 3665 primum
2578 3598 2806 3652 lzrditur.
2846 3600 2914 3653 At
2943 3600 3027 3653 illa
3055 3602 3269 3669 quidem
3311 3604 3539 3661 alterum
3574 3609 3629 3662 in
3665 3612 3898 3667 alterum

2318 3704 2420 3739 non
2448 3688 2721 3758 insurgere
2737 3701 2819 3744 est
2836 3678 3251 3747 consentaneum
3277 3713 3291 3747 :
3313 3698 3390 3750 sic
3414 3700 3556 3754 enim
3582 3707 3901 3760 naturaliter

2316 3782 2613 3832 ordinatum
2641 3790 2724 3834 est
2756 3799 2768 3833 :
2802 3782 2894 3835 sed
2922 3784 3191 3850 quomodo
3222 3785 3334 3838 ﬁeri
3368 3797 3538 3855 potest
3570 3801 3631 3847 ut
3655 3792 3818 3849 homo
3843 3798 3897 3852 in

2317 3872 2585 3924 lunniumn
2614 3888 2717 3925 non
2749 3873 3026 3943 insurgat?
3052 3875 3234 3942 Neque
3267 3878 3407 3930 enim
3435 3883 3743 3951 angelorum
3772 3892 3898 3956 quis

2317 3963 2571 4030 insurgit,
2621 3964 2887 4038 quoniam
2912 3980 3009 4017 nec
3067 3965 3142 4017 illi
3193 3966 3452 4023 adversus
3501 3973 3895 4046 archangelos;

2316 4068 2488 4119 neque
2519 4069 2701 4106 rursus
2728 4055 2880 4107 bruta
2915 4055 3032 4119 plus
3060 4071 3217 4123 quam
3245 4073 3345 4126 ego
3374 4060 3549 4115 ell'orri
3580 4074 3636 4119 et
3660 4068 3897 4134 majores

2313 4143 2531 4210 Spiritus
2556 4152 2779 4212 possunt
2802 4146 3082 4212 concipere
3108 4165 3122 4199 :
3151 4147 3236 4200 tibi
3258 4158 3434 4203 autem
3465 4166 3559 4219 par
3580 4165 3661 4208 est
3682 4156 3894 4215 honore

2313 4243 2522 4299 natura,
2556 4243 2611 4287 ct
2640 4250 2801 4286 muun
2826 4234 3043 4297 donum,
3074 4232 3128 4289 et
3154 4238 3251 4292 istc
3281 4240 3398 4307 plus
3436 4257 3591 4310 quam
3633 4245 3722 4300 ille
3754 4249 3894 4305 nihil

2314 4325 2471 4379 habet
2499 4342 2597 4384 nec
2617 4315 3212 4395 soporatur-,‘qiimnodo
3238 4346 3343 4384 non
3367 4333 3717 4391 insunt-xerit
3732 4340 3757 4392 τ
3776 4341 3898 4396 lmo

2312 4432 2439 4469 vero
2470 4425 2687 4486 propter
2716 4417 2830 4470 lucc
2856 4434 2959 4470 non
2985 4419 3148 4473 debes
3178 4420 3451 4491 insurgere
3480 4424 3532 4477 in
3560 4430 3894 4494 proximum.

2312 4509 2440 4561 Nam
2469 4510 2513 4561 si
2548 4510 2724 4561 omnia
2764 4519 2888 4562 sunt
2927 4512 3252 4577 Communia,
3301 4522 3355 4566 et
3398 4516 3533 4569 alter
3565 4520 3682 4585 plus
3727 4537 3892 4589 quam

2309 4602 2448 4653 alter
2468 4618 2570 4653 non
2591 4600 2769 4679 habet,
2794 4600 3057 4654 undenam
3074 4606 3410 4672 arrogantia?
3429 4606 3678 4675 Ejusdem
3700 4628 3893 4669 sumus

2314 4702 2515 4763 natura:
2537 4693 2843 4759 participes,
2874 4693 3067 4744 anima:
3094 4703 3148 4746 et
3173 4696 3415 4763 corporis
3435 4698 3703 4766 similiter,
3728 4720 3891 4758 euin-

2311 4781 2431 4834 dem
2461 4781 2727 4849 spiramus
2762 4790 2961 4843 aerem,
2996 4782 3183 4835 iisdem
3227 4786 3424 4837 utimur
3450 4788 3756 4857 alimentis;
3790 4810 3892 4847 un-

2308 4873 2498 4926 denam
2528 4873 2890 4926 insurrecuo?
2920 4874 2987 4925 At
3010 4889 3167 4941 posse
3192 4884 3406 4942 propter
3432 4877 3676 4934 virtutem
3706 4884 3888 4936 incor-

2310 4978 2498 5030 porcas
2537 4976 2793 5031 Superare
2834 4971 3141 5030 plicantes,
3183 4963 3378 5017 suﬂicit
3414 4966 3480 5019 ad
3528 4967 3887 5026 inducendam

2307 5051 2666 5121 arrogantiam
2699 5068 2711 5103 :
2743 5052 2849 5103 imo
2888 5067 3019 5105 vero
3060 5068 3164 5105 non
3215 5053 3372 5107 tuerit
3417 5056 3887 5137 hoyatrogantia.

2311 5145 2420 5211 Ego
2466 5152 2641 5196 autem
2685 5144 2875 5195 merito
2911 5144 3171 5197 adversus
3210 5144 3507 5214 daemonem
3555 5153 3787 5206 extollor
3828 5167 3890 5209 et

2305 5233 2459 5286 valde
2483 5234 2731 5285 extollar.
2772 5232 2903 5285 Vide
2930 5243 3106 5287 autem
3135 5226 3406 5302 quomodo
3439 5236 3633 5293 Paulus
3670 5257 3888 5313 quoque

2302 5325 2457 5378 valde
2486 5323 2848 5378 extollebatur
2871 5324 3125 5377 adversus
3145 5326 3464 5381 dmmonem.
3490 5330 3713 5395 Quando
3735 5339 3884 5391 enim

2306 5432 2492 5485 tnagua
2540 5426 2593 5467 et
2633 5415 2961 5468 admirabilia
3006 5415 3073 5468 de
3109 5430 3177 5469 eo
3211 5417 3425 5472 dicebat
3467 5420 3701 5488 dtemon,
3730 5428 3778 5480 ei
3818 5444 3887 5484 os

2304 5511 2586 5571 obstruxit,
2629 5524 2697 5563 ne
2739 5508 3049 5563 adulantem
3076 5509 3290 5576 quidem
3335 5510 3533 5567 ferens.
3580 5515 3710 5570 Nam
3755 5534 3882 5574 cum

2304 5602 2577 5666 ancillula,
2622 5616 2740 5670 qua:
2779 5600 3023 5668 Spiritum
3073 5600 3301 5655 habebat
3342 5602 3621 5673 Pythonis,
3652 5608 3880 5677 diceret,

2308 5692 2377 5745 lli
2404 5693 2626 5745 homines
2652 5698 2766 5742 sunt
2793 5690 2919 5743 serui
2951 5688 3044 5743 Dei
3067 5691 3274 5753 cxi-etsi,
3303 5694 3390 5762 qui
3417 5696 3552 5749 vobis
3577 5703 3884 5756 anuuutt'aut

2303 5784 2690 5862 riam‘rcritatis
2717 5783 2851 5854 (sict.
2903 5783 2981 5836 lli.
3030 5781 3134 5854 l7).
3172 5783 3324 5839 valde
3365 5786 3664 5858 inerupans,
3705 5792 3872 5857 ἱηιυιι.
