4108 6312
131 422 185 474 71
1048 407 1112 463 IN
1152 388 1363 463 sptsr.
1407 408 1495 462 ao
1532 406 1773 465 partes.
1813 408 1966 463 caro.
2011 411 2096 497 IV.
2140 414 2347 469 noun.
2412 414 2478 469 χ.
3312 418 3376 470 73

128 538 315 588 dentem
339 532 455 597 ejus
478 526 745 583 obstruxit
773 525 1029 594 linguam.
1052 508 1120 577 Et
1139 536 1327 577 rursus
1347 521 1474 574 alibi
1496 520 1685 574 scribit

125 626 304 685 dicens,
330 619 567 675 Conteret
594 617 733 671 Dens
759 626 994 670 satanam
1017 612 1109 667 sub
1138 612 1350 681 pedibus
1384 612 1558 664 vestris
1587 611 1686 662 cito

128 716 277 785 (Rom.
313 714 399 768 16.
428 711 547 781 20).
580 710 717 765 Num
748 708 874 763 fecit
902 707 1100 776 aliquid
1130 716 1335 759 natura:
1364 702 1689 757 diversitas?

185 806 237 859 2.
265 804 423 858 Vides
441 802 587 871 quod
609 800 740 855 nihil
760 800 880 854 facit
907 798 955 852 i'd
973 797 1114 867 quod
1140 798 1361 851 interest
1379 796 1516 849 inter
1533 805 1688 847 natu-

128 913 219 958 ras,
234 895 319 949 sed
333 894 487 947 liberi
500 892 708 947 arbitrii
726 892 966 943 voluntas
985 892 1007 941 ’ἰ
1024 887 1158 944 Sunt
1179 888 1340 957 igitur
1357 886 1526 940 libero
1539 884 1683 938 arbi-

126 988 213 1039 trio
232 985 435 1055 pejores
449 980 996 1037 omnibus.Adversus
1012 979 1257 1048 angelum
1275 986 1471 1039 autem,
1492 975 1681 1043 inquit,

125 1092 213 1130 non
236 1076 450 1144 ἰδιαίτεο
480 1092 494 1126 :
523 1089 647 1128 nam
670 1073 809 1127 inter
826 1086 913 1124 me
933 1079 989 1125 et
1009 1069 1161 1124 illum
1186 1069 1410 1121 multum
1437 1068 1680 1121 interest.

127 1167 264 1235 Atqui
289 1181 393 1220 non
423 1164 593 1218 debes
616 1162 786 1231 magis
812 1160 1073 1215 adversus
1102 1159 1373 1212 hominem
1407 1158 1685 1224 insurgere

124 1273 262 1327 quam
289 1257 548 1311 adversus
589 1254 861 1324 angelum.
898 1250 1029 1305 Nam
1062 1251 1281 1321 angelus
1309 1247 1523 1318 quidem
1564 1262 1592 1301 a
1634 1257 1685 1301 te

123 1350 266 1401 distat
303 1358 515 1408 natura,
548 1344 691 1413 quod
737 1344 951 1413 quidem
984 1356 1156 1410 neque
1194 1340 1311 1395 laus
1340 1339 1481 1393 illius
1526 1338 1685 1391 fuerit

124 1456 206 1493 nec
230 1440 407 1491 vitium
444 1454 457 1489 :
488 1437 651 1490 homo
675 1446 852 1489 autem
882 1435 1046 1488 distat
1076 1434 1144 1486 ab
1178 1431 1419 1493 homine,
1453 1444 1559 1483 non
1583 1428 1684 1482 uti-

122 1547 211 1599 que
239 1545 437 1589 natura.
471 1529 567 1582 sed
591 1528 761 1599 libero
788 1520 1017 1581 arbitrio"
1033 1533 1088 1579 et
1120 1525 1283 1579 animi
1309 1523 1556 1577 instituto
1587 1539 1600 1574 :
1629 1530 1684 1575 et

121 1596 191 1671 est
215 1621 365 1672 etiam
407 1620 463 1671 in
504 1596 811 1671 hominibus
841 1615 1087 1686 angelus.
1131 1616 1307 1682 Quare
1346 1614 1390 1667 si
1425 1613 1683 1667 adversus

121 1709 319 1778 angelos
338 1724 445 1762 non
468 1708 721 1777 insurgis,
750 1707 915 1760 multo
937 1708 1113 1760 minus
1136 1704 1393 1759 adversus
1414 1702 1679 1769 homines,

119 1803 198 1868 qui
226 1801 274 1854 in
318 1800 416 1855 hac
444 1809 637 1854 natura
677 1800 797 1854 facti
836 1808 959 1853 sunt
1005 1796 1200 1868 angeli.
1241 1796 1373 1850 Nam
1411 1796 1475 1859 si,
1509 1794 1599 1864 qui
1630 1795 1682 1847 in

121 1892 404 1947 horninibus
442 1902 529 1946 est
552 1891 749 1945 virtute
779 1889 1054 1959 pra-ditus.
1090 1887 1248 1942 fuerit
1275 1897 1335 1941 ut
1362 1886 1603 1954 angelus,
1636 1884 1684 1937 is

118 1994 188 2036 est
216 1992 263 2037 te
291 1983 457 2037 multo
484 1981 654 2051 major
676 1996 833 2050 quam
862 1979 969 2034 ille.
999 1974 1393 2046 Quamobrem?
1418 1974 1680 2042 Quoniam

118 2074 241 2141 quod
278 2074 366 2127 ille
408 2072 594 2127 habuit
628 2086 657 2125 a
708 2082 915 2132 natura,
949 2069 1051 2124 hoc
1089 2069 1202 2137 ipse
1241 2076 1386 2121 recte
1422 2065 1586 2135 gessit
1614 2080 1678 2118 ex

120 2166 269 2219 libero
308 2165 534 2218 arbitrio
577 2176 631 2219 ct
669 2163 832 2217 animi
872 2161 1114 2217 instituto
1142 2179 1155 2213 :
1188 2169 1243 2215 et
1279 2158 1422 2229 quod
1462 2159 1683 2227 angelus

118 2257 219 2308 loco
243 2257 453 2325 quidem
478 2256 547 2310 sit
568 2271 596 2319 a
622 2267 672 2310 te
694 2256 1012 2325 disjnnctus,
1036 2264 1091 2309 et
1113 2254 1301 2308 cadum
1329 2252 1564 2314 habitet;
1596 2250 1683 2304 hic

115 2358 272 2401 autem
302 2358 477 2402 tecum
505 2356 763 2409 versatur,
793 2357 847 2402 et
872 2345 963 2399 dat
1005 2344 1099 2398 tibi
1144 2345 1479 2418 occasionem
1513 2356 1681 2394 a'mu-

116 2437 329 2492 lationis.
363 2439 521 2507 Atqui
563 2437 650 2491 hic
693 2438 853 2492 etiam
884 2445 968 2490 est
996 2434 1165 2504 magis
1193 2434 1491 2503 disjunctus
1520 2448 1679 2501 quam

117 2529 211 2581 ille.
241 2528 429 2581 Nostra
455 2529 621 2588 enim,
655 2528 845 2596 inquit,
874 2527 1183 2580 conversatio
1201 2526 1350 2578 estin
1371 2525 1508 2577 ccli:
1534 2524 1685 2591 (ΡΙιὶ-

116 2621 224 2687 lipp.
274 2620 326 2674 3.
369 2618 487 2691 20).
524 2619 679 2686 Quod
716 2628 891 2672 autem
927 2618 1011 2671 hic
1040 2617 1109 2671 sit
1151 2616 1317 2685 magis
1360 2615 1679 2684 disjunctus,

114 2710 221 2762 audi
247 2709 457 2763 ubinam
498 2710 681 2765 sedeat
706 2709 827 2779 ejus
851 2717 1031 2775 caput,
1065 2722 1257 2774 nempe
1280 2706 1337 2760 in
1370 2706 1564 2760 throno
1591 2723 1680 2761 re-

115 2799 207 2867 gali
236 2819 248 2852 :
278 2816 385 2867 quo
414 2810 499 2854 est
528 2810 703 2853 autem
734 2814 763 2852 a
796 2799 950 2853 nobis
978 2799 1201 2851 thronus
1231 2796 1509 2859 remotior,
1535 2804 1683 2850 tanto

114 2899 186 2943 est
215 2889 295 2945 hic
312 2906 545 2959 quoque.
576 2890 680 2945 Sed
708 2889 885 2948 video,
913 2887 1102 2958 inquit,
1127 2903 1251 2942 eum
1279 2886 1482 2941 honore
1511 2886 1682 2939 fruen-

117 2988 232 3044 tem,
269 2992 319 3033 et
361 2994 583 3035 moveor
634 2979 993 3034 :emulatione.
1038 2978 1150 3033 lloc
1196 2987 1278 3031 est
1320 2977 1461 3045 quod
1502 2977 1680 3029 omnia

117 3084 306 3123 rursum
332 3077 387 3124 et
406 3069 654 3125 deorsum
678 3069 863 3139 agitat,
884 3078 940 3123 et
964 3084 1068 3122 non
1096 3069 1265 3122 solum
1294 3068 1476 3123 orbem
1502 3077 1679 3133 terrm,

115 3160 197 3214 sed
224 3163 380 3215 etiam
414 3160 709 3214 Eeclesiam
740 3158 1217 3213 innumerabilibus
1256 3154 1443 3227 implet
1481 3159 1682 3212 tumul-

118 3254 242 3307 tibus
274 3272 286 3306 :
319 3263 375 3308 et
411 3254 552 3308 sicut
593 3252 685 3322 qui
736 3252 787 3305 in
836 3250 1181 3320 tranquillum
1216 3260 1425 3319 portum
1466 3252 1591 3304 saevi
1629 3262 1684 3306 et

116 3344 443 3399 vehementes
473 3344 618 3397 venti
650 3358 715 3397 ex
746 3341 973 3396 adverso
1004 3341 1277 3405 irruerint,
1304 3356 1425 3395 eum
1456 3342 1684 3397 reddunt

118 3436 535 3502 periculosiorem
579 3448 739 3502 quam
783 3434 984 3502 qumvis
1030 3448 1190 3502 rupes
1228 3440 1283 3487 et
1315 3433 1541 3502 quodvis
1577 3435 1683 3489 fre-

116 3532 214 3577 tum
242 3539 255 3576 :
287 3526 352 3576 ita
387 3524 431 3577 si
480 3523 736 3577 invaserit
769 3537 921 3576 amor
960 3522 1162 3592 gloriae,
1196 3523 1371 3576 omnia
1410 3524 1603 3577 evertit
1631 3534 1686 3578 et

114 3615 391 3668 confundit.
452 3614 777 3669 lnterfuistis
827 3627 971 3680 saepe
1030 3629 1344 3682 magnorum
1400 3613 1681 3668 domorum

115 3704 535 3774 conflagrationi;
580 3704 787 3759 vidistis
818 3703 1087 3773 quomodo
1127 3704 1177 3757 in
1213 3704 1403 3758 ett-lum
1431 3706 1684 3759 ascendat

117 3796 293 3863 furnus,
342 3809 397 3852 et
438 3798 653 3853 nemine
689 3797 980 3853 accedente
1009 3797 1075 3851 ad
1106 3793 1304 3851 malum
1344 3800 1686 3868 exstinguen-

118 3888 248 3949 dum,
276 3889 367 3943 sed
399 3903 721 3959 unoquoque
747 3888 887 3957 quod
913 3903 1066 3941 suum
1097 3897 1179 3941 est
1208 3896 1505 3957 spectante,
1550 3889 1685 3959 ignis

119 3981 282 4048 quiete
306 3984 484 4035 omnia
511 3981 822 4050 depascitur
854 3997 868 4034 :
898 3990 952 4035 et
980 3995 1123 4050 smpc
1159 3981 1371 4050 quidem
1414 3982 1464 4035 in
1500 3983 1685 4037 orbem

118 4074 442 4129 circumsistit
470 4083 582 4129 tota
623 4074 832 4147 civitas,
880 4074 1284 4128 circumsistunt
1328 4075 1481 4128 multi
1515 4076 1685 4130 malo-

119 4179 222 4217 rum
248 4173 593 4233 spectatores,
627 4180 733 4219 non
761 4163 827 4217 ad
854 4178 1013 4234 opem
1042 4164 1313 4219 ferendam
1342 4166 1472 4219 socii
1506 4175 1561 4221 et
1586 4166 1683 4221 ad-

113 4252 302 4320 jutores
329 4272 344 4306 :
370 4264 426 4309 et
467 4255 593 4308 licet
638 4253 824 4309 videre
865 4266 1057 4309 omnes
1104 4254 1514 4310 circumstantes
1553 4256 1683 4310 nihil

120 4346 298 4413 facere,
324 4345 419 4401 sed
440 4360 876 4416 unumquemque
897 4360 1086 4401 eorum
1119 4362 1335 4400 manum
1370 4348 1681 4413 extendere,

117 4445 164 4489 et
188 4437 234 4492 ei
270 4438 358 4507 qui
394 4450 586 4493 recens
613 4436 681 4491 ad
711 4436 888 4491 locum
917 4437 1127 4491 venerit
1162 4437 1448 4493 ostendere
1476 4450 1565 4493 ant
1589 4456 1685 4509 per

118 4524 386 4581 fenestram
412 4526 628 4581 assidue
656 4526 990 4581 exsilientem
1018 4525 1342 4596 lampadem,
1374 4536 1467 4582 aut
1504 4530 1683 4584 trabes

115 4633 218 4685 qua!
241 4618 581 4687 dejiciuntur,
610 4626 706 4672 aut
733 4617 998 4685 integrum
1034 4631 1222 4672 eorum
1254 4634 1373 4688 qua:
1402 4619 1546 4674 aedes
1575 4619 1680 4674 ful-

116 4712 247 4766 ciunt
270 4722 324 4767 et
366 4720 671 4769 sustentant
711 4712 972 4767 ambitum
1014 4710 1281 4777 avulsum,
1314 4719 1371 4765 et
1400 4712 1451 4765 in
1485 4722 1679 4767 terram

116 4812 355 4859 mentem.
408 4803 547 4859 Sunt
594 4811 772 4857 autem
821 4802 983 4857 etiam
1039 4802 1192 4855 multi
1244 4801 1475 4857 audaces
1516 4813 1569 4858 et
1613 4804 1679 4871 ad

114 4896 335 4951 adeunda
367 4889 598 4967 pericula
628 4894 950 4964 prmeipites,
973 4893 1061 4964 qui
1083 4893 1282 4948 audent
1299 4908 1466 4964 prepe
1490 4895 1682 4949 arden-

115 4986 175 5042 tia
197 4990 411 5043 aedilicia
440 4988 721 5054 accedere,
753 5002 859 5041 non
886 4995 947 5040 ut
972 4986 1052 5041 eis
1082 5000 1297 5039 manum
1328 4987 1602 5056 porrigant
1626 4997 1682 5043 et

113 5081 290 5137 malum
329 5083 693 5152 exstinguant,
736 5079 830 5135 sed
870 5088 929 5134 ut
968 5079 1039 5133 sit
1076 5077 1367 5147 jucundius
1395 5090 1677 5149 spectacu-

112 5173 226 5237 lum,
253 5190 316 5229 ex
344 5168 574 5244 eo'quod
604 5172 703 5241 ipsi
726 5171 933 5242 possint
961 5170 1137 5225 omnia
1162 5186 1327 5239 prope
1352 5172 1674 5241 conspicari,

112 5281 212 5331 qua:
234 5282 374 5338 sape
418 5268 589 5322 latent
625 5280 719 5321 eos
762 5266 851 5335 qui
891 5272 1017 5319 sunt
1056 5262 1208 5318 foris.
1239 5264 1390 5329 Quod
1428 5266 1473 5318 si
1512 5266 1673 5319 etiam

113 5355 248 5413 fuerit
273 5358 549 5429 splendida
578 5365 633 5412 et
662 5371 850 5427 magna
890 5352 1100 5419 domus,
1131 5353 1491 5417 miserandum
1523 5355 1674 5410 vide-

109 5457 179 5500 tur
201 5464 314 5504 esse
337 5448 707 5519 spectaculum
735 5456 789 5501 et
815 5447 1029 5516 dignum
1069 5447 1251 5500 multis
1290 5446 1561 5516 lacrymis.
1608 5449 1675 5503 Et

104 5554 153 5592 re
175 5555 290 5595 vera
321 5542 442 5596 licet
463 5540 651 5595 videre
673 5537 1033 5607 spectaculum
1057 5537 1443 5603 miserandum,
1470 5538 1673 5593 colum-

100 5645 273 5683 narum
299 5631 471 5700 capita
499 5631 553 5685 in
583 5630 857 5699 pulverem
882 5627 1118 5693 redacta,
1151 5628 1348 5682 multas
1369 5644 1581 5699 quoque
1606 5647 1671 5685 ex

99 5723 168 5773 eis
195 5721 499 5788 perfractas,
530 5720 666 5775 alias
692 5719 925 5790 quidem,
970 5718 1090 5788 igne
1129 5717 1181 5771 id
1222 5718 1505 5783 efficiente,
1538 5721 1671 5776 alias

98 5828 212 5865 vero
239 5830 372 5885 srrpe
398 5812 737 5869 tradentibus
767 5813 1009 5866 manibus
1038 5827 1225 5867 eorum
1255 5813 1348 5883 qui
1373 5813 1514 5883 ipsas
1541 5816 1667 5869 tedi-

1796 522 2044 592 ficarunt,
2089 542 2155 580 ne
2194 528 2297 597 igni
2331 527 2631 596 praeberent
2663 528 2782 595 plus
2810 526 3068 581 alimenti.
3107 527 3252 583 Licet
3279 545 3377 583 au-

1796 622 1901 667 tem
1929 616 2087 669 etiam
2117 618 2299 672 videre
2324 618 2579 687 imagines
2607 634 2725 686 qua:
2746 626 3010 672 steterant
3038 634 3158 672 cum
3182 636 3377 690 magno

1791 717 2108 761 ornamento
2154 709 2277 762 tecti
2328 709 2581 777 impositi,
2621 709 2859 767 detectas
2905 718 3044 763 tecto
3081 710 3277 774 ablato,
3323 722 3378 765 et

1792 804 1998 850 stantes
2026 798 2127 851 sub
2156 798 2244 851 dio
2273 815 2393 853 cum
2423 815 2611 869 magna
2640 800 2996 855 deformitate.
3029 801 3161 867 Quis
3189 816 3376 855 recen-

1790 887 1957 940 suerit
1983 888 2195 941 divitias
2223 905 2341 959 qua:
2377 900 2532 944 erant
2562 890 2702 963 intus
2741 892 2989 959 reposita:
3024 907 3039 946 :
3077 901 3252 945 vestes
3276 908 3377 944 au-

1790 992 1941 1043 reas,
1999 995 2123 1033 vasa
2170 984 2465 1051 argentea?
2514 984 2578 1037 Et
2624 998 2731 1052 quo
2780 998 2917 1037 unus
2974 983 3377 1054 ingrediebatur

1788 1067 2037 1123 dominus
2076 1086 2196 1125 cum
2234 1088 2327 1126 sua
2370 1074 2616 1143 conjuge,
2648 1073 2739 1127 ubi
2788 1074 3074 1126 multarum
3122 1074 3373 1137 vestium,

1786 1172 2086 1213 aromatum
2126 1172 2181 1215 et
2219 1164 2573 1232 pretiosnrurn
2599 1179 2931 1233 gemmarum
2967 1179 3220 1218 arcanum
3259 1174 3376 1219 erat

1790 1250 2166 1318 repositorium
2199 1272 2212 1305 :
2245 1253 2423 1307 omnia
2456 1270 2562 1306 uno
2601 1269 2731 1324 rogo
2770 1270 2999 1309 accenso
3038 1255 3288 1309 viderunt
3324 1264 3376 1309 et

1788 1339 2127 1395 balneatores
2158 1353 2209 1396 et
2239 1345 2544 1398 stercorarii
2577 1354 2627 1397 et
2659 1344 2882 1415 fugitivi,
2928 1354 2985 1398 et
3024 1361 3211 1399 omnes
3252 1346 3376 1398 reli-

1788 1428 1916 1497 qui;
1941 1440 1995 1483 et
2014 1446 2133 1500 qum
2160 1442 2313 1487 erant
2337 1435 2501 1498 intus,
2531 1444 2682 1488 erant
2710 1436 2889 1487 omnia
2915 1450 3050 1504 aqua
3078 1447 3133 1490 et
3160 1436 3298 1506 ignis
3324 1447 3377 1489 et

1792 1522 1961 1577 lutum
2005 1535 2061 1579 et
2107 1526 2283 1593 pulvis
2330 1537 2386 1580 et
2430 1526 2572 1595 ligna
2614 1527 3003 1580 semiustulata.
3045 1526 3155 1581 Cur
3197 1536 3375 1580 autem

1792 1613 1931 1670 hanc
1976 1616 2260 1686 imaginem
2302 1617 2518 1673 extendi
2562 1616 2774 1672 fusius?
2820 1616 2935 1673 Non
2975 1618 3163 1673 volens
3203 1617 3376 1672 solum

1790 1705 1982 1759 domus
2002 1706 2310 1761 describere
2336 1708 2639 1762 incendium
2663 1726 2679 1771 ;
2703 1708 2828 1778 quid
2850 1708 2995 1763 enim
3021 1718 3102 1761 est
3123 1706 3225 1763 hoc
3245 1708 3376 1761 mihi

1786 1811 1933 1850 curre
1956 1797 1979 1849 ?
2007 1797 2099 1851 sed
2127 1798 2313 1852 volens
2338 1798 2509 1852 oculis
2529 1798 2721 1853 vestris
2749 1798 3034 1868 subjicere,
3058 1798 3232 1868 quoad
3261 1798 3379 1869 ejus

1790 1887 1908 1943 fieri
1940 1897 2133 1957 potest,
2178 1889 2313 1942 mala
2354 1888 2627 1943 Ecclesiae.
2658 1888 2739 1944 lie
2768 1903 2892 1943 vera
2923 1887 3067 1942 enim
3101 1897 3375 1956 tamquam

1791 1976 2097 2032 incendium
2125 1989 2215 2032 aut
2251 1978 2452 2032 fulmen
2480 1978 2699 2049 aliquod
2736 1979 2804 2031 ab
2829 1979 2938 2033 alto
2970 1979 3189 2044 cadens,
3223 1980 3377 2033 irruit

1790 2070 1843 2123 in
1876 2070 2049 2139 ipsum
2079 2078 2276 2124 tectum
2322 2070 2588 2134 Ecclesire,
2624 2080 2677 2123 et
2704 2071 2971 2125 neminem
3011 2070 3241 2135 excitat;
3281 2070 3375 2123 sed

1787 2160 1949 2215 domo
1975 2160 2199 2231 paterna
2220 2161 2465 2223 ardente,
2487 2161 2805 2229 profundum
2824 2160 3105 2230 quemdam
3130 2177 3374 2216 somnum

1788 2260 1843 2306 et
1871 2252 2002 2305 nihil
2032 2253 2349 2306 sentientem
2378 2251 2695 2305 dormimus.
2724 2252 2893 2317 Quem
2924 2251 3066 2305 enim
3110 2266 3213 2303 non
3250 2252 3373 2305 teti-

1788 2344 1863 2413 git
1893 2343 1977 2397 hic
2006 2344 2176 2413 ignis?
2203 2360 2335 2413 quas
2367 2360 2471 2397 non
2504 2344 2764 2413 imagines
2793 2360 2912 2413 quae
2941 2353 3082 2397 stant
3114 2344 3165 2397 in
3198 2345 3386 2398 Eccle-

1787 2438 1864 2488 sia
1887 2436 1910 2488 ‘t
1936 2424 2175 2490 Ecclesia
2203 2438 2343 2489 enim
2374 2437 2505 2489 nihil
2532 2448 2615 2491 est
2640 2437 2783 2490 aliud
2806 2452 2965 2506 quam
2994 2438 3184 2491 domus
3210 2437 3376 2489 a-dili-

1786 2538 1904 2582 eala
1948 2544 2043 2597 per
2074 2540 2282 2583 nostras
2312 2530 2537 2583 animas.
2568 2529 2691 2583 lla:c
2721 2536 2897 2582 autem
2930 2530 3127 2582 donms
3158 2545 3262 2582 non
3294 2540 3373 2583 est

1788 2629 1897 2671 tota
1926 2633 2021 2687 par
2050 2618 2273 2680 honore.
2299 2620 2393 2674 sed
2420 2636 2484 2674 ex
2511 2620 2774 2688 lapidibus
2798 2619 3031 2689 quidem,
3058 2621 3147 2689 qui
3170 2620 3235 2673 ad
3260 2620 3375 2688 ejus

1786 2712 2203 2763 exstructionem
2232 2711 2531 2775 eonferunt,
2560 2710 2649 2764 alii
2681 2720 2804 2764 sunt
2832 2711 3095 2780 splendidi
3121 2721 3176 2764 et
3196 2711 3373 2771 rtitidi,

1786 2803 1875 2855 alii
1894 2814 2026 2856 vero
2054 2798 2157 2855 illi.-
2187 2804 2462 2856 inferiores
2485 2813 2538 2857 et
2559 2804 2919 2869 obscuriores,
2945 2803 3037 2857 sed
3071 2803 3237 2856 multo
3265 2819 3378 2854 mc-

1788 2890 1951 2944 liores
1981 2893 2119 2945 aliis.
2155 2878 2248 2945 Est
2278 2902 2454 2945 autem
2486 2909 2550 2946 ex
2588 2892 2690 2945 illis
2720 2892 2902 2947 videre
2942 2893 3028 2946 hic
3060 2893 3255 2945 multos
3283 2892 3375 2961 qui

1786 2985 1899 3037 auri
1930 2985 2103 3037 locum
2130 2994 2329 3046 tenent,
2352 2985 2489 3048 auri,
2515 2987 2749 3055 inquam,
2778 2985 2920 3055 quod
2951 3000 3105 3039 ornat
3135 2995 3331 3039 tectum
3358 3002 3371 3037 :

1789 3084 1872 3131 est
1918 3076 2077 3128 etiam
2123 3075 2307 3129 videre
2356 3076 2652 3145 alios,,qui
2695 3086 3069 3131 ornamentmn
3120 3077 3378 3131 exhibent

1787 3165 1928 3235 quod
1956 3167 2165 3220 exsistit
2194 3181 2259 3219 ex
2293 3167 2611 3235 imaginibus
2642 3182 2655 3218 :
2690 3167 2889 3219 multos
2915 3168 3039 3221 licet
3069 3167 3252 3221 videre
3282 3167 3376 3236 qui

1787 3268 1929 3311 stant
1962 3269 2228 3326 tamquam
2251 3258 2531 3311 colurnum.
2569 3259 2755 3310 Solent
2778 3259 2920 3311 enim
2943 3259 3103 3312 etiam
3130 3259 3377 3314 homines

1788 3351 2046 3419 appellari
2072 3351 2358 3413 columnae,
2389 3365 2506 3419 qum
2530 3367 2632 3402 non
2659 3352 2831 3403 solum
2858 3353 3073 3413 virtute,
3098 3353 3189 3405 sed
3212 3354 3374 3405 etiam

1792 3442 2186 3512 pulchritudine
2231 3442 2455 3494 multum
2506 3440 2745 3509 pra'bent
2786 3442 3108 3505 ornamenti,
3160 3452 3215 3495 et
3257 3457 3376 3510 qua:

1788 3544 1969 3586 :mrata
2005 3532 2201 3586 habent
2236 3531 2428 3601 capita.
2469 3531 2660 3585 Videre
2702 3532 2826 3585 licet
2873 3534 3032 3585 etiarn
3074 3532 3376 3585 multitudi-

1792 3643 1934 3689 nem,
1971 3636 2239 3695 tamquam
2288 3625 2392 3678 late
2434 3632 2619 3693 patens
2655 3624 2884 3692 spatium
2932 3634 2987 3678 et
3037 3624 3373 3678 latitudinem

1789 3716 2083 3770 ambituum
2112 3722 2460 3782 accupantem
2493 3730 2507 3765 :
2535 3712 2818 3767 multitudo
2844 3713 2987 3768 enim
3019 3723 3165 3769 tenet
3197 3715 3373 3769 locum

1792 3806 2024 3875 lapidum
2047 3804 2135 3873 qui
2157 3803 2424 3857 :edilicant
2448 3803 2702 3871 parietes.

1862 3898 1914 3950 5.
1968 3894 2150 3947 Inanis
2201 3893 2362 3963 gloria
2408 3902 2672 3962 tyrannus.
2709 3921 2780 3932 -—
2823 3892 2904 3946 Ad
2952 3888 3372 3963 splendidiorem

1790 3987 2074 4056 imaginem
2100 3985 2209 4053 jam
2240 3982 2560 4037 veniendum
2590 3991 2691 4037 est.
2721 3981 2847 4038 Haec
2872 3981 3113 4039 Ecclesia
3144 3997 3223 4038 εει
3246 3986 3376 4038 mdi-

1792 4078 1944 4133 iicata
1975 4091 2080 4129 non
2106 4090 2173 4128 ex
2202 4074 2283 4128 his
2311 4073 2594 4141 lapidibus,
2623 4072 2717 4127 sed
2743 4088 2806 4128 ex
2833 4088 2967 4127 auro
2993 4083 3047 4128 et
3076 4084 3295 4144 argento
3319 4085 3372 4130 et

1790 4166 2055 4237 lapidibus
2100 4164 2369 4233 pretiosis,
2409 4172 2463 4216 et
2492 4163 2712 4243 multum
2766 4164 2881 4217 auri
2925 4174 3005 4218 est
3050 4165 3244 4241 ubique
3292 4166 3377 4218 di.

1790 4272 2054 4329 spersum.
2087 4254 2191 4309 Sed
2241 4253 2371 4323 proh
2403 4253 2557 4305 dolor
2581 4254 2593 4306 !
2613 4236 2741 4305 'luec
2769 4254 2912 4307 enim
2956 4236 3133 4307 omnia
3164 4258 3375 4309 exussit

1793 4347 2229 4421 tyrannisinanis
2258 4346 2465 4415 glorite,
2492 4345 2669 4399 omnia
2701 4345 2937 4399 exedens
2976 4346 3090 4401 hanc
3123 4348 3332 4400 flamma
3356 4391 3372 4412 ,

1790 4450 1846 4494 et
1895 4453 2052 4493 nemo
2094 4452 2211 4491 eam
2258 4451 2373 4490 rem
2413 4436 2717 4505 superavit;
2762 4434 2857 4490 sed
2905 4445 3108 4491 stamus
3152 4439 3369 4508 quidem

1788 4532 2057 4583 ﬂammam
2089 4525 2444 4591 admirantes,
2485 4524 2681 4579 malum
2708 4535 2886 4581 autem
2915 4527 3151 4582 nondum
3192 4530 3371 4584 valen-

1792 4629 1869 4675 tes
1900 4621 2259 4688 exstinguere.
2302 4615 2454 4684 Quod
2492 4616 2536 4673 si
2564 4616 2724 4670 etiam
2754 4616 2822 4670 ab
2846 4616 3009 4672 breve
3036 4629 3244 4688 tempus
3272 4639 3369 4677 ex-

1788 4713 2167 4776 stinxerimus,
2218 4719 2336 4780 post
2366 4710 2500 4763 duos
2527 4719 2620 4764 aut
2648 4720 2755 4765 tres
2783 4711 2899 4765 dies
2924 4754 2939 4777 ,
2986 4721 3258 4783 tamquam
3304 4732 3369 4770 ex

1787 4806 2017 4876 quodam
2040 4804 2222 4857 cinere
2241 4801 2549 4855 accenditur
2569 4801 2793 4877 scintilla
2814 4818 2932 4871 quae
2955 4806 3149 4858 evertit
3170 4808 3371 4869 omnia,

1787 4907 1841 4952 et
1868 4912 1929 4951 ea
1958 4895 2085 4950 facit
2109 4909 2229 4963 quze
2266 4908 2371 4947 non
2400 4894 2565 4963 prius.
2609 4891 2699 4948 Sic
2727 4893 2886 4948 etiam
2918 4894 3002 4948 hic
3030 4894 3088 4949 tit
3119 4913 3132 4948 :
3162 4912 3283 4950 nam
3318 4899 3373 4952 in

1786 4988 2033 5055 incendio
2052 5001 2264 5058 quoque
2288 4985 2423 5039 solet
2446 4984 2548 5039 hoc
2574 4984 2834 5040 accidere.
2863 4984 3033 5040 Causa
3061 4996 3239 5041 autent
3264 4998 3373 5053 est,

1784 5080 1907 5153 quia
1936 5080 2170 5150 ipsarum
2205 5076 2457 5131 Ecclesia:
2481 5078 2848 5129 columnarum
2880 5078 3238 5131 sustentacula
3269 5095 3371 5136 llos

1784 5171 2103 5242 effugerunt,
2139 5184 2257 5238 qua:
2304 5176 2498 5221 tectum
2536 5166 2887 5230 sustinebant,
2925 5177 2978 5221 et
3010 5169 3154 5235 prius
3196 5172 3369 5223 conti~

1784 5269 1983 5323 nebant
2028 5276 2197 5319 totum
2254 5262 2570 5326 :rdiflcium,
2604 5270 2657 5315 et
2703 5260 2824 5329 igne
2868 5262 3359 5317 circumdederunt.

1784 5362 2071 5427 Propterea
2100 5355 2163 5408 ad
2195 5362 2421 5407 caeteros
2444 5365 2656 5419 quoque
2686 5350 2915 5418 parietes
2944 5351 3114 5405 facilis
3145 5352 3239 5406 fuit
3268 5368 3362 5411 ex-

1782 5451 1980 5506 cursio.
2011 5446 2144 5501 Nam
2173 5445 2224 5497 in
2255 5442 2495 5497 ardiiiciis
2522 5440 2736 5510 quando
2764 5440 2899 5510 ligna
2931 5442 3144 5511 quidem
3173 5459 3368 5513 apprcu

1784 5539 2049 5597 henderit.
2090 5536 2255 5604 magis
2293 5541 2531 5587 armatur
2568 5532 2829 5584 adversus
2868 5532 3073 5600 lapides
3106 5551 3119 5585 :
3148 5536 3366 5603 quando

1780 5641 1961 5685 autem
1999 5627 2273 5681 columnas
2326 5622 2751 5693 pessumdederit
2795 5630 2849 5674 et
2896 5622 3039 5675 lunni
3087 5623 3366 5692 dejeccrit,

1781 5739 1886 5777 non
1916 5720 2144 5788 amplius
2170 5733 2306 5785 epus
2347 5717 2505 5769 habet
2534 5714 2745 5768 ﬂamma
2789 5724 2845 5767 ut
2874 5725 3066 5769 caetera
3093 5718 3363 5771 conﬁciat.

1782 5814 1911 5869 Nam
1957 5827 2075 5865 cum
2106 5825 2167 5864 ea
2206 5808 2451 5863 decidunt
2486 5821 2602 5875 qua:
2647 5805 2921 5875 superiora
2968 5814 3267 5863 sustentant
3314 5822 3368 5863 et
