4108 6312
725 423 788 473 7ῖ)
1465 413 1518 465 S.
1562 410 1837 466 JOANNiS
1871 406 2294 463 CllliYSOSTO}

2403 406 2686 461 thIlllEl‘.
2731 408 3259 465 CONSTANTINUP.
3903 415 3965 469 89

723 536 965 599 fult-inut,
997 534 1084 589 illa
1112 547 1324 601 quoque
1351 544 1413 584 ea
1444 538 1739 598 sequuntur
1762 541 1882 581 eum
1914 539 2103 594 magna
2131 521 2298 576 facili-

725 637 851 681 tate.
893 625 968 679 Ita
994 625 1153 678 etiam
1186 637 1325 675 nunc
1354 620 1598 674 nsnrenit
1624 635 1675 671 tn
1699 618 1937 674 Ecclesia
1969 634 1984 671 :
2014 616 2148 686 ignis
2177 628 2294 666 om-

722 719 807 770 nia
839 715 1219 785 apprehendit;
1265 713 1498 767 honores
1533 712 1822 782 quau-imus
1851 711 1919 764 ab
1955 708 2293 772 hominibus,

719 817 774 859 ct
811 820 994 860 amore
1040 806 1221 874 gloria:
1260 803 1648 857 accendimur:
1692 818 1789 856 nec
1817 801 2063 856 audimus
2101 800 2291 854 Jobum

721 901 989 954 dicentem
1022 917 1033 950 :
1067 897 1128 952 Si
1156 913 1270 949 cum
1300 878 1604 965 peccaverint
1629 894 2002 960 ~ittuoluntttrie,
2040 904 2296 948 aversatus

720 1008 835 1043 sum
877 986 1247 1042 multitudinem
1290 988 1410 1057 (Job
1447 988 1536 1041 51.
1712 986 1896 1039 Vidisti
1926 986 2154 1040 animam
2186 985 2298 1038 vir-

730 1089 840 1135 tute
865 1079 1178 1146 pra-ditant?
1221 1077 1333 1132 Non
1378 1093 1463 1131 me
1504 1078 1709 1144 puduit,
1749 1077 1939 1146 inquit,
1972 1092 2150 1131 coram
2178 1079 2298 1132 uui-

724 1186 876 1224 γει-εει
905 1169 1241 1222 multitudine
1265 1169 1444 1223 dicere
1465 1170 1757 1222 voluntaria
1780 1178 2014 1238 peccata.
2040 1171 2095 1225 Si
2116 1181 2295 1226 autem

720 1264 868 1317 illum
899 1279 1002 1317 nou
1035 1262 1239 1333 puduit,
1266 1252 1433 1314 multo
1458 1264 1626 1330 magis
1652 1277 1748 1315 nos
1775 1270 2046 1331 oporteret
2076 1264 2177 1316 hoc
2215 1262 2293 1315 fa-

718 1369 862 1407 cere.
896 1352 1014 1416 Dic,
1049 1354 1238 1421 inquit,
1272 1353 1413 1422 prior
1438 1353 1725 1422 iniquitates
1755 1363 1899 1417 tuas,
1926 1362 1981 1404 ut
1998 1355 2319 1421 justiﬁceris:

720 1444 891 1515 (lsai.
923 1444 1012 1498 45.
1045 1442 1176 1513 26).
1204 1443 1389 1512 Magna
1419 1444 1515 1498 l'uit
1555 1442 1710 1511 hujus
1751 1443 1873 1496 ntali
1917 1445 2246 1498 vehementia
2277 1461 2290 1496 :

720 1539 897 1589 omnia
925 1545 1048 1589 sunt
1074 1551 1257 1590 eversa
1300 1544 1355 1589 et
1382 1536 1577 1590 deleta.
1612 1536 1842 1591 llonoris
1870 1539 2009 1591 servi
2051 1538 2169 1591 laeti
2201 1553 2292 1590 sn-

720 1642 839 1681 mus
868 1629 976 1681 Deo
1002 1627 1227 1681 dimisso
1246 1643 1271 1679 1
1306 1643 1409 1681 non
1446 1630 1679 1697 amplius
1705 1644 1990 1711 possumus
2019 1632 2295 1699 increpare

717 1740 812 1779 eos
854 1724 943 1796 qtti
985 1742 1013 1779 a
1061 1725 1214 1779 nobis
1256 1732 1545 1791 reguntur,
1574 1738 1696 1777 cum
1723 1720 1829 1792 ipsi
1861 1740 2073 1794 quoque
2101 1725 2288 1780 eadem

2406 533 2528 576 nam
2559 522 2738 577 fuisset
2762 567 2776 589 ,
2811 524 2989 580 videre
3009 568 3022 590 ,
3053 543 3156 581 non
3187 542 3342 582 unam
3385 527 3604 582 domum
3631 544 3806 599 neque
3837 530 3965 584 duos

2404 613 2559 678 ﬁlios,
2590 615 2681 668 sed
2710 630 2924 683 gentem
2955 627 3168 672 centum
3197 628 3250 672 et
3283 619 3467 687 viginti
3493 619 3720 674 duorum
3749 620 3961 675 millium

2400 706 2501 759 sub
2524 706 2673 758 lectis
2710 706 2959 760 infossum
2977 708 3002 759 ?
3028 707 3186 778 Scitis
3215 719 3469 778 quantum
3498 710 3565 762 sit
3593 710 3810 763 malum.
3841 709 3962 764 Nam

2400 795 2482 848 lue
2528 812 2738 866 quoque
2780 797 2932 851 nobis
2976 814 3145 866 nuper
3184 799 3458 854 intentata:
3485 812 3608 853 sunt
3635 800 3828 865 minas,
3870 816 3964 853 non

2402 886 2653 956 prOpht-ta
2683 888 2860 961 aliquo
2886 904 3067 943 vocent
3099 890 3416 954 emittente;
3447 906 3618 959 neque
3655 891 3797 945 enim
3828 891 3963 961 digni

2400 993 2583 1032 Sumus
2611 980 2698 1048 qtti
2731 982 2886 1033 talem
2913 996 3100 1036 vocem
3136 982 3448 1045 audiamus;
3481 982 3574 1037 sed
3617 985 3805 1054 quavis
3844 983 3962 1037 tuba

2399 1066 2779 1136 signiﬁcantius
2799 1070 2956 1123 minis
2969 1071 3118 1123 nobis
3134 1071 3671 1126 vociferantibus.Sed
3690 1074 3827 1126 sicut
3842 1072 3964 1131 disi.

2405 1156 2578 1209 Att/mc
2587 1168 2700 1210 sunt
2713 1168 2809 1212 tres
2819 1158 3182 1222 dies,etNiniue
3191 1160 3807 1217 subvertetur.Terribiles
3817 1163 3968 1231 plane

2401 1247 2575 1298 utinm.
2600 1247 2704 1301 Sed
2741 1263 2881 1301 nunc
2918 1249 3045 1302 nihil
3080 1259 3160 1304 est
3209 1253 3332 1305 tale.
3355 1251 3469 1306 Non
3497 1253 3637 1305 enim
3662 1252 3834 1307 adlmc
3866 1262 3968 1308 tres

2399 1335 2533 1401 dies,
2554 1352 2724 1404 neque
2744 1338 2932 1392 Ninive
2955 1341 3312 1407 subvertetur,
3330 1341 3421 1395 sed
3446 1342 3594 1395 multi
3620 1351 3743 1397 sunt
3766 1343 3883 1398 dies
3907 1360 3965 1397 es

2398 1441 2504 1494 qun
2520 1427 2663 1484 orbis
2676 1437 2932 1481 terrarum
2957 1429 3190 1483 Ecclesia
3205 1440 3259 1484 et
3277 1439 3357 1484 est
3370 1447 3552 1485 eversa
3571 1444 3625 1485 et
3635 1432 3932 1500 jacetbnmi
3950 1474 3965 1496 ,

2400 1518 2644 1573 omnibus
2659 1520 2856 1587 pariter
2871 1521 3010 1575 malo
3021 1520 3266 1578 detentis.
3285 1524 3451 1592 magis
3461 1533 3633 1576 autent
3647 1523 3732 1585 iis.
3745 1539 3965 1593 quorum

2398 1619 2481 1662 e.~t
2501 1626 2692 1663 munus
2714 1626 2897 1680 regere
2927 1632 2941 1666 :
2972 1613 3111 1667 unde
3140 1615 3299 1667 etiam
3329 1615 3499 1684 majus
3513 1624 3594 1670 est
3611 1618 3829 1677 malum,
3868 1634 3970 1686 quo
4000 1684 4005 1689 ι

2398 1703 2569 1769 major
2590 1712 2674 1756 est
2697 1703 2814 1772 ejus
2845 1706 3155 1759 necessitas.
3184 1705 3359 1761 Nolite
3389 1722 3518 1776 ergo
3548 1708 3727 1762 mirari
3756 1708 3802 1762 si
3829 1710 3967 1762 suasi

719 1792 1204 1870 febre'leneamur:
1231 1823 1283 1869 et
1313 1815 1409 1883 ipsi
1439 1829 1657 1883 egemus
1685 1792 2132 1885 medici,m"qu”s
2156 1792 2597 1874 Deus~lltajom
2647 1792 2823 1847 facere
2867 1810 3024 1864 quam
3069 1795 3314 1851 Ninivitze
3360 1797 3459 1851 hac
3506 1797 3573 1852 de
3616 1812 3821 1852 causa:
3869 1799 3970 1852 into

719 1907 897 1975 posuit
937 1917 994 1961 ut
1035 1907 1151 1960 aliis
1180 1905 1539 1974 mederemur.
1570 1905 1826 1969 Quasnam
1854 1917 2030 1959 autem
2054 1908 2162 1976 jam
2206 1924 2292 1963 re-

718 1985 967 2068 stat‘spes
994 1997 1216 2061 salutis,
1257 2011 1378 2050 eum
1421 1996 1454 2049 ii
1498 1995 1597 2065 ipsi
1630 1997 1715 2065 qui
1750 1997 2029 2051 medentur
2068 1999 2293 2053 aliorum

718 2104 876 2142 manu
926 2088 1200 2159 indigeat?
1232 2087 1355 2141 [late
1389 2102 1492 2141 non
1538 2087 1633 2141 abs
1681 2102 1741 2142 re
1782 2088 1922 2154 dixi,
1966 2105 2066 2144 nec
2095 2100 2296 2146 temere

716 2194 1052 2249 conqueror,
1089 2179 1182 2233 sed
1213 2188 1267 2231 ut
1297 2185 1484 2231 omnes
1509 2178 1862 2232 communiter
1890 2196 2009 2233 cum
2043 2182 2296 2236 uxoribus

717 2280 772 2324 et
798 2271 919 2324 lilils
938 2312 953 2337 ,
987 2272 1167 2324 cinere
1194 2261 1398 2337 aspersi
1426 2279 1479 2323 et
1505 2284 1661 2323 sacco
1694 2270 1859 2323 induti
1883 2312 1895 2332 ,
1924 2271 2180 2340 jejunium
2212 2274 2293 2327 in-

719 2364 1017 2426 tendamus,
1048 2363 1212 2416 Deum
1242 2375 1490 2429 rogemus
1520 2369 1576 2414 ut
1605 2376 1818 2414 manum
1847 2362 2000 2416 nobis
2025 2365 2291 2433 prtebeat,

718 2463 771 2507 ct
800 2453 996 2506 malum
1030 2453 1351 2519 exstinguat.
1377 2452 1545 2504 -lllins
1585 2452 1727 2504 enim
1758 2468 1914 2506 manu
1958 2469 2015 2508 re
2047 2471 2168 2508 vera
2214 2466 2297 2510 est

718 2557 874 2614 opus,
901 2560 1020 2613 qua:
1049 2554 1133 2598 est
1165 2559 1351 2612 magna
1378 2553 1433 2597 et
1460 2544 1810 2598 admirabilis.
1844 2545 2038 2615 Majora
2070 2563 2099 2601 a
2143 2548 2295 2602 nobis

721 2636 833 2688 Ιίιϊί
877 2644 1089 2703 oportet
1133 2628 1454 2703 quamqua:
1497 2635 1739 2688 fecerunt
1786 2635 2033 2709 Ninivitm
2067 2655 2079 2689 :
2112 2638 2293 2692 Adhuc

718 2734 835 2789 tres,
867 2724 1051 2792 inquit,
1082 2712 1206 2785 dies,
1236 2733 1282 2775 et
1310 2722 1498 2775 Ninire
1528 2733 1771 2781 evertetur
1803 2723 1944 2794 (Jon.
1976 2727 2027 2780 ’5.
2059 2728 2137 2794 4).
2164 2728 2292 2781 Ter-

722 2816 893 2871 ribilis
937 2817 1242 2886 prmdicatio
1288 2825 1343 2869 et
1390 2817 1568 2869 multis
1608 2817 1762 2885 plena
1802 2819 1979 2874 minis.
2016 2822 2294 2887 Quomodo

718 2908 859 2960 enim
905 2896 1008 2961 non
1054 2907 1239 2961 fuisset
1274 2908 1616 2971 horrendum,
1655 2919 1773 2977 post
1807 2919 1917 2963 tres
1947 2910 2060 2965 dies
2094 2927 2292 2979 exspe-

719 3010 865 3052 rtare
914 2999 1098 3051 urbem
1152 2997 1352 3071 sibiipsi
1398 2997 1889 3066 fore'sepulerum,
1936 3011 1989 3052 et
2032 3004 2293 3069 perituros

720 3103 907 3141 omnes
945 3104 1050 3140 uno
1075 3104 1271 3157 genere
1300 3088 1585 3155 supplicii?
1624 3088 1676 3142 Si
1718 3090 1857 3143 cuitu
1882 3092 2094 3159 quando
2117 3097 2289 3147 conti-

724 3179 879 3248 gerit,
910 3195 1013 3231 uno
1045 3189 1302 3246 tetttpore.
1337 3180 1388 3232 in
1420 3196 1517 3232 una
1550 3179 1731 3239 domo,
1759 3181 1891 3234 duos
1924 3182 2058 3236 lilios
2090 3187 2286 3253 perire,

722 3278 804 3322 est
845 3269 1039 3320 tnalum
1073 3268 1499 3331 intolerandum;
1538 3281 1591 3323 et
1634 3270 1676 3322 si
1718 3270 1852 3323 John
1883 3274 2050 3325 visum
2082 3285 2162 3327 est
2192 3277 2291 3331 hoc

723 3360 951 3412 maxime
974 3359 1208 3411 omnium
1241 3360 1591 3424 intolerabile,
1620 3362 1755 3429 quod
1785 3379 1943 3430 super
1969 3382 2154 3420 omnes
2176 3370 2291 3435 ejus

722 3449 858 3502 lilios
891 3458 1085 3503 tectum
1115 3449 1367 3503 ceciderit
1389 3490 1404 3514 ,
1435 3458 1490 3503 et
1515 3448 1591 3504 sic
1620 3450 1725 3504 sint
1758 3444 2059 3522 interempti
2088 3460 2288 3525 :-quid-

725 3567 3415 3590 ψ

2401 1897 2530 1937 vero
2568 1897 2671 1936 non
2714 1900 2856 1937 nunc
2897 1885 3070 1938 solum
3114 1887 3345 1954 praedico
3387 1888 3649 1956 jejunium
3676 1929 3694 1957 ,
3738 1889 3839 1944 sed:
3874 1890 3971 1945 hoc

2399 1977 2558 2028 etiam
2577 1974 2780 2028 oindico
2823 1975 3270 2031 medicamentum
3290 2017 3306 2042 ,
3345 1979 3488 2048 quod
3519 1980 3662 2034 illam
3690 1981 3968 2036 cadentem

2399 2064 2569 2118 erexit
2615 2065 2904 2121 civitatem.
2950 2067 3228 2132 Quodnam
3275 2077 3455 2123 autern
3497 2079 3580 2123 est
3623 2070 3758 2125 hoc?
3803 2070 3968 2137 Vidit,

2400 2157 2599 2226 inquit,
2633 2155 2881 2209 Dominus
2900 2197 2914 2221 ,
2940 2156 3074 2225 quod
3101 2159 3442 2227 unusquisque
3469 2160 3669 2214 recessit
3695 2148 3726 2213 ιι
3752 2161 3847 2214 viis
3873 2164 3972 2215 suis

2400 2248 2566 2309 mulis,
2601 2258 2782 2311 etcum
2816 2247 3040 2316 paenituit
3067 2248 3132 2301 de
3158 2248 3293 2301 malo
3318 2250 3457 2314 quod
3485 2250 3612 2304 dixit
3639 2268 3692 2305 se
3716 2253 3968 2321 {acturum

2397 2340 2485 2393 eis.
2523 2340 2632 2393 lloc
2653 2354 2871 2408 agamus
2896 2349 2950 2393 et
2975 2354 3072 2392 nos
3096 2349 3150 2393 et
3182 2356 3275 2393 vos
3306 2357 3318 2393 :
3350 2342 3664 2418 recedamus
3689 2342 3759 2396 ab
3783 2360 3967 2400 amore

2402 2430 2659 2497 pecuniae,
2684 2429 2749 2482 ab
2770 2444 2953 2482 amore
2970 2432 3176 2498 gloriae,
3207 2442 3454 2500 rogantes
3482 2432 3644 2486 Deum
3674 2444 3732 2487 ut
3761 2450 3972 2490 manum

2402 2520 2555 2572 nobis
2587 2519 2854 2588 porrigat,
2897 2530 2969 2581 et,
2991 2520 3227 2573 membra
3272 2537 3389 2589 qua:
3432 2522 3741 2577 ceciderunt
3784 2527 3971 2594 erigat.

2398 2613 2577 2681 Neque
2623 2612 2763 2665 enim
2805 2621 2929 2665 sunt
2972 2611 3156 2666 eadem
3203 2613 3357 2667 nobis
3389 2614 3644 2669 timenda.
3690 2616 3820 2670 Nam
3854 2627 3977 2673 tunc

2395 2702 2608 2772 quidem
2629 2701 2803 2755 casuri
2825 2711 2979 2755 erant
3003 2702 3204 2769 lapides
3230 2714 3284 2756 et
3313 2703 3476 2773 ligna,
3502 2715 3551 2759 et
3577 2721 3801 2774 corpora
3819 2719 3972 2762 erant

2396 2795 2746 2849 interimenda
2792 2812 2806 2847 :
2840 2809 2979 2847 nunc
3007 2805 3185 2847 autem
3216 2796 3347 2848 nihil
3391 2796 3576 2850 lmrum
3602 2838 3619 2862 ,
3650 2798 3746 2852 sed
3784 2800 3978 2853 anima:

2395 2896 2520 2939 sunt
2560 2883 2828 2938 tradenda:
2876 2884 2980 2952 igni
3024 2884 3303 2951 gehennae.
3362 2884 3667 2954 Rogemus,
3709 2889 3977 2957 praeterita

2394 2976 2767 3038 euuliteamur,
2797 2989 2893 3042 pro
2919 2973 3112 3026 futuris
3141 2975 3490 3041 postuletuus,
3525 2985 3581 3028 ut
3607 2976 3751 3046 digni
3783 2978 3977 3033 hahea-

2396 3084 2547 3131 mnr,
2578 3068 2664 3135 qui
2696 3067 2763 3119 ab
2804 3065 2902 3118 bac
2931 3065 3133 3119 crudeli
3161 3076 3216 3119 et
3259 3066 3476 3118 immani
3518 3067 3684 3121 bestia
3727 3069 3938 3123 liberati
3962 3111 3974 3133 ,

2395 3168 2592 3227 gratias
2635 3159 2943 3211 emittamus
2992 3156 3221 3225 benigno
3267 3157 3373 3210 Deo
3413 3168 3465 3210 et
3509 3158 3688 3219 Patri,
3720 3174 3842 3211 eum
3873 3176 3978 3228 (ιιι.

2398 3251 2533 3304 Filio
2573 3250 2731 3303 simul
2773 3264 2894 3303 cum
2927 3257 3110 3302 sancto
3153 3248 3353 3316 Spiritu
3394 3250 3597 3317 gloria,
3641 3252 3881 3317 potentia
3924 3266 3976 3305 et

2399 3344 2601 3405 honor,
2646 3357 2787 3396 nunc
2824 3350 2878 3395 et
2921 3354 3167 3410 semper,
3201 3350 3256 3394 et
3300 3341 3350 3393 in
3393 3342 3584 3395 saecula
3633 3343 3974 3397 Sat-culorum.

2398 3438 2436 3486 Α
2450 3449 2589 3485 uteu.

3479 3577 3521 3584 -α
3530 3574 3963 3587 ηῌ--υο

2102 3634 2447 3699 HOMILIA
2490 3637 2604 3696 x1.
2687 3616 2695 3632 ‘

723 3769 849 3821 CAP.
880 3768 928 3821 4.
960 3785 1009 3819 ν.
1042 3770 1093 3821 ι.
1125 3767 1291 3822 Unum
1333 3785 1519 3835 corpus
1562 3781 1606 3821 et
1647 3787 1774 3822 unus
1817 3773 2058 3839 spiritus,
2091 3775 2218 3827 sicut
2252 3787 2297 3829 ct

792 3860 953 3911 uocati
989 3854 1121 3911 estis
1148 3859 1198 3911 in
1238 3875 1341 3912 una
1381 3875 1469 3929 Spe
1510 3862 1783 3935 vocationis
1814 3874 1987 3917 vestra:
2027 3880 2046 3917 .'
2077 3866 2130 3919 5.
2166 3884 2296 3920 unus

796 3948 1062 4011 Dominus,
1092 3965 1191 4001 una
1218 3950 1363 4015 ﬁdes,
1394 3966 1549 4002 unum
1573 3951 1819 4020 baptisma
1852 3971 1870 4007 :
1901 3954 1952 4008 6.
1985 3972 2115 4009 unus
2155 3956 2291 4011 Deus

793 4053 838 4094 et
876 4041 1028 4094 Pater
1053 4043 1274 4094 omnium
1292 4083 1307 4107 ,
1331 4044 1416 4108 qui
1436 4053 1506 4095 est
1526 4060 1676 4113 super
1702 4061 1891 4110 omnes,
1920 4056 1966 4098 et
1996 4050 2295 4114 per”omnia,

796 4143 843 4185 et
873 4133 924 4185 in
955 4134 1204 4207 omnibus.
1237 4134 1290 4188 7.
1326 4131 1605 4197 Unicuique
1632 4146 1796 4187 autem
1827 4146 2052 4189 nostrum
2083 4139 2202 4190 data
2224 4149 2297 4192 est

796 4226 957 4296 gratia
996 4225 1267 4278 secundum
1296 4242 1580 4278 mensuram
1606 4226 1890 4281 donationis
1914 4228 2118 4281 Christi.

798 4321 851 4373 l.
871 4320 1158 4373 Caritatem
1181 4319 1369 4387 qua-rit
1393 4335 1422 4371 a
1443 4319 1596 4373 nobis
1619 4320 1833 4384 Paulus,
1863 4338 1964 4374 nott
1983 4324 2296 4391 quamlibet,

725 4411 821 4464 sed
850 4426 967 4479 qua:
999 4425 1096 4463 nos
1124 4410 1467 4478 conglutinet,
1516 4421 1570 4464 et
1609 4410 1802 4466 efﬁciat
1831 4421 1888 4465 ut
1913 4413 2048 4467 alter
2074 4415 2125 4467 in
2163 4415 2299 4469 alte-

728 4519 843 4558 rum
877 4504 943 4556 ita
975 4518 1070 4556 nos
1105 4496 1391 4555 haheatints
1415 4542 1429 4566 ,
1467 4511 1522 4554 ut
1559 4501 1738 4556 divelli
1768 4519 1872 4557 non
1915 4506 2180 4572 possimus
2201 4548 2214 4568 ,
2249 4517 2303 4561 et

726 4610 846 4664 qum
872 4603 1067 4647 tantam
1094 4603 1149 4646 et
1176 4604 1279 4646 tam
1312 4603 1551 4647 exactura
1583 4595 1814 4663 prrebeat
1842 4597 2297 4665 conjunctionem,

725 4696 921 4755 quanta
951 4696 1034 4740 est
1060 4685 1419 4739 membrorum
1448 4701 1567 4738 cum
1591 4688 1866 4740 membris.
1898 4688 2023 4743 llatc
2051 4692 2190 4743 enim
2221 4703 2303 4745 est

731 4793 849 4841 qua:
895 4793 1083 4845 magna
1131 4784 1385 4840 operatur
1431 4776 1588 4829 bona.
1631 4777 1917 4847 Propterea
1955 4782 2103 4845 dicit,
2135 4781 2301 4836 Unum

728 4885 932 4937 corpus,
961 4877 1011 4919 et
1038 4875 1257 4935 propter
1285 4881 1630 4932 consensum,
1652 4869 1869 4937 etquod
1898 4871 2120 4924 aliorum
2152 4874 2303 4925 bonis

731 4976 837 5013 non
869 4959 1152 5024 inhiemus,
1176 4958 1391 5027 etquod
1420 4960 1573 5012 simul
1605 4964 1860 5015 laetemur.
1892 4963 1956 5016 Et
1982 4978 2101 5017 cum
2126 4966 2303 5019 omnia

729 5051 886 5104 simul
921 5066 1014 5119 per
1060 5050 1159 5104 hoc
1205 5052 1545 5110 ostendisset.
1597 5053 1817 5120 pulchre
1860 5054 2012 5117 dixit,
2064 5056 2130 5108 Et
2176 5075 2305 5117 unus

729 5143 967 5210 spiritus,
1007 5143 1293 5194 ostendens
1334 5142 1472 5209 quod
1514 5142 1581 5195 ab
1623 5159 1728 5196 nuo
1767 5159 1993 5212 corpore
2027 5146 2129 5199 erit
2170 5164 2304 5199 unus

730 5232 948 5298 Spiritus
993 5249 1007 5285 :

728 5338 946 5390 corpus,
973 5338 1079 5378 non
1104 5338 1240 5376 unus
1265 5333 1441 5377 autem
1465 5325 1683 5391 Spiritus
1714 5343 1726 5378 :
1762 5336 1820 5380 ut
1847 5328 1889 5380 si
1918 5329 2037 5396 quis
2071 5330 2140 5382 sit
2173 5331 2306 5383 ami-

729 5428 823 5467 cus
858 5416 1227 5469 hmreticorum
1261 5433 1274 5467 :
1306 5424 1398 5487 aut
1427 5430 1494 5468 ex
1532 5416 1621 5468 illo
1653 5417 1909 5484 pudorem
1938 5420 2124 5473 incutit
2151 5431 2206 5473 ut
2237 5419 2301 5473 ad

731 5507 1069 5561 concordiam
1102 5510 1344 5562 veniatur
1370 5549 1384 5568 ,
1420 5523 1644 5575 nempe,
1687 5510 1775 5578 qui
1827 5527 1985 5563 unum
2029 5513 2307 5579 accepistis

731 5601 973 5669 spiritum
999 5640 1017 5667 ,
1060 5610 1115 5653 et
1153 5615 1217 5653 ex
1249 5616 1352 5653 uno
1394 5600 1540 5653 fonte
1583 5602 1740 5667 putati
1772 5604 1899 5654 estis
1919 5644 1934 5666 ,
1966 5617 2070 5656 non
2102 5603 2307 5656 debetis

733 5691 1016 5744 dissentire
1045 5710 1059 5745 :
1088 5701 1181 5743 aut
1208 5690 1454 5759 spiritunt
1485 5689 1573 5743 hic
1601 5688 1732 5744 dicit
1758 5691 2087 5745 alacritatem
2115 5693 2303 5745 animi.

739 5783 936 5836 Ιιίυιιιιει)
980 5781 1336 5851 sultjuugrns,
1381 5780 1520 5835 Sicut
1562 5791 1605 5834 et
1637 5782 1795 5833 veruti
1825 5784 1959 5848 estis,
1999 5784 2199 5852 inquit,
2244 5782 2304 5836 In

1050 5232 1308 5301 autquod
1341 5232 1454 5286 ﬁeri
1488 5235 1653 5301 possit
1698 5246 1752 5287 nt
1783 5236 1851 5288 sit
1880 5237 2093 5304 quidem
2140 5254 2303 5291 unum
2340 5280 2346 5285 .

2406 3795 2507 3829 una
2533 3793 2619 3842 spe
2640 3773 2911 3828 vocationis
2937 3783 3129 3826 vestrm.
3154 3772 3265 3827 Hoc
3290 3784 3393 3837 εει,
3420 3774 3557 3829 Deus
3584 3788 3677 3827 vos
3702 3773 3768 3828 ad
3789 3774 3979 3829 eadem

2403 3868 2642 3931 vocavit,
2687 3865 2817 3920 nihil
2849 3864 3002 3918 alteri
3035 3865 3150 3932 plus
3178 3865 3367 3919 tribuit
3396 3882 3554 3936 quam
3583 3867 3735 3920 alteri
3761 3884 3777 3922 :
3807 3869 3978 3921 omni-

2406 3959 2502 4012 bus
2530 3956 3000 4021 inunortalitatem,
3031 3957 3279 4009 oumibus
3306 3957 3466 4010 vitam
3493 3968 3775 4021 azteruam,
3799 3960 3979 4012 omni-

2405 4051 2503 4104 bus
2549 4049 2769 4118 gloriam
2821 4047 3205 4111 immortalem,
3255 4051 3501 4103 omnibus
3550 4050 3980 4118 fraternitatem,

2403 4142 2655 4195 omnibus
2683 4139 2899 4193 donavit
2931 4140 3293 4194 hereditatem.
3329 4131 3523 4195 Factus
3567 4152 3649 4196 est
3694 4157 3984 4199 commune

2404 4231 2640 4283 otnninm
2669 4239 2823 4297 caput
2850 4269 2869 4293 ,
2893 4243 3080 4282 omnes
3107 4230 3263 4283 simul
3292 4232 3567 4285 suscitavit
3597 4241 3651 4286 et
3685 4234 3985 4288 consedere

2407 4322 2550 4376 fecit.
2577 4321 2674 4389 Qui
2703 4336 2830 4392 ergo
2869 4321 2920 4374 iu
2949 4321 3311 4390 spiritualibus
3342 4323 3548 4377 habetis
3578 4332 3776 4377 tantam
3804 4323 3984 4377 hono-

2406 4414 2479 4465 ris
2516 4412 2889 4481 :rqualitatem,
2924 4410 3186 4465 undeuam
3214 4412 3536 4466 extollitnini
3566 4422 3620 4467 et
3643 4415 3938 4483 superbitis
3962 4418 3984 4469 ’ἔ

2405 4504 2546 4574 quod
2574 4504 2660 4557 hic
2686 4504 2754 4556 sit
2778 4502 2948 4566 dives,
2970 4502 3110 4571 quod
3143 4505 3242 4579 iste
3272 4503 3462 4558 fortis?
3489 4513 3540 4559 et
3565 4504 3836 4579 quomodo
3866 4521 3974 4561 non

2407 4597 2510 4649 sint
2543 4596 2654 4649 lnec
2684 4594 2900 4648 ridicula
2924 4595 2947 4647 ?
2984 4593 3113 4648 Nam
3142 4575 3231 4650 die
3257 4596 3408 4662 tttihi,
3439 4597 3483 4651 si
3509 4612 3601 4651 rex
3623 4606 3715 4650 aut
3742 4575 3985 4665 impera-

2410 4697 2491 4739 tor
2516 4685 2698 4739 decem
2729 4687 2973 4738 homines
2999 4686 3300 4751 acceperit,
3335 4697 3387 4741 et
3415 4702 3603 4742 onmes
3631 4703 3864 4758 purpura
3898 4688 3984 4742 in-

2408 4777 2604 4838 dtn-rit,
2632 4788 2686 4832 et
2709 4777 2760 4830 iu
2785 4777 2977 4829 throno
3005 4777 3165 4845 regali
3195 4776 3385 4833 sedere
3414 4777 3620 4842 fecerit,
3659 4789 3712 4833 et
3734 4779 3987 4835 eumdem

2409 4866 2654 4922 omnibus
2682 4868 2936 4921 honorem
2965 4867 3171 4922 dederit
3193 4908 3207 4929 .
3242 4885 3476 4924 aususne
3517 4870 3699 4925 l‘uerit'
3719 4871 3987 4940 quispiam

2409 4960 2733 5024 Ctht'tiltl‘tll‘t’.
2776 4959 2950 5020 alteri,
2996 4967 3051 5011 ut
3090 4959 3177 5027 qui
3226 4960 3295 5011 sit
3340 4959 3537 5025 ditior,
3585 4972 3676 5013 aut
3714 4963 3889 5028 utqui
3924 4963 3992 5016 sit

2413 5047 2703 5104 illustrior?
2743 5049 2977 5101 Minime.
3027 5048 3209 5118 Neque
3252 5049 3427 5103 adhuc
3465 5058 3631 5105 totum
3677 5050 3833 5105 dixi:
3883 5068 3990 5107 non

2414 5151 2617 5194 tantum
2641 5139 2783 5201 enim
2809 5149 2891 5192 est
2915 5138 3221 5193 discrimen.
3246 5138 3380 5192 Nunt
3410 5157 3536 5210 ergo
3567 5141 3616 5194 ιιι
3643 5141 3789 5196 cadis
3811 5140 3995 5214 aequa-

2415 5233 2493 5285 les
2519 5246 2702 5286 sumus
2723 5271 2738 5293 ,
2768 5239 2827 5284 et
2855 5229 2989 5283 infra
3020 5230 3351 5285 differimus?
3385 5230 3528 5285 linus
3567 5231 3819 5288 Dominus
3838 5276 3853 5298 ,
3889 5253 3992 5291 una

2414 5326 2573 5394 ﬁdes,
2622 5341 2777 5377 unum
2818 5325 3086 5395 baptisma.
3135 5325 3272 5379 Ecce
3312 5339 3435 5395 spes
3477 5327 3792 5383 vocationis.
3844 5326 3995 5382 Unus

2418 5420 2551 5471 Deus
2576 5429 2621 5471 et
2651 5417 2805 5471 Pater
2830 5417 3072 5476 omnium.
3091 5421 3173 5483 qui
3193 5426 3265 5470 est
3288 5433 3438 5485 super
3465 5434 3655 5475 omnes.
3686 5428 3739 5483 et,
3764 5434 3853 5484 per
3880 5437 3993 5472 om-

2416 5511 2519 5574 nia,
2553 5508 2673 5562 etin
2702 5508 2951 5561 omnibus.
2979 5508 3113 5561 Nam
3147 5507 3240 5562 tibi
3270 5508 3483 5578 quidem
3515 5509 3715 5577 major,
3749 5510 3826 5563 illi
3865 5527 3995 5566 vero

2415 5600 2588 5652 minor
2634 5606 2718 5653 est
2756 5597 3073 5652 invocatus?
3119 5612 3245 5651 unm
3293 5607 3347 5650 tu
3387 5598 3603 5666 quidem
3645 5614 3711 5652 ex
3741 5598 3871 5663 ﬁde,
3904 5599 3995 5654 iZle

2409 5706 2542 5745 τοῖο
2569 5704 2633 5767 οι(
2663 5689 2915 5758 opcriluts
2943 5690 3107 5742 factus
3130 5698 3214 5743 est
3238 5690 3458 5744 salvus?
3499 5706 3624 5744 Itum
3652 5690 3744 5746 tibi
3770 5690 3993 5760 quidem

2416 5783 2693 5838 remissum
2722 5791 2802 5835 est
2831 5792 3103 5851 peccatum
3144 5795 3238 5850 per
3264 5782 3615 5852 baptismum,
3656 5780 3731 5836 illi
3758 5796 3889 5837 tero
3920 5782 3997 5836 ni-
