4108 6312
126 372 173 426 8|
973 366 1037 420 IN
1079 364 1291 419 EPIST.
1333 363 1422 417 AD
1463 358 1705 417 EPIIES.
1746 360 1899 415 CAP.
1945 360 2030 415 IV.
2070 361 2301 416 llOlllL
2347 360 2438 416 XI.
3030 400 3035 406 .
3297 362 3367 417 33

126 486 218 539 hil?
244 488 413 553 Apage
442 500 456 537 :
493 482 639 539 Unus
679 481 817 536 Deus
856 491 901 535 et
934 480 1086 533 Pater
1116 480 1378 542 omnium,
1406 479 1492 546 qui
1518 492 1670 541 super

121 593 297 641 muses,
326 587 373 629 et
408 591 497 644 per
524 575 693 627 omnia
719 615 733 637 ,
761 582 808 627 et
833 574 885 625 in
914 571 1141 625 omnibus
1168 570 1321 623 vobis.
1359 568 1529 636 Super
1558 584 1669 618 om-

121 686 193 721 nes
212 709 225 729 ,
254 668 348 721 hoc
369 677 451 721 est
475 708 492 731 ,
524 667 781 721 Dominus
806 676 858 721 el
884 666 1130 732 superior
1158 663 1405 715 niniiibus
1443 679 1456 713 :
1490 657 1557 713 Et
1585 677 1673 725 per

119 758 279 820 omnia,
307 757 406 809 hoc
430 765 535 819 est,
568 756 873 825 providi-ns,
901 755 1279 807 administrans
1309 769 1322 805 :
1351 750 1412 804 Et
1436 753 1487 802 in
1510 752 1670 802 omni-

118 852 193 903 bus
210 850 355 911 vobis,
388 849 488 901 hoc
512 858 615 912 est,
648 849 735 915 qui
770 847 820 899 in
852 846 1097 899 omnibus
1126 845 1345 897 habitat.
1378 844 1535 911 Atqui
1569 843 1667 894 hoc

116 942 271 992 dicunt
297 955 416 994 esse
449 940 566 993 Filii
598 956 611 990 :
643 941 989 1009 quamobrem
1021 938 1063 989 si
1110 946 1253 990 esset
1294 935 1393 987 hoc
1437 934 1667 986 dimiuuo

115 1030 269 1093 tinuis,
307 1044 409 1083 non
440 1029 640 1082 dictum
678 1037 821 1082 esset
858 1028 925 1080 de
958 1028 1133 1080 Patre.
1184 1025 1461 1096 Unicuique
1500 1035 1666 1077 autem

115 1133 306 1173 nostrum
337 1123 457 1174 data
496 1133 569 1174 est
607 1122 794 1190 gratia.
825 1119 959 1186 Quid
988 1135 1135 1186 ergo,
1181 1117 1369 1187 inquit,
1400 1114 1663 1169 uudenant

113 1223 216 1265 sunt
250 1213 450 1265 diversa
481 1211 846 1265 charismata?
881 1211 989 1263 lloc
1019 1210 1161 1263 enim
1194 1223 1408 1275 semper
1442 1207 1583 1275 ipsos
1611 1215 1665 1258 et

112 1304 389 1356 Corinthios
418 1314 472 1356 et
503 1304 698 1356 multos
727 1302 860 1355 alios
884 1342 897 1362 ,
940 1300 1037 1353 hos
1066 1300 1277 1369 quidem
1310 1298 1376 1351 ad
1408 1311 1662 1366 arrogan-

113 1396 238 1459 tiam,
269 1394 383 1447 illos
410 1408 541 1446 vero
570 1394 865 1447 deducebat
892 1392 956 1443 ad
987 1405 1272 1443 maerorem
1303 1400 1355 1443 et
1386 1386 1659 1441 invidiam.

111 1484 370 1555 Propterea
430 1499 644 1550 semper
707 1481 937 1535 ostendit
997 1481 1300 1547 exetnplum
1357 1479 1599 1546 corporis
1645 1495 1658 1530 :

110 1586 361 1645 propterea
390 1592 529 1629 nunc
560 1591 769 1644 qunque
799 1575 898 1627 hoc
928 1574 1123 1641 I‘OSIIll,
1152 1573 1399 1641 quoniam
1429 1572 1663 1623 facturus

108 1677 205 1720 erat
230 1668 545 1721 mentionem
573 1667 905 1720 diversorum
937 1664 1337 1718 charismatum.
1364 1663 1537 1729 Atque
1563 1661 1662 1714 hoc

107 1759 293 1826 quidem
341 1759 681 1827 persequitur
724 1758 962 1811 exactius
1011 1758 1061 1810 iu
1103 1745 1339 1824 Epistula
1369 1754 1436 1807 ad
1468 1752 1657 1807 Corin-

108 1849 257 1913 lhiOS,
296 1852 545 1920 quoniam
586 1851 694 1905 illic
734 1851 823 1904 hic
852 1850 1068 1903 morbus
1100 1849 1331 1901 maxime
1374 1845 1660 1900 exercebat

109 1942 475 2010 tyrannidem:
527 1956 667 1995 nunc
704 1958 831 1994 vero
878 1940 962 1993 hic
1008 1950 1207 1993 tantmn
1257 1938 1416 1992 tacite
1467 1937 1657 1990 innuit.

110 2034 218 2089 Vide
244 2044 417 2088 autem
445 2035 571 2101 quid
601 2035 760 2088 dicat.
792 2033 904 2088 Non
945 2034 1077 2086 dixit
1098 2076 1110 2093 .
1138 2031 1442 2087 Secundum
1476 2031 1658 2083 unius-

108 2128 336 2197 cujusque
360 2130 518 2182 ﬁdem
540 2171 556 2193 ,
583 2146 649 2183 ne
680 2130 729 2182 in
758 2130 917 2182 animi
949 2143 1200 2197 angorem
1230 2126 1349 2179 illos
1376 2124 1657 2193 injiceret,

104 2220 176 2287 qui
196 2236 372 2289 magna
396 2237 500 2274 non
525 2233 678 2273 erant
704 2220 975 2289 assequuti
1008 2239 1021 2273 :
1054 2219 1145 2272 sed
1176 2216 1339 2287 quid?
1364 2216 1658 2271 Secundum

104 2325 359 2363 ,ηρηεκωηι
397 2312 519 2364 dom“
561 2311 751 2366 Christi
799 2312 931 2378 Qum
965 2312 1255 2380 principem
1288 2309 1459 2363 locum
1492 2308 1659 2377 magis

105 2400 275 2455 habent
302 2406 434 2455 inter
458 2405 658 2461 omnia.
691 2419 751 2457 ea
792 2412 915 2456 sunt
958 2404 1134 2455 omnia
1183 2400 1483 2455 comnmnia
1504 2440 1517 2461 ,
1550 2399 1656 2451 ba—

105 2492 510 2556 ptisma,salvum
540 2507 659 2547 esse
682 2509 775 2561 per
798 2492 975 2553 tidem,
1005 2493 1167 2545 Deum
1201 2490 1397 2543 habere
1422 2489 1654 2551 Patrem,

101 2579 312 2646 ejusdem
338 2581 564 2649 Spiritus
594 2597 782 2634 omnes
808 2596 928 2634 esse
956 2580 1254 2648 participes.
1284 2578 1339 2632 Si
1368 2577 1452 2631 hic
1478 2586 1654 2629 autem

101 2672 220 2723 alius
245 2673 355 2740 plus
382 2672 544 2725 habet
577 2673 627 2725 in
656 2671 995 2735 charismate,
1044 2686 1111 2724 ne
1162 2669 1366 2731 doleas,
1404 2670 1653 2737 quoniam

102 2761 165 2812 illi
195 2763 298 2829 plus
324 2773 404 2816 est
435 2763 633 2815 laboris
669 2781 682 2811 τ
711 2774 766 2815 et
796 2762 864 2815 ab
892 2778 955 2814 eo
983 2762 1069 2829 qui
1102 2761 1340 2829 quinque
1372 2768 1654 2827 acceperat

101 2852 315 2917 talenta,
370 2855 714 2922 exigebantur
766 2854 1036 2922 quinque;
1094 2852 1138 2904 is
1189 2862 1363 2903 autem
1416 2850 1505 2919 qui
1550 2849 1656 2901 duo

100 2946 303 3012 avecpit,
326 2944 431 2999 duo
460 2956 664 2997 tantum
693 2946 888 3005 attulit,
920 2959 1018 2997 uec
1050 2945 1224 2996 minus
1251 2958 1407 3010 quam
1434 2941 1524 2994 ille
1555 2940 1654 2993 ha-

100 3034 216 3087 buit.
243 3036 522 3104 Propterea
569 3035 653 3089 hic
679 3051 743 3089 ex
772 3033 955 3088 eadem
985 3048 1140 3087 ρτιυεει
1171 3031 1475 3086 enusolatur
1500 3030 1654 3083 audi-

100 3134 271 3178 torem.
295 3127 368 3178 Ad
389 3108 868 3180 consummationem
895 3135 1204 3189 sanctorum,
1234 3124 1427 3193 inquit,
1458 3126 1508 3175 in
1530 3139 1657 3191 Opus

100 3219 377 3282 m‘nisterii,
422 3219 476 3272 in
527 3219 913 3284 aediﬁcationem
962 3217 1191 3283 corporis
1246 3215 1431 3269 Christi
1480 3214 1656 3283 (Infra

97 3322 139 3357 τι
185 3308 245 3361 12
268 3309 307 3379 ).
330 3308 615 3375 Propterea
648 3310 759 3377 ip~e
802 3324 1011 3378 quoque
1042 3308 1273 3370 dicebat,
1326 3306 1411 3359 Var
1439 3306 1581 3368 mihi,
1614 3305 1657 3358 si

100 3416 188 3450 :tott
214 3400 647 3470 erangelizavero(
676 3404 722 3454 Ι.
743 3400 859 3456 Cor.
884 3403 937 3457 9.
967 3403 1029 3456 16
1051 3402 1071 3468 )
1093 3402 1107 3455 ε
1140 3400 1331 3468 Utpote
1361 3398 1502 3466 quod
1526 3412 1654 3467 apo-

98 3488 300 3543 stolatus
319 3490 579 3559 ejusmodi
597 3490 861 3545 charisma
882 3493 1194 3560 acerepisset.
1219 3490 1322 3545 Sed
1350 3499 1653 3559 propterea,

100 3578 179 3631 Va:
197 3580 288 3633 sibi
308 3581 536 3646 dicebat,
567 3583 817 3651 quoniam
835 3594 1113 3652 acceperat
1138 3600 1152 3637 :
1176 3594 1229 3636 tu
1255 3592 1429 3635 autem
1457 3582 1652 3635 libera-

98 3680 175 3724 tus
196 3686 248 3725 es
270 3688 298 3725 a
330 3674 585 3741 periculo.
607 3674 899 3727 Secundum
936 3689 1239 3727 mensuram.
1262 3673 1395 3741 Quid
1418 3680 1520 3737 est,
1555 3672 1652 3727 Se—

96 3766 295 3817 cundum
320 3767 637 3819 ntensuram?
668 3766 779 3821 Hoc
799 3778 902 3830 est,
928 3782 1032 3820 non
1056 3782 1153 3835 pro
1174 3766 1369 3820 nostris
1408 3765 1648 3819 meritis:

97 3856 271 3926 alioqui
295 3874 449 3912 nemo
475 3862 768 3927 accepisset
807 3876 924 3928 qua:
964 3861 1203 3929 accepit;
1231 3858 1324 3913 sed
1352 3859 1656 3927 accepimus

97 3961 265 4002 onum
288 3965 318 4003 a
343 3951 648 4005 donatione.

158 4040 207 4093 2.
244 4040 341 4096 Cur
367 4044 419 4096 in
460 4041 693 4097 Ecclesia
734 4043 867 4096 alius
915 4046 1053 4113 plus,
1074 4041 1209 4096 alius
1246 4044 1413 4097 minus
1451 4042 1651 4097 habeat.

97 4163 160 4171 —
180 4134 279 4187 Cor
301 4144 474 4190 autem
504 4135 591 4188 hic
612 4134 824 4203 quidem
849 4134 966 4203 plus
988 4176 1003 4199 ,
1032 4135 1119 4189 ille
1144 4149 1273 4189 vero
1300 4134 1477 4187 minus
1502 4150 1656 4188 acce-

100 4224 204 4289 pit?
231 4225 333 4279 Hoc
362 4225 529 4291 nihil,
563 4226 753 4295 inquit,
784 4226 927 4287 facit,
952 4227 1044 4281 sed
1073 4241 1160 4281 res
1186 4236 1269 4281 est
1292 4225 1603 4281 iudiﬂ'ereus
1635 4244 1649 4279 :

99 4316 434 4386 unusquisque
459 4317 603 4369 enim
645 4317 855 4371 confert
891 4316 956 4369 ad
988 4315 1414 4371 a'dilicatiouem.
1464 4317 1527 4370 Et
1559 4331 1655 4386 per

98 4406 189 4462 hoc
220 4411 447 4463 Ostendit
484 4410 626 4479 quod
671 4427 773 4465 non
818 4424 881 4463 ex
930 4409 1040 4462 suis
1070 4410 1291 4470 meritis,
1326 4408 1410 4463 hic
1441 4410 1651 4478 quidem

98 4499 219 4565 plus,
246 4501 331 4555 ille
374 4518 502 4555 vero
541 4504 718 4555 minus
752 4501 952 4570 accepit
981 4542 997 4566 ,
1026 4500 1120 4555 sed
1168 4511 1385 4569 prepter
1408 4502 1562 4566 alios,
1598 4511 1655 4555 ut

95 4593 196 4657 ipse
221 4608 429 4646 mensus
457 4602 561 4646 est.
588 4591 720 4646 Nam
747 4592 873 4646 alibi
901 4606 1114 4661 quoque
1140 4591 1269 4645 dicit
1300 4609 1313 4645 :
1348 4591 1525 4645 Posuit
1554 4610 1652 4645 au-

94 4689 180 4732 tem
222 4684 459 4748 membra,
509 4685 901 4755 ununiquodque
949 4699 1125 4736 eorum
1172 4684 1300 4736 sicut
1335 4684 1441 4752 ipse
1493 4684 1650 4737 coluit

78 4766 216 4831 (Ibid.
247 4777 332 4831 t2.
363 4776 428 4831 18
457 4779 497 4845 ).
526 4776 643 4829 Non
669 4776 797 4830 dicit
833 4785 1009 4829 autem
1036 4777 1317 4838 rationem,
1350 4792 1414 4830 nc
1444 4778 1653 4830 audito-

94 4884 194 4920 rum
240 4870 455 4938 spiritus
493 4868 757 4938 deprimat
800 4882 862 4921 ac
903 4866 1137 4936 dejiciat.
1168 4868 1223 4922 8.
1259 4866 1476 4935 Propter
1517 4870 1653 4938 quod

91 4960 215 5025 dicit,
243 4962 528 5015 Ascendens
551 4963 603 5013 in
630 4961 791 5014 altum
818 4962 1066 5029 captivam
1094 4961 1243 5014 duxit
1268 4961 1607 5031 captivitatem
1630 5004 1646 5029 ,

1787 478 2085 529 transitum.
2115 477 2246 530 Nam
2299 478 2438 541 quod
2488 479 2540 532 in
2591 478 2824 547 Epistula
2879 478 2946 533 ad
2994 478 3367 548 Philippenses

1778 564 2037 635 (Philipp.
2065 567 2119 621 2.
2141 569 2216 636 7),
2244 569 2331 622 hic
2355 584 2568 639 quoque
2595 568 2822 623 adstruit
2850 579 2903 624 et
2928 569 3227 643 conﬁrmat.
3248 572 3361 624 Sic-

1777 669 1831 733 ut
1864 658 1969 709 illic
1999 659 2231 711 suadens
2273 661 2623 715 humilitatem
2646 702 2661 725 ,
2693 661 2908 715 adducit
2939 661 3206 715 Christum
3244 680 3256 715 :
3291 664 3361 716 ita

1773 758 1826 799 et
1852 749 1957 813 hic,
1988 765 2108 802 cum
2135 750 2282 815 dicit,
2324 751 2588 805 Descendit
2616 754 2668 806 in
2697 754 2961 824 inferiores
2991 764 3161 821 partes
3193 764 3357 806 terrm;

1774 839 1901 893 Nam
1933 841 2031 893 nisi
2066 842 2137 894 ita
2168 852 2342 903 esset.
2372 845 2823 913 supervacaneum
2852 855 2995 899 esset
3024 847 3164 915 quod
3196 848 3319 899 dicit
3343 887 3357 907 .

1775 928 2023 985 Obediens
2053 933 2217 999 [actus
2261 949 2417 998 usque
2455 936 2523 986 ad
2549 943 2758 987 mortem
2792 933 2965 1003 (Ibid.
2996 953 3042 989 υ.
3072 936 3148 1003 8).
3181 936 3261 989 Ex
3293 952 3360 989 eo

1770 1022 1911 1089 quod
1940 1022 2197 1087 ascendit,
2220 1024 2389 1077 innuit
2409 1024 2748 1078 descensum.
2776 1024 3058 1078 luleriores
3081 1040 3209 1078 vero
3228 1041 3353 1092 par-

1771 1120 1851 1164 tes
1874 1121 2028 1164 terra:
2055 1112 2182 1165 dicit
2214 1126 2439 1167 mortem
2466 1155 2479 1174 ,
2511 1114 2806 1170 secundum
2837 1114 3111 1167 hominum
3142 1116 3355 1183 Opinio-

1770 1218 1890 1256 nem
1926 1222 1938 1256 :
1968 1204 2106 1257 sicut
2147 1206 2308 1259 etiam
2362 1206 2572 1260 dicebat
2623 1206 2806 1269 Jacob,
2844 1205 3114 1259 Deducetis
3162 1208 3354 1259 senium

1769 1312 1931 1347 meum
1951 1312 2066 1349 cum
2095 1298 2269 1350 dolore
2294 1298 2362 1350 ad
2388 1299 2576 1368 inferos
2602 1300 2619 1368 (
2650 1299 2777 1353 Gen.
2803 1300 2891 1353 44.
2910 1298 2981 1353 29
3003 1299 3019 1365 )
3046 1316 3060 1361 ;
3094 1308 3147 1352 et
3172 1315 3359 1352 rursus

1769 1388 1819 1439 in
1853 1387 2087 1452 Psalmo,
2114 1388 2311 1443 Similis
2342 1407 2427 1444 ero
2468 1392 2882 1445 descendentibus
2902 1392 2955 1443 in
2984 1393 3147 1444 lacum
3177 1389 3351 1458 (Psal.

1768 1476 1891 1531 H2.
1916 1478 2007 1545 7);
2041 1476 2145 1531 hoc
2170 1488 2289 1544 est,
2319 1480 2563 1534 mortuis.
2597 1481 2705 1534 Cur
2739 1480 2881 1533 hunc
2927 1481 3103 1535 locum
3134 1480 3219 1532 hic
3248 1490 3355 1533 tra—

1765 1567 1907 1621 ctat?
1930 1583 2218 1637 quamnam
2247 1569 2376 1623 dicit
2414 1572 2815 1639 captivitatem?
2837 1572 3207 1641 Captivitatem
3240 1571 3355 1624 dia-

1766 1658 1871 1711 boli
1901 1676 1914 1712 :
1942 1668 2225 1726 tyrannum
2254 1662 2461 1731 accepit
2501 1663 2807 1730 captivum,
2839 1678 3032 1731 nempe
3081 1661 3349 1717 diabolum

1764 1759 1817 1801 et
1869 1758 2094 1803 mortem
2119 1791 2135 1813 ,
2179 1761 2231 1803 et
2262 1754 2684 1807 exsecrationem
2713 1795 2727 1815 ,
2760 1762 2813 1806 et
2863 1764 3158 1821 peccatum.
3192 1752 3354 1805 Vides

1764 1839 1995 1907 prmdam
2024 1850 2079 1894 et
2106 1842 2315 1911 Spolia?
2346 1843 2496 1907 Quod
2524 1856 2691 1897 autem
2721 1846 2944 1897 ascendit
2975 1845 3096 1913 quid
3126 1855 3219 1909 est,
3249 1844 3348 1897 nisi

1760 1931 1897 1997 quod
1922 1942 1967 1983 et
1995 1931 2292 1986 descendit?
2318 1934 2429 1987 Hoc
2469 1945 2549 1989 est
2578 1935 2832 1989 adversus
2859 1950 2973 1998 eos,
3005 1937 3094 2005 qui
3123 1936 3346 1989 Paulum

1762 2018 2169 2076 Samosatcnutu
2196 2034 2509 2093 sequuntur.
2542 2026 2642 2092 Qui
2669 2027 2941 2087 descendit,
2967 2027 3074 2094 ipse
3096 2035 3166 2079 est
3192 2035 3239 2078 et
3264 2025 3351 2093 qui

1760 2112 1984 2163 ascendit
2027 2128 2181 2181 super
2221 2130 2393 2167 omnes
2435 2117 2587 2169 cwlos
2630 2125 2684 2166 ut
2713 2116 3021 2185 adimpleret
3043 2115 3213 2168 omnia
3244 2114 3343 2183 (a).

1760 2206 1840 2260 Ad
1882 2207 2160 2262 inferiores
2180 2250 2194 2273 ,
2226 2208 2432 2278 inquit,
2461 2223 2641 2280 partes
2673 2220 2830 2265 terra:
2860 2209 3138 2263 descendit
3164 2250 3180 2273 ,
3230 2215 3351 2276 post

1760 2314 1878 2367 qua:
1925 2306 2030 2353 non
2076 2309 2199 2353 sunt
2225 2302 2343 2354 alite
2376 2320 2388 2354 :
2419 2312 2472 2356 et
2513 2303 2755 2357 ascendit
2798 2317 2961 2369 super
2988 2302 3196 2361 omnia,
3230 2310 3350 2368 post

1759 2405 1876 2456 qua:
1909 2406 2011 2443 non
2057 2400 2141 2444 est
2183 2392 2380 2459 aliquid
2409 2392 2572 2445 aliud.
2607 2394 2717 2447 Iloc
2758 2402 2842 2447 est
2871 2392 2986 2459 ejus
3015 2390 3267 2445 ellicacim
3294 2400 3349 2442 et

1758 2479 2108 2543 dominatus;
2157 2499 2276 2535 naut
2310 2482 2423 2537 hzec
2467 2498 2678 2552 quoque
2725 2484 2905 2537 omnia
2954 2483 3081 2535 olim
3124 2482 3343 2550 impleta

1760 2573 1988 2626 fuerant.
2020 2575 2109 2628 li.
2136 2573 2201 2626 Et
2226 2575 2333 2643 ipse
2373 2576 2509 2628 dedit
2542 2577 2786 2645 quosdam
2828 2577 3028 2646 quidem
3064 2575 3345 2643 apostolos,

1758 2665 2003 2731 quosdam
2024 2674 2190 2715 autent
2218 2666 2509 2732 praphclas,
2540 2668 2668 2719 alios
2700 2683 2811 2717 vero
2840 2667 3192 2735 evangelislas.
3217 2664 3346 2717 alios

1758 2764 1943 2806 autem.
1975 2764 2199 2823 pastores
2248 2768 2292 2809 et
2332 2758 2596 2813 doctores.
2633 2757 2719 2809 12.
2762 2759 2813 2809 in
2861 2757 3344 2809 consummationem

1756 2856 2062 2910 sanctorum,
2094 2847 2147 2899 in
2188 2863 2315 2914 opus
2352 2848 2635 2909 ministerii,
2668 2850 2717 2913 in
2748 2848 3138 2914 ludiﬁcationem
3164 2861 3347 2923 corpo-

1756 2936 1828 2986 ris
1872 2934 2077 2988 Christi.
2118 2937 2271 3004 Quod
2314 2940 2435 2991 alibi
2475 2939 2625 3002 dicit,
2658 2938 2877 3008 Propter
2926 2939 3063 3009 quod
3111 2948 3157 2991 et
3214 2938 3347 2991 Deus

1756 3026 1995 3080 exultavit
2021 3028 2167 3080 illum
2189 3028 2448 3102 (Philipp.
2469 3030 2524 3084 2.
2558 3030 2633 3101 9),
2668 3031 2772 3085 hoc
2817 3032 2902 3085 hic
2932 3048 3147 3101 quoque
3191 3032 3343 3096 dicit,

1761 3122 1861 3187 Qui
1888 3122 2163 3186 descendit,
2192 3123 2301 3191 ipse
2321 3133 2390 3177 est
2419 3133 2464 3176 et
2489 3125 2576 3191 qui
2601 3125 2845 3177 ascendit.
2875 3124 3027 3192 Quod
3054 3124 3350 3177 descende-

1757 3216 1827 3267 rit
1850 3214 1916 3268 ad
1945 3214 2222 3269 inferiores
2246 3227 2424 3285 partes
2452 3226 2629 3280 terrm,
2653 3216 2785 3269 nihil
2818 3216 2865 3270 ei
2895 3217 3086 3277 obluit,
3121 3204 3220 3270 nec
3247 3217 3346 3269 im-

1759 3304 1925 3374 pediit
1944 3305 2231 3375 quominus
2251 3306 2563 3361 ascenderet
2594 3322 2751 3375 supra
2777 3308 2959 3361 ca-los.
2984 3306 3345 3375 Quamobrem

1759 3413 1865 3465 quo
1893 3399 2013 3467 quis
2041 3412 2100 3452 se
2142 3398 2478 3452 humiliorem
2512 3398 2727 3461 fecerit,
2757 3414 2823 3453 eo
2852 3400 3019 3469 magis
3048 3400 3344 3453 extollitur.

1758 3488 1905 3543 Sicut
1933 3490 2076 3543 enim
2111 3490 2163 3542 in
2190 3504 2323 3558 aqua
2347 3504 2452 3558 quo
2483 3490 2650 3558 magis
2682 3505 2801 3543 eam
2833 3489 2967 3543 infra
2991 3490 3348 3552 detuleris,eo

1758 3579 1924 3648 magis
1954 3580 2005 3631 in
2034 3578 2197 3633 altum
2228 3579 2477 3643 effertur;
2507 3590 2561 3633 et
2581 3595 2687 3649 quo
2714 3596 2779 3633 ex
2807 3580 2993 3648 majori
3023 3581 3195 3648 spatio
3224 3580 3341 3633 l'ue-

1758 3670 1831 3723 ris
1851 3670 2136 3739 jaculatus,
2166 3658 2231 3725 e6
2277 3672 2443 3740 magis
2467 3673 2768 3741 assequeris
2794 3689 2805 3723 :
2840 3673 2906 3725 ita
2936 3673 3094 3727 etiam
3142 3673 3193 3727 in
3249 3672 3345 3725 hu-

1757 3761 2002 3815 militate.
2032 3761 2136 3816 Sed
2168 3762 2377 3831 quando
2399 3762 2466 3816 de
2494 3763 2602 3815 Deo
2625 3763 2825 3815 dixeris
2850 3764 3214 3823 ascensioues,
3246 3779 3342 3816 ne-

1756 3870 1907 3909 cesse
1928 3864 2007 3908 cst
2032 3854 2262 3923 primum
2294 3856 2529 3922 cogitare
2554 3854 2871 3908 descensum
2892 3872 2907 3917 ;
2927 3855 3138 3920 quando
3164 3864 3341 3908 autem

1755 3942 1823 3997 de
1849 3943 2082 4007 homine,
2117 3959 2472 4013 nequaquam.
2511 3944 2711 3999 Deinde
2740 3946 2975 4000 ostendit
3024 3946 3181 3999 etiam
3224 3948 3348 4010 ejus

1758 4035 2142 4103 providentiam
2166 4046 2219 4089 et
2244 4037 2558 4102 sapientiam
2594 4054 2607 4089 :
2636 4038 2891 4106 dicitque,
2916 4038 3003 4105 qtti
3033 4049 3137 4091 tam
3172 4038 3337 4091 multa

1758 4126 1901 4192 fecit,
1934 4137 1986 4181 et
2031 4128 2120 4197 qui
2154 4137 2355 4181 tantum
2389 4130 2579 4195 patuit.
2630 4140 2683 4183 et
2726 4132 2791 4184 ad
2844 4130 3122 4186 inferiores
3171 4148 3341 4201 usque

1759 4226 1914 4272 terra:
1937 4230 2113 4286 partes
2136 4234 2229 4285 pro
2258 4219 2411 4273 nobis
2436 4219 2765 4275 descendere
2793 4237 2897 4275 non
2930 4224 3214 4289 recusavit,
3236 4240 3342 4278 non

1759 4319 1959 4363 temere
1986 4310 2109 4363 fecit
2136 4310 2537 4365 distributiones
2564 4312 2968 4368 charismatum.
2995 4314 3130 4367 Alibi
3165 4326 3340 4369 autem

1755 4399 1883 4453 dicit
1912 4401 2050 4470 quod
2076 4400 2175 4454 hoc
2198 4411 2445 4468 operatus
2463 4404 2532 4456 sit
2554 4402 2890 4471 Spiritus,sic
2914 4406 3095 4458 dicens
3121 4423 3134 4459 :
3162 4405 3220 4457 In
3243 4424 3344 4475 quo

1758 4492 1922 4560 posuit
1948 4508 2033 4545 vos
2064 4492 2286 4560 Spiritus
2325 4504 2532 4546 sanctus
2559 4496 2820 4564 epismpos
2861 4512 3033 4563 regere
3059 4496 3340 4548 Ecclesium

1760 4582 1965 4635 Domini
1993 4582 2132 4650 (Act.
2156 4583 2245 4638 20.
2274 4583 2369 4651 28)
2396 4602 2409 4636 :
2445 4584 2528 4637 hic
2572 4595 2749 4638 autem
2775 4585 2905 4639 dicit
2943 4586 3083 4653 qttnd
3131 4587 3299 4640 Filius
3324 4604 3339 4643 ξ

1755 4673 1879 4727 alibi
1901 4674 2040 4743 quod
2072 4675 2209 4728 Heus
2234 4689 2250 4738 ;
2280 4684 2337 4727 et,
2360 4690 2597 4741 rursum,
2640 4674 2757 4744 Ipse
2784 4676 2921 4728 dedit
2948 4674 3187 4729 Ecclesia:
3216 4679 3345 4729 alios

1754 4765 1953 4829 quidem
2000 4765 2274 4833 apostolos,
2304 4766 2431 4819 alios
2461 4778 2626 4819 autem
2656 4768 2926 4835 prophetas
2953 4767 2970 4833 (
3003 4769 3054 4821 i.
3086 4768 3206 4822 Cor.
3252 4771 3334 4832 12_

1751 4854 1869 4924 28).
1902 4857 1955 4909 lu
1979 4855 2217 4924 Epistula
2244 4866 2418 4909 autem
2451 4857 2515 4910 ad
2544 4856 2848 4911 Corinthios
2876 4860 3024 4923 dicit,
3060 4859 3166 4930 lt'go
3190 4862 3343 4929 plan-

1754 4950 1875 5012 lavi,
1899 4948 2084 5018 Apollo
2135 4948 2347 5019 rigavit,
2382 4948 2519 5002 Deus
2572 4962 2737 5003 autent
2788 4952 3149 5006 incrementum
3205 4955 3347 5007 dedit

89 5063 127 5102 et
150 5054 277 5107 dedit
316 5054 452 5109 dona
481 5055 783 5107 hominibus.
814 5054 925 5108 lloc
961 5064 1043 5108 est
1075 5071 1088 5107 ε
1119 5054 1255 5119 Quid
1281 5055 1556 5110 extolleris
1597 5065 1653 5111 et
1728 5036 2470 5106 (14-3-6-8izelrursus.
2516 5041 2614 5107 Qui
2639 5042 2835 5111 ρίσηιαι
2878 5054 3045 5095 autem
3086 5055 3129 5097 ει
3156 5047 3239 5115 qui
3271 5049 3341 5097 νί-

90 5149 133 5193 te
160 5144 431 5213 magnilice
470 5144 874 5212 circumspicis?
902 5144 993 5199 Dei
1038 5154 1119 5199 est
1149 5146 1481 5199 universum.
1514 5147 1649 5201 Pro-

90 5234 225 5300 pheta
250 5235 464 5303 quidem
494 5236 623 5289 dicit
649 5236 702 5289 in
730 5235 961 5300 Psalmo,
983 5235 1232 5305 Accepisti
1255 5237 1391 5290 dona
1412 5239 1464 5291 in
1486 5238 1647 5291 hensi-

89 5324 213 5376 nibus
234 5324 404 5385 (Psal.
436 5327 525 5381 67.
546 5326 635 5395 i9)
663 5343 678 5389 ;
709 5327 822 5395 ipse
859 5336 1034 5380 autem
1064 5326 1227 5392 dicit,
1256 5326 1409 5381 Dedit
1435 5329 1570 5382 dona
1596 5329 1647 5382 in

89 5417 369 5470 hominibus.
401 5418 635 5485 ldipsum
681 5428 860 5471 autem
905 5427 987 5473 est
1032 5417 1135 5472 hoc
1179 5430 1233 5471 et
1269 5418 1419 5472 illttd.
1462 5418 1648 5474 Simile

87 5503 191 5557 item
222 5508 322 5559 hoc
351 5525 364 5559 :
396 5506 450 5560 9.
484 5507 635 5574 Quod
656 5519 825 5560 autem
866 5509 1089 5561 ascendit
1115 5508 1237 5579 quid
1262 5518 1353 5571 est,
1386 5510 1485 5562 nisi
1512 5512 1647 5579 quod

87 5605 122 5644 et
160 5598 407 5651 descendit
454 5600 675 5667 primum
718 5600 771 5651 in
811 5599 1075 5668 inferiores
1125 5609 1293 5666 partes
1342 5600 1643 5654 terrm?10.

89 5685 172 5749 Qui
194 5689 481 5755 descendit,
510 5692 622 5757 ipse
641 5703 715 5743 est
738 5688 785 5743 ἃ
812 5691 899 5759 qui
921 5692 1146 5745 ascendit
1170 5708 1324 5760 super
1350 5708 1523 5745 omnes
1544 5709 1643 5746 cce-

87 5780 147 5827 Ιος
186 5795 235 5835 ιιι
277 5784 575 5853 αιιὶηιρξετρι
624 5785 811 5837 omnia.
844 5783 967 5838 ηερε
993 5786 1214 5839 audiens
1235 5826 1247 5845 ,
1280 5800 1345 5838 ne
1372 5784 1645 5839 existimes

1752 5140 1839 5200 gat
1858 5146 2015 5183 unum
2040 5142 2155 5183 sunt
2176 5146 2194 5183 :
2226 5132 2565 5201 unusquisque
2583 5143 2749 5185 autem
2775 5136 3034 5202 propriam
3064 5136 3344 5187 mercedem

1817 5302 1889 5366 (a)
1913 5303 1992 5353 De
2022 5303 2160 5353 Pauli
2198 5305 2706 5356 Samosatanihmresi
2742 5313 2816 5357 sat
2838 5309 3031 5357 diversa
3055 5308 3340 5358 referuntur

1750 5368 1906 5432 ascrii
1927 5367 2113 5432 toribus
2137 5366 2500 5432 Ecclesiasticis
2520 5406 2533 5427 ,
2559 5368 2839 5432 Athanasio,
2864 5369 3107 5432 Eusebio,
3136 5370 3343 5432 Epipha-

1752 5429 1847 5483 nio,
1863 5434 1914 5476 et
1938 5427 2427 5486 Philastrio.Quidam
2444 5443 2565 5478 VPI‘O
2586 5430 2751 5479 dicunt
2771 5429 2902 5479 illum
2928 5440 2977 5479 ut
3003 5438 3051 5479 et
3071 5427 3343 5479 Sabellium

1756 5488 2061 5563 identitatetn
2082 5489 2241 5563 Patris
2253 5489 2423 5538 etFilii
2448 5496 2500 5539 et
2520 5491 2728 5563 Spiritus
2744 5502 2896 5563 salicti
2923 5492 3191 5563 induxisse.
3208 5494 3341 5563 (Ehrl-

1752 5558 1879 5611 stum
1922 5562 2132 5611 negasse
2154 5549 2332 5611 Deum
2376 5564 2490 5611 esse
2522 5549 2699 5600 dicitur
2723 5567 2749 5600 a
2776 5552 3089 5601 'l‘heodoreto
3114 5553 3197 5601 lib.
3224 5555 3254 5601 2
3276 5558 3343 5602 de

1752 5609 2014 5672 Haereticis
2034 5610 2210 5659 fabulis
2228 5650 2242 5668 ,
2270 5620 2322 5661 et
2344 5610 2475 5661 clare
2504 5626 2529 5661 a
2554 5613 2838 5663 Philastrio.
2865 5614 3017 5672 Quam
3042 5618 3339 5664 sententiai-

1752 5671 2101 5735 hicjoppugnat
2123 5672 2489 5735 Chrysostomus
2514 5679 2565 5723 et
2588 5676 2743 5735 carpit
2766 5688 2828 5723 ex
2870 5671 2947 5723 his
2972 5675 3105 5723 Pauli
3131 5678 3297 5724 verbis
3316 5710 3336 5727 .

1752 5686 1831 5720 lttc
1852 5686 2101 5781 qlipugnat
2123 5686 2489 5735 Lnrysoswmus
2514 5686 2565 5723 et
2588 5686 2743 5735 carpit
2766 5688 2828 5723 ex
2871 5686 2947 5723 nis
2973 5686 3105 5723 t'attlt
3131 5686 3297 5724 verbis
3316 5710 3336 5727 .

1752 5732 1838 5803 oui
1896 5732 2125 5803 escendit,
2144 5733 2245 5803 ipse
2269 5740 2339 5785 est
2361 5741 2404 5784 et
2424 5735 2505 5798 qui
2528 5736 2744 5785 ascendit
2766 5750 2911 5799 super
2937 5750 3097 5786 tenues
3115 5752 3171 5786 ru
3189 5740 3257 5785 lus
3290 5745 3339 5787 ut

1753 5794 2037 5853 adimplorel
2060 5794 2235 5843 munia.
