4108 6312
782 353 843 401 si
1539 346 1595 399 s.
1635 343 1906 398 10.\N.\‘l5
1944 331 2407 394 cnmsos'roin
2448 327 2758 382 metulae.
2799 328 3319 383 coxsraxrtxor.
3956 329 4013 377 ai

782 466 988 534 recipiet
1017 465 1287 512 serttnu'um
1313 476 1455 510 suum
1480 458 1702 508 laborem
1728 457 1804 524 (‘2.
1832 452 1946 506 Cor.
1977 452 2026 503 5.
2065 451 2140 516 ti).
2179 446 2248 498 lla
2274 444 2358 495 bic

784 571 1016 622 quorum.
1048 554 1181 616 Quid
1224 552 1386 611 enim,
1421 550 1467 601 si
1498 549 1654 600 affers
1684 543 2122 609 tuinusitautum
2150 535 2329 599 accepi

783 647 869 697 sti.
905 639 1133 695 Primum
1161 642 1449 708 apostolos;
1480 638 1530 690 bi
1561 636 1699 690 enim
1733 635 1998 686 habebant
2026 630 2200 682 omnia
2239 643 2250 676 :
2283 640 2359 675 sc-

785 735 948 786 cumlo
975 734 1282 802 proiihetas:
1309 741 1461 785 erant
1491 729 1633 782 enim
1665 727 1822 794 aliqui
1859 725 1947 792 qui
1991 719 2211 789 apostoli
2241 716 2358 784 qui—

786 826 906 877 dem
939 839 1043 875 non
1074 833 1222 875 erant
1247 863 1261 884 ,
1287 832 1437 874 erant
1467 829 1642 873 autem
1669 814 1947 886 propheta‘
1969 854 1983 876 ,
2012 821 2068 864 ιιι
2103 809 2315 878 Agabus
2345 823 2358 857 :

786 917 930 966 tertio
956 914 1303 984 evangelium,
1335 920 1420 980 qui
1465 927 1567 963 non
1608 924 1793 962 oumcs
1819 906 2039 960 obibant
2082 904 2358 970 regiones,

789 1006 882 1059 sed
921 1004 1354 1071 crangelizabant
1377 1043 1391 1064 ,
1420 1013 1474 1053 ut
1521 1001 1755 1054 Priscilla
1783 1009 1832 1051 et
1868 995 2051 1064 Aquila
2080 1013 2093 1047 :
2130 991 2365 1043 Pastorcs

789 1109 836 1148 et
863 1097 1110 1154 doctores,
1137 1108 1360 1161 quorum
1390 1091 1510 1144 tidei
1541 1099 1646 1142 tota
1676 1104 1806 1158 gens
1831 1099 1945 1139 erat
1975 1085 2196 1138 credita.
2229 1079 2363 1145 Quid

792 1184 952 1250 ergo?
983 1179 1134 1242 erant
1165 1192 1406 1252 pastores
1433 1191 1486 1234 et
1512 1181 1759 1234 doctores
1791 1177 2112 1231 inferiores?
2142 1174 2366 1228 Maxime

792 1273 1004 1342 quidem
1030 1314 1046 1338 ,
1075 1273 1138 1325 iis
1168 1272 1257 1340 qui
1287 1285 1473 1323 omnes
1507 1270 1723 1323 obibant
1749 1270 1993 1336 regiones
2019 1275 2072 1319 et
2097 1262 2366 1330 cvangeli-

795 1365 1058 1426 zautibus,
1084 1364 1117 1414 ii
1147 1363 1234 1429 qui
1262 1344 1514 1414 sedebant
1551 1369 1605 1412 ct
1645 1362 1694 1410 in
1733 1374 1839 1412 uno
1888 1357 2004 1408 loeti
2032 1362 2182 1407 erant
2207 1367 2366 1404 oecu-

795 1456 928 1525 pati,
957 1465 1010 1506 ut
1035 1453 1348 1508 Timotheus
1373 1461 1426 1504 et
1455 1451 1625 1503 Titus.
1656 1449 1863 1516 Alioqui
1903 1455 2078 1499 auten:
2121 1460 2220 1497 nec
2249 1443 2372 1493 hinc

800 1545 910 1597 fieri
964 1553 1135 1612 potest
1161 1544 1423 1609 subjectio
1445 1554 1495 1594 et
1524 1541 1742 1593 honoris
1770 1537 2027 1608 pradatio,
2053 1535 2145 1590 sed
2178 1550 2242 1588 ex
2271 1533 2371 1585 alia

799 1635 1041 1701 epistola.
1081 1631 1197 1700 Ipse
1247 1631 1403 1691 dedit,
1454 1630 1654 1697 inquit;
1698 1643 1764 1681 ue
1815 1625 2222 1680 etitiu-adiseris.
2275 1626 2375 1674 Aut

801 1723 1153 1792 evangelistas
1196 1722 1344 1780 diett,
1375 1735 1466 1772 eos
1511 1719 1598 1787 qui
1640 1718 1954 1785 scripsm-iut
2005 1713 2370 1781 Evangelium.

804 1815 882 1865 At!
911 1812 1390 1866 consummationem
1417 1819 1707 1860 sanctorum
1735 1850 1749 1873 ,
1777 1809 1828 1859 in
1856 1823 1980 1875 Opus
2011 1802 2294 1866 ministerii,
2325 1802 2376 1851 in

803 1907 1188 1974 a'dificationem
1222 1903 1446 1970 corporis
1483 1899 1690 1953 Christi.

876 2001 929 2052 ’5.
977 1999 1135 2050 Vides
1203 1993 1620 2047 auctoritatem?
1679 1989 2046 2058 Unusquisque
2108 1985 2378 2044 :edifteat,

809 2090 1170 2156 unusquisque
1203 2085 1406 2151 perlicit
1427 2092 1479 2136 et
1505 2090 1859 2142 consummat,
1893 2077 2253 2145 unusquisque
2279 2073 2378 2126 mi-

811 2180 1017 2232 nistrat.
1051 2177 1137 2229 15.
1167 2174 1334 2226 Donec
1361 2188 1684 2224 occurramus
1704 2212 1718 2235 ,
1753 2170 1920 2236 inquit
1943 2205 1959 2230 ,
1991 2183 2160 2218 onmes
2187 2166 2238 2216 in
2266 2165 2382 2214 unis

811 2283 961 2324 tatem
984 2270 1103 2338 fidei
1129 2279 1174 2321 et
1203 2268 1473 2336 agnitionis
1515 2265 1635 2317 Filii
1666 2265 1790 2326 Dei,
1819 2266 1868 2314 in
1897 2264 2054 2314 virum
2087 2261 2382 2328 perfectum,

811 2366 862 2414 in
897 2377 1177 2414 mensuram
1210 2361 1369 2410 (rtatis
1401 2358 1727 2424 plenitudinis
1766 2356 1974 2409 Christi.
2028 2355 2260 2408 Ailatcm
2304 2352 2386 2403 hic

815 2454 942 2505 dicit
1002 2454 1284 2520 perlectam
1341 2449 1683 2517 agnitionem.
1737 2445 2194 2510 Quemadmodum
2245 2444 2386 2495 enim

817 2548 895 2598 \‘l!’
946 2554 1044 2597 stat
1100 2543 1283 2595 firmus
1337 2556 1400 2594 ac
1449 2540 1670 2600 stabilis,
1715 2538 1861 2607 pueri
1903 2546 2076 2589 autem
2125 2535 2388 2589 mentibus

816 2635 1304 2688 circumferuntur:
1345 2633 1411 2682 ita
1466 2631 1625 2683 etiam
1685 2630 1737 2680 in
1785 2627 2046 2678 lidelibus.
2104 2624 2168 2676 In
2218 2626 2386 2675 unita—

819 2736 954 2786 tem,
1012 2724 1201 2792 inquit,
1262 2722 1399 2787 ﬁdei.
1448 2721 1558 2773 Hoc
1584 2718 1879 2778 est,doucc
1924 2726 2192 2768 osteteum
2235 2713 2391 2765 fuerit

822 2833 920 2870 nos
947 2830 1132 2867 omnes
1176 2830 1332 2866 uuam
1366 2803 1559 2864 liab‘cre
1585 2810 1766 2861 fidem.
1798 2809 1908 2860 lloc
1934 2815 2015 2859 est.
2043 2806 2185 2858 enim
2217 2805 2391 2856 unitas

825 2906 966 2968 fidei,
995 2903 1206 2972 quando
1233 2917 1418 2953 ouun-s
1439 2917 1600 2952 uumu
1632 2913 1838 2958 smmis,
1871 2896 2082 2964 quando
2104 2895 2392 2962 colligatio-

831 3013 950 3048 nem
985 3009 1172 3046 omnes
1198 2993 1354 3045 simul
1381 2989 1740 3060 agnoscimus.
1762 2987 1938 3056 lisque
1965 2987 2029 3037 ad
2061 2984 2161 3037 hoc
2189 2997 2396 3050 tempus

826 3090 1038 3151 operari
1079 3091 1318 3150 oportet,
1349 3083 1390 3133 si
1424 3092 1704 3150 propterea
1760 3078 2007 3144 accepisti
2049 3077 2312 3140 charisma
2343 3084 2396 3127 ut

832 3178 961 3229 alios
1003 3176 1253 3229 :editiccs.
1287 3173 1414 3226 Vide
1447 3188 1510 3224 ne
1539 3174 1762 3237 teipsum
1784 3179 1990 3221 ever-tas
2018 3168 2103 3219 alii
2133 3167 2394 3222 inridens.

832 3269 968 3320 Deus
993 3279 1041 3317 te
1069 3264 1368 3322 honoravit,
1389 3274 1440 3316 et
1461 3263 1632 3330 posuit
1661 3273 1714 3312 ut
1733 3262 1892 3312 alium
1918 3259 2156 3326 perlicias
2187 3273 2246 3308 ae.
2273 3274 2400 3308 eou-

831 3374 1087 3410 sununes.
1113 3356 1242 3409 Nam
1273 3365 1326 3406 et
1350 3355 1620 3421 apostolus
1641 3353 1691 3403 in
1717 3353 1812 3401 hoc
1835 3361 1966 3409 erat,
1989 3361 2040 3402 et
2067 3349 2317 3416 propheta
2349 3349 2398 3397 in

833 3451 931 3500 hoc
963 3457 1095 3507 erat,
1130 3448 1450 3513 prophetaus
1497 3455 1548 3495 et
1591 3445 1936 3511 persuadens,
1976 3451 2029 3493 et
2077 3441 2399 3507 evangelista

834 3538 1223 3601 evangelizaus,
1254 3546 1307 3589 et
1332 3546 1510 3604 pastor
1539 3547 1588 3587 el
1612 3534 1834 3586 dot-tor:
1865 3548 2050 3582 otnnes
2081 3548 2240 3581 utnon
2269 3545 2402 3596 opus

836 3636 1197 3693 susceperant.
1225 3626 1300 3678 Ne
1323 3625 1449 3676 mihi
1473 3626 1610 3675 enim
1636 3625 1834 3675 dixeris
1852 3621 2199 3674 tlitli-rentiatu
2225 3620 2403 3670 eburi-

833 3730 1058 3769 smatmn
1094 3734 1105 3767 :
1133 3732 1318 3769 mones
1351 3733 1510 3768 ιιιιιιιιι
1553 3731 1683 3783 opus
1722 3714 2002 3767 lmbebaut.
2035 3714 2164 3766 Nam
2193 3712 2404 3780 quando

835 3823 1021 3860 onmes
1063 3808 1307 3859 similiter
1335 3793 1636 3865 credimus,
1680 3793 1916 3857 tuuc'est
1957 3807 2147 3856 unitas.
2201 3805 2403 3855 litt-uim

835 3898 974 3966 quod
1005 3897 1105 3948 hoc
1127 3896 1292 3948 \‘il‘llllt
1312 3896 1453 3947 dit-at
1485 3896 1892 3963 perfectum.est
1920 3896 2273 3962 petspicmnn.
2311 3895 2405 3944 At-

836 3989 925 4052 qui
949 3985 1075 4039 alibi
1104 4003 1199 4038 uos
1229 3986 1353 4038 dicit
1385 3986 1651 4052 par-ullos,
1675 3987 1831 4037 etiam
1861 4003 1981 4037 cum
2019 4000 2202 4035 sumus
2231 3985 2405 4050 perfe-

837 4077 926 4139 cti,
970 4076 1062 4128 Sed
1109 4076 1212 4128 alio
1256 4075 1682 4159 SthClllt|<.|N:tltt
1737 4077 1804 4126 ibi
1851 4076 2061 4142 quidem
2115 4091 2210 4124 nos
2260 4085 2410 4127 \oeat

841 4167 1084 4233 parvulos
1111 4166 1315 4220 ratione
1343 4168 1517 4218 habita
1546 4169 1730 4218 futura:
1753 4168 2068 4232 cognitionis
2094 4186 2104 4216 :
2143 4183 2260 4218 nam
2287 4183 2406 4219 cum

841 4259 1076 4320 dixisset,
1112 4256 1193 4309 Ea:
1220 4269 1360 4324 parte
1388 4258 1752 4326 cognoscimus,
1783 4257 2056 4324 subjuuxit
2099 4257 2278 4317 etiam,
2311 4257 2410 4309 l’er

837 4350 1140 4417 aenigmata,
1173 4359 1226 4402 et
1252 4365 1369 4416 qua:
1393 4359 1515 4417 sunt
1546 4348 1843 4415 lmjtisuiodi
1873 4351 1949 4415 (ί.
1969 4349 2086 4402 Cor.
2109 4350 2372 4418 15.9.12)
2397 4370 2409 4406 :

843 4443 927 4493 hic
966 4451 1140 4493 autem
1185 4441 1316 4494 dixit
1361 4443 1464 4492 alio
1512 4442 1820 4509 resliicieus,
1855 4458 2044 4508 ueinpc
2090 4443 2154 4494 ad
2203 4442 2408 4496 facilem

843 4531 1230 4598 prolapsioncm
1259 4541 1310 4582 et
1334 4533 1675 4582 mutationem
1709 4549 1720 4582 :
1752 4533 1886 4584 sicut
1917 4534 2072 4584 etiam
2100 4534 2224 4586 dicit
2245 4534 2366 4586 alibi
2395 4553 2406 4586 :

849 4621 1190 4689 I’crfectorum
1221 4630 1386 4672 autem
1434 4633 1503 4673 est
1546 4621 1737 4677 solidus
1785 4624 1920 4674 cibus
1952 4626 1968 4690 (
2003 4622 2156 4676 Ilelir.
2189 4625 2238 4676 5.
2275 4625 2340 4676 1-4
2370 4626 2406 4692 ).

846 4713 1001 4764 Vides
1043 4713 1310 4780 quomodo
1359 4712 1464 4765 illic
1507 4729 1717 4778 quoute
1765 4715 1892 4766 dicit
1940 4715 2242 4779 perfectos?
2278 4717 2411 4769 Vide

842 4802 1105 4870 quomodo
1137 4801 1220 4853 hic
1264 4803 1466 4853 roearit
1513 4804 1772 4870 perfectos
1818 4820 1910 4871 pct'
1939 4820 1997 4857 ea
2032 4821 2150 4873 qu:e
2191 4805 2407 4874 subjun-

844 4903 1055 4958 guntur,
1087 4892 1174 4944 Η.
1211 4891 1276 4944 Ut
1313 4893 1425 4958 jam
1453 4910 1549 4944 non
1581 4894 1736 4958 siquis
1765 4894 1986 4954 parvuli.
2018 4894 2141 4947 Ila-c
2191 4908 2265 4948 es't
2291 4939 2304 4957 ,
2338 4897 2413 4948 iu—

845 4984 974 5048 quit,
1006 4999 1272 5045 mcusura,
1299 4995 1350 5036 ut
1382 5000 1605 5052 paucum
1632 4986 1772 5052 quod
1796 4988 2098 5053 accepimus
2126 4993 2267 5040 omni
2297 5001 2413 5040 stn-

846 5070 930 5128 die
963 5078 1288 5143 lirtniterque
1332 5093 1392 5127 ac
1419 5075 1681 5129 stabiliter
1720 5077 2041 5131 retineamus
2093 5079 2159 5132 Ut
2175 5082 2286 5148 jam
2315 5098 2412 5133 non

846 5168 1084 5233 amplius.
1119 5167 1271 5230 Illud,
1308 5167 1424 5219 Non
1453 5170 1692 5235 amplius,
1717 5170 1945 5220 ostendit
1979 5184 2071 5222 eos
2098 5171 2414 5235 jampridem

847 5259 915 5308 ita
941 5257 1101 5310 fuisse
1127 5258 1360 5319 allectos,
1393 5268 1444 5310 et
1472 5260 1701 5325 seipsum
1728 5262 1872 5326 ponit
1906 5261 1955 5312 in
1985 5262 2100 5311 loco
2130 5264 2416 5316 correctio-

849 5350 961 5410 nis,
991 5359 1037 5400 ct
1071 5351 1305 5420 eort'igit.
1344 5340 1627 5417 Propterea
1657 5352 1814 5414 dicit,
1849 5352 1946 5403 'l‘ot
2001 5353 2212 5405 fuerunt
2242 5354 2368 5405 fabri
2398 5397 2412 5417 ,

847 5455 911 5492 ne
939 5440 1217 5493 :ediftcium
1261 5443 1629 5504 labefactetur,
1661 5459 1724 5493 ne
1754 5445 2175 5508 cireumferatur,
2212 5456 2266 5496 ut
2312 5448 2416 5499 sint

846 5529 1046 5595 lapides
1074 5533 1205 5584 lirtni
1238 5543 1289 5584 ct
1319 5533 1554 5586 stabiles.
1587 5534 1697 5585 ΙΙοο
1726 5534 1866 5586 enim
1898 5545 1977 5585 est
2009 5534 2241 5598 illortuu,
2275 5553 2416 5588 nem-

846 5637 909 5680 pe
957 5620 1210 5676 ﬂuctuare
1235 5666 1248 5682 ,
1281 5624 1531 5677 vacillare
1558 5666 1570 5682 .
1612 5623 1938 5676 eirctunferri
1968 5635 2017 5675 et
2051 5625 2306 5678 labefieri.
2347 5628 2412 5681 Ut

833 5710 941 5773 jam
973 5728 1067 5760 non
1103 5713 1253 5765 simas
1285 5717 1500 5781 amplius
1533 5718 1749 5781 ptti't'nii,
1780 5718 2098 5781 ﬂuctuantes,
2132 5731 2174 5768 et
2197 5723 2410 5772 (ἱνα-ιιοιι-

4041 95 4067 812 l

2459 441 2680 507 {urantur
2720 443 2856 492 omni
2907 453 3048 492 vento
3078 444 3316 492 doctrinm
3347 444 3396 493 in
3426 443 3646 509 nequitia
3673 444 3941 499 homianm,
3974 463 4018 492 trl
4045 455 4054 466 ‘

2458 532 2642 583 astutia
2671 531 2738 582 ad
2767 532 3234 584 circumventioncm
3263 535 3468 584 erroris.
3503 532 3570 584 Et
3600 534 4020 602 circumferat/nar,

2461 622 2662 687 iuqttit,
2695 622 2830 673 omni
2878 632 3043 674 vento.
3093 623 3453 691 Prosequutus
3501 633 3584 677 est
3629 625 3983 691 metaphoram
4011 627 4058 690 ,ξ

2461 713 2750 763 ostendens
2782 713 2830 763 iu
2860 727 2965 780 quo
2997 713 3230 779 periculo
3255 724 3380 766 sunt
3406 715 3595 766 aninme
3625 730 3742 781 qua:
3772 714 4024 765 dubitant.
4051 705 4056 712 ’

2467 804 2636 864 Omni,
2670 804 2858 871 inquit,
2891 816 3054 868 rento,
3086 805 3138 856 in
3169 798 3439 872 nequitiam
3467 806 3744 870 hominum,
3775 807 3826 857 in
3851 808 4029 857 astutia

2464 895 2530 944 ad
2575 894 3044 946 circumventionem
3092 895 3294 948 erroris.
3350 899 3584 948 Κυεεύται
3647 896 3892 948 dicuntur
3945 869 4067 963 quii

2468 994 2686 1038 utuntur
2704 985 2841 1036 talis.
2861 983 3018 1037 Tales
3045 996 3169 1038 sunt
3193 985 3281 1052 qui
3312 996 3434 1037 sunt
3461 986 3590 1036 vafri
3619 995 3674 1038 et
3693 987 3873 1048 astuti,
3899 997 4035 1052 post-

2467 1090 2622 1142 quam
2651 1075 2889 1142 ceperint
2919 1073 3272 1140 simpliciores
3303 1093 3315 1124 :
3348 1075 3420 1126 illi
3464 1075 3606 1126 enim
3648 1076 3824 1127 omnia
3873 1084 4026 1127 trans-

2471 1173 2670 1232 pouuut
2695 1173 2747 1216 et
2779 1163 3127 1217 transferunt.
3167 1164 3262 1216 llic
3290 1165 3449 1216 vitam
3492 1181 3704 1234 quoque
3733 1166 3918 1233 tetigit.
3950 1166 4032 1218 lii.

2482 1255 2749 1308 Veritatem
2776 1265 2940 1306 autem
2971 1258 3206 1324 facientes
3233 1256 3283 1306 in
3313 1257 3538 1319 caritate,
3569 1273 3852 1310 crescamus
3879 1259 3928 1309 in
3954 1258 4037 1309 illo
4069 1232 4071 1322 i

2473 1363 2564 1415 per
2592 1349 2778 1407 omnia,
2807 1349 2893 1414 qui
2933 1358 3004 1398 est
3042 1355 3192 1412 caput
3231 1345 3482 1408 Christus,
3513 1348 3599 1400 16.
3627 1363 3690 1399 ea:
3727 1364 3824 1416 quo
3844 1391 3858 1410 ,
3890 1357 4038 1399 totum

2470 1456 2653 1508 corpus
2680 1446 2994 1506 compactum
3025 1449 3070 1490 et
3108 1455 3389 1491 connexum
3415 1456 3503 1505 per
3527 1456 3724 1492 antnem
3755 1443 4042 1507 juncturam

2472 1530 2964 1589 subministrationis,
2996 1529 3273 1581 secundum
3306 1531 3643 1598 Operationcm
3675 1532 3728 1582 in
3764 1549 4038 1583 mensuram
4072 1550 4073 1560 ι

2476 1621 2870 1689 uniuscujusque
2911 1621 3154 1682 membri,
3204 1632 3525 1687 augmentum
3567 1623 3797 1688 corporis
3843 1625 3963 1691 facit
3995 1625 4038 1673 in

2475 1712 2861 1778 tediﬁcationem
2905 1715 2986 1764 sui
3028 1716 3080 1764 in
3117 1713 3343 1764 caritate.
3379 1714 3617 1767 Ubscure
3657 1714 3939 1766 admodum
3969 1726 4040 1767 est

2481 1801 2874 1868 interpretatus,
2913 1817 2978 1854 eo
3021 1803 3162 1870 quod
3195 1802 3420 1855 Voluerit
3460 1804 3638 1856 omnia
3664 1805 3818 1857 simul
3851 1805 4041 1859 dicere.

2484 1893 2593 1945 lloe
2617 1900 2702 1946 (Erl
2729 1903 2903 1945 autent
2927 1895 3064 1961 quod
3093 1894 3220 1946 dicit
3250 1911 3263 1945 :
3291 1893 3438 1948 Sicut
3470 1895 3687 1962 Spiritus
3716 1897 3805 1963 qui
3833 1896 4048 1949 descen-

2481 1985 2558 2038 dit
2585 2001 2612 2038 a
2649 1986 2890 2049 cerebro,
2923 1987 3185 2039 sentiendi
3215 1989 3539 2052 facultatem,
3569 2003 3685 2057 qua:
3713 1998 3798 2041 est
3826 2003 3917 2056 per
3942 2006 4045 2040 ner-

2484 2093 2600 2140 vos,
2629 2094 2732 2130 non
2757 2060 2999 2130 absolute
3021 2077 3112 2129 dat
3139 2078 3408 2140 omnibus,
3441 2080 3533 2131 sed
3567 2094 3663 2147 pro
3685 2078 4044 2131 convenientia

2485 2179 2538 2223 et
2583 2170 2924 2238 proportione
2977 2170 3390 2239 uniuscujusque
3447 2171 3710 2234 membri;
3752 2172 3801 2224 ei
3845 2171 4043 2239 quidem

2485 2261 2625 2328 quod
2659 2261 2773 2327 plus
2797 2269 2970 2328 potest
2997 2261 3289 2322 StlSCit‘Ct't‘,
3328 2261 3574 2328 amplius,
3605 2261 3776 2331 minus
3803 2270 3975 2312 autem
4007 2262 4044 2307 ei

2488 2353 2628 2420 quod
2653 2354 2858 2414 minus;
2891 2352 2990 2405 hoc
3014 2353 3154 2404 enim
3177 2363 3258 2404 est
3285 2354 3455 2413 radix,
3488 2367 3680 2418 netupe
3702 2351 3917 2419 spiritus
3943 2369 3953 2401 :
3983 2355 4048 2399 sit:

2489 2445 2648 2496 etiam
2678 2442 2920 2495 Christus
2957 2459 2970 2492 :
3004 2443 3281 2495 animabus
3327 2442 3470 2496 enim
3515 2451 3779 2508 tamquam
3807 2441 4049 2494 membris

2490 2536 2536 2588 ei
2565 2536 2832 2602 appensis.
2861 2535 2978 2600 ejus
3009 2533 3342 2602 providentia
3371 2544 3424 2585 et
3445 2532 3826 2585 charismatum
3863 2547 4047 2599 suppe-

2492 2625 2698 2687 ditatio,
2727 2637 3077 2692 congruenter
3105 2627 3430 2692 proportioni
3475 2635 3528 2677 et
3574 2625 3976 2682 Ctili\'t_‘.lllt'l||l:l',
4009 2627 4050 2673 έιι

2496 2730 2743 2768 mensura
2775 2714 3161 2768 incrementum
3205 2715 3326 2768 facit
3378 2715 3792 2782 uniuscujusque
3821 2712 4048 2765 tiu-.mbri.

2493 2805 2630 2872 Quid
2653 2813 2734 2857 est
2756 2813 2956 2868 autem,
2978 2804 3080 2858 Per
3096 2807 3388 2874 juncturam
3414 2804 3927 2858 submittittrutitmis.’
3959 2805 4050 2856 “(it‘

2495 2907 2596 2960 est,
2629 2913 2723 2964 per
2743 2911 2982 2949 sensum.
3003 2897 3093 2949 Ille
3121 2899 3262 2950 enim
3285 2898 3503 2965 spiritus
3523 2897 3610 2965 qui
3637 2899 4053 2949 sulnuinislrauu

2496 2997 2549 3040 et
2600 2986 2985 3055 suppeditatur
3024 2988 3277 3042 membris
3328 3003 3357 3040 a
3409 2989 3603 3055 capite,
3661 2988 4053 3055 unumqumlque

2501 3083 2795 3133 membrum
2847 3092 3067 3148 tangens
3121 3083 3190 3134 ita
3241 3091 3513 3149 operatur.
3547 3080 3615 3134 Ut
3662 3081 3705 3132 si
3749 3080 3868 3149 quis
3907 3065 4053 3137 dicat,

2499 3171 2704 3239 Corpus
2726 3171 3020 3237 suscipiens
3048 3171 3592 3222 subtninislrationem
3619 3185 3681 3223 ac
3701 3170 4056 3239 Suppeditatio-

2503 3279 2646 3322 nem,
2673 3270 3029 3328 congruenter
3060 3261 3384 3328 proportioni
3419 3259 3779 3319 tuembrorum
3815 3276 3935 3326 quin
3955 3270 4058 3311 seut

2505 3352 2553 3402 in
2598 3351 2733 3418 ipSo,
2768 3351 2838 3402 ita
2869 3350 2991 3401 facit
3030 3350 3413 3402 incrementum
3449 3367 3460 3400 :
3493 3359 3580 3402 aut
3611 3350 3764 3402 aliter
3786 3388 3802 3414 ,
3842 3350 4056 3403 Membra

2504 3451 2859 3509 congruenter
2907 3442 3230 3509 proportioni
3278 3457 3387 3493 sure
3425 3458 3691 3494 mensura:
3734 3442 4056 3508 suscipientia

2505 3536 3025 3602 suppeditatiouem,
3072 3534 3148 3585 sic
3200 3544 3503 3600 augentur:
3537 3543 3629 3587 aut
3675 3535 3834 3587 etiam
3885 3537 4056 3593 aliter,

2507 3627 2736 3692 Spiritus
2763 3627 2990 3691 desuper
3013 3624 3221 3674 abunde
3262 3623 3508 3686 afﬂuens,
3542 3634 3595 3676 et
3637 3627 3813 3676 omnia
3845 3625 4057 3677 tuendum

2510 3727 2750 3782 tangens,
2776 3725 2829 3767 et
2849 3714 3213 3780 suppeditatus
3235 3725 3292 3766 ut
3319 3715 3681 3782 unuSquisque
3712 3725 3886 3783 potest
3916 3717 4059 3767 SllsCl-

2511 3822 2636 3873 pere
2658 3847 2670 3868 ,
2707 3806 2772 3858 ita
2804 3815 3042 3871 augetur.
3073 3809 3309 3869 Quanam
3341 3818 3516 3858 autem
3559 3806 3625 3857 de
3653 3821 3808 3857 causa
3842 3806 4059 3858 addida.

2512 3897 2573 3948 In
2599 3897 2805 3947 caritate
2825 3900 2850 3947 .7
2877 3895 3014 3949 Fieri
3045 3897 3186 3948 enim
3218 3912 3323 3948 non
3369 3907 3538 3962 potest
3581 3908 3636 3948 ut
3676 3897 3830 3948 aliter
3868 3898 4063 3963 Splrillls

2513 3990 2600 4040 ille
2625 3988 2931 4040 descendat.
2966 3987 3112 4040 Sicut
3142 3988 3306 4050 enim,
3333 3989 3374 4040 si
3404 3988 3685 4054 contigerit
3717 3997 3774 4039 ut
3804 3981 3989 4040 manus
4012 3995 4064 4036 szl

2511 4080 2689 4131 mulsa
2738 4096 2765 4128 a
2811 4091 3054 4144 corpore,
3087 4078 3304 4145 Spiritus
3350 4078 3438 4145 qui
3496 4077 3733 4143 procedit
3781 4093 3808 4128 a
3839 4078 4061 4130 cerebro.

2512 4185 2754 4236 qicerens
2777 4168 3245 4232 continuationem,
3273 4183 3393 4219 cum
3427 4185 3530 4219 non
3557 4169 3836 4228 invenerit,
3868 4185 3970 4220 non
3999 4183 4064 4214 ex-

2514 4260 2623 4322 silit
2646 4276 2674 4312 e
2697 4275 2942 4326 corpore,
2973 4269 3024 4311 et
3069 4274 3132 4310 co
3165 4256 3434 4326 perforato
3477 4259 3586 4311 exit
3615 4258 3678 4310 ad
3709 4275 3960 4319 manum;
3991 4255 4063 4308 sed

2515 4351 2836 4418 sijaceutem
2867 4365 2970 4402 non
2994 4351 3273 4412 invenerit,
3296 4365 3398 4403 non
3432 4350 3628 4418 tangit:
3660 4350 3726 4401 ita
3748 4350 3833 4403 hic
3854 4365 4062 4420 quoque,

2515 4444 2557 4495 si
2591 4458 2692 4494 non
2722 4443 2885 4494 simus
2919 4443 3149 4510 colligati
3179 4443 3417 4494 caritate.

2585 4537 2640 4589 4.
2685 4535 2961 4587 Humi/itas
2995 4536 3061 4585 ad
3101 4537 3338 4587 unitatem
3368 4539 3592 4604 corporis
3637 4533 3878 4587 Ecclesia:
3916 4549 4063 4586 in’ces-

2516 4629 2669 4680 saria.
2698 4657 2769 4666 --
2795 4627 2917 4680 Ιιιυε
2947 4637 3121 4679 autem
3151 4627 3324 4678 omnia
3356 4627 3423 4677 ab
3455 4643 3520 4680 eo
3564 4627 3701 4679 dicta
3747 4638 3870 4681 sunt
3899 4626 4066 4680 exlmr-

2520 4719 2681 4771 lautia
2712 4718 2777 4770 ad
2804 4718 3180 4770 humilitatem.
3211 4717 3348 4781 Quid
3376 4718 3540 4782 enim,
3578 4718 3746 4786 inquit
3771 4761 3784 4781 ,
3816 4721 3862 4771 si
3895 4720 3976 4770 hic
3998 4723 4066 4767 aut

2520 4811 2606 4864 ille
2637 4812 2752 4877 plus
2801 4810 3028 4879 accipit?
3079 4811 3326 4864 eunidem
3369 4815 3579 4879 accepit
3617 4813 3885 4878 spiritum,
3916 4812 3996 4881 qui
4018 4825 4063 4861 et

2519 4904 2706 4958 eodem
2737 4905 2912 4972 capite
2949 4905 3209 4957 emittitur
3232 4944 3248 4969 ,
3287 4904 3376 4971 qui
3409 4903 3655 4956 similiter
3682 4913 3934 4971 operatur
3957 4946 3969 4968 ,
3999 4900 4066 4968 qui

2520 4996 2766 5048 similiter
2792 4995 2955 5062 tangit
2979 5035 2992 5055 ,
3027 4994 3126 5059 Qui
3165 4994 3503 5062 compingitur
3533 5003 3577 5046 et
3605 4997 3961 5064 conjungitur,
3989 4995 4067 5044 hoc

2519 5097 2636 5149 est,
2701 5087 2852 5151 cujus
2915 5102 3102 5153 magna
3167 5101 3293 5137 cura
3349 5087 3571 5152 geritur.
3621 5085 3734 5138 Non
3771 5088 3913 5140 enim
3959 5099 4064 5150 quo-

2523 5182 2930 5248 modocnmque,
2963 5180 3057 5232 sed
3087 5178 3371 5231 admodum
3399 5179 3685 5232 artiﬁciose
3710 5196 3906 5248 corpus
3932 5180 4063 5232 situm

2522 5275 2824 5341 sitoportet
2855 5291 2866 5325 :
2901 5290 3019 5324 nam
3053 5273 3095 5325 si
3132 5290 3160 5324 e
3193 5275 3306 5325 loco
3334 5275 3664 5335 excesserit,
3714 5290 3820 5328 non
3869 5274 4063 5340 amplius

2522 5364 2681 5416 situm
2733 5375 2832 5416 est.
2883 5365 3057 5430 Quare
3091 5381 3192 5417 non
3239 5374 3450 5431 oportet
3493 5365 3666 5416 solum
3703 5375 3760 5416 ut
3795 5367 3862 5418 sit
3918 5363 4066 5416 uuitus

2523 5455 2732 5519 corpori
2761 5495 2773 5515 ,
2813 5453 2905 5506 sed
2953 5456 3112 5508 etiam
3160 5466 3216 5506 ut
3243 5470 3396 5507 suum
3428 5455 3600 5508 locum
3631 5465 3806 5508 teneat
3838 5474 3850 5507 :
3882 5454 4010 5523 qtmd
4034 5451 4064 5500 si

2522 5544 2946 5610 exsuperaveris,
2983 5560 3087 5597 non
3117 5562 3174 5598 es
3203 5546 3403 5612 unitus,
3437 5561 3608 5614 neque
3652 5547 3895 5613 spiritum
3927 5545 4065 5598 susci'

2527 5636 2622 5700 pis.
2673 5637 2860 5688 Annon
2890 5635 3036 5688 rides
3084 5636 3136 5688 iu
3179 5637 3378 5688 ossium
3430 5638 3946 5704 transpositionibus,
3975 5647 4064 5698 ιμιςιτ

2526 5728 2699 5794 aliquo
2728 5745 2852 5780 casu
2881 5730 3211 5796 Contingunt,
3261 5730 3472 5796 quando
3518 5748 3577 5782 os
3623 5731 3738 5784 loco
3783 5748 3877 5782 διιμ
3926 5739 4066 5780 trust-15'
