4122 6400
832 291 900 349 85
1540 304 1597 361 S.
1640 305 1928 366 JDANNIS
1966 308 2462 370 ριιῐιγεοετονι
2499 316 2821 381 ARCIIIEP.
2860 328 3433 390 CONSTANTINOP.
3966 291 4013 399 έϐ

826 420 917 467 νος
939 403 1143 459 ἀνωθεν
1171 409 1508 483 ἐπιχορηγεῖ.
1552 420 1815 495 Καθάπερ
1839 424 1947 497 γάρ
1970 426 2062 478 ἐπὶ
2086 422 2175 480 τοῦ
2205 428 2392 497 σώμαι

827 498 918 557 τός
941 500 1087 553 ἐστιν
1120 502 1326 572 ὄργανα
1373 511 1593 566 τοιαῦτα
1641 517 1893 581 δεκτικὰ,
1939 518 2111 584 οὕτως
2140 522 2267 585 ¹ἐστὶ
2303 522 2398 575 καὶ

826 593 920 687 ἐπὶ
951 595 1045 648 τοῦ
1080 599 1410 669 πνεύματος,
1439 607 1538 677 τῆς
1570 610 1726 683 ῥίζης
1752 614 1960 667 ἀνωθεν
1980 614 2145 687 οΰσης
2174 617 2356 686 πάσης
2375 634 2391 649 ⁸

822 682 934 740 οἷον
974 692 1006 759 ή
1043 694 1258 763 καρδία,
1300 700 1394 753 τοῦ
1439 706 1744 775 πνεύματος
1766 727 1780 739 ·
1814 710 1872 763 τὸ
1911 707 2084 781 ἧπαρ,
2111 711 2204 765 τοῦ
2232 714 2395 782 αἵμα-

821 799 914 845 τος
936 800 949 814 “
977 786 1006 836 '5
1031 790 1201 873 σπλὴν
1221 833 1235 855 ,
1264 796 1363 861 τῆς
1390 800 1475 865 χο)
1488 801 1550 869 ῆς
1580 804 1672 856 καὶ
1710 804 1845 859 ἄλλα
1887 808 2047 861 ἄλλου
2074 825 2086 838 ·
2121 810 2300 862 πάντα
2333 810 2390 863 δὲ

820 877 996 932 ταῦτα
1024 884 1130 935 ἀπὸ
1161 885 1255 939 τοῦ
1288 891 1585 960 ἐγκεφάλου
1616 898 1713 967 τὴν
1742 899 1919 953 αίτίαν
1948 902 2059 970 ἔχει
2086 917 2098 929 ⁸
2132 902 2272 955 οὓτω
2299 904 2392 955 καὶ

819 973 849 1022 ὁ
875 974 1005 1053 Θεὸς
1036 980 1277 1052 ἐποίησε,
1310 987 1402 1039 τὸν
1436 989 1717 1060 ἄνθρωπον
1753 996 1951 1064 σφόδρα
1982 998 2177 1065 τιμῶν,
2206 1000 2300 1051 καὶ
2328 999 2390 1051 οὐ

823 1065 1142 1139 βουλόμενος
1187 1080 1352 1133 αὑτοῦ
1407 1085 1659 1154 ἀπέχειν,
1716 1092 1815 1159 τὴν
1858 1090 1955 1155 μὲν
2004 1092 2180 1143 αἰτίαν
2232 1091 2393 1154 αὐτὸς

820 1162 1289 1239 ἀναρτησάμενος,
1309 1181 1605 1248 συνεργοὺς
1621 1182 1676 1234 δὲ
1696 1184 1872 1254 ἑαυτῷ
1886 1189 2233 1256 καταστήσας
2258 1204 2271 1217 ·
2302 1188 2394 1240 καὶ

818 1258 909 1311 τὸν
934 1263 1033 1332 μὲν
1060 1268 1253 1337 έθηκεν
1276 1275 1357 1335 εἰς
1379 1276 1555 1339 τοῦτο,
1584 1280 1674 1332 τὸν
1697 1279 1753 1332 δὲ
1782 1282 1860 1343 είς
1888 1284 2083 1338 ἐκεῖνο.
2113 1278 2237 1336 Οἷον
2261 1282 2395 1336 ἀπό-

820 1358 1008 1422 στολος
1033 1364 1251 1431 ἀγγεῖον
1273 1369 1366 1422 τοῦ
1394 1375 1645 1442 σώματός
1678 1377 1794 1429 ἐστι
1820 1379 1881 1430 τὸ
1910 1380 2283 1449 καιριώτερον,
2308 1379 2393 1431 δε-

818 1452 1046 1523 χύμενος
1082 1457 1195 1532 [86]
1231 1465 1362 1535 παρ’
1384 1466 1549 1520 αὐτοῦ
1579 1470 1647 1521 τά
1671 1473 1865 1524 πάντα.
1889 1473 2047 1525 Ὥστε
2080 1472 2267 1544 ὥσπερ
2304 1474 2391 1527 διά

819 1549 1033 1616 φλεϐῶν
1082 1558 1175 1610 καὶ
1214 1561 1511 1632 ἀρτηριῶν,
1552 1565 1647 1619 τοῦ
1693 1567 1848 1635 λόγου
1879 1569 2038 1637 λέγω,
2076 1572 2155 1633 είς
2189 1573 2393 1634 πάντας

817 1643 1124 1719 διατρέχειν
1162 1658 1424 1727 ποιεῖτὴν
1466 1658 1610 1731 ζωὴν
1630 1662 1729 1731 τὴν
1762 1662 1996 1718 αίώνιον.
2029 1666 2087 1718 Ὀ
2109 1667 2411 1737 προφήτης,

816 1741 1070 1810 προλέγει
1093 1748 1159 1800 τά
1191 1751 1472 1819 μέλλοντα,
1503 1756 1596 1808 καὶ
1622 1756 1783 1819 αὐτὸς
1804 1758 1871 1811 τά
1890 1759 2028 1811 αὐτὰ
2054 1760 2393 1813 κατασκευά-

815 1832 926 1897 ζει·
962 1841 1056 1893 καὶ
1082 1846 1285 1909 ἐκεῖνος
1310 1849 1407 1917 μὲν
1430 1853 1706 1923 συντίθησι
1732 1856 1800 1908 τά
1819 1855 1952 1907 ὀστᾶ
1975 1871 1987 1884 ⁸
2024 1854 2187 1917 αὐτὸς
2214 1856 2272 1908 δὲ
2295 1855 2392 1907 αὒ-

814 1933 927 1989 τοῖς
954 1931 1098 2007 ζωὴν
1134 1927 1376 2011 χορηγεῖ,
1419 1947 1576 2012 Πρὸς
1616 1934 2023 2018 καταρτισμὸν-η
2040 1950 2157 2003 τῶν
2184 1952 2387 2019 ἁγίων,

814 2027 903 2090 εἰς
932 2028 1110 2099 ἔργον
1134 2034 1457 2104 διακονίας.
1493 2041 1556 2092 Ἡ
1583 2042 1774 2113 ἀγάπη
1813 2045 2171 2114 ἀνοικοδομεῖ,
2204 2046 2298 2098 καὶ
2328 2047 2390 2099 τὸ

816 2125 1212 2188 συγκολλᾶσθαι
1232 2134 1481 2204 ἀλλήλοις
1498 2140 1590 2191 καὶ
1610 2141 2029 2210 συμπήγνυσθαι
2042 2143 2134 2194 καὶ
2157 2140 2389 2212 ἁρμόζε-

814 2219 958 2286 σθαι,
998 2225 1155 2279 τοῦτο
1194 2236 1355 2286 ποιεῖ.
1396 2236 1458 2286 Et
1486 2238 1664 2291 τοίνυν
1700 2238 1999 2308 βουλόμεθα
2025 2240 2118 2293 τοῦ
2148 2240 2389 2311 πνεύμα-

811 2328 903 2376 τος
930 2318 1221 2375 ἀπολαύειν
1266 2325 1359 2378 τοῦ
1404 2330 1512 2382 ἀπὸ
1542 2331 1640 2399 τῆς
1669 2334 1931 2403 κεφαλῆς.
1977 2335 2219 2406 ἀλλήλων
2250 2336 2387 2405 ὲχώ-

815 2410 975 2474 μεθα.
1010 2414 1115 2468 Δύο
1151 2420 1258 2488 γάρ
1286 2424 1394 2475 εἰσι
1423 2425 1717 2495 διαιρέσεις
1743 2428 1851 2480 ἀπο
1880 2430 1974 2483 τοῦ
2010 2432 2260 2499 σώματος
2289 2431 2385 2485 τοῦ

811 2504 1265 2578 ἐκκλησιαστικοῦ
1286 2531 1301 2546 ο
1327 2518 1425 2587 μία
1450 2520 1569 2589 μὲν,
1602 2522 1729 2574 ὅταν
1746 2521 2006 2593 ψύξωμεν
2024 2524 2120 2595 τὴν
2145 2526 2381 2597 ἀγάπην.

809 2597 1035 2670 δευτέρα
1062 2604 1138 2670 δὲ,
1163 2608 1291 2661 ὅταν
1319 2612 1515 2676 ἀνάξια
1537 2613 1631 2666 τοῦ
1655 2615 1827 2668 τελεῖν
1849 2619 1929 2680 είς
1955 2620 2127 2673 ἐκεῖνο
2145 2619 2205 2672 τὸ
2226 2620 2385 2689 σῶμα

810 2695 1170 2769 τολμήσωμεν
1194 2720 1207 2733 ·
1246 2707 1519 2777 ἑκατέρως
1547 2710 1654 2778 γὰρ
1692 2709 1996 2782 χωρίζομεν
2030 2714 2251 2777 ἐαυτοῦς
2288 2715 2382 2767 τοῦ

810 2788 1192 2862 πληρώματος.
1224 2800 1285 2851 Ei
1334 2801 1390 2852 δὲ
1424 2803 1515 2854 καὶ
1555 2803 1747 2867 ἄλλους
1774 2808 1852 2865 εἰς
1884 2806 2271 2877 τὸοίκοδομεῖν
2294 2826 2381 2861 τε-

806 2881 1074 2952 τάγμεθα,
1122 2889 1171 2941 οί
1215 2890 1289 2960 μὴ
1329 2893 1772 2964 οἰκοδομοῦντες,
1813 2898 1949 2949 ἀλλά
1988 2901 2081 2951 καὶ
2122 2901 2381 2971 πρότερον

811 2976 1102 3045 σχίζοντες,
1130 2984 1183 3035 τί
1216 2985 1315 3039 οὐκ
1351 2986 1418 3065 ἂν
1449 2989 1706 3055 πάθοιεν;
1739 2992 1904 3044 Οὐδὲν
1942 2993 2114 3057 οὕτως
2155 2996 2380 3065 Ἐκκληο

808 3071 928 3123 σίαν
962 3073 1251 3146 δυνήσεται
1296 3060 1546 3152 διαιρεῖν,
1595 3084 1670 3147 ὡς
1707 3086 1965 3155 φιλαρχία
1990 3103 2004 3117 ·
2043 3088 2194 3140 οὐδὲν
2237 3060 2380 3143 οὕτω

806 3167 1097 3233 παροξύνει
1134 3174 1224 3225 τὸν
1251 3173 1404 3240 Θεὸν,
1444 3176 1521 3240 ὼς
1554 3178 1614 3231 τὸ
1654 3178 1977 3249 Ἐκκλησίαν
2022 3182 2376 3252 διαιρεθῆναι.

804 3260 924 3314 Κᾶν
954 3266 1122 3336 μυρία
1142 3262 1290 3337 ὦμεν
1312 3272 1675 3343 ἐργασάμενοι
1699 3275 1858 3340 καλὰ,
1888 3278 1995 3328 τῶν
2016 3278 2076 3329 τὺ
2102 3278 2258 3348 σῶμα
2284 3281 2379 3332 αὐ-

800 3357 894 3410 τοῦ
922 3360 1281 3433 διατεμόντων
1320 3368 1421 3420 οὐκ
1450 3369 1707 3424 ἐλάττονα
1744 3372 1986 3443 δώσομεν
2027 3374 2206 3443 δίκην,
2230 3377 2277 3428 οῖ
2314 3376 2377 3428 τὸ

802 3452 1079 3525 πλήρωμα
1112 3462 1542 3532 κατατέμνοντες
1570 3464 1630 3517 τὸ
1656 3466 2125 3537 ἐκκλησιαστικόν.
2170 3471 2377 3524 Ἐκεῖνο

804 3550 901 3614 μὲν
929 3553 1039 3622 γὰρ
1059 3555 1149 3609 ἐπὶ
1176 3557 1470 3629 κέρδειτῆς
1507 3563 1830 3632 οἰκουμένης
1847 3566 2083 3630 ἐγένετο,
2115 3569 2163 3619 εί
2185 3566 2277 3619 καὶ
2300 3568 2374 3637 μὴ

801 3648 909 3699 ἀπὸ
934 3648 1174 3713 διανοίας
1216 3652 1469 3725 τοιαύτης
1492 3672 1507 3686 ο
1534 3655 1689 3709 τοῦτο
1733 3657 1815 3730 δὲ⁸
1836 3658 1989 3711 οὐδὲν
2034 3661 2270 3730 οὐδαμοῦ
2313 3662 2375 3714 τὸ

800 3745 1068 3814 χρήσιμον
1124 3746 1259 3816 ἔχει,
1307 3750 1443 3802 ἀλλά
1500 3752 1666 3823 πολλὴ
1719 3755 1752 3823 ἠ
1802 3727 1994 3824 θλάϐη.
2057 3727 2241 3810 Ταῦτά
2272 3748 2373 3827 ’μοι

800 3844 920 3911 οὐχὶ
964 3842 1099 3912 πρὸς
1138 3846 1262 3909 τοὺς
1294 3847 1558 3917 ἄρχοντας
1604 3851 1817 3920 εἴρηται
1875 3854 2054 3921 μόνον,
2106 3854 2240 3907 ἀλλά
2280 3857 2373 3909 καὶ

802 3940 936 4009 πρὸς
964 3942 1092 4003 τοὺς
1122 3942 1475 4012 ἀρχομένους.
1510 3946 1671 4017 Ἀνὴρ
1690 3948 1745 3999 δέ
1766 3966 1849 4011 τις
1877 3950 2032 4017 ἅγιος
2058 3946 2179 4005 εἶπέ
2207 3971 2259 4007 τι
2285 3955 2372 4007 δο-

798 4036 927 4089 κοῦν
959 4032 1098 4089 εἶναι
1128 4037 1415 4107 τολμηρὸν,
1456 4040 1594 4111 πλὴν
1625 4042 1740 4094 ἀλλ’
1779 4044 1927 4113 ὅμως
1955 4046 2275 4114 ἐφθέγξατο.
2306 4050 2371 4101 Τί

797 4132 861 4202 δὴ
890 4133 1046 4186 τοῦτό
1075 4136 1250 4196 ἐστιν;
1304 4135 1439 4188 Ούδέ
1475 4138 1776 4208 μαρτυρίου
1804 4135 1946 4211 αἷμα
1976 4142 2179 4215 ταύτην
2208 4146 2370 4199 δύνα-

800 4228 925 4282 σθαι
949 4230 1248 4297 ἐξαλείφειν
1270 4230 1368 4301 τὴν
1397 4233 1669 4304 ἁμαρτίαν
1695 4234 1914 4307 ἔφησεν.
1951 4240 2087 4292 Εἰπὲ
2116 4242 2226 4310 γάρ
2257 4260 2368 4311 μοι,

796 4322 940 4385 τίνος
961 4322 1147 4377 ἕνεκεν
1169 4329 1461 4396 μαρτυρεῖς
1479 4346 1493 4389 ;
1517 4328 1576 4380 οὐ
1600 4328 1686 4383 διὰ
1707 4332 1806 4401 τὴν
1822 4329 1975 4396 δόξαν
1994 4335 2085 4387 τοῦ
2104 4337 2367 4406 Χριστοῦ;

810 4417 868 4468 Ὀ
904 4417 1083 4471 τοίνυν
1117 4419 1215 4489 τὴν
1253 4422 1430 4491 ψυχὴν
1468 4424 1765 4494 προέμενος
1797 4427 1935 4498 ὑπὲρ
1974 4429 2069 4483 τοῦ
2108 4431 2367 4501 Χριστοῦ,

799 4509 919 4573 πῶς
950 4512 1049 4583 τὴν
1104 4513 1429 4585 Ἐκκλησίαν
1470 4518 1692 4588 πορθεῖς
1715 4562 1730 4585 ,
1782 4521 1923 4593 ὑπὲρ
1948 4517 2015 4593 ἦς
2051 4523 2149 4591 τὴν
2190 4525 2367 4597 ψυχὴν

800 4610 1077 4679 προήκατο
1119 4614 1147 4663 ὀ
1180 4612 1440 4682 Χριστός-ς
1477 4614 1684 4675 Ἄκουε
1707 4615 1802 4670 τοῦ
1841 4619 2053 4674 Παύλου
2095 4620 2365 4691 λέγοντος,

796 4705 879 4757 ὅτι
930 4707 1051 4759 Οὐκ
1093 4709 1210 4777 ειμι
1268 4708 1441 4775 ἄξιος
1471 4709 1785 4766 καλεῖσθαι
1838 4714 2217 4783 ἀπόστολος,
2277 4720 2367 4773 ὅτι

797 4799 1012 4863 ἐδίωξα
1043 4801 1156 4869 τὴν
1197 4802 1568 4869 Ἐκκλησίαν
1600 4802 1715 4859 τοῦ
1743 4808 1889 4863 Θεοῦ
1910 4849 1924 4874 ,
1973 4812 2066 4865 καὶ
2102 4814 2367 4887 ἐπόρθουν

797 4897 989 4967 αὑτήν.
1031 4886 1317 4950 Ούκέστιν
1361 4898 1499 4970 αῦτη
1546 4901 1839 4975 ἐλάττωνὴ
1871 4905 2040 4979 βλάϐη
2074 4912 2171 4981 τῆς
2212 4886 2366 4979 παρά

799 4988 1029 5059 ἐχθρῶν,
1063 4991 1197 5044 ἀλλά
1244 4995 1377 5047 πολὺ
1415 4998 1636 5065 μείζων.
1700 4999 1911 5072 Ἐκείνη
1960 5005 2061 5073 μὲν
2108 5004 2218 5077 γάρ
2270 5009 2365 5061 καὶ

793 5087 1180 5156 λαμπροτέραν
1196 5088 1363 5160 αὐτὴν
1383 5091 1693 5161 ἐργάζεται,
1711 5094 1847 5168 αὕτη
1864 5098 1920 5151 δὲ
1932 5100 2099 5171 αὐτὴν
2112 5104 2206 5155 καὶ
2219 5104 2366 5174 παρὰ

797 5181 908 5242 τοῖς
933 5181 1145 5252 ἐχθροῖς
1179 5185 1549 5254 καταισχύνει,
1574 5189 1701 5241 ὅταν
1729 5191 1834 5244 ὑπὸ
1858 5192 1965 5245 τῶν
1990 5194 2133 5249 ἰδίων
2162 5196 2365 5252 τέκνων

799 5279 926 5332 πολε
933 5281 1121 5350 μῆται.
1156 5283 1315 5351 Μέγα
1334 5286 1441 5354 γάρ
1458 5286 1655 5358 δεῖγμα
1678 5290 1891 5361 ἀπάτης
1912 5289 2047 5348 εἶναι
2070 5296 2218 5349 δοκεῖ
2235 5300 2364 5370 παρ’

797 5378 978 5442 αὐτοῖς
1001 5380 1061 5432 τὸ
1078 5383 1202 5444 τοὺς
1220 5384 1574 5455 γεννηθέντας
1595 5388 1651 5439 ἐν
1669 5390 1803 5459 αὐτῇ
1822 5390 1914 5443 καὶ
1934 5394 2253 5469 τραφέντας,
2271 5398 2366 5450 καὶ

796 5494 865 5529 τα
895 5477 1179 5549 ἀπόρρητα
1212 5483 1381 5553 αὐτῆς
1414 5485 1796 5557 μεμαθηκότας
1839 5491 2101 5562 ἀκριϐῶς,
2143 5497 2363 5562 τούτους

800 5575 1296 5647 μεταϐαλλομένους
1350 5583 1607 5655 ἐξαίφνης
1659 5586 1727 5640 τὰ
1791 5589 1899 5643 τῶν
1937 5591 2145 5662 ἐχθρῶν
2195 5597 2362 5670 αὐτὴν

796 5673 1144 5730 διατίθεσθαι.

2572 445 2633 491 ε’.
2649 438 2834 496 Ταῦτά
2852 462 2941 514 μοι
2967 446 3205 517 εἰρήσθω
3221 449 3357 518 πρὸς
3378 452 3503 514 τοὺς
3519 451 3817 524 ἀδιαφόρως
3830 455 4017 520 διδόντας

2500 533 2725 599 ἑαυτοὺς
2772 541 2888 602 τοῖς
2920 543 3161 611 σχίζουσι
3202 543 3301 615 τὴν
3347 546 3692 617 Ἐκκλησίαν.
3731 551 3789 603 Εἰ
3826 552 3913 620 μὲν
3940 570 4018 619 γαρ

2498 628 2593 681 καὶ
2612 629 2853 702 δόγματα
2878 634 3091 705 ἔχουσιν
3120 638 3357 706 ἐναντία,
3394 643 3490 696 καὶ
3515 642 3602 697 διὰ
3628 645 3783 699 τοῦτο
3811 648 3867 698 ού
3892 664 4019 713 προσ-

2496 721 2633 791 ῆκεν
2656 728 2886 792 ἐκείνοις
2916 732 3321 801 ἀναμίγνυσθαι
3339 752 3354 767 ⁶
3379 738 3428 789 εί
3456 738 3513 792 δὲ
3538 740 3605 793 τὰ
3630 742 3769 794 αύτά
3795 744 4018 812 φρονοῦσι,

2496 821 2675 892 πολλῷ
2726 826 2944 894 μᾶλλον.
2992 829 3057 881 Τί
3086 830 3315 901 δήποτε;
3345 834 3467 887 Ὅτι
3510 838 3799 908 φιλαρχίας
3840 840 3965 892 ἐστὶν
3998 842 4020 907 ἡ

2495 916 2668 978 νόσος.
2697 921 2812 973 Οὐκ
2843 924 2955 975 ῖστε
2996 925 3047 977 τί
3077 927 3406 982 πεπόνθασιν
3433 931 3483 982 οῖ
3514 933 3642 1002 περὶ
3672 934 3813 1003 Κορέ
3841 936 3923 987 καὶ
3948 939 4021 985 Δα-

2499 1012 2595 1065 θάν
2625 1016 2716 1067 καὶ⁹
2750 1018 3009 1090 Ἀϐειρὼν
3028 1039 3042 1087 ;
3058 1020 3169 1093 ἆρα
3187 1025 3339 1077 αὐτοὶ
3369 1026 3539 1095 μόνοι,
3556 1028 3677 1099 οὐχὶ
3695 1030 3749 1082 δὲ
3766 1031 3852 1083 καὶ
3872 1032 3915 1083 οἱ
3936 1029 4021 1102 [87]

2498 1106 2615 1175 μετ’
2645 1109 2823 1162 αὐτῶν
2843 1130 2856 1177 ;
2877 1113 2941 1165 Τί
2961 1114 3138 1183 λέγεις
3158 1135 3172 1177 ;
3195 1120 3227 1188 ὴ
3249 1120 3385 1191 αὐτὴ
3404 1120 3586 1185 πίστις
3608 1124 3776 1188 ἐστὶν,
3799 1125 4023 1196 ὀρθόδοξοί

2494 1203 2599 1254 είσι
2637 1208 2895 1261 κάκεῖνοι.
2923 1208 3078 1275 Τίνος
3115 1210 3207 1269 οὖν
3243 1216 3433 1272 ἕνεκεν
3463 1220 3562 1272 οῦκ
3596 1223 3702 1274 εἰσὶ
3740 1222 3855 1296 μεθ’
3874 1225 4022 1293 ήμῶνς

2497 1294 2600 1364 Εἷς
2615 1305 2846 1372 Κύριος,
2862 1310 2971 1376 μία
2994 1313 3219 1379 πίστις,
3243 1312 3315 1368 ἓν
3325 1316 3663 1388 βάπτισμα.
3679 1294 3827 1374 Είτά
3842 1322 4025 1374 ἐκείνων

2495 1395 2677 1461 καλῶς
2694 1401 2922 1467 γίνεται,
2952 1406 3017 1459 τά
3049 1408 3293 1479 ἡμέτερα
3313 1413 3498 1476 κακῶς
3524 1430 3538 1443 ·
3568 1417 3617 1467 εἰ
3643 1415 3698 1467 δὲ
3728 1416 3794 1469 τὰ
3822 1418 4023 1486 ἡμέτερα

2494 1491 2707 1559 καλῶς,
2747 1498 2813 1551 τὰ
2837 1501 3059 1554 ἐκείνων
3086 1506 3289 1569 κακῶς.
3312 1508 3548 1575 Νήπιοι,
3583 1513 3738 1580 φησὶ,
3772 1511 4027 1566 κλυδωνι-

2502 1587 2735 1657 ζόμενοι
2775 1595 2874 1647 καὶ
2910 1604 3355 1671 περιφερόμενοι
3386 1608 3565 1659 παντί
3598 1607 3815 1677 ἀνέμῳ.
3849 1609 4025 1677 Ἀρκεῐν

2490 1685 2648 1740 τοῦτο
2676 1690 2916 1759 ἡγεῖσθε,
2942 1696 3062 1749 είπέ
3094 1716 3207 1768 μοι,
3227 1701 3286 1753 τὸ
3307 1702 3507 1769 λέγειν,
3536 1705 3617 1757 ὅτι
3645 1705 3905 1775 όρθόδοξοί
3924 1709 4024 1759 εἰσι.

2488 1782 2558 1835 τὰ
2585 1783 2685 1851 τῆς
2708 1792 3040 1858 χειροτονίας
3070 1792 3126 1846 δέ
3154 1795 3360 1865 οἴχεται
3383 1800 3477 1852 καὶ
3496 1800 3774 1866 ἀπόλωλε;
3803 1801 3905 1853 Καὶ
3922 1800 3966 1851 τί
3983 1798 4027 1850 τὸ

2489 1876 2677 1945 ὄφελος
2693 1882 2801 1935 τῶν
2824 1885 3019 1951 ἄλλων,
3045 1889 3248 1961 ταύτης
3278 1894 3380 1945 οὐκ
3402 1895 3787 1966 ἠκριϐωμένης
3810 1913 3825 1960 ;
3852 1896 4027 1963 Ὠσπερ

2489 1969 2597 2041 γὰρ
2632 1974 2775 2046 ὑπὲρ
2797 1977 2901 2047 τῆς
2945 1980 3199 2046 πίστεως,
3242 1985 3384 2038 οὕτω
3423 1990 3517 2041 καὶ
3546 1978 3685 2060 ὑπὲρ
3722 1990 3920 2059 ταύτης
3946 1988 4029 2054 μά-

2488 2067 2679 2134 χεσθαι
2707 2072 2833 2143 χρή.
2879 2074 3049 2140 Ἐπεὶ,
3076 2080 3125 2131 εί
3158 2082 3318 2133 παντὶ
3355 2082 3532 2148 ἔξεστι
3557 2084 3797 2155 πληροῦν
3824 2085 3916 2147 τὰς
3937 2085 4029 2153 χεῖ-

2492 2175 2590 2230 ρας
2616 2163 2802 2229 αὐτοῦ,
2830 2171 2970 2223 κατά
2996 2174 3122 2236 τοὺς
3154 2176 3437 2242 παλαιοὺς,
3468 2183 3563 2235 καὶ
3593 2181 3755 2249 ἱερεῖς
3790 2178 4029 2248 γίνεσθαι.

2492 2253 2805 2322 παρίτωσαν
2831 2263 3052 2326 πάντες.
3084 2267 3205 2336 εἰκῆ
3230 2269 3288 2319 τὸ
3310 2268 3692 2341 θυσιαστήριον
3716 2270 4033 2341 ᾠκοδόμηται
4078 2253 4079 2311 ἀ

2487 2346 2663 2413 τοῦτο,
2708 2354 2832 2422 είκῆ
2859 2355 2920 2407 τὺ
2960 2358 3231 2429 πλήρωμα
3261 2362 3361 2431 τῆς
3400 2363 3749 2435 Ἐκκλησίας,
3790 2367 3911 2435 εικῆ
3946 2363 4033 2414 τῶν
4078 2368 4079 2431 ί

2489 2442 2679 2515 ίερέων
2720 2450 3045 2523 δάριθμός·
3101 2457 3380 2528 ἀνέλωμεν
3427 2460 3568 2513 αὐτὰ
3613 2460 3709 2514 καὶ
3738 2460 4037 2530 διαφθείρω-

2488 2554 2607 2609 μεν.
2664 2543 2756 2614 Μὴ
2797 2548 3037 2615 γένοιτο,
3085 2554 3268 2622 φησίν.
3310 2554 3496 2626 Ὑμεῖς
3532 2557 3675 2609 αὐτά
3708 2560 3927 2619 ποιεῖτε,
3961 2558 4036 2607 καί

2486 2652 2644 2704 φατε,
2670 2639 2761 2711 Μὴ
2791 2642 3035 2711 γένοιτο;
3060 2648 3178 2711 πῶς
3216 2649 3415 2717 λέγεις,
3449 2651 3541 2719 Μὴ
3566 2653 3800 2720 γένοιτο,
3832 2652 4039 2720 γενομέ⁹
4078 2639 4079 2689 ἶ

2485 2748 2589 2783 νων
2617 2734 2829 2803 αὐτῶν;
2866 2739 3007 2807 Ἐγὼ
3035 2741 3175 2810 λέγω
3196 2744 3291 2797 καὶ
3327 2746 3694 2817 μαρτύρομαι,
3724 2749 3785 2801 ού
3806 2749 3869 2801 τὸ
3890 2750 4036 2817 ἐμαυ-
4078 2738 4079 2769 Ὺ

2482 2821 2575 2874 τοῦ
2605 2825 2845 2889 σκοπῶν,
2879 2829 3014 2882 ἀλλά
3044 2832 3141 2903 τὴν
3163 2833 3434 2905 ὑμετέραν
3466 2837 3743 2909 σωτηρίαν
3764 2854 3777 2869 ’
3811 2840 3863 2891 εἰ
3892 2839 3946 2891 δέ
3969 2855 4038 2900 τις
4078 2854 4079 2859 ‘

2481 2913 2819 2987 ἀδιαφοροίη,
2864 2921 3026 2986 αὐτὸς
3062 2924 3128 2977 ἂν
3162 2925 3327 2989 είδείη
3360 2943 3375 3001 ἡ
3419 2930 3468 2981 εί
3499 2928 3557 2982 δέ
3602 2946 3710 2982 τινι
3744 2930 3948 2984 τούτων
3989 2932 4039 2981 οὗ
4078 2920 4079 2923 “

2484 3009 2656 3078 μέλει,
2703 3014 2820 3067 ἀλλ’
2864 3018 2995 3086 ἡμῖν
3046 3020 3197 3089 μέλει
3223 3037 3239 3053 ⁸
3284 3023 3431 3092 Ἐγὼ
3474 3024 3812 3094 ἐφύτευσα,
3869 3026 4041 3096 φησὶν,

2492 3106 2799 3175 Ἀπολλὼς
2842 3112 3144 3177 ἐπότισεν,
3187 3118 3325 3171 ἀλλ’
3368 3122 3401 3173 ό
3445 3121 3590 3187 Θεὸς
3628 3121 3880 3188 ηὔξανε.
3933 3123 4043 3181 Πῶς

2477 3201 2696 3273 οἴσομεν
2722 3204 2813 3258 τὸν
2838 3209 2989 3280 παρά
3008 3210 3117 3262 τῶν
3144 3212 3410 3284 Ἑλλήνων
3429 3215 3672 3283 γέλωτας
3699 3212 3760 3270 ΕΙ
3787 3217 3896 3289 γὰρ
3916 3216 4045 3283 ὑπὲρ

2478 3297 2584 3350 τῶν
2615 3300 2882 3369 αἱρέσεων
2922 3306 3247 3373 ἐγκαλοῦσιν
3284 3310 3437 3380 ἡμῖν,
3476 3311 3613 3381 ὑπὲρ
3643 3312 3853 3365 τούτων
3879 3313 3933 3365 τί
3955 3314 4043 3363 οὐκ
4078 3370 4079 3373 η

2477 3392 2723 3462 ἐροῦσιν;
2761 3398 2824 3450 Εἰ
2848 3398 2918 3452 τά
2942 3402 3081 3456 αὐτά
3105 3403 3369 3473 δόγματα,
3424 3409 3471 3460 εί
3497 3406 3565 3459 τὰ
3589 3408 3728 3475 αὑτά
3751 3414 4043 3479 μυστήρια,
4078 3420 4079 3451 1

2474 3489 2618 3553 τίνος
2637 3491 2821 3545 ἐνεκεν
2843 3494 3029 3565 ἕτερος
3062 3498 3245 3567 ἄρχων
3268 3501 3432 3572 ἑτέρᾳ
3466 3502 3762 3573 Ἐκκλησία
3781 3504 4042 3573 ἐπιπηδᾷς
4078 3526 4079 3529 ‘

2487 3583 2700 3655 Ὁρᾶτε,
2735 3591 2919 3657 φησὶν,
2943 3592 3023 3644 ὅτι
3056 3593 3233 3647 πάντα
3261 3596 3565 3662 κενοδοξίας
3597 3598 3960 3674 πεπλήρωται
3986 3601 4047 3651 τὰ
4078 3638 4079 3643 η

2474 3680 2846 3749 Χριστιανῶν,
2881 3689 2974 3741 καὶ
3006 3690 3267 3762 φιλαρχία
3295 3693 3427 3764 παρ’
3464 3695 3645 3759 αὐτοῖς
3682 3695 3777 3749 καὶ
3834 3697 4047 3765 ἀπάτη,

2473 3777 2758 3848 γύμνωσον
2777 3783 2973 3848 αὐτοὺς
3017 3786 3113 3838 τοῦ
3155 3786 3407 3857 πλήθους,
3440 3792 3592 3860 φησὶ,
3635 3792 3735 3862 τὴν
3775 3792 3935 3847 νόσον
3967 3794 4049 3844 έκ-

2474 3874 2666 3942 κοψον,
2724 3877 2817 3929 τοῦ
2868 3878 3025 3948 ὄχλου
3062 3880 3161 3953 τὴν
3197 3883 3521 3955 διαφθορὰν,
3564 3888 3660 3940 καὶ
3709 3888 3869 3942 οὐδέν
3925 3893 4049 3942 εἱσι.

2477 3967 2735 4023 Βούλεσθε
2761 3973 2900 4027 εἴπω
2922 3974 2958 4027 ἃ
2981 3978 3110 4046 περὶ
3133 3978 3230 4048 τῆς
3253 3980 3458 4043 πόλεως
3480 3982 3697 4050 λέγουσι
3724 3985 3824 4054 τῆς
3852 3985 4054 4056 ἡμετέ-
4078 4046 4079 4049 η

2473 4081 2609 4134 ρας;
2640 4066 2757 4129 πῶς
2786 4070 2936 4139 ἡμᾶς
2963 4073 3043 4135 είς
3069 4073 3319 4129 εὐκολίαν
3346 4076 3723 4131 διαϐάλλουσιν
3746 4096 3763 4144 ;
3807 4082 4051 4148 Ἔξεστι,

2472 4164 2624 4231 φησι,
2666 4165 2829 4217 παντὶ
2850 4166 2929 4237 τῷ
2967 4167 3287 4242 βουλομένῳ·
3303 4170 3485 4242 εὑρεῖν
3511 4171 3636 4233 τοὺς
3663 4173 4050 4244 πειθομένους.

2471 4259 2566 4310 καὶ
2592 4259 2690 4312 οὐκ
2719 4261 2784 4315 ἄν
2812 4280 2944 4316 ποτε
2973 4265 3269 4337 ἀπορήσειε
3301 4268 3525 4322 τούτων.
3559 4270 3624 4322 Ὢ
3651 4269 3745 4323 τοῦ
3780 4271 4052 4339 γέλωτοςῐ

2469 4353 2639 4408 ταῦτα
2692 4357 2864 4429 πόσης
2900 4361 3195 4433 αῖσχύνης;
3241 4364 3405 4417 Ἀλλά
3456 4368 3549 4418 καὶ
3611 4364 3797 4436 ἔτερος
3847 4369 4053 4435 γέλως,

2470 4448 2631 4521 ἑτέρα
2657 4452 2918 4524 αἰσχύνηο
2949 4456 3049 4509 Ἀν
3074 4474 3219 4520 τινες
3244 4458 3466 4523 ἁλόντες
3490 4462 3616 4531 παρ’
3647 4463 3777 4531 ἡμῖν
3806 4464 3907 4517 ἐπὶ
3944 4470 4079 4529 τοῖς

2462 4546 2799 4617 αἰσχίστοις,
2873 4550 3138 4621 μέλλωσιν
3189 4555 3471 4624 ἐπιτιμίου
3522 4558 3812 4626 τυγχάνειν
3878 4563 4054 4624 τινὸς,

2469 4643 2634 4707 πολὺς
2679 4646 2707 4697 ὁ
2744 4646 2966 4717 τρόμος,
3005 4647 3169 4713 πολὺς
3200 4651 3228 4703 ό
3259 4650 3422 4718 φόϐος
3450 4653 3712 4707 πάντοθεν
3736 4672 3750 4685 ·
3784 4654 3881 4728 Μὴ
3910 4659 4059 4712 ἀπο-

2468 4740 2725 4811 πηδήσῃ,
2803 4744 2971 4811 φησὶ,
3034 4743 3110 4816 μὴ
3155 4744 3276 4815 μετ’
3334 4747 3558 4801 ἐκείνων
3608 4752 3726 4820 στῇ.
3804 4753 4057 4825 Ἀποπη-

2466 4833 2605 4907 δήσῃ
2646 4836 2745 4905 μὲν
2796 4837 2905 4909 γὰρ
2948 4840 3205 4909 μυριάκις
3248 4842 3277 4894 ό
3316 4840 3576 4906 τοιοῦτος,
3624 4846 3715 4897 καὶ
3745 4845 3891 4902 ἔστω
3934 4854 4059 4920 μετ’

2467 4932 2712 4999 ἐκείνων,
2744 4934 2863 5007 οὐχὶ
2909 4936 3020 4991 τῶν
3057 4939 3455 5010 ἡμαρτηκότων
3487 4941 3629 5010 λέγω
3651 4958 3666 4971 ο
3718 4941 3834 4995 ἀλλ’
3881 4949 3944 4999 εῖ
3972 4966 4060 5011 τις

2465 5028 2847 5101 ἀναμάρτητος
2872 5031 2947 5085 ὢν
2972 5034 3249 5104 τυγχάνοι,
3284 5037 3377 5088 καὶ
3408 5035 3654 5106 βούλεται
3688 5039 4060 5110 μεταθέσθαι,

2469 5125 2803 5193 μεταθέσθω.
2847 5127 3017 5197 Ἀλγῶ
3051 5131 3150 5200 μὲν
3183 5130 3291 5202 γὰρ
3318 5132 3410 5185 καὶ
3436 5133 3705 5204 κόπτομαι
3732 5137 3827 5189 καὶ
3847 5138 4061 5211 ὀδύρο-

2468 5237 2565 5287 μαι
2607 5224 2700 5275 καὶ
2741 5223 3189 5297 διαπρίομαιιτά
3236 5226 3550 5299 σπλάγχνα,
3589 5230 3665 5294 ὡς
3702 5234 3911 5288 οἰκείου
3958 5242 4064 5309 μέ-

2468 5315 2594 5380 λους
2638 5319 3111 5392 ἀποστερούμενος
3124 5340 3138 5352 ⁸
3181 5323 3321 5394 πλὴν
3342 5325 3456 5377 ἀλλ’
3476 5326 3574 5396 οὐχ
3595 5326 3767 5391 οὕτως
3791 5330 3960 5400 ἀλγῶ
3981 5335 4065 5399 ὡς

2466 5411 2869 5482 ἀναγκάζεσθαί
2896 5418 3063 5484 τι,διά
3090 5420 3181 5472 τὸν
3213 5420 3376 5488 φόϐον
3400 5420 3609 5486 τοῦτον,
3636 5421 3744 5475 τῶν
3766 5421 3846 5493 μὴ
3865 5441 4061 5499 προσ-

2464 5510 2706 5581 ηκόντων
2738 5517 2930 5571 ποιεῖν.

2526 5712 2551 5738 ι
2580 5700 2716 5751 Unus
2748 5702 2903 5753 codex
2926 5710 2979 5751 et
2998 5716 3151 5765 marg.
3175 5700 3348 5763 Savil.,
3375 5705 3455 5753 καὶ
3478 5703 3816 5770 διαπυροῦμαι.
