4108 6312
151 431 208 486 85
1040 427 1105 483 IN
1146 424 1357 482 EPIST.
1404 424 1493 479 AD
1535 420 1780 478 EPHES.
1822 421 1975 479 CAP.
2018 425 2104 480 IV.
2150 428 2375 486 IIOMIL
2420 431 2511 487 XI.
2652 451 2656 455 ‘
3339 435 3408 492 86

150 551 292 605 misso
317 549 485 605 alium
518 558 682 613 tenet,
712 545 984 618 quomodo
1023 557 1190 601 totum
1225 558 1420 614 corpus
1466 541 1632 607 lzmlit,
1657 550 1712 595 et

148 658 271 711 sepe
299 652 526 696 mortem
554 640 728 705 affert,
755 649 809 695 et
833 654 977 710 stupe
1005 642 1167 695 etiam
1198 640 1265 694 de
1294 647 1490 694 czrtero
1518 639 1703 692 inven-

150 745 243 786 tum
266 742 347 785 est
379 732 652 799 indignum
673 730 813 800 quod
845 729 1175 784 retineatur?
1203 728 1354 783 multi
1396 729 1537 783 enim
1565 742 1708 795 smpe

151 837 208 875 eo
241 821 441 885 exciso,
493 820 668 874 locum
723 820 964 874 fecerunt
1014 834 1261 873 vacuum.
1305 819 1530 888 Semper
1564 818 1707 873 enim

150 913 326 964 malum
355 922 438 965 est
471 912 543 973 id,
577 912 716 979 quod
758 912 1041 966 redundat.
1074 913 1137 966 Et
1180 913 1230 965 in
1260 912 1544 965 elementis
1572 919 1706 978 quo-

147 1017 235 1069 que
270 1004 482 1070 quando
521 1016 616 1056 sua
648 990 831 1056 relicta
870 1004 1181 1073 symmetria
1211 1003 1506 1071 plusquam
1553 1002 1708 1056 decet

146 1093 536 1158 abundaverint,
584 1092 913 1147 universitati
962 1094 1249 1161 perniciem
1300 1095 1548 1149 afferunt.
1599 1096 1709 1150 Hoc

146 1192 217 1234 est
242 1176 360 1235 esse
387 1193 719 1251 compactum
750 1192 801 1237 et
833 1198 1155 1238 connexum.
1178 1186 1352 1249 Quare
1373 1187 1711 1256 unumquod-

146 1287 237 1339 que
273 1273 325 1326 in
354 1288 453 1325 suo
498 1273 617 1327 loco
647 1288 884 1335 manete,
933 1288 1031 1328 nec
1076 1274 1128 1327 in
1174 1277 1400 1329 alterum
1446 1276 1708 1331 excedere

146 1378 237 1415 non
271 1364 698 1429 convenientem,
743 1373 999 1432 quantum
1028 1365 1099 1419 sit
1120 1367 1323 1435 cogita.
1358 1367 1437 1422 Tu
1470 1367 1706 1423 membra

144 1454 438 1520 campanis;
468 1454 557 1507 ille
593 1452 828 1523 desuper
856 1454 1227 1510 subministrat
1270 1473 1334 1512 ac
1378 1459 1702 1528 suppeditat.

145 1542 201 1598 Ut
225 1544 362 1598 enim
393 1546 696 1613 incorpore
723 1554 846 1598 sunt
885 1545 1146 1613 ejusmodi
1189 1547 1541 1603 instrumenta
1583 1560 1705 1619 apta

142 1632 198 1683 ad
223 1633 613 1698 suscipiendum
637 1674 653 1697 ,
680 1633 747 1685 ita
776 1634 937 1687 etiam
968 1635 1020 1687 in
1048 1636 1237 1701 spiritu
1256 1676 1273 1701 ,
1307 1653 1427 1691 cum
1456 1641 1527 1715 sit
1545 1638 1708 1694 desu-

144 1737 228 1789 per
252 1724 495 1774 universa
530 1723 678 1774 radix
712 1740 725 1774 :
760 1730 816 1775 ut
844 1738 939 1777 cor
968 1734 1049 1777 est
1076 1725 1228 1778 radis
1272 1727 1514 1796 spiritus,
1553 1729 1707 1793 jecur

141 1812 416 1880 sanguinis,
452 1812 558 1865 lien
611 1813 732 1865 bilis
758 1853 773 1875 ,
812 1821 868 1867 et
905 1814 1009 1867 alia
1053 1815 1279 1869 alterius
1312 1831 1327 1868 :
1360 1816 1475 1871 lucc
1525 1828 1704 1873 autem

141 1903 304 1954 omnia
345 1902 544 1956 habent
588 1917 804 1957 causam
842 1919 870 1954 a
920 1906 1181 1959 cerebro:
1207 1906 1286 1960 sic
1328 1908 1466 1961 Deus
1492 1924 1705 1979 quoque

142 1991 274 2056 fecit,
321 1993 590 2048 hominem
635 1995 788 2049 valde
843 1995 1134 2063 honoratis,
1180 2007 1234 2053 et
1294 2001 1483 2055 nolens
1524 2003 1593 2057 ab
1639 2018 1704 2058 eo

140 2083 330 2145 abesse,
364 2094 421 2137 ut
447 2086 535 2153 qui
563 2086 675 2153 ipse
704 2085 917 2154 quidem
947 2103 1165 2142 causam
1201 2104 1230 2142 a
1258 2104 1317 2143 se
1347 2092 1579 2159 pendere
1605 2110 1702 2147 vo-

141 2173 313 2237 luerit,
355 2175 456 2228 sibi
502 2184 680 2229 autem
724 2177 999 2244 adjutores
1037 2179 1411 2246 constituerit;
1460 2191 1516 2237 et
1557 2180 1703 2237 illuni

138 2264 337 2331 quidem
367 2265 430 2318 ad
463 2264 583 2329 hoc,
617 2265 760 2321 hunc
785 2281 913 2321 vero
942 2269 1005 2321 ad
1051 2268 1179 2323 illud
1222 2272 1477 2339 posuerit.
1506 2273 1702 2327 Exem-

140 2352 202 2419 pli
230 2368 381 2407 causa
413 2357 684 2423 apostolus
714 2368 795 2412 est
836 2373 929 2413 vas
956 2360 1195 2415 omnium
1241 2366 1483 2431 corporis
1512 2366 1705 2433 ρι’ωεί-

140 2458 308 2511 puum,
333 2447 401 2499 ab
431 2448 549 2515 ipso
600 2450 777 2503 omnia
817 2450 1107 2520 accipiens.
1158 2455 1515 2520 Quamobrem
1566 2468 1702 2511 tam-

140 2549 285 2601 quam
314 2551 407 2605 per
434 2553 600 2605 venas
625 2550 677 2594 et
704 2543 948 2608 arterias,
981 2545 1130 2599 verbi
1174 2546 1412 2615 inquam,
1461 2548 1591 2625 facit
1636 2549 1703 2604 ad

138 2640 313 2681 omnes
359 2642 579 2683 currere
621 2631 782 2684 vitam
830 2643 1104 2688 mtcruam.
1148 2636 1419 2708 Propheta
1466 2639 1705 2709 prazdicit

140 2715 324 2780 futura,
352 2726 408 2771 et
447 2719 563 2787 ipse
614 2721 800 2775 eadem
840 2724 1091 2780 adstruit.
1123 2727 1187 2781 Et
1215 2728 1303 2782 ille
1344 2729 1559 2798 quidem
1582 2746 1703 2784 ossa

137 2810 430 2876 componit;
461 2810 574 2880 ipse
602 2813 680 2866 eis
703 2813 862 2868 vitam
891 2818 1218 2886 suppeditat.
1247 2820 1328 2874 Ad
1348 2823 1703 2892 perfectionem

136 2910 430 2966 sanctorum,
449 2903 519 2956 ad
542 2920 670 2974 opus
693 2907 980 2962 ministerii.
1010 2910 1218 2965 Caritas
1253 2914 1481 2969 aedificat
1504 2924 1559 2970 et
1588 2916 1703 2971 ciii-

136 2992 201 3044 cit
227 3002 284 3045 ut
313 2993 450 3048 inter
478 3009 538 3049 se
565 2997 1023 3064 conglutineutur,
1053 3004 1465 3072 compingantur
1488 3015 1544 3060 et
1571 3022 1702 3061 con-

133 3083 428 3153 jungantnr.
459 3085 515 3140 Si
540 3087 787 3142 volumus
812 3104 945 3159 ergo
974 3091 1075 3145 frui
1102 3093 1293 3160 spiritu
1337 3097 1425 3163 qui
1466 3098 1706 3163 procedit

137 3188 163 3225 a
202 3175 390 3243 capite,
418 3177 553 3229 alter
596 3177 751 3232 alteri
802 3162 1195 3236 adhaereamus.
1239 3162 1374 3238 Nam
1419 3162 1539 3239 duae
1579 3196 1706 3240 sunt

137 3267 413 3323 divisiones
467 3286 497 3323 a
554 3286 779 3340 corpore
841 3274 1243 3341 ecclesiastico;
1297 3293 1399 3331 una
1444 3278 1700 3347 quidem,

138 3358 338 3423 quando
368 3358 734 3417 refrixerimus
766 3360 816 3414 in
842 3364 1105 3429 caritate;
1133 3366 1365 3420 secunda
1393 3378 1571 3422 autem
1598 3383 1703 3437 qua

135 3447 244 3501 ausi
273 3447 525 3502 fuerimus
564 3464 627 3503 ea
668 3450 843 3506 facere
861 3493 875 3517 ,
903 3468 1024 3521 qua:
1052 3465 1177 3508 sunt
1205 3456 1419 3526 indigna
1454 3466 1511 3511 ut
1534 3460 1703 3514 simus

134 3538 181 3591 in
203 3539 292 3594 illo
310 3556 535 3609 corpore
563 3557 579 3605 ;
607 3554 834 3613 utroque
868 3546 1011 3599 enim
1043 3546 1202 3601 tnodo
1246 3563 1345 3603 nos
1389 3565 1703 3620 separamus

133 3643 160 3679 a
182 3629 333 3696 pleno
358 3632 449 3686 illo
477 3645 767 3688 conventu.
797 3635 951 3701 Quod
982 3638 1026 3692 si
1046 3638 1293 3695 collocati
1323 3655 1387 3696 ac
1423 3645 1699 3700 constituti

132 3731 307 3775 sumus
330 3732 386 3775 ut
405 3723 538 3776 alios
569 3723 635 3778 ad
666 3725 766 3779 hoc
794 3726 1142 3795 :edificemus,
1161 3730 1249 3800 qui
1280 3732 1425 3800 prius
1451 3734 1702 3791 scindunt

132 3808 248 3873 quid
276 3825 376 3864 non
406 3813 717 3880 patientur?
743 3816 883 3871 Nihil
907 3817 1201 3874 Ecclesiani
1232 3837 1382 3893 aeque
1413 3835 1588 3892 potest
1620 3826 1701 3881 di-

132 3898 321 3965 videre,
355 3912 410 3954 ut
433 3905 655 3958 ambitio
683 3915 735 3960 et
776 3922 931 3961 amor
956 3909 1163 3977 imperii
1202 3921 1255 3966 et
1281 3898 1505 3982 gerendi
1536 3919 1701 3987 magi-

133 3996 318 4042 stratus
346 3982 516 4046 :‘nihil
547 3995 712 4049 Deum
742 4012 893 4066 teque
920 3999 1094 4053 irritat
1119 4010 1279 4069 atque
1315 4004 1540 4059 divisam
1580 4023 1701 4061 esse

134 4077 431 4136 Ecclesium.
487 4085 706 4141 Etiamsi
761 4086 896 4143 bona
943 4088 1229 4145 fecerimus
1268 4095 1693 4163 innumerabilia,

136 4184 229 4221 non
284 4173 535 4238 minores,
584 4191 743 4245 quam
797 4179 885 4247 qui
941 4180 1059 4249 ejus
1107 4197 1304 4253 corpus
1349 4186 1695 4254 discindunt,

136 4274 308 4323 [muas
336 4263 599 4330 dabimus,
630 4268 727 4336 qui
754 4269 967 4337 plenum
1014 4274 1432 4330 ecclesiasticum
1459 4292 1697 4334 conven-

134 4361 235 4405 tuin
261 4357 676 4412 cunsciudinms.
706 4360 839 4416 Nam
872 4362 1002 4417 illud
1032 4365 1250 4433 quidem
1284 4368 1480 4423 factum
1522 4381 1605 4425 est
1630 4373 1695 4425 ad

135 4439 327 4498 lucrum
348 4446 492 4502 orbis
519 4457 808 4514 terrarum,
848 4455 948 4507 etsi
978 4470 1082 4509 non
1111 4472 1176 4510 eo
1201 4461 1381 4513 animo
1413 4478 1425 4513 :
1455 4461 1556 4515 hoc
1603 4479 1699 4516 au-

134 4540 230 4584 tem
246 4535 437 4591 nullam
464 4554 691 4609 usquam
712 4540 870 4598 habet
893 4545 1196 4609 utilitatem.
1220 4550 1313 4603 sed
1338 4567 1402 4605 ex
1430 4567 1495 4607 eo
1516 4553 1696 4607 datuni

132 4632 207 4674 est
232 4624 528 4692 plurimum.
565 4631 689 4686 Haec
717 4648 746 4685 a
777 4649 862 4689 me
890 4635 1030 4692 dicta
1080 4649 1205 4693 sunt
1253 4657 1357 4695 non
1406 4644 1578 4698 solum
1620 4648 1684 4699 ad

133 4728 217 4764 eos
240 4716 326 4783 qui
354 4730 541 4786 gerunt
572 4723 933 4791 magistratus,
982 4731 1075 4781 sed
1112 4732 1272 4783 etiam
1298 4733 1363 4785 ad
1392 4749 1486 4789 eos
1512 4738 1601 4804 qui
1632 4740 1699 4792 ab

134 4802 227 4856 illis
255 4820 529 4876 reguntur.
567 4813 710 4867 Dixit
738 4825 917 4877 autem
948 4822 1028 4873 vir
1054 4823 1268 4890 quidam
1298 4802 1689 4897 sanctusﬁquidc

130 4893 263 4956 dam,
291 4901 426 4967 quod
459 4919 703 4971 magnam
736 4922 845 4976 prae
872 4924 929 4963 se
962 4911 1061 4965 fert
1087 4915 1384 4979 audaciam,
1404 4921 1497 4973 sed
1518 4930 1695 4975 tamen

131 4995 204 5036 e.~t
230 4988 526 5057 cloquutus.
560 4995 698 5057 Quid
732 4996 832 5051 hoc
861 5010 944 5052 est
968 5013 1145 5056 autem
1170 5005 1192 5055 ?
1216 5007 1357 5062 Dixit
1388 5025 1455 5063 ne
1476 5014 1694 5079 sangui-

131 5089 240 5129 nem
267 5081 476 5146 quidem
521 5087 761 5156 martyrii
811 5106 969 5156 posse
1014 5094 1195 5150 delere
1245 5098 1346 5153 hoc
1393 5113 1691 5169 peccatum.

128 5163 246 5218 Nam
275 5169 355 5222 dic
399 5172 549 5233 mihi,
584 5176 866 5243 quaninam
898 5182 966 5234 ob
992 5199 1206 5239 causam
1237 5203 1297 5242 es
1324 5194 1560 5263 martyr?
1598 5210 1696 5249 an-

130 5268 224 5306 non
258 5272 469 5326 ιιι-θρίω
496 5263 693 5318 Christi
722 5267 993 5335 gloriam?
1022 5272 1121 5339 Qut
1172 5292 1268 5344 pro
1313 5278 1528 5335 Christo
1571 5288 1692 5339 ani-

130 5364 256 5402 :nam
292 5357 533 5420 posuisti,
590 5360 714 5426 quid
773 5350 1053 5431 popularis
1090 5369 1411 5437 Ecclesiatn,
1458 5392 1556 5444 pro
1587 5395 1688 5448 qua

127 5442 356 5500 Christus
382 5464 530 5503 suam
558 5452 792 5519 profudit
841 5456 1120 5513 animam?
1160 5465 1297 5517 Audi
1345 5465 1563 5522 Paulum
1610 5471 1691 5523 di-

127 5545 343 5598 centem,
379 5538 496 5593 Non
523 5559 634 5595 sum
662 5544 847 5613 dignus
887 5565 1051 5603 vocari
1079 5556 1342 5616 apostolus
1362 5600 1377 5622 ,
1405 5561 1491 5627 qui
1519 5579 1689 5629 perse-

125 5636 419 5687 quartanam
453 5630 730 5686 Ecclesium
759 5633 856 5688 Dei
880 5636 954 5707 (1.
984 5639 1103 5696 Cor.
1134 5643 1214 5697 l5.
1244 5644 1321 5711 9),
1344 5656 1399 5701 et
1424 5665 1539 5703 cam
1572 5667 1689 5706 sum

127 5714 474 5783 depopulatus.
500 5720 614 5777 Non
645 5734 727 5779 est
754 5726 855 5781 hoc
879 5730 1057 5786 minus
1081 5732 1338 5791 damnum
1364 5756 1523 5809 quam
1542 5746 1681 5812 quod

127 5804 329 5863 affertur
375 5813 443 5867 ab
494 5813 743 5884 inimicis,
791 5820 884 5875 sed
930 5824 1098 5878 multo
1150 5828 1342 5899 majus.
1382 5804 1526 5889 Nam
1559 5804 1684 5893 illud

458 5911 722 5970 ΡΑτιιυι..
764 5916 880 5974 (in.
927 5918 1095 5983 LX“

1820 541 2036 611 quidem
2060 559 2179 598 eam
2210 546 2373 601 emcit
2397 548 2716 614 clariorem;
2746 549 2845 605 hoc
2874 559 3052 605 autem
3078 549 3241 606 etiam
3265 547 3407 618 apud

1821 635 2068 691 inimicos
2094 652 2212 691 eam
2244 639 2443 708 probro
2474 654 2537 695 ac
2561 640 2824 696 dedecore
2849 642 3014 695 afﬁcit
3035 682 3047 703 ,
3078 640 3294 710 quando
3320 640 3404 694 sui

1815 728 1909 782 lilii
1939 744 2057 784 eam
2086 730 2226 785 bello
2256 742 2532 801 appetunt.
2570 733 2791 788 Videtur
2821 735 2964 788 enim
3007 748 3257 802 magnum
3284 746 3405 785 esse

1820 819 2019 875 fraudis
2049 822 2302 876 indicium
2326 824 2465 893 apud
2495 838 2617 889 eos,
2648 823 2788 894 quod
2816 822 2906 894 qui
2954 824 3005 877 in
3053 839 3113 877 ea
3142 831 3265 875 sunt
3294 822 3404 875 nati

1816 922 1873 967 et
1896 914 2105 967 educati
2154 923 2209 967 et
2246 915 2361 983 ejus
2406 930 2601 971 arcana
2653 928 2845 972 exacte
2898 915 3221 978 didicerunt,
3256 913 3291 968 ii
3318 931 3405 968 re-

1818 1013 1979 1073 pente
2006 1006 2215 1070 mutati,
2247 1015 2515 1078 tamquam
2548 1009 2746 1064 inimici
2776 1001 2828 1062 in
2852 1024 2971 1064 eam
3003 1011 3109 1061 sint
3130 1007 3324 1061 allecti.

1889 1095 1941 1149 5.
1989 1096 2110 1149 Ila-c
2131 1112 2160 1149 a
2190 1114 2275 1152 me
2301 1098 2441 1153 dicta
2484 1100 2591 1154 sint
2632 1101 2698 1155 ad
2738 1116 2852 1165 eos,
2884 1100 2971 1167 qui
3002 1114 3062 1153 se
3088 1098 3293 1153 dedunt
3322 1097 3407 1150 in-

1816 1184 2223 1255 discriminatim
2264 1188 2350 1253 iis,
2393 1190 2484 1259 qui
2514 1190 2765 1245 scindunt
2816 1190 3135 1245 Ecclesiam.
3181 1188 3313 1243 Nam
3355 1187 3400 1241 si

1816 1276 2063 1345 dogmata
2095 1277 2311 1346 quidem
2340 1278 2539 1334 habent
2591 1281 2880 1345 contraria,
2914 1281 2996 1336 vel
3031 1287 3261 1350 propter.
3298 1277 3401 1331 hoc

1818 1364 1992 1433 ipsum
2015 1382 2120 1420 non
2152 1370 2508 1424 conveniebat
2532 1386 2654 1425 cum
2689 1372 2791 1426 illis
2815 1371 3027 1427 misceri
3060 1392 3073 1426 :
3104 1371 3186 1424 sin
3218 1378 3398 1424 autem

1816 1457 2002 1512 eadem
2031 1460 2289 1525 sentiunt,
2318 1461 2489 1516 multo
2538 1464 2726 1529 magis.
2767 1463 2981 1529 Quare?
3024 1460 3287 1529 Quoniam
3316 1468 3401 1515 est

1816 1551 2035 1605 morbus
2064 1552 2370 1627 ambitionis
2396 1563 2449 1607 et
2474 1555 2673 1608 amoris
2702 1555 2910 1624 imperii
2952 1564 3006 1609 et
3033 1554 3395 1624 magistratus.

1815 1643 2043 1698 Nescitis
2064 1645 2189 1713 quid
2208 1648 2347 1715 passi
2370 1648 2667 1709 suntCore,
2692 1649 2896 1702 Dathan
2918 1658 2973 1702 et
2995 1648 3194 1701 Abiron
3218 1646 3242 1698 ?
3274 1659 3399 1698 num

1816 1737 1913 1802 ipsi
1947 1738 2090 1791 soli?
2118 1754 2297 1792 annon
2324 1742 2483 1794 etiam
2515 1742 2551 1795 ii
2579 1742 2669 1811 qni
2709 1752 2864 1798 erant
2908 1758 3028 1796 cum
3061 1742 3188 1811 ipsis
3208 1746 3233 1795 ?
3262 1739 3398 1809 Quid

1814 1828 1983 1882 dicis?
2014 1830 2200 1884 eadem
2231 1842 2316 1885 est
2346 1833 2499 1897 fides,
2545 1834 2618 1888 illi
2659 1840 2871 1904 quoque
2914 1844 3039 1888 sunt
3078 1832 3400 1887 orthodoxi?

1813 1935 1910 1972 cur
1956 1936 2084 1991 ergo
2136 1939 2240 1975 non
2281 1932 2405 1976 sunt
2454 1924 2775 1978 uobiscum?
2802 1924 2947 1978 Unus
2988 1924 3268 1987 Dominus,
3296 1937 3401 1974 una

1812 2010 1961 2078 ﬁdes,
1986 2028 2139 2064 unum
2185 2012 2451 2081 baptisma.
2503 2012 2557 2068 Si
2610 2030 2695 2068 res
2737 2014 2949 2069 illorum
2984 2022 3127 2068 recte
3159 2013 3395 2077 habent,

1814 2112 2013 2157 nostrae
2043 2107 2213 2171 male;
2245 2108 2290 2163 si
2330 2124 2417 2164 res
2463 2120 2660 2165 nostra:
2688 2111 2844 2176 bene,
2879 2125 2966 2164 res
2994 2110 3204 2163 illorum
3233 2106 3395 2160 male.

1816 2192 2049 2262 Parvuli,
2070 2196 2260 2267 inquit,
2282 2202 2606 2269 ﬂuctuantes,
2630 2212 2675 2256 et
2703 2204 2789 2273 qui
2814 2204 3241 2271 circumferuntur
3260 2202 3400 2255 omni

1813 2296 1979 2338 vento.
2008 2287 2430 2353 Existimatisne,
2457 2308 2659 2362 quaeso,
2690 2294 2937 2349 sufﬁcere
2957 2296 3000 2348 si
3018 2296 3228 2349 dicatur
3256 2294 3396 2363 quod

1813 2376 1921 2429 sint
1949 2376 2234 2434 orthodoxi
2260 2421 2274 2443 ,
2307 2393 2488 2451 pereat
2518 2394 2696 2439 autem
2742 2395 2797 2439 et
2828 2386 3058 2440 intereat
3084 2385 3351 2440 ordinatio
3376 2385 3400 2437 ἲ

1818 2465 1879 2517 Et
1902 2457 2282 2536 quid'prosunt
2327 2471 2453 2534 alia,
2488 2473 2531 2526 si
2558 2490 2621 2529 ea
2664 2489 2768 2528 non
2811 2477 2881 2529 sit
2930 2486 3116 2532 exacta
3157 2487 3209 2531 et
3237 2490 3401 2529 accu-

1813 2564 1927 2609 rata
1952 2558 1973 2609 ?
1996 2556 2147 2613 Sicut
2174 2561 2317 2614 enim
2346 2579 2443 2631 pro
2474 2564 2598 2628 fide,
2628 2566 2698 2620 ita
2726 2568 2888 2621 etiam
2918 2583 3017 2635 pro
3044 2568 3143 2621 hac
3159 2580 3401 2636 pugnan-

1811 2644 1938 2699 dum
1960 2657 2062 2702 est.
2090 2647 2223 2704 Nam
2252 2650 2298 2704 si
2328 2653 2544 2708 cuilibet
2595 2654 2721 2709 licet
2763 2670 2887 2710 suas
2922 2657 3143 2725 implere
3185 2671 3397 2716 manus.

1812 2744 1872 2789 ut
1912 2737 2163 2792 dicebant
2210 2749 2440 2808 veteres,
2497 2752 2554 2799 et
2602 2743 2716 2799 fieri
2764 2746 3093 2813 sacerdotes,
3141 2747 3401 2802 accedant

1812 2841 2042 2883 omnes:
2073 2828 2268 2885 frustra
2310 2831 2411 2888 fuit
2452 2834 2569 2889 haec
2616 2851 2708 2893 ara
2754 2836 3036 2901 aediﬁcata,
3092 2838 3286 2893 frustm
3314 2850 3401 2895 est

1814 2917 2005 2987 plenus
2034 2920 2287 2976 Ecclesiae
2315 2934 2637 2990 conventus,
2695 2927 2888 2982 ft‘ttStra
2938 2940 3019 2983 est
3057 2929 3395 2983 sacerdotum

1813 3022 2067 3065 numerus
2101 3028 2114 3064 :
2145 3027 2206 3066 ea
2236 3014 2303 3068 de
2330 3016 2505 3069 medio
2534 3018 2781 3073 tollamus
2807 3030 2861 3073 ct
2888 3020 3190 3088 perdamus.
3219 3022 3392 3087 Absit,

1810 3098 2001 3168 inquit.
2041 3100 2149 3155 Vos
2173 3103 2287 3157 haec
2312 3104 2425 3173 ipsa
2465 3106 2679 3171 facitis;
2712 3118 2768 3162 et
2805 3109 3000 3172 dicitis,
3049 3111 3235 3165 Absit?
3263 3128 3401 3181 quo-

1812 3191 1974 3245 modo
1999 3192 2155 3258 dicis,
2199 3194 2376 3260 Absit,
2424 3211 2545 3251 cum
2594 3199 2705 3268 ipsa
2757 3201 2888 3255 facta
2920 3201 3070 3255 sint?
3119 3202 3234 3272 Ego
3283 3204 3398 3258 haec

1810 3281 1931 3333 dico
1960 3291 2014 3335 et
2040 3283 2317 3348 testiﬁcor,
2348 3302 2455 3340 non
2484 3299 2733 3357 spectans
2762 3290 2813 3344 id
2840 3291 2981 3360 quod
3004 3307 3119 3347 mea
3148 3294 3394 3358 interest,

1810 3371 1904 3426 sed
1931 3387 2164 3427 vesu'am
2195 3376 2424 3431 salutem
2453 3395 2467 3430 :
2495 3379 2540 3432 si
2585 3380 2706 3449 quis
2743 3382 2815 3435 sit
2838 3382 2941 3452 ’qui
2969 3392 3111 3450 putet
3144 3383 3276 3438 nihil
3306 3400 3395 3440 re-

1809 3463 1972 3527 ferre,
2003 3464 2115 3533 ipse
2138 3468 2367 3535 viderit;
2400 3471 2444 3523 si
2470 3472 2556 3525 cui
2580 3482 2758 3527 autem
2781 3490 2844 3529 ex
2873 3475 2954 3529 his
2983 3490 3089 3530 non
3119 3485 3204 3531 est
3227 3492 3394 3544 certe,

1808 3561 1863 3606 at
1890 3554 2044 3609 nobis
2066 3566 2149 3611 est
2183 3574 2195 3610 :
2230 3557 2337 3627 Ego
2368 3559 2616 3628 plantavi,
2646 3562 2835 3631 inquit,
2870 3567 3055 3634 Apollo
3071 3569 3272 3637 rigavit,
3300 3571 3391 3623 sed

1809 3642 1950 3697 Deus
1979 3646 2119 3699 dedit
2144 3649 2509 3704 incrementum
2556 3654 2631 3725 (1.
2660 3653 2781 3709 Cor.
2805 3656 2859 3711 3.
2902 3656 2981 3728 6).
3011 3660 3291 3725 Quomodo
3321 3662 3398 3716 fc-

1810 3750 1990 3790 rcmus
2020 3736 2329 3795 Graecorum
2363 3741 2527 3796 risum
2557 3754 2611 3798 et
2640 3746 2925 3802 ludibrium
2951 3751 2974 3803 ?
3005 3751 3134 3805 Nam
3163 3754 3207 3806 si
3238 3755 3392 3806 nobis

1807 3828 2021 3882 crimini
2068 3829 2200 3884 dant
2248 3831 2505 3901 haereses,
2551 3836 2735 3893 dehis
2779 3840 2904 3910 quid
2948 3858 3053 3897 non
3085 3842 3308 3900 dicent?
3335 3844 3391 3900 Si

1807 3918 1996 3975 eadem
2022 3931 2149 3975 sunt
2177 3923 2449 3992 dogmata,
2474 3928 2519 3981 si
2546 3927 2734 3983 eadem
2766 3932 3041 4001 mysteria,
3071 3949 3301 4003 quanam
3325 3936 3393 3990 de

1806 4027 1967 4066 eausa
1997 4014 2135 4068 alius
2165 4025 2345 4071 rector
2390 4018 2549 4073 aliam
2582 4021 2787 4075 invadit
2815 4023 3152 4080 Eeclesiam?
3180 4026 3390 4091 Videte,

1810 4103 2075 4173 inquiunt,
2107 4105 2250 4175 quod
2276 4123 2366 4162 res
2387 4122 2581 4165 omnes
2603 4111 3030 4169 Christianorum
3059 4117 3233 4186 plena:
3263 4129 3390 4173 sunt

1808 4196 1953 4251 inani
1975 4198 2187 4267 gloria?
2216 4202 2357 4269 quod
2380 4204 2603 4279 ambitio
2630 4205 2769 4275 apud
2795 4222 2909 4274 eos,
2944 4207 3088 4263 fraus
3113 4210 3339 4266 etdolus
3369 4214 3394 4263 ?

1806 4287 1997 4342 Adime
2022 4290 2122 4354 eis,
2142 4291 2405 4370 inquiunt,
2426 4295 2840 4364 multitudinem,
2854 4298 3107 4354 exscinde
3120 4301 3389 4367 morbum,

1806 4388 1860 4431 et
1886 4381 2054 4435 turba:
2092 4385 2515 4453 corruptionem,
2571 4397 2625 4441 et
2663 4388 2797 4442 nihil
2814 4370 2970 4444 'sunt.
3012 4390 3185 4445 Vultis
3212 4392 3387 4448 dicam

1804 4484 1925 4537 quae
1950 4468 2132 4525 dicunt
2159 4472 2225 4526 de
2252 4483 2433 4528 nostra
2464 4474 2721 4531 civitate?
2746 4480 3015 4546 quomodo
3039 4496 3137 4536 nos
3162 4495 3392 4553 arguunt

1803 4558 1872 4613 de
1904 4560 2068 4615 nimia
2091 4560 2388 4619 facilitate?
2411 4566 2574 4631 Licet,
2612 4569 2872 4639 inquiunt,
2891 4572 3060 4625 cuivis
3082 4573 3277 4629 volenti
3310 4576 3391 4629 in-

1803 4651 1988 4705 venire
2009 4653 2096 4721 qui
2128 4655 2551 4721 persuadeantur
2576 4668 2630 4713 et
2649 4660 2869 4714 credant
2893 4676 2907 4725 ;
2939 4677 3036 4716 nec
3064 4664 3094 4716 ii
3129 4679 3380 4733 umquam

1804 4741 2089 4796 defuerint.
2120 4743 2165 4798 Ο
2189 4760 2299 4799 rem
2332 4747 2642 4803 ridiculam!
2685 4751 2961 4817 Quodnam
2989 4766 3069 4809 est
3099 4759 3199 4810 hoc
3224 4757 3389 4835 dede-

1805 4834 1940 4887 cus?
1966 4835 2070 4889 Sed
2100 4846 2180 4890 est
2210 4839 2353 4893 aliud
2403 4857 2617 4911 quoque
2658 4845 2961 4912 ridiculum,
2991 4858 3045 4901 et
3087 4851 3229 4904 aliud
3262 4867 3387 4920 pro-

1807 4924 1958 4977 brum
2011 4942 2075 4980 ac
2103 4928 2357 4984 dedecus.
2409 4932 2466 4987 Si
2495 4936 2583 5003 qui
2613 4952 2676 4990 ex
2724 4938 2877 4992 nobis
2924 4942 3153 4996 convicti
3205 4959 3382 4997 rermn

1808 5016 2261 5085 turpissimarum,
2293 5022 2402 5075 sint
2426 5024 2657 5094 aliquam
2688 5043 2899 5096 pcenam
2925 5030 3122 5096 daturi,
3156 5050 3382 5101 magnus
3462 5092 3465 5093 ,

1803 5116 1886 5159 est
1935 5117 2156 5175 tremor,
2188 5108 2408 5181 magnus
2440 5118 2675 5186 undique
2704 5134 2883 5187 pavor,
2936 5121 3014 5175 Ne
3042 5124 3263 5188 resiliat,
3301 5125 3382 5177 in-

1802 5201 1937 5266 quit,
1987 5211 2038 5255 et
2087 5203 2369 5272 desciscat,
2406 5224 2473 5262 ne
2501 5220 2606 5263 stet
2648 5226 2769 5265 eum
2804 5213 2926 5266 illis.
2962 5214 3149 5269 Millies
3182 5218 3385 5270 resiliat

1800 5305 1864 5344 ac
1910 5292 2123 5348 deficiat
2172 5303 2222 5348 et
2276 5297 2347 5350 sit
2373 5314 2492 5352 cum
2522 5301 2646 5365 illis,
2674 5319 2776 5354 non
2804 5303 2947 5368 dico,
2980 5306 3022 5359 si
3051 5308 3169 5375 quis
3214 5309 3283 5361 sit
3312 5327 3378 5363 cx

1802 5384 1866 5437 iis
1908 5385 1999 5453 qui
2042 5399 2356 5455 peccarunt,
2401 5393 2493 5445 sed
2540 5395 2637 5446 etsi
2690 5397 2808 5461 quis
2853 5397 2921 5449 sit
2974 5399 3104 5451 nulli
3162 5412 3377 5468 peceato

1802 5476 2066 5532 obnoxius
2098 5490 2151 5534 et
2175 5482 2285 5534 vult
2318 5483 2571 5549 deiicere,
2603 5486 2832 5540 deficiat.
2864 5488 2993 5542 Nam
3031 5505 3130 5559 ego
3160 5494 3374 5557 quidem

1798 5567 1955 5621 doleo
1986 5580 2038 5622 et
2069 5564 2242 5625 defleo
2285 5582 2339 5626 et
2381 5575 2574 5642 plango
2600 5586 2653 5631 et
2695 5580 2991 5634 visceribus
3031 5582 3290 5648 dissccor,
3322 5596 3376 5638 ut

1797 5662 1885 5727 qui
1918 5663 2097 5727 priver
2149 5666 2363 5732 proprio
2418 5669 2692 5735 membro;
2739 5674 2831 5725 sed
2865 5690 2966 5725 non
3018 5674 3089 5727 ita
3140 5675 3295 5731 doleo
3327 5687 3380 5729 ut

1799 5762 2017 5821 propter
2062 5766 2259 5812 metum
2313 5773 2476 5829 cogar
2519 5763 2717 5832 aliquid
2766 5764 2943 5819 facere
2989 5766 3125 5819 haud
3175 5782 3372 5821 conve-

1800 5857 1972 5899 utens.

2923 5945 2964 6006 6
