4108 6312
743 501 810 554 87

738 617 742 622 ’
805 610 1200 681 ,ϐΙηεμοειοῃιιιε
1242 605 1483 659 doctrina:
1519 601 1652 655 verbi
1695 600 1986 668 prtcfectus.
2037 592 2317 645 Ecclesium

744 700 971 756 scindere
997 716 1095 753 non
1120 696 1374 750 minusest
1405 693 1592 747 malum
1621 705 1772 759 quam
1802 686 2022 741 incidere
2057 684 2110 736 in
2156 683 2317 734 [imre-

743 792 857 844 sint.
888 818 961 830 —-
987 786 1104 843 Non
1136 786 1478 842 dominamttr
1507 788 1698 835 vestrae
1739 776 1882 837 ﬁdei.
1913 791 1947 830 ο
1984 773 2189 853 dilecti,
2222 784 2318 825 nec

742 877 944 932 domini
992 892 1141 931 more
1169 874 1284 929 haec
1312 874 1678 941 imperamus;
1706 865 1964 923 doctrina:
2007 863 2151 918 verbi
2183 876 2318 931 prie-

741 971 861 1026 fecti
889 984 1074 1025 smnus
1106 986 1118 1021 :
1152 981 1257 1025 non
1301 973 1387 1020 est
1429 972 1605 1035 autem
1653 960 1809 1014 nobis
1840 957 2122 1010 mandatus
2149 953 2312 1023 magi-

742 1071 961 1126 stratus,
1015 1073 1113 1114 nec
1138 1058 1257 1111 data
1300 1054 1627 1111 auctoritas:
1661 1048 2086 1105 consiliariorum
2129 1049 2316 1098 admo—

741 1151 981 1206 uentium
1015 1152 1187 1205 locum
1215 1157 1476 1203 tenemus.
1521 1142 1870 1199 Consiliarius
1896 1139 2026 1193 dicit
2061 1152 2179 1207 quas
2204 1151 2233 1190 a
2261 1151 2320 1191 se

742 1243 1054 1312 procedunt,
1104 1259 1208 1296 non
1248 1240 1616 1294 necessitatem
1668 1235 1899 1290 adurens
1927 1233 2154 1287 auditori
2183 1248 2198 1295 ;
2223 1230 2316 1285 scd

743 1336 795 1389 in
822 1330 940 1404 e‘jus
971 1342 1231 1403 potestate
1256 1333 1471 1385 dimittit
1499 1340 1553 1383 ut
1582 1328 1821 1382 facienda
1853 1325 2147 1395 eligatqua:
2175 1322 2317 1376 dicta

743 1432 869 1478 sunt
894 1442 906 1476 :
936 1423 1105 1493 culpa:
1129 1432 1239 1475 tum
1262 1422 1432 1473 solum
1464 1428 1548 1473 est
1578 1417 1861 1478 obnoxius,
1907 1415 1950 1469 si
1984 1430 2088 1467 non
2122 1412 2319 1467 dixerit

660 1579 677 1594 β
744 1502 862 1584 quae
891 1516 938 1569 ei
966 1525 1088 1570 sunt
1107 1513 1411 1569 commissa.
1440 1510 1565 1565 Ideo
1589 1510 1703 1562 hsce
1732 1507 1976 1565 dicimus.
2012 1504 2125 1559 haec
2151 1503 2319 1572 loqui-
2346 1494 2350 1498 ”

744 1622 883 1671 mur,
933 1621 1000 1659 ne
1048 1605 1137 1659 illo
1181 1603 1270 1658 die
1320 1603 1478 1657 liceat
1527 1599 1679 1653 vobis
1721 1596 1921 1660 dicere,
1968 1595 2137 1650 Nemo
2166 1591 2316 1646 nobis

741 1699 892 1761 dixit,
918 1711 1075 1750 nemo
1101 1694 1374 1765 explicuit,
1406 1684 1791 1761 ignoravimus,
1810 1688 2009 1742 nullum
2040 1685 2315 1740 existima-

740 1789 912 1842 vimus
958 1802 1079 1842 esse
1127 1794 1424 1859 peccatum.
1455 1783 1742 1852 Propterea
1789 1778 1910 1860 dico
1939 1787 1994 1832 et
2024 1783 2311 1847 protestor,

743 1878 1035 1932 Ecclesium
1086 1876 1333 1930 scindere
1365 1889 1468 1927 non
1513 1874 1691 1926 minus
1733 1884 1853 1925 esse
1903 1870 2124 1933 malum,
2158 1883 2313 1937 quam

742 1968 975 2038 incidere
1006 1968 1059 2021 in
1088 1966 1354 2021 haeresim.
1388 1964 1478 2018 Die
1502 1962 1705 2022 inihi,si
1734 1962 1851 2030 quis
1875 1960 2157 2027 alicuircgi
2183 1958 2312 2011 sub-

734 2061 928 2124 iectus,
974 2057 1040 2111 ad
1085 2058 1243 2109 alium
1292 2054 1504 2124 quidem
1555 2066 1659 2105 non
1697 2049 1974 2115 defecerit,
2034 2062 2207 2116 neque
2256 2059 2315 2101 se

739 2150 897 2204 alicui
929 2146 1036 2217 regi
1065 2145 1347 2207 dediderit,
1377 2142 1469 2197 sed
1503 2142 1643 2195 illius
1669 2148 1938 2208 acceptam
1968 2147 2021 2192 et
2046 2138 2314 2190 detentum

739 2252 1024 2308 purpuram
1056 2252 1083 2289 a
1108 2235 1265 2289 ﬁbula
1300 2245 1460 2286 tmttttl
1493 2233 1789 2293 demiserit,
1824 2238 1878 2283 et
1908 2230 1959 2283 in
2008 2229 2171 2282 multa
2206 2227 2315 2281 fra-

738 2336 949 2396 gmenta
979 2324 1289 2393 disruperit,
1335 2337 1401 2374 an
1436 2322 1613 2375 minus
1640 2319 1891 2389 punietur
1934 2333 2091 2387 quam
2129 2317 2216 2385 qui
2248 2317 2314 2370 ad

738 2417 965 2470 altermn
1012 2411 1367 2468 defecerunt?
1395 2410 1530 2477 Quid
1577 2425 1726 2473 vero,
1782 2409 1826 2461 si
1866 2409 2082 2476 insuper
2142 2398 2313 2476 ipsum

737 2518 948 2574 quoque
997 2517 1178 2571 regem
1226 2501 1410 2570 jugulo
1472 2501 1864 2569 apprehensum
1917 2497 2312 2560 interemisset,

739 2592 1075 2648 membratim
1097 2591 1407 2656 discerpens
1436 2589 1551 2659 ejus
1579 2603 1794 2656 corpus,
1843 2601 2099 2656 quasnam
2131 2601 2314 2653 poenas

738 2683 971 2737 dedisset
1000 2695 1096 2749 pro
1123 2679 1372 2734 meritis?
1398 2677 1453 2733 Si
1476 2687 1654 2732 autem
1680 2677 1769 2746 qui
1793 2677 1900 2746 regi
1927 2690 2187 2731 conservo
2216 2690 2316 2730 suo

741 2774 841 2826 hoc
868 2772 1070 2833 fecerit,
1100 2770 1301 2839 majora
1333 2769 1462 2824 fecit
1488 2783 1647 2836 quam
1680 2776 1736 2820 ut
1760 2781 1892 2836 quas
1940 2781 2036 2835 par
2077 2774 2161 2820 est
2186 2765 2317 2820 dare

739 2864 907 2934 possit
937 2876 1154 2932 paruas;
1187 2862 1275 2933 qui
1303 2861 1575 2915 Christum
1623 2860 1832 2929 jugulat
1877 2867 1931 2914 et
1981 2859 2316 2913 membratim

714 2954 975 3016 dilaniat,
1006 2968 1162 3022 quam
1212 2967 1317 3006 non
1367 2951 1659 3005 mcrebitur
1701 2949 2041 3019 gehennam?
2087 2949 2314 3018 hancne,

738 3044 889 3111 cujus
942 3052 1066 3096 sunt
1106 3044 1380 3096 intentatre
1410 3040 1607 3094 minae?
1639 3040 1748 3108 Ego
1772 3038 1984 3108 quidem
2016 3053 2120 3093 non
2169 3038 2315 3093 arbi-

741 3143 874 3194 tror,
919 3131 1013 3185 sed
1058 3131 1219 3184 aliam
1271 3131 1425 3200 longe
1478 3131 1798 3197 graviorem.
1847 3128 2015 3183 Dicite
2058 3138 2318 3199 quotquot

740 3224 937 3279 adestis
979 3225 997 3293 (
1029 3238 1146 3277 nam
1178 3239 1366 3291 magna
1394 3238 1458 3277 ex
1483 3233 1632 3291 parte
1661 3222 1762 3276 hoc
1791 3231 1872 3276 est
1905 3222 2156 3276 delictum
2203 3238 2318 3277 mu~

741 3313 1008 3382 lierum),
1066 3311 1376 3367 absentibus
1423 3297 1638 3365 narrate
1695 3311 1798 3365 hoc
1846 3311 2172 3380 exemplum,
2225 3328 2317 3367 eas

743 3412 961 3481 terrete.
1007 3402 1066 3458 Si
1115 3404 1205 3472 qui
1248 3404 1558 3456 existimant
1590 3418 1675 3455 me
1699 3402 1887 3456 dolore
1917 3402 2136 3458 afﬁcere
2163 3415 2217 3458 et
2240 3407 2317 3459 sic

744 3494 948 3559 ulcisci,
968 3493 1137 3547 sciant
1167 3507 1224 3546 se
1256 3492 1368 3547 haec
1397 3493 1588 3547 frustra
1643 3492 1839 3546 facere.
1881 3492 2014 3546 Nam
2044 3493 2086 3548 si
2116 3509 2212 3547 nos
2238 3495 2316 3548 vis

742 3583 944 3647 ulcisci,
975 3597 1075 3651 ego
1100 3581 1191 3635 tibi
1219 3581 1290 3635 do
1336 3582 1577 3647 modum,
1626 3596 1732 3651 quo
1774 3581 1976 3651 absque
2006 3582 2200 3637 damno
2229 3595 2320 3638 tuo

745 3676 926 3730 ulcisci
957 3676 1164 3742 possis;
1194 3676 1301 3728 imo
1331 3690 1460 3729 vero
1504 3690 1611 3728 non
1654 3677 1854 3744 absque
1895 3674 2092 3729 damno
2138 3677 2320 3749 ulcisci

745 3767 865 3836 quis
897 3773 1091 3835 potest,
1136 3777 1191 3817 at
1236 3765 1426 3819 saltem
1468 3779 1589 3818 eum
1638 3765 1829 3819 minori
1866 3765 2165 3833 :colaphos
2191 3765 2320 3820 mihi

748 3858 1000 3927 impinge,
1030 3871 1267 3925 conspue
1295 3857 1346 3909 in
1374 3855 1586 3925 publico
1615 3870 1925 3921 occurrens,
1953 3867 2006 3910 et
2036 3857 2213 3927 plagas
2245 3857 2324 3911 in-

750 3947 890 4016 ﬁige.
1709 3998 1722 4019 ο
2210 3932 2213 3937 ’

819 4037 875 4094 6.
912 4035 1188 4091 llorrcseis
1236 4034 1348 4089 haec
1391 4035 1658 4089 audiens?
1703 4035 1979 4089 llorrescis
2024 4036 2068 4089 si
2112 4035 2321 4094 dixero.

750 4126 1016 4195 Colaphos
1060 4126 1188 4180 mihi
1232 4126 1465 4196 impinge
1503 4142 1519 4178 ε
1549 4134 1604 4180 et
1634 4126 1912 4178 Dominum
1945 4134 2090 4179 tuum
2119 4108 2337 4180 discer?

754 4216 856 4286 pis,
903 4230 1002 4289 nec
1042 4215 1358 4271 horrescis?
1406 4215 1644 4270 membra
1687 4215 1897 4270 Domini
1943 4211 2228 4280 dilaceras,
2273 4223 2328 4269 et

754 4323 859 4361 non
885 4308 1288 4363 contremiseis?
1310 4307 1546 4374 Ecclesia
1569 4307 1866 4362 estdomus
1892 4314 2140 4376 paterna,
2161 4321 2327 4361 unum

756 4411 972 4467 corpus,
1001 4406 1055 4450 et
1081 4411 1217 4453 unus
1241 4396 1481 4466 spiritus.
1519 4396 1625 4452 Sed
1652 4396 1734 4450 vis
1760 4411 1847 4450 me
1873 4396 2056 4449 ulcisci
2083 4399 2106 4448 ‘t
2137 4395 2215 4450 Ad
2246 4398 2355 4450 me“

759 4504 925 4560 usque
963 4488 1219 4544 consiste.
1269 4487 1376 4543 Cur
1412 4504 1508 4558 pro
1557 4503 1644 4541 me
1686 4486 1958 4541 Christum
2004 4486 2330 4541 ulcisceris?

759 4582 867 4636 imo
888 4596 987 4636 cur
1011 4579 1266 4635 adversus
1292 4580 1470 4634 clavos
1497 4578 1777 4634 culcitras?
1807 4580 1980 4645 Atque
2006 4577 2190 4631 ulcisci
2217 4576 2334 4646 qui-

760 4672 882 4727 dem
920 4687 1180 4741 nusquam
1207 4682 1288 4725 est
1325 4672 1520 4725 bonum
1551 4685 1650 4724 nec
1680 4669 1966 4724 honestum
1999 4686 2014 4734 ;
2039 4669 2210 4723 altero
2236 4684 2333 4722 au-

764 4770 869 4816 tem
904 4760 1150 4830 injuriam
1182 4760 1426 4824 faciente,
1468 4759 1697 4813 alterum
1736 4758 2055 4813 contumelia
2095 4758 2332 4822 afﬁcere,

765 4861 849 4906 est
868 4851 1025 4921 longe
1053 4850 1284 4920 gravius.
1319 4850 1514 4919 lnjuria
1543 4863 1602 4904 es
1628 4864 1656 4901 a
1688 4849 1844 4903 nobis
1867 4848 2088 4903 affectus
2110 4849 2137 4903 λῖ
2160 4864 2255 4903 cur
2283 4848 2335 4902 ei

766 4955 826 4997 es
869 4941 1125 4994 molestus
1173 4940 1259 5008 qui
1315 4939 1408 4993 tibi
1458 4953 1564 4993 non
1607 4940 1733 4994 fecit
1786 4937 2069 5005 iniuriam?
2119 4937 2220 4992 hoc
2256 4948 2340 4993 est

771 5042 1023 5087 extremae
1054 5032 1296 5086 insaniae.
1338 5031 1450 5086 Non
1500 5046 1595 5101 per
1639 5031 1862 5085 ironiam
1902 5020 2025 5084 dico
2049 5028 2191 5099 quod
2219 5044 2337 5083 sum

769 5124 1030 5189 dicturus,
1060 5138 1230 5193 neque
1260 5133 1461 5179 temere
1481 5164 1496 5188 ,
1527 5121 1621 5177 sed
1651 5123 1719 5176 ita
1753 5124 1811 5176 ut
1836 5121 2009 5175 sentio
2035 5129 2089 5175 et
2113 5133 2230 5173 sum
2265 5119 2342 5173 af-

769 5213 1187 5270 fectus:vellem
1237 5228 1666 5282 unumquemque
1711 5226 1895 5265 eorum
1935 5210 2024 5279 qui
2069 5210 2338 5264 vobiscum

1474 434 1546 538 Is.
1587 481 1862 557 JosNN-ts
1898 472 2367 534 CltltYSOSTOMl
2398 471 2704 527 ARClllEP.
2744 472 3273 529 CONSTAN’I‘INOP.
3481 510 3487 514 -
3932 468 3995 522 83

2426 584 2485 640 in.
2518 601 2614 642 nos
2656 587 2895 642 ulcerato
2922 596 3047 641 sunt
3087 587 3266 641 animo
3287 628 3302 651 ,
3333 594 3388 640 et
3415 583 3569 639 nobis
3612 582 3751 638 male
3778 581 3991 638 volunt.
4084 608 4085 651 ;

2424 687 2477 732 et
2504 689 2719 748 propter
2743 678 2886 734 hunc
2908 693 3062 732 suum
3090 667 3254 737 animi
3272 678 3512 732 dolorem
3543 676 3749 746 seipsos
3776 673 3989 737 laedunt,

2425 775 2479 823 et
2505 769 2611 823 alio
2637 771 2854 834 vadunt,
2882 770 3036 824 nobis
3062 769 3114 823 in
3146 770 3257 838 ipsa
3290 769 3424 824 facie
3449 769 3631 838 plagas
3656 763 3918 837 inﬂigere,
3943 776 3992 818 et
4084 756 4085 833 ξ

2425 861 2652 940 nudatos
2675 859 2854 930 ﬂagris
2882 858 3089 914 etedere
3109 860 3223 914 sive
3245 859 3366 927 jure
3395 857 3509 913 sive
3535 856 3727 929 injuria
3750 871 3986 916 accuser.
4084 848 4085 887 Τ

2423 958 2476 1003 et
2506 949 2636 1003 iram
2686 951 2738 1004 in
2769 965 2866 1003 nos
2893 950 3181 1003 immittere
3220 949 3394 1017 potius
3432 963 3591 1018 quam
3622 963 3682 1003 ea
3711 962 3832 1017 quin
3856 961 3989 1001 nutu:

2422 1040 2620 1094 audent
2659 1039 2853 1095 facere.
2886 1040 2940 1095 Si
2991 1041 3091 1094 hoc
3136 1040 3331 1105 fieret,
3377 1039 3505 1094 nihil
3546 1048 3692 1094 esset
3726 1037 3989 1093 hominem

2425 1129 2571 1182 nihili
2602 1139 2655 1184 et
2684 1129 2883 1183 nullius
2911 1129 3279 1183 mstimationis
3321 1128 3433 1184 haec
3461 1129 3591 1199 pati.
3626 1119 3875 1199 Alioquin
3902 1144 3990 1181 auo

2424 1226 2527 1270 tem
2564 1233 2664 1287 ego
2719 1217 2909 1287 injuria
2949 1229 3004 1273 et
3028 1218 3350 1273 contumelia
3389 1217 3611 1273 affectus
3643 1218 3806 1273 Deum
3838 1206 3986 1287 roga-

2423 1323 2569 1375 rem,
2620 1317 2889 1385 et-restra
2941 1318 3157 1378 peccata
3196 1310 3493 1363 remitteret
3536 1324 3550 1360 :
3593 1323 3698 1362 non
3742 1307 3986 1377 quoniam

2423 1407 2621 1453 tantam
2651 1399 2822 1455 habeo
2852 1399 3121 1463 ﬁduciam,
3147 1400 3241 1454 sed
3273 1400 3523 1465 quoniam
3552 1400 3639 1469 qui
3666 1409 3749 1454 est
3774 1400 3988 1454 affectu»:

2423 1489 2633 1557 injuria,
2657 1491 2866 1559 quando
2888 1486 3051 1558 "rogat
3084 1504 3180 1559 pro
3205 1504 3270 1543 eo
3296 1491 3382 1558 qui
3415 1488 3542 1543 fecit
3571 1489 3839 1558 injuriam.
3873 1504 3986 1543 ma-

2419 1594 2574 1647 gnam
2607 1579 2765 1633 habet
2810 1579 3078 1634 ﬁduciam.
3110 1578 3173 1633 Si
3210 1580 3260 1632 in
3290 1580 3563 1637 hominem.
3598 1580 3786 1648 inquit,
3816 1595 3987 1648 pecca-

2419 1671 2543 1723 verit
2565 1670 2835 1739 quispiam,
2882 1669 3094 1723 orabunt
3137 1687 3229 1737 pro
3270 1665 3388 1738 ipso
3421 1671 3437 1737 (
3461 1672 3512 1723 l.
3546 1670 3670 1740 Reg.
3693 1672 3748 1725 2.
3771 1672 3843 1726 25
3868 1672 3907 1740 ).
3933 1672 3985 1725 Si

2419 1769 2597 1814 autem
2628 1776 2732 1814 non
2775 1774 2988 1829 possem
3012 1775 3131 1828 ego,
3168 1759 3302 1814 alios
3328 1768 3542 1815 sanctos
3573 1776 3871 1831 quaererem
3891 1802 3907 1823 .
3936 1769 3987 1814 et

2420 1864 2685 1920 rogarem,
2719 1859 2773 1904 et
2801 1849 2903 1904 hoc
2930 1849 3224 1904 efﬁcerent.
3254 1848 3405 1903 Nunc
3433 1858 3610 1903 autem
3645 1864 3802 1919 quem
3833 1864 3986 1919 roga-

2415 1942 2596 1996 bimus
2618 1982 2634 2007 ,
2669 1941 2776 1995 Deo
2802 1957 2828 1993 a
2872 1941 3025 1995 nobis
3056 1941 3248 1995 affecto
3289 1941 3610 1995 contumelia
3638 1942 3662 1995 ?
3700 1940 3831 1996 Vide
3859 1942 3985 1994 inir-

2418 2034 2750 2104 qualitatem.
2773 2034 2851 2087 Es
2868 2033 2931 2087 iis
2947 2032 3111 2097 enim,
3134 2035 3222 2103 qui
3248 2032 3362 2088 haec
3378 2033 3574 2089 faciunt
3599 2034 3651 2089 in
3678 2034 3986 2097 Ecelesiam.

2400 2125 2509 2178 .alii
2549 2124 2762 2193 quidem
2811 2132 2905 2178 aut
2945 2134 3230 2192 numquam
3275 2122 3554 2189 accedunt,
3595 2133 3700 2178 aut‘
3728 2125 3896 2179 semel
3940 2124 3987 2178 iu

2417 2230 2578 2278 anno,
2611 2224 2665 2270 et
2687 2226 2809 2269 tune
2830 2224 3033 2269 temere
3054 2223 3108 2268 et
3133 2212 3631 2284 quomodocumque
3657 2232 3671 2269 :
3699 2214 3788 2268 alii
3816 2223 3987 2268 autem

2418 2306 2750 2377 frequentius
2779 2305 3019 2374 quidem,
3048 2304 3141 2358 sed
3174 2304 3273 2372 ipsi
3314 2318 3528 2372 quoque
3555 2312 3758 2359 temere
3778 2313 3834 2359 et
3862 2304 3989 2359 levi-

2420 2407 2500 2452 ter
2525 2397 2892 2460 disserentes,
2939 2402 2993 2448 et
3035 2394 3104 2448 de
3132 2393 3301 2447 nihilo
3339 2402 3599 2462 augantes
3642 2409 3656 2446 :
3697 2392 3785 2446 alii
3815 2400 3988 2448 autem
4084 2410 4085 2465 ξ

2417 2489 2508 2557 qui
2554 2487 2804 2541 videntur
2830 2485 2972 2540 serio
3011 2479 3170 2553 agere
3192 2525 3207 2547 ,
3246 2482 3295 2536 hi
3324 2491 3450 2536 sunt
3476 2483 3563 2552 qui
3593 2491 3718 2536 sunt
3746 2492 3990 2538 auctores

2386 2576 2403 2584 ’
2421 2578 2576 2648 hujus
2599 2566 2934 2632 calamitatis.
2950 2574 3008 2629 Si
3033 2589 3160 2642 ergo
3185 2587 3279 2627 vos
3298 2587 3510 2642 quoque
3531 2581 3749 2640 propter
3767 2586 3828 2627 ea
3855 2573 3990 2628 serio

2418 2667 2574 2737 agitis
2615 2676 2671 2721 et
2699 2665 2931 2718 studium
2963 2673 3197 2718 vestrum
3246 2661 3463 2730 panitis,
3508 2661 3674 2715 satius
3712 2656 3860 2717 esset
3902 2676 3992 2713 vos
4084 2656 4085 2719 ἴ

2417 2758 2704 2812 collocatos
2746 2771 2867 2811 esse
2893 2770 3013 2810 cum
3053 2754 3442 2823 negligentibus
3472 2769 3486 2806 :
3518 2753 3626 2807 imo
3646 2745 3793 2809 “vero
3831 2753 3991 2808 satius

2418 2855 2596 2908 esset,
2618 2860 2790 2915 neque
2819 2846 2936 2899 illos
2970 2859 3090 2899 esse
3122 2844 3473 2914 negligentes,
3504 2859 3677 2912 neque
3705 2859 3801 2897 vos
3824 2844 3989 2918 tales;

2422 2953 2528 2991 non
2575 2954 2672 2993 vos
2705 2936 2827 2990 dico
2852 2937 2941 3006 qui
2985 2936 3184 2989 adestis
3206 2975 3223 3000 ,
3253 2934 3346 2988 sed
3385 2934 3505 2988 illos
3545 2934 3635 3003 qui
3664 2934 3912 2989 resiliunt
3935 2949 3992 2988 ac
4084 2934 4085 3006 ᾗ

2418 3029 2742 3083 desciscunt.
2774 3027 2849 3081 Ea
2888 3042 2981 3081 res
3026 3034 3108 3080 est
3136 3024 3480 3079 adulterium.
3527 3024 3583 3080 Si
3623 3039 3753 3094 ergo
3790 3025 3905 3079 haec
3931 3025 3992 3078 de
4084 3028 4085 3094 ἦ

2421 3120 2525 3174 illis
2553 3117 2654 3173 dici
2687 3133 2792 3173 non
2832 3115 3104 3181 admittis,
3128 3130 3257 3183 ergo
3297 3128 3397 3168 nec
3435 3113 3504 3168 de
3542 3115 3697 3168 nobis
3728 3133 3742 3167 :
3773 3129 3894 3168 nam
3931 3129 3992 3169 ex

2418 3209 2628 3264 duobus
2653 3208 2880 3262 alterum
2913 3206 3108 3260 factum
3136 3217 3258 3259 esse
3284 3211 3496 3274 oportet
3522 3214 3718 3273 praeter
3742 3202 3909 3274 leges.
3939 3202 3989 3258 Si

2423 3301 2536 3354 ha'c
2563 3313 2691 3369 ergo
2717 3298 2784 3352 de
2812 3297 2967 3351 nobis
2991 3310 3087 3349 vos
3108 3293 3469 3363 suspicamini,
3502 3294 3673 3363 parati
3703 3309 3890 3349 sumus
3914 3309 3996 3349 cc-

2421 3390 2550 3444 dcre
2577 3388 2793 3458 regendi
2817 3401 3011 3441 munus
3038 3385 3122 3440 cui
3148 3385 3342 3439 voletis
3365 3401 3380 3447 ;
3407 3383 3571 3438 modo
3596 3399 3699 3437 una
3724 3386 3793 3439 sit
3822 3384 3996 3440 Eccle-

2423 3482 2500 3534 sia
2534 3498 2548 3535 :
2574 3480 2617 3533 si
2649 3495 2748 3534 uos
2773 3488 2951 3532 autem
2981 3476 3215 3545 legitime
3241 3474 3404 3529 creati
3431 3488 3617 3527 sumus
3638 3514 3652 3536 ,
3684 3472 3996 3542 persuadete

2428 3579 2483 3623 ut
2525 3569 2857 3636 deponantur
2897 3565 2985 3635 qui
3027 3562 3185 3618 sedes
3215 3571 3409 3631 prmter
3450 3561 3591 3628 lcges
3626 3562 3995 3618 ascenderunt.

2426 3658 2551 3714 llaec
2572 3657 2702 3719 dixi.
2732 3670 2837 3709 non
2865 3662 3130 3719 tamquam
3161 3652 3447 3721 imperans.
3467 3650 3560 3704 sed
3585 3664 3679 3704 vos
3708 3659 3855 3706 tutos
3880 3650 3996 3706 red-

2429 3750 2558 3821 dens
2587 3758 2640 3802 et
2662 3746 2822 3801 certis
2847 3744 3089 3800 muniens
3115 3741 3400 3813 praesidiis.
3428 3741 3691 3809 Quoniam
3714 3743 3997 3814 unusquis-

2428 3855 2532 3911 que
2552 3838 2714 3893 habet
2739 3845 2969 3900 aztatcm,
2998 3842 3053 3889 et
3083 3833 3151 3887 de
3177 3832 3244 3887 iis
3261 3846 3383 3902 qua;
3410 3832 3575 3900 gessit
3596 3842 3681 3911 est
3702 3831 4001 3901 redditurus

2432 3908 2694 3988 rationem
2718 3971 2734 3995 ,
2766 3943 2896 3998 rogo
2927 3941 2996 3982 ne
3025 3924 3278 3979 universo
3303 3920 3355 3978 in
3382 3938 3482 3977 nos
3510 3908 3760 3993 conjecto
3780 3965 3798 3990 ,
3820 3924 4000 3980 existi-

2428 4020 2587 4078 metis
2608 4035 2703 4075 vos
2728 4020 2871 4089 ipsos
2896 4032 3001 4071 non
3030 4030 3152 4071 esse
3185 4015 3379 4070 rationi
3406 4014 3695 4069 reddenda:
3723 4015 3998 4076 obnoxios,

2435 4130 2500 4169 ne
2527 4127 2624 4169 vos
2646 4123 2848 4166 temere
2868 4108 3198 4176 deeipientes
3229 4105 3513 4176 plangatis.
3534 4105 3847 4160 Reddemus
3867 4105 4000 4161 enim

2435 4193 2694 4261 rationem
2726 4215 2823 4270 pro
2849 4199 3043 4253 vestris
3067 4195 3368 4260 animabus,
3405 4185 3500 4250 sed
3530 4193 3744 4264 quando
3766 4195 4000 4265 delique-

2435 4298 2619 4360 rimus,
2650 4291 2864 4363 quando
2893 4303 2997 4343 non
3024 4286 3389 4357 rogaverimus
3413 4325 3429 4350 ,
3455 4282 3670 4354 quando
3693 4298 3801 4338 non
3827 4283 4002 4339 admo-

2435 4389 2728 4448 nuerimus,
2755 4380 2969 4453 quando
2994 4394 3101 4434 non
3127 4377 3389 4432 fuerimus
3416 4374 3719 4445 protestati.
3749 4373 3880 4429 Post
3897 4373 4004 4427 haec

2437 4490 2636 4542 autem,
2664 4472 2943 4530 concedite
2972 4479 3029 4524 ut
3050 4482 3151 4538 ego
3175 4479 3388 4536 quoque
3414 4464 3614 4530 dicam,
3650 4461 3879 4518 Mundus
3901 4477 4003 4517 sum

2438 4589 2471 4625 α
2497 4568 2744 4639 sanguine
2775 4553 3039 4629 omuium—(
3054 4559 3166 4612 Act.
3198 4557 3290 4612 20.
3323 4555 3394 4611 26
3416 4557 3455 4625 ),
3484 4564 3560 4621 et,
3589 4554 3828 4608 Animam
3852 4568 4006 4607 meam

2439 4660 2667 4717 liberabit
2693 4656 2830 4710 Deus
2856 4654 2947 4727 (2.
2977 4650 3115 4704 Tim.
3145 4649 3201 4704 4.
3246 4646 3314 4727 ίβ
3334 4646 3381 4717 ).
3409 4645 3576 4700 Dicite
3600 4659 3722 4714 qua:
3756 4644 3934 4709 vultis,
3960 4651 4007 4693 ct

2439 4756 2633 4826 justam
2661 4717 2876 4804 causam
2904 4751 3122 4814 propter
3150 4717 3307 4809 quam
3338 4736 3589 4793 reccditis
3614 4743 3668 4790 et
3693 4735 4006 4794 desciscitis.

2443 4857 2498 4902 et
2525 4859 2625 4916 ego
2647 4837 3003 4910 respondebo.
3032 4832 3137 4890 Sed
3160 4846 3264 4885 non
3290 4829 3505 4884 dicetis.
3536 4827 3644 4883 Vos
3672 4842 3888 4897 quoque
3910 4825 4007 4896 jam

2445 4954 2574 5011 rogo
2610 4946 2668 4990 ut
2701 4943 2919 4989 strenue
2947 4925 3184 4990 instetis',
3217 4932 3275 4976 ut
3301 4920 3571 4976 reducatis
3596 4933 3690 4974 eos
3719 4920 3809 4989 qui
3842 4931 4007 4972 reces-

2447 5006 2630 5087 serunt
2656 5044 2671 5081 :
2696 5034 2753 5077 ttt
2774 5019 3056 5077 unanimes
3076 5013 3363 5085 gratiarum
3391 5011 3657 5087 actionem
3688 5009 3799 5064 Deo
3822 5006 4013 5063 emitta-

2449 5133 2588 5176 mus.
2618 5111 2879 5183 Quoniam
2901 5116 2983 5164 est
3007 5107 3055 5161 ei
3081 5104 3247 5176 gloria
3269 5102 3321 5156 in
3350 5100 3568 5155 saecula.
3596 5102 3790 5155 Amen.

1878 5324 1888 5332 .
2916 5297 4015 5324 ——_——-—-——-———‘

2150 5369 2467 5379 --Α--.--.
2530 5365 2655 5379 -.-α-
3061 5357 3074 5379 Ι

2150 5369 2489 5430 IIOMlLlA
2530 5365 2679 5428 XII.

775 5502 903 5557 (lar.
931 5504 982 5556 4.
1018 5518 1066 5554 v.
1098 5502 1179 5556 Π.
1216 5499 1325 5552 Hoc
1349 5499 1502 5568 igitur
1536 5497 1648 5559 dico
1673 5505 1718 5548 et
1756 5494 1994 5560 testificor
2025 5495 2077 5545 in
2110 5490 2342 5555 Domino,

848 5603 900 5645 ut
937 5593 1052 5663 jam
1089 5608 1189 5644 non
1218 5588 1518 5650 ambulem,
1550 5588 1678 5640 sicut
1717 5595 1763 5639 et
1795 5593 1967 5655 gentes
1983 5571 2257 5635 ambulant
2293 5583 2346 5635 in

846 5685 1065 5740 uanitate
1110 5698 1285 5736 sensus
1328 5682 1406 5734 sui
1430 5720 1446 5744 ,
1496 5678 1708 5732 tenebris
1753 5675 2071 5729 obscuratum
2117 5672 2348 5727 habentes

849 5776 1178 5830 intellectum.
1874 5820 1886 5826 _

836 5870 897 5921 ‘l.
946 5870 1228 5923 Doctore'n
1254 5873 1471 5936 Oportet
1499 5865 1779 5917 instituere
1804 5869 1858 5917 et
1884 5859 2114 5930 dirigere
2143 5857 2351 5912 animos

2452 5485 2851 5558 discipulorum,
2885 5494 2989 5532 non
3022 5477 3192 5530 solum
3220 5469 3550 5526 consulendo
3571 5480 3622 5523 ct
3650 5467 3912 5529 docendo.
3935 5464 4015 5520 sed

2453 5594 2506 5638 ct
2534 5554 2786 5636 terrendo
2811 5581 2867 5627 et
2894 5571 3006 5624 Deo
3035 5564 3311 5621 tradendo.
3342 5560 3472 5616 Nam
3514 5560 3764 5629 quoniam
3807 5573 3925 5626 qua:
3961 5554 4019 5605 ab

2457 5667 2761 5726 hominibus
2789 5662 3038 5716 dicuntur
3081 5665 3350 5724 tamquam
3395 5667 3423 5703 a
3460 5650 3753 5714 conservis,
3784 5666 3887 5703 non
3918 5643 4019 5702 suf-

2460 5761 2642 5816 ﬁciunt
2684 5753 2748 5809 ad
2779 5747 3097 5820 tangendain
3128 5744 3387 5805 animam,
3412 5754 3630 5795 necesse
3659 5749 3743 5793 cst
3773 5739 4017 5804 reliquum

2461 5850 2688 5908 Domino
2717 5843 2948 5901 tradere.
2981 5838 3093 5894 Hoc
3129 5851 3256 5906 ergo
3288 5833 3484 5888 Paulus
3505 5845 3713 5902 quoque.
3735 5831 3879 5885 facit.
3904 5826 4018 5882 Nam

3576 5947 3613 5962 ⁸
