4122 6400
723 408 790 461 39
1386 390 1444 444 S.
1482 387 1768 445 JOANNIS
1807 385 2294 444 CIIBYSOSTOMI
2335 385 2656 444 ABCIIIEI’.
2701 386 3249 443 CONSTANTI'NOP.
3455 418 3463 419 η
3872 384 3929 437 90

717 503 915 570 δειγμα
947 503 1140 572 ἧιάγε.
1175 503 1282 556 Καὶ
1329 505 1460 575 πρὸς
1489 505 1916 568 Θεσσαλονικέας
1946 507 2001 558 δέ
2031 506 2277 575 γράφων,

717 584 777 634 τὸ
799 583 932 635 αὑτὸ
957 582 1112 636 τοῦτο
1132 588 1275 638 ποιεῖ
1305 587 1475 653 λέγων
1497 601 1511 616 ⁸
1535 587 1629 654 Μὴ
1649 587 1718 639 ἐν
1745 587 1916 640 πάθει
1940 588 2277 654 ἐπιθυμίας,

719 665 915 730 καθὼς
955 667 1146 719 καὶτὰ
1177 669 1360 722 λοιπὰ
1387 669 1553 734 ἔθνη.
1595 669 1947 738 Διεστήκατε,
1981 670 2136 738 φησὶ,
2167 671 2280 730 τοῖς

717 746 982 816 δόγμασιν
1005 748 1200 812 αὑτῶν,
1234 751 1371 803 ἀλλά
1392 752 1450 802 τὸ
1479 751 1599 803 ὂλον
1617 750 1805 818 γέγονε
1843 750 1936 803 τοῦ
1967 748 2104 803 Θεοῦ
2127 768 2139 781 ο
2169 750 2281 818 ἐγὼ

717 828 773 881 δὲ
811 829 959 898 ζητῶ
985 830 1054 883 τά
1094 833 1225 900 παρ’
1259 832 1432 900 ὑμῶν,
1467 833 1559 884 τὸν
1595 832 1707 901 βίον
1736 833 1830 884 καὶ
1859 832 1950 884 τὸν
1982 833 2281 899 περίπατον

716 911 808 962 τὸν
839 911 978 963 κατὰ
1013 912 1104 964 τὸν
1134 914 1266 965 Θεόν
1298 912 1336 942 ⁸·
1365 914 1520 965 τοῦτο
1548 914 1811 983 ὑμέτερόν
1844 915 1980 966 ἐστι.
2013 915 2281 983 Μάρτυρα

716 994 773 1045 δὲ
815 994 907 1046 τὸν
944 994 1144 1065 Κύριον
1175 995 1324 1048 καλῶ
1369 994 1477 1047 τῶν
1527 995 1836 1064 είρημένων
1882 997 2025 1065 ἐμοὶ,
2052 995 2134 1047 ὅτι
2183 996 2281 1064 οὑχ

721 1075 1142 1146 ὑπεστειλάμην,
1186 1075 1301 1128 ἀλλ’
1331 1072 1484 1128 εἷπον
1527 1075 1641 1138 πῶς
1689 1076 1771 1127 δεῖ
1805 1078 2140 1146 περιπατεῖν.
2178 1077 2282 1130 Ἐν

713 1157 1076 1224 ματαιότητι.
1111 1159 1263 1227 φησὶ,
1315 1157 1420 1210 τοῦ
1458 1157 1600 1222 νοὸς
1641 1155 1860 1211 αὐτῶν.
1914 1157 1978 1208 Τί
2034 1159 2148 1209 ἐστι
2188 1157 2278 1210 νοῦ

720 1238 1057 1308 ματαιότης;
1093 1239 1166 1292 Τὸ
1210 1240 1337 1309 περὶ
1385 1238 1454 1291 τὰ
1502 1238 1707 1308 μάταια
1749 1237 2108 1308 ὴσχολῆσθαι.
2145 1239 2278 1290 Τίνα

717 1319 774 1371 δέ
808 1322 920 1372 ἐστι
952 1321 1175 1389 μάταια,
1201 1321 1314 1373 ἀλλ’
1339 1321 1372 1391 ἢ
1401 1320 1470 1373 τὰ
1502 1321 1746 1391 παρόντα
1767 1321 2021 1384 ἅπαντας
2054 1321 2181 1390 περὶ
2204 1313 2278 1371 ὦν

717 1417 881 1468 φησιν
913 1403 941 1453 6
980 1401 1424 1471 Ἐκκλησιαστήςο
1481 1401 1815 1468 Ματαιότης
1841 1401 2275 1469 ματαιοτήτων,

713 1479 785 1533 τὰ
813 1480 1007 1534 πάντα
1033 1485 1378 1550 ματαιότης.
1416 1481 1552 1534 Ἀλλ’
1580 1483 1696 1552 ἐρεῖ
1718 1499 1803 1545 τις
1823 1498 1836 1512 ·
1863 1482 1926 1533 Εἰ
1959 1483 2164 1550 μάταια
2185 1481 2278 1533 καὶ⁸

721 1564 1034 1636 ματαιότης,
1063 1565 1208 1624 τίνος
1238 1565 1424 1616 ἐνεκῑν
1453 1564 1676 1632 γέγονεν
1701 1579 1715 1627 ;
1741 1565 1789 1615 εί
1828 1563 1922 1615 τοῦ
1956 1562 2091 1616 Θεοῦ
2118 1563 2276 1633 ἐργα,

720 1645 832 1706 πῶς
865 1647 1103 1715 μάταια;
1139 1647 1234 1699 καὶ
1261 1646 1430 1707 πολὺς
1463 1647 1591 1715 περὶ
1627 1644 1829 1699 τούτων
1852 1646 1880 1696 6
1917 1645 2094 1714 λόγος.
2137 1646 2276 1698 Ἀλλ’

711 1726 898 1788 ἄκουε,
923 1728 1199 1796 ἀγαπητέ·
1229 1729 1302 1779 Οὑ
1333 1725 1401 1778 τά
1435 1726 1529 1778 τοῦ
1560 1725 1695 1778 Θεοῦ
1723 1727 1860 1797 ἐργα
1889 1723 2012 1780 εἶπε
2052 1729 2276 1798 μάταια,

664 1871 666 1873 ς
714 1808 789 1877 μὴ
815 1809 1051 1874 γένοιτο’
1090 1808 1189 1860 οὑκ
1230 1808 1455 1876 οὐρανὸς
1491 1809 1744 1876 μάταιος,
1790 1809 1912 1861 οὑδὲ
1945 1808 2014 1876 γῆ
2049 1810 2276 1876 ματαία,

715 1890 790 1958 μὴ
825 1890 1035 1957 γένοιτο
1054 1905 1068 1920 ⁸
1097 1891 1194 1960 οὑχ
1222 1891 1392 1959 ἥλιος,
1427 1891 1546 1942 οὑδὲ
1579 1891 1775 1959 σελήνη
1808 1894 1901 1943 καὶ
1931 1891 2128 1957 ἄστρα,
2158 1892 2277 1944 οὑδὲ

712 1971 774 2022 τὸ
796 1971 954 2040 σῶμα
977 1973 1038 2024 τὸ
1068 1972 1334 2041 ἡμέτερον
1358 1988 1371 2000 ·
1419 1972 1594 2024 πάντα
1621 1973 1730 2041 γὰρ
1758 1971 1931 2025 ταῦτα
1959 1972 2100 2024 καλὰ
2129 1973 2276 2025 λίαν·

713 2051 847 2105 ἀλλὰ
860 2053 912 2104 τί
930 2054 1157 2122 μάταιον
1179 2069 1193 2117 ;
1227 2052 1572 2123 ’Λκούσωμεν
1589 2053 1752 2106 αὑτοῦ
1772 2053 2021 2120 λέγοντος
2038 2053 2130 2106 τοῦ
2163 2055 2283 2107 Ἐκ-

714 2133 1037 2202 κλησιαστοῦ
1067 2153 1081 2165 ο
1112 2135 1442 2202 Ἐφύτευσά
1478 2154 1580 2204 μοι
1608 2134 1987 2202 ἀμπελῶνας,
2018 2137 2276 2202 ἐποίησά

706 2233 808 2286 μοι
838 2215 1093 2282 ᾄδοντας
1116 2217 1210 2270 καί
1246 2216 1534 2284 ᾀδούσας,
1568 2217 1832 2284 ἐποίησά
1848 2235 1950 2286 μοι
1979 2220 2278 2288 κολυμϐή-

713 2301 858 2366 θρας
891 2299 1147 2366 ὑδάτων,
1170 2300 1408 2368 ἐγένετό
1440 2317 1542 2369 μοι
1564 2300 1806 2368 ποίμνια
1833 2301 1930 2352 καί
1956 2302 2277 2368 βουκόλια,

714 2382 1065 2450 συνήγαγον
1091 2383 1350 2450 χρυσίον
1386 2383 1484 2434 καί
1517 2382 1800 2450 ἀργύριον
1822 2398 1834 2410 ⁶
1875 2383 1973 2435 καί
1998 2379 2156 2437 εἶδον
2189 2386 2274 2437 ὅτι

713 2463 912 2517 πάντα
930 2465 1257 2532 ματαιότης
1276 2481 1290 2495 ο
1328 2463 1421 2516 καὶ¹
1466 2465 1648 2528 πάλιν,
1679 2465 2016 2531 Ματαιότης
2036 2483 2274 2534 ματαιο-

713 2543 928 2610 τήτων,
972 2545 1043 2598 τὰ
1070 2545 1266 2598 ,πάντα
1287 2546 1632 2612 ματαιότης,
1662 2546 1860 2599 ’Ἄκουε
1894 2550 1987 2600 καὶ
2021 2547 2112 2600 τοῦ
2145 2550 2281 2619 Προ-

713 2631 882 2699 φήτου
913 2628 1192 2696 λέγοντοςο
1229 2627 1600 2694 Θησαυρίζει,
1635 2629 1732 2680 καί
1760 2631 1831 2682 οὐ
1854 2629 2134 2698 γινώσκει
2165 2633 2279 2685 τίνι

713 2708 969 2773 συνάξει
995 2710 1164 2762 αὑτά.
1200 2711 1356 2761 Κατά
1382 2709 1538 2761 τοῦτο
1563 2711 1860 2778 ματαιότης
1884 2715 2280 2782 ματαιοτήτων,

713 2793 769 2842 αί
795 2791 1047 2861 λαμπραὶ
1079 2791 1376 2861 οἰκοδομαί,
1409 2793 1436 2843 6
1477 2791 1644 2854 πολὺς
1686 2793 1780 2844 καὶ
1806 2796 2112 2864 περιρρέων
2150 2813 2282 2864 χρυ-

716 2873 826 2935 σὸς.
861 2873 970 2927 τῶν
1003 2874 1349 2944 ἀνδραπόδων
1406 2876 1461 2927 αί
1503 2874 1694 2942 ἀγέλαι
1749 2876 1893 2927 κατά
1931 2877 2029 2946 τὴν
2076 2878 2283 2947 ἀγορὰν

715 2954 991 3018 σοϐοῦσαι,
1021 2957 1049 3009 6
1090 2955 1256 3024 τῦφος
1305 2955 1400 3009 καὶ
1438 2958 1470 3025 ἡ
1505 2955 1802 3021 κενοδοξία,
1841 2958 1908 3011 τὰ
1958 2959 2282 3028 φρονήματα

713 3044 809 3096 καὶ
857 3045 886 3096 6
933 3045 1162 3114 κόμπος.
1197 3043 1382 3098 Ταῦτα
1430 3045 1536 3114 γὰρ
1569 3045 1748 3097 πάντα
1794 3045 2032 3114 μάταια·
2081 3047 2140 3098 οὑ
2174 3045 2281 3115 γὰρ

715 3130 865 3196 παρά
903 3127 1036 3179 Θεοῦ
1075 3129 1385 3197 γεγένηται,
1422 3127 1557 3180 ἀλλά
1608 3129 1736 3195 παρ’
1767 3127 1921 3196 ἡμῶν
1956 3127 2281 3198 δεδημιούρο

712 3226 900 3279 γητσι.
938 3210 1004 3261 Τί
1038 3210 1238 3281 δήποτε
1265 3211 1321 3263 δὲ
1355 3211 1594 3281 μάταια;
1639 3210 1760 3260 Ὅτι
1790 3210 1940 3262 οὐδὲν
1979 3209 2090 3279 ἔχει
2126 3210 2282 3273 τέλος

716 3293 972 3364 χρηστόν.

785 3436 828 3488 Τ
831 3436 866 3489 ἀ
895 3437 1150 3507 χρήματα
1171 3439 1395 3508 μάταια.
1420 3441 1548 3493 ὅταν
1569 3442 1647 3504 είς
1662 3440 1872 3510 τρυφὴν
1900 3437 2279 3509 ἀναλίσκηται·

713 3518 776 3570 οὑ
805 3520 1012 3588 μάταια
1034 3520 1087 3572 δὲ
1115 3523 1343 3588 γίνεται,
1374 3524 1501 3575 ὅταν
1527 3525 1605 3586 είς
1628 3522 1867 3590 πένητας
1897 3521 2280 3592 σκορπίζηται.

717 3599 886 3653 Ὅταν
917 3601 973 3654 δὲ
1012 3605 1090 3664 είς
1131 3603 1338 3674 τρυφὴν
1390 3604 1698 3676 ἁναλὼσῃς,
1755 3605 1953 3674 ἴδωμεν
2007 3603 2187 3655 αὐτῶν
2222 3606 2284 3656 τὸ

716 3683 866 3746 τέλος
894 3683 947 3736 τί
976 3686 1107 3738 ποτέ
1128 3688 1266 3740 ἐστι’
1287 3687 1556 3756 λιπασμὸς
1582 3688 1851 3756 σώματος,
1883 3687 2098 3756 ἐρυγαὶ,
2125 3686 2284 3739 πνεύ-

718 3781 886 3834 ματα,
915 3765 1121 3836 κόπρου
1152 3767 1376 3838 πλῆθος,
1410 3768 1743 3841 καρηϐαρςα,
1785 3768 2024 3837 μαλακία
2061 3768 2280 3838 σαρκὸς,

715 3847 811 3899 καὶ
832 3845 1102 3920 θερμότης
1131 3851 1232 3903 καὶ⁹
1253 3850 1496 3912 ἔκλυσις.
1537 3850 1625 3912 Ὠς
1645 3851 1754 3918 γὰρ
1785 3849 1850 3902 ἂν
1879 3851 1932 3902 εί
1963 3867 2048 3913 τις
2082 3869 2282 3920 τετρη-

720 3929 880 3999 μένον
907 3931 1062 3984 πίθον
1100 3924 1379 3986 ἐπαντλῶν
1411 3934 1781 4004 ματαιοπονεῖ,
1807 3931 1947 3984 οὑτω
1981 3933 2072 3985 καὶ
2104 3936 2132 3985 6
2159 3950 2286 4003 τρυ-

703 4010 834 4080 φῶν
863 4014 938 4075 είς
987 4013 1142 4067 πίθον
1180 4015 1510 4085 τετρημένον
1558 4015 1755 4068 ἀντλεῖ.
1803 4015 2010 4079 Ἄλλως
2042 4015 2120 4080 δὲ,
2178 4016 2284 4086 μά-

718 4111 868 4148 ταιον
911 4096 1124 4163 λέγεται
1171 4095 1232 4149 τὸ
1264 4096 1634 4167 προσδοκηθὲν
1670 4099 1771 4167 μὲν
1820 4097 1963 4167 ἔχειν
1989 4100 2174 4169 τιμὴν,
2208 4101 2284 4171 μὴ

717 4177 951 4247 ἐσχηκὺς
984 4178 1042 4231 δέ
1061 4193 1076 4208 ⁸
1112 4177 1227 4250 [91]
1258 4181 1397 4249 ’ὅπερ
1428 4181 1523 4233 καὶ
1547 4179 1702 4231 κενὸν
1729 4179 1967 4248 λέγουσι,
2002 4174 2285 4244 καῖ’κενάς

721 4261 961 4325 ἐλπίδας,
987 4263 1163 4316 καὶτὸ
1187 4264 1328 4334 εἰκῆ.
1361 4265 1472 4317 Καὶ
1509 4262 1696 4326 ἁπλῶς
1715 4263 1773 4315 δὲ
1808 4265 2036 4334 μάταιον
2067 4266 2284 4333 λέγεται

723 4345 787 4398 τὸ
815 4345 952 4415 πρὸς
980 4345 1144 4416 μηδὲν
1170 4347 1461 4417 χρήσιμον.
1496 4347 1725 4415 Ἵδωμεν
1744 4341 1856 4410 οὑν,
1882 4347 1931 4398 εί
1956 4346 2029 4417 μὴ
2061 4348 2285 4402 τοιαῦτα

717 4429 786 4482 τὰ
815 4428 1146 4497 ἀνθρώπινα.
1186 4429 1464 4498 Φὰγωμεν
1495 4429 1594 4481 καί
1633 4430 1887 4497 πίωμεν·
1932 4431 2142 4498 αὔριον
2175 4429 2286 4499 γὰρ

719 4512 1202 4580 ἀποθνήσκομεν.
1239 4511 1304 4563 Τί
1342 4507 1433 4564 οῦν
1463 4511 1524 4563 τὸ
1556 4512 1726 4575 τέλος,
1775 4513 1896 4564 εἰπέ
1931 4529 2053 4580 μοις
2083 4511 2282 4582 Φθορά.

731 4595 1111 4663 Ἐνδυσὼμεθα
1147 4595 1242 4648 καὶ
1273 4593 1719 4663 περιϐαλώμεθα,
1757 4595 1850 4647 καὶ
1895 4594 1948 4645 τί
1985 4594 2046 4646 τὸ
2077 4595 2281 4664 πέρας;

719 4677 907 4732 Οὑδέν.
949 4677 1184 4731 Τοιαῦτά
1220 4694 1364 4738 τινες
1390 4675 1499 4728 τῶν
1554 4675 1819 4746 Ἑλλήνων
1866 4675 2283 4746 ἐφιλοσόφησαν,

720 4760 857 4813 ἀλλά
900 4761 1106 4831 μάτηνο
1166 4759 1254 4812 τὸν
1289 4758 1522 4829 σκληρὸν
1585 4757 1697 4828 βίον
1748 4758 2110 4824 ἐπεδείξαντο,
2171 4758 2284 4810 ἀλλ’

720 4842 927 4906 ἁπλῶς,
967 4844 1026 4894 οὐ
1081 4841 1218 4912 πρός
1261 4858 1312 4893 τι
1357 4841 1508 4902 τέλος
1541 4841 1809 4910 χρήσιμον
1860 4839 2113 4909 ὁρῶντες,
2151 4839 2286 4893 ἀλλὰ

723 4925 858 4993 πρὸς
893 4924 1194 4987 κενοδοξίαν
1225 4925 1318 4988 καῖ
1338 4923 1436 4991 τὴν
1460 4922 1610 4991 παρά
1628 4921 1734 4974 τῶν
1765 4921 1974 4974 πολλῶν
2003 4923 2189 4992 τιμήν.
2221 4921 2285 4972 Τί

721 5008 776 5060 δὲ
810 5008 845 5076 ἡ
877 5007 1026 5076 παρά
1068 5007 1174 5059 τῶν
1215 5005 1424 5058 πολλῶν
1459 5005 1627 5074 τιμή;
1658 5003 1846 5058 Οὑδέν.
1883 5004 1943 5055 ΕΞ
1987 5003 2092 5072 γὰρ
2133 5003 2288 5055 αὑτοὶ

722 5090 772 5142 οἱ
801 5088 902 5158 τὴν
927 5089 1089 5158 τιμὴν
1116 5090 1476 5158 παρεχόμενοι
1500 5086 1853 5150 ἀπόλλυνται,
1877 5084 2053 5154 πολλῷ
2083 5085 2286 5154 μᾶλλον

725 5178 758 5246 ἡ
791 5178 947 5246 τιμή.
980 5177 1039 5230 '0
1068 5177 1234 5246 τιμὴν
1279 5176 1532 5246 παρέχων
1581 5173 1771 5244 ἑτέρῳ,
1809 5169 1995 5240 ἑαυτῷ·
2025 5170 2288 5240 πρότερον

725 5260 928 5326 ὀφείλει
950 5262 1249 5329 παρασχεῖν
1273 5276 1288 5290 σ
1320 5259 1368 5310 εἰ
1400 5258 1456 5309 δὲ
1483 5256 1557 5326 μὴ
1584 5254 1817 5325 παρέχοι
1848 5251 2047 5320 ἐαυτῷ,
2071 5251 2189 5315 πῶς
2222 5251 2288 5303 ἂν

728 5341 900 5411 ἑτέρῳ
932 5342 1185 5411 παρέξοι;
1227 5339 1340 5393 Νῦν
1372 5339 1428 5392 δὲ
1459 5338 1551 5391 καὶ
1596 5338 1693 5400 τάς
1731 5335 1896 5405 τιμὰς
1933 5333 2202 5404 ζητοῦμεν
2231 5331 2290 5395 ἐξ

728 5423 959 5476 εὐτελῶν
987 5425 1078 5476 καὶ
1108 5422 1599 5491 εὐκαταφρονήτων
1626 5417 1855 5488 ἀνδρῶν,
1881 5416 2092 5486 ἀτίμων
2122 5416 2290 5468 ὄντων

730 5502 821 5558 καὶ
855 5506 1246 5559 ἐπονειδίστων.
1271 5505 1407 5558 Ποία
1435 5500 1528 5557 οῦν
1559 5501 1699 5570 αῦτη
1730 5500 1902 5569 τιμὴ;

791 5709 818 5737 ι
842 5694 998 5756 Alius,
1024 5695 1143 5742 κατὰ
1166 5695 1244 5742 τὸν
1282 5695 1395 5758 βίον.
1425 5695 1480 5743 IIl
1525 5692 1593 5742 sic
1628 5694 1818 5753 legarat
1865 5693 2118 5752 intolpres
2161 5691 2292 5740 Lali-

730 5771 839 5806 ιιιιε.

2462 508 2527 578 β’.
2544 507 2706 575 Ὁρᾷς
2724 506 2805 557 ὅτι
2825 505 3116 573 ματαιότης
3143 502 3518 573 ματαιοτήτων
3537 501 3607 552 τά
3628 498 3803 551 πάντα
3817 515 3831 561 ς
3846 501 3928 550 Διὰ

2386 589 2544 641 τοῦτο
2560 589 2764 655 ἐλεγεψ
2796 589 2897 640 Ἑν
2913 589 3263 655 ματαιότητι
3281 585 3386 638 τοῦ
3404 584 3546 649 νοὸς
3563 580 3782 636 αὐτῶν.
3808 581 3927 633 Ἀλλ’

2389 673 2422 740 ἡ
2453 671 2716 742 θρησκεία
2754 670 2932 722 αὑτῶν
2964 672 3026 722 οὑ
3062 668 3324 736 τοιαύτης
3351 667 3416 719 Τί
3439 666 3556 732 δαί;
3585 661 3694 736 ἆρα
3722 663 3782 716 οὑ
3819 662 3931 726 ξύλα

2389 755 2482 806 καὶ
2521 753 2657 804 λίθοι
2704 753 2771 804 τὰ
2818 750 3300 821 προσκυνούμενας
3343 749 3531 802 Ἥλιον
3569 747 3781 816 φαίνειν
3820 747 3933 814 ἡμῖν

2389 837 2643 903 ἐποίησεν
2682 834 2802 885 ἀντὶ
2851 834 3042 903 λύχνου
3067 851 3079 866 ·
3129 832 3213 894 τίς
3259 831 3349 884 τὸν
3397 831 3590 899 λύχνον
3631 830 3722 881 τὸν
3758 827 3931 881 ἐαυτοῦ

2389 918 2711 986 προσκυνεῖ;
2734 916 2923 987 ’Ἥλιος
2953 913 3184 984 παρέχει
3206 912 3269 965 τὸ
3286 913 3399 980 φῶς
3419 929 3435 942 ·
3459 912 3575 964 ἀλλ’
3593 912 3721 964 ὅταν
3749 912 3932 969 ἐκεῖνος

2391 997 2466 1068 μὴ
2493 998 2735 1068 δύνηται,
2753 997 2942 1065 λύχνος
2974 993 3224 1049 δύναται·
3253 995 3306 1048 τί
3335 994 3515 1046 τοίνυν
3534 993 3595 1046 οὑ
3627 994 3934 1062 προσκυνεῖς

2387 1091 2478 1144 τὸν
2511 1091 2735 1161 λύχνον;
2782 1091 2909 1154 Ναὶ,
2964 1090 3116 1158 φησὶ,
3148 1088 3438 1159 προσκυνῶ
3476 1087 3536 1139 τὸ
3578 1085 3713 1156 πῦρ.
3766 1084 3933 1161 Ὢιτοῦ

2387 1154 2654 1239 γέλωτοςί
2681 1171 2915 1238 τοσαύτη
3017 1154 3210 1240 ὑϐρις,
3251 1170 3346 1223 καὶ
3380 1170 3480 1222 οὑκ
3513 1154 3778 1240 αἰσχύνῃς
3814 1154 3935 1234 Ὅρα

2385 1254 2443 1306 δὲ
2473 1255 2569 1307 καὶ
2615 1255 2808 1322 ἐτέραν
2856 1251 3018 1305 πάλιν
3043 1269 3057 1281 ·
3089 1250 3162 1303 T6
3194 1249 3670 1322 προσκυνούμενον
3717 1249 3769 1301 τί
3803 1248 3936 1301 c651-

2386 1335 2560 1401 νύεις;
2586 1335 2639 1387 τί
2668 1335 2988 1400 ἀπολλύεις;
3020 1335 3072 1386 τί
3101 1335 3344 1403 ἀναιρεῖς
3367 1348 3461 1384 σου
3492 1331 3584 1383 τὸν
3606 1330 3762 1397 θεόν;
3790 1330 3871 1382 διὰ
3893 1329 3938 1378 τί

2391 1416 2464 1486 μὴ
2487 1419 2786 1486 συγχωρεῖς
2802 1416 2902 1485 τὴν
2923 1414 3100 1468 οἰκίαν
3125 1411 3509 1488 ἐμπεπλῆσθαι
3537 1410 3702 1465 αὑτοῦ
3725 1430 3738 1475 ;
3765 1412 3825 1463 Et
3843 1411 3938 1478 γὰρ

2388 1497 2508 1561 θεός
2537 1500 2652 1550 ἐστι
2676 1498 2736 1550 τὸ
2779 1496 2910 1566 πῦρ,
2952 1493 3292 1564 ἐπινεμέσθω
3327 1512 3417 1547 σου
3447 1495 3507 1547 16
3540 1493 3719 1561 σῶμα,
3768 1493 3841 1561 μὴ
3871 1493 3940 1558 τῷ

2387 1578 2620 1648 πυθμένι
2642 1580 2738 1649 τῆς
2758 1580 2962 1648 χύτρας
2991 1579 3086 1631 καὶ
3106 1577 3200 1629 τοῦ
3225 1575 3450 1646 λέϐητος
3480 1575 3572 1628 τὸν
3598 1575 3721 1628 θεὸν
3749 1573 3938 1627 ὑποϐά-

2387 1659 2483 1729 λῃς
2505 1677 2516 1688 ·
2543 1660 2730 1726 εἴσαγε
2761 1662 2841 1721 είς
2861 1661 2930 1712 τά
2949 1661 3171 1729 ταμεῖα,
3189 1657 3374 1724 εῖσαγε
3403 1657 3483 1719 είς
3509 1657 3576 1709 τά
3604 1654 3805 1726 σηρικά
3829 1654 3940 1724 ίμά·

2386 1757 2498 1793 τια.
2540 1741 2611 1793 Σὺ
2655 1741 2713 1794 δὲ
2760 1741 2820 1793 οὑ
2859 1741 3020 1810 μόνον
3069 1740 3170 1791 οὑκ
3222 1739 3482 1805 εἰσάγεις,
3537 1738 3674 1790 ἀλλά
3720 1737 3822 1789 κᾶν
3865 1736 3940 1787 διὰ

2388 1822 2739 1891 περιπέτειαν
2793 1839 2938 1884 τινος
2993 1819 3304 1891 ἐπεισέλθῃ.
3367 1819 3632 1872 πάντοθεν
3693 1819 3937 1878 ἐλαύνεις.

2388 1905 2597 1967 πάντας
2628 1905 2939 1972 συγκαλεῖς,
2971 1908 3065 1956 καὶ
3101 1902 3288 1972 ῶσπερ
3317 1902 3505 1972 θηρίου
3541 1902 3690 1963 τινὸς
3713 1901 3941 1954 ἐπεισελ-
4032 1903 4033 1960 1

2389 1985 2588 2050 θόντος,
2619 1986 2783 2057 ὀδύρῃ
2814 1988 2908 2040 καὶ
2938 1986 3164 2047 στένεις,
3193 1986 3288 2036 καὶ
3320 1983 3604 2054 συμφορὰν
3636 1983 3700 2034 τὸ
3725 1984 3941 2054 πρᾶγμα
4032 1979 4033 2024 ἒ

2389 2070 2574 2133 καλεῖς
2625 2069 3071 2141 ὑπερϐάλλουσαν
3123 2068 3184 2120 τὸ
3235 2066 3330 2118 τὸν
3379 2067 3500 2118 θεόν
3549 2082 3643 2117 σου
3681 2068 3940 2136 παρεῖναι.
4032 2059 4033 2080 3

2393 2151 2542 2220 Ἔχω
2562 2149 2672 2218 ἐγὼ
2699 2151 2851 2215 Θεὸν,
2881 2151 2976 2203 καὶ
2997 2149 3174 2202 πάντα
3203 2142 3363 2208 ποιῶ,
3381 2147 3521 2200 ὣστε
3551 2146 3716 2199 αὑτὸν
3741 2148 3946 2212 ἐνστερ-

2389 2232 2660 2296 νίσασθαι,
2711 2234 2804 2286 καὶ
2853 2231 3226 2303 μακαριότητα
3262 2229 3500 2298 ἐμαυτοῦ
3543 2227 3809 2298 ἡγοῦμαι,
3857 2229 3944 2292 οὑχ
4032 2275 4033 2282 η

2388 2315 2516 2366 ὅταν
2543 2313 2642 2385 τὴν
2679 2315 2854 2366 οἰκίαν
2881 2313 3278 2382 ἐπισκέπτηται
3315 2315 3414 2381 τὴν
3445 2311 3604 2380 ἐμὴν,
3643 2311 3760 2364 ἀλλ’
3790 2311 3855 2364 ἂν
3876 2313 3946 2368 εἰς

2389 2397 2487 2466 τὴν
2520 2397 2748 2467 καρδίαν
2781 2398 2942 2449 αὑτὸν
2975 2395 3186 2448 ἑλκύσω
3225 2395 3324 2465 τὴν
3367 2395 3529 2464 ἐμήν.
3571 2394 3838 2446 Ἐλκυσον
3863 2393 3947 2443 καὶ
4032 2401 4033 2412 ‘

2393 2482 2456 2534 σὺ
2479 2480 2538 2534 τὸ
2561 2478 2672 2550 πῦρ
2693 2482 2773 2542 είς
2802 2478 2898 2548 τὴν
2919 2477 3146 2549 καρδίαν
3165 2476 3264 2546 τὴν
3291 2478 3408 2545 σήν.
3434 2475 3612 2537 Γέλως
3642 2474 3834 2536 ταῦτα,
3859 2475 3949 2525 καὶ

2395 2561 2710 2636 ματαιότης.
2747 2561 2922 2614 Καλὸν
2950 2561 3010 2613 τὸ
3049 2559 3160 2630 πῦρ
3189 2562 3270 2622 εἰς
3299 2559 3515 2629 χρῆσιν,
3543 2559 3645 2610 οὑκ
3674 2559 3754 2621 είς
3788 2573 3947 2626 προσ-

2390 2644 2614 2714 κύνησιν
2636 2658 2649 2672 °
2681 2645 2776 2705 ἐίς
2819 2641 3114 2703 διακονίαν,
3151 2643 3230 2703 είς
3265 2639 3589 2710 ὑπηρεσίαν,
3614 2642 3697 2701 είς
3739 2639 3800 2692 1:6
3835 2638 3948 2691 δουο

2390 2726 2566 2779 λεύειν
2599 2725 2741 2795 ἐμοὶ,
2773 2725 2872 2777 οὑκ
2904 2724 2983 2784 είς
3014 2722 3074 2775 τὸ
3102 2724 3323 2793 κρατεῖν
3357 2720 3489 2791 ἐμοῦ
3516 2737 3530 2751 ·
3565 2723 3743 2774 ἐκεῖνο
3765 2721 3830 2773 δι’
3858 2721 3951 2789 ἐμὲ

2392 2808 2635 2876 γέγονεν,
2663 2805 2760 2858 οὑκ
2792 2804 2903 2872 ἐγὼ
2933 2805 3000 2858 δι’
3032 2805 3182 2856 αὑτό.
3211 2805 3274 2856 Εἰ
3297 2804 3620 2873 προσκυνεῖς
3649 2802 3711 2856 τὺ
3745 2803 3872 2875 πῦρ,
3903 2802 3950 2852 τί

2392 2890 2553 2950 αὑτὸς
2582 2887 2680 2959 μὲν
2723 2887 2816 2940 ἐπὶ⁹
2845 2887 2946 2955 τῆς
2986 2885 3175 2954 κλίνης
3217 2885 3562 2945 κατάκεισαι,
3605 2883 3856 2954 μαγείρῳ
3899 2883 3951 2934 δὲ

2392 2971 2631 3034 κελεύεις
2659 2969 2994 3039 παρεστάναι
3016 2985 3109 3024 σου
3134 2965 3216 3038 τῷ
3233 2967 3373 3037 θεῷ;
3400 2967 3570 3029 Αὑτδς
3586 2967 3839 3032 ἀνάδεξαι
3863 2965 3953 3036 τὴν

2395 3053 2743 3123 μαγειρικὴν,
2774 3051 2868 3103 καὶ
2890 3050 3193 3119 ἀρτοκόπος
3226 3047 3405 3116 γενοῦ,
3433 3052 3478 3099 εί
3499 3047 3707 3116 βούλει,
3729 3049 3825 3102 καὶ
3842 3049 3955 3117 χαλ-

2393 3134 2544 3198 κεύς;
2588 3134 2756 3187 Οὑδέν
2810 3133 2917 3202 γὰρ
2961 3131 3166 3184 τούτων
3213 3131 3320 3182 τῶν
3363 3131 3566 3199 τεχνῶν
3613 3130 3953 3199 τιμιώτερον.

2391 3216 2577 3284 ἐπειδὴ
2606 3213 2778 3267 ταῦτα
2804 3215 2833 3265 6
2868 3213 2958 3276 c6;
2989 3213 3374 3266 ὲπισκέπτεται
3405 3211 3545 3273 θεός.
3578 3213 3642 3264 τί
3674 3211 3832 3281 ὓϐριν
3853 3214 3954 3280 ἡγῇ

2389 3299 2490 3368 τὴν
2522 3298 2739 3367 τέχνην,
2775 3296 2900 3349 ἔνθα
2954 3311 3048 3347 σου
3082 3293 3248 3356 πολὺς
3277 3296 3305 3346 6
3345 3293 3495 3356 056;;
3536 3295 3586 3346 τί
3614 3295 3727 3355 τοῖς
3756 3292 3959 3352 δούλοις

2393 3383 2715 3443 ἐπιτάττεις,
2735 3379 2898 3441 αὑτὸς
2912 3379 2966 3430 δὲ
2987 3379 3047 3430 οὑ
3066 3376 3373 3440 καταξιοῖς;
3401 3375 3579 3429 Καλὸν
3599 3375 3659 3428 τὸ
3687 3373 3804 3447 [92]
3829 3373 3956 3443 πῦρ,

2392 3464 2575 3532 ἐπειδὴ
2611 3464 2704 3516 καὶ
2738 3461 2903 3514 καλοῦ
2935 3458 3293 3530 δημιουργοῦ.
3330 3459 3443 3510 ἀλλ’
3491 3459 3552 3511 οὑ
3598 3457 3719 3520 θεός
3741 3475 3757 3489 ο
3805 3457 3960 3528 ἔργον

2390 3548 2499 3616 γὰρ
2549 3547 2706 3606 Θεοῦ,
2773 3545 2835 3596 οὑ
2885 3544 3006 3604 θεὸς
3056 3541 3279 3610 ἐκλήθη.
3337 3542 3449 3609 Οὐχ
3499 3543 3631 3610 ὁρᾷς
3689 3539 3858 3593 αὑτοῦ
3906 3543 3960 3591 τὸ

2392 3629 2659 3685 ἄτακτονς
2687 3627 2800 3688 πῶς
2830 3626 2958 3677 ὅταν
2982 3622 3308 3691 ἐπιλάϐηται
3332 3622 3528 3684 οἰκίας,
3552 3621 3790 3691 οὐδαμοῦ
3816 3623 3958 3675 ἵστα-

2389 3729 2479 3763 ται
2504 3709 2664 3775 ;,ἀλλ’
2697 3709 2790 3761 ἐὰν
2816 3709 2915 3776 σχῇ
2953 3706 3153 3774 συνεχῆ
3187 3721 3328 3766 τινα,
3357 3706 3534 3758 πάντα
3561 3705 3835 3773 καθαιρεῖ,
3861 3706 3961 3758 xiv

2395 3794 2469 3862 μὴ
2497 3793 2760 3845 τεκτόνων
2785 3789 3020 3860 χεῖρεςῆ
3049 3789 3144 3841 καὶ
3175 3788 3347 3841 ἄλλων
3376 3787 3539 3840 τινῶν
3575 3788 3840 3840 σϐέσωσιν
3863 3789 3961 3840 αὖ-

2392 3874 2484 3928 τοῦ
2511 3874 2610 3944 τὴν
2645 3872 2859 3943 μανίαν,
2891 3871 2952 3924 οὑ
2986 3870 3172 3940 φίλους
3201 3867 3364 3930 οἶδεν,
3398 3870 3462 3922 οὑ
3494 3868 3809 3937 πολεμίους,
3846 3871 3906 3922 ἀι
3918 3868 3962 3918 λ’

2389 3955 2590 4028 ὁμοίως
2616 3957 2748 4008 πᾶσι
2790 3954 3072 4023 κέχρηται.
3109 3951 3286 4006 Τοῦτο
3312 3948 3404 4004 οὖν
3445 3951 3587 4014 θεὸς,
3615 3950 3715 4003 καὶ
3749 3952 3848 4003 οὑκ
3883 3953 3965 4003 αξ-

2395 4040 2684 4109 σχύνεσθε;
2714 4040 2920 4098 Ὄντως
2949 4035 3130 4098 καλῶς
3154 4031 3328 4087 εἶπενο
3363 4033 3468 4086 Ἐν
3487 4035 3832 4101 ματαιότητι
3853 4035 3966 4086 τοῦ

2392 4122 2532 4186 νοὸς
2566 4118 2784 4174 αὐτῶν.
2827 4118 2965 4169 Ἀλλ’
2998 4119 3026 4170 ὁ
3057 4116 3230 4186 ἥλιος,
3265 4115 3420 4184 φησὶ,
3453 4114 3596 4176 θεός.
3630 4115 3802 4167 Τοῦτο
3829 4116 3962 4182 γὰρ.
4032 4129 4033 4136 ‘

2394 4203 2515 4258 εἰπέ
2552 4220 2663 4272 μοι,
2697 4200 2882 4263 πόθεν,
2923 4200 3017 4253 καὶ
3054 4199 3142 4252 διὰ
3180 4199 3265 4262 τίς
3297 4199 3380 4251 ὅτι
3412 4195 3527 4264 φῶς
3563 4197 3756 4264 ἀφίησι
3791 4197 3965 4256 πολύ;

2407 4285 2545 4339 Ἀλλ’
2573 4286 2671 4353 οὑχ
2696 4285 2829 4354 ὁρᾷς
2859 4280 3022 4335 αὑτὸν
3049 4279 3346 4349 νικώμενον
3371 4278 3477 4331 ὑπὸ
3505 4277 3615 4330 τῶν
3642 4281 3837 4344 νεφῶν,
3871 4280 3967 4329 καὶ

2393 4370 2608 4438 ἀνάγκῃ
2634 4366 2951 4420 δουλεύοντα
2987 4363 3221 4430 φύσεως,
3258 4362 3351 4414 καὶ
3386 4359 3704 4413 ἐκλείποντα
3735 4359 3827 4412 καὶ
3854 4361 3968 4412 ὑπὸ

2395 4453 2623 4522 σελήνης
2667 4451 2759 4504 καὶ
2793 4448 2986 4517 νέφους
3023 4445 3431 4516 κρυπτόμενον;
3473 4441 3664 4495 Καίτοι
3707 4458 3771 4508 γε
3802 4442 3966 4510 νέφος

2392 4533 2778 4599 ἀσθενέστερον
2809 4530 2984 4600 ἡλίου,
3013 4527 3126 4580 ἀλλ’
3158 4528 3308 4592 ὅμως
3335 4523 3604 4592 πολλαχοῦ
3639 4526 3844 4593 κρατεῖ,
3870 4527 3967 4576 καὶ

2392 4615 2553 4668 τοῦτο
2585 4614 2640 4666 δὲ
2680 4615 2778 4681 τῆς
2809 4611 2901 4664 τοῦ
2938 4609 3073 4663 Θεοῦ
3117 4608 3307 4674 σοφίας
3339 4605 3510 4676 ἔργον
3531 4605 3699 4656 ἐστίν.
3746 4606 3804 4658 ’0
3835 4605 3966 4666 Θεὸς

2393 4695 2680 4767 παναρκὴς
2711 4690 2848 4747 εἶναι
2885 4687 3298 4761 ὀφείλει,ιοῦτος
3338 4690 3394 4742 δέ
3438 4687 3650 4740 πολλῶν
3695 4690 3846 4740 ἐστιν
3875 4691 3966 4741 ἐν-

2392 4780 2518 4848 δεής
2541 4793 2555 4806 ’
2578 4777 2738 4829 τοῦτο
2758 4774 2814 4829 δὲ
2844 4775 2944 4828 οὑκ
2967 4773 3082 4827 ἐστι
3111 4771 3269 4824 Θεοῦ.
3295 4773 3476 4824 Δεῖται
3509 4769 3618 4838 γὰρ
3645 4769 3806 4837 ἀέρος
3829 4771 3968 4838 πρὶς

2394 4862 2455 4913 τὸ
2486 4861 2672 4930 φᾶναι,
2700 4859 2792 4911 καὶ
2821 4857 2980 4925 ἀέρος
3003 4854 3204 4908 λεπτοῦ
3225 4870 3239 4883 ο
3267 4852 3343 4916 ὡς
3369 4854 3394 4905 ὃ
3421 4869 3485 4921 γε
3513 4853 3718 4921 σφόδρα
3747 4867 3968 4903 πυκνω·

2395 4943 2508 5007 θεὶς
2535 4943 2634 4995 οὑκ
2656 4940 2848 5008 ἀφίησι
2872 4938 2968 5008 τὴν
2992 4939 3183 4990 ἀκτῖνα
3204 4933 3444 4988 διαδῦναι
3470 4951 3482 4963 ·
3514 4934 3686 4985 δεῖται
3711 4933 3804 4984 καὶ
3836 4933 3967 4984 ὑδα-

2395 5043 2504 5089 τος,
2531 5024 2626 5077 καὶ
2654 5025 2839 5091 ἑτέρου
2869 5021 2963 5072 τοῦ
2988 5021 3293 5088 ἐπέχοντος,
3324 5016 3463 5068 ὥστε
3496 5015 3572 5086 μὴ
3603 5009 3967 5082 καταφλέξαι.

2397 5109 2460 5160 Εἰ
2489 5107 2596 5176 γὰρ
2627 5104 2700 5175 μὴ
2734 5103 2907 5172 πηγαὶ
2939 5102 3034 5154 καὶ
3053 5101 3240 5169 λίμναι
3270 5098 3365 5151 καὶ
3386 5096 3622 5164 ποταμοὶ
3650 5095 3742 5148 καὶ
3763 5093 3970 5148 θάλασο

2401 5208 2489 5242 σαι
2527 5188 2648 5241 τινὰ
2697 5186 2971 5259 ὑγρότητα
3014 5183 3101 5236 διὰ
3130 5183 3228 5251 τῆς
3265 5180 3374 5233 τῶν
3407 5179 3596 5246 ἀτμῶν
3628 5176 3970 5259 συνέστησαν

2398 5272 2722 5331 ἀναδόσεως,
2786 5257 2938 5319 οὑδὲν
3000 5265 3067 5318 ἂν
3126 5262 3397 5316 ἐκώλυσεν
3453 5257 3842 5328 ἐκπυρωθῆναι
3888 5260 3969 5308 *τὰ

2400 5354 2594 5407 πάντα.
2631 5350 2792 5419 Ὁρᾷς
2813 5344 2926 5410 οὖν,
2953 5345 3138 5416 φησὶν,
3162 5345 3250 5396 ὅτι
3275 5342 3423 5406 θεός;
3458 5342 3524 5393 Ὢ
3547 5343 3646 5408 τῆς
3673 5337 3903 5408 μανίαςί
3925 5338 3972 5389 ὦ

2397 5436 2490 5488 τοῦ
2537 5433 2804 5501 γέλωτοςῑ
2844 5427 3050 5498 ἐπειδὴ,
3088 5426 3244 5496 φησὶ,
3282 5421 3761 5501 βλάψαιλδύναται,
3820 5419 3970 5481 θεός.

2400 5517 2511 5572 Καὶ
2545 5499 2651 5584 μὴν
2687 5511 2773 5565 διὰ
2801 5511 2956 5563 τοῦτο
2997 5510 3058 5561 οὑ
3090 5509 3228 5570 θεὸς,
3261 5507 3342 5558 δτι
3373 5508 3431 5558 ὲν
3459 5499 3540 5568 οἷς
3573 5504 3671 5573 μὲν
3711 5501 3970 5570 βλάπτει,

2400 5596 2610 5658 οὐδενὸς
2632 5596 2821 5656 δεῖται,
2851 5595 2907 5643 ἐν
2927 5586 3006 5653 οἷς
3035 5591 3090 5642 δὲ
3118 5589 3337 5657 ὠφελεῖ,
3366 5586 3578 5640 πολλῶν
3606 5585 3809 5653 ἐτέρων
3836 5584 3975 5654 χρῇ-

2403 5682 2522 5744 ζει·
2550 5675 2685 5730 Θεοῦ
2719 5675 2773 5728 δὲ
2814 5673 2874 5727 :6
2912 5674 3010 5742 μὲν
3043 5671 3323 5740 βλάπτειν,
3382 5670 3586 5738 πόρρω,
3620 5666 3681 5718 τὸ
3717 5665 3772 5716 δέ
3819 5665 3966 5732 ὠφες

2402 5765 2534 5827 λεῖν,
2572 5761 2789 5815 οἰκεῖον.
2828 5758 2994 5812 Ὅταν
3023 5751 3114 5809 οῦν
3167 5754 3226 5806 τὸ
3273 5753 3512 5806 ἐναντίον
3556 5745 3611 5825 ᾖ,
3658 5748 3773 5811 πῶς
3808 5747 3971 5810 θεός;
4031 5739 4033 5750 ¹
