4108 6312
149 386 204 438 8'.)
1032 373 1092 427 IN
1134 371 1349 427 ENST.
1395 371 1482 423 AD
1525 369 1762 424 EI‘HES.
1805 369 1957 424 (ZAI‘.
2006 370 2091 423 IV.
2137 370 2370 427 IIOMIL.
2417 372 2530 427 XII.
3331 384 3399 433 90

149 513 250 552 cum
275 495 335 549 de
357 491 660 547 humilitate
686 488 1025 543 disseruisset
1051 497 1107 540 et
1135 484 1203 540 dc
1235 485 1451 547 unione,
1481 493 1534 537 et
1560 481 1700 552 quod

153 603 240 639 non
268 589 502 651 oporteat
530 581 759 632 alterum
789 585 972 632 contra
996 577 1222 629 alterum
1259 575 1552 641 insurgere,
1579 571 1702 625 audi

148 675 258 744 quid
284 675 417 728 dicat
446 689 460 725 :
499 669 614 722 Hoc
641 686 757 738 ergo
789 667 902 721 dico
929 677 974 720 et
1007 666 1246 733 testiﬁcor
1286 667 1337 716 iu
1379 663 1617 723 Domino,
1650 671 1704 715 ut

141 772 348 835 jamnon
376 762 644 816 ambuletis
673 762 803 813 sicut
829 767 874 811 et
905 749 1072 826 gentes
1098 756 1377 808 ambulant.
1407 753 1519 807 Non
1548 753 1701 818 dixit,

148 859 246 912 Non
271 856 491 925 amplius
518 851 804 906 atnbuletis
834 850 972 903 sicut
1006 847 1292 901 ambulatis
1324 861 1338 908 ;
1373 845 1533 898 nimis
1561 844 1701 896 enim

149 950 378 1019 pungitea
416 946 620 1021 oratio;
654 943 749 998 sed
781 942 1007 1010 idipsum
1036 940 1250 1021 quidem
1280 937 1614 1007 signiﬁcavit,
1634 936 1702 990 ab

147 1014 430 1093 aliisvautem
454 1014 605 1089 duxit
627 1035 950 1103 exemplum.
984 1033 1151 1087 Porro
1172 1014 1238 1084 ad
1258 1029 1702 1084 ThessaloniCcn-

146 1147 218 1183 sos
244 1143 447 1199 quoque
474 1128 736 1190 scribens,
772 1125 874 1178 hoc
917 1123 1042 1177 facit
1069 1121 1255 1176 dicens
1290 1139 1302 1172 :
1349 1120 1465 1173 Non
1497 1119 1550 1172 in
1579 1136 1699 1187 pas-

145 1225 264 1274 sione
286 1220 511 1274 desiderii
542 1218 674 1270 sicut
705 1227 749 1270 et
774 1226 966 1269 cazterw
991 1223 1160 1285 gentes
1187 1213 1204 1282 (
1235 1216 1284 1266 1.
1312 1211 1494 1265 Thess.
1525 1212 1576 1264 4.
1603 1211 1697 1278 5).

148 1317 213 1367 Ab
250 1314 471 1375 illorum,
505 1310 698 1379 inquit,
729 1307 1064 1378 dogmatibus
1088 1305 1384 1359 dissentitis
1413 1321 1427 1368 ;
1467 1303 1560 1357 sed
1598 1303 1700 1357 hoc

147 1418 291 1462 totum
321 1408 406 1461 Dei
449 1424 461 1458 :
496 1390 596 1475 ego
625 1413 803 1458 autem
845 1418 905 1456 ea
953 1417 1136 1470 qu:ero
1164 1415 1283 1468 qua:
1316 1415 1345 1452 a
1385 1397 1537 1451 vobis
1576 1405 1701 1449 sunt

147 1499 438 1566 pratstanda,
484 1499 670 1558 vitam,
715 1503 770 1549 et
810 1494 918 1547 Deo
950 1501 1330 1560 congruentem
1378 1487 1698 1542 ambulatio-

147 1606 247 1643 nem
271 1608 282 1642 :
315 1589 412 1642 hoc
439 1597 523 1642 est
553 1595 813 1641 vestrum.
838 1585 1055 1639 Testem
1079 1591 1256 1636 autem
1284 1581 1497 1651 appello
1519 1580 1698 1634 Domi-

145 1697 250 1734 num
290 1696 467 1735 eorum
510 1694 631 1748 quae
665 1693 693 1731 a
723 1694 808 1732 me
834 1677 972 1731 dicta
1002 1684 1147 1739 sunt,
1186 1674 1326 1744 quod
1357 1689 1462 1728 non
1508 1674 1694 1727 retieoi

146 1785 228 1826 nec
269 1770 573 1839 suppressi,
621 1769 717 1823 sed
776 1767 886 1822 dixi
935 1765 1384 1836 quemadmodum
1440 1773 1700 1833 oporteat

142 1862 406 1916 ambulare.
437 1863 502 1915 In
533 1863 774 1922 uanitate,
823 1859 1016 1928 inquit,
1055 1876 1237 1912 sensus
1273 1859 1522 1925 ipsorum.
1559 1856 1694 1924 Quid

143 1964 213 2007 cst
228 1968 404 2008 sensus
420 1968 511 2007 seu
531 1952 731 2007 mentis
756 1951 999 2013 vanitas?
1021 1949 1228 2003 Versari
1253 1949 1304 2002 in
1337 1950 1497 2002 rebus
1524 1949 1692 2000 vanis.

144 2051 369 2111 Qllﬂ‘llall‘l
400 2054 576 2098 autem
607 2053 731 2098 sunt
755 2058 910 2107 vana,
943 2043 1041 2096 nisi
1065 2042 1241 2095 omnia
1273 2040 1550 2110 prmsentia
1581 2040 1604 2090 1
1629 2039 1696 2094 de

142 2137 308 2204 quibus
350 2136 476 2189 dicit
521 2136 891 2196 Ecclesiastes,
936 2132 1143 2185 Vanitas
1194 2132 1496 2194 vanitatum,
1525 2131 1696 2183 omnia

143 2231 312 2280 uanitas
337 2227 526 2295 (Eccte.
555 2227 604 2280 1.
629 2226 710 2295 2).
743 2225 846 2280 Sed
874 2223 1313 2292 dicetquispiam,
1338 2220 1392 2275 Si
1415 2229 1538 2274 sunt
1562 2235 1692 2273 vana

140 2328 187 2371 et
207 2319 412 2381 vanitas,
436 2333 665 2388 quanam
688 2317 755 2370 de
784 2331 941 2371 causa
965 2317 1100 2369 facta
1133 2315 1301 2368 sunt?
1326 2314 1369 2368 si
1397 2314 1485 2367 Dei
1507 2328 1690 2381 opera,

140 2410 378 2477 quomodo
406 2419 530 2463 sunt
553 2408 727 2462 vana?
751 2416 807 2462 et
834 2409 996 2460 multa
1019 2407 1086 2460 de
1110 2405 1191 2461 his
1217 2405 1378 2460 verba
1408 2404 1558 2458 fiunt.
1588 2404 1693 2461 Sed

141 2501 264 2565 audi,
291 2517 320 2552 ο
341 2501 549 2556 dilecte.
579 2499 696 2555 Non
723 2500 819 2554 Dei
841 2515 1002 2569 opera
1029 2498 1166 2552 dixit
1192 2513 1352 2562 vana,
1379 2498 1518 2551 absit
1543 2513 1554 2550 :
1582 2512 1687 2550 nou

140 2603 209 2644 est
243 2591 422 2645 caelum
464 2606 660 2644 vanum
683 2631 696 2654 ,
750 2605 921 2658 neque
966 2597 1105 2642 terra
1151 2602 1284 2640 vana
1314 2604 1328 2651 ;
1368 2587 1508 2642 absit
1541 2605 1553 2638 :
1589 2603 1692 2640 non

141 2683 206 2735 sol
224 2724 236 2744 ,
268 2698 360 2737 nec
387 2685 506 2736 luna
529 2723 542 2744 ,
580 2696 678 2735 nec.
705 2689 878 2744 astra,
909 2695 1009 2734 nec
1035 2693 1230 2747 corpus
1268 2688 1508 2732 nostrum
1540 2697 1553 2732 :
1580 2678 1695 2732 hmc

139 2772 264 2824 enim
290 2773 460 2824 omnia
492 2779 618 2824 sunt
644 2771 797 2823 valde
826 2771 963 2823 bona
998 2787 1010 2822 :
1039 2770 1131 2821 sed
1173 2768 1297 2837 quid
1330 2778 1412 2821 est
1450 2783 1643 2821 vanum
1671 2767 1695 2820 ?

141 2862 402 2914 Audiamus
449 2862 622 2930 ipsum
673 2861 1051 2914 Ecclesiastem
1098 2860 1402 2924 dicentem,
1455 2858 1696 2912 Plautatu'

141 2954 245 3004 mihi
270 2955 445 3014 vineas,
477 2953 575 3019 feci
605 2953 729 3004 mihi
755 2962 983 3004 cantores
1007 2961 1055 3005 et
1080 2953 1399 3015 cantatrices,
1434 2951 1532 3021 feci
1569 2951 1694 3003 mihi

140 3042 334 3107 piscinas
375 3059 620 3110 aquarum
661 3058 680 3094 .'
709 3047 910 3110 {uerunt
949 3041 1077 3093 ἰιιὶἡὶ
1123 3058 1294 3110 greges
1339 3050 1385 3094 et
1427 3055 1654 3093 armenta
1676 3082 1690 3103 ,

138 3133 259 3199 coegi
293 3149 464 3186 aurum
494 3143 539 3185 et
569 3143 837 3202 argentum
866 3149 884 3196 ,'
924 3141 969 3184 rt
1001 3131 1102 3183 vidi
1138 3130 1278 3196 quod
1299 3131 1474 3184 omnia
1499 3132 1692 3208 vanitas

139 3227 150 3282 (
179 3220 326 3276 Eccle.
353 3222 404 3275 2.
431 3225 484 3278 5.
518 3240 654 3291 seqq.
684 3224 736 3288 );
779 3231 833 3275 et
877 3237 1059 3274 rursus
1082 3261 1102 3285 ,
1140 3219 1343 3273 Vanitas
1383 3221 1689 3283 sanitatum,

137 3313 286 3361 omnia
309 3313 514 3365 vanitas.
542 3311 677 3365 Audi
697 3313 857 3366 etiant
889 3315 1201 3379 prophetam
1227 3311 1490 3364 dicentem
1519 3328 1531 3362 :
1564 3310 1692 3363 Tlte-

135 3402 352 3463 saurizat,
396 3412 440 3454 et
477 3402 679 3470 ignorat
702 3402 784 3453 cui
811 3400 1131 3470 congregabit
1163 3413 1222 3452 ea
1251 3411 1267 3469 (
1295 3398 1446 3452 Psal.
1477 3399 1566 3455 58.
1597 3402 1688 3467 7).

138 3490 232 3542 ΙΙ;ιε
252 3492 446 3544 ratione
469 3493 678 3544 vanitas
699 3492 988 3544 vanitatnnt
1014 3490 1264 3559 pra-clara
1289 3489 1690 3556 arditicia,.mul.

137 3588 234 3631 tum
276 3596 454 3634 aurqu
513 3590 570 3634 ct
612 3581 1022 3643 circumﬂuens,
1070 3580 1258 3648 greges
1301 3581 1687 3648 mancipiorum

132 3673 338 3739 superbe
382 3674 432 3728 iu
481 3672 599 3726 foro
631 3671 970 3733 incedentes,
1004 3671 1170 3724 fastus
1197 3681 1250 3725 et
1274 3671 1440 3741 gloria
1490 3672 1684 3735 inanis,

133 3772 178 3811 at
202 3764 348 3816 elatio
371 3764 564 3816 mentis
589 3773 641 3816 ct
676 3755 998 3836 arrogantia.
1035 3761 1160 3815 ΙΙωο
1186 3762 1328 3814 cnitn
1357 3761 1541 3814 omnia.
1564 3771 1691 3816 sunt

134 3866 248 3904 vana
277 3870 290 3904 :
321 3869 425 3906 non
454 3854 598 3906 enim
630 3869 660 3906 a
694 3853 803 3906 Deo
834 3852 967 3905 facta
1009 3859 1152 3912 sunt,
1194 3851 1288 3903 sed
1324 3867 1364 3904 a-
1385 3851 1538 3904 nobis
1565 3862 1689 3906 sunt

135 3944 376 3998 labricata.
399 3945 505 3999 Cur
531 3955 712 3999 autem
753 3959 886 3997 vana
913 3943 1215 4008 ?Quouiatu
1249 3942 1450 3996 unllutu
1487 3942 1688 3997 habent

133 4034 306 4088 bonum
336 4035 514 4090 ﬁnem.

195 4124 417 4180 Pecunia
451 4141 628 4190 vana,
669 4126 712 4178 si
741 4135 1102 4180 consumantur
1129 4125 1197 4176 ad
1226 4125 1454 4178 delicias.
1484 4154 1556 4164 —
1584 4125 1685 4179 Pe-

130 4215 280 4269 cunize
302 4225 422 4270 sunt
454 4232 637 4278 vatius,
661 4195 873 4284 qfuando
913 4222 1300 4268 consumuntur
1337 4215 1387 4267 in
1420 4215 1682 4279 delicias;

133 4320 222 4357 non
249 4318 364 4359 sunt
389 4316 568 4360 autem
610 4322 793 4369 vanar,
836 4306 1049 4373 quando
1077 4306 1457 4376 disperguntur
1489 4322 1689 4376 paupe-

131 4395 274 4448 ribus.
313 4397 534 4464 Quando
577 4407 753 4450 autem
798 4411 890 4450 eas
918 4401 1312 4466 consumpseris
1350 4403 1399 4451 in
1441 4398 1683 4465 delicias,

130 4485 374 4540 videamus
397 4488 643 4556 quisnam
663 4489 729 4539 sit
755 4501 937 4539 earum
962 4487 1114 4539 ﬁnis:
1138 4488 1400 4556 pinguedo
1421 4489 1682 4556 corporis,

131 4586 304 4639 ructus,
352 4576 528 4641 ﬂatus,
581 4577 865 4630 multitudo
911 4579 1185 4642 stercoris,
1229 4580 1466 4647 crapula,
1511 4582 1686 4634 carnis

132 4666 357 4721 mollities
376 4709 391 4732 ,
418 4670 675 4736 calorque
701 4666 1094 4738 etldissolutio.
1126 4667 1193 4723 Ut
1229 4669 1271 4723 si
1301 4671 1421 4738 quis
1447 4670 1686 4750 infundat

131 4757 172 4808 in
211 4758 397 4813 dolium
439 4758 769 4828 perforatum
793 4802 806 4823 ,
841 4775 975 4814 vane
1005 4761 1210 4814 laborat
1243 4780 1256 4814 :
1287 4763 1354 4816 ita
1394 4765 1552 4817 etiattt
1593 4765 1682 4833 qtti

128 4846 251 4915 degit
277 4850 327 4903 in
357 4839 588 4913 deliciis,
623 4847 855 4903 infundit
877 4849 934 4902 in
962 4850 1161 4903 dolium
1194 4855 1540 4920 perforatum.
1575 4853 1682 4907 Va-

129 4955 233 4992 num
259 4941 386 4994 alias
413 4942 611 4996 dicitur
637 4941 778 5010 quod
811 4953 1178 5010 exSpectatum
1207 4955 1289 4998 est
1313 4946 1527 5014 quidem
1569 4946 1684 5003 fore

129 5039 172 5080 ut
204 5031 248 5082 in
288 5032 490 5086 honore
530 5039 677 5086 esset
702 5040 757 5085 et
786 5032 990 5100 pretio,
1022 5049 1127 5086 non
1167 5033 1264 5087 fuit
1289 5046 1466 5090 autetn
1499 5055 1510 5090 :
1541 5039 1680 5108 quod

124 5120 260 5172 ctiam
289 5120 474 5174 dicunt
502 5121 660 5173 inane
687 5126 742 5173 et
770 5134 894 5188 spes
921 5122 1107 5175 inanes
1127 5163 1142 5188 ,
1176 5133 1230 5176 et
1261 5124 1310 5177 id
1341 5126 1481 5193 qttod
1513 5127 1570 5181 fit
1602 5138 1682 5183 te-

126 5227 248 5265 mere
283 5222 337 5265 et
382 5211 800 5265 inconsiderate.
848 5211 914 5265 Et
957 5213 1177 5266 omnino
1219 5215 1446 5271 dicimus
1488 5233 1680 5272 vanum

123 5302 350 5371 quidquid
379 5302 443 5356 ad
475 5302 606 5356 nihil
634 5312 716 5356 est
749 5303 896 5356 utile.
927 5303 1216 5359 Videamus
1240 5323 1366 5376 ergo
1395 5324 1570 5364 annon
1594 5327 1683 5366 res

125 5390 344 5446 humana:
367 5395 473 5446 sint
493 5393 781 5461 ejusmodi.
809 5392 1036 5449 Edamus
1057 5407 1099 5448 et
1122 5396 1349 5452 bibamus
1376 5415 1396 5462 ,°
1421 5417 1534 5456 cras
1549 5403 1680 5455 enim

123 5485 367 5536 ttioriemur
395 5484 473 5550 (I.
507 5482 629 5536 Cor.
663 5483 751 5537 15.
785 5483 898 5555 52).
929 5485 1060 5554 Quis
1080 5496 1162 5541 est
1190 5493 1680 5562 ergo,dic,quzeso,

123 5570 219 5624 linis
241 5573 268 5626 τ
300 5572 604 5641 Corruptio.
640 5571 928 5628 Iuduamur
961 5583 1016 5630 et
1055 5578 1364 5644 vestiamur,
1395 5584 1592 5652 etquis
1620 5583 1680 5637 li.-

122 5661 229 5715 ιιίεῖ
269 5662 429 5717 Nihil.
475 5662 603 5717 Ilzec
647 5663 817 5719 Grcci
860 5667 1074 5736 quidam
1123 5681 1249 5726 sunt
1295 5673 1676 5745 philosophati,

121 5751 195 5810 1οά
231 5768 366 5809 vane
405 5765 460 5810 et
511 5753 709 5811 fl’USll‘il
745 5771 757 5808 ἓ
793 5757 957 5813 vitam
1005 5769 1341 5820 ostentarunt
1387 5766 1572 5824 dlll'illll
1624 5780 1677 5826 ει

1812 498 2077 551 asperam,
2096 485 2191 540 sed
2221 495 2427 542 temere
2443 497 2498 542 et
2515 487 2928 556 inconsiderate,
2957 491 3142 554 nonad
3168 481 3399 560 aliquc'tn

1813 573 1970 644 finem
2001 579 2325 646 aspicientes
2354 580 2540 635 utilem
2559 622 2573 643 ,
2603 580 2696 634 sed
2724 582 2789 634 ad
2825 583 3035 636 inanem
3066 584 3313 652 gloriam,
3346 595 3398 638 et

1811 663 2066 720 h0noretn
2099 671 2186 737 qui
2214 668 2441 723 habetur
2461 685 2488 722 a
2514 672 2716 724 multis.
2745 672 2880 738 Quid
2913 681 2996 726 est
3020 683 3201 727 autem
3229 672 3400 727 honor

1809 759 1898 824 qui
1931 757 2156 813 habetur
2177 777 2205 813 a
2235 761 2417 815 multis
2444 764 2466 817 '!
2490 761 2655 816 Nihil.
2683 763 2814 818 Nam
2843 765 2886 818 si
2919 765 2950 817 ii
2982 765 3142 818 etiam
3174 776 3401 833 pereunt

1808 863 1837 900 a
1860 850 2052 918 quibus
2077 851 2302 906 habetur
2329 853 2520 919 honor,
2553 854 2920 924 multomagis
2950 856 3142 910 honor.
3175 855 3276 923 Qui
3306 857 3396 934 alii

1813 949 2031 1006 pra-stat
2059 940 2338 1002 honorem,
2365 943 2464 998 sibi
2489 945 2636 1012 prius
2652 943 2810 999 debet
2828 956 3083 1013 prmstare
3109 965 3122 1000 :
3151 947 3194 1000 si
3216 941 3396 1002 autem

1809 1028 1908 1082 sibi
1957 1046 2063 1084 non
2111 1035 2675 1104 pr:t-stat,.quomodo
2718 1036 3397 1105 prmstabitalteri2Nunc

1807 1129 1988 1174 autem
2011 1123 2266 1177 honorem
2286 1126 2574 1193 quaerimus
2590 1128 2658 1181 ab
2676 1127 2982 1190 infamibus,
3002 1127 3071 1184 ab
3094 1129 3398 1185 hominibus

1807 1211 2020 1278 vilibus,
2065 1215 2289 1280 altjoctis
2319 1226 2373 1270 et
2401 1217 2790 1286 ignominiosis.
2823 1217 3132 1289 Cujusmodi
3159 1236 3288 1291 ergo
3313 1230 3398 1276 est

1808 1300 1894 1356 hic
1921 1302 2093 1357 honor
2120 1305 2143 1357 ?

1876 1394 1927 1447 2.
1972 1393 2118 1465 Ignis
2165 1396 2462 1452 adoratorcs
2511 1400 2907 1470 redarguuntur.
2937 1401 3199 1458 —-Vides
3251 1403 3395 1473 quod

1804 1484 1908 1538 sint
1939 1486 2115 1538 omnia
2158 1490 2368 1543 vanitas
2393 1490 2688 1545 vanitalum
2717 1495 2741 1546 ἲ
2771 1491 2899 1547 Ideo
2927 1492 3169 1559 dicebat,
3203 1493 3269 1547 In
3306 1512 3398 1549 va-

1804 1576 1961 1630 nitate
1977 1578 2156 1632 mentis
2176 1596 2302 1634 suat.
2335 1581 2438 1636 Sed
2461 1597 2526 1635 an
2555 1597 2740 1637 eorum
2769 1585 2957 1654 religio
2984 1601 3090 1640 non
3114 1595 3197 1641 est
3227 1587 3394 1650 talis!

1803 1667 1938 1732 Quid
1965 1670 2184 1722 autem?
2211 1686 2389 1724 annon
2419 1672 2558 1742 ligna
2582 1685 2631 1727 et
2659 1675 2861 1744 lapides
2882 1676 3214 1731 adorantur?
3243 1677 3396 1733 Fecit

1803 1760 1958 1813 nobis
1986 1763 2153 1815 solem
2198 1763 2376 1819 lucere
2421 1781 2517 1834 pro
2548 1767 2760 1821 lucerna
2795 1785 2808 1820 :
2845 1769 2964 1838 quis
3015 1785 3169 1824 suam
3205 1770 3394 1824 adorat

1804 1849 2074 1906 lucernam
2108 1854 2130 1904 ?
2173 1854 2264 1908 Sol
2314 1855 2514 1923 praebet
2542 1857 2757 1922 lucem;
2788 1858 2883 1912 sed
2911 1860 3124 1927 quando
3151 1861 3240 1915 ille
3281 1875 3390 1916 non

1797 1951 2008 2010 potest,
2043 1945 2258 2000 lucerna
2291 1957 2467 2017 potest
2500 1970 2513 2004 :
2544 1965 2642 2004 cur
2679 1966 2809 2020 ergo
2841 1967 2948 2006 non
2976 1952 3169 2008 adoras
3213 1954 3388 2008 lucer-

1803 2049 1924 2087 nam
1955 2035 2184 2101 ?Cerle,
2216 2039 2407 2108 inquit,
2436 2041 2606 2095 adoro
2632 2025 2830 2113 ignem.
2860 2044 2905 2100 0
2932 2060 3043 2098 rem
3070 2046 3349 2100 ridiculam
3373 2048 3386 2100 ι

1803 2135 2004 2181 tantum
2030 2131 2304 2197 probrum,
2337 2142 2390 2186 et
2428 2148 2533 2188 non
2565 2135 2839 2188 erubescis
2868 2137 2894 2188 ?
2920 2136 2997 2191 En
3031 2152 3217 2191 rursus
3247 2139 3384 2193 alte-

1800 2233 1940 2273 rum.
1969 2218 2077 2274 Cur
2100 2221 2240 2290 quod
2272 2222 2525 2277 aduratur
2550 2225 2886 2294 exstinguis?
2919 2241 3016 2282 cur
3046 2228 3268 2296 perdis?
3293 2244 3390 2283 cur

1800 2307 1959 2362 deum
1991 2317 2140 2372 tuum
2173 2312 2240 2366 de
2273 2312 2452 2366 medio
2481 2315 2623 2367 tollis
2652 2316 2688 2368 Ψ
2714 2331 2811 2370 cur
2841 2332 2945 2370 non
2992 2319 3125 2372 sinis
3170 2319 3388 2374 domum

1801 2408 1944 2453 tuam
1976 2415 2041 2455 eo
2068 2417 2189 2456 esse
2227 2405 2482 2472 repletam
2515 2406 2539 2457 ?
2564 2406 2695 2459 Nam
2727 2408 2770 2460 si
2806 2408 2940 2476 ignis
2966 2419 3049 2464 est
3078 2409 3232 2475 deus,
3261 2427 3386 2465 cor-

1803 2492 1915 2559 pori
1945 2501 2034 2545 tuo
2063 2493 2434 2561 admoveatur,
2463 2512 2566 2549 non
2592 2497 2757 2552 fundo
2785 2499 2906 2553 ollae
2934 2509 2985 2554 et
3014 2500 3201 2555 lebetis
3227 2502 3385 2556 deum

1798 2583 2049 2652 subjicias
2078 2605 2090 2640 :
2123 2587 2367 2640 introduc
2398 2587 2449 2641 in
2472 2590 2661 2643 cellam
2690 2592 3024 2659 penuariam,
3060 2593 3307 2648 introduc
3336 2595 3387 2649 in

1799 2683 1977 2729 vestes
2002 2676 2224 2730 sericas.
2257 2678 2334 2731 Tu
2364 2690 2542 2733 autem
2575 2695 2678 2733 non
2710 2683 2881 2734 solum
2917 2699 3022 2736 non
3051 2683 3346 2738 introducis
3371 2725 3387 2750 ,

1799 2769 1892 2822 sed
1938 2770 2097 2823 etiam
2148 2772 2194 2825 si
2238 2787 2365 2825 casu
2402 2774 2581 2841 aliquo
2623 2774 2780 2829 fuerit
2812 2776 3120 2845 ingressus,
3153 2778 3390 2847 undique

1798 2876 1920 2914 eum
1961 2863 2150 2930 abigis,
2184 2879 2371 2919 omnes
2401 2865 2650 2932 advocas,
2685 2877 2738 2921 et
2768 2870 2990 2937 perinde
3028 2879 3188 2940 atque
3218 2872 3260 2925 si
3303 2871 3383 2926 in-

1797 2967 1982 3020 gressa
2020 2954 2089 3006 sit
2129 2953 2241 3008 fera
2287 2955 2461 3023 aliqua
2484 2997 2500 3021 ,
2533 2959 2602 3012 ita
2633 2969 2686 3011 et
2719 2959 2816 3014 ﬂes
2856 2970 2924 3029 et,
2955 2963 3263 3031 ingemiscis
3284 3003 3296 3024 ,
3329 2973 3385 3015 et

1801 3040 1936 3095 hanc
1981 3058 2091 3096 rem
2136 3059 2295 3098 vocas
2334 3047 2694 3101 calamitatem
2728 3049 3020 3119 ingentem,
3071 3052 3211 3120 quod
3256 3052 3388 3105 deus

1800 3140 1918 3186 tuus
1947 3133 2107 3186 adsit.
2137 3135 2318 3189 Habeo
2345 3138 2690 3202 ergoDeum,
2715 3149 2769 3193 et
2798 3142 2975 3193 omnia
3017 3142 3151 3195 facio
3179 3152 3236 3196 ttt
3261 3160 3384 3196 eum

1799 3232 2012 3289 pectore
2041 3228 2544 3294 meo-complectar,
2577 3238 2637 3283 et:
2669 3245 2842 3284 meant
2872 3229 3131 3287 eiistimo
3159 3235 3384 3289 felicita-

1797 3322 1926 3379 tem,
1977 3330 2080 3368 non
2121 3317 2336 3385 quando
2361 3317 2579 3373 domum
2609 3315 2784 3376 meam
2818 3323 3018 3388 invisit,
3048 3325 3142 3379 sed
3171 3327 3407 3394 quando:

1795 3420 1918 3458 eum
1952 3416 2161 3461 traxere
2197 3408 2262 3462 ad
2295 3424 2389 3462 cor
2424 3427 2620 3466 meum.
2664 3413 2743 3466 Tu
2787 3430 3000 3485 quoque
3029 3417 3180 3472 trahe
3208 3418 3382 3486 ignem

1795 3497 1868 3550 ad
1888 3513 1983 3551 cor
2010 3509 2180 3552 tuum.
2211 3500 2334 3554 llaec
2372 3511 2498 3555 sunt
2528 3503 2750 3558 ridicula
2782 3514 2837 3558 et
2872 3507 3097 3560 vanitas.
3131 3507 3270 3576 Ignis
3298 3524 3384 3564 res

1798 3587 1930 3640 bona
1954 3598 2033 3641 est
2064 3590 2129 3642 ad
2153 3606 2330 3658 usutn,
2362 3608 2466 3647 non
2499 3593 2563 3649 ad
2593 3594 2959 3652 adorationem
2985 3615 2999 3664 ;
3031 3599 3096 3652 ad
3138 3601 3382 3655 ministe-

1794 3679 1930 3730 rium
1961 3689 2015 3734 et
2043 3681 2340 3747 servitium,
2384 3692 2440 3737 et
2466 3694 2522 3738 ut
2549 3685 2678 3739 mihi
2716 3689 2949 3754 serviat,
3000 3705 3104 3743 non
3136 3701 3192 3744 ιιι
3217 3692 3270 3746 in
3296 3709 3382 3747 me

1793 3767 2033 3824 obtineat
2063 3771 2343 3840 imperium
2377 3785 2433 3830 et
2461 3776 2795 3831 dominatum
2845 3798 2859 3834 :
2907 3781 2997 3835 ille
3041 3793 3262 3852 propter
3292 3801 3381 3840 me

1795 3859 1964 3914 factus
1987 3872 2090 3928 est,
2127 3880 2229 3917 non
2258 3881 2358 3935 ego
2387 3877 2607 3936 pmpter
2649 3870 2842 3939 ipsum.
2871 3872 2925 3927 Si
2959 3874 3134 3943 ignem
3163 3876 3378 3944 adoras,

1793 3966 1889 4005 cur
1909 3952 2246 4023 ipseqnidcm
2269 3957 2417 4026 jaces
2440 3959 2491 4011 in
2520 3960 2677 4026 lecto,
2696 3977 2870 4032 coquo
2889 3975 3066 4019 autem
3092 3975 3180 4020 tuo
3200 3967 3380 4035 jubes,

1793 4044 1863 4096 sit
1894 4059 2056 4112 prope
2096 4046 2254 4100 deum
2288 4057 2432 4103 tuum
2465 4051 2489 4104 ?
2530 4051 2649 4119 Ipse
2671 4063 2842 4106 artem
2875 4056 3088 4125 suscipe
3127 4059 3384 4127 coquina-

1795 4133 1949 4198 riam,
1979 4146 2033 4189 et
2061 4137 2230 4203 pistor
2256 4138 2495 4202 cflicere,
2537 4151 2629 4194 aut
2658 4143 2700 4196 si
2730 4147 2921 4209 mavis,
2955 4143 3106 4200 faber
3134 4148 3378 4202 aerarius.

1794 4224 1931 4277 Nihil
1977 4237 2060 4279 est
2106 4228 2248 4280 enim
2295 4228 2378 4283 bis
2423 4232 2631 4286 artibus
2662 4233 3064 4302 honorabilius,
3097 4239 3377 4294 euntdeus

1794 4323 1912 4368 tuus
1941 4331 2032 4369 eas
2055 4317 2248 4372 invisat
2274 4329 2327 4374 et
2352 4335 2534 4375 earum
2556 4339 2739 4378 curam
2765 4337 2936 4393 gerat.
2963 4329 3099 4394 Quid
3126 4333 3380 4398 probrum

1789 4420 1853 4458 ac
1881 4406 2116 4460 dedecus
2158 4410 2432 4466 existimas
2461 4423 2652 4481 artem,
2697 4418 2786 4471 ubi
2827 4419 2958 4474 deus
3000 4431 3123 4477 tuus
3150 4434 3234 4479 est
3263 4427 3368 4481 fre-

1791 4499 2002 4565 quens?
2023 4516 2118 4554 cur
2143 4503 2316 4557 servis
2341 4505 2584 4569 mandas,
2617 4509 2730 4577 ipse
2755 4521 2931 4566 autem
2961 4530 3067 4567 non
3099 4517 3381 4586 dignaris?

1792 4586 1934 4641 Bona
1957 4605 2042 4643 res
2061 4601 2143 4644 est
2171 4594 2325 4663 ignis,
2352 4598 2603 4665 quoniam
2628 4599 2751 4654 boni
2781 4611 2863 4657 est
2893 4605 3120 4673 opificis,
3153 4609 3246 4663 sed
3272 4626 3378 4666 non
3415 4610 3422 4615 ’

1790 4677 1926 4732 deus
1957 4697 1970 4732 :
1999 4695 2134 4749 opus
2163 4685 2305 4736 enim
2336 4686 2452 4751 Dei,
2487 4703 2590 4742 non
2622 4689 2755 4745 deus
2786 4703 2868 4748 est
2907 4698 3224 4764 appellatus.
3257 4700 3372 4755 Non

1791 4768 1938 4822 vides
1965 4771 2083 4839 ejus
2111 4775 2453 4840 petulantiam
2485 4778 2509 4829 ’ἰ
2537 4783 2806 4848 quomodo
2832 4771 3044 4853 quando
3069 4790 3258 4843 domos
3284 4807 3380 4860 ap-

1790 4861 2158 4930 prehenderit,
2189 4882 2447 4936 nusquam
2475 4885 2533 4925 se
2551 4873 2725 4939 sistat,
2746 4877 2839 4929 sed
2861 4877 2905 4930 si
2923 4880 3096 4949 aliqua
3119 4883 3374 4950 tenuerit,

1791 4952 1969 5005 outnia
1996 4953 2194 5023 diruat,
2227 4967 2282 5011 et
2306 4959 2404 5012 nisi
2439 4961 2709 5018 fabrorum
2738 4975 2829 5019 aut
2856 4968 3159 5036 aliquorum
3189 4989 3379 5028 manus

1791 5046 2020 5098 furorem
2063 5047 2181 5114 ejus
2223 5049 2612 5118 exstinxerint,
2662 5071 2769 5109 non
2807 5059 3010 5113 amicos
3053 5072 3231 5128 novn,
3265 5079 3375 5121 non

1792 5138 1998 5204 hostes,
2032 5140 2124 5192 sed
2154 5141 2402 5196 omnibus
2432 5143 2680 5201 similiter
2722 5150 2932 5204 utitur?
2960 5152 3177 5208 Hiccine
3219 5157 3373 5222 deus,

1791 5245 1890 5283 nec
1929 5245 2022 5284 vos
2066 5232 2270 5298 pudet?
2307 5235 2386 5289 Re
2416 5252 2542 5292 vera
2588 5240 2814 5308 pulchre
2854 5243 3005 5307 dixit,
3048 5245 3120 5299 In
3158 5249 3378 5302 vanitate

1789 5320 1970 5374 mentis
1988 5338 2114 5374 sum.
2144 5323 2214 5376 At
2242 5325 2322 5378 sol
2348 5334 2435 5379 est
2453 5367 2469 5392 ,
2497 5328 2694 5398 inquit,
2729 5330 2881 5385 deus.
2918 5333 3012 5389 Dic
3034 5337 3162 5389 mihi
3184 5378 3198 5400 ,
3233 5338 3375 5393 unde

1790 5408 1840 5460 id
1882 5420 1937 5463 et
1973 5414 2186 5477 quare?
2224 5413 2486 5481 Quoniam
2532 5418 2757 5473 multam
2801 5423 2996 5479 emittit
3038 5427 3228 5481 lucem.
3269 5431 3374 5484 Sed

1789 5516 1894 5554 non
1927 5503 2074 5559 vides
2095 5521 2218 5559 euta
2244 5506 2383 5561 vinci
2408 5525 2437 5562 a
2472 5510 2723 5578 nubibus,
2753 5524 2807 5568 et
2845 5517 3049 5573 servire
3070 5523 3376 5578 necessitati

1790 5597 2013 5656 naturae,
2046 5602 2100 5647 et
2128 5593 2358 5652 deficere
2380 5607 2434 5652 et
2457 5599 2713 5656 abscondi
2741 5620 2768 5656 a
2796 5605 2920 5660 luna
2949 5616 3003 5662 et
3029 5609 3374 5683 nube?atqui

1789 5683 1957 5737 nubes
1983 5696 2064 5739 est
2080 5686 2195 5740 sole
2223 5688 2559 5755 imbecillior,
2577 5693 2673 5747 sed
2697 5703 2872 5750 tamen
2896 5712 3040 5767 saepe
3063 5701 3113 5754 in
3140 5717 3262 5756 eum
3279 5705 3376 5757 ob-

1789 5772 1922 5829 tinet
1941 5774 2303 5846 dominatum;
2322 5787 2376 5836 ct
2401 5778 2503 5837 hoc
2523 5789 2606 5838 cst
2627 5798 2760 5854 opus
2790 5785 2882 5844 Dei
2909 5790 3205 5866 sapientiw.
3231 5792 3376 5848 Deus
