4108 6312
711 322 772 376 υἱ
1434 308 1488 366 S.
1529 308 1801 366 105Nle
1837 303 2300 361 CHRYSOSTOMI
2343 302 2656 358 AllClllEP.
2692 303 3222 361 CONSTANTINUP.
3908 298 3977 352 9‘2

712 437 874 498 debet
900 449 1019 489 esse
1052 432 1197 487 omni
1219 446 1285 486 ex
1314 438 1463 498 parte
1496 427 1789 489 sufficiens,
1828 425 1913 479 hic
1949 439 2078 479 vero
2114 422 2293 476 multis

715 496 913 594 indiget
942 543 956 578 :
988 524 1088 577 hoc
1111 532 1287 576 autem
1311 496 1518 573 nonest
1542 518 1652 572 Dei.
1680 519 1817 571 Aere
1840 517 1982 571 enim
2007 514 2203 582 indiget
2227 512 2291 566 ad

717 617 1025 681 lucentium,
1058 628 1229 682 eoque
1257 612 1473 674 subtili;
1510 626 1630 664 nam
1662 610 1750 677 qui
1780 616 1865 662 est
1884 606 2036 672 valde
2056 619 2289 665 crassus,

715 723 821 762 non
849 706 976 761 sinit
1000 703 1224 759 transire
1246 690 1504 756 radium?
1519 716 1653 770 aqua
1676 700 1834 753 etiam
1858 697 2077 766 indiget,
2102 707 2158 749 et
2182 695 2288 747 alio

716 799 855 871 quod
881 814 1001 853 eum
1031 797 1302 850 contineat
1333 810 1400 848 ne
1428 793 1726 846 comburat.
1754 790 1886 844 Nam
1916 789 2016 842 nisi
2046 789 2219 840 fontes
2239 795 2293 867 et

714 892 866 945 lacus
900 899 954 941 et
983 887 1124 940 ﬂuvii
1152 896 1206 940 et
1252 885 1418 937 maria
1462 891 1516 937 et
1558 892 1752 935 caetera
1795 880 1973 934 omnia
2012 876 2291 931 humorem

716 981 999 1051 quemdam
1044 979 1432 1033 constituerent
1482 991 1575 1045 per
1619 989 1873 1043 vaporum
1917 970 2290 1032 emissionem,

718 1073 845 1126 nihil
866 1080 1067 1127 vetaret
1083 1069 1366 1139 quominus
1384 1068 1560 1122 omnia
1583 1068 1936 1136 ignescerent.
1961 1062 2123 1116 Vides
2142 1076 2291 1129 erga,

718 1162 907 1230 inquit,
934 1161 1074 1230 quod
1101 1161 1235 1213 deus
1254 1160 1361 1212 sit?
1387 1159 1430 1212 Ο
1458 1158 1748 1211 insaniam!
1781 1170 1815 1208 ο
1839 1170 1947 1207 rem
1978 1152 2254 1206 ridiculam
2277 1151 2289 1202 Ξ

716 1252 977 1317 Quoniam
1006 1260 1201 1320 potest,
1235 1247 1424 1318 inquit,
1455 1247 1668 1309 laedere,
1694 1246 1827 1299 deus
1859 1254 1959 1298 est.
1995 1243 2151 1311 Atqui
2175 1255 2295 1311 pro-

717 1353 838 1411 pter
868 1342 968 1395 hoc
996 1356 1099 1394 non
1131 1349 1215 1394 est
1241 1340 1399 1401 deus,
1435 1338 1554 1407 quia
1597 1337 1648 1391 in
1678 1338 1740 1389 iis
1761 1378 1776 1400 ,
1814 1335 1865 1389 in
1894 1334 2088 1403 quibus
2118 1331 2257 1383 Ιίιιιιὶι.
2278 1372 2292 1393 ,

720 1435 868 1489 nullo
899 1434 1132 1503 indiget;
1178 1434 1230 1487 in
1261 1433 1450 1500 quibus
1483 1440 1658 1483 autem
1689 1429 1927 1497 prodest,
1961 1426 2145 1480 multis
2178 1423 2296 1475 aliis

720 1525 879 1579 habet
916 1539 1051 1594 Opus
1076 1511 1090 1577 ἑ
1119 1524 1290 1577 a‘Deo
1332 1535 1512 1577 autem
1554 1522 1749 1575 laedere
1776 1510 1988 1589 quidem
2016 1527 2099 1571 est
2124 1530 2296 1569 remo-

721 1628 865 1681 tum,
902 1616 1154 1685 prodesse
1193 1616 1370 1668 autem
1413 1624 1493 1668 est
1536 1613 1655 1682 ejus
1685 1611 1975 1679 proprium.
2006 1606 2138 1661 Cum
2170 1620 2298 1674 ergo

721 1709 788 1760 sit
816 1708 865 1761 id
884 1707 1023 1777 quod
1046 1716 1126 1759 est
1148 1706 1499 1768 contrarium,
1522 1702 1789 1771 quomodo
1810 1700 1980 1754 deus?
2010 1698 2121 1752 Non
2149 1696 2298 1749 vides

719 1797 858 1865 quod
886 1806 1143 1851 venenata
1182 1798 1465 1865 pbarmaca
1506 1810 1625 1863 qua:
1666 1802 1891 1848 mortem
1935 1788 2162 1844 aderunt
2203 1790 2296 1841 la:—

720 1889 873 1953 duut,
899 1897 952 1941 et
982 1888 1130 1941 nullo
1154 1887 1419 1955 indigent;
1451 1885 1665 1954 quando
1688 1892 1864 1937 autem
1886 1890 2137 1951 prosunt,
2163 1879 2298 1933 mul~

722 1982 791 2033 tis
817 1980 1011 2048 egent?
1041 1980 1262 2047 Propter
1290 1987 1341 2032 te
1369 1992 1499 2045 ergo
1521 1986 1603 2030 est
1633 1976 1772 2039 talis,
1804 1985 1857 2027 et
1885 1972 2104 2041 pulcher
2128 1979 2181 2023 et
2208 1971 2298 2023 im-

724 2070 949 2125 becillus
973 2090 985 2123 :
1013 2069 1253 2139 pulcher,
1283 2078 1337 2121 ut
1359 2081 1615 2135 agnoscas
1638 2064 1952 2118 Dominum:
1979 2061 2296 2124 imbecillus,

724 2179 792 2216 ne
818 2179 936 2215 eum
965 2162 1113 2215 dicas
1139 2176 1257 2215 esse
1283 2161 1578 2213 dominum.
1612 2161 1678 2212 At
1711 2157 1895 2221 nutrit,
1929 2156 2118 2223 inquit,
2153 2155 2301 2219 plan-

724 2264 806 2306 tas
830 2264 885 2307 et
912 2252 1155 2307 semina?
1183 2251 1319 2318 Quid
1351 2266 1497 2314 vero,
1532 2265 1658 2302 num
1689 2250 1810 2302 ideo
1847 2262 2058 2315 quoque
2094 2255 2299 2299 stercus

724 2355 807 2397 est
834 2344 1003 2397 deus?
1036 2359 1156 2396 nam
1189 2342 1316 2396 illttd
1347 2357 1558 2411 quoque
1588 2342 1771 2393 nutrit.
1812 2340 1918 2393 Cur
1955 2355 2059 2391 non
2090 2338 2301 2390 additur

724 2434 852 2496 falx,
883 2444 935 2487 et
965 2449 1152 2486 manus
1181 2433 1462 2501 agricole
1488 2433 1721 2485 Usta-nde
1743 2432 1873 2484 mihi
1904 2432 2070 2483 solem
2098 2430 2300 2482 nutrire

726 2525 919 2587 solum,
948 2536 1001 2577 et
1030 2541 1134 2578 non
1158 2539 1316 2593 egere
1339 2539 1510 2590 neque
1538 2532 1699 2586 terra,
1733 2537 1832 2576 nec
1860 2536 2017 2589 aqua,
2042 2534 2140 2573 nec
2163 2519 2302 2586 agri-

724 2616 978 2669 cultura:
1025 2614 1118 2668 sed
1160 2615 1425 2683 jaciantur
1472 2614 1715 2677 semina,
1767 2623 1817 2667 et
1866 2612 2105 2665 immisso
2153 2612 2301 2664 radio

725 2706 973 2761 ostendat
998 2707 1190 2773 spicas.
1233 2706 1289 2760 Si
1328 2716 1504 2758 autem
1538 2720 1642 2757 non
1690 2712 1774 2757 est
1817 2703 1933 2770 ejus
1971 2702 2169 2762 solius,
2207 2702 2299 2755 sed

725 2799 884 2850 etiam
914 2798 1158 2850 imbrium
1180 2837 1195 2861 ,
1228 2812 1325 2850 cur
1353 2813 1455 2849 non
1484 2811 1619 2865 aqua
1648 2811 1859 2865 quoque
1885 2804 1967 2847 est
1993 2795 2163 2847 deus?
2196 2793 2299 2846 Sed

729 2891 962 2944 nondum
986 2890 1053 2944 de
1077 2890 1178 2943 hoc
1204 2890 1398 2957 agitur.
1421 2889 1530 2940 Cur
1551 2903 1655 2939 non
1676 2887 1836 2941 etiam
1865 2895 2005 2939 terra
2028 2895 2112 2940 est
2137 2888 2301 2937 deus?

726 2998 822 3034 cur
851 2997 956 3035 non
997 2991 1052 3034 et
1089 2990 1331 3040 stercus,
1379 2988 1433 3033 et
1471 2979 1613 3048 ligo?
1646 2978 1768 3031 Ilazc
1796 2992 1923 3044 ergo
1960 2977 2135 3029 omnia
2159 3019 2171 3039 ,
2216 2977 2302 3029 die

729 3071 879 3135 mihi,
912 3071 1285 3125 adut-abimus?
1313 3068 1357 3123 Ο
1384 3085 1548 3139 nugas
1576 3079 1630 3123 et
1657 3069 1916 3136 ineptias!
1952 3068 2108 3135 Atqui
2136 3070 2304 3135 magis

727 3162 846 3215 sine
872 3162 985 3215 sole
1022 3161 1179 3216 fuerit
1215 3160 1359 3227 Spiea
1378 3202 1390 3225 ,
1418 3174 1580 3228 quam
1626 3159 1741 3211 sine
1782 3159 2023 3210 terra'et
2051 3173 2181 3224 aqua
2204 3198 2220 3221 ,
2250 3168 2305 3210 et

731 3252 925 3320 plantae
949 3259 1002 3303 et
1038 3251 1137 3302 alia
1178 3250 1357 3304 omnia
1397 3249 1661 3303 similiter.
1713 3248 1893 3317 Itaque
1939 3248 1982 3301 si
2032 3258 2170 3300 terra
2199 3264 2302 3299 tton

729 3341 830 3409 sit,
870 3343 999 3397 nihil
1031 3344 1219 3396 horum
1258 3330 1583 3411 apparuerit.
1612 3340 1668 3395 Si
1705 3341 1826 3409 quis
1856 3350 2034 3392 autem
2074 3340 2123 3392 in
2154 3351 2304 3407 tegu-

732 3435 861 3499 lam,
888 3444 946 3488 ut
972 3434 1165 3488 faciunt
1194 3434 1345 3504 pueri
1373 3442 1428 3489 et
1455 3433 1707 3487 mulieres
1728 3474 1742 3496 ,
1774 3444 1912 3487 terra
1946 3434 2179 3486 immissa
2208 3432 2306 3485 sub

735 3535 897 3591 tecto,
929 3542 1046 3579 eam
1078 3527 1314 3594 posuerit
1353 3526 1519 3578 multo
1546 3534 1785 3581 stercore
1812 3526 2067 3593 repletam
2089 3566 2103 3589 ,
2136 3524 2303 3578 imbe-

733 3619 885 3673 cillas
909 3619 1121 3690 quidem
1143 3660 1158 3681 ,
1193 3620 1399 3686 plantas
1427 3627 1604 3671 tamen
1636 3619 1764 3670 edit.
1797 3619 1977 3685 Itaque
2019 3628 2157 3671 terra
2190 3616 2309 3684 plus

735 3710 940 3765 confert
969 3720 1022 3762 et
1048 3720 1252 3763 Stercus
1273 3751 1287 3771 ,
1317 3720 1369 3762 et
1396 3724 1456 3761 ea
1483 3708 1672 3777 magis,
1702 3723 1858 3776 quam
1890 3708 2068 3769 illum,
2102 3715 2311 3774 Oportet

735 3800 980 3855 adorare.
1007 3800 1151 3869 Opus
1174 3800 1333 3853 habet
1356 3799 1490 3853 cado
1509 3816 1575 3851 ne
1598 3809 1806 3861 noceat,
1828 3814 1962 3864 opus
1986 3797 2142 3848 habet
2161 3811 2306 3858 aere,

736 3906 871 3960 Opus
898 3893 1055 3945 habet
1085 3891 1166 3944 his
1197 3891 1365 3959 aquis,
1395 3899 1659 3956 tamquam
1681 3886 1994 3954 quibusdam
2029 3886 2189 3939 frenis
2216 3899 2309 3938 co-

740 3982 1046 4037 hibentibus
1106 3982 1222 4050 ejus
1281 3981 1468 4033 virium
1524 3979 1813 4043 ferociam,
1871 3991 1969 4029 nec
2011 3962 2311 4028 sinentibus

738 4089 951 4127 omnem
981 4074 1031 4125 in
1060 4083 1260 4140 partem
1285 4071 1529 4125 emittere
1556 4068 1759 4122 radium
1787 4077 2052 4135 tamquam
2082 4067 2309 4120 ferocem

738 4180 956 4233 equum.
993 4165 1084 4216 Die
1115 4177 1241 4216 vero
1267 4162 1417 4224 mihi,
1447 4160 1658 4212 ubinam
1685 4169 1767 4211 est
1796 4158 1839 4210 is
1863 4159 2057 4210 noctu?
2081 4172 2312 4225 quonam

741 4256 875 4309 deus
904 4269 963 4308 es
989 4268 1207 4322 peregre
1251 4251 1553 4320 profectus?
1594 4264 1696 4302 non
1740 4257 1823 4301 est
1864 4249 2005 4302 enim
2052 4250 2153 4301 hoc
2186 4248 2313 4312 dei,

742 4362 934 4416 nempe
962 4346 1155 4400 includi
1186 4355 1238 4397 et
1265 4344 1492 4397 termino
1518 4342 1777 4395 contineri
1800 4356 1815 4403 ;
1850 4343 1949 4393 hoc
1976 4342 2117 4393 enim
2144 4341 2315 4394 solum

740 4453 1027 4507 corporum
1057 4445 1158 4490 est.
1191 4435 1294 4489 Sed
1321 4443 1403 4488 est
1430 4433 1671 4503 quaedam
1692 4474 1707 4496 ,
1742 4432 1938 4501 inquit,
1986 4433 2035 4484 in
2080 4433 2195 4500 ipso
2226 4447 2319 4500 po-

745 4539 928 4591 testas,
959 4541 1010 4583 et
1041 4535 1303 4581 movetur.
1332 4525 1447 4593 Ipsa
1462 4534 1851 4593 ergopotestas,
1878 4524 1963 4577 dic
1989 4524 2137 4585 mihi,
2167 4534 2320 4579 estne

716 4619 921 4676 'deus?
964 4634 1060 4673 cur
1103 4633 1230 4685 ergo
1276 4617 1385 4684 ipsa
1430 4626 1582 4683 eget,
1630 4623 1686 4667 et
1731 4615 1904 4684 ignem
1941 4631 2045 4668 non
2073 4616 2321 4670 cohibet?

750 4726 933 4765 rursus
966 4711 1107 4762 enim
1130 4707 1319 4760 eodem
1348 4705 1484 4759 redit
1513 4706 1704 4757 oratio.
1728 4705 1863 4781 Quid
1896 4721 2022 4758 vero
2048 4707 2134 4759 illa
2168 4718 2321 4773 pote-

751 4801 898 4857 stas?
924 4810 1075 4853 estne
1115 4798 1450 4859 illuminans,
1491 4811 1556 4848 an
1588 4811 1683 4863 per
1719 4786 1840 4849 eum
1872 4796 2132 4849 illtnninat
2171 4797 2281 4864 ipsa
2304 4838 2319 4862 ,

754 4892 951 4946 nullius
999 4891 1189 4944 borum
1235 4888 1536 4956 particeps?
1580 4886 1669 4940 Sol
1710 4902 1838 4956 ergo
1884 4898 1966 4942 est
2007 4904 2068 4942 ea
2131 4889 2321 4957 major.

756 4982 1041 5049 Quousque
1069 4977 1424 5049 labyrinthum
1448 4977 1892 5045 circumaginius?
2122 5042 2125 5045 _

830 5074 883 5127 ὅ.
915 5071 1049 5135 Quid
1084 5085 1209 5123 vero
1234 5085 1399 5138 aqua,
1429 5077 1532 5122 non
1565 5069 1676 5137 ipsa
1701 5084 1909 5139 quoque
1935 5070 2067 5125 deus
2095 5072 2216 5139 est?
2244 5072 2326 5124 in-

752 5168 962 5234 quiunt.
987 5164 1101 5218 Hoc
1137 5176 1347 5231 quoque
1372 5175 1555 5215 rursus
1583 5171 1667 5215 est
1692 5162 1968 5216 ridiculum
2000 5179 2104 5216 non
2138 5178 2329 5217 vaeans

759 5256 1120 5310 contentione.
1154 5252 1340 5306 Nonne
1387 5262 1497 5315 est,
1542 5249 1744 5320 inquit,
1786 5252 1950 5316 deus,
1988 5269 2093 5321 quo
2119 5252 2185 5305 ad
2223 5262 2327 5306 tam

762 5349 922 5401 multa
956 5345 1188 5399 utimur;l
1216 5344 1279 5396 Et
1316 5343 1385 5397 de
1422 5354 1563 5395 terra
1604 5357 1788 5395 rursus
1829 5343 2089 5397 similiter.
2123 5338 2327 5398 Revera

760 5440 827 5496 In
856 5439 1080 5492 vanitate
1127 5438 1305 5489 mentis
1334 5450 1471 5497 suae,
1502 5434 1819 5487 obscuratum
1861 5436 2093 5488 lmbentes
2130 5436 2331 5489 inulte-

761 5529 916 5587 clunt.
941 5530 1046 5585 Sed
1075 5531 1188 5582 lucc
1209 5542 1349 5581 nunc
1368 5526 1493 5579 dicit
1517 5525 1586 5579 de
1607 5527 1711 5578 vita
1737 5544 1751 5579 :
1783 5527 2097 5581 Scortantnr
2116 5539 2166 5583 et
2187 5530 2335 5583 adul—

765 5627 896 5679 teria
927 5623 1213 5675 admittunt
1254 5618 1442 5673 Gneci.
1491 5616 1676 5669 Merito
1711 5634 1723 5668 :
1759 5633 1877 5671 nam
1909 5619 1997 5687 qui
2046 5622 2176 5673 tales
2207 5623 2335 5675 deos

762 5715 863 5771 sibi
897 5714 1236 5780 describunt,
1282 5700 1699 5764 consentaneum
1742 5716 1823 5765 est
1867 5727 1959 5767 cos
2006 5712 2120 5766 lucc
2158 5714 2332 5767 omnia

2404 420 2625 479 facere:
2655 434 2711 479 et
2751 426 2796 479 si
2844 428 3111 494 potuerint
3156 428 3426 483 hominum
3473 430 3658 485 oculos
3700 430 3936 500 etfugere
3959 474 3974 495 ,

2400 513 2572 565 nullus
2600 523 2679 567 est
2711 517 2798 583 qui
2828 516 2898 569 sit
2937 532 3031 570 eos
3057 518 3410 573 cohibiturus.
3440 519 3579 587 Quid
3606 521 3749 575 enim
3782 524 3979 589 poterit

2399 601 2450 654 id
2488 603 2628 667 quod
2670 604 2864 658 dicitur
2900 604 2969 661 de
2998 608 3429 673 resurrectione,
3462 624 3583 664 cum
3628 611 3706 664 eis
3736 610 3979 663 videatur

2399 691 2604 746 fabula?
2631 697 2698 748 At
2721 696 2860 765 quod
2888 696 3083 755 dicitur
3101 698 3168 752 de
3199 698 3262 751 iis
3286 700 3373 767 qui
3401 710 3525 752 sunt
3549 698 3689 768 apud
3719 701 3920 753 inferos
3949 704 3974 751 ?

2397 782 2499 836 Sed
2529 783 2646 838 base
2670 801 2883 854 quoque
2911 798 3035 840 sunt
3064 786 3259 842 fabulae
3284 806 3297 840 :
3330 789 3448 843 vide
3468 800 3645 843 autem
3686 792 3975 859 cogitatum

2397 875 2714 928 satanieum.
2739 878 2961 947 Quando
2992 877 3098 932 illis
3120 879 3319 932 dicitur
3338 878 3465 932 deos
3485 894 3605 934 esse
3629 890 3976 944 scartatores,

2398 981 2500 1016 non
2530 965 2713 1018 dicunt
2738 982 2858 1021 esse
2884 966 3112 1033 fabulas,
3146 970 3236 1023 sed
3263 970 3485 1024 credunt
3515 988 3529 1025 :
3559 971 3771 1041 quando
3798 981 3975 1025 autem

2398 1057 2776 1124 loquuntur-de
2816 1059 3108 1126 supplicio,
3150 1060 3320 1124 Sunt,
3354 1060 3632 1130 inquiunt,
3680 1071 3878 1130 poetae,
3926 1072 3980 1114 et

2397 1147 2573 1197 munia
2603 1146 2929 1213 fabulantur,
2962 1160 3016 1202 ut
3043 1151 3197 1204 bona:
3223 1150 3345 1205 vita:
3372 1159 3543 1205 status
3569 1154 3711 1216 omni
3736 1168 3801 1208 ex
3828 1161 3980 1221 parte

2397 1248 2691 1290 evertatur.

2470 1327 2659 1381 Contra
2701 1334 2859 1399 fatum
2898 1342 2943 1384 et
2974 1334 3445 1404 metempsycltosin.
3475 1364 3546 1375 ——
3570 1336 3639 1405 ᾼι
3675 1335 3979 1404 philosophi

2401 1419 2738 1488 invenerunt,
2772 1422 2963 1491 inquit,
2994 1424 3246 1493 quiddam
3274 1424 3433 1492 plane
3459 1425 3790 1492 praclarum,
3819 1436 3873 1480 et
3897 1426 3980 1479 his

2400 1512 2591 1565 melius
2631 1528 2696 1567 ac
2739 1516 3099 1583 pra-stantius.
3139 1516 3453 1581 Quomodo?
3482 1506 3572 1586 qui
3611 1516 3776 1571 fatum
3819 1519 3977 1572 indu-

2400 1613 2545 1668 cunt,
2577 1615 2631 1657 et
2655 1605 2840 1659 dicunt
2871 1608 3048 1660 omnia
3079 1609 3220 1659 nulla
3243 1608 3356 1676 geri
3386 1607 3739 1675 providentia,
3766 1621 3823 1663 et
3847 1609 3978 1661 nihil

2400 1696 2646 1763 cuiquam
2676 1710 2796 1750 esse
2833 1713 3010 1762 curm,
3054 1697 3146 1752 sed
3175 1708 3423 1753 constare
3449 1700 3626 1752 omnia
3652 1714 3717 1753 ex
3747 1700 3980 1753 atomis?

2400 1788 2493 1840 sed
2542 1788 2630 1856 qui
2675 1788 2859 1842 dicunt
2903 1790 3060 1844 deum
3106 1805 3224 1844 esse
3265 1790 3500 1859 corpus?
3542 1790 3644 1845 Sed
3691 1776 3865 1861 quis?
3895 1793 4001 1857 die,

2400 1872 2583 1947 quaiso
2612 1898 2627 1933 :
2655 1882 2745 1949 qui
2774 1881 3031 1935 humanas
3059 1884 3265 1936 animas
3290 1882 3487 1937 faciunt
3514 1897 3634 1937 esse
3659 1884 3896 1943 caninas,
3927 1892 3982 1937 et

2402 1973 2726 2038 persuadent
2768 1972 3075 2026 hominibus
3118 1973 3258 2041 quod
3303 1975 3520 2043 quidam
3559 1975 3844 2045 aliquando
3887 1975 3983 2027 fuit

2401 2064 2571 2124 canis,
2604 2075 2658 2117 et
2685 2066 2770 2117 leo
2794 2073 2847 2118 et
2872 2064 3033 2133 piscis
3050 2065 3075 2117 ?
3098 2064 3388 2134 Quousque
3414 2080 3519 2118 non
3543 2065 3765 2119 cessatis
3794 2068 3981 2135 nugari

2404 2167 2637 2209 mentem
2664 2157 2916 2211 habentes
2942 2157 3319 2210 obscuratam?
3344 2172 3463 2209 nam
3487 2169 3544 2209 ut
3570 2158 3657 2225 qui
3689 2159 3794 2210 sint
3819 2158 3870 2210 in
3900 2167 3982 2211 te-

2360 2289 2368 2297 .
2403 2246 2603 2310 nebris,
2620 2246 2797 2298 omnia
2815 2254 2865 2299 et
2882 2246 3066 2300 dicunt
3080 2255 3133 2299 et
3151 2246 3367 2309 faciunt,
3394 2255 3498 2300 tam
3517 2262 3637 2315 qua:
3652 2246 3717 2300 ad
3734 2247 3982 2315 dogmata

2404 2338 2671 2405 pertinent
2700 2352 2856 2405 quam
2886 2352 3006 2405 quae
3033 2337 3098 2389 ad
3132 2338 3317 2390 vitam.
3367 2337 3564 2391 Eorum
3609 2339 3750 2392 enim
3776 2354 3896 2406 qua:
3932 2339 3983 2390 in

2406 2425 2583 2479 medio
2612 2426 2712 2479 sita
2741 2434 2866 2479 sunt
2896 2426 3028 2479 nihil
3057 2426 3197 2478 videt
3222 2426 3268 2479 is
3293 2426 3383 2494 qui
3414 2435 3497 2479 est
3525 2426 3875 2480 circumfusus
3903 2437 3983 2480 te-

2404 2515 2603 2576 nebris,
2634 2514 2728 2569 sed
2755 2530 2918 2583 sape,
2943 2516 3055 2568 viso
3084 2517 3226 2580 fune,
3258 2516 3529 2569 existimat
3552 2527 3742 2585 sponte
3767 2527 3983 2571 enatum

2403 2592 2706 2674 serpentem
2735 2622 2749 2655 :
2780 2620 2966 2660 rursus
2986 2622 3014 2659 a
3053 2620 3180 2673 setie
3207 2614 3469 2670 retentus,
3502 2615 3649 2675 putat
3673 2615 3766 2660 aut
3785 2606 3984 2660 dmmo—

2404 2712 2527 2750 nem
2555 2699 2783 2765 aliquem
2811 2706 2902 2750 aut
2932 2696 3200 2750 hominem
3229 2712 3351 2750 eum
3383 2698 3647 2761 retinere;
3677 2697 3985 2767 multusque

2404 2798 2485 2842 est
2513 2790 2769 2841 tumultus
2791 2830 2805 2853 ,
2852 2790 3014 2842 multa
3048 2788 3398 2857 perturbatio.
3434 2789 3711 2858 Ejusmodi
3739 2791 3983 2859 qumdam

2403 2880 2778 2933 extimescunt.
2823 2877 3122 2941 Timebunt,
3173 2878 3378 2946 inquit,
3424 2878 3510 2931 ubi
3552 2895 3654 2932 non
3697 2880 3790 2932 erit
3838 2880 3980 2932 timor

2406 2970 2580 3039 (Psal.
2613 2968 2701 3024 52.
2730 2968 2785 3038 6)
2813 2986 2828 3022 :
2861 2986 2980 3038 qua:
3002 2969 3124 3038 jure
3162 2980 3339 3023 autem
3372 2970 3649 3032 timentur,
3695 2986 3801 3025 non
3848 2972 3987 3024 exti-

2406 3071 2649 3117 tneseunt
2676 3079 2689 3113 :
2719 3061 2812 3115 sed
2844 3063 2979 3114 sicut
3010 3062 3239 3114 infantes
3266 3063 3453 3129 gesxati
3483 3076 3513 3114 a
3544 3062 3843 3117 nutricibus
3871 3078 3988 3115 ma-

2408 3169 2509 3206 nus
2537 3148 2751 3221 quidem
2794 3153 2844 3205 in
2878 3152 3053 3220 ignem
3093 3169 3158 3205 ex
3208 3153 3498 3222 improviso
3537 3163 3590 3207 et
3630 3154 3681 3206 in
3715 3155 3987 3207 lucernam

2407 3244 2660 3296 audacter
2687 3243 3000 3305 immittunt,
3032 3243 3202 3294 virum
3233 3252 3410 3295 autem
3440 3258 3597 3296 sacco
3626 3243 3868 3296 indutum
3897 3260 3989 3297 ex-

2409 3336 2693 3387 timescunt
2725 3351 2739 3385 :
2770 3335 2847 3391 sic
2879 3333 2963 3385 isti
2994 3348 3208 3401 quoque
3234 3333 3429 3398 Grmci,
3462 3343 3517 3385 ut
3544 3334 3633 3402 qui
3661 3334 3770 3388 sint
3802 3350 3989 3387 revera

2410 3426 2640 3480 infantes
2660 3468 2672 3488 ,
2724 3426 2861 3479 sicut
2884 3427 3044 3479 etiam
3075 3425 3289 3493 quidam
3323 3426 3455 3478 dixit
3482 3426 3620 3494 apud
3647 3441 3770 3490 eos,
3813 3414 3989 3483 Grzcci

2410 3535 2622 3577 semper
2653 3518 2827 3586 pueri,
2859 3517 3047 3571 timent
3071 3518 3283 3587 quidem
3314 3533 3431 3586 qua:
3458 3534 3562 3570 non
3594 3527 3720 3572 sunt
3748 3531 3988 3586 peccata,

2412 3624 2468 3663 ιιι
2489 3607 2676 3662 sordes
2700 3608 2961 3677 corporis,
2990 3608 3184 3660 mortui
3220 3610 3397 3672 funus,
3428 3609 3625 3674 cubile,
3656 3596 3868 3663 dierum
3898 3611 3991 3664 ob-

2410 3700 2760 3765 servationes,
2783 3709 2836 3753 et
2860 3717 2978 3768 quze
3003 3714 3125 3754 sunt
3150 3701 3488 3765 hujusmodi;
3522 3701 3641 3771 quaé
3666 3710 3844 3756 autem
3867 3711 3992 3757 sunt

2411 3807 2534 3844 vere
2558 3800 2803 3858 peccata,
2835 3790 3181 3859 praedicatus,
3213 3791 3562 3857 adulterium,
3590 3795 3869 3857 scortatio,
3902 3808 3993 3846 eo-

2413 3899 2530 3937 rum
2559 3883 2755 3936 nullam
2776 3883 3270 3937 Izaltetterationem.
3289 3886 3394 3939 Sed
3414 3886 3610 3939 videris
3630 3887 3844 3955 quidem
3868 3902 3991 3941 eum

2413 3990 2442 4026 a
2471 3975 2663 4028 mortui
2692 3983 2941 4028 contactu
2970 3975 3166 4040 lavari,
3198 3991 3226 4028 a
3259 3971 3482 4030 mortuis
3522 3989 3699 4031 autem
3742 3980 3994 4049 operibus

2415 4080 2784 4133 nequaquam;
2816 4076 2868 4119 et
2898 4081 2994 4134 pro
3031 4067 3267 4134 pecuniis
3294 4068 3508 4136 quidem
3541 4069 3763 4122 multum
3795 4085 3995 4139 ponere

2415 4158 2670 4221 studium,
2698 4157 3003 4211 existimare
3029 4169 3205 4211 autem
3230 4176 3336 4212 uno
3357 4160 3497 4228 gallo
3521 4168 3824 4214 totamesse
3845 4176 3994 4214 com-

2418 4250 2644 4316 positam
2694 4250 2837 4302 litem
2882 4264 2945 4302 ac
2993 4252 3412 4303 controversiam
3460 4267 3475 4303 :
3522 4253 3659 4304 adeo
3710 4252 3996 4306 obscurata

2420 4354 2599 4398 mente
2619 4352 2763 4397 sunt.
2785 4336 2963 4397 Multis
2986 4344 3281 4397 terroribus
3306 4344 3455 4411 plena
3475 4356 3556 4398 est
3576 4359 3762 4398 eorum
3783 4346 3994 4399 anima:

2421 4442 2479 4487 ut
2525 4446 2684 4503 puta,
2736 4434 2822 4487 hic
2862 4442 2953 4486 aut
3000 4434 3091 4487 ille
3134 4435 3336 4502 primus
3383 4434 3513 4486 mibi
3564 4436 3800 4488 occurrit
3839 4435 4001 4489 domo

2422 4524 2669 4585 exeunti;
2700 4524 2918 4577 omnino
2944 4524 3254 4593 contingere
3281 4534 3493 4593 oportet
3523 4525 3660 4578 mala
3690 4525 4003 4580 innumera-

2423 4615 2569 4668 bilia.
2598 4613 2751 4667 Nunc
2793 4628 2979 4667 servus
3006 4613 3367 4685 exsecrandns
3410 4614 3544 4667 dans
3587 4614 3715 4667 mibi
3750 4615 3965 4670 calceos
3987 4657 4001 4678 ,

2427 4707 2660 4776 primum
2686 4706 2921 4774 porrexit
2954 4692 3172 4773 partem
3213 4705 3518 4768 sinistram;
3567 4700 3758 4775 graves
3795 4707 4000 4776 signifi-

2426 4808 2615 4853 cantur
2641 4798 2970 4851 calamitates
2989 4840 3003 4859 ,
3036 4808 3089 4850 et
3119 4798 3477 4851 contutnelim.
3527 4798 3637 4866 Ego
3678 4799 3791 4865 ipse
3819 4800 4010 4876 exiens,

2428 4892 2648 4943 sinistro
2673 4888 2832 4957 priori
2863 4889 3099 4956 processi
3130 4889 3264 4957 pede
3288 4906 3301 4950 ;
3335 4888 3433 4941 hoc
3450 4901 3664 4958 quoque
3692 4900 3774 4942 est
3794 4882 4003 4968 signum

2429 4980 2811 5033 calamitatum.
2842 4979 2908 5032 Et
2949 4979 3062 5032 haec
3090 4980 3302 5047 quidem
3332 4979 3475 5032 domi
3507 4991 3630 5033 sunt
3656 4981 3793 5034 mala
3820 4998 3834 5033 :
3866 4982 4006 5034 foras

2431 5085 2609 5127 autem
2637 5087 2854 5141 egresso
2894 5072 3083 5125 dexter
3110 5071 3241 5124 mihi
3268 5072 3452 5125 oculus
3494 5072 3697 5126 inferne
3724 5073 3878 5136 salit;
3912 5075 4008 5126 hoc

2432 5174 2515 5218 est
2552 5144 2804 5217 iudicium
2851 5162 3227 5231 lactymarum.
3269 5160 3517 5214 Mulieres
3556 5176 3767 5228 quoque
3797 5164 4008 5230 quando

2433 5261 2627 5307 sonant
2651 5250 2840 5305 calami
2868 5250 2932 5303 ad
2972 5258 3193 5303 textura:
3220 5259 3365 5303 recta
3409 5249 3546 5319 ligna
3576 5250 3741 5313 allisi,
3776 5251 3856 5305 vel
3889 5266 4007 5304 cum

2438 5346 2565 5411 ipsa:
2612 5343 2823 5412 pectine
2864 5340 3267 5406 discritniuant,
3314 5340 3413 5394 hoc
3459 5356 3553 5407 pro
3596 5342 3750 5409 signo
3790 5341 4007 5397 habent.

2441 5438 2644 5490 Rursus
2667 5434 2883 5504 quando
2911 5433 3222 5499 subtegmen
3261 5433 3469 5501 pectine
3501 5435 3810 5488 concutiunt
3832 5474 3845 5495 ,
3879 5444 3935 5489 et
3964 5434 4010 5486 id

2439 5529 2637 5583 faciunt
2661 5526 3029 5580 vehementius
3053 5541 3067 5588 ;
3101 5524 3295 5578 deinde
3315 5526 3404 5594 qui
3430 5534 3552 5578 sunt
3571 5540 3798 5592 superne
3825 5527 4010 5578 calami

2440 5620 2509 5673 ob
2541 5621 2804 5672 intensum
2836 5617 2994 5670 ictum
3026 5615 3191 5669 edunt
3215 5615 3517 5681 strepitum,
3548 5615 3684 5667 allisi
3713 5614 3778 5666 ad
3814 5627 4011 5669 rectum

2443 5720 2663 5767 textura:
2690 5710 2909 5780 lignum,
2943 5708 3041 5763 hoc
3069 5707 3263 5763 habent
3297 5723 3391 5777 pro
3419 5707 3569 5776 signo
3600 5726 3610 5762 :
3649 5716 3704 5763 et
3724 5707 3827 5761 alia
3862 5709 4011 5762 inuu-
