4122 6400
181 341 231 396 9|
1050 346 1113 402 ΙΝ
1154 347 1370 404 LPIST.
1411 350 1503 403 AD
1546 349 1787 404 EPHES.
1825 351 1975 406 CAP.
2020 352 2106 408 IV.
2157 352 2386 406 HOMIL.
2431 353 2544 408 XII.

182 451 282 519 Οὐχ
312 451 464 520 δρᾷς,
499 452 582 504 ὅτι
612 452 680 507 τὰ
710 453 1008 526 δηλητήρια
1042 456 1310 527 φάρμακα
1343 459 1736 522 καταϐλάπτει,

183 531 268 583 καὶ
291 531 500 596 οὐδενὸς
530 534 721 600 δεῖται,
749 536 878 588 ὅταν
919 538 976 589 δὲ
1013 537 1219 608 ὠφελῇ,
1254 540 1500 602 πολλῶν;
1553 541 1651 593 Διά
1684 541 1767 604 σὲ,

182 613 342 664 τοίνυν
372 615 489 668 ἐστὶ
523 617 786 682 τοιοῦτος,
829 619 923 671 καὶ
958 620 1120 682 καλὸς
1150 624 1245 673 καὶ
1280 621 1512 690 ἀσθενής
1535 640 1548 652 °
1581 623 1742 684 καλὸς

183 694 290 761 μὲν,
317 695 405 747 ἴνα
430 698 802 771 ἐπιγινώσκῃς
829 703 920 753 τὸν
945 703 1224 771 Δεσπότην
1247 720 1260 734 ’
1285 704 1516 774 ἀσθενὴς
1545 705 1622 768 δὲ,
1653 705 1740 756 ἵνα

182 775 249 845 μὴ
269 778 538 848 Δεσπότην
571 781 732 834 αὐτὸν
760 777 899 836 εἶναι
931 784 1117 855 λέγῃς.
1157 785 1314 837 Ἀλλά
1340 785 1551 854 τρέφει,
1582 780 1740 854 φησὶᾷ

178 858 239 909 τὰ
263 859 400 926 φυτά
423 862 518 914 καὶ
540 862 613 914 τά
637 865 948 934 σπέρματα.
981 867 1046 918 Τί
1072 864 1168 920 οὖν
1193 867 1267 938 μὴ
1290 868 1457 936 παρά-
1468 866 1628 919 τοῦτο
1648 866 1741 918 καὶ

177 943 432 1014 ήκόπρος
479 945 642 1010 θεός;
690 947 786 1000 καὶ
827 951 936 1017 γὰρ
979 949 1072 1002 καί⁵
1100 950 1282 1020 ἐκείνη
1317 951 1529 1020 τρέφει.
1565 951 1629 1001 Τί
1666 949 1740 1018 μὴ

179 1026 315 1094 παρᾶ
333 1025 488 1079 τοῦτο
509 1029 604 1082 καὶ
631 1029 693 1082 τὺ
717 1030 1002 1100 δρέπανον,
1036 1031 1128 1084 καὶ
1154 1033 1208 1084 αί
1230 1032 1324 1084 τοῦ
1361 1030 1607 1101 γεωργοῦ
1631 1035 1739 1101 χεῖ-

179 1125 292 1177 ρες;
325 1111 503 1176 Δετξόν
545 1129 639 1181 μοι
675 1114 838 1181 μόνον
876 1115 1142 1185 τρέφοντα
1177 1115 1268 1166 τὸν
1300 1115 1471 1184 ἥλιον,
1508 1115 1599 1166 καὶ
1637 1132 1738 1184 μη-

175 1191 310 1254 δενὸς
335 1193 612 1262 δεόμενον,
644 1196 781 1264 μήτε
809 1195 933 1264 γῆς,
969 1198 1107 1264 μήτε
1145 1195 1356 1258 ὓδατος,
1392 1197 1529 1265 μήτε
1565 1212 1738 1266 γεωρ-

176 1273 320 1337 γίας·
354 1275 489 1328 ἀλλά
519 1277 798 1342 βαλλέσθω
839 1277 906 1330 τὰ
944 1278 1256 1347 σπέρματα,
1293 1280 1389 1330 καὶ
1416 1277 1515 1348 τὴν
1546 1279 1737 1331 ἀκτῖνα

173 1355 320 1421 ἀφεὶς
345 1356 606 1410 δεικνύτω
635 1358 764 1421 τοὺς
793 1359 1092 1428 ἀστάχυας.
1130 1361 1190 1412 Εί
1227 1361 1282 1413 δὲ
1317 1362 1417 1413 οὐκ
1443 1359 1608 1414 αὐτοῦ
1639 1360 1736 1429 μό-

173 1454 278 1501 νου,
313 1437 445 1493 ἀλλὰ
499 1443 596 1492 καὶ
634 1441 746 1494 τῶν
786 1443 956 1495 ύετῶν
998 1446 1133 1505 ἐστι,
1183 1443 1273 1498 διὰ
1318 1444 1371 1496 τί
1415 1444 1489 1513 μὴ
1541 1444 1633 1496 καὶ
1677 1443 1738 1495 τὸ

174 1520 307 1590 ὕδωρ
335 1523 486 1587 θεός;
529 1523 695 1576 Ἀλλά
730 1526 897 1598 μήπω
923 1526 1051 1595 περὶ
1081 1526 1292 1578 τούτου.
1336 1526 1506 1585 Διάκτί
1540 1525 1612 1596 μὴ
1642 1525 1736 1577 καὶ

175 1603 290 1671 ⁷³)Τῆ
317 1603 434 1667 θεάς
456 1623 470 1670 ;
504 1605 596 1658 διὰ
623 1605 678 1658 τί
706 1606 780 1676 μὴ
813 1608 906 1660 καὶ
933 1609 964 1678 ὴ
998 1607 1224 1676 κόπρος,
1250 1608 1342 1659 καὶ
1375 1610 1412 1676 ὴ,
1432 1607 1648 1659 δίκελλα
1669 1620 1692 1645 ιι
1719 1623 1732 1671 ;

173 1688 344 1740 Πάντα
387 1686 502 1752 οὖν,
538 1690 664 1743 εἰπέ
715 1707 842 1759 μοι,
882 1692 1364 1760 προσκυνήσομενς
1415 1691 1478 1741 Ὦ
1502 1690 1600 1758 τῆς
1641 1688 1736 1757 λη-

173 1770 387 1837 ρωδίαςί
419 1769 612 1825 Καίτοι
649 1772 850 1842 μᾶλλον
877 1773 1007 1826 ἄνευ
1041 1773 1191 1842 ἡλίου
1226 1772 1438 1839 γένοιτο
1470 1772 1730 1840 ἄσταχυς,

171 1852 341 1919 ἢάνευ
369 1856 469 1924 γῆς
485 1857 582 1909 καὶ
612 1855 825 1920 ὕδατος,
845 1857 942 1908 καὶ
958 1855 1101 1923 φυτά
1127 1857 1224 1908 καὶ
1243 1855 1313 1907 τὰ
1333 1855 1468 1909 ἄλλα
1481 1849 1729 1909 ἅπαντα.

172 1935 208 1985 Γ
208 1934 268 2002 ἧς
289 1935 388 2004 μὲν
402 1932 494 1990 οὖν
510 1939 611 1990 οὐκ
631 1937 821 2008 οὔσης,
838 1938 939 1990 οὐκ
959 1939 1024 1990 ἄν
1051 1954 1180 1991 ποτε
1197 1937 1404 1990 τούτων
1424 1955 1475 1989 τι
1498 1936 1692 2005 φανείη
1715 1953 1730 1966 ο

170 2018 214 2066 εἰ
237 2016 293 2068 δέ
335 2035 420 2080 τις
450 2020 509 2070 ἐν
554 2021 829 2089 κεραμίῳ,
875 2015 964 2072 οἷα
994 2018 1062 2071 τὰ
1090 2019 1280 2072 παιδία
1309 2017 1524 2071 ποιοῦσι
1555 2019 1649 2070 καὶ
1676 2019 1730 2070 αί

173 2101 434 2163 γυναῖκες,
473 2103 582 2171 γῆν
618 2100 1036 2171 ἐναποθέμενος,
1072 2101 1177 2153 ὑπὸ
1204 2101 1296 2152 τὸν
1327 2100 1524 2168 δροφον
1560 2099 1730 2152 κατά-

172 2181 325 2242 θοιτο,
369 2182 610 2254 κέραμον
662 2183 947 2254 ἐμπλήσας
991 2183 1198 2253 κόπρου
1253 2183 1478 2252 πολλῆς,
1531 2181 1730 2250 ἀσθενῆ

173 2263 282 2330 μὲν,
323 2264 628 2318 ἀναδίδοται
662 2264 720 2318 δὲ
759 2265 906 2334 ὅμως
946 2264 1015 2318 τὰ
1047 2264 1210 2333 φυτά.
1259 2267 1422 2317 Ὥστε
1461 2264 1662 2316 πλείων
1695 2265 1727 2332 ὴ

171 2346 307 2415 παρὰ
334 2346 433 2416 τῆς
463 2347 567 2418 γῆς
597 2348 696 2400 καὶ
731 2348 832 2416 τῆς
859 2349 1065 2418 κόπρου
1098 2347 1396 2413 συντέλεια,
1441 2346 1538 2400 καὶ⁹
1561 2346 1732 2399 ταῦτα

172 2426 276 2500 [95]
302 2430 499 2498 μᾶλλον
523 2431 736 2484 ἐκείνου
763 2432 869 2501 χρὴ
897 2433 1242 2501 προσκυνεῖν.
1266 2429 1512 2500 Οὐρανοῦ
1535 2430 1727 2492 δεῖται,

167 2510 314 2580 ἀέρος
352 2512 542 2570 δεῖται.
595 2512 808 2565 ὑδάτων
847 2512 1016 2565 δεῖται
1044 2512 1269 2575 τούτων,
1313 2513 1453 2566 ὥστε
1486 2512 1562 2581 μὴ
1605 2511 1729 2580 βλάο

170 2609 308 2645 πτειν
339 2593 589 2664 καθάπερ
624 2594 856 2664 χαλινῶν
905 2594 1248 2662 κατεχόντων
1287 2594 1450 2646 αὐτοῦ
1492 2593 1590 2663 τὴν
1631 2594 1730 2661 τῆς

168 2673 432 2744 δυνάμεως
481 2676 805 2746 ἀγριότητα,
869 2679 963 2729 καὶ¹
1015 2676 1117 2729 οὐκ
1171 2675 1386 2728 ἐώντων
1437 2677 1728 2742 ἐπαφεῖναι

169 2757 429 2826 πανταχοῦ
472 2759 571 2829 τὴν
617 2760 834 2822 ἀκτῖνα,
877 2758 1073 2829 ¹ὥσπερ
1123 2761 1244 2811 τινά
1301 2759 1468 2811 ἵππον
1514 2757 1726 2826 ἄγριον.

172 2839 290 2892 Εἰπὲ
313 2840 378 2908 δή
413 2857 520 2908 μοι,
551 2841 659 2893 ποῦ
686 2843 819 2910 ἡμῖν
855 2842 1004 2893 ἐστιν
1031 2833 1187 2903 οὗτος
1217 2841 1358 2893 κατά
1393 2841 1494 2911 τὴν
1521 2839 1726 2903 νύκτας

168 2923 258 2975 ποῦ
275 2925 303 2974 δ
325 2921 445 2986 θεὸς
461 2924 911 2993 ἀποδεδήμηκενς
939 2925 1000 2976 ού
1023 2925 1133 2994 γὰρ
1159 2922 1281 2976 θεοῦ
1303 2923 1464 2977 τοῦτο
1486 2923 1549 2976 τὸ
1570 2941 1728 2994 περι-

169 3005 424 3058 κλείεσθαι
470 2996 565 3058 καὶ
618 3005 988 3076 περατοῦσθαι
1029 3021 1043 3035 ⁸
1103 3007 1372 3073 σωμάτων
1413 3005 1522 3075 γὰρ
1559 3005 1729 3069 ὄντως

166 3088 309 3142 τοῦτο
348 3089 523 3159 μόνον.
576 3088 743 3142 Ἀλλά
783 3088 875 3141 καὶ
908 3088 1140 3156 δύναμίς
1167 3089 1250 3152 τίς
1281 3089 1432 3141 ἐστιν
1469 3092 1527 3142 ἐν
1557 3089 1726 3160 αὐτῷ,

169 3171 306 3238 φησὶ,
344 3173 439 3223 καὶ
472 3174 727 3224 κινεῖται.
767 3170 914 3241 Αὕτη
958 3167 1052 3224 οὖν
1098 3173 1132 3242 ἡ
1161 3171 1413 3242 δύναμις,
1455 3174 1578 3225 εἰπέ
1616 3191 1728 3244 μοι,

169 3254 303 3318 ῡεὸςς
345 3255 400 3305 τί
428 3249 520 3305 οὖν
551 3253 696 3322 αῦτη
747 3253 941 3314 δεῖται,
980 3253 1075 3305 καὶ⁸
1123 3255 1198 3324 μὴ
1239 3255 1460 3325 κατέχει
1488 3257 1551 3308 τὸ
1577 3255 1726 3326 πῦρ;

169 3338 313 3387 πάλιν
335 3336 442 3406 γάρ
471 3339 498 3390 ὁ
517 3335 684 3398 αὑτός
719 3353 807 3406 μοι
834 3336 1014 3403 λόγος.
1039 3336 1104 3387 Τί
1124 3337 1179 3389 δὲ
1201 3339 1234 3406 ἡ
1262 3337 1489 3406 δύναμις
1512 3338 1728 3407 ἐκείνη;

171 3423 449 3488 φωτιστική
489 3419 620 3491 τίίς]
664 3421 832 3482 ἐστιν,
940 3419 1028 3471 διά
1069 3419 1259 3472 τούτου
1313 3421 1560 3487 φωτίζει,
1592 3421 1729 3490 αὑτὴ

171 3503 450 3571 μετέχουσα
473 3503 678 3555 τούτων
720 3503 946 3571 μηδενός
967 3519 992 3566 ;.
1017 3502 1226 3555 Οὐκοῦν
1261 3502 1462 3570 μείζων
1489 3503 1661 3574 αὐτῆς
1702 3505 1732 3556 ό

166 3588 316 3654 ἥλιος.
354 3589 530 3658 Μέχρι
562 3589 712 3650 τίνος
739 3586 1092 3656 ἀνελίττομεν
1122 3586 1482 3658 λαϐύρινθονς

224 3710 289 3769 τ.
303 3703 368 3755 Τί
386 3703 446 3756 δὲ
463 3704 524 3756 τὸ
553 3703 702 3771 ὕδωρ
727 3721 741 3767 ;
783 3704 904 3772 ούχὶ
926 3705 1019 3757 καὶ
1042 3704 1174 3758 αὐτὸ
1204 3705 1343 3766 θεὸς,
1369 3706 1502 3773 φασί
1523 3723 1536 3770 ;
1561 3707 1730 3760 Τοῦτο

169 3784 318 3848 ὅπως
351 3785 586 3854 γέλωτος
613 3785 777 3839 πάλιν
817 3787 1142 3854 φιλονείκου.
1184 3787 1320 3856 Οὐχὶ
1359 3787 1502 3850 θεὸς,
1543 3790 1726 3860 φησὶν,

167 3860 204 3931 ᾧ
229 3869 356 3938 πρδς
376 3869 611 3922 τοσαῦτα
640 3868 989 3939 κεχρήμεθα;
1027 3871 1134 3922 Καὶ
1165 3871 1289 3940 περὶ
1311 3869 1409 3939 τῆς
1439 3870 1542 3940 γῆς
1567 3871 1729 3924 πάλιν

170 3952 368 4019 ὁμοίως.
408 3954 637 4017 Ὄντως,
689 3954 786 4004 Ἐν
810 3953 1158 4020 ματαιότητι
1199 3952 1305 4006 τοῦ
1335 3953 1477 4018 νοὸς
1506 3953 1724 4017 αὐτῶν,

171 4034 570 4104 ἐσκοτωμένοι
602 4034 721 4102 τὴν
743 4033 1037 4089 διάνοιαν.
1076 4033 1235 4087 Ἀλλά
1260 4037 1390 4105 περὶ
1416 4035 1532 4103 βίου
1556 4036 1728 4089 ταῦτα

173 4132 284 4184 φησι
310 4117 406 4170 νῦν
429 4135 445 4148 ·
471 4113 802 4188 Πορνεύουσι
844 4118 938 4169 καὶ
966 4115 1306 4186 μοιχεύουσιν
1332 4116 1611 4186 Ἕλληνες.
1638 4120 1729 4172 Εί-

176 4199 352 4264 κότως-
374 4201 427 4253 οί
448 4202 552 4270 γὰρ
577 4199 854 4260 τοιούτους
874 4199 1286 4268 ὑπογράφοντες
1311 4199 1525 4262 ἑαυτοῖς
1548 4199 1724 4264 θεοὺς,

175 4280 329 4335 πάντα
351 4283 665 4344 ἀκολούθως
693 4281 1019 4352 ἐργάζονται
1039 4298 1052 4313 ·
1085 4281 1185 4333 κᾶν
1214 4283 1341 4341 τοὺς
1379 4281 1484 4334 τῶν
1516 4283 1726 4352 ἀνθρώ-

177 4381 272 4414 πων
301 4365 569 4434 δυνηθῶσι
609 4363 796 4417 λαθεῖν
829 4362 1165 4432 ὀφθαλμοὺς,
1201 4362 1375 4426 οὐδεὶς
1419 4365 1448 4415 ό
1480 4363 1725 4429 καθέξων

173 4445 362 4509 αύτούς.
395 4447 463 4499 Τί
489 4448 597 4516 γὰρ
625 4446 918 4514 δυνήσεται
943 4447 971 4496 ὁ
1007 4446 1136 4515 περὶ
1163 4445 1514 4509 ἀναστάσεως
1545 4447 1721 4515 λόγος,

178 4527 317 4594 p156;
338 4529 523 4591 αὐτοῖς
557 4524 698 4582 εἶναι
729 4527 934 4592 δοκῶν;
983 4528 1144 4580 Ἀλλὰ
1179 4545 1244 4580 πε
1256 4528 1308 4598 ρὶ
1334 4527 1443 4582 τῶν
1474 4531 1530 4581 ἐν
1557 4529 1720 4599 ᾆδου;

186 4613 323 4667 Ἀλλά
356 4614 454 4667 καὶ
481 4612 653 4667 ταῦτα
681 4611 843 4682 μῦθοι
870 4629 882 4643 ·
925 4613 1018 4664 καὶ
1045 4611 1144 4664 θέα
1170 4612 1270 4680 τὴν
1305 4613 1602 4682 σατανικὴν
1633 4613 1722 4665 ἐν·

176 4712 318 4751 νοιαν.
349 4697 520 4749 Ὅταν
562 4695 662 4764 μέν
706 4693 938 4760 λέγωσιν
973 4692 1155 4755 αὐτοῖς
1183 4692 1340 4755 θεοὺς
1379 4693 1630 4762 πόρνους,
1660 4695 1721 4747 00

177 4793 313 4842 φασιν
335 4775 479 4831 εἶναι
504 4776 730 4846 μύθους,
758 4775 894 4827 ἀλλὰ
910 4775 1190 4846 πείθονται
1212 4792 1224 4805 ·
1249 4775 1376 4828 ὅταν
1405 4776 1461 4829 δέ
1489 4793 1554 4828 πε
1565 4777 1616 4846 pl
1640 4794 1724 4829 κο-

175 4858 354 4922 λάσεως
373 4844 759 4926 διαλέγωνται,
786 4844 1038 4928 Ποιηταὶ,
1057 4858 1244 4926 φασὶν,
1275 4859 1404 4922 εἰσί,
1429 4859 1522 4911 καὶ
1547 4844 1724 4912 πάντα

179 4941 492 5007 μυθεύουσιν,
530 4943 618 4994 ἵνα
654 4941 920 4994 πάντοθεν
958 4940 1328 5009 άνατρέπηται
1356 4941 1457 5011 τῆς
1493 4941 1725 5006 εύζωῖας

178 5025 203 5090 ἡ
217 5025 575 5094 κατάστασις.

239 5133 365 5186 Ἀλλ’
389 5135 441 5188 οἱ
474 5134 777 5204 φιλόσοφοι,
804 5135 992 5203 φησὶν,
1023 5133 1250 5202 ὲφεῦρόν
1277 5151 1330 5187 τι
1363 5134 1560 5202 σεμνὸν
1587 5133 1724 5186 πάν.

179 5230 277 5279 τως.
303 5219 395 5271 καὶ
437 5218 643 5271 τούτων
673 5220 939 5288 κρεῖττον.
981 5217 1102 5280 Πῶς
1129 5235 1143 5282 ;
1173 5217 1343 5286 οίτὴν
1381 5217 1721 5287 εἱμαρμένην

178 5298 549 5369 ῑττισάγοντες,
572 5301 667 5354 καὶ
684 5299 993 5370 ἀπρονόητα
1012 5296 1150 5353 εἶναι
1166 5299 1412 5368 λέγοντες
1431 5302 1496 5353 τὰ
1521 5303 1718 5365 πάντα,

179 5381 253 5432 καὶ
300 5385 493 5453 μηδενὶ
526 5382 712 5452 μέλειν
738 5383 766 5422 b
803 5381 1050 5451 μηδενὸς,
1083 5382 1198 5436 ἀλλ’
1227 5380 1287 5446 ἐξ
1320 5383 1538 5451 ἀτόμων
1596 5401 1717 5435 συν-

180 5466 399 5528 nubat;
423 5466 543 5519 ἀλλ’
570 5465 750 5534 ἕτεροι
767 5465 817 5517 οί
835 5465 995 5536 σῶμα
1010 5469 1100 5520 τὸν
1119 5465 1250 5521 Θεὸν
1270 5465 1509 5530 εἰπόντες
1527 5483 1540 5532 ;
1561 5467 1716 5521 Ἀλλά

230 5647 453 5708 fOoidam
477 5658 593 5695 mss.
623 5645 809 5697 habent
831 5649 1058 5708 μάκελλα.

224 5704 248 5743 δ
265 5708 340 5756 Si:
361 5721 480 5759 mss.
509 5709 660 5770 Edjti,
687 5704 888 5770 μέλλειν,
916 5709 1043 5758 male
1150 5752 1153 5753 ,

3349 357 3419 410 92

1843 460 2007 524 τίνες,
2044 464 2164 516 εἰπέ
2215 481 2336 534 μοις
2375 465 2425 516 οί
2462 465 2559 526 τὰς
2592 463 2937 534 ἀνθρωπίνας
2979 463 3155 534 ψυχάς
3200 466 3416 528 κυνείας

1843 543 2146 608 ποιοῦντες,
2187 547 2282 598 κα)⁸
2318 548 2443 608 τοὺς
2486 545 2808 617 ἀνθρώπους
2857 545 3156 607 πείθοντες.
3197 548 3278 600 ὅτι
3325 548 3418 600 καὶ

1843 622 1989 698 κύων
2031 626 2251 693 ἐγένετό
2287 628 2419 680 ποτέ
2456 645 2560 692 τις,
2592 629 2687 680 καὶ
2719 628 2858 680 λέων
2887 628 2981 680 καὶ
3013 627 3200 697 ίχθύς;
3238 629 3418 698 Μέχρι

1843 704 1984 769 τίνος
2033 709 2094 759 o0
2144 707 2383 761 παύεσθε
2419 707 2732 780 ληροῦντες,
2769 708 3146 778 ἐσκοτισμένοι
3192 713 3258 779 τῇ
3304 709 3420 762 δια-

1841 790 1987 859 νοίᾳς
2036 791 2289 861 καθάπερ
2323 793 2432 862 γὰρ
2471 793 2624 856 ὄντες
2654 795 2710 846 ἐν
2766 793 2942 862 σκότῳ
2984 793 3162 846 πάντα
3193 793 3287 844 καὶ
3332 792 3421 846 λέ-

1842 885 1998 936 γουσι
2028 873 2124 924 καὶ
2152 874 2470 944 πράττουσι,
2517 875 2612 926 καὶ
2656 874 2725 926 τὰ
2753 874 2881 947 περὶ
2909 873 3194 942 δογμάτων
3225 873 3320 925 καὶ
3350 873 3418 924 τὰ

1843 949 1970 1017 περὶ
1998 949 2133 1018 βίου.
2169 951 2334 1003 Οὐδὲν
2360 951 2468 1022 γὰρ
2497 952 2599 1021 ὁρᾷ
2626 951 2732 1003 τῶν
2762 952 2821 1002 ἐν
2857 951 3007 1019 μέσῳ
3033 950 3326 1018 κειμένων,
3360 951 3417 1012 ὃς

1841 1033 1990 1084 ἐστιν
2044 1033 2447 1102 ἐσκοτισμένος,
2489 1034 2624 1087 ἀλλὰ
2674 1032 2905 1101 σχοινίον
2961 1032 3219 1094 πολλάκις
3268 1025 3414 1095 ἰδὼν,

1839 1112 1960 1181 ὅφιν
2009 1114 2258 1180 ἐνόμισεν
2290 1116 2597 1184 αὐτόματον
2620 1132 2634 1145 ’
2683 1114 2787 1166 ὑπὸ
2823 1114 3080 1186 φραγμοῦ
3125 1115 3287 1166 πάλιν
3326 1133 3419 1168 κα-

1837 1194 2141 1264 τασχεθεὶς,
2175 1197 2422 1265 ἐνόμισεν
2453 1197 2740 1266 ἄνθρωπόν
2777 1213 2900 1248 τινα
2929 1195 2961 1260 ἢ
3003 1195 3229 1264 δαίμονα
3285 1213 3419 1250 κατ-

1839 1274 1983 1342 έχειν
2012 1277 2172 1329 αὐτόν
2195 1292 2208 1305 ·
2243 1277 2337 1343 καὶ
2363 1275 2532 1340 πολὺς
2561 1278 2590 1328 ὁ
2621 1277 2868 1347 θόρυϐος,
2904 1276 3074 1347 πολλὴ
3113 1279 3146 1345 ἡ
3178 1279 3412 1348 ταραχή.

1839 1357 2077 1411 Τοιαῦτά
2106 1377 2225 1412 τινα
2255 1359 2545 1427 φοϐοῦνται
2564 1376 2577 1390 ’
2611 1359 3086 1426 Φοϐηοήσονται,
3127 1360 3419 1428 φησὶ,“φό-

1839 1442 1962 1504 ϐον,
1993 1437 2066 1495 οὗ
2097 1444 2209 1495 οὐκ
2230 1439 2309 1510 ἦν
2337 1442 2522 1510 φόϐος
2541 1459 2554 1470 ·
2583 1441 2650 1495 τὰ
2677 1442 2734 1494 δέ
2759 1441 2885 1506 ἀξια
2912 1441 3078 1510 φόϐου
3101 1443 3159 1493 ού
3196 1441 3310 1512 194]
3335 1443 3418 1496 δε-

1836 1521 2098 1577 δοίκασιν.
2157 1523 2318 1578 Ἀλλά
2359 1517 2612 1596 καθάπερ
2656 1524 2725 1577 τὰ
2777 1523 2964 1576 παιδία
3012 1523 3091 1594 τῷ
3137 1523 3236 1592 μὲν
3283 1524 3416 1593 πυρὶ

1835 1603 1935 1665 τὰς
1975 1607 2164 1674 χεῖρας
2211 1607 2601 1676 ἀπρονοήτως,
2648 1607 2743 1660 καὶ
2782 1606 2860 1675 τῷ
2901 1605 3080 1675 λύχνῳ
3127 1605 3415 1674 τολμηρῶς

1836 1686 2134 1755 ἐπαφιᾶσιν
2177 1689 2280 1741 ὑπὸ
2306 1689 2414 1741 τῶν
2449 1689 2646 1742 τιτθῶν
2681 1687 3080 1759 βασταζόμενα,
3115 1688 3318 1740 σάκκον
3356 1688 3412 1740 δὲ

1835 1768 2001 1838 ἄνδρα
2027 1769 2377 1840 ἐνδεδυμένον
2404 1771 2692 1840 φοϐοῦνται
2721 1789 2732 1802 ·
2770 1770 2913 1823 οῦτω
2961 1769 3025 1841 δὴ
3063 1771 3158 1823 καὶ
3187 1762 3334 1822 οὗτοι
3360 1771 3411 1822 οί

1837 1849 2134 1920 Ἕλληνες,
2188 1854 2436 1923 καθάπερ
2489 1854 2660 1915 ὅντως
2696 1853 2782 1905 ἀεὶ
2829 1853 3018 1904 παιδία
3052 1852 3150 1917 (ὡς
3196 1852 3290 1923 καί
3326 1869 3411 1916 τις

1834 1931 1941 1984 τῶν
1956 1934 2086 2001 παρ’
2102 1936 2286 1998 αὐτοῖς
2304 1922 2476 1988 εἶπεν·
2499 1936 2800 2002 Ἕλληνες
2819 1935 2911 1989 ἀεὶ
2935 1922 3284 2003 παῖδες),’τά
3314 1934 3411 2003 μὲν

1833 2014 1932 2066 οὐκ
1961 2015 2089 2068 ὄντα
2121 2018 2492 2088 ἁμαρτήματα
2523 2016 2846 2081 δεδοίκασιν,
2881 2010 2994 2070 οἷον
3026 2015 3197 2086 ῥύπον
3224 2017 3411 2082 σώμα-

1831 2113 1944 2162 τος,
1990 2098 2173 2167 κῆδος,
2222 2099 2396 2168 λέχος,
2433 2101 2528 2153 καὶ
2569 2099 2792 2170 ἡμερῶν
2839 2101 3274 2170 παρατηρήσεις,
3317 2099 3411 2151 καὶ

1831 2179 1932 2231 ὅσα
1951 2180 2176 2234 τοιαῦτα
2196 2198 2208 2211 ·
2235 2181 2270 2235 ἃ
2289 2182 2346 2234 δέ
2373 2182 2520 2235 ἐστιν
2540 2182 2712 2244 ὅντως
2730 2182 3124 2251 ἁμαρτήματα,
3153 2181 3415 2248 παιδερσρ

1835 2262 1978 2325 στία,
2007 2263 2244 2334 μοιχεία,
2277 2265 2526 2335 πορνεία,
2561 2264 2767 2318 τούτων
2792 2265 2912 2317 ούδέ
2942 2264 3098 2332 λόγον
3123 2276 3144 2303 ο
3172 2265 3407 2333 ἔχουσιν.

1845 2344 1982 2397 Ἀλλ’
2015 2346 2142 2409 ἴδοις
2179 2346 2244 2399 ἂν
2271 2347 2432 2400 αὑτὸν
2459 2347 2569 2400 ἀπὸ
2601 2347 2699 2417 μέν
2733 2346 2927 2415 νεκροῦ
2959 2346 3274 2413 λουόμενον,
3302 2345 3412 2400 ἀπὶ)

1831 2425 1887 2478 δὲ
1916 2426 2127 2497 νεκρῶν
2157 2428 2353 2498 ἔργων,
2386 2429 2569 2481 οὐκέτι
2589 2446 2601 2458 ·
2639 2430 2736 2482 καί
2763 2429 3065 2498 χρημάτων
3096 2429 3196 2498 μὲν
3223 2428 3412 2481 ἕνεκεν

1833 2509 2033 2580 πολλὴν
2076 2509 2400 2580 ποιούμενον
2449 2511 2709 2580 σπουδὴν,
2737 2511 2832 2580 ¹ἐνὶ⁹
2876 2510 2935 2564 δὲ
2989 2511 3310 2582 ἀλεκτρυόνι
3351 2513 3413 2564 τὸ

1831 2593 1940 2644 πᾶν
1963 2590 2306 2645 διαλελύσθαι
2341 2590 2630 2663 νομίζοντα
2657 2611 2668 2623 ·
2696 2591 2870 2654 οὕτως
2900 2595 3282 2662 ἐσκοτισμένοι
3306 2593 3414 2644 είσ“ι

1830 2675 1893 2742 τῇ
1927 2673 2154 2744 διανοίᾳ.
2185 2673 2403 2726 Πολλῶν
2429 2673 2699 2741 δειμάτων
2735 2674 2921 2735 αὐτοῖς
2951 2675 2984 2744 ἡ
3015 2674 3163 2743 ψυχὴ
3201 2675 3402 2742 μεστή,

1829 2750 1961 2822 οἷον,
1993 2756 2050 2808 ’0
2078 2756 2229 2808 δεῖνά
2248 2774 2339 2824 μοι
2370 2757 2586 2828 πρῶτος
2619 2756 2861 2825 ἐνέτυχε,
2890 2757 3287 2826 φησὶν,ἐξιόντι
3313 2755 3412 2823 τῆς

1829 2838 2043 2900 οίκίας·
2077 2838 2295 2900 πάντως
2329 2839 2498 2910 μυρία
2544 2839 2625 2891 δεῖ
2672 2839 2818 2890 κακά
2855 2841 3179 2908 συμπεσεῖν.
3225 2837 3339 2890 Νῦν
3385 2839 3413 2889 ὁ

1829 2918 2046 2989 οἰκέτης
2096 2921 2124 2974 ό
2175 2921 2371 2990 μιαρὸς
2419 2920 2488 2974 τά
2534 2921 2858 2991 ὑποδήματα
2907 2920 3202 2983 ἐπιδιδοὺς,
3259 2919 3409 2987 πρῶο

1829 3018 1919 3053 τον
1974 3001 2145 3074 ὤρεξε
2207 3003 2269 3055 τὸ
2325 3003 2651 3074 ἀριστερόν·
2713 3004 2994 3072 συμφοραὶ
3050 3003 3255 3065 δειναὶ,
3318 3000 3412 3054 καὶ

1832 3082 2035 3153 ὕϐρεις.
2063 3084 2202 3153 Ἐγὼ
2216 3087 2376 3148 αὐτὸς
2395 3084 2575 3150 ἐξιὼν,
2595 3085 2674 3154 τῷ
2694 3084 2971 3156 ἀριστερῷ
2985 3085 3236 3155 προτέρῳ
3253 3084 3414 3154 προῦ-

1831 3165 1932 3235 ϐην
1962 3165 2080 3219 ποδί
2105 3185 2118 3197 ·
2150 3168 2245 3220 καὶ
2271 3163 2442 3220 τοῦτο’
2468 3166 2765 3238 συμφορῶν
2802 3169 3050 3235 σημεῖον.
3093 3167 3201 3218 Καὶ
3229 3164 3412 3218 ’ταῦτα

1834 3248 1932 3316 μὲν
1970 3250 2098 3316 περὶ
2129 3250 2229 3316 τὴν
2275 3250 2454 3302 οίκίαν
2483 3250 2554 3302 τά
2594 3249 2742 3300 κακά
2769 3265 2785 3277 ο
2831 3248 2936 3314 ἐξω
2977 3247 3034 3300 δὲ
3084 3248 3354 3313 ἐξελθόντι
3383 3253 3411 3301 ὸ

1829 3330 2107 3399 ὀφθαλμός
2144 3347 2234 3398 μοι
2268 3332 2296 3383 ὁ
2333 3330 2505 3394 δεξιὸς
2545 3329 2790 3382 κάτωθεν
2826 3329 3077 3399 ἀναπηδᾷ
3100 3347 3115 3361 ο
3157 3329 3407 3400 δακρύων

1831 3410 1989 3464 τοῦτο
2033 3414 2354 3482 τεκμήριον.
2381 3412 2492 3465 Καὶ
2525 3414 2581 3464 αί
2617 3413 2876 3478 γυναῖκες
2907 3411 2986 3475 δὲ,
3013 3413 3141 3464 ὅταν
3168 3412 3246 3481 τῷ
3265 3413 3406 3465 ἱστό-

1831 3493 1952 3545 ποδι
1989 3494 2502 3565 προσαρασσόμενοί
2529 3493 2795 3563 κροτῶσιν
2839 3494 2888 3544 οί
2923 3492 3177 3561 κάλαμοι,
3215 3495 3248 3562 ἢ
3279 3494 3406 3546 ὅταν

1831 3576 1994 3629 αὑταὶ
2021 3575 2099 3646 τῷ
2125 3576 2276 3628 κτενὶ
2299 3576 2570 3636 σπαθῶσι.
2610 3578 2834 3645 σημεῖον
2873 3575 2968 3628 καὶ
3001 3576 3158 3628 τοῦτο
3191 3578 3408 3628 ποιοῦν-

1829 3674 1939 3711 ται.
1974 3658 2143 3710 Πάλιν
2167 3659 2296 3711 ὅταν
2337 3658 2436 3728 τὴν
2467 3658 2672 3728 κρόκην
2702 3658 2782 3729 τῷ
2813 3659 2959 3712 κτενί
3003 3659 3409 3728 κατακρούωσι.

1831 3740 1927 3791 καὶ
1965 3739 2316 3810 σφοδρότερον
2363 3738 2520 3792 τοῦτο
2557 3739 2923 3809 ἐργάζωνται,
2956 3735 3078 3793 εἶτα
3113 3742 3161 3793 οί
3199 3739 3408 3792 ἄνωθεν

1831 3821 2066 3892 κάλαμοι
2110 3821 2216 3874 ὑπὸ
2255 3822 2353 3890 τῆς
2397 3822 2611 3874 ἐντόνου
2662 3821 2878 3892 πληγῆς
2944 3821 3180 3892 κροτῶσι
3240 3839 3410 3892 προσ-

1829 3903 2191 3975 αρασσόμενοι
2221 3903 2302 3973 τῷ
2337 3903 2594 3966 ίστόποδι,
2640 3905 2866 3973 σημεῖον
2897 3905 2990 3956 καὶ⁸
3014 3903 3171 3956 τοῦτο
3195 3904 3410 3958 ποιοῦνι

1829 4000 1950 4037 ταν
1979 3985 2072 4036 καὶ
2107 3985 2277 4054 μυρία
2319 3985 2484 4055 ἔτερα
2518 3985 2752 4052 γέλωτος
2781 3984 2931 4051 ἀξια.
2961 3985 3080 4038 Κᾶν
3115 3985 3235 4048 δνος
3279 3987 3408 4039 ἀνα-

1829 4066 2026 4137 κράξῃ,
2067 4067 2169 4121 κᾶν
2199 4067 2534 4138 ἀλεκτρυὼν,
2571 4067 2674 4121 κᾶν
2716 4069 2900 4139 πτάρῃ
2945 4086 3050 4132 τις,
3086 4067 3188 4120 κᾶν
3228 4067 3406 4120 ὁτιοῦν

1830 4150 2034 4220 συμϐῇ,
2084 4150 2335 4220 καθάπερ
2370 4150 2586 4221 μυρίοις
2636 4149 2913 4219 δεδεμένοι
2943 4150 3183 4220 δεσμοῖς,
3223 4150 3402 4221 ὅπερά

1827 4232 1984 4302 ἔφην,
2025 4233 2278 4304 καθάπερ
2322 4235 2379 4286 ἐν
2435 4233 2611 4302 σκότῳ
2642 4233 3020 4303 κατεχόμενοι,
3071 4234 3247 4286 πάντα
3282 4234 3408 4286 ὑπο-

1827 4315 2105 4378 πτεύουσι,
2131 4317 2222 4368 καὶ
2249 4315 2458 4385 μυρίων
2477 4316 2615 4366 εἰσιν
2635 4314 2981 4385 ἀνδραπόδων
3007 4313 3400 4386 δουλικώτεροι.

1841 4397 2000 4449 Ἀλλά
2052 4398 2126 4467 μὴ
2161 4400 2256 4450 καὶ
2305 4395 2681 4468 ἡμεῖς-ἀλλά
2717 4397 2935 4450 πάντων
2982 4396 3188 4450 τούτων
3234 4414 3404 4451 κατα-

1829 4478 2174 4546 γελάσαντες,
2193 4480 2288 4533 ἆτε
2310 4481 2367 4532 ἐν
2389 4479 2528 4547 φωτὶ
2558 4478 2778 4544 ζῶντες,
2813 4479 2908 4532 καλ⁹
2935 4481 2994 4531 ἐν
3022 4479 3234 4549 ούρανῷ
3258 4479 3406 4533 πολι-

1828 4562 2126 4632 τευόμενοι,
2154 4562 2248 4615 καὶ
2271 4561 2407 4632 πρὸς
2434 4562 2534 4632 τὴν
2564 4563 2668 4632 γῆν
2693 4561 2846 4614 οὐδὲν
2877 4561 3092 4630 ἔχοντες
3124 4562 3321 4624 κοινὸν,
3348 4563 3404 4613 ἓν

1829 4643 1988 4712 μόνον
2014 4644 2278 4714 ἡγώμεθα
2306 4639 2449 4703 ,εἶναι
2493 4644 2724 4715 φοϐερὸν
2754 4645 2853 4714 τὴν
2882 4644 3179 4714 ἁμαρτίαν,
3211 4645 3305 4697 καὶ
3345 4647 3405 4696 τὸ

1825 4724 2193 4796 προσκροῦσαι
2219 4726 2358 4795 Θεῷ,
2376 4724 2578 4779 Τούτου
2599 4726 2655 4778 δὲ
2675 4727 2776 4779 οὐκ
2801 4725 2973 4789 ὄντος,
2997 4726 3213 4779 πάντων
3237 4743 3402 4779 κατα-

1825 4807 2142 4878 γελάσωμεν
2173 4808 2281 4860 τῶν
2314 4808 2510 4871 ἀλλων,
2548 4808 2645 4861 καὶ
2677 4807 2969 4880 τοῦίταῦτα
3004 4809 3404 4875 εἰσενεγκόντος

1825 4891 2092 4944 διαϐόλου.
2135 4891 2310 4960 ’Υπὲρ
2343 4891 2409 4962 δὴ
2439 4891 2648 4944 τούτων
2687 4891 3100 4961 εὐχαριστῶμεν
3135 4891 3212 4959 τῷ
3244 4890 3363 4961 Θεῷ
3387 4907 3398 4920 ο

1827 4973 2236 5041 σπουδάσωμεν,
2267 4973 2536 5041 μηδέποτε
2562 4975 2698 5043 μήτε
2723 4974 3084 5046 αύτοῆταύτῃ
3105 4972 3304 5026 ἁλῶναι
3333 4977 3399 5043 τῇ

1824 5053 2057 5125 δουλείᾳ,
2104 5056 2196 5106 καὶ
2226 5057 2280 5108 εἴ
2305 5072 2388 5117 τις
2423 5056 2554 5125 ἡμῖν
2584 5055 2691 5108 τῶν
2717 5055 2886 5122 φίλων
2917 5055 3146 5113 ἑάλωκε.
3175 5055 3400 5125 διαρρη-

1825 5135 2003 5205 ξωμεν
2042 5137 2205 5188 αὑτοῦ
2254 5137 2322 5189 τὰ
2354 5137 2550 5206 δεσμά,
2595 5136 2954 5208 ἀποδύσωμεν
2992 5138 3153 5190 αὑτὸν
3179 5140 3279 5209 τῆς
3309 5155 3403 5208 χα-

1822 5220 2141 5288 λεπωτάτης
2181 5221 2272 5272 καὶ
2312 5209 2720 5287 καταγελάστου
2769 5220 2974 5288 ταύτης
3008 5221 3254 5292 εἱρκτῆς,
3305 5220 3395 5272 εῦ-

1785 5330 1792 5334 -
1823 5301 1981 5354 λυτον
2013 5301 2174 5355 αὐτὸν
2199 5301 2562 5372 ἐργασώμεθα
2589 5303 2725 5372 πρὸς
2750 5303 2840 5354 τὸν
2865 5302 3062 5372 δρόμον
3088 5303 3174 5354 τὸν
3197 5295 3281 5366 είς
3304 5303 3396 5355 τὸν

1822 5382 2070 5452 οὐρανὸν,
2115 5383 2184 5436 τὰ
2231 5385 2405 5454 πτερά
2469 5384 2776 5454 βαρούμενοι
2827 5383 3246 5454 ἀνορθώσωμεν,
3302 5386 3396 5437 καὶ

1824 5464 1937 5534 βίου
1965 5467 2056 5518 καὶ
2075 5465 2342 5535 δόγματος
2365 5467 2548 5519 ἕνεκεν
2572 5466 2909 5536 διδάσκωμεν
2935 5467 3258 5535 φιλοσοφεῖν.
3289 5467 3394 5519 E0-

1885 5653 1908 5714 ἢ
1937 5651 2082 5714 Marg.
2109 5645 2281 5714 επὶ-1.,
2308 5653 2478 5700 οὐδένα
2511 5649 2613 5714 My.

1886 5709 1913 5750 ἀ
1947 5709 2138 5773 Legem
2163 5709 2301 5774 jubet
2325 5715 2556 5776 Dona-us,
2577 5709 2660 5762 καὶ
2684 5715 2816 5774 ὅπερ.
