4096 6310
108 358 167 411 π
1016 352 1078 408 IN
1121 353 1336 408 EPIST.
1380 354 1471 407 ao
1514 353 1752 409 cenes.
1794 355 1949 409 car.
1992 357 2080 411 tv.
2123 358 2348 414 nomn
2396 363 2531 419 xm.
3305 379 3370 431 οι

107 470 357 527 tucrabilia
403 468 565 538 digna
598 484 715 539 quae
765 467 1065 550 rideantur.
1109 467 1246 520 Etsi
1279 467 1460 520 asinus
1502 467 1675 519 est-la-

106 560 334 624 moverit,
362 571 416 614 et
446 561 493 612 si
518 560 712 628 gallus.
741 568 793 612 et
820 559 865 611 si
893 558 1013 627 quis
1042 557 1393 618 sternutavit,
1417 566 1470 609 et
1502 555 1675 623 quod-

104 652 175 703 vis
202 649 374 713 aliud.
405 660 677 718 tamquam
718 649 898 703 decies
942 649 1084 701 mille
1116 647 1274 701 vincti
1310 646 1591 747 vinculis,_
1620 656 1675 700 ut

103 743 197 794 ιιι]ίί
223 781 238 805 ,
267 752 537 811 tamquam
564 742 654 809 qui
687 749 967 794 teneantur
994 740 1046 792 in
1086 738 1337 801 tenebris,
1369 738 1547 840 omnia
1579 738 1673 789 ha-

103 836 214 885 bent
239 838 509 901 suspecta,
544 841 594 885 et
618 840 753 890 sunt
772 831 940 899 magis
968 831 1188 883 serviles
1215 832 1375 898 quam
1398 831 1671 881 innumera

106 920 377 988 mancipia.
406 919 514 974 Sed
560 935 628 975 ne
667 934 766 974 nos
792 934 1004 988 quoque
1045 918 1117 972 ita
1146 933 1366 987 agamus
1384 958 1400 981 ,
1428 917 1523 971 sed
1552 934 1673 971 cum

103 1014 203 1065 lucc
230 1014 409 1065 omnia
438 1012 785 1077 irriserimus,
817 1021 873 1065 ut
896 1013 984 1081 qui
1018 1012 1256 1066 vivamus
1285 1010 1337 1064 in
1368 1010 1508 1074 luce,
1537 1020 1591 1065 et
1622 1011 1673 1064 in

100 1104 219 1156 celo
246 1116 546 1168 versemur,
574 1115 628 1157 et
653 1118 773 1157 cum
800 1112 939 1156 terra
971 1102 1098 1155 nihil
1128 1102 1415 1155 habeamus
1434 1115 1675 1153 commu-

103 1208 162 1245 ne
180 1234 193 1251 .
228 1208 389 1245 unum
418 1193 788 1247 existimemus
809 1208 929 1246 esse
958 1192 1193 1246 terribile
1217 1232 1233 1257 ,
1263 1205 1456 1259 nempe
1483 1204 1673 1259 pecca-

100 1294 199 1335 tum
222 1292 275 1335 et
304 1282 472 1335 Demn
500 1283 795 1337 oilendere.
827 1282 979 1348 Quod
1009 1283 1054 1336 si
1087 1283 1188 1336 hoc
1219 1297 1322 1334 non
1350 1282 1449 1344 sit,
1494 1282 1671 1334 omnia

99 1375 189 1426 alia
216 1373 538 1429 irrideamus
559 1414 573 1437 ,
602 1382 657 1428 ct
677 1374 950 1429 diabolum
980 1374 1067 1443 qui
1101 1373 1213 1427 lucc
1244 1372 1441 1426 intulit.
1465 1371 1569 1424 Pro
1593 1372 1675 1424 bis

101 1466 197 1519 Deo
224 1480 447 1533 agamus
485 1468 712 1534 gratias;
746 1466 978 1520 studium
1024 1479 1286 1536 ponamus
1325 1477 1672 1563 ueutmqnam

100 1557 177 1610 tali
209 1558 486 1625 cupiamur
522 1558 815 1621 servitute;
844 1568 899 1611 et
940 1558 983 1611 si
1013 1556 1132 1627 quis
1164 1572 1226 1610 cx
1258 1554 1444 1609 amicis
1476 1554 1673 1607 nostris

1786 480 1971 535 captus
2012 472 2200 539 fuerit,
2238 478 2444 531 vincula
2476 480 2590 547 ejus
2623 474 3009 555 perfringantus
3034 530 3049 554 ,
3085 492 3371 553 liberemus

1785 574 1906 611 cum
1935 561 2002 615 ab
2024 562 2125 616 huc
2146 569 2460 633 gravissimo
2483 580 2535 623 et
2563 572 2787 630 ridiculo
2812 594 3052 643 carcere,
3087 586 3370 643 ieddaiitus

1783 665 1903 701 cum
1926 654 2231 719 expeditum
2256 658 2320 709 ad
2349 662 2671 717 currendum
2702 666 2753 719 in
2779 654 2987 733 ca-lum,
3023 688 3222 740 pennas
3248 694 3373 747 gra-

1784 748 1932 793 vatas
1979 742 2246 809 erigamus
2278 765 2290 801 :
2325 761 2544 816 promer
2574 754 2734 808 vitam
2779 769 2831 812 et
2859 760 3048 829 dogma
3083 768 3370 824 doceamus

1785 830 2166 901 philosophari.
2199 838 2305 891 lien
2329 844 2525 907 gratias
2544 860 2763 914 agamus
2787 866 2881 915 pro
2906 856 3175 923 onmibus,
3213 876 3366 929 roge-

1782 937 1899 975 tuus
1936 939 2094 985 cum.
2143 943 2208 981 ue
2251 946 2349 984 nos
2389 948 2745 1002 appareamus
2792 942 2989 1012 indigni
3030 947 3175 1002 dono
3215 952 3371 1006 nobis

1781 1011 1905 1064 dato
1934 1030 1947 1065 :
1989 1024 2042 1068 et
2074 1018 2171 1085 ipsi
2202 1034 2325 1074 cum
2358 1022 2439 1077 his
2470 1037 2650 1081 nostra
2691 1032 3001 1089 studetunus
3040 1038 3233 1095 afferre
3253 1083 3268 1102 ,
3314 1053 3367 1097 ut

1780 1101 2067 1160 doceamus
2096 1126 2199 1161 non
2244 1112 2415 1167 solum
2446 1115 2723 1185 dicentes,
2766 1123 2860 1177 sed
2898 1126 3059 1180 etiam
3092 1130 3367 1186 facientes.

1781 1191 1855 1244 Ita
1884 1194 2027 1248 enim
2057 1200 2351 1264 poterimus
2376 1211 2587 1277 assequi
2612 1211 2748 1265 bona
2778 1214 3185 1274 innumerabdia
3214 1240 3226 1275 :
3250 1226 3370 1293 quin

1779 1280 1934 1335 detur
1961 1286 2114 1341 nobis
2144 1293 2391 1347 outnibus
2418 1301 2672 1369 Consequi
2699 1343 2714 1368 ,
2763 1320 2856 1372 per
2881 1309 3108 1374 gratiam
3135 1322 3189 1367 et
3218 1314 3370 1368 beni-

1780 1372 2032 1440 guitatem
2064 1378 2271 1435 Domini
2313 1388 2479 1440 nostri
2508 1388 2635 1444 Jesu
2677 1372 2903 1460 Clu-isti,
2936 1400 3020 1453 cui
3061 1416 3180 1456 cum
3210 1403 3369 1461 Patre

1778 1473 1833 1517 et
1878 1465 2075 1534 Spiritu
2116 1486 2301 1529 sancto
2341 1479 2528 1547 gloria,
2573 1484 2877 1554 imperimn,
2923 1491 3115 1561 honor,
3148 1512 3288 1552 nunc
3314 1508 3370 1552 et

1786 1570 2021 1625 semper,
2056 1572 2111 1615 et
2140 1564 2190 1617 in
2220 1570 2414 1623 saecula
2442 1575 2783 1631 saeculorum.
2816 1582 3010 1637 Amen.

96 1877 210 1932 CAP.
238 1880 290 1933 4.
323 1896 372 1931 v.
410 1879 499 1934 ΓΙ.
537 1878 647 1933 Hoc
678 1881 832 1950 igitur
859 1881 972 1934 dico
999 1891 1046 1934 ct
1074 1882 1311 1947 triti/icor
1346 1894 1399 1929 tu
1429 1876 1672 1944 Donu‘no,

156 1980 208 2021 ut
223 1970 336 2039 jam
367 1986 472 2022 non
501 1971 768 2023 ambuletis
789 2011 803 2035 ,
854 1972 981 2024 sicut
1023 1982 1068 2023 et
1110 1983 1281 2040 gentes
1313 1970 1574 2024 ambulant
1618 1973 1692 2034 in.

156 2063 375 2114 vanitate
400 2079 575 2117 sensus
604 2064 705 2126 sui,
738 2064 821 2118 l8.
851 2064 1065 2117 tenebris
1087 2064 1410 2116 obscuratum
1433 2064 1671 2115 habentes

155 2152 486 2217 intellectum,
518 2154 729 2206 alienati
754 2170 785 2204 α
807 2155 910 2205 vita
936 2152 1027 2205 Dei
1058 2172 1146 2221 per
1174 2152 1533 2221 ignorantiam,
1558 2168 1671 2221 quia

154 2254 222 2295 est
250 2244 304 2295 in
326 2243 432 2296 illis
467 2255 673 2313 propter
699 2246 970 2297 ctt'citatem
996 2245 1163 2297 cordis
1184 2246 1434 2312 ipsorum,
1468 2243 1551 2297 l9.
1582 2244 1671 2311 qui

154 2332 480 2400 desperantes
530 2335 822 2402 semetipsos
868 2335 1186 2387 tradiderunt
1235 2335 1568 2402 impudicitia:
1616 2335 1667 2387 in

82 2432 89 2438 '
153 2424 493 2490 operationem
523 2426 860 2478 immunditiw
886 2426 1049 2478 omnis
1076 2426 1126 2477 in
1150 2426 1383 2478 avaritia.

152 2515 197 2566 1.
240 2514 368 2569 Hmc
396 2516 537 2570 dicta
574 2525 698 2570 sunt
728 2533 830 2571 non
860 2517 1034 2571 solum
1065 2518 1313 2586 Ephesiis
1338 2536 1352 2583 ;
1396 2520 1489 2572 sed
1514 2518 1667 2572 vobis

86 2622 283 2674 quoque
325 2622 473 2661 nunc
496 2607 750 2662 dicuntur
772 2648 789 2675 ,
818 2616 872 2663 ct
904 2624 1008 2662 non
1040 2623 1068 2661 a
1099 2609 1254 2661 nobis
1280 2652 1294 2675 ,
1328 2613 1419 2664 sed
1449 2612 1606 2664 etiam
1635 2626 1665 2664 a

87 2696 265 2761 Paulo,
310 2696 424 2752 imo
467 2714 566 2753 nec
594 2714 623 2751 a
655 2700 809 2754 nobis
830 2742 845 2765 ,
895 2716 993 2754 nec
1023 2716 1050 2751 a
1080 2700 1283 2762 Paulo,
1317 2701 1409 2756 scd
1439 2718 1468 2755 a
1496 2703 1663 2770 gratia

85 2787 320 2855 Spiritus.
349 2790 648 2860 Tamquam
666 2807 796 2863 ergo
819 2794 934 2859 ipso
955 2791 1071 2846 htcc
1091 2794 1302 2847 dicente
1330 2809 1427 2847 nos
1455 2803 1666 2883 oportet

84 2878 231 2931 allici.
264 2880 404 2934 Audi
454 2888 631 2934 autem
672 2883 796 2951 quid
826 2882 1009 2937 dicat:
1038 2883 1149 2937 Hoc
1187 2885 1344 2953 igitur
1369 2886 1481 2938 diro
1509 2878 1662 2940 et'te-

83 2973 262 3038 stiﬁcor
290 2974 343 3027 in
374 2973 633 3041 Domino,
667 2985 722 3028 ut
746 2978 859 3045 jam
894 2994 996 3030 non
1023 2978 1290 3033 ambuletis
1316 2981 1441 3032 sicut
1470 2990 1665 3034 cratera:

83 3074 240 3130 gentes
262 3066 531 3120 ambulant
558 3069 609 3120 in
638 3068 857 3122 vanitate
885 3086 1061 3123 sensus
1082 3071 1164 3123 sui
1188 3113 1203 3137 ,
1238 3073 1452 3125 tenebris
1477 3074 1661 3125 obscu.

82 3166 234 3208 ratum
258 3157 501 3212 habentes
527 3160 853 3225 intellectum,
882 3161 1091 3215 alienati
1107 3180 1139 3215 a
1161 3164 1261 3215 vita
1291 3163 1383 3217 Dei
1404 3181 1494 3234 per
1518 3166 1663 3235 igno-

83 3249 306 3310 rantiam,
334 3264 455 3318 quae
480 3259 553 3302 est
574 3251 625 3304 in
646 3251 771 3321 ipsis
796 3263 1003 3321 propter
1024 3255 1301 3307 cwcitatem
1328 3256 1497 3310 cordis
1523 3258 1661 3325 ipso-

84 3354 203 3388 rum.
242 3337 295 3391 Si
323 3348 411 3393 est
435 3355 568 3408 ergo
599 3341 895 3409 ignorantia
925 3383 939 3405 ,
971 3344 1014 3397 si
1047 3347 1338 3399 exctecatio
1360 3385 1373 3407 ,
1421 3361 1519 3399 cur
1547 3347 1657 3400 cri-

84 3427 336 3481 minaris?
368 3445 495 3483 nam
528 3447 649 3483 eum
681 3434 770 3501 qui
805 3433 1014 3502 ignorat
1041 3475 1055 3497 ,
1092 3450 1195 3487 non
1245 3436 1397 3503 male
1420 3438 1524 3504 pati
1558 3452 1659 3490 nec

82 3519 303 3571 accusari
335 3536 553 3589 a-quum
582 3531 697 3587 est,
749 3523 853 3577 sed‘
872 3524 1081 3579 discere
1112 3542 1231 3594 qua:
1274 3526 1507 3596 ignorat.
1550 3528 1655 3583 Sed

83 3605 190 3660 vide
220 3592 497 3676 quomodo
526 3626 620 3665 eos
661 3614 839 3666 statim
885 3615 1117 3670 excludit
1158 3633 1187 3670 a
1220 3620 1392 3672 venia.
1438 3620 1537 3684 Qui
1571 3620 1658 3672 de—

84 3710 325 3764 sperantes
351 3705 650 3774 semetipsos
692 3707 1005 3761 tradiderunt
1036 3710 1366 3776 impudicitia
1392 3714 1445 3765 in
1474 3728 1657 3781 apera-

82 3791 254 3844 tionent
295 3794 634 3849 immunditite
658 3799 821 3850 omnis
847 3799 899 3850 in
942 3801 1174 3853 avaritia.
1219 3801 1308 3857 20.
1364 3802 1463 3857 Vos
1488 3818 1657 3856 autent

84 3896 170 3933 non
194 3881 264 3934 ita
288 3884 544 3938 didicistis
568 3884 843 3941 Christum.
889 3887 987 3943 Hic
1016 3892 1251 3945 Ostendit
1277 3908 1464 3947 eorum
1496 3897 1654 3949 vitam

84 3968 232 4024 fuisse
256 3986 476 4027 causam
506 3976 886 4031 excaecationis
919 3996 933 4032 :
968 3980 1077 4033 vita
1107 3968 1285 4036 autem
1315 3993 1431 4037 orta
1480 3996 1563 4040 est
1589 4003 1655 4041 ex

84 4076 250 4117 eorum
279 4066 531 4119 socordia
572 4077 628 4122 et
671 4068 982 4124 indolentia.
1029 4070 1131 4136 Qui
1155 4090 1270 4124 cum
1296 4116 1310 4140 ,
1360 4076 1563 4145 inquit,
1595 4079 1657 4132 de

86 4167 131 4204 se
152 4155 493 4222 desperassent
516 4167 569 4211 et
598 4158 823 4233 animum
867 4160 1254 4230 despondissent
1279 4206 1293 4227 ,
1325 4167 1517 4235 seipsos
1546 4178 1666 4252 (ras

85 4242 322 4299 diderunt.
364 4246 599 4314 Quando
642 4264 770 4319 ergo
816 4252 1009 4315 audis,
1054 4253 1218 4307 Deum
1250 4270 1343 4309 eos
1375 4257 1656 4315 tradidisse

88 4332 130 4384 in
158 4337 435 4405 reprobnm
460 4354 682 4393 sensum
713 4342 731 4410 (
754 4340 906 4397 Rom.
941 4344 991 4397 1.
1017 4343 1108 4415 25)
1138 4386 1153 4410 ,
1189 4347 1471 4402 recordare
1499 4350 1657 4420 hujus

88 4425 216 4481 verbi
242 4430 379 4499 quod
413 4431 629 4501 seipsos
664 4433 1014 4490 tradiderunt.
1050 4437 1277 4492 Si‘enim
1306 4444 1513 4510 seipsos
1542 4454 1653 4497 tra~

87 4514 344 4586 diderunt,
396 4523 679 4592 quomodo
711 4524 852 4579 Deus
902 4527 1163 4582 tradidit?
1204 4529 1248 4582 si
1292 4542 1468 4585 autem
1518 4534 1655 4587 Deus

86 4623 165 4665 eos
205 4613 456 4679 tradidit,
506 4615 781 4682 quomodo
822 4604 1028 4686 seipsos
1074 4618 1444 4675 tradiderunt?
1497 4624 1654 4679 \‘idcs

86 4715 185 4754 eam
215 4720 328 4771 qua:
357 4721 485 4761 esse
518 4705 731 4759 videtur
756 4710 1160 4777 repugnantiam
1185 4711 1208 4763 ?
1240 4711 1471 4767 Tradidit
1498 4731 1645 4786 ergo,

90 4792 207 4847 idem
232 4805 311 4850 est
335 4797 483 4866 quod
519 4797 803 4884 permisit,
837 4800 917 4852 vel
946 4802 1234 4855 concessit.
1282 4802 1442 4858 Vides
1472 4807 1610 4875 quod
1634 4849 1650 4873 ,

88 4884 161 4935 ubi
188 4901 283 4941 non
310 4901 394 4943 est
426 4892 536 4942 vita
573 4904 703 4958 pura
731 4930 747 4953 ,
780 4891 849 4945 ibi
881 4893 1062 4946 talium
1099 4911 1313 4964 quoque
1339 4898 1651 4968 dogmatum

87 4983 155 5027 est
178 4981 592 5048 argumentum?
625 4979 803 5035 Omnis
827 5021 842 5045 ,
876 4982 1081 5051 inquit,
1110 4987 1197 5055 qui
1221 4986 1353 5041 male
1376 4991 1504 5058 agit,
1546 4993 1654 5045 odit

90 5065 244 5132 tacent,
270 5079 315 5123 et
340 5088 446 5124 non
473 5072 614 5125 venit
641 5071 711 5123 ad
736 5072 895 5126 lucent
924 5074 1103 5147 (Joau.
1138 5078 1190 5131 3.
1224 5077 1339 5149 20).
1374 5080 1653 5147 Quomodo

89 5158 206 5213 enim
234 5173 410 5231 posset
438 5163 743 5233 ﬂagitiosus
785 5173 840 5219 et
868 5166 1107 5237 impurus
1132 5210 1147 5232 ,
1191 5180 1243 5223 et
1283 5171 1373 5240 qui
1414 5175 1652 5228 omnium

92 5246 339 5307 mulierum
370 5251 708 5323 corporibus
735 5259 905 5326 magis
933 5259 1193 5327 polluitur
1219 5272 1272 5316 ct
1300 5264 1609 5332 inquinatur
1635 5309 1651 5333 ,

91 5351 222 5405 quam
248 5345 390 5412 porci
418 5345 519 5416 qui
552 5345 608 5398 in
638 5359 799 5401 emno
867 5347 1187 5415 volutantur,
1227 5363 1282 5407 et
1306 5367 1450 5410 amat
1492 5373 1643 5425 pecu-

91 5430 207 5484 niam
229 5474 243 5496 ,
268 5446 321 5490 et
359 5438 745 5506 tcmperantitc
776 5453 840 5493 ac
868 5441 1147 5497 modestiae
1175 5444 1655 5520 nihilmuninoap-

91 5522 227 5587 retu,
259 5524 392 5582 hanc
432 5530 604 5582 vitam
634 5529 958 5599 suscipere?
991 5532 1176 5599 llanc‘,
1208 5536 1377 5606 inquit
1403 5581 1419 5605 ,
1448 5552 1653 5597 statue-

91 5623 186 5665 utut
209 5618 603 5683 operationem.
630 5618 761 5674 Inde
782 5632 865 5675 est
891 5627 1208 5692 exczccatio,
1233 5628 1356 5684 inde
1380 5641 1462 5685 est
1482 5633 1656 5703 caligo

95 5714 115 5748 ιι
131 5705 267 5762 cutis.
310 5707 553 5768 Possunt
592 5725 715 5767 esse
762 5713 995 5771 tenebrae
1041 5716 1384 5799 ctiamsilus
1435 5723 1649 5793 luceat,

1780 1882 1992 1947 quando
2022 1885 2271 1945 imbecilli
2299 1907 2424 1951 sunt
2466 1902 2603 1956 oculi
2636 1922 2651 1958 ;
2684 1905 2820 1962 linnt
2847 1920 3028 1967 autem
3060 1916 3312 1977 imbecilli
3343 1963 3359 1985 ,

1777 1981 1863 2023 aut
1913 1976 2172 2031 malorum
2206 1981 2489 2042 lmmorum
2531 1991 2767 2061 ailluxu,
2814 2012 2903 2053 aut
2948 2001 3120 2060 ﬂuxus
3161 2010 3359 2064 redun—

1776 2058 1978 2117 dantia.
2014 2067 2087 2120 Ita
2121 2071 2207 2124 hic
2234 2090 2448 2144 quoque
2479 2097 2492 2131 :
2525 2086 2741 2151 quando
2770 2092 2969 2147 multus
3000 2095 3231 2164 impetus
3270 2118 3357 2156 re-

1776 2164 1927 2219 rum,
1972 2174 2091 2224 qua!
2139 2163 2205 2216 ad
2255 2164 2393 2222 hanc
2423 2170 2584 2226 vitam
2614 2180 2916 2244 pertinent.
2969 2163 3204 2243 obruerit
3235 2208 3361 2260 per-

1775 2247 2038 2314 Spicacem
2063 2258 2258 2310 mentis
2280 2272 2475 2319 nostra:
2497 2265 2825 2340 facultaiem,
2844 2293 2907 2331 ca
2921 2290 3002 2334 est
3019 2281 3070 2335 in
3098 2286 3354 2343 tenebris:

1775 2346 1829 2388 et
1860 2340 1995 2401 sicut
2033 2343 2084 2396 in
2114 2348 2379 2414 profundo
2401 2353 2643 2420 jacentes
2676 2361 2726 2415 in
2756 2379 2893 2434 aqua
2916 2410 2929 2429 ,
2965 2374 3135 2427 solem
3173 2376 3355 2435 videre

1776 2440 1880 2480 non
1920 2436 2282 2504 potuerimus,
2332 2443 2497 2499 multa
2539 2464 2676 2519 aqua
2726 2458 2889 2510 veluti
2937 2464 3167 2529 quodam
3206 2481 3361 2538 septo

1773 2532 2005 2587 superne
2054 2525 2303 2593 imposita
2348 2547 2360 2582 :
2412 2534 2482 2589 ita
2528 2539 2577 2592 in
2629 2547 2824 2600 mentis
2869 2554 3037 2606 oculis
3076 2556 3136 2611 llt
3182 2563 3361 2616 cordis

1773 2615 2060 2667 esea-cutio
2086 2657 2100 2681 ,
2156 2623 2369 2689 quando
2399 2628 2578 2685 nullus
2624 2634 2785 2689 timor
2812 2642 3045 2698 animam
3095 2655 3357 2708 concutit.

1773 2698 1895 2755 Non
1919 2714 2013 2768 est,
2044 2706 2234 2779 inquit,
2266 2716 2417 2770 timor
2449 2719 2546 2774 Dei
2565 2736 2682 2777 ante
2703 2730 2876 2783 oculos
2902 2735 3039 2802 ejus;
3065 2748 3120 2792 et
3150 2756 3357 2807 rmsus,

1776 2788 1916 2845 Dixit
1945 2796 2186 2867 insipiens
2229 2804 2280 2857 in
2309 2810 2463 2863 corde
2489 2829 2602 2875 suo.
2633 2833 2733 2869 non
2764 2831 2836 2873 est
2879 2788 3020 2879 Deus
3046 2827 3065 2898 (
3093 2828 3237 2886 Psal.
3268 2836 3354 2890 15.

1770 2884 1824 2937 5.
1868 2887 1961 2957 ι).
2004 2890 2115 2946 Non
2145 2898 2365 2955 aliunde
2392 2915 2573 2962 autem
2626 2912 2683 2964 lit
2728 2884 3061 2987 excircatic,‘
3096 2940 3254 2994 quam
3290 2944 3356 2983 ex

1771 2989 1961 3032 sensus
1988 2982 2199 3040 defectu
2230 3007 2241 3041 :
2278 2989 2379 3046 hoc
2406 2998 2550 3051 enim
2598 3015 2809 3061 meatus
2838 3010 3088 3069 obstruit.
3129 3018 3356 3085 Quando

1769 3069 1911 3121 enim
1934 3086 2184 3130 Concreta
2199 3079 2432 3138 deﬂuxio
2452 3087 2503 3140 in
2530 3106 2691 3147 unum
2719 3096 2895 3153 locum
2920 3106 3151 3172 cogitur.
3182 3127 3353 3167 mem-

1769 3157 1924 3212 brum
1956 3166 2013 3216 tit
2042 3180 2310 3224 mortuum
2342 3183 2397 3228 et
2422 3192 2585 3234 sensu
2611 3182 2949 3253 destitutum;
2982 3205 3034 3249 et
3062 3199 3175 3255 sive
3204 3218 3355 3259 usse-

1768 3251 1843 3303 ris
1867 3294 1881 3317 ,
1926 3255 2039 3309 sive
2066 3264 2305 3318 secueris
2329 3307 2343 3329 ,
2379 3268 2494 3323 sive
2520 3274 2731 3341 quidvis
2759 3279 2952 3337 feceris
2975 3327 2988 3348 ,
3024 3303 3128 3343 non
3163 3297 3349 3352 sentit.

1767 3337 1839 3391 Ita
1891 3345 2049 3399 etiam
2081 3348 2153 3402 illi
2185 3355 2272 3420 qui
2318 3370 2376 3409 se
2424 3337 2592 3415 semel
2641 3366 2905 3425 dederunt
2951 3375 3340 3451 impudicitiae,

1767 3434 1973 3488 etiamsi
2004 3440 2172 3495 instar
2210 3444 2343 3514 ignis
2371 3491 2384 3513 ,
2438 3453 2646 3510 etiamsi
2674 3457 2842 3515 instar
2884 3466 3010 3522 ferri
3052 3476 3350 3531 orationem

1766 3523 1843 3576 cis
1871 3527 2152 3595 applicaris
2173 3574 2186 3593 ,
2231 3537 2363 3590 nihil
2395 3556 2488 3594 cos
2519 3547 2721 3614 tangit,
2776 3553 2907 3608 nihil
2937 3558 3002 3610 ad
3032 3576 3125 3614 eos
3157 3579 3352 3632 perve-

1767 3616 1845 3671 nit
1875 3637 1887 3670 :
1918 3632 1998 3675 cst
2038 3625 2178 3679 cnim
2212 3630 2366 3695 plane
2394 3644 2664 3692 mortuum
2698 3658 2886 3699 eorum
2921 3652 3263 3721 membrum,
3291 3672 3352 3713 et

1767 3710 1870 3765 nisi
1891 3713 1968 3767 eis
1995 3716 2261 3774 ademeris
2282 3737 2473 3779 sensus
2496 3732 2839 3801 vacuitatem,
2871 3748 2927 3793 ut
2954 3746 3194 3801 membra
3222 3765 3351 3805 sana

1769 3812 1974 3872 tangas,
2007 3805 2203 3862 frustra
2237 3813 2364 3867 lacis
2406 3820 2606 3875 omnia.
2639 3821 2704 3876 In
2730 3830 2967 3895 avaritia,
3021 3834 3213 3904 inquit.
3256 3840 3353 3896 llic

1767 3896 1996 3950 maxime
2017 3897 2233 3955 abstulit
2251 3918 2435 3959 eorum
2455 3914 2860 3972 excusationem
2887 3930 2941 3975 et
2963 3922 3349 3989 defensionem.

1768 3984 1985 4040 Licebat
2026 3990 2168 4043 enim
2198 3992 2312 4061 eis,
2362 3998 2406 4051 si
2450 4002 2779 4070 voluissent,
2832 4026 3005 4081 neque
3046 4032 3167 4073 esse
3203 4025 3351 4077 avari

1768 4090 1940 4143 neque
1966 4078 2217 4146 impudici
2252 4100 2427 4155 neque
2454 4092 2623 4145 ventri
2657 4078 2936 4167 indulgere
2963 4144 2976 4163 ,
3009 4116 3063 4158 ct
3088 4123 3216 4164 suas
3241 4128 3347 4165 ex-

1766 4167 1911 4235 plere
1944 4171 2266 4238 cupiditates
2311 4179 2496 4248 eisque
2539 4182 2638 4237 frui
2671 4203 2685 4239 :
2716 4186 2910 4245 licebat
2956 4205 3012 4249 et
3061 4202 3302 4266 pecuniae
3332 4245 3346 4268 ,

1770 4258 1959 4312 Ιὶιιιιιιτιι
1981 4270 2035 4312 et
2056 4264 2345 4333 voluptatis
2372 4282 2422 4324 et
2447 4268 2756 4333 deliciarum
2782 4283 3056 4341 moderate
3079 4306 3199 4347 esse
3224 4310 3350 4363 par-
3396 4296 3399 4301 “

1766 4350 1954 4419 ticipcs
1980 4370 1994 4415 ;
2028 4356 2119 4409 sed
2144 4360 2393 4425 quoniam
2420 4364 2484 4417 iis
2514 4366 2866 4431 immoderate
2896 4378 2975 4432 usi
2998 4392 3143 4451 sunt,
3171 4389 3350 4444 omnia

1762 4458 2138 4515 corruperunt.
2168 4449 2236 4505 In
2260 4458 2602 4523 Operationem
2633 4463 3001 4537 inununditite,
3031 4475 3221 4545 inquit.
3252 4480 3349 4535 Vi-

1761 4533 1858 4588 des
1884 4540 2153 4613 quomodo
2180 4557 2274 4597 eos
2302 4545 2472 4614 privat
2505 4553 2655 4604 venia
2683 4595 2697 4617 ,
2727 4555 2914 4614 dicens
2938 4602 2952 4625 ,
2990 4562 3347 4633 Operationent

1762 4622 2098 4683 immunditia?
2117 4633 2143 4685 Ρ
2167 4633 2281 4688 Non
2297 4652 2438 4691 casu
2462 4682 2475 4703 ,
2511 4641 2718 4712 inquit,
2751 4649 2882 4719 lapsi
2911 4667 3225 4725 peccarunt;
3248 4664 3345 4717 sed

1765 4719 1941 4784 gravia
1972 4719 2085 4775 haec
2112 4723 2223 4792 ipsa
2246 4726 2486 4783 l't-ccruut
2509 4772 2524 4797 ,
2558 4743 2613 4788 et
2638 4752 2699 4791 ca
2725 4755 2781 4793 re
2810 4719 3062 4801 meditata
3090 4751 3171 4804 usi
3198 4764 3343 4808 sunt.

1764 4809 1820 4863 ln
1852 4814 1995 4866 omni
2026 4814 2385 4873 immtmditia.

1834 4901 2170 4961 lmotttnditia
2188 4912 2312 4977 quid
2329 4914 2413 4966 sit.
2443 4946 2511 4955 -—
2538 4917 3074 4984 lnnnunditiavomnis
3095 4943 3179 4988 est
3195 4935 3351 4992 adul-

1764 4995 1975 5061 terium,
2012 5003 2286 5065 scortatio,
2323 5006 2610 5072 paedicatus
2634 5052 2649 5075 ,
2687 5013 2918 5081 invidia,
2952 5023 3129 5077 omnis
3184 5027 3349 5084 libido

1761 5098 1815 5140 et
1840 5088 2276 5159 intemperantia.
2339 5095 2439 5151 Vos
2466 5112 2632 5153 autem
2663 5121 2762 5157 non
2792 5108 2864 5160 ita
2908 5112 3153 5169 didicistis
3202 5118 3351 5172 Chri-

1761 5188 1893 5231 stum
1913 5195 1931 5232 :
1951 5179 2011 5233 2|
2027 5220 2040 5232 .
2072 5184 2118 5235 si
2142 5194 2307 5238 tamen
2325 5187 2469 5241 illum
2485 5193 2719 5259 audistis,
2743 5206 2790 5249 et
2813 5199 2864 5251 in
2890 5203 3001 5269 ipso
3025 5204 3187 5263 cdocti
3206 5212 3338 5273 estis,

1762 5270 1892 5321 sicut
1918 5281 1990 5325 est
2012 5274 2193 5328 veritas
2214 5279 2267 5329 in
2300 5278 2447 5333 Jesu.
2477 5282 2630 5349 Illud,
2658 5286 2719 5339 Si
2738 5298 2903 5343 tamen
2934 5294 3081 5349 illum
3108 5300 3344 5366 audistis,

1763 5375 1868 5413 non
1898 5373 1980 5416 est
2009 5362 2320 5432 dubitantis,
2340 5371 2445 5424 ~sed
2471 5372 2632 5427 etiam
2658 5378 2814 5433 valde
2839 5381 3177 5454 aftlrmantis;
3202 5390 3339 5446 sicut

1763 5453 1924 5517 ctiam
1972 5453 2101 5511 dicit
2126 5462 2250 5513 alibi
2285 5478 2298 5511 :
2334 5462 2395 5517 Si
2435 5475 2601 5519 tanien
2636 5470 2837 5539 justth
2873 5485 2943 5528 est
2988 5481 3128 5546 apud
3180 5482 3341 5537 Deum

1762 5545 1971 5599 rcddcre
1995 5551 2371 5606 retributionem
2400 5555 2461 5607 iis
2504 5559 2591 5623 qui
2620 5573 2706 5613 vos
2749 5562 2992 5617 tribulam
3023 5571 3039 5639 (
3068 5568 3119 5623 Ξ.
3166 5571 3341 5628 Thess.

1764 5638 1815 5692 l.
1850 5638 1941 5707 0).
2002 5640 2204 5707 idest,
2255 5643 2370 5698 Non
2419 5647 2468 5700 in
2519 5648 2603 5702 his
2645 5650 2912 5707 Christum
2957 5658 3238 5717 didicistis.
3283 5666 3345 5719 Si

1764 5738 1928 5783 tantm
1959 5732 2102 5787 illum
2128 5734 2341 5791 audistis
2368 5775 2385 5805 ,
2432 5746 2477 5790 ct
2505 5738 2556 5791 in
2583 5740 2692 5809 ipso
2724 5742 2886 5798 cdocti
2918 5748 3033 5802 estis
3056 5789 3074 5816 ,
3115 5751 3244 5807 sicut
3272 5768 3343 5810 est
3370 5756 3377 5759 ’
