4096 6310
741 300 811 352 9:;
1120 284 1127 289 ⁷
1469 290 1526 345 8.
1566 286 1839 344 JOANNIS
1880 283 2345 341 CllRYSOSTOMl
2390 285 2703 341 ARClllEP.
2737 287 3265 344 CONSTANTINOP.
3927 291 3996 346 96

732 420 913 474 veritas
962 415 1014 467 in
1053 411 1251 467 Christo
1290 407 1449 472 Jcsu,
1497 404 1586 458 22.
1620 404 1866 471 deponere
1902 417 1985 454 ros
2026 400 2301 453 secundum

734 510 1000 579 pristinam
1043 499 1467 556 conversationem
1507 504 1715 546 veterem
1758 493 2029 544 hominem.
2072 490 2183 543 Hoc
2222 498 2305 542 est

734 596 1145 669 ergoChristum
1176 588 1448 651 didicisse,
1490 594 1637 638 recte
1676 585 1877 635 vivere.
1903 582 2003 646 Qui
2032 581 2174 635 enim
2200 579 2300 633 im-

735 690 900 758 probe
930 685 1095 743 vivit,
1124 682 1286 733 Deum
1325 678 1547 745 ignorat,
1578 685 1629 727 et
1661 674 1729 726 ab
1758 688 1823 724 eo
1847 673 2135 741 ignoratur.
2172 669 2303 723 Audi

735 780 872 834 enim
894 778 1065 844 ipsum
1087 772 1212 824 alibi
1240 770 1531 821 dicentem;
1562 764 1719 817 Deum
1742 764 2047 829 conﬁtentur
2067 778 2118 814 se
2137 776 2300 822 nosse,

732 870 879 938 {actis
907 871 1088 934 negant
1118 870 1304 911 autem.
1336 857 1486 910 Sicut
1528 864 1599 906 est
1640 853 1818 906 veritas
1858 855 1911 904 in
1941 852 2065 906 Jesu
2090 892 2105 915 ,
2149 852 2305 919 depo-

732 974 849 1011 nere
880 972 962 1008 vos
990 950 1263 1004 secundum
1304 947 1568 1015 pristinam
1614 944 2036 995 conversationem
2089 948 2303 993 veterem

733 1047 981 1099 hominem
1008 1040 1142 1110 (Tit.
1175 1041 1224 1092 ι.
1258 1037 1365 1105 lii).
1394 1036 1507 1088 Hoc
1532 1046 1643 1097 est,
1676 1048 1780 1085 non
1806 1033 1887 1084 his
1913 1030 2305 1084 conditionibus

734 1147 939 1205 paetum
962 1139 1288 1185 conventum
1320 1126 1509 1179 fecisti.
1553 1123 1682 1176 Nam
1709 1138 1826 1190 qua:
1863 1131 1988 1174 sunt
2016 1119 2154 1188 apud
2184 1135 2300 1182 nos,

734 1243 837 1278 non
884 1230 1010 1275 sunt
1034 1218 1236 1271 vanitas
1257 1256 1271 1278 ,
1304 1214 1394 1267 sed
1445 1214 1639 1265 veritas
1670 1228 1682 1263 :
1716 1212 1854 1263 sicut
1892 1209 2139 1276 dogmata
2178 1216 2298 1260 sunt

733 1332 879 1377 vera,
911 1314 982 1365 ita
1011 1320 1065 1362 et
1091 1310 1217 1360 vita.
1258 1305 1469 1356 \‘anitas
1497 1303 1639 1355 enim
1669 1310 1750 1353 est
1781 1310 2051 1368 peccatum
2078 1307 2130 1351 et
2156 1312 2303 1350 men-

732 1406 977 1465 dacium;
1026 1401 1128 1451 vita
1170 1404 1347 1448 autem
1393 1404 1536 1446 recta
1578 1399 1661 1444 est
1701 1390 1898 1441 veritas
1930 1405 1942 1442 :
1972 1388 2131 1440 habet
2160 1388 2300 1439 enim

733 1506 979 1561 Inagnnm
1010 1491 1165 1539 liuetn
1193 1501 1206 1547 ;
1235 1479 1643 1549 intemperantia
1687 1494 1813 1531 vero
1843 1480 1892 1528 in
1924 1476 2050 1530 nihil
2086 1475 2298 1527 desinit.

737 1586 835 1648 Qui
875 1578 1213 1645 corrumpitur
1241 1615 1254 1637 ,
1284 1572 1492 1640 inquit,
1538 1569 1811 1623 secundum
1841 1567 2088 1620 desideria
2120 1566 2303 1617 erroris

732 1678 828 1728 sui.
854 1675 1003 1727 Sicut
1024 1671 1139 1737 ejus
1164 1665 1482 1733 cupiditates
1501 1669 1557 1715 et
1578 1661 1838 1714 desideria
1864 1668 2300 1727 corrumpuntur,

734 1769 799 1820 ita
831 1766 942 1828 ipse
966 1772 1197 1830 quoque.

803 1858 856 1907 ‘2.
899 1849 1180 1918 Quamodo
1202 1862 1331 1915 ergo
1360 1851 1777 1910 corrumpuntur
1804 1841 1919 1907 ejus
1945 1836 2305 1907 cupiditates?

734 1946 901 1998 Morte
929 1944 1205 1996 solvuntur
1225 1938 1424 1989 omnia.
1458 1934 1589 1986 Audi
1618 1931 1758 1985 enim
1776 1930 2099 1998 prepbetam
2128 1928 2309 1979 dicen-

734 2050 839 2091 tem
868 2052 881 2086 :
909 2024 974 2084 Ϊη
995 2032 1085 2083 illa
1106 2030 1186 2079 die
1207 2026 1434 2097 peribunt
1457 2038 1625 2075 omnes
1652 2021 1975 2089 cogitationes
2000 2019 2109 2086 ejus
2132 2016 2303 2083 (Psul.

734 2127 851 2179 H5
888 2122 965 2191 4).
1008 2120 1117 2174 Nec
1166 2127 1337 2169 morte
1377 2114 1488 2164 sola
1514 2152 1529 2176 ,
1577 2110 1672 2162 sed
1704 2111 1862 2161 etiam
1910 2107 2089 2158 multis
2141 2106 2300 2157 aliis:

718 2224 801 2265 ent
830 2224 949 2280 puta
977 2250 991 2267 .
1028 2203 1399 2275 pulchritudo,
1429 2215 1548 2253 cuni
1578 2196 1852 2251 advenerit
1882 2195 2101 2248 morbus
2131 2204 2184 2246 et
2211 2209 2297 2247 se-

735 2315 942 2364 nectus,
972 2298 1215 2351 abscedit
1238 2337 1252 2358 ,
1286 2293 1513 2346 moritur
1540 2300 1595 2343 ct
1622 2288 1801 2341 interit
1830 2303 1844 2339 2
1877 2287 2039 2339 robur
2067 2285 2308 2352 corporis

736 2410 919 2449 rursus
952 2390 1138 2444 iisdem
1182 2385 1409 2438 concidit
1445 2400 1457 2435 :
1500 2379 1707 2434 delicia:
1748 2379 1877 2445 ipsa:
1923 2392 2026 2429 non
2067 2375 2307 2429 eamdem

734 2487 948 2555 quidem
973 2483 1172 2537 habent
1195 2478 1515 2546 voluptatem
1546 2474 1596 2524 in
1624 2479 1897 2523 senectute
1928 2486 1941 2522 :
1974 2468 2130 2535 idque
2160 2467 2309 2519 nobis

738 2587 822 2632 est
853 2575 1187 2644 perspicuum
1217 2586 1279 2623 ex
1310 2566 1585 2620 Berzellai.
1620 2564 1779 2616 Scitis
1808 2575 1995 2613 onmes
2036 2558 2307 2611 historiam

738 2667 838 2735 (2.
876 2664 1003 2733 Reg.
1053 2661 1179 2739 i9).
1221 2662 1325 2711 Aut
1368 2655 1564 2723 alioqui
1603 2650 1725 2705 eum
1768 2652 1938 2718 ipsum
1982 2662 2164 2701 rursus
2191 2661 2311 2698 cor-

737 2758 937 2825 rumpit
956 2764 1011 2808 et
1035 2737 1208 2820 perdit
1228 2748 1511 2815 cupiditas.
1536 2745 1687 2797 Sicut
1707 2741 1845 2794 enim
1873 2741 1991 2792 lana
2012 2739 2079 2791 ab
2107 2737 2170 2789 iis
2196 2750 2315 2803 per-

738 2850 883 2900 ditur
903 2862 968 2899 ex
988 2843 1179 2911 quibus
1196 2840 1455 2900 nascitur,
1481 2835 1551 2887 ita
1574 2834 1732 2886 etiam
1764 2840 1913 2884 vetus
1945 2831 2123 2881 homo.
2151 2829 2314 2879 Amor

738 2937 879 2990 enim
905 2934 1087 3003 gloria:
1117 2928 1323 2999 perdit,
1366 2936 1422 2979 et
1450 2938 1593 2992 sazpe
1621 2921 1851 2990 perdunt
1882 2919 2180 2986 voluptates
2204 2956 2219 2981 ,
2264 2925 2315 3003 et

742 3002 944 3091 decipit
968 3019 1250 3088 cupiditas.
1279 3014 1395 3068 Non
1422 3023 1503 3067 est
1532 3012 1673 3065 enim
1699 3025 1761 3063 ea
1792 3022 1878 3062 res
1908 3007 2149 3074 voluptas
2173 3047 2185 3069 ,
2222 3002 2315 3057 sed

740 3112 1063 3175 amaritudo,
1093 3107 1334 3174 deceptio
1362 3146 1377 3168 ,
1408 3101 1696 3164 simulatio,
1726 3107 1779 3151 et
1808 3098 2033 3150 imitatio
2067 3096 2311 3148 scenica:

744 3218 798 3259 ct
827 3220 1001 3259 rerum
1024 3200 1237 3271 quidem
1261 3197 1421 3250 facies
1451 3202 1533 3247 est
1553 3190 1849 3260 splendida,
1882 3204 1969 3241 res
1990 3197 2165 3239 autem
2191 3186 2316 3254 ipsa:

742 3312 846 3350 non
873 3301 997 3347 sunt
1024 3290 1163 3341 aliud
1191 3302 1347 3355 quam
1382 3285 1549 3353 plena:
1577 3280 1807 3333 miseri-.1:
1836 3288 1889 3330 et
1919 3275 2317 3342 injueumlitatis

743 3397 799 3439 ct
840 3382 1021 3436 multa:
1067 3376 1396 3447 paupertatis
1428 3390 1439 3424 :
1473 3384 1524 3424 et
1554 3359 1600 3422 si
1644 3382 1927 3437 personam
1956 3365 2239 3417 abstuleris
2266 3372 2319 3415 et

710 3476 938 3527 faciem
989 3467 1290 3522 ostenderis
1318 3506 1333 3529 ,
1378 3462 1581 3515 videbis
1630 3459 2017 3525 deceptionem.
2076 3456 2318 3521 lli-eeptio

747 3567 890 3619 enim
916 3572 996 3615 est
1027 3557 1238 3627 quando
1265 3554 1389 3623 quid
1417 3554 1484 3605 sit
1513 3567 1617 3603 non
1646 3558 1903 3617 apparet,
1931 3546 2023 3600 sed
2052 3546 2191 3614 quod
2217 3560 2319 3597 non

745 3664 831 3708 est
854 3650 1168 3705 ostenditur.
1193 3648 1263 3699 lta
1293 3644 1423 3697 fiunt
1453 3640 1672 3694 fallacia:
1701 3649 1755 3691 et
1785 3637 2148 3705 paratogisnii.
2179 3637 2319 3698 Qua-

751 3758 872 3798 tuor
887 3753 1062 3795 autem
1082 3740 1233 3792 nobis
1261 3717 1504 3789 homines
1532 3733 1616 3783 hic
1643 3728 1891 3782 describit
1924 3743 1936 3778 :
1962 3738 2034 3787 et,
2066 3728 2107 3778 si
2127 3728 2319 3794 placet,

753 3841 803 3892 id
847 3839 955 3907 jam
1004 3837 1332 3886 demonstro.
1380 3826 1475 3879 llic
1512 3822 1724 3891 quidem
1766 3820 1900 3873 duos
1926 3860 1939 3879 ,
1980 3820 2057 3871 sic
2096 3818 2318 3871 dicens:

756 3906 1070 3995 Deponentes
1091 3931 1301 3973 veterem
1324 3916 1597 3975 hominem,
1620 3910 1927 3964 renovamini
1950 3910 2130 3994 spiritu
2153 3906 2325 3957 mentis

754 4028 949 4079 vestris,
979 4025 1023 4066 et
1049 4011 1242 4064 induite
1267 4022 1448 4059 novum
1478 4003 1728 4055 hominem
1756 4017 1774 4063 ;
1808 4000 1857 4051 in
1890 3998 2125 4066 Epistula
2150 4006 2323 4048 autem

753 4110 819 4163 ad
852 4110 1114 4161 [tertianos
1144 4101 1274 4153 alios
1292 4098 1447 4159 duos,
1481 4104 1537 4147 ut
1562 4091 1773 4159 quando
1796 4091 1943 4154 dicit,
1987 4088 2137 4140 Video
2162 4097 2327 4138 autent

756 4200 911 4252 aliam
938 4196 1094 4265 legent
1121 4192 1172 4244 in
1204 4188 1435 4241 membris
1473 4186 1596 4236 meis
1625 4188 1981 4249 repugnantem
2028 4177 2124 4246 legi
2153 4174 2328 4227 nte'ntis

704 4288 713 4298 ’
756 4304 917 4348 ureae,
946 4294 991 4337 et
1029 4282 1362 4349 captivantem
1407 4290 1483 4325 me
1526 4274 1577 4325 in
1620 4273 1727 4340 lege
1753 4269 1942 4338 peccati
1972 4310 1985 4331 ,
2022 4283 2135 4336 qua:
2178 4276 2249 4318 cst
2277 4266 2327 4317 in

760 4377 989 4433 ntembris
1015 4374 1134 4426 meis
1156 4374 1173 4439 (
1199 4371 1347 4422 flant.
1373 4368 1425 4419 7.
1452 4365 1544 4433 23)
1578 4381 1591 4415 :
1622 4374 1676 4416 et
1722 4362 1805 4414 isti
1835 4374 1954 4413 cmn
1995 4358 2097 4411 illis
2135 4357 2331 4410 habent

759 4469 1169 4539 cognationem;
1199 4476 1320 4514 cum
1365 4457 1619 4511 interiore
1662 4468 1832 4505 novus
1855 4492 1871 4515 ,
1918 4465 2038 4504 cum
2064 4449 2330 4503 exteriore

761 4572 913 4615 vetus
942 4576 957 4612 :
984 4556 1078 4609 sed
1103 4564 1211 4605 tres
1236 4549 1471 4617 corrupti
1502 4555 1646 4599 sunt.
1680 4543 1774 4597 Vel
1805 4543 1978 4610 potius
2003 4541 2161 4594 etiam
2191 4552 2331 4592 nunc

763 4661 889 4704 sunt
915 4660 1043 4707 tres,
1081 4658 1249 4696 novus
1275 4650 1330 4693 et
1360 4646 1513 4691 vetus
1535 4676 1550 4698 ,
1580 4645 1633 4687 ct
1662 4634 1747 4687 hic
1772 4632 2073 4685 essentialis
2102 4640 2154 4683 et
2178 4638 2331 4682 natu-

764 4741 912 4793 ralis.
938 4737 1030 4790 23.
1064 4730 1388 4786 llenovamini
1409 4767 1426 4791 ,
1470 4726 1673 4791 inquit,
1726 4723 1909 4792 spiritu
1937 4721 2113 4773 mentis
2134 4730 2328 4773 vestrm.

766 4830 842 4884 Nc
869 4826 988 4896 quis
1012 4824 1279 4877 existimet
1304 4817 1443 4886 quod
1492 4816 1651 4867 alium
1683 4813 1951 4865 hominem
1992 4806 2329 4872 introducat,

770 4927 1047 4988 postquam
1074 4912 1207 4964 dixit
1235 4906 1467 4961 veterem
1495 4914 1548 4958 et
1580 4919 1774 4955 novum
1799 4944 1814 4967 ,
1848 4901 1969 4953 vide
1992 4899 2116 4967 quid
2144 4898 2284 4951 dicat
2316 4913 2329 4947 :

775 5003 1121 5063 Renevamini.
1166 4998 1425 5053 llenovari
1470 5005 1647 5047 autent
1690 5003 1809 5054 est,
1857 4990 2068 5059 quando
2107 4988 2330 5056 idipsnm

770 5096 911 5167 quod
935 5090 1238 5150 consenuit,
1261 5096 1567 5148 renovatur,
1597 5095 1651 5136 ut
1671 5082 1809 5150 quod
1841 5083 1923 5133 fiat
1953 5079 2093 5132 aliud
2118 5094 2181 5132 ex
2209 5077 2332 5130 alio:

769 5190 842 5241 ita
873 5195 931 5237 ut
957 5182 1253 5247 subjectum
1282 5177 1496 5244 quidem
1524 5176 1591 5227 sit
1623 5174 1784 5235 idem,
1818 5171 2038 5224 mutatio
2068 5179 2241 5221 autem
2267 5168 2335 5220 sit

772 5281 823 5331 in
853 5273 1143 5330 accidente.
1176 5270 1324 5323 Sicut
1347 5281 1539 5334 corpus
1562 5264 1773 5333 quidem
1798 5276 1879 5316 est
1910 5263 2045 5316 idem
2071 5303 2086 5325 ,
2118 5262 2335 5313 mutatio

768 5356 944 5422 autcm
970 5374 1052 5419 est
1079 5365 1129 5416 in
1155 5361 1427 5415 accidente
1471 5375 1483 5408 :
1515 5358 1583 5409 ita
1609 5342 1660 5410 et
1692 5357 1775 5407 hie
1798 5371 2027 5423 quoque.
2059 5353 2335 5418 Quomodo

770 5472 944 5515 autem
968 5457 1078 5511 fieri
1103 5456 1295 5523 poterit
1320 5450 1630 5503 renovatio?
1660 5447 1719 5499 In
1740 5449 1918 5515 spiritu
1946 5447 2117 5499 utentis
2140 5457 2332 5509 vestrm,

770 5550 960 5618 inquit.
1010 5546 1108 5611 Qui
1136 5558 1263 5611 ergo
1292 5557 1400 5593 rem
1446 5538 1685 5590 habuerit
1728 5547 1957 5589 veterem
1985 5576 1999 5599 ,
2048 5535 2177 5587 nihil
2204 5551 2334 5603 ope-

769 5639 1001 5695 rabitur:
1021 5651 1125 5691 non
1149 5631 1424 5689 sustinebit
1449 5631 1587 5684 enim
1609 5629 1825 5698 spiritus
1849 5639 2049 5682 veteres
2072 5628 2326 5682 actiones.

2419 398 2640 470 Spiritu,
2673 400 2865 469 inquit,
2901 404 3078 457 mentis
3100 414 3292 467 vestrae;
3322 402 3424 457 huc
3450 412 3551 465 est,
3581 405 3767 473 spiritu
3795 405 3886 473 qui
3915 416 3996 459 est

2414 491 2466 544 in
2514 500 2711 544 mente.
2741 491 2830 545 25.
2880 490 2945 544 Et
2989 492 3260 544 induimini
3288 510 3469 546 novum
3509 496 3783 549 hominem.
3832 494 3993 549 Vides
4056 496 4059 497 ⁷

2412 579 2551 648 quod
2580 595 2740 633 unum
2771 580 2983 648 quidem
3013 582 3081 635 sit
3111 582 3441 651 subjectum,
3470 584 3776 638 indumenta
3811 596 3991 638 autem

2412 669 2517 722 duo
2540 709 2555 733 ,
2604 685 2793 738 nempe
2812 681 2882 724 -οι
2930 671 2982 723 id
3009 688 3114 739 quo
3153 674 3383 735 exuitur,
3425 682 3478 726 et
3505 674 3553 726 id
3581 689 3685 742 quo
3712 674 3996 727 induitur?

2414 756 2618 809 Novum
2643 757 2915 822 hominem,
2945 758 3142 826 inquit,
3172 760 3257 827 qui
3282 759 3556 812 secundum
3601 760 3761 814 Deum
3790 773 3997 813 creatus

2412 858 2481 900 cst
2502 848 2551 898 in
2571 848 2771 916 justitia
2791 859 2838 901 et
2860 850 3122 903 sanctitate
3146 851 3389 904 veritatis.
3416 854 3520 905 Cur
3541 860 3716 905 autem
3741 845 3993 906 virtu-tem

2409 936 2641 1003 appellat
2666 936 2932 991 hominem
2952 979 2966 1002 ,
2998 947 3052 992 et
3073 954 3169 992 cur
3190 941 3455 995 hominem
3480 941 3704 995 vitium?
3729 940 3995 1008 Quoniam

2410 1024 2569 1079 homo
2596 1041 2699 1080 non
2725 1036 2898 1095 potest
2926 1029 3135 1083 ostendi
3178 1030 3378 1099 absque
3404 1032 3735 1099 Operatione.
3775 1032 3899 1098 Quo
3943 1036 3999 1084 lit

2410 1124 2467 1167 ut
2493 1114 2607 1167 hzec
2633 1132 2737 1168 non
2770 1116 2946 1170 minus
2969 1134 3127 1186 quam
3156 1129 3363 1184 natura,
3394 1118 3661 1174 hominem
3686 1122 3993 1183 o~tendant,

2408 1206 2520 1260 sive
2547 1208 2742 1261 bonum
2771 1208 2883 1263 sive
2911 1210 3131 1265 malum.
3172 1211 3320 1265 Sicut
3343 1220 3519 1265 autem
3551 1210 3705 1265 facile
3732 1222 3813 1265 est
3844 1214 3992 1271 exui,

2410 1298 2479 1351 ita
2508 1298 2667 1351 etiam
2694 1298 2817 1352 licet
2846 1299 3030 1354 videre
3075 1302 3126 1353 in
3157 1292 3350 1354 virtute
3377 1314 3429 1355 et
3462 1303 3609 1353 vitio.
3651 1301 3877 1355 Juvenis
3907 1304 3995 1368 qui

2408 1397 2491 1440 est
2519 1403 2709 1454 novus,
2742 1397 2823 1442 est
2864 1390 3012 1442 fortis
3040 1406 3053 1453 ;
3099 1405 3229 1459 ergo
3254 1405 3352 1444 nos
3377 1406 3589 1459 quoque
3635 1391 3802 1444 simus
3830 1390 3997 1443 fortes

2408 1478 2473 1531 ad
2496 1480 2856 1547 operationem
2879 1480 3425 1535 bonarum‘actionum
3452 1484 3569 1546 :juv
3607 1483 3687 1535 nis
3708 1498 3811 1536 non
3836 1483 3997 1536 bat-et

2410 1583 2625 1637 rugam;
2674 1585 2803 1638 ergo
2831 1586 2927 1624 nec
2966 1587 3064 1624 nos
3104 1588 3315 1641 quoque
3349 1574 3599 1641 :juvenis
3628 1590 3729 1625 non
3758 1574 3994 1626 cireum-

2411 1658 2607 1725 fertur,
2641 1675 2812 1728 neque
2842 1660 2997 1715 facile
3025 1667 3141 1730 capi
3177 1672 3349 1730 potest
3377 1680 3405 1713 a
3438 1664 3674 1726 niorb;s;
3708 1663 3868 1731 igitur
3900 1679 3997 1715 nec

2412 1764 2507 1801 nos
2534 1764 2765 1817 quoque.
2796 1751 2893 1815 Qui
2926 1762 3125 1805 creatus
3151 1762 3245 1805 est.
3273 1753 3404 1806 Vide
3435 1754 3705 1821 quomodo
3736 1754 3822 1806 hic
3848 1770 3998 1806 crea-

2412 1840 2606 1893 tionem
2640 1850 2797 1894 vocet
2823 1841 3197 1897 dedat-tionem
3226 1842 3433 1897 virtutis
3471 1844 3535 1895 ad
3564 1843 3853 1896 essentiam
3882 1884 3897 1907 ,
3945 1853 3998 1893 ut

2414 1944 2533 1997 qua:
2562 1944 2626 1983 ex
2678 1930 2764 1981 nib
2790 1932 2864 1990 lo,
2927 1932 2991 1983 ad
3038 1932 3139 1985 hoc
3170 1941 3227 1985 nt
3271 1931 3455 1996 esset,
3499 1934 3568 1985 sit
3604 1932 3858 1985 deducta.
3898 1932 3995 1997 Qui

2411 2020 2578 2072 vero?
2621 2021 2821 2072 creatio
2862 2020 2947 2072 illa
2980 2036 3085 2074 non
3112 2030 3194 2074 est
3218 2022 3511 2074 secundum
3545 2023 3751 2075 Deum?
3781 2020 3994 2088 Nequa-

2411 2126 2603 2177 quam,
2663 2110 2755 2162 sed
2800 2111 3092 2163 secundum
3139 2111 3451 2165 diabolum:
3497 2111 3611 2179 ipse
3658 2120 3742 2163 est
3786 2121 3998 2166 Creator

2413 2208 2633 2273 peccati.
2664 2205 2985 2271 Quomodo?
3015 2205 3184 2257 llomo
3210 2206 3349 2257 enim
3382 2220 3485 2257 non
3514 2221 3579 2258 ex
3606 2220 3738 2273 aqua
3759 2246 3775 2260 .
3809 2219 3911 2257 nec
3935 2221 3995 2256 ex

2415 2305 2555 2347 terra
2578 2308 2659 2345 εει
2682 2306 2915 2357 creatus,
2943 2293 3034 2346 scd
3056 2295 3105 2346 in
3132 2293 3334 2361 justitia
3357 2303 3409 2346 et
3430 2295 3709 2347 sanctitate
3735 2295 3993 2346 veritatis.

2415 2386 2546 2450 Quid
2583 2388 2681 2438 hoc
2708 2386 2832 2438 est?
2860 2384 3049 2439 Statim
3082 2385 3231 2438 illum
3259 2373 3458 2440 crea'vit
3488 2388 3650 2439 lilium
3682 2403 3694 2438 :
3725 2386 3829 2440 hoc
3853 2386 3996 2441 enim

2420 2480 2475 2527 tit
2502 2492 2527 2526 a
2559 2476 2883 2543 baptismate
2934 2494 2947 2528 :
2983 2476 3097 2529 huic
3124 2486 3205 2529 est
3236 2477 3488 2529 essentia.
3530 2476 3696 2531 Recte
3721 2476 3861 2530 dixit
3887 2518 3904 2541 ,
3936 2475 3999 2528 In

2406 2567 2609 2635 justitia
2635 2577 2680 2617 et
2710 2567 2979 2618 sanctitate
3007 2567 3252 2619 veritatis.
3298 2566 3427 2619 Erat
3451 2566 3742 2634 aliquando
3765 2568 3997 2633 justitia,

2417 2668 2528 2710 erat
2559 2668 2610 2710 et
2636 2659 2891 2710 sanctitas
2919 2657 2971 2709 in
2995 2657 3215 2721 Judteis,
3250 2673 3429 2711 verum
3462 2673 3568 2709 non
3607 2658 3871 2719 veritatis,
3904 2658 3995 2710 sed

2420 2755 2573 2815 typus
2602 2760 2663 2798 ac
2691 2750 2853 2813 figura
2885 2757 2998 2799 erat
3029 2747 3114 2798 illa
3138 2747 3363 2814 jnstitia.
3409 2747 3545 2801 Esse
3566 2749 3709 2801 enim
3741 2749 3997 2801 mundum

2417 2852 2661 2904 corpore,
2690 2836 2965 2888 munditia:
2989 2845 3103 2888 erat
3130 2848 3308 2906 typus,
3338 2852 3440 2890 non
3466 2837 3661 2889 veritas
3691 2837 3991 2899 munditim,

2414 2928 2635 2995 justitia:
2660 2937 2773 2980 erat
2797 2936 2976 2996 typus,
3005 2941 3109 2979 non
3134 2928 3586 2994 veritasjttstitim.
3622 2925 3683 2977 In
3709 2927 3998 2985 sanctitate,

2423 3019 2583 3085 inquit
2613 3060 2625 3080 ,
2660 3026 2705 3069 ct
2742 3018 2945 3085 jnstitia
2973 3018 3214 3069 veritatis.
3259 3018 3320 3069 Et
3351 3017 3448 3068 hoc
3480 3016 3615 3069 forte
3660 3016 3792 3068 dicit
3827 3015 4000 3082 respi-

2421 3110 2568 3162 ciens
2596 3110 2659 3160 ad
2693 3107 2885 3160 falsum
2919 3124 2930 3158 :
2961 3108 3211 3172 quoniam
3243 3106 3393 3158 multi
3427 3116 3552 3159 sunt
3577 3105 3719 3171 apud
3748 3116 4002 3158 externos

2422 3202 2509 3268 qui
2543 3200 2787 3253 videntur
2818 3214 2935 3251 esse
2959 3199 3111 3266 justi,
3143 3198 3234 3251 sed
3268 3207 3392 3250 sunt
3425 3198 3661 3251 fallaces.

2493 3291 2669 3343 Justus
2709 3292 2938 3357 quisnam
2984 3305 3092 3343 vere
3133 3291 3215 3341 sit.
3244 3318 3316 3328 -—-
3342 3289 3552 3342 .lustitia
3601 3300 3776 3342 autem
3813 3290 4003 3342 dicitur

2424 3381 2590 3432 virtus
2635 3385 2686 3431 in
2736 3395 2954 3447 genere.
3010 3378 3143 3432 Audi
3190 3381 3329 3432 enim
3382 3381 3649 3435 Christum
3690 3380 3997 3442 dicentem,

2430 3470 2545 3523 Nisi
2563 3472 2763 3539 justitia
2792 3480 2952 3520 vestra
2980 3470 3137 3537 magis
3175 3470 3499 3522 abundaverit
3534 3487 3685 3536 quam
3725 3471 4002 3523 scribarum

2427 3571 2471 3612 ct
2516 3558 2915 3622 Pharisaeorum,
2977 3575 3077 3610 non
3119 3558 3365 3610 intrabitis
3404 3560 3455 3610 in
3508 3575 3714 3628 regnum
3762 3560 4002 3611 cwlorum

2429 3650 2639 3719 (.llatth.
2672 3651 2726 3703 5.
2754 3648 2879 3717 ‘20);
2937 3658 2991 3701 et
3044 3664 3248 3713 rursus,
3293 3648 3470 3701 Justus
3520 3650 3705 3702 dicitur
3746 3651 3837 3717 qui
3880 3652 4003 3703 nihil

2428 3740 2571 3791 habet
2597 3739 2729 3803 quod
2768 3738 3162 3804 reprehendatur
3193 3737 3268 3808 (l.
3291 3737 3446 3790 Joun.
3477 3740 3530 3792 '5.
3562 3739 3643 3807 9).
3675 3738 3806 3792 Nam
3844 3741 3897 3793 in
3925 3742 4000 3792 fo-

2431 3829 2673 3881 rensibus
2724 3829 2881 3879 etiam
2922 3827 3136 3894 judieiis
3181 3827 3329 3879 illum
3375 3828 3601 3881 dicimus
3641 3829 3861 3897 justum,
3916 3830 4001 3897 qui

2433 3918 2677 3986 injuriam
2704 3916 2912 3984 accepit
2939 3932 3037 3970 nec
3065 3916 3315 3970 reddidit.
3346 3919 3401 3970 Si
3431 3932 3558 3987 ergo
3588 3934 3685 3972 nos
3710 3935 3928 3987 quoque
3956 3923 4000 3972 in

2433 4008 2697 4061 horrendo
2720 4007 2918 4076 judicio
2948 4008 3272 4075 potuerimus
3313 4008 3447 4061 alter
3489 4009 3625 4076 apud
3673 4009 3903 4063 alterum
3934 4013 4003 4062 vi-

2431 4096 2543 4149 deri
2569 4096 2719 4163 justi,
2748 4095 3041 4164 poterimus
3072 4096 3301 4163 aliquam
3342 4097 3551 4165 assequi
3596 4098 3996 4166 benignitatem.

2432 4187 2563 4241 Nam
2611 4196 2667 4239 ut
2708 4185 2845 4253 apud
2889 4186 3052 4239 Deum
3086 4186 3297 4253 quidem
3347 4186 3640 4249 videamur,
3687 4201 3792 4239 non
3828 4198 4001 4255 potest

2434 4278 2572 4341 lieri,
2596 4275 2849 4344 quidquid
2880 4276 3274 4327 ostenderimus
3300 4293 3313 4328 :
3344 4276 3455 4345 ipse
3480 4275 3622 4328 enim
3648 4275 3767 4343 jure
3793 4291 4005 4345 semper

2434 4377 2517 4421 est
2559 4366 2832 4436 superior;
2878 4365 3014 4418 sicut
3051 4365 3211 4418 etiam
3248 4365 3376 4419 dicit
3420 4366 3696 4433 prapheta,
3740 4365 3807 4418 Et
3848 4369 4003 4419 vinces

2436 4475 2551 4511 cum
2584 4458 2835 4529 judicaris
2875 4454 3048 4524 (l’sal.
3081 4456 3170 4510 50.
3204 4456 3284 4521 6).
3329 4456 3431 4509 Sed
3478 4456 3545 4520 si,
3577 4457 3869 4523 quaeinter
3914 4472 4003 4511 nos

2437 4548 2930 4613 intereeduntjura,
2965 4563 3069 4600 non
3111 4548 3528 4614 corruperitnus,
3572 4556 3696 4600 tunc
3723 4548 3852 4614 juSti
3898 4550 4000 4601 cri-

2439 4655 2556 4695 mus
2590 4658 2602 4693 :
2634 4641 2676 4692 si
2728 4639 3059 4706 potuerimus
3104 4636 3386 4689 ostendi-re
3427 4650 3523 4688 nos
3563 4636 3806 4703 injuriam
3853 4652 4001 4691 acce-

2440 4732 2604 4800 pisse,
2638 4738 2760 4780 tnnc
2784 4726 2911 4795 justi
2944 4727 3164 4779 erimus.
3195 4725 3473 4789 Quomodo
3503 4735 3678 4778 autem
3708 4727 3785 4778 cis
3812 4726 4005 4779 indutis

2438 4834 2619 4871 rursus
2646 4816 2792 4877 dicit,
2823 4814 3147 4866 lnduimini?
3173 4815 3216 4867 A
3244 4815 3350 4867 vita
3380 4814 3547 4882 inquit
3573 4831 3713 4867 nunc
3753 4825 3807 4869 et
3835 4816 4005 4883 operi-

2441 4912 2557 4962 bus.
2590 4908 2740 4961 Tune
2785 4905 3147 4958 indumenttnn
3179 4903 3275 4957 fuit
3301 4919 3329 4955 a
3360 4904 3701 4972 baptismate,
3732 4921 3879 4959 nunc
3915 4920 4003 4959 au-

2441 5009 2544 5053 tem
2576 5014 2603 5049 a
2632 4997 2748 5049 vita:
2769 4994 2986 5063 agenda:
3008 4994 3214 5046 ratione
3243 5002 3297 5046 et
3326 4993 3576 5061 operibus
3606 5011 3619 5045 :
3650 5008 3755 5047 non
3781 4996 4005 5063 amplius

2442 5087 2731 5141 secundmn
2777 5083 3240 5150 concupiscentias
3282 5081 3633 5150 deceptionis,
3684 5083 3777 5136 sed
3823 5100 4006 5137 secun-

2440 5178 2564 5231 dum
2594 5177 2782 5229 Deum.
2809 5173 3060 5227 Sanctum
3084 5183 3260 5225 autem
3283 5173 3410 5240 quid
3441 5160 3563 5225 est?
3585 5174 3733 5238 Quod
3758 5184 3841 5227 est
3864 5189 4007 5226 mune

2441 5269 2587 5329 dum,
2619 5264 2756 5333 quod
2786 5264 3025 5317 debetur.
3072 5264 3355 5331 Propterea
3402 5279 3585 5315 eorum
3615 5267 3773 5319 etiam
3800 5267 3890 5335 qui
3918 5267 4003 5319 de—

2442 5363 2719 5410 cesserunt
2753 5354 2892 5421 justa
2930 5353 3154 5405 dicimus
3191 5372 3203 5407 :
3236 5352 3339 5405 hoc
3388 5364 3488 5419 cst,
3537 5353 3611 5407 De
3648 5366 3842 5409 cancro
3885 5356 4003 5409 nihil

2443 5448 2521 5500 eis
2547 5445 2737 5508 debtlb,
2788 5460 2890 5493 non
2933 5459 3048 5495 smn
3080 5443 3159 5495 eis
3201 5442 3482 5494 obnoxius.
3526 5443 3616 5496 Sic
3659 5446 3889 5500 solemus
3926 5445 3999 5497 di-

2443 5552 2586 5599 cere,
2630 5538 2991 5604 épunmo’tpm,
3035 5534 3113 5601 ille
3156 5521 3366 5600 eapiaivi
3414 5544 3466 5585 ct
3509 5534 3747 5601 absolvi,
3791 5545 3844 5588 et
3896 5551 4001 5604 qua:

2456 5634 2577 5680 sunt
2604 5622 2901 5692 hujnsmodi
2924 5638 2936 5687 ;
2966 5622 3061 5676 hoc
3088 5632 3187 5687 est,
3212 5621 3351 5675 Nihil
3377 5620 3562 5676 debeo.
