4070 6388
724 359 790 412 97
1385 348 1444 403 S.
1481 345 1773 402 iOAXNIS
1809 342 2296 400 CIIRYSOSTOMI
2337 339 2658 398 AllClllEP.
2701 339 3250 398 CONSTANTINOP.
3882 337 3937 391 98

794 479 863 540 γ’.
880 471 1066 541 ’Πμῶν
1087 469 1264 522 τοίνυν
1287 468 1400 520 ἐστὶ
1436 465 1510 537 μὴ
1526 463 1892 520 ἀπσιδύσασθαι
1913 463 1972 516 τὸ
1987 466 2083 534 τῆς
2099 461 2298 515 δικαιο-

727 555 892 626 σύνης
932 553 1166 623 ἱμάτιον,
1197 551 1224 602 6
1254 551 1348 602 καὶ
1386 550 1416 602 6
1445 550 1733 619 Προφήτης
1783 547 1996 614 ἱμάτιον
2035 543 2300 626 σωτηρίου

729 624 904 697 καλεῖ,
949 635 1034 686 ἵνα
1066 633 1141 701 τῷ
1178 629 1295 700 Θεῷ
1342 629 1713 698 όμοιωθῶμεν·
1751 627 1844 680 καὶ
1875 627 2002 696 γὰρ,
2027 625 2185 688 αὐτὸς
2225 624 2302 678 δι-

729 715 1020 780 καιοσύνην
1060 713 1354 766 ἐνδέδυται.
1391 710 1562 763 Τοῦτο
1587 708 1932 778 ἐνδυσώμεθα
1976 707 2039 760 τὸ
2069 705 2301 776 ἱμάτιον.

731 799 804 848 Ὺὸ
826 797 901 860 δὲ,
923 795 1264 856 ἐνδύσασθαι,
1312 793 1463 846 οὐδὲν
1505 792 1631 845 ἄλλο
1680 792 1849 859 δηλοῖ,
1880 791 1913 860 ἢ
1947 790 2008 842 τὸ
2037 789 2304 860 μηδέποτε

729 877 1047 929 ἀποθέσθαι.
1073 877 1272 928 Ἀκουε
1314 875 1420 944 γάρ
1441 872 1532 924 τοῦ
1563 874 1849 941 Προφήτου
1879 870 2145 938 λέγοντοςο
2179 871 2307 922 Ἐν-

728 960 987 1011 εδύσατο
1001 957 1263 1024 κατάραν
1281 955 1359 1020 ὡς
1373 954 1620 1024 Imittur,
1637 954 1733 1006 καί
1751 953 1881 1020 ἣξει
1897 951 2076 1017 αὐτῷ.
2089 952 2197 1005 Καὶ
2212 951 2308 1004 πά-

731 1039 835 1102 λιν,
864 1040 923 1091 '0
939 1037 1444 1104 περιϐαλλόμενος
1473 1035 1596 1103 φῶς
1625 1035 1706 1100 ὠς
1725 1035 1977 1102 Ιμιίτιον.
2009 1034 2118 1088 Kal
2149 1033 2308 1086 πάλιν

733 1123 862 1189 ἡμῖν
887 1119 1006 1182 ἔθος
1022 1119 1199 1185 λέγειν
1220 1119 1310 1170 ἐπὶ
1334 1119 1441 1170 τῶν
1460 1116 1760 1188 ἀνθρώπων
1782 1133 1794 1146 ·
1829 1119 1868 1169 0
1889 1117 2032 1168 δεῖνα
2058 1117 2148 1168 τὸν
2163 1115 2308 1168 δεῖνα

733 1201 1219 1254 ὲνεδύσατο.”Ωστε
1248 1200 1307 1252 ού
1337 1201 1465 1268 μίαν
1493 1201 1705 1270 ἡμέραν
1735 1198 1856 1251 ούδίτ
1898 1198 2158 1268 δευτέραν
2187 1198 2309 1250 οὐδὲ

734 1286 941 1352 τρίτην,
974 1283 1106 1336 ἀλλά
1139 1282 1427 1344 διαπαντὸς
1459 1284 1607 1352 ἡμᾶς
1633 1281 1879 1352 βούλεται
1921 1276 2062 1334 εἶναι
2091 1282 2150 1332 ἐν
2183 1281 2310 1350 ἀρε-

734 1367 824 1436 τῇ,
863 1365 958 1416 καὶ
979 1363 1245 1433 μηδέποτε
1272 1365 1509 1432 γυμνοὺς
1533 1359 1670 1416 εἶναι
1700 1361 1793 1415 τοῦ
1846 1361 2060 1432 ἱματίου
2095 1361 2306 1414 τούιου.

737 1447 812 1498 υύ
842 1447 949 1514 γάρ
972 1443 1144 1507 οὕτως
1170 1446 1452 1512 ἄνθρωπος
1513 1447 1810 1513 ἀσχημονεῖ
1862 1444 2068 1513 γυμνὸς
2125 1442 2201 1498 ὣν
2249 1443 2310 1494 τὸ

739 1525 918 1596 σῶμα,
945 1527 1019 1588 ὡς
1051 1527 1253 1596 γυμνὸς
1293 1525 1369 1578 ὢν
1402 1526 1498 1596 τὴν
1523 1528 1742 1595 ἀρετήν.
1790 1525 2050 1580 Ἐνταῦθα
2080 1525 2240 1578 αύτδν
2260 1526 2309 1577 οί

736 1607 1014 1677 ὁμόδουλοι
1063 1607 1352 1676 βλέπουσιν
1404 1608 1838 1678 ἀσχημονοῦντα,
1892 1608 2009 1659 ἐκεῖ
2043 1607 2098 1658 δὲ
2153 1608 2182 1660 6
2215 1609 2311 1658 Δε-

739 1689 944 1759 σπότης
979 1691 1072 1742 καὶ
1095 1691 1146 1742 οί
1175 1689 1414 1756 ἄγγελοι.
1455 1691 1551 1740 Ἂν
1571 1684 1663 1740 οὖν
1686 1705 1805 1739 τινα
1847 1687 1983 1758 ῐδῃς,
2016 1687 2141 1740 είπέ
2199 1703 2312 1756 μοι,

738 1772 942 1840 γυμνὸν
963 1770 1048 1822 διὰ
1073 1771 1172 1839 τῆς
1206 1771 1409 1839 ἀγορᾶς
1445 1769 1720 1839 προϊόντα,
1745 1769 1867 1838 οὐχὶ
1895 1770 2111 1837 ἀλγεῖς;
2149 1769 2313 1821 Ὅταν

737 1849 828 1905 οὖν
860 1854 922 1904 σὺ
951 1853 1152 1922 γυμνὸς
1170 1851 1263 1903 τοῦ
1283 1853 1496 1922 ἱματίου
1513 1851 1700 1904 τούτου
1727 1853 1950 1921 τρέχῃς,
1974 1852 2028 1902 τί
2051 1850 2309 1921 ἐροῦμεν;

739 1935 852 2003 Οὐχ
872 1934 1003 2004 ὁρᾷς
1029 1933 1250 1995 τούτους
1273 1935 1396 1994 τοὺς
1445 1932 1888 2002 προσαιτοῦντας,
1926 1931 2021 1993 οὒς
2063 1932 2312 1999 λώταγας

740 2017 872 2085 ἡμῖν
889 2015 1009 2077 ἔθος
1027 2015 1237 2078 καλεῖν,
1256 2014 1369 2077 πῶς
1388 2015 1651 2083 περιίασι,
1673 2013 1787 2075 πῶς
1803 2015 1896 2066 καὶ
1915 2014 2111 2077 αὐτοὺς
2130 2013 2312 2065 ἐλεοῦ-

743 2113 872 2166 μεν;
929 2096 1066 2148 Ἀλλ’
1099 2098 1245 2165 ὅμως
1292 2095 1498 2157 τούτοις
1541 2095 1661 2147 οὐδὲ
1710 2095 2004 2166 συγγνώμη
2033 2095 2115 2158 τίς
2147 2098 2310 2147 ἐστιν’

739 2178 862 2231 οὐδὲ
891 2177 999 2246 γάρ
1026 2178 1469 2244 συγγινώσκομεν
1499 2176 1702 2237 αὐτοῖς.
1725 2177 1851 2227 ὅταν
1869 2177 2184 2236 κυϐεύοντες
2198 2177 2316 2226 ἐαυο

740 2259 847 2310 τῶν
872 2259 940 2310 τά
973 2258 1160 2326 ἱμάτια
1186 2256 1510 2309 ἀπολλύωσι.
1545 2256 1665 2318 Πῶς
1695 2253 1786 2307 οῦν
1820 2257 1996 2326 ἡμῖνό
2022 2256 2152 2316 Θεὸς
2183 2271 2315 2323 συγ-

741 2341 1008 2406 γνώσεται
1028 2333 1100 2390 ’τδ
1141 2341 1355 2408 ἱμάτιον
1392 2337 1548 2389 τοῦτο
1571 2337 1929 2401 ἀπολέσασιν;
1967 2338 2135 2389 Ὅταν
2160 2338 2268 2406 γὰρ
2290 2339 2317 2388 6

739 2419 982 2482 διάϐολος
1009 2420 1094 2490 ῖδῃ
1115 2420 1317 2488 γυμνὸν
1341 2419 1538 2490 ἀρετῆς
1568 2435 1709 2478 τιια,
1731 2418 1930 2480 εὐθέως
1977 2417 2070 2469 καὶ
2100 2418 2318 2469 ἀσϐολοί

743 2502 838 2553 καὶ
867 2502 1105 2570 ἀμαυροῖ
1135 2500 1196 2552 τὸ
1235 2500 1544 2565 πρόσωπον,
1571 2501 1665 2550 καὶ
1688 2497 1999 2569 τιτρώσκει,
2025 2499 2119 2549 καὶ
2145 2499 2315 2564 ἀναγ-

743 2581 899 2645 κάζει
928 2582 1135 2650 μεγάλα
1159 2593 1206 2634 ι.
1240 2581 1278 2632 Γ
1281 2581 1440 2650 υμνοὶ
1470 2579 1755 2649 γενώμεθα
1778 2580 2092 2648 χρημάτων,
2124 2578 2210 2630 ἵνα
2243 2579 2317 2648 μὴ

743 2662 1116 2732 γυμνωθῶμεν
1141 2660 1247 2713 ἀπὸ
1288 2660 1650 2728 δικαιοσύνης’
1688 2661 1721 2729 ἡ
1748 2661 1856 2712 τῶν
1899 2659 2197 2729 χρημάτων
2227 2675 2320 2711 πε-

746 2744 936 2813 ριϐολὴ
965 2743 1124 2794 τοῦτο
1173 2741 1491 2811 λυμαίνεται
1543 2742 1603 2794 τὸ
1648 2743 1878 2810 ίμάτιον·
1916 2740 2169 2805 ἀκανθῶν
2206 2742 2320 2792 ἐστι

744 2824 1025 2896 περιϐολή.
1083 2824 1337 2876 Τοιαῦταί
1387 2826 1522 2875 εἰσιν
1569 2825 1624 2875 αῖ
1671 2823 1921 2886 ἄκανθαι,
1967 2825 2057 2873 καὶ
2085 2823 2195 2890 ὅσῳ
2255 2820 2322 2872 ἂν

747 2906 994 2968 πλείονας
1029 2904 1475 2975 περιϐαλώμεθα,
1509 2903 1746 2973 τοσούτῳ
1776 2903 1974 2972 μᾶλλον
2010 2903 2318 2972 γυμνούμε-

745 2988 834 3040 θα.
882 2986 948 3038 Ἦ
983 2987 1238 3053 ἀσέλγεια
1265 2988 1459 3056 γυμνοῖ
1485 2985 1577 3037 τοῦ
1601 2984 1812 3054 ἱματίου
1838 2983 2048 3036 τούτουο
2081 2984 2191 3054 πῦρ
2214 2984 2321 3054 γάρ

745 3073 882 3132 ἐστι,
914 3068 977 3120 τὸ
999 3067 1057 3121 δέ
1085 3068 1199 3136 πῦρ
1239 3066 1569 3120 ἀναλωτικδν
1597 3066 1690 3118 τοῦ
1732 3067 1745 3115 ί
1755 3066 1946 3134 ματίου
1969 3066 2178 3120 τούτου.
2214 3068 2322 3136 Σής

747 3156 894 3204 ἐστιν
916 3151 945 3202 6
975 3148 1218 3212 πλοῦτος·
1244 3149 1492 3217 καθάπερ
1517 3150 1545 3200 6
1589 3148 1687 3217 σὴς
1719 3149 1898 3200 πάντα
1921 3147 2209 3218 διατρώγει
2231 3149 2324 3200 καὶ

746 3233 869 3285 οὐδὲ
897 3232 1004 3284 τῶν
1039 3230 1278 3301 σηρικῶν
1331 3231 1593 3297 φείδεται,
1648 3229 1790 3281 οῦτω
1820 3229 1912 3281 καὶ
1935 3225 2104 3292 οὗτος.
2143 3231 2325 3282 Πάντα

745 3314 925 3367 τοίνυν
957 3314 1124 3366 ταῦτα
1154 3311 1502 3380 ἀποθώμεθα,
1559 3313 1644 3364 ἵνα
1672 3310 1955 3380 γενώμεθα
1978 3311 2196 3375 δίκαιοι,
2238 3311 2323 3362 ἵνα

748 3395 1095 3464 ἐνδυσώμεθα
1149 3392 1240 3446 τὸν
1286 3395 1470 3447 καινὸν
1529 3393 1833 3464 ἄνθρωπον.
1874 3393 2054 3464 Μηδὲν
2077 3393 2322 3458 παλαιὸν,

751 3477 918 3548 μηδὲν
950 3477 1292 3546 φαινόμενον,
1350 3476 1515 3546 μηδὲν
1566 3476 1916 3544 φθειρόμενον
1984 3475 2320 3545 κατέχωμεν.

751 3560 864 3610 οὐκ
892 3559 1037 3610 ἐστιν
1068 3561 1100 3628 ἡ
1153 3558 1322 3629 ἀρετὴ
1353 3559 1627 3623 ἐπίπονος,
1677 3557 1776 3610 οὐκ
1806 3556 1921 3610 ἐστι
1951 3557 2326 3628 δυσκατόρθωο

748 3653 810 3690 το
821 3657 861 3700 ς.

821 3777 934 3846 Ούχ
971 3778 1102 3847 ὁρᾷς
1127 3779 1253 3838 τοὺς
1282 3779 1339 3830 ἐν
1385 3780 1496 3841 τοῖς
1527 3778 1710 3847 ὄρεσιν
1732 3797 1774 3855 ς.
1806 3779 2003 3830 ἐκεῖνοι
2031 3778 2124 3830 καὶ
2149 3777 2324 3840 οἰκίας

752 3861 944 3929 ἀφιᾶσι
965 3862 1057 3912 καὶ
1078 3863 1338 3928 γυναῖκας
1359 3862 1451 3914 καὶ
1476 3861 1664 3922 παῖδας
1691 3861 1787 3913 καὶ
1827 3859 2157 3928 προστασίαν
2185 3859 2326 3912 ἀπα-

753 3959 872 4002 σαν,
902 3944 994 3992 καὶ
1019 3942 1176 4003 ἐκτὸς
1198 3942 1423 4001 ἑαυτοὺς
1451 3940 1545 3992 τοῦ
1568 3942 1771 4009 κόσμου
1799 3941 2175 4010 ποιησάμενοι,
2196 3941 2325 3994 σάκ-

754 4041 848 4076 κον
885 4025 1251 4094 περιθέμενοι,
1284 4025 1478 4077 σποδὸν
1506 4023 2010 4094 ὑποστρωσάμενοι,
2041 4023 2194 4077 κλοιὰ
2217 4023 2325 4077 τῶν

750 4106 1036 4176 τραχήλων
1074 4106 1488 4176 ἐξαρτήσαντες,
1533 4108 1592 4158 ἐν
1635 4106 1863 4174 οἰκίσκῳ
1919 4105 2100 4176 μικρῷ
2159 4122 2318 4183 καιτα-

751 4189 1063 4250 κλείσαντες
1104 4189 1349 4252 ἑαυτοὺς,
1404 4187 1522 4239 ούδέ
1576 4187 1741 4256 μέχρι
1789 4186 1996 4238 τούτων
2057 4188 2323 4252 ῖστανται,

753 4269 886 4322 ἀλλά
904 4269 999 4320 καὶ
1035 4269 1306 4338 νηστείαις
1332 4269 1425 4320 καὶ
1478 4267 1619 4336 λιμῷ
1649 4267 1882 4334 διηνεκεῖ
1925 4269 2326 4322 κατατείνουσιν

754 4349 998 4412 ἑαυτούς.
1022 4351 1085 4402 Εἰ
1121 4349 1346 4402 τοιαῦτα
1370 4349 1662 4402 ἐπέταττον
1682 4348 1776 4402 νῦν
1801 4347 1928 4417 εγὼ,
1947 4350 2047 4402 ούκ
2071 4351 2136 4403 ἂν
2159 4351 2328 4405 ἀπαν-

753 4450 839 4495 τες
861 4430 1111 4500 ἀπεπηδή
1121 4447 1246 4483 σατε
1264 4448 1277 4494 ;
1296 4432 1392 4483 οὐκ
1415 4430 1478 4482 ἂν
1499 4431 1687 4483 εῖπατε
1707 4431 1766 4482 τὺ
1785 4432 2016 4500 πρᾶγμα
2038 4433 2322 4503 φορτικὸν;

755 4513 886 4564 Οὐδὲ
918 4512 1155 4565 τοιοῦτόν
1184 4529 1323 4582 φημι
1357 4511 1465 4564 δεῖν
1513 4515 1702 4564 ποιεῖν·
1737 4512 1994 4582 βούλομαι
2042 4514 2191 4586 [100]
2226 4517 2326 4585 μὲν

755 4596 882 4664 γὰρ.
913 4594 1049 4661 πλὴν
1074 4594 1134 4645 οὐ
1176 4594 1467 4662 νομοθετῶ.
1505 4594 1662 4646 Ἀλλὰ
1691 4595 1744 4646 τί
1769 4611 1784 4659 ;
1831 4596 1938 4647 Kal
1962 4595 2206 4666 λουτροῖς
2233 4599 2325 4651 κέ-

757 4693 946 4745 χρησο,
960 4678 1053 4728 καὶ
1068 4679 1128 4727 τὸ
1149 4679 1306 4745 σῶμα
1323 4676 1613 4744 θεράπευε,
1633 4678 1725 4729 καὶ
1747 4669 2045 4748 είςάγοράν
2069 4674 2322 4748 ἔμϐαλλε,

757 4759 850 4810 καὶ
906 4758 1080 4809 οίκίαν
1133 4757 1252 4826 ἔχε,
1304 4761 1398 4809 καὶ
1455 4757 1720 4820 διακόνοις
1747 4758 2032 4826 διακονοῦ,
2087 4763 2178 4814 καὶ
2209 4764 2326 4833 χρῶ

759 4840 945 4901 σιτίοις
966 4840 1056 4890 καὶ
1079 4841 1280 4900 ποτοῖς·
1325 4839 1597 4909 πανταχοῦ
1619 4839 1715 4910 τὴν
1745 4841 2054 4906 πλεονεξίαν
2075 4843 2322 4900 ἔκϐαλλε.

769 4922 981 4991 Ἐκείνη
1006 4921 1114 4990 γάρ
1145 4923 1291 4973 ἐστιν
1325 4923 1358 4990 ἡ
1385 4922 1482 4991 τὴν
1514 4924 1787 4993 ἁμαρτίαν
1815 4925 2062 4990 ποιοῦσα,
2118 4930 2211 4981 καὶ
2266 4932 2326 4988 τὸ

757 5005 888 5058 αὐτὸ
913 5006 1142 5074 πρᾶγμα
1165 5004 1455 5066 πλεονάζον
1475 5006 1716 5076 ἁμαρτία
1741 5007 1978 5075 γέγονεν.
1997 5009 2158 5063 Ὥστε
2175 5013 2326 5065 οὐδὲν

757 5087 940 5155 ἕτερόν
970 5089 1174 5164 ἐσταὴ
1226 5087 1522 5153 πλεονεξία,
1581 5089 1614 5158 ἢ
1669 5090 1930 5161 ἁμαρτία.
1978 5092 2086 5144 Καὶ
2109 5093 2229 5164 δραο
2268 5096 2326 5148 ὐ

761 5167 928 5236 θυμὸς
953 5167 1105 5220 ὅταν
1124 5169 1283 5221 πλέον
1319 5169 1412 5221 τοῦ
1443 5169 1652 5232 δέοντος
1683 5172 1899 5242 κινηθῇ,
1924 5173 2046 5225 τότε
2078 5174 2327 5243 ἐκπηδῶν

759 5250 1095 5319 λοιδορεῖται,
1135 5251 1252 5303 τότε
1285 5252 1482 5314 ἀδίκως
1504 5253 1680 5306 πάντα
1732 5259 1890 5308 ποιεῖ’
1948 5258 1976 5309 6
2007 5255 2115 5309 τῶν
2145 5259 2327 5327 σωμά-

761 5350 866 5385 των
907 5333 1068 5403 ἐρως,
1097 5335 1124 5386 ὀ
1157 5333 1263 5386 τῶν
1290 5336 1607 5405 χρημάτων,
1633 5339 1662 5389 6
1686 5337 1782 5407 τῆς
1811 5337 1967 5410 δόξης
1985 5381 2002 5406 ,
2048 5342 2076 5392 6
2097 5341 2203 5392 τῶν
2231 5340 2325 5394 άλ-

761 5423 865 5475 λων
894 5424 1164 5478 ἀπάντων.
1196 5427 1306 5479 Kal
1353 5429 1425 5497 μή
1465 5444 1555 5498 μοι
1600 5427 1778 5500 εἴπης,
1802 5430 1882 5482 ὅτι
1909 5433 2102 5484 ἐκεῖνοι
2129 5431 2323 5503 ἠδυνή-

769 5675 778 5686 ‘
822 5613 838 5635 '
878 5613 1059 5686 Dunafo
1081 5617 1407 5678 supplendum
1447 5618 1641 5670 videtur
1679 5617 1874 5680 aliquod
1912 5617 2134 5680 verbum,
2178 5634 2222 5669 ν.
2250 5636 2323 5683 8.,

758 5691 784 5720 α
791 5689 818 5720 σ
826 5689 1044 5735 χημονειν

2407 460 2596 529 θησαν·
2624 461 2802 514 πολλοὶ
2820 461 2927 530 γάρ
2958 460 3136 531 πολλῴ
3174 457 3549 528 ἀσθενέστεροί
3577 475 3669 510 σου
3697 456 3784 510 καὶ
3809 457 3942 509 πλου-

2407 540 2766 611 σιώτεροικαὶ
2805 539 3205 612 τρυφερώτεροι
3251 541 3340 591 τὸν
3377 540 3610 610 σκληρὸν
3649 541 3842 592 ἐκεῖνον
3871 539 3944 590 καὶ

2405 625 2610 692 τραχὺν
2649 624 2964 688 ἀνεδέξαντο
2991 624 3121 693 βίον.
3159 625 3265 676 Καὶ
3291 623 3344 674 τί
3381 623 3522 690 λέγω
3553 621 3784 692 suam;
3813 621 3946 690 κόραι

2405 705 2645 758 εἰκοστὸν
2675 707 2790 767 ἔτος
2825 705 2976 758 οῦπω
3032 706 3348 774 γενόμεναι,
3405 706 3462 758 ἐν
3517 703 3776 772 θαλάμοις
3801 702 3885 753 xal
3902 703 3948 751 ἐν

2409 787 2732 856 σκιατροφίᾳ
2746 787 2838 839 τὸν
2856 787 3068 840 ἅπαντα
3080 785 3454 840 διατελέσασαι
3467 786 3678 854 χρόνον,
3693 781 3796 855 [ἐν]
3810 781 3950 834 θαλάο

2410 885 2532 938 μοις
2561 869 2748 938 μύρων
2801 869 3067 939 γέμουσαι
3120 871 3212 921 καὶ
3255 869 3636 938 θυμιαμάτων,
3667 868 3760 919 ἐπὶ
3804 881 3952 934 στρωο

2411 951 2546 1020 μνῆς
2573 950 2787 1020 άπαλῆς
2841 952 3250 1020 κατακείμεναι,
3301 950 3507 1003 ἀπαλαὶ
3559 951 3653 1001 καὶ
3684 948 3839 1002 αὑταὶ
3871 947 3953 1014 τὴν

2409 1033 2586 1098 φύσιν,
2618 1034 2711 1085 καὶ
2740 1035 2804 1103 τῇ
2835 1033 3000 1103 πολλῇ
3036 1031 3300 1102 θεραπείᾳ
3330 1030 3718 1101 μαλακώτεραι
3755 1030 3954 1098 γινόμε-

2408 1132 2516 1178 ναι,
2540 1115 2626 1167 διά
2663 1116 2759 1183 τῆς
2782 1116 2994 1186 ἡμέρας
3021 1117 3198 1185 πάσης
3233 1115 3383 1167 οὐδὲν
3411 1116 3597 1184 ἕτερον
3631 1113 3788 1183 ἔργον
3827 1111 3957 1181 ἐχου-

2411 1213 2520 1258 σαι,
2552 1196 2584 1264 ἢ
2612 1198 2670 1248 τὸ
2692 1196 3128 1260 καλλωπίζεσθαι
3153 1197 3246 1249 καὶ
3271 1198 3629 1266 χρυσοφορεῖν
3658 1194 3752 1246 xal
3769 1190 3958 1262 τρυφῆς

2410 1277 2700 1331 ἀπολαύειν
2729 1279 2950 1347 πολλῆς,
2990 1279 3111 1332 οῦδὲ
3141 1281 3358 1341 ἑαυταῖς
3389 1273 3958 1347 διακονούμεναι,άλὶά

2412 1359 2608 1421 πολλὰς
2637 1359 2855 1429 ἔχουσαι
2884 1360 2981 1422 τάς
3011 1360 3395 1429 θεραπαινίδας
3421 1351 3518 1422 τάς
3546 1356 3960 1430 παρεστηκυίαςι

2413 1440 2601 1510 ἱμάτια
2627 1442 2843 1511 ἔχουσαι
2891 1442 3109 1512 μαλακά
3167 1441 3259 1495 τοῦ
3293 1441 3543 1512 σώματος
3601 1437 3961 1509 μαλακώτερα,

2411 1522 2612 1586 λεπτάς
2643 1523 2831 1586 ὀθόνας
2859 1525 2956 1576 καὶ
2981 1523 3277 1593 τρυφεράς,
3309 1523 3366 1573 ἐν
3396 1523 3565 1593 ῥόδοις
3594 1522 3687 1575 καὶ
3729 1523 3847 1584 ταῖς
3869 1536 3965 1573 τοι⁸

2413 1605 2604 1668 αύταις
2649 1606 2896 1668 εὐωδίαις
2941 1606 3204 1678 διηνεκῶς
3263 1605 3686 1675 ἀσχολούμεναι-
3731 1597 3887 1658 αὗται
3909 1601 3965 1671 δὴ

2413 1687 2669 1754 ἐξαίφνης
2685 1688 2760 1755 τῷ
2781 1689 2915 1756 πυρὶ
2933 1687 3220 1756 ληφθεῖσαι
3249 1687 3341 1740 τοῦ
3362 1688 3618 1757 Χριστοῦ,
3647 1689 3824 1739 πᾶσαν
3845 1684 3967 1738 ἐκεί-

2415 1786 2510 1836 νην
2533 1769 2938 1845 άποδυσάμεναι
2995 1768 3094 1838 τὴν
3137 1769 3394 1837 βλακείαν
3427 1771 3521 1822 καὶ
3551 1768 3642 1820 τὸν
3668 1768 3856 1836 τῦφον,
3887 1767 3969 1819 καὶ

2414 1851 2622 1920 τρυφῆς
2674 1851 2766 1902 καὶ
2827 1849 3042 1919 ἡλικίας
3093 1851 3508 1920 ἐπιλαϐόμεναι,
3558 1850 3805 1919 καθάπερ
3841 1847 3971 1911 τινες

2416 1931 2642 2000 ἀθληταὶ
2685 1931 3017 1999 γενναῖοιτά
3052 1932 3266 2001 μαλακά
3322 1935 3504 1986 ἐκεῖνα
3559 1931 3968 1999 ἀποδυσάμεναι,

2417 2014 2495 2076 είς
2547 2014 2741 2082 μέσους
2789 2013 3048 2082 ἐνέϐησαν
3095 2015 3220 2076 τοὺς
3259 2014 3494 2079 ἀγῶνας.
3553 2015 3661 2066 Kal
3702 2013 3829 2075 ίσως
3885 2009 3972 2080 μὲν

2416 2095 2619 2148 ἀπιστα
2681 2093 2816 2156 δόξω
2868 2097 3036 2165 ἐρεῖν,
3095 2096 3250 2162 πλὴν
3286 2095 3399 2148 ἀλλ’
3429 2096 3625 2164 ἀληθῆ.
3670 2094 3884 2157 Ταύτας
3916 2092 3974 2161 δὴ

2415 2176 2511 2238 τὰς
2535 2176 2706 2237 οὕτως
2737 2178 2948 2239 ἀπαλάς
2990 2178 3156 2248 κόρας
3191 2179 3396 2247 ηκουσα
3438 2178 3569 2245 ἐγὼ,
3601 2179 3683 2231 ὅτι
3735 2179 3813 2240 εἰς
3860 2192 3975 2229 τοσ-

2417 2256 2583 2326 αύτην
2626 2256 3044 2327 σκληραγωγίαν
3089 2259 3283 2321 ἑαυτὰς
3321 2258 3547 2327 ἧγαγον,
3578 2259 3653 2320 ῶς
3686 2258 3755 2311 τά
3781 2255 3976 2327 τραχύ-

2415 2352 2546 2406 τερα
2567 2337 2678 2391 τῶν
2723 2337 2974 2408 τριχίνων
3027 2337 3341 2407 περιθέσθαι
3370 2339 3577 2391 ἑαυτῶν
3623 2341 3735 2401 τοῖς
3776 2337 3978 2408 σώμασι

2417 2419 2880 2486 γεγυμνωμένοις,
2942 2419 3036 2471 καὶ
3081 2419 3445 2488 ἀνυποδήτους
3481 2414 3747 2484 εἶναιτάς
3775 2420 3979 2483 άπαλάς

2419 2498 2652 2567 πτέρνας
2680 2499 2914 2561 ἐκείνας,
2938 2500 3032 2552 καὶ
3057 2502 3149 2552 ἐπὶ
3172 2500 3420 2563 στιϐάδος
3447 2501 3824 2554 κατακεῖσθαι·
3855 2502 3980 2571 μᾶλ-

2417 2579 2505 2631 λον
2530 2579 2586 2632 δὲ
2611 2579 2672 2631 τὸ
2692 2579 2851 2631 πλέον
2879 2581 3240 2650 ἐγρηγορέναι
3267 2581 3364 2650 τῆς
3393 2582 3604 2645 νυκτὸς.
3621 2584 3713 2636 καὶ
3735 2581 3860 2635 οὔτε
3890 2581 3981 2651 μύο

2421 2676 2536 2728 ρου,
2566 2659 2690 2711 οὗτε
2738 2661 2898 2713 ἀλλου
2921 2662 3066 2725 τινὸς
3101 2664 3209 2714 τῶν
3244 2663 3487 2716 παλαιῶν
3513 2664 3767 2734 πρόνοιαν
3817 2665 3982 2716 ποιεῖ-

2421 2739 2723 2803 «summ
2748 2743 2842 2793 καὶ
2893 2742 2992 2810 τὴν
3048 2742 3192 2795 οὕτω
3240 2743 3684 2814 θεραπευομένην
3745 2744 3983 2813 κεφαλὴν

2417 2821 2754 2892 ἀτημέλητον
2781 2821 2946 2891 ἔχειν,
2981 2823 3165 2887 ἁπλῶς
3209 2826 3303 2877 καὶ
3333 2825 3455 2895 είκῆ
3502 2827 3600 2889 τὰς
3622 2827 3812 2897 τρίχας
3841 2827 3984 2880 ἐνδε-

2417 2903 2669 2972 δεμένην,
2699 2903 2838 2956 ὥστε
2883 2904 2958 2974 μὴ
3003 2908 3080 2967 είς
3111 2907 3495 2975 ἀσχημοσύνην
3538 2911 3816 2976 ἐμπεσεῖν.
3848 2908 3988 2979 Τρά-

2419 2983 2561 3048 πεζα
2595 2985 2652 3036 δέ
2679 2986 2869 3048 αὑταῖς
2907 2988 3055 3038 ἐστιν
3085 2988 3343 3057 ὲσπερινὴ
3407 2989 3564 3058 μόνη,
3597 2990 3844 3059 τράπεζα
3871 2991 3985 3043 οὐδὲ

2419 3065 2649 3135 λαχάνου
2666 3066 2784 3118 οὐδὲ
2813 3068 2998 3137 ἄρτου,
3027 3067 3163 3121 ἀλλὰ
3186 3069 3481 3138 σεμίδαλις
3512 3071 3605 3124 καὶ
3634 3071 3843 3142 κύαμος
3900 3073 3988 3126 καὶ

2420 3146 2714 3218 ἐρέϐινθος,
2770 3150 2864 3201 καὶ
2899 3149 3055 3202 ἐλαία
3083 3150 3204 3229 ’καὶ
3253 3150 3427 3204 σῦκα·
3484 3153 3579 3205 καὶ
3601 3153 3989 3225 ταλασιουργίι

2420 3233 2670 3312 διηνεκὴς
2695 3234 2787 3285 καὶ
2817 3234 2926 3286 τῶν
2951 3236 3090 3287 οἴκοι
3120 3234 3509 3304 θεραπαινίδιον
3539 3237 3674 3308 ἔργα
3701 3239 3878 3310 πολλῷ
3893 3259 3991 3312 χαι

2421 3302 2720 3383 λεπῶτερα.
2753 3315 2818 3366 Τί
2863 3315 2969 3385 γάρ
2993 3333 3008 3380 ;
3036 3315 3134 3378 τὰς
3181 3302 3496 3384 καμνούσας
3538 3302 3793 3390 τδσῶμα
3823 3302 3988 3394 θερα-

2422 3397 2606 3448 πεύειν
2627 3397 2960 3462 ἀνεδέξαντο,
2977 3400 3071 3460 τὰς
3087 3398 3270 3460 κλίνας
3285 3398 3672 3468 βαστάζουσαι,
3685 3405 3810 3466 τοὺς
3828 3405 3992 3468 πόδας

2422 3476 2729 3529 νίπτουσαιο
2756 3478 2946 3530 πολλαὶ
2995 3478 3051 3530 δὲ
3096 3481 3278 3533 αὐτῶν
3321 3483 3416 3534 καὶ
3459 3483 3866 3554 μαγειρεύουσι.
3895 3487 3996 3540 Το-

2425 3558 2594 3610 σαῦτα
2618 3559 2834 3612 δύναται
2865 3559 2958 3612 τοῦ
2992 3561 3226 3631 Χριστοῦ
3247 3563 3309 3615 τὸ
3335 3562 3464 3634 πῦρ’
3489 3563 3631 3616 οὕτω
3659 3565 3752 3618 καὶ
3781 3566 3994 3635 φύσεως

2422 3639 2690 3710 ἀνώτερον
2720 3643 2750 3708 ἡ
2787 3642 3086 3711 προθυμία.
3137 3644 3281 3714 Πλὴν
3315 3645 3428 3698 ἀλλ’
3454 3645 3604 3698 οὐδὲν
3622 3647 3859 3701 τοιοῦτον
3883 3650 3994 3717 ἐγὼ

2423 3723 2563 3790 ὑμᾶς
2585 3722 2822 3788 ἀπαιτῶ,
2852 3724 3037 3794 ἐπειδὴ
3068 3723 3322 3793 βούλεσθε
3353 3727 3785 3798 παρελαύνεσθαι
3840 3735 3993 3802 παρά

2422 3820 2714 3870 γυναικῶν.

2493 3883 2606 3953 [101
2623 3883 2638 3954 j
2655 3884 2720 3938 δ’.
2740 3884 2857 3937 Κάν
2885 3884 3014 3952 γοῦν
3029 3887 3130 3940 ὅσα
3146 3891 3220 3964 μὴ
3245 3889 3497 3962 φορτικὰ,
3509 3891 3680 3946 ταῦτα
3701 3894 3996 3962 πράττετε,

2423 3966 2602 4035 χειρὸς
2633 3969 2880 4033 κρατεῖτε
2907 3967 3000 4020 καὶ
3031 3970 3346 4024 ἀκολάστων
3371 3972 3767 4042 όφθαλμῶν..Τί
3794 3973 3992 4029 δύσκο-

2423 4047 2532 4111 λον,
2558 4049 2676 4099 εἰπέ
2709 4065 2820 4116 μοι,
2845 4049 2898 4100 τί
2917 4050 3206 4120 δυσχερές;
3237 4054 3428 4107 Δίκαια
3451 4055 3737 4125 πράττετε,
3789 4058 3996 4128 μηδένα

2423 4128 2680 4191 ἀδικεῖτε,
2717 4128 2850 4198 μήτε
2881 4131 2909 4182 6
2931 4131 3119 4200 πένης,
3155 4134 3288 4205 μήτε
3315 4135 3343 4186 6
3369 4135 3640 4200 πλούσιος,
3663 4139 3798 4208 μήτε
3816 4141 3845 4190 6
3864 4141 3994 4208 ἀγο-

2427 4213 2595 4280 ραῖος,
2626 4213 2762 4281 μήτε
2789 4215 2816 4263 6
2851 4213 3136 4282 μισθωτός·
3157 4216 3270 4268 ἐστι
3291 4217 3398 4289 γὰρ
3431 4219 3525 4272 καὶ
3553 4221 3715 4290 μέχρι
3742 4223 3997 4292 πενήτων

2422 4293 2634 4376 ἀδικίαν
2670 4293 2913 4346 διελθάν.
2951 4296 3018 4347 Ἢ
3065 4297 3164 4365 ούχ
3189 4297 3353 4367 ὁρᾶτε
3404 4300 3576 4362 πόσας
3637 4294 3782 4355 οὗτοι
3815 4306 3999 4376 μάχας

2423 4373 2657 4457 ποιοῦσι,
2710 4376 2802 4427 καὶ
2855 4378 3032 4430 πάντα
3063 4379 3468 4450 ἀνατρέπουσι;
3527 4382 3777 4454 Κέχρησο
3805 4373 3998 4457 γάιξιίῳ.

2423 4455 2512 4526 ἔχε
2539 4455 2749 4519 παῖδαςο
2775 4458 2869 4509 καὶ
2901 4457 3109 4521 Παῦλος
3131 4461 3390 4526 τοιούτοις
3411 4464 3696 4528 ἐπέταττε,
3735 4455 4001 4531 τοιούτοις

2425 4541 2652 4612 ἔγραφε.
2681 4541 2866 4609 Μέγας
2889 4543 3094 4605 ἐκεῖνος
3125 4543 3153 4592 6
3177 4544 3348 4610 ἀγὼν,
3383 4545 3478 4599 καὶ
3503 4546 3703 4616 ὑψηλὸς
3733 4551 3762 4602 6
3792 4550 3999 4604 σκόπεο

2424 4622 2536 4684 λος,
2565 4623 2658 4674 καὶ
2686 4623 2852 4689 ἐγγὺς
2872 4622 2964 4675 τοῦ
2998 4624 3227 4693 ούρανοῦ
3250 4628 3284 4696 ή
3308 4628 3542 4698 κορυφὴ,
3565 4630 3662 4682 καὶ
3681 4631 3743 4683 οὗ
3765 4629 4001 4685 δύνασαι

2427 4704 2628 4772 φθάσαι
2650 4705 2784 4774 πρὸς
2821 4705 2881 4758 τὸ
2919 4707 3088 4774 μέγα;
3148 4707 3354 4760 Οὐκοῦν
3409 4707 3511 4762 κάν
3538 4709 3646 4762 τῶν
3699 4711 4004 4766 ἐλαττόνων

2425 4788 2570 4856 ἔχου.
2601 4790 2694 4839 καὶ
2726 4786 2832 4839 τῶν
2871 4790 3194 4860 κατωτέρων
3225 4790 3428 4858 ἐφίεσο.
3458 4793 3534 4846 υύ
3564 4792 3788 4848 δύνασαι
3821 4797 4002 4849 κενῶ-

2427 4885 2515 4921 σαι
2546 4867 2612 4920 τά
2633 4871 2920 4938 χρήματας
2959 4869 3060 4923 κᾶν
3079 4870 3149 4923 τὰ
3167 4869 3275 4923 τῶν
3303 4871 3478 4928 άλλων
3503 4874 3577 4946 μὴ
3607 4874 3839 4946 ἅρπαζε,
3862 4879 4004 4949 μηδὲ

2425 4950 2618 5003 ἀδίκει.
2654 4951 2728 5002 υύ
2757 4951 2984 5006 δύνασαι
3037 4951 3362 5021 morsicat;
3393 4955 3496 5008 κᾶν
3540 4956 3615 5026 μὴ
3649 4959 3728 5020 είς
3782 4962 4003 5031 τρυφὴν

2427 5033 2650 5084 σεαυτὸν
2685 5031 2982 5102 ἐξαγάγῃς,
3003 5035 3078 5087 Ού
3101 5033 3326 5090 δύνασαι
3346 5036 3438 5089 ἐπὶ
3468 5037 3713 5101 στιϐάδος
3736 5042 4004 5095 κατακλι-

2427 5114 2612 5182 θῆναι;
2649 5117 2722 5186 μή
2753 5133 2842 5185 μοι
2888 5116 3075 5180 κλίνας
3112 5119 3537 5190 ἀργυρενδέτους
3595 5123 4002 5191 κατασκεύαζε,

2428 5197 2561 5250 ἀλλὰ
2584 5198 2820 5268 κέχρησο
2846 5199 3002 5270 κλίνῃ
3030 5201 3124 5252 καὶ
3155 5200 3436 5271 στρώμασι
3470 5204 3546 5273 μὴ
3582 5206 3716 5274 πρὸς
3735 5205 4006 5274 ἐπίδειξιν

2429 5289 2834 5357 πεποιημένοις.
2867 5290 3001 5344 ἀλλά
3035 5291 3172 5360 πρδις
3203 5292 3525 5355 ἀνάπαυσιν,
3563 5295 3695 5366 μηδὲ
3716 5295 4006 5364 ἐλεφαντί-

2428 5386 2521 5450 νας
2546 5370 2729 5433 κλίνας
2753 5371 2800 5409 δ’
2821 5372 3096 5425 σύστειλον
3127 5375 3339 5429 σαυτὸν.
3376 5375 3442 5428 Τί
3463 5378 3673 5447 μυρίων
3697 5379 4004 5450 ἀγωγίμων

2427 5449 2652 5520 πληροῖς
2685 5451 2784 5521 τὴν
2805 5452 3035 5519 ὁλκάδας
3073 5456 3168 5508 Ἂν
3193 5451 3258 5529 ᾗς
3289 5456 3574 5527 εὐσταλὴς,
3607 5459 3757 5513 οὐδὲν
3772 5449 4001 5528 δείσεὶς,

2423 5532 2484 5582 οὐ
2512 5532 2726 5599 φθόνον,
2751 5534 2810 5586 ού
2844 5533 3178 5607 λῃστάς,ούκ
3207 5536 3541 5602 ἐπιϐούλους.
3571 5539 3706 5593 Οὐδὲ
3732 5540 3841 5613 γάρ
3857 5537 4013 5594 οὕτω

2489 5685 2516 5725 ιι
2542 5685 2690 5749 Marg.
2719 5687 2888 5749 Suvil.,
2909 5691 3219 5749 ἐλεφαντίναις
3244 5694 3436 5750 κλίναις.
