4096 6310
120 413 174 465 97
984 412 1048 467 ΙΝ
1089 411 1300 468 EPIST.
1343 409 1431 464 AD
1471 405 1714 463 EPIIES.
1753 407 1909 464 CAP.
1954 411 2035 465 IV.
2081 412 2305 469 llO.\lll..
2352 416 2487 471 Xlll.
3309 424 3379 480 98

173 534 222 587 ὃ.
259 530 468 586 Nostrze
493 544 623 602 ergo
646 538 769 585 sunt
794 537 969 599 partes
997 542 1063 582 ne
1083 542 1341 582 exuamur
1363 522 1680 579 vestimento

112 623 330 691 iustitia},
362 620 508 689 quod
542 619 797 690 propheta
823 629 976 671 vocat
1007 617 1383 672 vestimentum
1428 611 1681 667 salutaris

119 712 272 779 (P801.
300 712 421 767 151.
454 709 569 781 16).
625 720 680 762 ιιι
726 710 836 763 Deo
880 707 1048 762 simus
1101 705 1347 760 similes:
1381 705 1495 773 ipse
1538 702 1681 755 enim

121 800 312 855 indutus
339 811 421 859 est
448 801 729 870 justitiam.
760 799 871 854 Iloc
903 797 1222 852 veStitnento
1262 794 1564 849 induantur.
1596 791 1683 845 In-

120 893 196 946 dni
227 902 397 946 autem
432 891 566 945 nihil
594 890 736 946 aliud
766 890 1050 959 significnt,
1084 904 1242 957 quam
1274 902 1563 956 numquam
1591 887 1686 939 de-

122 998 319 1050 prmere.
351 981 490 1035 Audi
516 982 659 1035 enim
690 981 1002 1050 prophetam
1034 980 1321 1042 dicentem,
1358 977 1537 1030 Induit
1575 993 1683 1028 me-

121 1074 412 1127 fedictioncm
438 1074 569 1126 sicut
592 1073 960 1133 uestimentum,
992 1081 1041 1123 et
1066 1074 1224 1125 veniet
1264 1071 1348 1133 ei;
1391 1079 1443 1122 et
1474 1084 1677 1131 rursus,

124 1164 214 1229 Qui
236 1164 468 1216 induitur
504 1162 697 1216 lumine
743 1174 999 1231 tannquam
1027 1161 1317 1214 vestimento
1353 1158 1527 1229 (Psal.
1556 1157 1677 1211 108.

123 1252 198 1307 l8.
239 1262 280 1306 et
308 1253 428 1308 103.
462 1252 540 1323 2).
583 1253 648 1307 Et
684 1266 874 1306 rursus
915 1252 1069 1305 nobis
1114 1265 1230 1304 mos
1267 1258 1350 1304 est
1390 1249 1570 1303 dicere
1613 1248 1681 1301 de

123 1343 424 1403 luminibus,
473 1342 571 1396 Hic
616 1342 762 1395 illum
810 1341 999 1417 induit.
1034 1339 1158 1394 Vult
1204 1341 1382 1409 itaque
1427 1353 1525 1392 nos
1573 1352 1679 1390 non

124 1447 267 1484 ιιιιιιιιι
305 1447 399 1486 nec
437 1431 595 1496 duos,
628 1446 726 1485 nec
763 1440 871 1486 tres
899 1430 1038 1493 dies,
1066 1431 1158 1484 sed
1191 1437 1447 1497 perpetuo
1472 1441 1595 1481 esse
1625 1427 1677 1478 in

121 1521 315 1586 virtute,
343 1530 397 1575 et
428 1522 566 1576 hanc
588 1531 788 1575 vestem
817 1535 1107 1589 numquam
1134 1534 1354 1575 exuere.
1396 1519 1677 1574 Hominem

119 1613 245 1664 enim
276 1628 375 1666 non
402 1612 536 1666 adeo
564 1611 788 1665 dedecet
828 1626 949 1665 esse
995 1609 1193 1664 nudum
1238 1624 1487 1679 corpore,
1519 1618 1679 1677 atque

119 1704 299 1759 nudum
327 1705 517 1759 virtute
543 1722 555 1757 :
588 1705 673 1759 bic
698 1704 943 1759 conservi
980 1719 1102 1758 eum
1130 1703 1394 1773 aspiciunt
1425 1704 1678 1757 indecore

116 1808 170 1846 se
191 1804 473 1862 gerentem,
506 1796 615 1850 illic
652 1805 828 1849 autem
860 1795 1117 1849 Dominus
1155 1805 1208 1851 et
1236 1796 1432 1867 angeli.
1464 1795 1519 1850 Si
1549 1810 1678 1864 ergo

116 1885 296 1938 videris
322 1886 620 1954 quempiam
651 1886 850 1940 nudum
883 1901 978 1955 per
1006 1887 1176 1940 forum
1218 1886 1672 1955 progredientem,

113 1978 362 2045 dic.rogo,
410 1993 516 2031 non
560 1993 703 2047 mgre
734 1978 884 2031 fers?
913 1977 1139 2042 Quando
1184 1987 1360 2030 autem
1408 1987 1461 2030 tu
1501 1978 1676 2029 curris

114 2066 204 2120 hac
244 2078 386 2121 veste
438 2068 688 2131 nudatus,
738 2068 864 2138 quid
909 2068 1184 2123 dicemus?
1221 2067 1337 2122 Non
1384 2067 1533 2121 vides
1578 2069 1687 2124 hos,

114 2158 388 2219 mendicos,
412 2173 548 2227 quos
569 2160 804 2213 solemus
826 2174 1018 2213 vocare
1041 2159 1266 2227 Lotagas
1282 2160 1380 2229 (α),
1406 2160 1675 2227 quomodo

113 2247 439 2313 circumeant,
471 2250 741 2319 quomodo
765 2251 924 2303 etiam
947 2265 1131 2303 eorum
1162 2249 1672 2303 misereamnr?Sed

115 2350 272 2395 tamen
314 2344 391 2397 eis
440 2358 545 2397 non
593 2343 753 2397 datur
803 2344 907 2397 ulla
958 2344 1155 2398 venia:
1190 2359 1361 2414 neque
1407 2345 1548 2399 enim
1595 2346 1674 2399 eis

115 2431 437 2499 ignoscimus,
466 2433 681 2503 quando
711 2434 841 2489 aleis
886 2435 1131 2507 ludentes
1167 2450 1290 2489 suas
1319 2435 1548 2504 perdunt
1586 2452 1676 2488 ve-

112 2529 227 2575 stes.
267 2522 543 2588 Quomodo
586 2540 716 2593 ergo
761 2524 916 2579 nobis
958 2526 1195 2594 ignoscet
1237 2527 1394 2591 Deus,
1450 2526 1541 2595 qui
1572 2520 1673 2580 hoc

114 2613 465 2667 \estimentum
498 2608 929 2682 perdiderimus?
972 2615 1198 2681 Quando
1247 2618 1387 2670 enim
1428 2617 1672 2673 diabolus

112 2705 390 2771 quempiam
416 2704 614 2759 viderit
644 2705 842 2759 nudum
872 2707 1086 2769 virtute,
1126 2707 1305 2759 statim
1332 2706 1517 2761 faciem
1548 2706 1669 2760 fuli-

111 2790 220 2855 g‘me
245 2791 395 2846 illinit
420 2795 760 2863 maculatque
780 2800 834 2849 et
859 2795 1129 2859 obscurat,
1163 2798 1488 2865 sauciatque,
1523 2807 1573 2851 et
1604 2797 1669 2850 ad

113 2895 279 2949 magna
317 2884 474 2951 cogit.
526 2884 705 2938 Simus
749 2884 876 2939 nudi
923 2886 1182 2953 pecuniis,
1234 2902 1299 2941 ne
1340 2887 1602 2940 nudemur
1640 2903 1669 2939 a

108 2970 289 3037 iustitia
320 2976 700 3042 :peeuniaruai
748 2978 975 3030 amictus
1024 2979 1162 3031 bane
1200 2978 1373 3046 perdit
1416 2990 1617 3032 vesuem
1655 2997 1667 3031 :

111 3072 183 3115 (σει
204 3064 417 3116 amictus
446 3065 742 3133 spinarum.
773 3065 931 3120 Tales
959 3076 1081 3119 sunt
1110 3067 1299 3135 spinae,
1333 3077 1387 3119 et
1413 3083 1519 3135 quo
1548 3069 1666 3135 plu-

109 3166 186 3204 res
208 3152 546 3221 induerimu<,
590 3170 656 3207 eo
686 3157 853 3225 magis
879 3157 1159 3210 nudamur.
1193 3156 1519 3225 impudicitia
1567 3175 1666 3211 nn-

110 3241 188 3292 ilat
214 3241 305 3296 hac
334 3255 511 3309 veste;
541 3254 624 3297 est
652 3246 795 3299 enim
825 3246 958 3315 ignis
988 3264 1000 3299 :
1034 3248 1169 3316 ignis
1194 3259 1370 3301 autem
1402 3252 1669 3303 consumit

113 3334 233 3385 hanc
254 3344 467 3388 vestem.
502 3335 707 3390 Divitia:
737 3348 860 3390 sunt
886 3338 1025 3391 tinea
1059 3357 1070 3392 :
1103 3341 1239 3392 sicut
1268 3342 1404 3393 tinea
1431 3343 1668 3395 ροισι-θύη

109 3424 268 3477 oumia
294 3440 387 3480 nec
408 3428 596 3480 sericis
626 3429 821 3494 parcit;
867 3428 934 3481 ita
965 3428 1078 3481 haec
1106 3445 1335 3499 quoque.
1371 3430 1495 3485 Ilaec
1524 3448 1652 3501 ergo

109 3516 268 3566 omnia
286 3516 637 3584 deponanms,
661 3526 718 3571 ut
738 3518 1071 3586 simusjusti,
1094 3529 1149 3573 ut
1176 3536 1368 3574 novum
1395 3521 1663 3576 hominem

109 3602 385 3658 iuduamur.
445 3605 587 3659 Nihil
643 3615 815 3673 vetus,
870 3609 998 3662 nihil
1042 3611 1181 3679 quod
1233 3623 1475 3680 apparot,
1532 3616 1665 3668 nihil

106 3696 230 3761 quod
250 3699 604 3768 corrumpitur
627 3710 682 3753 et
712 3700 911 3765 interit,
943 3704 1330 3770 possideamus.
1358 3705 1537 3759 Virtus
1558 3724 1663 3761 non

107 3795 178 3836 est
203 3787 477 3854 laboriosa,
527 3806 633 3861 non
678 3800 763 3846 est
795 3792 1010 3847 difﬁcile
1052 3802 1108 3847 ut
1147 3811 1212 3849 ex
1254 3812 1315 3850 ea
1361 3808 1521 3853 recta:
1558 3801 1666 3853 sint

107 3875 337 3933 actiones.

171 3967 241 4019 De
278 3968 542 4023 Monachis
583 3980 628 4024 et
669 3972 733 4025 de
783 3973 1070 4043 Virginibus
1130 3974 1330 4030 Christo
1366 3978 1564 4032 dicatis.
1592 4009 1663 4018 —

107 4053 209 4110 Non
238 4059 375 4114 vides
414 4075 511 4115 eos
542 4061 630 4130 qui
658 4071 782 4117 sunt
826 4064 875 4116 in
924 4066 1232 4120 montibus?
1279 4066 1351 4119 illi
1393 4080 1444 4120 et
1473 4067 1663 4122 domos

109 4144 357 4202 dimittunt
382 4160 439 4205 et
482 4167 675 4207 umres
705 4161 760 4206 et
800 4153 999 4208 liberos
1029 4164 1082 4209 et
1126 4172 1341 4211 omnem
1376 4159 1660 4227 praefectu-

109 4252 208 4292 ram
229 4250 276 4294 et
300 4241 837 4310 administrationem,
862 4250 926 4301 'et
957 4257 1105 4301 extra
1133 4250 1387 4304 mundum
1422 4253 1517 4321 ipsi
1546 4268 1573 4303 a
1602 4268 1661 4307 se

109 4329 266 4393 positi,
294 4348 448 4388 sacco
479 4335 671 4402 induti,
697 4338 969 4393 substrata
994 4341 1195 4407 cinere,
1225 4331 1659 4413 collo‘suspensis

106 4422 286 4488 asperis
325 4426 635 4491 collaribus,
682 4444 803 4483 cum
854 4431 906 4485 in
958 4448 1147 4501 parvas
1194 4450 1252 4488 se
1294 4437 1659 4494 concluserint

107 4508 445 4583 domunculas,
476 4533 544 4571 ne
564 4518 628 4572 ad
655 4519 766 4574 haec
791 4521 1006 4589 quidem
1032 4540 1200 4593 usque
1220 4528 1538 4593 ουιιδὶμιιιιιι,
1562 4530 1654 4583 sed

108 4607 155 4651 et
174 4600 374 4668 jejuniis
394 4617 448 4659 et
476 4607 616 4662 fame
647 4620 901 4678 perpetua
928 4628 989 4667 se
1014 4613 1276 4685 afﬂigunt.
1303 4620 1459 4686 Atqui
1483 4619 1527 4672 si
1556 4636 1656 4690 ego

104 4694 288 4757 quidem
330 4699 442 4754 hac
472 4700 743 4768 juberent,
791 4719 895 4759 non
941 4720 1128 4760 omnes
1184 4709 1503 4764 resiliretis?
1547 4729 1651 4767 non

102 4781 323 4840 diceretis
365 4804 477 4842 rem
518 4804 641 4845 esse
676 4807 891 4859 gravem
929 4804 983 4849 et
1021 4796 1336 4853 difficilem?
1380 4799 1518 4854 Nihil
1548 4803 1652 4856 tale

102 4874 204 4928 dieo
233 4894 317 4933 vos
338 4892 589 4946 oportere
614 4883 791 4939 facere
821 4903 835 4937 :
865 4902 989 4941 nam
1010 4890 1128 4942 velo
1150 4890 1386 4959 quidem,
1417 4893 1511 4946 sed
1545 4908 1648 4947 non

102 4965 397 5039 ferolcgem.
429 4973 567 5039 Quid
608 4978 782 5045 ergo?
814 4977 974 5033 Utere
1002 4980 1227 5040 balneis.
1271 4994 1324 5035 et
1369 4998 1492 5036 cura
1524 4998 1647 5038 coro

102 5067 203 5120 pus,
230 5069 281 5113 et
307 5061 431 5116 vade
459 5062 525 5116 ad
556 5062 757 5130 forum,
787 5076 840 5121 et
878 5067 1015 5123 habe
1042 5070 1281 5133 domum,
1309 5082 1364 5127 et
1392 5074 1485 5126 tibi
1525 5090 1645 5129 ser-

100 5146 222 5201 viant
244 5152 487 5219 ministri,
514 5164 569 5210 et
588 5157 711 5215 cibo
733 5169 965 5229 potaque
988 5170 1137 5216 utere
1162 5180 1175 5216 :
1207 5166 1412 5233 expelle
1434 5182 1648 5237 semper

100 5241 353 5297 avaritiam
386 5254 440 5300 et
482 5247 849 5315 cupiditatem.
905 5251 997 5306 Illa
1047 5255 1189 5308 enim
1235 5267 1320 5311 est
1358 5274 1477 5328 quae
1520 5260 1647 5316 facit

102 5341 366 5401 peccatum,
388 5346 441 5389 et
465 5336 653 5392 eadem
676 5356 784 5407 res,
814 5342 933 5411 plus
951 5360 1108 5413 quam
1131 5362 1227 5415 par
1251 5349 1320 5402 sit
1343 5349 1641 5418 abundans,

100 5415 211 5473 facta
234 5433 312 5477 est
334 5438 632 5495 peccatum.
659 5428 775 5485 Non
792 5442 875 5488 est
903 5431 1081 5505 itaque
1110 5453 1262 5492 amor
1286 5441 1436 5510 plura
1467 5415 1645 5510 possi-i

146 5555 208 5644 ςρ
224 5560 645 5644 ἕξι-
667 5560 1071 5644 verbisarguitur
1095 5581 1294 5644 Lotagas
1313 5574 1421 5624 illos
1441 5575 1644 5644 circula-

99 5626 206 5696 tores
224 5622 386 5696 fuisse,
407 5622 489 5690 qui
501 5631 776 5696 spectaculi
795 5642 853 5696 et
864 5622 1002 5695 stipis
1024 5622 1259 5696 cogenda:
1439 5622 1643 5686 circum-

100 5693 260 5756 ggthuc
279 5686 634 5756 discurrebant.
662 5690 750 5741 Alii
770 5686 999 5756 tibicines
1019 5686 1171 5746 fuisse
1186 5697 1361 5746 dicunt
1396 5711 1424 5747 a
1444 5711 1557 5756 λωτὸς
1582 5698 1643 5748 ti-

100 5741 339 5821 ?{Iu’quam
364 5752 509 5800 etiam
534 5741 625 5813 per
647 5778 667 5802 ο
689 5741 933 5821 scripsere
957 5741 1641 5821 quemgilg'i'qﬁaﬁiiiéi-

102 5808 271 5861 Pretatio
290 5823 382 5859 non
406 5808 593 5876 pugnat
615 5827 725 5865 cum
753 5808 840 5865 ista
866 5808 1203 5879 Cbrfsostomi.

1788 520 1946 577 demli
1992 525 2132 579 aliud
2179 543 2338 597 quam
2384 540 2680 598 peceatum.
2732 530 2864 586 Vide
2913 544 3130 589 autem:
3163 535 3376 592 animus

1789 625 1909 665 eum
1933 614 2051 683 plus
2076 632 2235 686 quam
2267 634 2360 687 par
2379 620 2448 673 sit
2469 619 2630 675 fuerit
2659 622 2928 689 incitatus,
2957 634 3082 680 tunc
3109 629 3373 683 exsiliens

1792 705 2085 761 maledictis
2130 710 2363 778 impetit,
2411 722 2535 766 tunc
2578 712 2770 782 injuste
2803 714 2928 769 facit
2970 719 3190 774 omnia:
3222 736 3375 775 amor

1792 793 1971 849 itidem
2022 811 2349 867 corporum,
2414 803 2695 871 pecunizn,
2747 804 2967 874 glorizc,
3035 817 3088 862 et
3142 811 3372 867 aliorum

1791 876 2048 942 omnium.
2079 889 2187 945 Nec
2214 891 2339 944 mihi
2368 892 2568 947 dixeris
2604 894 2721 955 illos
2748 897 2985 963 potuisse
3010 916 3022 951 :
3052 901 3199 954 multi
3228 904 3371 955 enim

1793 986 1842 1030 te
1875 979 2038 1032 multo
2067 981 2444 1038 imbecilliores
2470 995 2522 1039 et
2554 984 2774 1040 ditiores
2802 986 2857 1041 c’t
2881 988 3220 1045 delicatiores
3250 1008 3370 1047 sus-

1788 1080 2044 1136 ceperunt
2088 1073 2231 1127 illam
2274 1076 2460 1129 duram
2504 1086 2557 1131 et
2598 1093 2846 1147 asperam
2894 1082 3074 1136 vitam.
3128 1083 3193 1140 Et
3240 1087 3371 1155 quid

1789 1160 1910 1213 dico
1937 1161 2123 1216 viros?
2152 1166 2341 1233 puellae
2381 1168 2617 1222 nondum
2650 1169 2831 1238 viginti
2860 1185 3031 1225 annos
3060 1182 3218 1239 natae,
3250 1191 3369 1245 qua:

1790 1248 1840 1301 in
1872 1249 2119 1305 thalamis
2145 1262 2199 1307 et
2232 1256 2281 1308 in
2309 1256 2414 1309 vita
2442 1258 2710 1312 umbratili
2742 1269 2909 1313 totum
2943 1269 3155 1330 tempus
3188 1272 3368 1319 trans-

1787 1351 2023 1407 egerant,
2076 1351 2129 1396 et
2154 1342 2400 1410 jacebant
2448 1346 2498 1397 in
2546 1346 2794 1402 thalamis
2838 1348 3050 1405 refertis
3088 1358 3372 1424 unguenti;

1786 1437 1841 1482 et
1866 1428 2134 1484 suffitihus
2159 1440 2211 1485 et
2240 1433 2290 1486 in
2321 1435 2466 1487 molli
2487 1431 2670 1499 cubili,
2704 1438 2835 1505 ipsze
2856 1448 2909 1492 et
2941 1450 3127 1495 natura
3160 1444 3369 1507 molles,

1786 1527 1839 1571 et
1870 1520 2029 1572 multa
2060 1522 2341 1576 curatione
2369 1524 2573 1579 effecta:
2605 1526 2900 1591 molliores,
2927 1530 3120 1598 quibus
3149 1542 3261 1587 toto
3283 1534 3370 1591 die

1786 1612 1986 1665 nullum
2015 1613 2157 1668 aliud
2188 1626 2301 1670 erat
2332 1631 2467 1686 Opus
2495 1633 2652 1685 quam
2699 1630 2755 1675 ut
2782 1610 3126 1690 ornarentur,
3174 1636 3231 1684 et
3272 1645 3368 1683 au-

1786 1719 1902 1756 rum
1950 1715 2239 1773 gestarent,
2279 1719 2331 1761 et
2372 1710 2623 1764 omnibus
2652 1712 2961 1768 fruerentur
2984 1716 3221 1785 deliciis;
3251 1714 3371 1790 quae

1785 1808 1890 1847 non
1924 1796 2051 1864 ipsa:
2078 1797 2177 1851 sibi
2209 1799 2606 1865 ministrabant,
2638 1803 2730 1856 sed
2762 1808 2958 1860 multas
2985 1807 3251 1865 habebant
3272 1830 3369 1866 an—

1784 1883 1933 1937 cillas
1962 1901 2080 1954 qua:
2100 1888 2444 1954 assistebant,
2472 1900 2526 1943 et
2547 1892 2736 1945 molles
2759 1893 3028 1950 habebant
3056 1908 3230 1955 vestes
3252 1902 3369 1971 ipso

1782 1988 2009 2042 corpore
2035 1977 2330 2042 molliores,
2357 1990 2541 2047 utpote
2563 1980 2732 2035 lineas
2752 1984 2976 2038 subtiles
3007 1996 3059 2041 et
3082 1988 3366 2051 delicatas.

1780 2074 1835 2115 et
1873 2064 2086 2119 assidue
2131 2068 2357 2137 agebant
2402 2069 2454 2123 in
2496 2071 2632 2124 rosis
2685 2083 2739 2125 et
2771 2075 3077 2143 hujusmodi
3112 2082 3367 2137 suavibus

1785 2152 2039 2208 odoribus
2067 2173 2079 2208 :
2116 2156 2228 2225 ipse
2259 2174 2385 2213 vero
2408 2171 2627 2228 repente
2655 2177 2683 2215 a
2711 2162 2907 2218 Christi
2933 2167 3053 2235 igne
3077 2183 3364 2242 correptae,

1780 2259 1899 2298 cum
1945 2261 2157 2301 omnem
2204 2247 2348 2301 illam
2398 2250 2678 2306 exuissent
2726 2254 3005 2310 mollitiem
3054 2269 3107 2311 et
3147 2260 3364 2323 fastum.

1781 2333 2113 2410 educationis
2156 2346 2212 2392 et
2251 2339 2424 2394 aetatis
2464 2341 2667 2409 oblitae,
2700 2352 2968 2413 nunquam
3011 2350 3215 2404 strenui
3244 2354 3363 2421 qni-

1779 2426 1900 2480 dam
1928 2428 2164 2495 athletae,
2191 2431 2573 2498 mollibusillis
2594 2444 2787 2499 exutas,
2821 2437 2871 2489 in
2907 2438 3077 2492 media
3110 2441 3366 2511 ingressm

1779 2528 1902 2571 sunt
1931 2522 2245 2575 certamina.
2281 2521 2348 2575 Et
2373 2522 2596 2577 videbor
2622 2526 2835 2593 quidem
2862 2528 3041 2583 dicere
3071 2531 3329 2588 incredibi
3349 2566 3362 2576 -

1780 2606 1869 2671 lia,
1895 2609 1987 2661 sed
2024 2618 2197 2664 tamen
2223 2627 2367 2666 vera.
2399 2600 2505 2667 Has
2534 2615 2746 2683 quidem
2778 2617 2914 2671 adeo
2945 2620 3136 2675 molles
3165 2625 3368 2690 puellas

1778 2698 1953 2751 audivi
1981 2714 2039 2752 se
2065 2702 2130 2753 ad
2162 2712 2360 2756 tantam
2390 2704 2662 2773 redegisse
2688 2708 2812 2759 vilic
2841 2706 3093 2764 duritiem
3120 2721 3174 2766 et
3202 2727 3363 2782 aSpe-

1779 2787 2009 2854 ritatem,
2040 2800 2098 2842 ut
2145 2794 2458 2859 asperrimis
2487 2795 2675 2849 ciliciis
2703 2796 2845 2850 nuda
2887 2814 2983 2852 sua
3013 2815 3236 2870 corpora
3282 2806 3357 2857 in-

1776 2876 2023 2942 duerent,
2065 2891 2116 2932 et
2150 2882 2339 2935 molles
2391 2884 2461 2935 illi
2504 2884 2739 2939 calcanei
2770 2887 2929 2939 ttttllis
2956 2890 3154 2959 alligati
3184 2906 3364 2948 essent

1776 2968 1988 3032 calceis,
2038 2981 2089 3023 et
2130 2972 2181 3023 in
2233 2974 2361 3027 toris
2409 2975 2671 3029 eubarent
2715 2979 3005 3045 gramineis
3040 2999 3053 3034 :
3087 2983 3193 3036 imo
3235 3001 3364 3039 vero

1777 3060 2031 3128 majorem
2060 3062 2232 3115 noctis
2255 3075 2457 3131 partem
2477 3067 2778 3135 vigilarent,
2799 3079 2852 3121 et
2882 3086 2979 3123 nec
3002 3084 3357 3140 unguentum,

1776 3168 1874 3207 nee
1898 3154 2185 3221 quidquam
2210 3170 2272 3208 ex
2302 3156 2407 3209 illis
2434 3158 2671 3224 pristinis
2695 3172 2966 3225 curarent,
3002 3164 3095 3217 sed
3118 3174 3171 3219 et
3198 3180 3357 3236 caput

1774 3242 1915 3310 quod
1951 3243 2097 3311 prius
2135 3244 2204 3297 ita
2231 3245 2521 3313 curabatur
2541 3257 2594 3301 et
2622 3252 2935 3317 ornabatur,
2976 3255 3356 3325 negligeretnr,

1776 3340 1977 3384 temere
2002 3341 2056 3385 et
2086 3332 2551 3390 indiscriminatim
2585 3338 2653 3391 ita
2686 3341 2876 3394 vinctis
2904 3344 3113 3412 capillis
3142 3356 3198 3398 ut
3228 3349 3358 3402 nihil

1775 3420 2033 3475 incideret
2062 3422 2396 3478 indecorum.
2425 3427 2601 3481 Mensa
2631 3440 2808 3483 autem
2848 3441 2932 3486 est
2957 3434 3037 3489 eis
3064 3439 3235 3492 solum
3264 3456 3360 3495 ve-

1773 3514 2030 3581 spertina,
2079 3530 2285 3579 mensa,
2316 3532 2437 3585 qua:
2476 3534 2650 3588 neque
2693 3522 2812 3574 olus
2853 3533 2935 3577 est
2977 3541 3148 3594 neque
3180 3531 3351 3597 panis,

1773 3604 1864 3657 sed
1887 3604 2059 3657 simila
2081 3614 2131 3659 et
2164 3604 2278 3660 faba
2301 3620 2351 3661 et
2376 3610 2518 3663 cicer
2538 3620 2591 3663 et
2615 3612 2748 3666 oleae
2766 3625 2819 3667 et
2845 3614 2993 3669 ficus.
3025 3617 3350 3688 Perpetuam

1771 3709 1982 3763 quoque
2007 3704 2091 3749 est
2116 3696 2193 3749 eis
2220 3696 2507 3752 lanificium
2540 3716 2551 3752 :
2576 3710 2630 3755 et
2657 3711 2780 3756 sunt
2808 3718 2991 3759 earum
3014 3722 3173 3776 Opera
3197 3712 3354 3783 longe

1770 3786 2011 3853 graviora
2034 3800 2192 3855 quam
2213 3787 2527 3841 ancillarum
2548 3790 2982 3849 domesticarum.
3002 3798 3137 3863 Quid
3164 3804 3305 3856 enim
3332 3806 3353 3855 ἲ

1770 3872 2121 3947 susceperunt
2136 3880 2277 3933 enim
2301 3894 2393 3933 eas
2416 3882 2677 3937 curandas
2698 3901 2816 3953 qua:
2841 3887 3081 3953 laborant
3102 3906 3351 3963 corpore,

1772 3968 1937 4022 lectos
1982 3977 2271 4037 portantes,
2307 3970 2470 4039 pedes
2498 3971 2736 4028 lavantes
2768 3992 2780 4025 :
2816 3978 2994 4030 multa:
3024 3996 3236 4051 quoque
3280 4000 3347 4037 ex

1773 4059 1851 4112 eis
1876 4073 2169 4130 coquorum
2201 4061 2491 4131 funguntur
2514 4064 2713 4119 officio.
2740 4067 2972 4124 Tantum
3008 4083 3181 4139 potest
3215 4078 3352 4145 ignis

1769 4149 1968 4203 Christi
2005 4168 2018 4203 :
2049 4152 2117 4204 ita
2146 4160 2387 4206 naturam
2419 4165 2635 4223 superat
2659 4157 2821 4210 animi
2850 4161 3116 4216 alacritas.
3152 4164 3344 4220 Verum

1769 4241 1910 4293 enim
1942 4256 2070 4295 vero
2110 4243 2238 4296 nihil
2289 4244 2393 4298 tale
2436 4260 2465 4298 a
2500 4246 2648 4300 vobis
2697 4251 2873 4318 exigo.
2917 4253 3343 4324 quandoquidem

1768 4334 1927 4387 vultis
1952 4336 2190 4402 superari
2217 4351 2246 4387 a
2279 4336 2610 4391 mulieribus.

1839 4425 1888 4477 4.
1932 4424 2057 4478 llam
2085 4425 2276 4480 saltem
2310 4426 2485 4491 facile,
2516 4444 2634 4498 quae
2673 4445 2779 4484 non
2813 4443 2936 4486 sunt
2960 4436 3141 4503 gravia
3175 4447 3228 4491 et
3252 4437 3349 4492 dif-

1767 4515 1927 4569 ficilia
1961 4533 1974 4569 :
2007 4531 2222 4570 manum
2256 4520 2529 4575 continete
2555 4531 2610 4575 et
2641 4522 2942 4591 impudicos
2970 4528 3173 4583 oculos.
3205 4531 3340 4598 Quid

1764 4608 1887 4673 hoc,
1918 4609 2004 4663 dic
2033 4610 2182 4673 mihi,
2211 4621 2293 4666 est
2319 4628 2500 4680 grave,
2530 4615 2655 4683 quid
2686 4616 2905 4673 difficile
2925 4618 2948 4669 ?
2971 4618 3120 4673 Justa
3160 4623 3338 4685 facite,

1763 4701 1962 4755 nemini
1992 4702 2237 4769 injuriam
2273 4704 2480 4769 inferte,
2514 4721 2686 4775 neque
2716 4722 2937 4777 pauper,
2969 4727 3140 4778 neque
3167 4714 3335 4777 dives,

1762 4808 1937 4875 nethe
1966 4795 2052 4863 qui
2084 4795 2135 4848 in
2166 4794 2283 4849 foro
2310 4798 2561 4861 versaris,
2596 4813 2694 4852 nec
2726 4800 2817 4868 qui
2845 4816 2902 4854 es
2930 4807 3295 4859 mercenarius
3324 4827 3336 4861 :

1761 4896 1933 4954 potest
1960 4889 2103 4941 enim
2145 4889 2306 4942 etiam
2336 4888 2402 4942 ad
2433 4904 2692 4957 pauperes
2728 4906 2895 4959 usque
2923 4897 3212 4961 pervadere
3257 4899 3338 4951 in-

1753 4976 1981 5045 justitia.
2026 4977 2139 5031 Non
2170 4978 2361 5032 videtis
2389 4994 2548 5047 quam
2580 4981 2773 5034 multas
2806 4982 2888 5033 isti
2938 4985 3083 5037 cient
3113 5002 3337 5055 pugnas,

1757 5076 1812 5120 et
1850 5077 2099 5122 evertunt
2144 5069 2363 5121 omnia?
2391 5067 2555 5123 Utere
2603 5071 2964 5137 matrimonio,
3012 5074 3147 5129 habe
3178 5079 3338 5131 liltos.

1759 5159 1931 5212 Etiam
1961 5158 2155 5213 Paulus
2187 5158 2265 5211 eis
2311 5160 2673 5227 praecipiebat,
2722 5170 2777 5215 et
2806 5162 2871 5214 ad
2912 5178 3007 5216 eos
3047 5167 3333 5221 scribebat.

1754 5248 1997 5317 Magnum
2027 5260 2110 5301 est
2128 5247 2257 5302 illud
2283 5259 2575 5314 certamen,
2605 5260 2659 5303 et
2685 5251 2825 5304 altus
2853 5253 3125 5319 scopulus,
3154 5265 3208 5309 et
3240 5271 3332 5309 ca-

1752 5357 1943 5396 cumen
1968 5351 2048 5395 est
2076 5341 2209 5396 caelo
2234 5342 2623 5410 propinquum;
2657 5358 2829 5411 neque
2852 5353 3006 5411 potes
3027 5344 3091 5397 ad
3113 5344 3161 5398 id
3189 5349 3330 5414 quod

1753 5448 2002 5503 magnum
2030 5443 2114 5487 est
2146 5431 2462 5500 pervenire?
2490 5431 2691 5486 Minora
2721 5446 2851 5500 ergo
2882 5433 3068 5485 saltem
3100 5444 3328 5494 sectare,

1751 5539 1804 5584 et
1829 5528 2073 5583 desidera
2105 5542 2222 5595 quae
2267 5533 2391 5577 sunt
2426 5522 2701 5577 inferiora.
2737 5522 2851 5575 Non
2882 5532 3034 5591 potes
3079 5526 3331 5591 pecunia.

1753 5620 2029 5675 effundere
2054 5620 2076 5670 ?
2110 5616 2311 5672 Saltem
2344 5629 2406 5668 ea
2433 5629 2552 5683 qua:
2574 5622 2698 5666 sunt
2722 5614 2948 5666 aliorum
2978 5614 3082 5667 noli
3114 5630 3327 5683 rapere,

1752 5727 1851 5767 nec
1894 5710 1975 5764 fac
2021 5708 2288 5778 iniuriam.
2336 5705 2451 5760 Non
2500 5714 2651 5773 potes
2692 5704 2976 5773 jejunare?
3016 5703 3217 5758 Saltem
3266 5721 3331 5759 ne

1755 5802 2113 5876 progrediaris
2143 5800 2207 5854 ad
2250 5798 2489 5854 delicias.
2518 5796 2632 5851 Non
2656 5806 2807 5867 potes
2836 5797 2886 5850 in
2917 5806 3036 5850 toro
3065 5796 3328 5851 hcrbaceo
