4096 6310
778 468 846 520 99
1400 458 1455 510 S.
1494 452 1767 511 JOANNIS
1803 449 2273 507 CHRYSOSTOHI
2314 449 2625 505 ARCIIIEP.
2666 449 3193 507 CONSTANTINOP.

766 576 994 631 utiliore?
1038 574 1114 626 Nc
1154 571 1279 625 mihi
1311 584 1589 638 compares
1620 567 1789 621 lectos
1832 572 2053 634 argento
2092 572 2332 625 ornatos,

766 669 858 722 sed
890 652 1027 721 lecto
1056 677 1203 719 utere
1234 673 1288 717 et
1308 661 1578 731 ’stmgulis,
1608 674 1711 712 non
1745 658 1895 711 factis
1924 657 1989 709 ad
2018 654 2333 709 ostentatio-

768 776 911 821 nem,
950 758 1042 811 sed
1082 757 1147 810 ad
1196 756 1455 823 requiem,
1502 765 1674 820 neque
1714 750 1878 803 lectos
1916 747 2226 800 eburneos:
2257 754 2335 796 leo

766 837 937 916 ipsum
963 844 1235 900 contrahe.
1258 843 1391 910 Quid
1427 838 1898 894 innumerabilibus
1918 852 2033 904 quze
2058 833 2333 902 importari

765 946 987 1006 possunt
1014 949 1203 988 navem
1244 934 1433 1000 imples
1464 928 1798 983 onerariam?
1833 926 1888 979 Si
1916 926 1992 978 sis
2029 923 2332 977 moderatus

762 1041 813 1081 et
853 1026 1199 1094 compositus,
1247 1024 1374 1077 nihil
1405 1020 1636 1086 timebis,
1669 1035 1773 1082 non
1798 1016 2078 1094 invidiam,
2119 1030 2223 1066 non
2252 1014 2332 1066 la-

760 1132 967 1179 trones,
1008 1134 1113 1171 non
1164 1117 1520 1170 insidiatores.
1572 1112 1687 1165 Non
1736 1090 1877 1163 etiim
1922 1124 1982 1162 es
2030 1117 2135 1160 tant
2182 1105 2334 1159 dives

764 1211 1022 1280 pecuniis,
1060 1225 1216 1278 quam
1249 1208 1390 1261 curis
1424 1224 1436 1258 :
1468 1222 1571 1257 non
1604 1206 1672 1256 ita
1715 1200 1954 1254 abundas
1982 1197 2334 1267 possessioni-

763 1302 862 1355 bus
903 1310 961 1354 ut
1004 1299 1287 1368 angoribus
1328 1308 1379 1350 et
1412 1294 1680 1364 periculis.
1730 1292 1829 1358 Qui
1863 1291 2100 1376 dit'escere
2138 1289 2329 1350 volunt,

760 1393 949 1461 inquit,
983 1391 1275 1443 tcntationes
1322 1398 1364 1439 et
1395 1383 1824 1453 concupiscentia:
1848 1381 2025 1432 noxias
2052 1378 2147 1430 sibi
2175 1379 2329 1429 indu-

761 1492 878 1534 runt
910 1482 985 1548 (i.
1016 1476 1226 1533 Tini}.
1265 1479 1345 1546 9).
1376 1476 1502 1529 il:rc
1543 1476 1805 1528 sustinent
1831 1473 1918 1539 qui
1952 1470 2115 1522 multa
2148 1468 2332 1521 volunt

760 1572 1053 1641 possidere.
1097 1569 1209 1623 Non
1256 1570 1395 1629 dico,
1441 1568 1674 1620 Ministra
1707 1563 2000 1626 laboranti;
2046 1571 2100 1614 at
2143 1561 2330 1613 saltem

759 1666 889 1732 jube
918 1679 1082 1732 puero
1126 1672 1184 1715 ut
1218 1663 1319 1715 hoc
1347 1662 1520 1713 faciat.
1554 1658 1717 1712 Vides
1742 1673 1898 1725 quam
1937 1672 2043 1709 non
2072 1655 2142 1708 sit
2167 1667 2332 1723 grave

757 1764 812 1807 et
830 1756 1112 1807 molestqu
1131 1753 1155 1806 ?
1175 1751 1441 1821 quomodo
1467 1750 1607 1803 enim
1634 1756 1798 1809 esset,
1815 1761 1934 1799 cum
1964 1756 2159 1799 tenera:
2182 1744 2329 1812 puel-

759 1847 823 1897 la:
850 1845 1007 1909 longo
1050 1844 1222 1910 spatio
1264 1857 1361 1895 nos
1390 1838 1754 1907 exsuperent?
1782 1837 1887 1891 Nos
1917 1837 2136 1906 pudeat,
2176 1849 2327 1901 rogo,

755 1935 897 2004 quod
926 1935 976 1987 in
1015 1934 1077 1986 iis
1106 1948 1225 2000 qua:
1254 1932 1318 1985 ad
1360 1930 1612 1982 mundum
1653 1928 1918 1996 pertinent
1961 1939 2220 1992 nusquam
2251 1926 2329 1974 eis

754 2024 1015 2085 redimus,
1052 2036 1157 2074 non
1186 2023 1239 2073 in
1269 2020 1447 2083 bellis,
1479 2034 1582 2070 non
1616 2017 1668 2068 itt
1698 2015 2109 2076 certaminibus;
2143 2013 2194 2076 in
2217 2011 2329 2079 spi-

759 2112 1040 2165 titualibus
1063 2088 1241 2163 autem
1260 2107 1643 2162 certaminibus
1670 2106 1789 2174 plus
1814 2120 1973 2174 quam
2002 2118 2099 2156 nos
2125 2102 2325 2166 ferunt,

756 2211 812 2253 et
846 2201 1046 2267 majora
1088 2200 1299 2267 rapiunt
1325 2197 1562 2265 prmmia,
1590 2206 1643 2259 et
1672 2195 1851 2247 volant
1874 2193 2033 2245 altius
2059 2201 2326 2258 tamquam

739 2290 993 2360 'quazdam
1022 2290 1209 2358 aquila:
1234 2307 1247 2341 :
1278 2302 1375 2341 nos
1403 2297 1578 2339 autem
1604 2294 1868 2353 tamquam
1891 2283 2088 2353 graculi
2124 2281 2329 2335 inferne

752 2382 893 2433 circa
926 2380 1164 2433 nidorem
1189 2386 1241 2430 et
1269 2379 1466 2430 fumum
1496 2391 1707 2444 semper
1735 2389 2028 2427 versamur.
2060 2373 2151 2425 Est
2184 2370 2326 2424 enim

755 2485 814 2523 re
840 2484 961 2522 vera
984 2467 1321 2537 graculorum
1366 2474 1419 2518 et
1446 2466 1778 2534 liguritorum
1812 2478 2001 2517 canum
2029 2462 2096 2514 de
2123 2475 2323 2513 mensae

742 2558 1101 2615 structoribus
1114 2556 1636 2623 etcoquiseogitare.
1668 2553 1801 2606 Audi
1831 2553 2032 2620 priscas
2060 2550 2323 2603 feminas:

755 2665 958 2719 magum
982 2650 1146 2709 enim,
1178 2662 1381 2715 magna:
1408 2656 1462 2699 et
1486 2645 1827 2698 admirabiles
1854 2644 2067 2697 fuerunt
2091 2642 2321 2703 feminm,

754 2751 811 2793 ut
850 2740 1000 2803 Sara,
1036 2733 1294 2800 Rebecca,
1327 2737 1545 2799 Rachel,
1578 2736 1803 2799 Debora,
1834 2738 1984 2788 Anna
2015 2751 2032 2787 :
2059 2735 2327 2800 etiamque

753 2843 993 2899 tempore
1022 2829 1216 2883 Christi
1242 2828 1375 2880 tales
1395 2835 1586 2888 erant;
1617 2825 1712 2878 sed
1742 2827 1883 2877 viros
1914 2838 2172 2890 nusquam
2201 2830 2324 2874 sunt

755 2930 1136 2991 prmtervecttn,
1180 2920 1272 2972 sed
1303 2920 1477 2971 locum
1517 2917 1770 2969 tenebant
1809 2915 2102 2968 secundum
2135 2930 2148 2963 :
2185 2926 2325 2965 nunc

752 3022 929 3067 autem
975 3023 1159 3065 contra
1208 3011 1418 3063 femina:
1461 3023 1559 3061 nos
1601 3016 1926 3074 praetereunt
1969 3015 2022 3059 et
2066 3003 2326 3057 obscuros

757 3105 1005 3157 reddunt.
1048 3104 1214 3168 Quam
1260 3109 1343 3153 est
1384 3099 1486 3151 hoc
1524 3097 1802 3150 ridiculum
1839 3106 1893 3149 et
1930 3110 2085 3163 quam
2119 3092 2323 3160 puden-

751 3194 908 3247 dum!
944 3193 1048 3245 Nos
1073 3194 1246 3245 locum
1276 3199 1515 3259 tenemus
1542 3186 1748 3253 capitis,
1776 3194 1830 3237 et
1853 3182 2114 3235 vincimur
2141 3197 2172 3234 a
2199 3195 2323 3234 cor-

754 3287 923 3354 pore?
970 3282 1259 3336 Constitttti
1285 3294 1469 3332 sumus
1512 3286 1569 3329 ut
1613 3276 1693 3329 eis
1738 3277 2061 3343 imperemus
2094 3290 2106 3325 :
2137 3287 2239 3325 non
2269 3281 2327 3325 ut

754 3376 925 3426 solum
966 3373 1310 3439 imperemus,
1346 3368 1439 3422 sed
1480 3368 1805 3434 imperemus
1848 3365 1899 3417 in
1938 3364 2153 3417 virtute.
2192 3363 2323 3416 Nam

753 3466 841 3532 qui
874 3462 1123 3528 imperat,
1153 3460 1255 3512 hoc
1283 3458 1510 3510 maxime
1547 3456 1706 3508 debet
1747 3455 2031 3521 imperare,
2065 3462 2121 3505 ut
2151 3453 2326 3507 vincat

752 3554 951 3606 virtute
984 3569 998 3605 :
1029 3549 1315 3602 sin‘autem
1343 3558 1645 3614 superatur,
1694 3558 1798 3596 non
1836 3542 2329 3611 ampliusimperat

756 3658 854 3696 nec
882 3649 1026 3694 tenet
1053 3640 1429 3708 principatum.

831 3734 1102 3785 Mulierum
1126 3731 1331 3782 virtutes
1352 3737 1397 3779 et
1422 3727 1561 3779 vitia.
1584 3754 1653 3763 --
1676 3723 1892 3776 Vidistis
1912 3732 2104 3790 quanta
2126 3722 2193 3773 sit
2220 3720 2327 3773 vir-

755 3839 838 3880 tus
862 3825 1121 3879 adventus
1140 3819 1377 3875 Christi?
1403 3816 1670 3886 quomodo
1692 3814 2112 3869 exsecrationem
2142 3812 2321 3864 solve~

754 3920 821 3971 rit
852 3929 904 3969 et
926 3912 1351 3969 maledictionem
1369 3910 1392 3962 ?
1412 3909 1592 3961 Plures
1623 3907 1913 3964 euim.sunt
1933 3904 2165 3969 virgines
2186 3901 2323 3970 apud

756 4010 1028 4070 mulieres,
1061 4004 1231 4073 major
1256 4012 1340 4055 est
1366 4000 1503 4068 apud
1534 4000 1654 4052 illas
1682 3995 2028 4066 temperantia
2055 4004 2109 4047 et
2136 3994 2291 4045 mode
2310 4020 2323 4031 -

756 4101 912 4160 ratio,
959 4098 1139 4165 plures
1166 4093 1444 4145 viduitates
1475 4108 1487 4140 :
1516 4088 1719 4141 nullum
1760 4087 1980 4139 verbum
2017 4084 2324 4136 obs'caanum

756 4189 952 4243 tcmina
996 4186 1102 4238 cito
1139 4179 1397 4236 emiserit.
1426 4179 1534 4231 Cttr
1565 4187 1617 4230 tu
1657 4190 1804 4244 ergo,
1836 4175 1923 4226 die
1962 4172 2112 4235 mihi,
2148 4170 2320 4238 turpia

3914 455 4005 509 100

2442 571 2496 613 et
2521 562 2769 615 obscmua
2794 563 3067 630 l0queris?
3104 561 3179 615 Ne
3223 563 3353 615 mihi
3386 563 3529 617 enim
3560 565 3758 619 dixeris
3789 568 4005 621 feminas

2442 648 2742 717 deploratas
2771 669 2782 702 :
2807 662 2890 704 est
2917 652 3130 719 quidem
3169 668 3333 720 genus
3364 654 3643 707 mulierum
3672 658 3752 709 sui
3787 661 4001 711 amandi

2440 740 2756 804 studiosum,
2783 750 2837 793 et
2862 739 2963 794 hoc
2990 751 3072 795 est
3096 741 3212 809 ejus
3230 742 3503 796 delictum.
3544 745 3648 799 Sed
3677 746 3728 799 in
3753 747 3854 800 hoc
3879 764 4003 816 quo.

2440 846 2544 900 que
2573 846 2665 884 vos
2693 833 2792 883 viri
2824 831 3055 898 vincitis,
3078 834 3166 901 qui
3197 833 3299 886 illis
3321 848 3473 903 mque
3493 835 3828 891 delectaniiui
3852 851 4003 908 atque

2440 932 2627 975 ornatu
2659 924 2891 990 proprio.
2919 922 3031 975 Non
3054 922 3197 976 enim
3225 924 3474 978 existimo
3496 927 3771 981 mulierem
3799 929 3872 982 ita
3899 934 4003 986 suis

2439 1015 2614 1066 aureis
2659 1015 2834 1067 ornari
2875 1016 3226 1077 ornamentis,
3268 1025 3325 1067 ut
3354 1017 3603 1069 maritum
3647 1021 3872 1077 uxoris:
3903 1038 4003 1077 non

2443 1104 2510 1155 ita
2544 1104 2642 1157 sibi
2675 1107 2845 1174 placet
2890 1106 2958 1158 ob
3004 1122 3190 1157 zonam
3233 1122 3470 1172 auream,
3515 1125 3673 1177 quam
3705 1115 3843 1179 quod
3875 1130 4002 1165 tuor

2438 1208 2627 1246 aurum
2667 1202 2855 1262 gestet.
2887 1194 3061 1259 Quare
3086 1194 3138 1248 in
3168 1210 3261 1248 vos
3284 1212 3495 1265 quoque
3520 1213 3681 1252 causa
3709 1212 3791 1253 est
3819 1203 4000 1256 confe-

2438 1282 2622 1345 renda,
2650 1284 2739 1351 qui
2765 1284 3048 1336 scintillam
3079 1286 3321 1338 excitatis
3358 1296 3410 1339 et
3445 1286 3713 1343 ﬂammam
3758 1292 4003 1345 accendi-

2439 1373 2525 1425 tis.
2553 1374 2761 1441 Alioqui
2783 1386 2957 1427 autem
2982 1390 3084 1427 non
3112 1386 3193 1427 est
3221 1386 3421 1429 tantum
3442 1389 3714 1445 peccatum
3743 1383 3995 1447 mulieris,

2437 1471 2688 1528 quantum
2719 1473 2803 1516 est
2827 1464 2879 1515 in
2910 1464 3041 1516 viro.
3069 1464 3146 1516 Tu
3172 1480 3231 1518 es
3258 1468 3576 1519 constitutus
3606 1478 3661 1520 ut
3681 1469 3824 1522 illam
3851 1486 3996 1524 com-

2437 1565 2644 1618 ponas:
2676 1552 2871 1618 ubique
2919 1552 3000 1604 vis
3046 1553 3243 1605 habere
3282 1554 3477 1621 primas
3525 1566 3701 1623 partes
3735 1576 3747 1611 :
3779 1573 3907 1628 ergo
3946 1560 3997 1613 in

2439 1640 2537 1692 hoc
2564 1655 2776 1707 quoque
2799 1642 3022 1695 ostende
3051 1657 3116 1694 ex
3147 1643 3304 1695 rebus
3331 1643 3453 1709 tuis,
3485 1646 3625 1713 quod
3652 1648 3795 1701 illius
3820 1664 3999 1717 super-

2436 1734 2652 1785 vacanei
2678 1743 2921 1803 sumptus
2948 1735 3087 1787 nulla
3122 1735 3212 1788 tibi
3239 1736 3308 1788 sit
3334 1737 3486 1789 ratio.
3521 1738 3616 1792 Est
3636 1744 3801 1809 magis
3826 1752 3997 1810 aptum

2437 1835 2487 1878 et
2512 1825 2838 1879 conveniens
2863 1827 3071 1879 mulieri
3096 1838 3153 1880 ut
3171 1838 3410 1891 ornetur,
3440 1845 3595 1896 quam
3626 1833 3759 1884 viro.
3783 1834 3997 1901 Quando

2436 1929 2565 1983 ergo
2613 1926 2665 1967 tu
2697 1930 2801 1967 non
2841 1915 3051 1984 eﬂ'ugis,
3086 1918 3356 1985 quomodo
3383 1918 3497 1993 illa
3519 1918 3773 1989 elfugiet?
3799 1922 3998 1976 Habent

2437 2003 2540 2056 illae
2570 2003 2729 2056 etiam
2757 2005 3039 2071 quamdam
3082 2005 3291 2059 inanem
3318 2006 3538 2074 gloriam
3561 2025 3575 2071 ;
3619 2010 3714 2063 sed
3741 2010 3842 2063 hoc
3868 2027 3997 2079 quu-

2434 2109 2537 2161 que
2577 2103 2658 2145 est
2685 2094 2809 2146 viris
2848 2108 3133 2147 commune
3165 2111 3180 2150 :
3209 2105 3335 2149 sunt
3372 2097 3670 2161 iracunda;
3716 2110 3771 2152 et
3796 2100 3898 2155 hoc
3921 2111 3999 2154 est

2434 2190 2735 2235 Commune.
2774 2186 2829 2234 In
2873 2184 3067 2251 quibus
3107 2196 3283 2238 autem
3314 2196 3582 2253 superant,
3630 2204 3691 2242 ea
3738 2205 3842 2243 non
3881 2200 3999 2244 sunt

2432 2273 2660 2339 amplius
2690 2276 3013 2338 communia,
3060 2277 3375 2343 gravitatem
3403 2278 3523 2331 dico
3567 2289 3621 2333 et
3646 2281 3995 2347 honestatem,

2434 2361 2715 2423 fervorem,
2750 2364 3013 2429 pietatem,
3048 2380 3172 2432 erga
3200 2367 3467 2421 Chrisrum
3494 2370 3860 2425 dilectionem.
3892 2376 3997 2427 Cur

2431 2469 2577 2521 ergo,
2612 2454 2838 2523 inquies,
2882 2458 2961 2509 eis
2990 2456 3265 2511 interdixit
3304 2460 3431 2513 sede
3457 2461 3736 2516 doctoris?
3780 2464 3874 2518 Est
3901 2468 3997 2519 hoc

2431 2560 2643 2612 quoque
2686 2547 2913 2613 signum,
2944 2548 3083 2615 quod
3124 2551 3345 2602 multum
3387 2551 3609 2606 interest
3651 2554 3791 2608 inter
3827 2572 3919 2610 eas
3946 2569 3996 2610 et

2432 2636 2593 2697 viros,
2631 2647 2686 2689 et
2709 2640 2850 2705 quod
2878 2654 3082 2707 magum
3113 2642 3306 2693 fuerint
3330 2658 3448 2710 qua:
3476 2654 3601 2697 tunc
3641 2657 3813 2700 erant.
3840 2648 3999 2702 Paulo

2430 2724 2936 2796 enim,dic,qua:so,
2969 2729 3195 2783 docente
3224 2740 3277 2783 et
3310 2731 3464 2784 Petro
3495 2734 3598 2785 illis
3626 2736 3843 2799 sanctis,
3882 2754 3995 2789 mu-

2431 2817 2686 2871 lieremne
2715 2819 2779 2870 ad
2818 2836 2935 2873 eant
2973 2837 3085 2873 rem
3116 2822 3360 2888 prosilire
3388 2826 3695 2891 oporteret?
3725 2826 3873 2881 Nunc
3904 2844 3995 2881 au-

2432 2920 2537 2962 tem
2564 2926 2629 2962 eo
2668 2911 2909 2963 venimus
2955 2914 3205 2981 nequitia:
3244 2924 3297 2967 et
3337 2914 3713 2982 improbitatis,
3756 2928 3817 2971 ut
3841 2919 3995 2972 etiam

2431 2997 2623 3051 merito
2666 3011 2936 3068 quaeratur
2980 3016 3077 3053 cur
3122 3018 3225 3054 non
3265 3003 3461 3056 docent
3510 3006 3804 3063 mulieres:
3838 3024 3998 3075 usque

2428 3090 2563 3142 adeo
2587 3090 2897 3143 advenimus
2922 3092 2988 3143 ad
3018 3107 3198 3145 earum
3232 3092 3669 3148 imbecillitatem.
3721 3095 3843 3151 llzec
3866 3097 3995 3163 dixi,

2431 3195 2533 3232 non
2560 3179 2700 3247 quod
2730 3181 2886 3232 velim
2918 3196 3009 3234 eas
3036 3180 3312 3244 extollere,
3348 3183 3439 3234 sed
3485 3185 3637 3238 nobis
3674 3186 3801 3255 ipsis
3831 3189 3998 3255 pudoo

2432 3277 2543 3325 rem
2574 3272 2841 3337 incutere,
2875 3273 3195 3340 crudireque
3215 3284 3268 3325 et
3291 3289 3528 3336 mouere,
3558 3285 3613 3328 ut
3638 3276 3921 3345 imperium
3949 3290 3999 3331 et

2433 3362 2783 3428 principatum
2810 3364 2897 3429 qui
2931 3362 3083 3414 nobis
3125 3365 3367 3416 convenit
3416 3366 3786 3431 suscipiamus,
3816 3383 3920 3420 non
3948 3380 3999 3421 ut

2429 3451 2595 3513 simus
2632 3454 2883 3518 majores,
2912 3453 3006 3507 sed
3048 3463 3103 3505 ut
3146 3454 3517 3520 provideamus
3560 3465 3613 3509 et
3638 3474 3819 3512 curam
3847 3477 4001 3529 gera-

2431 3555 2549 3593 mus
2569 3550 2624 3595 et
2643 3557 2707 3593 ex
2733 3543 2928 3595 virtute
2947 3543 3107 3595 vitam
3130 3544 3486 3597 instituamus.
3513 3545 3660 3599 Tune
3684 3549 3824 3602 enim
3857 3550 3910 3601 in
3939 3566 3999 3603 eo

2431 3640 2571 3683 statu
2604 3633 2657 3684 in
2682 3649 2787 3699 quo
2824 3633 3075 3685 convenit
3121 3634 3225 3687 erit
3250 3649 3465 3703 corpus,
3501 3639 3716 3704 quando
3743 3641 3998 3709 optimum

2433 3721 2725 3789 principem
2762 3723 2851 3790 qui
2899 3722 2948 3776 ei
2990 3722 3213 3790 imperet
3258 3724 3429 3778 fuerit
3456 3741 3821 3796 assequutum.
3852 3730 4001 3785 Faxit

2430 3816 2609 3861 autem
2655 3809 2794 3862 Deus
2835 3820 2979 3863 utet
3020 3811 3229 3865 femina:
3266 3824 3321 3866 et
3365 3815 3461 3868 viri
3508 3818 3573 3869 ad
3618 3818 3710 3871 Dei
3756 3820 3998 3887 placitum

2431 3914 2617 3952 omnes
2658 3901 2859 3965 vivant,
2906 3910 2962 3953 ut
2990 3901 3131 3969 digni
3172 3917 3360 3957 omnes
3402 3904 3693 3960 habeamur
3722 3910 3772 3961 iu
3802 3909 3893 3962 illo
3920 3910 4001 3965 die

2434 3989 2656 4041 terribili
2704 3991 2791 4057 qui
2842 3990 3078 4042 fruamur
3124 3992 3449 4061 benignitate
3492 3996 3723 4062 Domini,
3768 4011 3821 4053 et
3867 4001 4002 4053 bona

2434 4082 2691 4148 promissa
2747 4096 3175 4150 consequamur,
3228 4085 3279 4136 in
3335 4084 3552 4140 Christo
3602 4087 3728 4143 Jesu
3784 4091 4003 4145 Domino

2434 4178 2638 4224 nostro.

762 4302 4005 4330 ___—_—___———————————-—-———-——————————————-———_—_

2102 4376 2445 4436 HOMILIA
2492 4376 2663 4435 XIV.

757 4534 887 4589 Car.
935 4534 990 4585 4.
1038 4545 1093 4582 v.
1132 4528 1221 4582 25.
1260 4526 1475 4595 Propter
1500 4524 1634 4593 quod
1662 4522 1968 4591 deponentes
1995 4520 2329 4583 mendacium,

832 4622 1092 4693 loquimini
1127 4621 1382 4673 veritatem
1421 4618 1757 4685 unusquisque
1790 4630 1904 4667 cum
1948 4614 2177 4683 proximo
2205 4628 2336 4666 suo:

830 4715 1066 4784 quoniam
1110 4727 1284 4765 sumus
1309 4710 1517 4761 inuicem
1555 4707 1796 4773 membra.
1845 4705 1934 4757 26.
1978 4703 2271 4756 lrascimiai
2292 4712 2339 4754 et

835 4807 989 4858 nolite
1035 4818 1240 4870 peccare
1276 4816 1293 4853 :
1332 4800 1408 4852 sol
1462 4815 1561 4850 non
1604 4796 1800 4850 occidat
1840 4810 1989 4859 super
2024 4794 2340 4845 iracundiam

837 4908 1050 4952 vestram
1080 4912 1098 4947 :
1124 4895 1215 4948 27.
1240 4892 1393 4946 nolite
1425 4891 1589 4943 locum
1616 4889 1738 4941 dare
1762 4887 1983 4940 diabolo.

839 4993 889 5044 t.
924 4985 1055 5042 Cum
1086 4986 1153 5040 de
1182 4986 1346 5038 veteri
1394 4982 1611 5036 homine
1654 4980 1904 5033 universe
1946 4977 2173 5031 dixisset
2202 4985 2255 5030 et
2287 4977 2338 5028 in

768 5094 982 5147 genere,
997 5077 1105 5146 jam
1128 5090 1249 5128 eum
1275 5072 1528 5126 describit
1551 5071 1712 5123 etiam
1742 5068 2029 5137 sigillatim.
2055 5066 2179 5120 [hrc
2199 5067 2339 5118 enim

767 5168 1010 5222 doctrina
1036 5176 1119 5218 est
1148 5163 1354 5218 facilior
1376 5160 1444 5215 ad
1474 5160 1803 5221 discendum,
1837 5156 2049 5226 quando
2075 5156 2234 5208 etiam
2261 5156 2342 5206 di-

768 5260 966 5316 sCimus
1010 5256 1336 5326 singulatim.
1378 5252 1511 5317 Quid
1546 5260 1723 5303 autem
1753 5248 1921 5301 dicit?
1962 5246 2179 5315 PrOpler
2207 5244 2341 5314 quod

771 5352 1072 5416 deponentcs
1096 5343 1433 5396 mendacium.
1462 5340 1615 5406 Quod
1655 5337 2026 5393 mendacium?
2054 5352 2181 5389 num
2216 5335 2343 5387 dicit

769 5440 942 5494 idola?
963 5437 1076 5492 Non
1104 5436 1170 5489 de
1197 5435 1261 5487 iis
1286 5434 1415 5487 dicit
1436 5450 1449 5486 :
1469 5430 1724 5483 namhmc
1748 5428 1961 5497 quidem
1980 5437 2102 5479 sunt
2126 5424 2346 5478 menda-

770 5532 912 5583 cium
929 5541 947 5593 ;
964 5509 1056 5583 sed
1076 5528 1142 5579 de
1164 5526 1266 5579 illis
1285 5539 1389 5577 non
1412 5536 1551 5575 nunc
1568 5521 1768 5589 agitur;
1790 5518 1918 5571 nihil
1938 5517 2080 5571 enim
2100 5516 2182 5570 his
2198 5531 2345 5569 com-

771 5636 933 5675 mune
956 5635 1080 5674 cum
1113 5620 1218 5674 illis
1244 5638 1258 5670 :
1289 5618 1382 5671 sed
1411 5617 1478 5670 de
1508 5614 1785 5667 mendacio
1813 5611 1953 5679 quod
1984 5610 2184 5678 profert
2209 5610 2346 5662 alter

770 5728 891 5764 cum
931 5711 1100 5764 altero
1125 5750 1141 5774 ,
1173 5709 1315 5778 quod
1342 5718 1425 5762 est
1450 5707 1695 5761 dolosum
1720 5713 1774 5757 et
1800 5702 2210 5755 fraudulentum.
2240 5700 2346 5753 Lo-

769 5801 981 5871 quimini
1000 5802 1250 5855 veritatem
1274 5801 1609 5866 unusquisquc
1629 5812 1741 5850 cum
1760 5794 1988 5863 proximo
2009 5808 2121 5845 suo.
2147 5790 2346 5845 Deinde

2440 4519 2580 4588 quod
2608 4521 2770 4573 etiam
2799 4519 3054 4588 pudorem
3084 4520 3250 4589 magis
3277 4523 3462 4575 incutit
3496 4542 3508 4575 :
3544 4524 3792 4587 Quoniam
3837 4544 4008 4581 suam

2439 4613 2647 4665 invicem
2669 4613 2907 4677 membra,
2927 4627 3086 4666 nemo
3116 4613 3344 4681 decipiat
3376 4616 3695 4682 proximum.
3713 4617 3863 4684 Quod
3892 4621 4004 4688 qui-

2442 4702 2563 4755 dem
2590 4702 2716 4755 dicit
2746 4703 3191 4770 psalmographus
3211 4702 3261 4755 id
3301 4719 3510 4757 sursum
3541 4715 3594 4758 et
3622 4706 3871 4760 deorsum
3898 4709 4006 4776 agi-

2445 4802 2584 4857 tans,
2601 4786 2759 4845 Labici
2778 4795 2955 4847 dolosa
2969 4794 3022 4845 in
3043 4795 3212 4856 corde,
3226 4802 3270 4846 ct
3290 4794 3344 4846 in
3368 4794 3516 4847 corde
3536 4796 3767 4864 loquutus
3788 4808 3859 4850 est
3878 4803 4006 4850 mala

2444 4882 2626 4951 (Psal.
2675 4885 2761 4936 ii.
2798 4885 2865 4937 15
2887 4884 2929 4953 ).
2962 4884 3100 4936 Nihil
3131 4891 3214 4937 est
3238 4884 3407 4948 enim,
3430 4884 3563 4937 nihil
3587 4896 3669 4938 est
3695 4888 3833 4954 quod
3862 4904 4007 4956 mque

2446 4974 2615 5042 paria.
2662 4973 2963 5026 inimicitias
2989 5013 3002 5036 ,
3036 4982 3194 5041 atque
3238 4973 3487 5041 decipere
3528 4982 3583 5026 et
3629 4975 3831 5030 fallere.
3883 4976 4008 5030 Vide

2442 5062 2708 5132 quomodo
2733 5064 2811 5116 eis
2840 5063 3033 5131 ubique
3061 5062 3316 5132 pudorem
3345 5062 3561 5115 incutiat
3584 5078 3678 5131 per
3702 5068 3915 5133 corpus.
3943 5067 4010 5116 he

2446 5154 2587 5207 fallat
2615 5194 2629 5217 ,
2658 5154 2829 5221 inquit
2849 5194 2865 5217 ,
2895 5154 3081 5206 oculus
3110 5152 3294 5219 pedem
3321 5192 3335 5216 ,
3368 5167 3538 5220 neque
3568 5168 3661 5220 pes
3688 5156 3919 5207 oculum.
3950 5154 4010 5208 Ut

2446 5258 2568 5313 puta
2589 5285 2603 5305 ,
2646 5244 2689 5295 si
2718 5244 2788 5296 sit
2810 5243 2952 5297 fossa
2981 5242 3237 5312 profunda
3262 5283 3278 5306 ,
3307 5251 3363 5296 et
3392 5258 3552 5311 super
3593 5254 3789 5297 terram
3831 5248 4010 5314 positis

2446 5335 2792 5387 arundinibus
2834 5342 2893 5386 et
2936 5346 3074 5386 terra
3118 5335 3353 5401 opertis,
3385 5324 3759 5405 inisuperficie
3788 5335 4012 5404 prtebeat

2447 5427 2613 5479 oculis
2647 5426 2951 5494 Opinionem
2981 5433 3137 5477 terra:
3164 5424 3383 5485 solidae;
3432 5438 3611 5476 annon
3640 5432 3819 5478 utetur
3844 5424 4008 5493 pede,

2448 5528 2507 5570 ut
2553 5518 2687 5570 sciat
2733 5532 2859 5569 num
2906 5517 2976 5569 sit
3024 5515 3244 5569 inferius
3273 5526 3533 5581 'vacuum,
3561 5531 3626 5568 an
3659 5518 3952 5569 remittatur
3969 5526 4012 5567 et

2448 5607 2702 5661 resistat?
2728 5623 2852 5660 num
2882 5622 2986 5659 non
3016 5606 3160 5658 fallat
3182 5620 3297 5673 pes,
3320 5606 3413 5659 sed
3440 5605 3581 5675 quod
3608 5615 3693 5659 est
3718 5605 4012 5659 renuntiet?

2448 5697 2583 5762 Quid
2606 5711 2752 5760 vero,
2771 5696 2817 5749 si
2836 5694 3136 5763 seipentem
3155 5694 3348 5748 viderit
3363 5695 3571 5757 oculus,
3588 5703 3679 5747 aut
3697 5695 3881 5759 feram,
3900 5708 4012 5745 num

2449 5786 2582 5841 fallit
2613 5786 2846 5857 pedem?
2872 5800 2978 5840 non
3008 5784 3190 5839 statim
3221 5782 3534 5839 renuntiat?
3583 5783 3667 5837 ille
3696 5792 3875 5836 autem
3906 5794 4011 5835 curr
