4096 6310
149 388 226 442 ιοι
1005 383 1069 439 IN
1109 383 1323 441 EPIST.
1366 383 1456 439 Αυ
1494 379 1732 436 eruas.
1776 379 1927 436 car.
1972 381 2060 436 tv.
2105 373 2335 440 unum.
2376 346 2518 440 xiv.

145 506 201 558 ab
237 519 298 558 eo
341 501 613 568 didicerit,
655 516 761 557 non
804 499 1036 571 amplius
1081 499 1270 569 pergit.
1323 496 1460 565 Quid
1505 506 1704 560 autem,

145 596 343 667 quando
378 610 554 666 neque
582 595 769 649 oculus
795 634 808 658 ,
842 607 1022 662 neque
1037 607 1133 664 pes
1161 591 1423 645 invenerit
1445 586 1714 659 quomodo

145 689 422 753 discernat,
453 685 548 740 sed
577 695 746 741 totum
774 685 843 738 sit
872 684 1147 745 odoratus,
1167 691 1224 737 ut
1254 690 1432 735 utrum
1459 681 1530 734 sit
1554 693 1712 735 vene-

149 795 264 834 num
305 778 462 832 letale
510 791 681 831 necne
706 817 721 841 ,
754 790 882 830 num
907 787 970 827 es
1000 773 1135 828 fallit
1161 772 1451 826 odoratus?
1474 769 1708 824 Minime.

146 870 346 937 Quare?
371 868 762 935 Nam-seipsum
787 879 997 934 quoque
1026 863 1199 932 perdit
1226 863 1270 915 si
1297 861 1444 914 fallat
1471 878 1484 914 :
1511 859 1605 914 sed
1633 859 1714 912 di-

146 963 208 1017 cit
238 960 376 1030 quod
403 958 505 1012 sibi
535 956 788 1011 occurrit.
815 953 950 1021 Quid
978 967 1106 1007 vero
1132 952 1342 1021 lingua,
1371 949 1572 1003 fallitne
1597 956 1708 1001 sto-

148 1049 430 1106 machum?
461 1063 569 1102 non
595 1061 717 1100 cum
749 1059 988 1098 amarum
1017 1041 1233 1113 quidem
1264 1040 1474 1102 viderit,
1509 1038 1710 1108 rejicit;

147 1143 216 1196 siu
257 1150 434 1197 autem
476 1139 667 1202 dulce,
700 1133 1044 1190 transmittit?
1091 1132 1220 1186 Vide
1250 1131 1633 1191 ministerium,
1660 1137 1717 1183 et

147 1231 409 1286 semtutis
430 1226 918 1284 remunerationem
951 1243 965 1279 :
997 1224 1116 1279 vide
1141 1238 1325 1277 curam
1353 1229 1408 1276 et
1436 1219 1715 1291 providen-

151 1323 266 1376 tiam
293 1337 358 1375 ex
389 1321 617 1375 veritate
645 1327 816 1371 ortam
840 1357 858 1383 ,
888 1315 1044 1386 idque
1094 1314 1257 1369 alacri
1287 1321 1338 1367 et
1371 1320 1626 1382 prompto
1661 1319 1718 1366 ut

148 1413 211 1464 ita
240 1409 412 1464 dicam
431 1449 449 1474 ,
476 1408 678 1462 animo.
710 1404 786 1459 Ita
812 1421 911 1459 nos
938 1418 1149 1474 quoque
1178 1417 1244 1457 ne
1273 1403 1594 1456 mentiamur
1618 1413 1718 1454 nec

151 1502 415 1565 fallamus,
446 1499 490 1553 si
521 1513 707 1552 sumus
752 1497 888 1549 alter
932 1495 1155 1548 alterius
1190 1493 1450 1546 membra.
1480 1491 1594 1546 Hoc
1635 1501 1720 1544 est

150 1592 392 1646 indicium
414 1589 698 1651 amicitiae;
722 1587 1048 1641 contrarium
1070 1593 1248 1638 autem
1300 1582 1715 1637 inimicitiarum.

149 1684 277 1750 Quid
304 1697 456 1744 vero,
488 1681 679 1749 inquit,
707 1677 754 1731 si
789 1674 1102 1730 insidietur?
1141 1673 1293 1741 Quod
1319 1688 1502 1728 verum
1529 1679 1610 1726 est
1634 1671 1718 1725 di-

152 1787 234 1827 sce
263 1789 277 1824 :
310 1787 432 1825 nam
459 1772 504 1826 si
534 1769 836 1832 insidietur,
872 1781 980 1820 non
1010 1774 1091 1821 est
1118 1764 1430 1818 membrum.
1461 1762 1601 1816 Dixit
1625 1775 1720 1816 au-

154 1874 270 1926 tem,
303 1863 381 1918 Ne
409 1861 737 1916 mentiamini
764 1858 1022 1913 adversus
1054 1855 1311 1910 membra.
1337 1852 1647 1918 lrascimini,
1675 1860 1724 1906 et

153 1954 298 2008 nolite
338 1951 750 2021 peccare—Vide
794 1949 1155 2024 sapientiam:
1187 1956 1242 2002 et
1286 1945 1417 2000 dicit
1457 1944 1724 2015 quomodo

153 2059 252 2098 non
283 2057 590 2112 peccemus,
619 2049 674 2094 et
698 2054 794 2094 eos
818 2039 907 2108 qui
939 2053 1042 2092 non
1069 2037 1371 2092 obedierint
1407 2049 1591 2090 rursus
1619 2050 1725 2089 non

154 2135 400 2201 relinquit
429 2151 444 2188 :
475 2147 582 2185 non
607 2131 750 2185 enim
782 2129 1003 2184 dimittit
1028 2130 1229 2183 viscera
1271 2143 1368 2182 sua
1408 2126 1724 2206 spiritualia.

154 2224 294 2279 Sicut
338 2223 480 2278 enim
525 2220 763 2275 medicus
789 2229 991 2289 aegroto
1020 2218 1235 2287 quidem
1266 2217 1394 2272 dicit
1440 2233 1557 2286 qua:
1604 2225 1728 2270 sunt

156 2313 349 2382 agenda
373 2330 387 2377 ;
411 2309 554 2382 quod
586 2311 632 2364 si
662 2309 763 2364 ille
783 2317 840 2362 ut
863 2324 924 2362 ea
955 2308 1110 2362 faciat
1135 2322 1240 2361 non
1268 2307 1597 2370 sustinuerit,
1622 2321 1726 2359 non

157 2413 330 2458 tamen
354 2417 481 2471 eum
511 2399 757 2469 despicit,
790 2398 883 2453 sed
916 2397 1286 2468 persuadendo
1313 2397 1571 2450 adhibens
1596 2412 1728 2451 con-

155 2493 348 2557 silium,
378 2505 561 2545 rursus
585 2498 738 2544 curat
765 2508 779 2545 :
809 2490 878 2544 ita
908 2490 1069 2544 etiam
1093 2486 1308 2542 Paulus.
1332 2485 1464 2541 Nam
1486 2487 1574 2556 qui
1599 2485 1730 2541 illud

157 2586 368 2654 quidem
392 2585 536 2649 facit,
556 2599 748 2654 nempe
768 2583 855 2653 qui
877 2582 1121 2651 despicit,
1146 2582 1368 2650 gloriam
1393 2579 1565 2634 solum
1583 2595 1734 2650 qua:-

161 2678 256 2740 rit,
287 2684 341 2730 et
385 2690 529 2745 aegre
567 2674 670 2729 fert
712 2672 852 2742 quod
897 2674 966 2726 sit
1005 2679 1343 2739 contemptus
1373 2688 1386 2722 :
1416 2672 1506 2739 qui
1553 2680 1731 2724 autem

158 2779 368 2831 semper
391 2759 892 2832 quaﬁsanitatem
943 2760 1256 2827 laborantis,
1286 2759 1388 2814 hoc
1435 2774 1598 2813 unum
1642 2773 1732 2813 so-

161 2855 268 2908 lum
297 2862 499 2924 spectat
529 2863 589 2907 ut
616 2853 882 2923 iacentem
932 2852 1197 2906 restituat.
1228 2850 1342 2906 Hoc
1369 2866 1582 2921 quoque
1612 2852 1736 2905 facit

160 2943 357 2998 Paulus
386 2943 592 3007 dicens,
624 2943 798 2996 Nolite
820 2939 1032 2996 mentiri
1061 2957 1078 2994 :
1105 2941 1150 2994 si
1174 2940 1388 3010 quando
1410 2953 1589 2997 autem
1619 2951 1736 2996 orta

161 3033 229 3086 sit
253 3033 328 3086 ira
359 3047 422 3087 ex
450 3031 729 3087 mendacio
750 3072 768 3098 ,
802 3033 902 3087 hoc
932 3045 1142 3102 quoque
1178 3047 1366 3087 rursus
1404 3041 1575 3086 curat.
1600 3032 1739 3099 Quid

160 3123 305 3177 enim
333 3123 499 3177 dicit?
527 3121 838 3186 Irascunini,
866 3130 916 3175 et
961 3121 1116 3175 nolite
1160 3137 1387 3192 peccare.
1425 3122 1630 3176 Bonum
1657 3131 1740 3176 est

161 3213 306 3266 enim
354 3227 458 3266 non
500 3211 694 3274 irasci;
724 3210 821 3263 sed
846 3210 892 3263 si
917 3211 1038 3280 quis
1065 3210 1350 3279 aliquando
1377 3211 1426 3262 in
1459 3225 1576 3263 eam
1605 3211 1738 3264 inci-

161 3301 304 3355 derit
328 3301 556 3371 culpam,
580 3315 648 3354 ne
679 3309 855 3355 tamen
881 3301 949 3354 sit
974 3299 1246 3355 diuturna.
1274 3301 1391 3367 Sol,
1424 3300 1611 3372 inquit,
1641 3317 1744 3355 non

162 3391 362 3444 occidat
385 3407 535 3458 super
553 3390 868 3444 iracundiam
887 3398 1122 3443 vestram.
1143 3387 1236 3444 Vis
1263 3391 1339 3444 ira
1369 3390 1579 3458 impleri
1594 3391 1617 3443 ?
1635 3389 1746 3444 suf-

165 3481 278 3535 ficit
308 3482 399 3535 tibi
430 3496 535 3536 una
561 3482 692 3544 hora
719 3491 774 3536 et
797 3481 967 3536 altera
994 3489 1049 3536 et
1078 3481 1265 3547 tertia;
1292 3496 1360 3536 ne
1379 3482 1528 3536 vobis
1550 3482 1747 3537 relictis

165 3572 399 3627 inimicis
425 3573 505 3626 sol
531 3571 768 3627 recedat.
797 3556 956 3627 Ortus
978 3579 1062 3628 est
1081 3587 1109 3625 a
1136 3573 1411 3627 bonitate:
1439 3587 1506 3628 ne
1532 3573 1750 3629 recedat

164 3676 291 3715 cum
315 3661 506 3716 luxerit
531 3660 670 3730 apud
698 3661 965 3731 indignos.
989 3661 1122 3716 Nam
1149 3662 1195 3716 si
1222 3662 1479 3718 Dominus
1503 3678 1625 3716 eum
1651 3663 1748 3716 mi-

163 3749 237 3803 sit
255 3764 327 3804 ex
347 3749 508 3812 multa
528 3749 784 3816 bonitate,
807 3759 858 3804 et
879 3755 1096 3820 peccata
1119 3750 1213 3802 tibi
1241 3751 1465 3815 remisit,
1488 3759 1544 3805 tu
1569 3763 1748 3806 autem

167 3838 421 3905 proximo
443 3852 548 3891 non
577 3838 828 3900 remittis,
851 3839 972 3893 vide
999 3848 1255 3909 quantum
1284 3841 1355 3893 sit
1377 3841 1591 3894 malum.
1614 3840 1749 3897 Cum

167 3927 275 3983 hoc
307 3937 486 3983 autem
515 3927 658 3982 malo
683 3936 768 3982 est
789 3927 936 3982 aliud
963 3943 1173 3998 quoque
1200 3944 1216 3981 :
1249 3929 1400 3984 timet
1423 3929 1614 3985 Paulus
1634 3970 1650 3998 ,
1685 3947 1753 3987 ne

169 4004 215 4072 si
246 4033 358 4073 nos
378 4030 499 4073 eum
523 4019 615 4089 qui
635 4027 720 4073 est
748 4019 940 4088 injuria
969 4019 1191 4074 affectus
1218 4021 1269 4074 in
1297 4022 1583 4078 solitudine
1608 4024 1755 4077 inve-

173 4112 322 4164 nerit
351 4108 758 4174 inﬂammatum,
787 4111 964 4180 ignem
1002 4111 1278 4167 accendat.
1311 4112 1439 4166 Nam
1476 4114 1750 4182 quamdiu,

171 4197 304 4253 dum
353 4208 434 4252 est
475 4199 590 4253 dies
615 4240 628 4260 .
661 4199 828 4272 multa
876 4200 1116 4263 excutis,
1145 4200 1271 4255 licet
1313 4201 1407 4256 tibi
1452 4204 1753 4258 exsatiari:

170 4288 394 4360 quando
417 4296 598 4349 autem
645 4278 867 4344 ventura
883 4297 974 4358 ,est
996 4303 1220 4358 vespera
1243 4332 1259 4355 ,
1290 4292 1635 4347 reconciliare
1657 4332 1673 4359 ,
1701 4301 1757 4348 et

172 4392 375 4432 recens
395 4378 591 4432 malum
619 4378 919 4448 exstingue.
949 4377 1080 4433 Nam
1106 4379 1149 4432 si
1177 4392 1282 4433 nox
1309 4381 1719 4450 apprehenderit
1737 4423 1753 4447 ,

173 4482 284 4521 non
318 4469 514 4536 poterit
542 4468 658 4523 dies
690 4482 943 4537 sequens,
989 4468 1185 4522 malum
1216 4481 1377 4524 noctu
1407 4485 1618 4541 quoque
1659 4487 1756 4527 eo.

172 4567 362 4628 actum
389 4556 442 4612 e't
465 4565 845 4627 congregatum
872 4558 1249 4628 exstinguere;
1291 4559 1386 4614 sed
1410 4560 1618 4616 etiamsi
1645 4577 1759 4616 ma-

168 4645 354 4715 jorem
386 4657 588 4716 partem
619 4647 935 4712 resecueris,
969 4655 1140 4710 totum
1170 4656 1347 4703 autem
1397 4665 1502 4705 non
1544 4648 1716 4720 possis
1738 4693 1754 4718 ,

171 4734 268 4790 dat
295 4750 485 4790 rursus
524 4735 769 4804 sequenti
814 4737 957 4790 nocti
997 4751 1064 4792 ex
1106 4738 1353 4816 ecquod
1389 4749 1474 4796 est
1517 4742 1758 4798 relictum

169 4821 442 4894 majorem
468 4839 658 4896 rogum
688 4824 986 4881 faciendum
1015 4835 1030 4881 :
1058 4835 1115 4882 et
1140 4828 1278 4887 sicut
1303 4830 1404 4896 sol,
1435 4831 1480 4886 si
1510 4833 1651 4901 quod
1676 4841 1760 4889 est

169 4915 320 4970 aeris
345 4915 401 4970 in
426 4919 621 4972 nubem
643 4925 884 4972 coactum
913 4926 967 4972 et
992 4918 1376 4976 condensatum
1403 4936 1500 4992 per
1525 4934 1757 4990 noctem,

170 5021 284 5060 non
316 5007 554 5075 potuerit
574 5008 753 5061 calore
780 5007 972 5062 diurno
997 5008 1208 5064 mollire
1231 5020 1287 5065 et
1313 5011 1641 5082 dispergere,
1669 5029 1762 5071 oe.

168 5094 324 5149 casio
348 5095 619 5163 prabetur
642 5099 997 5164 tempestatis,
1023 5098 1148 5153 dum
1173 5115 1276 5154 nox
1299 5102 1552 5172 reliquias
1573 5119 1762 5174 apprev

169 5182 467 5248 heuderit,
496 5192 552 5238 et
575 5198 670 5239 eas
698 5200 884 5241 rursus
926 5187 1046 5243 aliis
1076 5190 1378 5259 saporibus
1417 5193 1610 5250 aluerit
1639 5212 1655 5249 :
1686 5196 1762 5254 ita

167 5273 342 5326 etiam
371 5270 430 5325 in
456 5273 558 5328 ira.
588 5270 767 5327 Nolite
809 5275 973 5329 locum
1013 5276 1138 5332 dare
1181 5279 1402 5337 diabolo.
1434 5281 1616 5352 Itaque
1643 5284 1760 5341 bel-

168 5359 282 5418 lum
315 5359 427 5431 sibi
453 5370 641 5416 mutuo
665 5362 880 5430 inferre,
906 5375 988 5419 est
1015 5365 1189 5421 locum
1215 5368 1344 5425 dare
1366 5370 1601 5427 diabolo.
1628 5373 1759 5429 Nam

167 5465 297 5516 eu
342 5459 625 5521 oporteret
648 5453 1022 5527 omnessimul
1046 5469 1167 5510 esse
1193 5457 1522 5530 constipata:
1552 5471 1607 5516 et
1633 5477 1763 5517 con-

169 5539 442 5599 deusatos
464 5582 480 5608 ,
509 5551 565 5598 et
586 5542 844 5598 adversus
871 5545 1020 5601 illum
1045 5557 1188 5604 stare
1207 5588 1222 5617 ,
1249 5549 1438 5606 solutis
1481 5543 1599 5621 quae
1637 5562 1763 5608 sunt

170 5635 334 5690 nobis
357 5647 483 5690 cum
507 5633 598 5689 illo
617 5633 1190 5706 inimicitiis.jubemus
1211 5647 1268 5694 ut
1289 5639 1423 5695 alter
1453 5641 1505 5697 in
1533 5643 1760 5701 alterum

521 5819 792 5880 Parnm.
840 5817 952 5878 Gn.
1009 5799 1176 5882 LXII

1822 507 2215 552 convertamur.
2245 497 2541 569 Numqum
2581 499 2723 561 enim
2763 498 2938 556 locum
2982 501 3060 557 sic
3092 498 3253 560 habet
3279 503 3398 559 dia-

1817 585 1970 639 bolus
2001 597 2056 639 ut
2085 587 2137 640 iu
2169 587 2476 642 inimicitiis.

1884 674 1941 729 Ξ.
1983 675 2375 731 Inimicitiarum
2415 679 2550 732 mala
2576 697 2596 732 :
2624 682 2877 751 quomodo
2904 683 3005 737 sint
3041 683 3301 740 sedanda.
3320 712 3398 730 —

1819 764 1953 820 Hinc
1997 766 2137 820 mala
2175 777 2470 823 nascuntur
2508 770 2805 826 innumera.
2860 772 2930 828 Et
2971 775 3108 828 sicut
3145 758 3400 843 quamdiu

1816 858 2032 928 quidem
2060 869 2184 914 sunt
2211 862 2476 930 compacti
2508 862 2713 931 lapides
2733 904 2749 930 ,
2783 878 2957 934 neque
2986 865 3277 936 quidquam
3307 865 3415 920 ha-

1820 949 1947 1006 bent
1987 965 2250 1015 vacuum,
2286 960 2432 1007 stant
2476 952 2726 1023 infracti;
2771 955 2852 1010 sin
2894 964 3072 1010 autem
3116 957 3406 1028 contigerit

1818 1041 1986 1095 solius
2015 1056 2142 1096 acus
2187 1032 2302 1097 fleri
2336 1037 2754 1111 perforationem
2797 1054 2890 1100 aut
2931 1056 3206 1116 rupturam
3231 1086 3248 1113 ,
3280 1062 3402 1118 qua

1819 1131 1977 1186 unius
2005 1132 2094 1200 pili
2125 1133 2297 1186 solum
2330 1133 2508 1187 locum
2539 1141 2737 1200 teneat,
2769 1144 2938 1190 totum
2970 1151 3180 1191 murum
3211 1151 3402 1208 perva-

1819 1221 2034 1283 dentcm
2055 1263 2070 1283 ,
2113 1222 2214 1277 hoc
2241 1223 2420 1277 omnia
2457 1222 2706 1278 dissolvit
2734 1235 2787 1279 et
2817 1226 3028 1295 perdit:
3058 1227 3132 1281 ita
3158 1229 3318 1281 etiam
3349 1228 3402 1284 in

1827 1312 2083 1378 diabolo;
2115 1314 2368 1382 quamdiu
2408 1314 2624 1384 quidem
2669 1316 2928 1371 fuerimus
2955 1319 3225 1388 conjuncti
3270 1334 3404 1375 con-

1834 1400 2151 1470 densatique
2178 1417 2241 1457 ac
2270 1403 2409 1459 bene
2433 1405 2717 1474 compacti,
2749 1406 2878 1460 nihil
2903 1405 3122 1461 omnino
3153 1408 3312 1464 infert
3337 1423 3404 1468 ex

1823 1489 1888 1544 iis
1913 1505 2032 1560 qua:
2059 1505 2154 1546 sua
2184 1502 2346 1558 sunt;
2376 1493 2589 1564 quando
2632 1505 2809 1550 autem
2840 1511 2937 1552 nos
2977 1513 3161 1567 parum
3191 1499 3402 1555 mollie-

1822 1579 1908 1658 ri‘t,
1937 1588 2202 1651 tamquam
2228 1593 2440 1652 torrens
2459 1585 2675 1654 quidam
2705 1586 2897 1642 influit.
2931 1589 2988 1642 Ei
3017 1590 3158 1642 enim
3189 1603 3406 1660 semper

1823 1671 1939 1724 solo
1966 1686 2102 1740 opus
2124 1680 2206 1728 est
2230 1673 2417 1740 initio;
2450 1686 2504 1728 et
2530 1673 2633 1730 hoc
2657 1682 2743 1730 est
2768 1675 2911 1746 quod
2940 1677 3230 1733 difﬁculter
3256 1693 3404 1736 recze

1823 1762 2163 1830 componitur
2192 1779 2205 1814 :
2231 1762 2336 1818 hoc
2353 1773 2530 1818 autem
2557 1763 2694 1820 facto
2719 1767 2831 1835 ipse
2855 1766 2957 1823 sibi
2978 1769 3154 1822 omnia
3179 1769 3403 1825 dilatat:

1825 1851 2081 1920 deinceps
2109 1852 2252 1906 enim
2275 1867 2435 1908 aures
2460 1855 2633 1924 aperit
2653 1855 2953 1920 calumniis,
2983 1867 3038 1912 et
3067 1857 3130 1912 iis
3152 1859 3241 1930 qui
3273 1859 3410 1914 falsa

1827 1939 2013 1995 dicunt
2042 1942 2213 2010 major
2241 1942 2526 1998 adhibetur
2553 1942 2688 1999 fides
2719 1962 2734 2000 :
2767 1960 2890 2000 nam
2920 1946 3284 2018 disceptantes
3315 1950 3414 2003 ha-

1776 2099 1785 2108 ι
1828 2033 1957 2088 bent
1998 2033 2322 2100 inimicitias,
2355 2050 2460 2107 non
2495 2035 2821 2106 judicantem
2853 2039 3146 2094 veritatem.
3180 2041 3246 2095 Et
3273 2043 3411 2097 sicut

1830 2123 1875 2176 si
1919 2123 1988 2178 sit
2031 2125 2286 2187 amicitia,
2313 2127 2474 2180 etiam
2518 2126 2657 2181 mala
2683 2142 2807 2182 vera
2851 2129 3099 2183 videntur
3136 2129 3304 2196 falsa;
3335 2132 3406 2186 ita

1830 2212 1990 2266 etiam
2017 2211 2062 2267 si
2091 2214 2201 2267 sint
2235 2213 2530 2271 inimicitia:
2554 2256 2568 2279 ,
2602 2216 2765 2271 etiam
2807 2217 2936 2271 falsa
2966 2217 3213 2274 videntur
3232 2235 3357 2276 vera
3389 2238 3403 2274 :

1832 2301 1935 2355 alia
1967 2309 2048 2356 est
2074 2317 2246 2370 mens,
2281 2303 2422 2358 aliud
2445 2303 2726 2375 judicium,
2756 2320 2861 2360 non
2887 2322 2958 2362 ex
2983 2323 3136 2378 :equo
3163 2309 3410 2375 audiens,

1834 2393 1926 2448 sed
1961 2409 2081 2448 cum
2125 2410 2314 2464 magna
2360 2396 2709 2452 inclinatione
2751 2406 2805 2452 et
2844 2400 2896 2453 in
2940 2400 3160 2456 alteram
3205 2411 3414 2471 partem

1837 2483 2209 2553 propensione.
2240 2485 2700 2553 Quemadmodum
2724 2489 2866 2542 enim
2894 2503 2946 2543 In
2977 2489 3110 2544 libra
3138 2492 3413 2561 plumbum

1834 2576 2072 2631 additum
2104 2585 2273 2632 totum
2304 2577 2466 2631 trahit
2495 2595 2510 2631 :
2540 2578 2610 2631 ita
2641 2577 2729 2634 hic
2755 2580 2915 2634 etiam
2945 2581 3150 2649 pondus
3177 2583 3412 2638 inimici-

1838 2667 2030 2720 tiarum
2053 2706 2068 2730 ,
2100 2681 2222 2721 cum
2268 2666 2339 2722 sit
2381 2669 2598 2737 plumbo
2624 2671 2862 2740 gravius.
2894 2671 3253 2738 Quamobrem
3284 2689 3416 2746 rogo

1837 2769 2054 2835 agamus
2081 2756 2254 2810 omnia
2287 2797 2302 2821 ,
2337 2765 2394 2810 ut
2421 2766 2546 2812 ante
2575 2758 2704 2814 solis
2734 2774 2981 2814 occasum
3013 2754 3417 2835 exstinguamus

1839 2843 2166 2899 inimicitias.
2198 2844 2329 2899 Nam
2369 2847 2413 2900 si
2443 2848 2617 2916 primo
2640 2855 2697 2903 et
2721 2851 2962 2918 sequenti
2989 2849 3078 2906 die
3103 2866 3196 2907 eas
3227 2861 3417 2910 tenue-

1842 2937 1942 3003 ris,
1972 2951 2117 3006 smpe
2145 2940 2304 2993 etiam
2335 2939 2402 2993 ad
2430 2954 2628 2994 annum
2658 2956 2826 3010 usque
2853 2942 3131 3010 extendis,
3155 2950 3213 2998 et
3231 2944 3297 3000 de
3314 2957 3422 2999 cte-

1845 3033 1958 3080 tero
1987 3027 2117 3094 ipsa:
2143 3027 2348 3096 seipsas
2374 3039 2570 3097 augent
2598 3029 2914 3097 inimicitiae,
2945 3047 3046 3088 nec
3067 3034 3249 3103 aliquo
3275 3035 3419 3089 indi-

1841 3123 1966 3182 gent
1985 3129 2000 3177 ;
2025 3122 2078 3168 et
2094 3129 2210 3183 qua:
2231 3114 2389 3168 alites
2404 3115 2660 3172 dicuntur
2673 3116 2830 3172 aliter
2847 3120 3108 3189 suspicari
3135 3120 3415 3192 facientes,

1844 3204 2004 3271 etiam
2033 3213 2216 3273 gestus
2245 3205 2567 3276 habitusque
2595 3203 2651 3263 et
2677 3209 2951 3278 quodlibet
2995 3211 3230 3269 furorem
3273 3218 3421 3274 inve~

1847 3291 2012 3357 hunt,
2048 3301 2103 3346 et
2129 3291 2370 3349 efficiunt
2395 3305 2453 3350 ut
2478 3296 2630 3366 pejus
2663 3311 2723 3353 se
2748 3296 2978 3355 habeant
3005 3317 3162 3372 quam
3194 3304 3419 3376 furiosi.

1847 3382 1924 3436 ira
1952 3397 2128 3453 neque
2156 3399 2353 3439 nomen
2390 3385 2569 3441 dicere
2597 3402 2696 3443 nec
2738 3389 2925 3447 audire
2969 3394 3285 3465 sustinente,
3327 3401 3421 3455 sed

1848 3484 1914 3524 ex
1942 3472 2238 3552 maledictis
2265 3484 2319 3526 et
2347 3474 2605 3530 conviciis
2640 3477 2887 3548 loquente
2914 3482 3112 3537 omnia.
3139 3476 3421 3552 Quomodo

1849 3574 1979 3629 ergo
2009 3549 2142 3616 iram
2170 3561 2793 3634 molliemusiquomodo
2825 3567 3087 3626 flammam
3116 3549 3422 3648 exstingue-

1851 3650 2016 3706 mus?
2049 3651 2107 3706 Si
2145 3661 2327 3707 nostra
2363 3654 2604 3723 ipsorum
2649 3668 2864 3726 peccata
2904 3671 3085 3718 mente
3114 3681 3386 3726 versemus
3407 3711 3425 3739 ,

1853 3755 1915 3795 ac
1942 3751 2197 3810 quantum
2230 3743 2339 3799 Deo
2365 3744 2686 3812 debeamus,
2719 3757 2774 3804 et
2806 3750 2874 3806 ad
2902 3753 2952 3808 ei
2980 3755 3305 3815 reddendam
3335 3778 3425 3818 ra.

1856 3831 2054 3886 tionem
2092 3833 2263 3888 simus
2289 3834 2506 3890 obnoxii
2536 3853 2550 3890 :
2583 3839 2628 3891 si
2653 3838 2950 3909 cogitemus
2992 3847 3132 3915 quod
3165 3863 3272 3904 non
3301 3851 3424 3908 ulci-

1856 3922 2058 3976 scimur
2086 3923 2381 3990 inimicum,
2413 3925 2510 3980 sed
2549 3941 2645 3981 nos
2671 3927 2818 3997 ipsos
2847 3947 2862 3985 :
2894 3932 2939 4004 si
2963 3935 3259 4004 cogitemus
3283 3937 3446 4010 quod

1856 4011 2127 4066 diabolum
2156 4013 2340 4068 laetitia
2378 4013 2639 4072 allicimus
2658 4057 2675 4084 ,
2708 4029 2951 4076 nostrum
2981 4023 3254 4081 inimicum
3280 4069 3296 4090 ,
3341 4027 3435 4100 qui

1859 4116 1985 4158 vere
2010 4110 2094 4156 est
2119 4103 2388 4169 inimicus,
2418 4116 2638 4176 propter
2663 4124 2819 4176 quem
2849 4111 3088 4168 membro
3122 4126 3312 4173 nostro
3351 4120 3431 4175 iu-

1853 4190 2051 4261 juriam
2081 4190 2328 4248 facimus.
2363 4192 2455 4248 Vis
2483 4205 2715 4265 acceptae
2743 4197 2948 4268 injuriae
2973 4215 3351 4275 esse-memor,
3383 4219 3439 4266 et

1859 4280 2150 4354 inimicus?
2175 4279 2259 4336 Sis
2287 4281 2555 4349 inimicus,
2581 4285 2676 4339 sed
2702 4285 2923 4356 diaboli,
2947 4305 3052 4348 non
3080 4295 3306 4354 membri
3335 4303 3435 4358 tui.

1863 4371 2152 4441 Propterea
2191 4386 2289 4433 nos
2333 4374 2514 4430 animo
2551 4383 2606 4430 et
2643 4377 2718 4431 ira
2760 4383 2983 4437 armavit
3025 4385 3199 4455 Deus,
3242 4406 3349 4448 non
3378 4405 3440 4450 ut

1863 4476 2048 4518 ensem
2075 4463 2127 4516 in
2157 4473 2339 4521 nostra
2363 4474 2590 4536 corpora
2612 4466 2904 4538 adigamus,
2929 4473 3024 4532 sed
3052 4484 3110 4530 ut
3135 4487 3303 4536 totum
3323 4482 3442 4553 glas

1862 4549 2007 4605 dium
2049 4552 2101 4606 in
2144 4551 2345 4607 diaboli
2388 4563 2574 4624 pectus
2618 4556 3031 4630 immergamus.’
3068 4566 3180 4623 Illic
3222 4549 3441 4629 include

1864 4655 2048 4696 ensem
2077 4647 2244 4712 usque
2264 4643 2331 4698 ad
2361 4644 2633 4714 capulum,
2663 4647 2708 4702 si
2737 4650 2840 4714 vis,
2872 4661 2920 4706 et
2956 4653 3128 4722 ipsum
3150 4661 3395 4728 capulum
3415 4697 3436 4724 .

1863 4747 1966 4787 nec
2002 4748 2254 4802 umquam
2295 4735 2589 4800 evulseris,
2621 4737 2715 4792 sed
2741 4741 2902 4796 etiam
2937 4743 3074 4799 adde
3110 4747 3293 4804 alium.
3323 4751 3443 4809 Hoc

1864 4832 2041 4877 autem
2069 4823 2160 4878 fiet
2181 4823 2394 4894 quando
2419 4825 2574 4881 nobis
2601 4825 2730 4894 ipsis
2759 4844 3060 4899 parceums,
3085 4839 3299 4904 quando
3319 4843 3442 4912 pla-

1863 4922 1980 4969 cate
1997 4915 2136 4970 inter
2159 4929 2258 4969 nos
2277 4914 2451 4970 affecti
2471 4917 2693 4974 erimus.
2723 4917 2949 4975 Pereant
2972 4927 3230 4994 pecunias,
3255 4943 3439 4998 pereat

1864 5005 2030 5074 gloria
2077 5014 2132 5060 et
2183 5005 2319 5059 bona
2371 5007 2701 5062 existimatio
2740 5025 2961 5065 :meum
3014 5017 3314 5074 membrum
3355 5036 3440 5078 est
3497 5055 3503 5061 -

1868 5099 2002 5155 mihi
2041 5101 2289 5155 omnibus
2327 5101 2638 5172 pretiosius.
2682 5102 2808 5159 Hec
2848 5106 2989 5176 apud
3032 5124 3127 5165 nos
3154 5110 3439 5171 dicamus:

1867 5191 1944 5247 Ne
1971 5199 2170 5246 nostra:
2212 5200 2417 5252 natura:
2459 5191 2707 5261 injuriam
2750 5193 3042 5263 faciamus,
3092 5209 3148 5253 ut
3186 5187 3447 5269 pecunias

1867 5281 2236 5350 acquiramus,
2270 5289 2326 5334 ut
2351 5281 2575 5350 gloriam
2604 5295 3014 5352 consequamur.
3043 5287 3133 5342 28.
3156 5288 3260 5354 Qui
3295 5296 3440 5362 fare.

1868 5379 1988 5434 tur,
2020 5372 2134 5442 jam
2178 5386 2278 5423 non
2313 5373 2554 5443 {arctam
2595 5371 2786 5442 inquit.
2841 5373 2999 5428 Vides
3041 5391 3286 5446 quamam
3311 5374 3444 5438 sint

1865 5461 2107 5518 membra
2130 5460 2328 5515 veteris
2358 5460 2589 5515 hominis
2606 5461 2632 5514 ἲ
2660 5463 3016 5532 mendacium,
3045 5478 3278 5541 accepta
3303 5473 3435 5544 inju-

1868 5554 1963 5608 rias
1993 5552 2324 5615 recordatio,
2368 5553 2588 5607 furtum.
2619 5551 2730 5608 Cur
2764 5563 2940 5610 autem
2981 5571 3086 5613 non
3122 5559 3295 5625 dixit,
3335 5565 3440 5635 ραι

1869 5641 2105 5708 furatur,
2137 5641 2425 5711 castigatur
2449 5683 2464 5707 ,
2493 5651 2800 5721 torqueatur
2823 5685 2838 5708 ,
2877 5645 2972 5701 sed
2995 5687 3014 5714 ,
3054 5646 3175 5704 Non
3216 5652 3442 5719 antpffus

1873 5737 2109 5808 (aretur!
2136 5733 2304 5805 Magis
2321 5744 2488 5792 autem
2514 5734 2703 5790 laboret
2722 5735 2977 5806 eprrando
2999 5735 3182 5792 bonum
3203 5744 3440 5798 manibus

3032 5836 3071 5895 ἰ
