4096 6310
693 426 798 481 £03
1032 458 1055 485 δ

694 512 795 589 suis
814 573 828 601 ,
860 544 914 586 ut
945 530 1121 585 habent
1149 526 1282 582 unde
1310 524 1492 577 tribuat
1532 520 1872 573 necessitatem
1901 507 2132 582 patienti.
2162 502 2265 608 Ubi

692 632 815 680 sunt
844 622 931 693 qui
952 620 1202 675 dicuntur
1221 613 1435 670 Catbari
1467 612 1565 681 (α),
1597 609 1648 664 id
1672 617 1756 662 est
1776 604 1982 669 mundi,
2013 616 2100 671 qut
2122 604 2266 693 omni

692 690 1027 780 sordevpleni
1070 708 1142 761 ita
1176 720 1255 759 se"
1280 702 1478 757 audent
1522 694 1849 754 nominare?
1878 693 2060 747 Potest
2087 690 2227 744 enim
2250 728 2264 753 ,

694 811 869 872 potest
900 799 1102 854 crimen
1130 794 1252 851 exui
1276 834 1292 861 ,
1326 807 1431 847 non
1460 790 1631 844 solum
1659 801 1725 841 eo
1751 782 1893 855 quod
1922 782 2266 872 desistatur‘a

695 868 935 961 peccato,
968 887 1060 943 sed
1092 887 1254 941 etiam
1281 898 1345 937 eo
1372 880 1513 951 quod
1555 881 1645 933 liat
1676 878 1874 931 bonum
1905 870 2139 941 aliquod.
2177 868 2269 923 \‘i-
2306 931 2313 937 α

692 983 832 1037 detis
858 978 1122 1050 quomodo
1141 980 1389 1044 oporteat
1409 985 1604 1024 exuere
1625 975 1843 1036 peccata
1864 965 1885 1018 ’Ξ
1908 962 2085 1017 Furati
2107 968 2265 1022 sunt;

694 1073 797 1128 hoc
824 1078 907 1126 est
944 1077 1217 1140 peccatum
1253 1062 1579 1117 admittere:
1608 1073 1715 1114 non
1758 1056 1918 1111 furati
1966 1062 2126 1117 sunt;
2168 1052 2271 1107 hoc

696 1178 801 1217 non
827 1150 905 1216 est
927 1167 1202 1231 peccatum
1225 1155 1476 1217 solvere;
1506 1149 1598 1206 sed
1624 1146 1891 1218 quomodo
1915 1145 1938 1195 ?
1962 1144 2018 1198 Si
2055 1143 2271 1198 labora-

697 1259 858 1313 runt,
902 1259 956 1304 et
985 1249 1102 1302 aliis
1130 1244 1539 1315 impertierunt:
1565 1239 1642 1294 sic
1669 1237 1943 1292 solverunt
1971 1241 2267 1304 peccatum.

696 1339 812 1393 Non
843 1339 953 1393 vult
981 1337 1152 1392 solum
1180 1348 1277 1389 nos
1304 1333 1568 1394 laborare,
1593 1327 1686 1381 sed
1713 1328 1780 1380 ita
1810 1325 2055 1395 laborare
2076 1332 2130 1376 ut
2153 1321 2272 1375 aliis

698 1430 1065 1499 impertiamus
1094 1445 1107 1480 :
1138 1440 1261 1480 nam
1296 1423 1456 1503 etiam
1493 1420 1583 1490 qui
1621 1419 1824 1472 furatur
1848 1423 2135 1486 operatur,
2177 1409 2273 1466 sed

698 1522 919 1576 malum.
958 1519 1047 1573 29.
1098 1516 1275 1570 Omnis
1313 1529 1474 1568 sermo
1520 1510 1685 1565 malus
1734 1525 1795 1562 ea:
1839 1523 1926 1562 ore
1970 1514 2130 1560 uestro
2173 1518 2274 1556 non

696 1610 956 1680 procedat.
987 1607 1115 1676 Quis
1137 1614 1219 1661 est
1243 1619 1423 1660 sermo
1447 1603 1615 1656 malus
1641 1602 1664 1653 ἲ
1693 1599 1764 1664 ls,
1787 1613 1944 1667 quem
1967 1598 2124 1651 etiam
2147 1593 2276 1647 dicit

698 1701 950 1764 otiosum,
975 1696 1253 1762 detractio,
1277 1695 1558 1750 obscoenus
1578 1704 1776 1752 sermo,
1803 1686 2120 1747 scurrilitas,
2144 1682 2277 1737 stul-

702 1793 1004 1861 tiloquium.
1048 1787 1213 1841 Vides
1261 1782 1532 1853 quomodo
1575 1779 1838 1835 exscindit
1892 1778 1985 1832 ira:
2030 1775 2274 1841 radices,

700 1882 1034 1938 mendacium
1059 1921 1072 1945 ,
1102 1878 1333 1944 furtum,
1365 1875 1791 1944 intempestivam
1818 1870 2275 1941 disputationem?

700 1974 832 2028 illud
861 1984 1063 2035 autem,
1099 1971 1220 2025 Non
1249 1969 1467 2038 amplius
1496 1971 1712 2036 furatur,
1746 1979 1849 2018 non
1879 1974 1984 2018 tam
2014 1963 2141 2017 dicit
2171 1961 2277 2015 illis

700 2066 986 2134 ignosccus
1013 2103 1028 2127 ,
1070 2076 1229 2130 quam
1274 2060 1429 2114 mites
1476 2067 1531 2111 et
1574 2057 1863 2110 clementes
1906 2068 2001 2108 eos
2046 2050 2279 2106 reddens

702 2155 892 2223 quibus
919 2152 1053 2206 facta
1085 2157 1198 2206 erat
1226 2150 1420 2215 injuria
1445 2187 1459 2213 ,
1489 2155 1543 2201 et
1570 2145 1802 2201 suadens
1830 2155 1887 2200 ut
1932 2158 1997 2199 eo
2041 2141 2279 2205 contenti

702 2248 841 2309 sint,
873 2224 1014 2315 quod
1044 2258 1150 2297 non
1176 2244 1283 2297 sint
1309 2256 1370 2295 ea
1398 2239 1628 2308 amplius
1656 2237 1886 2307 passuri.
1919 2237 2061 2290 Bene
2099 2243 2275 2289 autem

703 2338 770 2391 de
796 2335 970 2391 verbis
998 2342 1180 2387 monet
1207 2349 1220 2385 :
1253 2331 1370 2385 Non
1402 2330 1572 2384 solum
1598 2328 1740 2383 enim
1772 2341 1972 2393 rerum,
1999 2326 2091 2380 sed
2117 2325 2279 2380 etiam

707 2426 987 2485 verborum
1016 2438 1201 2492 poenas
1228 2421 1437 2476 damus.
1483 2419 1587 2474 Sed
1615 2419 1658 2472 si
1686 2419 1796 2488 quis
1824 2416 1982 2471 bonus
2009 2417 2076 2468 ad
2111 2414 2279 2480 wdiﬁ-

704 2516 947 2569 cationem
975 2514 1094 2580 ﬁdei
1122 2520 1176 2565 ut
1202 2511 1283 2579 det
1305 2500 1521 2579 gratiam
1549 2508 1883 2561 audientibus.
1915 2507 2026 2560 Hoc
2055 2516 2156 2572 est,
2182 2505 2284 2560 hoc

707 2604 877 2657 solum
910 2603 1128 2671 loquere
1155 2600 1297 2671 quod
1330 2599 1557 2653 aedificat
1583 2597 1906 2667 proximum,
1944 2597 2075 2650 nihil
2102 2605 2279 2650 autem

706 2705 1182 2763 supervacaneum.

780 2786 834 2839 5.
887 2783 1087 2853 Lingua
1131 2781 1379 2851 quomodo
1427 2779 1780 2832 utendunt.-——
1809 2777 2092 2845 Propterea
2143 2776 2283 2830 enim

709 2878 802 2932 tibi
822 2892 890 2941 ,os
919 2888 969 2930 et
1014 2876 1243 2944 linguam
1276 2872 1425 2926 dedit
1468 2872 1605 2924 Deus
1625 2910 1641 2935 ,
1672 2881 1730 2923 ut
1759 2868 1868 2922 Deo
1899 2883 2025 2937 agas
2049 2868 2247 2936 gratias
2267 2908 2280 2929 ,

709 2977 768 3022 ut
799 2967 1096 3036 proximum
1127 2962 1376 3018 aedifices.
1409 2960 1559 3028 Quod
1612 2959 1658 3013 si
1692 2958 1973 3012 aedilicium
2003 2958 2247 3012 destruas
2266 2994 2282 3022 ,

712 3056 901 3110 melius
934 3063 1017 3109 est
1057 3053 1243 3118 silere,
1286 3061 1340 3105 et
1381 3064 1666 3119 numquam
1710 3049 1875 3117 loqui.
1924 3047 2056 3101 Nam
2097 3061 2287 3100 manus

710 3143 949 3215 artificis,
978 3156 1093 3211 quae
1127 3155 1224 3210 pro
1253 3139 1522 3194 struendis
1555 3137 1720 3191 muris
1747 3138 2012 3204 deputatm
2040 3175 2053 3199 ,
2082 3134 2284 3187 didice-

711 3235 819 3287 rint
837 3233 1132 3295 dcstruerc,
1160 3231 1280 3299 jure
1305 3228 1763 3283 cxscinderentur.
1791 3225 2002 3279 Etenim
2034 3227 2135 3281 hoc
2152 3240 2287 3294 quo-

712 3339 815 3393 que
858 3323 987 3377 dicit
1030 3318 1471 3392 psalmographus
1515 3335 1528 3372 :
1576 3316 1763 3371 Perdet
1810 3315 2061 3369 Dominus
2118 3314 2288 3367 omnia

713 3412 846 3467 labia
872 3411 1048 3465 dolosa
1081 3409 1250 3479 (Psal.
1282 3409 1370 3463 ll.
1403 3407 1480 3476 4).
1512 3405 1625 3460 Hoc
1659 3419 1721 3459 os
1747 3413 1830 3460 est
1863 3419 2023 3459 causa
2049 3402 2287 3458 omnium

714 3504 997 3568 malorum,
1027 3502 1133 3554 imo
1158 3513 1285 3555 vero
1315 3513 1421 3552 non
1447 3511 1531 3561 os,
1559 3495 1652 3551 sed
1674 3496 1763 3564 qui
1793 3509 1859 3549 eo
1886 3496 2023 3549 male
2043 3504 2285 3549 utuntur.-

716 3593 850 3646 ilinc
878 3591 1237 3657 contumeliae,
1271 3588 1549 3642 maledicta
1576 3627 1592 3653 ,
1625 3585 1969 3667 bla‘Sphemia:
1993 3627 2009 3650 ,
2042 3586 2287 3655 volupta-

714 3691 828 3736 tum
855 3681 1065 3735 fomites
1085 3691 1139 3734 et
1165 3678 1431 3742 incendia,
1458 3676 1654 3741 caedes,
1679 3676 1959 3740 adulteria,
1988 3676 2146 3741 furta,
2173 3691 2289 3729 om-

666 3811 671 3815 .
718 3775 803 3826 nia
833 3787 898 3826 ex
926 3786 992 3826 eo
1018 3778 1329 3826 nascuntur.
1362 3769 1427 3822 Et
1452 3768 1719 3837 quomodo
1739 3808 1754 3831 ,
1780 3766 1969 3836 inquit,
1997 3767 2214 3822 caedes?
2246 3770 2305 3833 Ag

718 3862 1039 3919 contumelia
1065 3862 1131 3916 ad
1168 3863 1298 3915 iram
1324 3901 1339 3927 ,
1376 3860 1444 3913 ab
1473 3859 1548 3913 ira
1575 3859 1640 3913 ad
1671 3859 1849 3928 plagas
1870 3900 1887 3922 ,
1937 3873 1965 3912 a
2010 3858 2179 3929 plagis
2222 3858 2287 3913 ad

716 3954 917 4008 cmdem
942 3952 1223 4007 dcvenisti.
1249 3948 1528 4016 Quomodo
1549 3947 1914 4002 adulterium?
1942 3947 2066 4002 Hcce
2087 3948 2172 4003 vel
2198 3948 2289 4001 illa

721 4054 796 4108 te,
823 4043 1027 4112 inquit,
1070 4048 1244 4105 amat,
1277 4040 1399 4093 boni
1440 4037 1710 4108 quidpiam
1737 4038 1803 4091 de
1832 4048 1884 4093 te
1912 4046 1999 4092 est
2034 4038 2247 4108 lo'quuta
2274 4078 2289 4105 ,

721 4135 886 4190 robur
914 4142 1059 4187 tuum
1088 4130 1365 4196 relaxavit,
1393 4128 1587 4183 deinde
1619 4128 1712 4182 tibi
1755 4128 1832 4183 sic
1864 4144 2078 4198 quoque
2102 4144 2293 4185 accen-

723 4225 864 4281 ditur
890 4222 1172 4294 cupiditas.
1202 4222 1503 4294 Propterea
1552 4220 1765 4276 dicebat
1804 4220 2000 4275 Paulus
2023 4262 2039 4287 ,
2086 4221 2148 4276 Si
2181 4221 2293 4291 quis

722 4316 897 4369 bonus.
929 4313 1190 4380 Quoniam
1226 4324 1353 4381 ergo
1391 4312 1675 4365 verborum
1705 4308 1869 4363 multa
1896 4320 1979 4364 est
2018 4309 2291 4378 profusio,

723 4408 922 4467 merito
946 4402 1085 4459 dixit
1107 4400 1403 4463 indefinite,
1436 4407 1496 4454 ut
1517 4399 1608 4469 qui
1649 4399 1739 4453 illa
1780 4399 1924 4469 loqui
1954 4398 2217 4469 jusserit,
2242 4410 2298 4455 et

649 4516 653 4519 ·
725 4499 950 4554 formam
971 4492 1197 4549 dederit.
1222 4491 1559 4560 Quamnam?
1588 4490 1642 4545 Si
1673 4490 1792 4560 quis
1814 4491 2062 4557 mdilicat,
2084 4491 2293 4547 dicens.

731 4590 835 4643 Aut
861 4586 961 4639 hoc
990 4583 1151 4646 dicit,
1179 4592 1237 4636 ut
1268 4582 1361 4651 qui
1393 4580 1560 4648 audit,
1593 4580 1685 4635 tibi
1729 4581 1923 4635 habeat
1950 4583 2194 4651 gratiam.
2228 4580 2298 4639 Ut

732 4684 856 4747 puta
885 4690 900 4727 :
928 4679 1193 4725 scortatus
1216 4681 1300 4724 est
1326 4667 1524 4734 frater;
1570 4684 1638 4723 ne
1678 4669 1969 4725 insolenter
2008 4673 2203 4739 probro
2235 4686 2299 4727 ac

731 4763 1053 4821 contumelia
1100 4762 1335 4828 afﬁcias,
1381 4777 1482 4817 nec
1521 4776 1642 4817 cum
1681 4762 1911 4817 ludibrio
1937 4765 1988 4819 ei
2029 4765 2250 4822 insultes
2282 4785 2294 4839 _:

731 4852 961 4908 auditori
1000 4850 1132 4905 nihil
1168 4848 1382 4919 prodes,
1414 4850 1509 4905 sed
1538 4848 1660 4919 cum
1686 4851 1836 4907 lzedis
1857 4893 1872 4918 ,
1905 4864 1960 4907 ut
1988 4869 2083 4923 par
2111 4868 2212 4923 est,
2243 4865 2301 4913 ut

734 4945 826 5014 qui
856 4942 1163 5012 scrupulum
1192 4942 1241 4997 ei
1272 4940 1540 5011 injeceris.
1567 4941 1670 4998 Sed
1691 4944 1734 4997 si
1758 4944 1807 4998 ei
1835 4945 2068 5002 suadeas
2092 4963 2153 5003 ea
2180 4964 2300 5021 qua:

732 5043 856 5089 sunt
884 5030 1088 5102 agenda
1107 5070 1124 5097 ,
1154 5044 1396 5101 magnam
1426 5030 1522 5085 das
1558 5031 1607 5086 ei
1633 5034 1855 5102 gratiam
1879 5051 1894 5100 ;
1926 5036 1971 5089 si
2000 5037 2215 5093 erudias
2243 5049 2302 5095 ut

733 5104 872 5177 bona
900 5121 1058 5175 verba
1088 5121 1389 5189 eloquatur,
1416 5121 1461 5176 si
1482 5121 1729 5177 docueris
1758 5134 1814 5177 ut
1840 5127 2107 5181 neminem
2137 5129 2303 5184 malc-

733 5211 879 5265 dicto
901 5218 1135 5281 appetat,
1161 5211 1394 5265 maxime
1413 5226 1535 5265 eum
1559 5211 1758 5276 crudis,
1781 5223 1834 5267 ct
1858 5215 1905 5268 ei
1928 5213 2022 5269 das
2041 5218 2262 5286 gratiam
2285 5236 2301 5287 ;

737 5304 782 5358 si
814 5299 1044 5371 loquaris
1070 5300 1136 5354 de
1164 5300 1594 5370 compunctione,
1622 5301 1690 5358 de
1719 5302 1947 5371 pietate,
1971 5305 2039 5362 dc
2064 5306 2303 5363 eleemo-

740 5405 907 5461 syua,
948 5393 1061 5444 haec
1096 5391 1273 5444 omnia
1321 5391 1569 5446 molliunt
1613 5393 1727 5462 ejus
1771 5395 2028 5450 animum.
2075 5398 2178 5453 Pro
2218 5399 2305 5456 his

744 5482 991 5541 omnibus
1013 5483 1265 5539 fatebitur
1298 5499 1356 5539 se
1397 5484 1490 5539 tibi
1522 5484 1719 5540 habere
1743 5491 1986 5557 gratiam.
2016 5492 2119 5547 Sed
2147 5494 2191 5547 si
2238 5496 2311 5550 ri-

805 5658 1392 5736 lel_!*_!_.§"r.t_ﬁ9umei
1414 5663 1529 5736 μειβ
1570 5664 1762 5736 Stultius-
1785 5664 1933 5736 ante
1962 5668 2141 5736 νίςιεεεε
2183 5676 2308 5736 apud

805 5677 856 5718 ra
903 5677 962 5708 nr
1002 5677 1113 5733 sunt
1155 5677 1427 5732 minuant.
1462 5677 1529 5733 tte
1603 5677 1750 5713 mnus
1785 5677 1933 5717 multa
1962 5677 2119 5720 Videsi:

733 5677 1038 5779 Curi-ianum,
1063 5719 1335 5770 Luscinum
1351 5726 1398 5773 in
1418 5722 1543 5774 Hist.
1570 5677 1697 5775 ἓςεὶ.
1718 5732 1769 5777 et
1788 5725 2119 5792 Epiphaniam.

1384 411 1422 466 S
1478 402 1753 463 JOANNIS
1787 392 2253 457 CHRYSOSTOMI
2294 388 2605 448 ARCHIEP.
2644 388 3176 447 CONSTANTINOP.‘

3844 388 3938 441 (οι

2375 513 2492 553 sum
2523 501 2755 553 moveris
2774 543 2788 566 ,
2818 502 2861 556 si
2891 510 3043 571 turpe
3073 501 3324 571 loquutus
3345 499 3530 562 fueris.
3560 498 3729 568 magis
3758 512 3943 553 accen-

2373 588 2494 653 dis;
2537 588 2584 643 si
2625 589 2857 644 laudaris
2898 590 3226 660 nequitiam,
3252 590 3436 659 dejicis
3473 597 3527 644 et
3553 588 3752 658 perdis.
3785 589 3941 658 igitur

2378 678 2456 732 vel
2486 678 2589 734 hoc
2613 678 2896 735 dicendum
2930 699 2943 734 :
2979 679 3060 735 vel
3105 691 3162 735 ut
3190 696 3283 737 eos
3317 679 3507 743 reddat
3541 681 3808 750 gratiosos
3829 720 3845 745 ,
3873 683 3942 731 ita

2374 768 2526 824 dixit.
2563 770 2629 826 Ut
2657 772 2800 826 ettim
2839 780 3167 841 unguentum
3206 773 3297 828 dat
3338 775 3561 843 gratiam
3594 774 3657 828 iis
3686 772 3777 842 qui
3823 781 3943 826 sunt

2373 860 2489 929 ejus
2529 862 2849 931 participes,
2893 865 2963 917 ita
3012 863 3172 917 etiam
3214 877 3392 917 sermo
3426 864 3616 918 bonus.
3657 863 3943 930 Propterea

2373 950 2586 1020 quidem
2630 952 2789 1007 etiam
2833 954 3037 1008 dicebat
3064 994 3081 1020 ,
3136 952 3456 1023 Unguentum
3499 954 3718 1020 effusum
3761 971 3941 1008 nomen

2376 1053 2513 1096 tuum
2540 1042 2708 1113 (Cant.
2739 1046 2790 1099 1.
2822 1045 2901 1114 9.),
2935 1045 3077 1114 quod
3104 1059 3199 1099 eos
3227 1045 3453 1099 faciebat
3476 1045 3683 1115 spirare
3706 1061 3777 1100 ex
3807 1046 3947 1101 bono

2376 1130 2466 1187 illo
2502 1133 2687 1189 odore.
2734 1133 2895 1189 Vides
2939 1136 3085 1188 illum
3131 1134 3274 1205 quod
3314 1151 3526 1203 semper
3572 1135 3802 1201 suadet,
3850 1135 3949 1190 hoc

2376 1237 2586 1293 quoque
2615 1224 2960 1278 nunc'dieere
2981 1264 2997 1288 ,
3027 1235 3085 1278 ut
3111 1225 3205 1294 qui
3235 1225 3451 1279 mandet
3483 1227 3767 1293 unicuique
3786 1226 3950 1281 cediti-

2375 1330 2499 1369 care
2525 1316 2823 1385 proximum
2863 1331 2960 1387 pro
2984 1316 3228 1370 viribus?
3254 1316 3355 1382 Qui
3386 1331 3513 1385 ergo
3543 1317 3663 1372 aliis
3694 1316 3809 1373 iure
3830 1333 3949 1372 sua-

2377 1403 2502 1468 des,
2534 1405 2703 1459 multo
2733 1406 2900 1476 magis
2943 1407 3164 1476 tibiipsi.
3196 1407 3285 1463 50.
3328 1407 3396 1461 Et
3427 1410 3579 1462 nolite
3613 1415 3911 1463 contristare
3933 1452 3948 1476 ,

2379 1494 2567 1565 inquit,
2595 1495 2846 1566 Spiritum
2871 1507 3123 1559 sanctum.
3172 1498 3490 1553 ilorribilius
3520 1499 3621 1553 hoc
3643 1508 3696 1554 et
3731 1501 3946 1557 terribi-

2380 1584 2482 1639 lius
2514 1606 2526 1639 :
2557 1585 2697 1654 quod
2728 1585 2939 1655 quidem
2969 1588 3097 1641 dicit
3127 1589 3287 1642 etiam
3318 1589 3370 1643 in
3404 1589 3639 1658 lipistola
3681 1589 3745 1644 ad
3777 1590 3949 1646 Thes-

2380 1675 2746 1731 salonicenSes
2777 1695 2791 1731 :
2825 1677 2929 1732 illis
2950 1677 3093 1731 enim
3115 1684 3328 1748 quoque
3356 1680 3461 1734 tale
3481 1681 3605 1749 quid
3632 1681 3782 1746 dicit,
3820 1681 3952 1736 Nam

2378 1766 2462 1833 qui
2489 1767 2701 1833 spernit,
2727 1782 2826 1819 non
2856 1768 3108 1822 hominem
3130 1770 3344 1839 spernit,
3371 1769 3460 1823 sed
3486 1768 3647 1824 Deum
3671 1771 3744 1843 (l.
3778 1771 3949 1827 Thess.

2379 1856 2435 1909 4.
2462 1856 2538 1925 8).
2584 1856 2660 1911 ita
2706 1857 2791 1911 hic
2828 1873 3037 1927 quoque
3063 1876 3075 1910 :
3105 1859 3160 1913 Si
3197 1861 3420 1916 verbum
3448 1861 3648 1916 dixeris
3674 1870 3955 1918 contume-

2384 1948 2656 2011 liosum,si
2686 1947 2903 2002 fratrem
2931 1950 3281 2018 percusseris,
3306 1966 3411 2004 non
3443 1950 3589 2005 illum
3619 1951 3951 2019 percussisti,

2382 2035 2475 2091 sed
2501 2037 2753 2105 Spiritum
2781 2036 3005 2092 effecisti
3045 2026 3279 2092 tristitia.
3329 2022 3535 2093 Deinde
3563 2051 3643 2093 est
3671 2041 3833 2094 etiam
3872 2056 3960 2095 ac-

2382 2125 2555 2180 cessio
2584 2126 2866 2193 beueﬁcii,
2907 2118 2962 2182 ut
3007 2129 3179 2196 major
3216 2130 3287 2183 sit
3330 2130 3601 2184 accusatio
3639 2147 3653 2182 :
3692 2128 3763 2183 Et
3805 2132 3960 2185 nolite

2383 2217 2705 2283 contristare,
2735 2218 2905 2287 inquit
2931 2259 2945 2282 ,
2992 2209 3245 2289 Spiritum
3273 2233 3504 2274 sanctam
3525 2262 3539 2286 ,
3570 2223 3622 2275 in
3652 2238 3748 2292 quo
3775 2224 3961 2292 signati

2383 2306 2501 2359 estis
2521 2307 2573 2359 in
2603 2307 2684 2359 die
2710 2308 3084 2377 redemptionis.
3117 2309 3165 2362 ls
3188 2323 3286 2363 nos
3311 2310 3433 2365 fecit
3457 2325 3675 2381 gregem
3702 2315 3959 2381 regalem,

2385 2396 2431 2450 is
2459 2411 2555 2451 nos
2598 2397 2821 2452 abduxit
2850 2413 2878 2450 a
2920 2398 3105 2467 primis
3134 2401 3381 2454 omnibus
3411 2442 3427 2468 ,
3478 2401 3523 2456 is
3568 2416 3675 2456 non
3720 2404 3963 2473 permisit

2390 2499 2487 2539 nos
2529 2500 2651 2540 esse
2681 2486 2813 2541 sitos
2837 2501 2957 2540 cum
2984 2487 3052 2541 iis
3080 2489 3171 2557 qui
3202 2498 3328 2543 sunt
3356 2490 3574 2545 obnoxii
3611 2492 3703 2545 irae
3738 2492 3834 2546 Dei
3861 2536 3876 2557 ,
3912 2503 3965 2549 et

2390 2584 2444 2629 tu
2480 2590 2599 2630 eum
2630 2575 2841 2629 tristitia
2881 2576 3090 2630 afﬁcis?
3117 2576 3249 2632 Vide
3283 2579 3554 2649 quomodo
3601 2580 3711 2636 illic
3748 2581 3963 2650 quidem

2390 2664 2698 2719 terribiliter
2738 2664 2866 2720 dicit
2909 2684 2923 2719 :
2972 2665 3113 2720 Nam
3165 2669 3253 2735 qui
3297 2670 3522 2738 spernit,
3570 2685 3673 2724 non
3711 2671 3966 2724 hominem

2389 2757 2608 2826 spernit,
2638 2756 2729 2810 sed
2767 2755 2965 2820 Deum;
2994 2757 3079 2811 hic
3114 2768 3290 2813 autem
3333 2757 3589 2829 apposite
3608 2761 3673 2815 ad
3703 2762 3968 2832 pudorem

2391 2844 2782 2908 incutiendum,
2806 2844 2981 2900 Nolite
3006 2849 3319 2913 contristare,
3353 2850 3541 2918 inquit,
3576 2849 3831 2920 Spiritum
3852 2868 3969 2905 san-

2390 2944 2546 3003 ctum,
2578 2938 2627 2990 in
2655 2953 2754 3007 quo
2779 2938 2967 3008 signati
2995 2939 3130 2992 estis.
3159 2939 3271 2993 lloe
3302 2940 3631 3009 signaculum
3657 2943 3727 2996 sit
3754 2944 3807 2996 in
3835 2958 3966 2998 ore:

2395 3040 2461 3079 ne
2489 3026 2659 3095 sigilla
2686 3028 2987 3082 sustuleris.
3011 3027 3082 3082 Os
3112 3030 3388 3097 Spirituale
3416 3031 3546 3085 nihil
3581 3033 3683 3086 tale
3710 3033 3967 3103 loquitur.

2390 3114 2467 3169 Ne
2490 3114 2657 3180 dicas,
2690 3115 2829 3169 Nihil
2856 3126 2939 3170 est
2966 3118 3010 3170 si
3038 3125 3192 3185 turpe
3220 3118 3430 3183 dixero,
3459 3120 3502 3173 si
3532 3119 3675 3175 huuc
3703 3131 3797 3175 aut
3818 3122 3969 3176 illum

2392 3205 2709 3259 contumelia
2737 3206 2985 3270 all‘ecero.
3014 3207 3302 3275 Propterea
3332 3224 3580 3277 magnum
3604 3218 3688 3264 est
3724 3211 3931 3266 malum
3955 3254 3969 3274 .

2392 3293 2642 3362 quoniam
2677 3293 2806 3347 nihil
2845 3310 2963 3349 esse
2994 3295 3225 3350 videtur.
3254 3295 3386 3350 Nam
3416 3313 3536 3367 quae
3575 3297 3705 3351 nihil
3741 3314 3868 3355 esse
3891 3301 3972 3354 vi-

2392 3382 2607 3449 dentur,
2634 3381 2788 3437 facile
2808 3394 3226 3442 contemnuntur
3244 3402 3401 3455 ;.qu;e
3425 3396 3602 3440 autem
3625 3398 3971 3444 contemnun-

2393 3482 2499 3537 tur,
2527 3473 2690 3529 ctiam
2717 3484 3013 3544 augentur;
3048 3491 3166 3545 quae
3187 3487 3365 3531 autem
3393 3487 3654 3545 augentur
3676 3518 3692 3545 ,
3725 3480 3861 3533 fiunt
3892 3480 3974 3535 in.

2391 3564 2678 3632 curabiliag
2707 3563 2780 3618 Os
2811 3564 2974 3619 habes
3001 3565 3320 3634 Spit-ituale?
3345 3565 3532 3635 Cogita
3569 3568 3711 3637 quod
3748 3569 3975 3623 verbum

2393 3653 2593 3707 dixeris
2620 3653 2849 3722 primum
2877 3654 3088 3721 quando
3110 3669 3167 3708 es
3196 3655 3467 3725 loquutus,
3494 3665 3689 3726 quanta
3718 3658 3791 3712 sit
3810 3659 3981 3729 digni-

2398 3754 2476 3798 tas
2506 3744 2616 3798 oris
2647 3744 2743 3801 tui.
2775 3743 2987 3798 Patrem
3020 3759 3180 3798 vocas
3213 3746 3379 3801 Deum
3403 3785 3418 3810 ,
3448 3755 3502 3800 et
3544 3746 3761 3801 fratrem
3792 3752 3978 3803 statim

2395 3833 2586 3901 injuria
2607 3833 2817 3887 afticis?
2842 3834 3025 3904 Cogita
3052 3835 3321 3890 undenam
3352 3836 3519 3891 Deum
3553 3853 3714 3892 vocas
3738 3839 3975 3894 Patrem.

2395 3925 2439 3978 A
2471 3924 2700 3978 natura?
2729 3924 2822 3979 sed
2852 3940 2956 3979 non
2985 3927 3241 3993 potueris.
3268 3929 3303 3980 Α
3331 3928 3568 3983 virtute?
3595 3929 3689 3983 sed
3719 3944 3823 3984 nec
3850 3931 3975 3985 hoc.

2396 4012 2500 4069 Sed
2530 4014 2714 4069 unde?
2742 4015 2787 4069 A
2814 4016 2926 4069 sola
2957 4015 3284 4086 benignitate
3310 4026 3364 4073 et
3389 4019 3673 4074 clementia
3699 4061 3715 4087 ,
3747 4037 3778 4075 a
3811 4023 3978 4076 multa

2398 4104 2781 4159 misericordia.
2811 4104 3034 4172 Quando
3060 4114 3190 4176 ergo
3221 4107 3387 4162 Deum
3417 4124 3577 4164 vocas
3605 4110 3845 4178 Patrem,
3874 4129 3979 4167 non

2398 4197 2570 4253 solum
2601 4197 2700 4253 hoc
2724 4200 2917 4268 cogita,
2949 4199 3090 4269 quod
3112 4198 3243 4255 facis
3274 4201 3484 4271 indigna
3513 4202 3602 4256 illa
3628 4206 3847 4273 generis
3878 4220 3976 4260 no-

2401 4290 2604 4345 bilitate
2624 4331 2639 4356 ,
2671 4291 3006 4360 contumelia,
3024 4290 3304 4358 afficiens;
3334 4293 3429 4348 sed
3454 4295 3595 4363 quod
3627 4297 3786 4351 etiam
3818 4312 3853 4352 a
3885 4297 3982 4353 be-

2401 4382 2658 4453 nignitate
2679 4391 2732 4439 et
2757 4382 3039 4438 clementia
3066 4383 3234 4439 babes
3268 4383 3603 4440 nobilitatem
3629 4387 3872 4457 generis.
3907 4387 3982 4443 Ne

2401 4489 2519 4530 eam
2541 4489 2669 4544 ergo
2692 4473 2959 4529 dedecore
3001 4473 3204 4529 afficias
3227 4515 3242 4539 ,
3275 4489 3396 4529 cum
3422 4475 3785 4545 eam'quidcm
3829 4493 3983 4534 accc.

2403 4564 2546 4635 peris
2580 4580 2609 4618 a
2647 4564 2973 4634 benignitate
2998 4574 3053 4618 et
3088 4564 3411 4638 clementia;
3444 4556 3760 4630 crudelitate
3798 4578 3981 4623 autem

2404 4663 2457 4709 ct
2483 4652 2683 4708 saevitia
2729 4652 2894 4707 utaris
2934 4652 3189 4707 adversus
3222 4652 3433 4709 fratres.
3478 4653 3644 4708 Deum
3673 4670 3839 4711 vocas
3885 4656 3982 4711 Pa-

2407 4753 2541 4799 trem
2565 4782 2579 4807 ,
2609 4751 2664 4797 et
2688 4757 2811 4797 eum
2852 4742 3174 4797 contumelia
3209 4742 3377 4799 afhcis
3398 4743 3422 4795 ἲ
3445 4742 3548 4799 Sed
3578 4743 3692 4798 lucc
3720 4761 3832 4801 non
3861 4758 3983 4801 sunt

2405 4831 2499 4887 ﬁlii
2537 4833 2651 4902 Dei.
2679 4831 2826 4901 Opus
2858 4832 2951 4899 ﬁlii
2994 4832 3090 4887 Dei
3127 4841 3209 4887 est
3249 4833 3479 4889 inimicis
3520 4836 3795 4890 remittere
3821 4876 3839 4901 ,
3890 4853 3984 4906 pro

2407 4922 2838 4991 crucifigentibus
2867 4936 3045 4988 orare,
3075 4937 3171 4991 pro
3198 4923 3261 4976 iis
3290 4923 3380 4992 qui
3406 4923 3632 4978 oderunt
3663 4928 3992 4996 sanguinem

2408 5010 2701 5067 eﬂ‘undere.
2730 5010 2861 5081 Htec
2879 5018 3005 5066 sunt
3031 5012 3187 5082 digna
3216 5010 3324 5065 filio
3354 5011 3470 5076 Dei,
3499 5012 3766 5081 inimicos,
3797 5016 3989 5087 ingra~

2411 5111 2514 5166 tos,
2534 5100 2701 5168 fures,
2726 5101 3079 5171 imprudentes,
3105 5101 3463 5169 insidiatores,
3487 5118 3581 5175 eos
3596 5104 3789 5160 fratres
3809 5107 3991 5164 fact-rc

2413 5199 2467 5247 et
2493 5190 2738 5256 heredes,
2764 5204 2869 5246 non
2896 5198 3074 5245 autem
3096 5205 3190 5246 eos
3217 5193 3306 5260 qui
3334 5191 3457 5246 facti
3483 5203 3607 5247 sunt
3631 5194 3825 5252 fratres
3856 5207 3991 5253 tam-

2413 5296 2570 5350 quam
2598 5280 2859 5349 maneipia
2883 5280 3095 5335 allicere
3119 5282 3456 5338 contumelia.

2472 5372 2540 5426 «l.
2571 5369 2757 5427 Contra
2789 5371 3076 5425 maledicos.
3107 5401 3178 5411 —
3200 5372 3383 5443 Cogita
3409 5388 3653 5444 quzenam
3706 5377 3876 5433 verba
3913 5380 3992 5433 lo-

2415 5473 2635 5533 quutum
2664 5472 2745 5517 est
2770 5477 2833 5519 os
2858 5474 3038 5525 tuum,
3080 5478 3307 5532 quanam
3337 5479 3520 5519 mensa
3560 5466 3630 5519 sit
3670 5467 3977 5536 (lignatum,

2417 5568 2660 5619 qumnam
2685 5562 2883 5622 tangat,
2906 5568 3148 5623 qua‘nam
3168 5564 3363 5622 gustet,
3392 5571 3621 5625 quonam
3653 5558 3864 5613 fruatur
3894 5562 3994 5617 ali-

2421 5653 2621 5696 mento.
2651 5642 2726 5706 Te
2754 5642 2898 5697 fratri
2918 5644 3046 5698 nihil
3072 5660 3231 5713 grave
3257 5645 3433 5701 facere
3461 5648 3739 5702 existimas
3765 5649 3845 5703 illi
3882 5669 3996 5707 ma-

2427 5732 2697 5787 ledicens?
2730 5731 3006 5799 Quomodo
3033 5749 3161 5804 ergo
3182 5749 3337 5789 vocas
3359 5735 3614 5791 fratrem?
3642 5738 3696 5794 Si
3725 5754 3859 5811 ergo
3895 5756 3999 5797 non
