4096 6310
83 418 153 475 lilii
924 409 992 468 IN
1029 407 1240 466 EPIST.
1286 407 1377 463 AD
1416 404 1658 462 EPIIES.
1695 401 1848 461 CAP.
1892 403 1980 461 Ν.
2021 406 2250 462 Βολίιι.
2292 404 2410 462 XV.

1713 516 1926 571 tumelia
1952 516 2158 574 amcis?
2185 518 2460 574 Dominico
2486 518 2674 576 osculo
2691 516 2946 591 dignatus
2961 538 3042 592 es,
3074 534 3127 581 et
3151 541 3286 582 con-

75 541 134 586 εει
154 529 327 596 frater,
353 524 625 598 quomodo
654 523 785 579 dicis
805 564 819 588 ,
854 521 1005 576 Peter
1047 522 1256 576 noster!
1303 517 1432 573 illud
1459 505 1602 571 enim

76 628 226 686 uoster,
254 619 452 673 multas
477 617 742 687 significat
766 599 1043 685 personas.
1066 611 1252 682 Cogita
1275 623 1398 664 cum
1414 607 1605 678 quibus

74 723 156 764 stes
174 718 414 777 tempore
437 708 649 770 illorum
681 702 1055 776 mysterion
1080 719 1096 767 ;
1137 716 1259 756 cum
1285 698 1568 755 Cherubin
1587 739 1604 763 ,

73 811 166 855 cum
191 798 491 868 Seraphim.
519 797 800 867 Seraphin
824 795 966 850 enim
988 792 1310 848 contumelia
1356 804 1461 844 non
1486 789 1608 844 alli-

73 891 204 952 ciunt,
251 887 345 942 sed
390 902 455 942 os
502 901 689 941 eorum
735 900 899 940 unum
949 884 1118 939 solum
1160 881 1351 950 impleta
1391 893 1607 943 munus,

75 991 235 1046 nempe
264 976 429 1030 Deum
458 975 704 1030 laudandi
725 982 781 1030 et
799 973 1148 1043 gloriﬁcandi.
1171 969 1452 1036 Quomodo
1472 983 1602 1040 ergo

74 1066 239 1136 poteris
262 1080 385 1129 cum
415 1065 522 1120 illis
543 1064 745 1128 dicere,
763 1063 1006 1129 Sanctus,
1026 1071 1252 1127 sanctus,
1269 1069 1494 1126 sanctas,
1519 1059 1610 1129 qui

73 1170 144 1211 ore
164 1168 282 1208 ustas
304 1168 365 1209 es
383 1152 451 1206 ad
478 1151 900 1208 contumeliam?
928 1151 1251 1219 Dic,qua3so,
1273 1149 1318 1202 si
1347 1159 1491 1205 esset
1517 1163 1613 1203 vas

71 1246 264 1316 rigium,
286 1245 446 1315 regiis
469 1258 685 1313 semper
700 1243 838 1309 cibis
865 1241 1142 1304 refertum,
1173 1249 1229 1296 et
1255 1240 1322 1295 ad
1355 1239 1458 1295 hoc
1479 1255 1611 1294 eon-

71 1337 326 1398 tutulum;
371 1334 564 1388 deinde
601 1331 796 1395 aliquis
828 1345 897 1402 ex
941 1330 1152 1384 famulis
1178 1344 1243 1385 eo
1266 1338 1505 1384 uteretur
1543 1328 1611 1383 ad

70 1434 297 1488 stercora,
324 1422 616 1477 auderetne
639 1421 871 1493 amplius
885 1435 1147 1490 reponere
1160 1435 1283 1474 cum
1308 1420 1472 1484 vasis,
1493 1433 1614 1488 quae

71 1523 169 1567 sunt
191 1513 256 1568 ad
275 1513 362 1567 illa
388 1512 654 1566 destinata
674 1550 693 1577 ,
719 1511 893 1579 ipsum
920 1518 1158 1564 stercore
1177 1507 1481 1578 repletum?
1509 1507 1611 1562 Ne-

68 1617 319 1671 quaquam.
347 1599 664 1670 Huiusmodi
684 1608 868 1654 resest
888 1598 1278 1662 maledicentia,
1308 1597 1613 1667 hujusmodi

70 1708 138 1746 tes
156 1702 233 1748 est
266 1691 617 1747 contumelia.
647 1689 805 1744 Pater
823 1700 1011 1744 uoster.
1040 1689 1107 1742 Et
1130 1686 1301 1758 quid?
1330 1696 1484 1742 estne
1513 1686 1616 1742 hoc

68 1783 252 1836 solum?
278 1781 401 1836 audi
427 1780 586 1836 etiam
613 1794 732 1848 qua:
760 1789 1096 1853 sequuntur:
1134 1777 1234 1845 Qui
1267 1794 1318 1832 es
1359 1782 1412 1831 In
1452 1776 1612 1833 catis.

68 1872 227 1925 Statim
253 1869 458 1936 dixisti,
489 1859 644 1922 Pater
668 1879 837 1923 noster
860 1869 946 1937 qui
984 1883 1036 1921 es
1055 1869 1111 1920 in
1129 1868 1285 1933 caelis,
1313 1874 1370 1921 et
1395 1866 1614 1922 verbum

69 1972 109 2014 te
129 1960 308 2024 erexit,
349 1969 406 2014 et
431 1959 597 2013 menti
627 1966 729 2011 tuae
752 1955 867 2015 alas
903 1955 1147 2021 addidit,
1189 1963 1246 2010 et
1287 1955 1522 2010 ostendit
1565 1964 1617 2011 te

69 2049 252 2103 Patrem
279 2048 481 2104 habere
526 2047 580 2101 in
609 2045 778 2102 caelis.
816 2043 960 2100 Nihil
990 2059 1118 2116 agas
1142 2084 1159 2110 ,
1199 2043 1336 2098 nihil
1379 2043 1526 2098 dicas
1549 2058 1614 2098 ex

67 2137 119 2191 iis
133 2152 242 2208 quae
266 2133 403 2192 sunt
422 2137 476 2191 in
505 2143 670 2190 terra.
701 2133 760 2188 ln
788 2148 1080 2204 supernum
1110 2133 1258 2187 illum
1285 2131 1530 2187 ordinem
1557 2141 1610 2188 te

66 2227 240 2292 retulit,
266 2227 321 2280 in
353 2225 524 2280 choro
547 2222 641 2292 illo
669 2230 724 2278 te
751 2223 974 2277 inseruit
1004 2236 1140 2276 :eur
1166 2230 1218 2277 te
1244 2220 1495 2275 deorsum
1520 2220 1617 2275 de-

67 2315 250 2370 trahis?
285 2314 435 2384 apud
472 2313 722 2368 thronum
769 2320 880 2365 stas
915 2311 1120 2380 regium
1146 2349 1161 2374 .
1203 2318 1257 2366 et
1291 2308 1613 2376 contumelia

64 2403 390 2459 amcislﬂon
435 2399 744 2458 extimescis
774 2414 842 2455 ne
891 2399 1005 2453 Rex
1049 2413 1168 2452 eam
1213 2413 1325 2452 rem
1351 2396 1621 2453 existimet

66 2494 465 2549 contumeliam?
509 2491 616 2547 Sed
647 2493 692 2545 si
733 2490 962 2544 tamqus
987 2489 1202 2558 quidem
1239 2504 1422 2544 coram
1452 2488 1606 2550 nobis

65 2597 360 2636 coiiservnm
386 2580 632 2636 verberet
670 2588 763 2632 aut
783 2577 1108 2633 contumelia
1147 2566 1348 2632 afficiat
1367 2618 1382 2642 ,
1411 2576 1619 2632 etiamsi

67 2673 153 2725 hoc
171 2672 309 2740 iuste
333 2671 529 2733 faciat,
549 2669 728 2724 statim
757 2669 1112 2737 increpamns,
1135 2682 1250 2722 rem
1278 2681 1400 2722 esse
1427 2675 1620 2720 contu-
1657 2669 1660 2672 ’

64 2764 259 2818 meliam
308 2770 600 2834 putantes;
643 2770 700 2815 tu
739 2768 918 2816 autem
954 2773 1076 2817 cum
1114 2758 1432 2814 Cherubinis
1476 2765 1623 2826 stans

64 2853 188 2921 apud
210 2854 459 2908 thronum
478 2850 663 2922 Regis,
687 2850 1010 2905 contumelia
1036 2847 1257 2904 fratrem
1277 2847 1483 2903 silicis?
1505 2848 1621 2907 Non

63 2943 194 2998 vides
217 2942 332 2998 hac
371 2950 558 2998 sancta
582 2955 708 2995 vasa
727 2941 753 2994 τ
789 2955 970 2994 annon
1009 2938 1076 2994 ad
1103 2955 1269 2994 unum
1297 2940 1378 2994 eis
1406 2955 1623 3009 semper

61 3042 135 3084 est
185 3030 359 3101 opus?
397 3045 523 3084 num
567 3028 727 3083 audet
764 3028 1026 3098 quispiam
1064 3029 1145 3084 eis
1189 3029 1263 3082 uti
1307 3027 1374 3082 ad
1423 3027 1644 3098 aliquid.

62 3119 192 3174 aliud
213 3124 237 3172 τ
262 3121 340 3174 Tu
379 3134 442 3176 es
466 3119 552 3174 his
580 3119 721 3172 vasis
749 3118 985 3173 sanctior
1005 3157 1022 3182 ,
1048 3127 1104 3173 et
1130 3118 1300 3172 multo
1338 3119 1575 3172 sanctior
1604 3136 1619 3172 :

63 3223 147 3261 cur
171 3224 296 3280 ergo
319 3210 548 3278 teipsum
578 3208 777 3277 pollnis
812 3215 869 3262 et
895 3207 1178 3277 inquinas‘l
1199 3207 1323 3262 Stas
1354 3209 1408 3262 in
1433 3209 1581 3262 cadis
1604 3248 1621 3276 ,

64 3306 106 3352 et
133 3298 452 3354 contumelia
482 3299 699 3354 amcis?
727 3313 852 3353 cum
879 3297 1085 3368 angelis
1115 3299 1348 3353 versaris
1371 3339 1388 3366 ,
1415 3309 1468 3353 et
1494 3313 1625 3354 con-

2112 284 2153 328 ἱ.

3184 409 3289 468 res

1727 608 1944 665 tumelia
1987 609 2202 665 amcis?
2242 609 2382 678 Deus
2423 622 2488 665 os
2531 619 2679 666 tuum
2715 595 2939 668 ornavit
2967 622 3075 670 tam
3106 617 3290 672 multis

1715 697 1928 768 hymnis
1952 698 2232 769 angelicis,
2255 699 2518 758 alimento,
2539 715 2646 756 non
2677 702 2858 772 utique
2880 704 3166 774 angelico,
3191 707 3290 763 sed

1715 790 2136 860 superangelico,
2168 791 2250 845 sui
2276 791 2460 847 osculo
2481 782 2669 847 etsuis
2687 793 3045 863 amplexibus,
3076 805 3134 852 et
3152 811 3288 852 con--

1717 881 1929 935 tumelia
1951 881 2161 936 afficis?
2188 881 2544 958 Noli,quaeso.
2574 881 2683 938 Res
2712 883 2849 950 haec,
2875 899 3037 939 causa
3061 901 3288 957 magno-

1715 987 1832 1026 rum
1861 972 2144 1037 malorum,
2178 973 2366 1043 procul
2392 973 2463 1028 sit
2502 971 2571 1027 ab
2598 974 2779 1029 animo
2818 974 3147 1032 Christiano.
3192 978 3289 1033 Di-

1714 1060 1894 1115 cenda
1937 1061 2029 1116 tibi
2077 1077 2183 1116 non
2234 1062 2642 1134 persuademus,
2691 1079 2866 1134 neque
2909 1065 3002 1120 tibi
3029 1067 3286 1136 pudorem

1717 1149 2048 1205 incutimus?
2077 1151 2266 1208 Restat
2291 1167 2421 1222 ergo
2444 1159 2504 1207 ut
2531 1160 2583 1207 te
2611 1162 2908 1208 terreamus
2941 1173 2955 1209 :
2987 1156 3111 1210 audi
3138 1157 3284 1213 enim

1715 1232 1982 1293 Christum
2011 1239 2298 1306 dicentem,
2327 1241 2425 1306 Qui
2453 1241 2636 1295 dixerit
2661 1242 2811 1312 fratri
2835 1259 2946 1308 suo,
2969 1242 3286 1312 Fatue,rm

1716 1330 1812 1383 erit
1838 1335 2080 1400 genetiuis
2117 1331 2248 1402 ignis
2272 1331 2483 1402 (lauit.
2518 1332 2573 1386 5.
2602 1330 2720 1402 22).
2750 1331 2808 1386 Si
2833 1342 3012 1390 autem
3037 1334 3177 1404 quod
3203 1346 3290 1392 est

1715 1419 1954 1474 omnium
1979 1419 2306 1477 levissimum
2329 1459 2347 1487 ,
2385 1420 2688 1490 gehennam
2722 1414 2974 1483 conciliat
3005 1428 3134 1494 :qul
3155 1425 3291 1481 dicit

1715 1522 1836 1576 qua:
1858 1516 1988 1562 sunt
2012 1509 2187 1564 nimiae
2211 1509 2447 1565 audaciae
2469 1549 2487 1575 ,
2513 1525 2632 1577 quae
2656 1525 2762 1566 non
2790 1512 3126 1568 merebitur?
3151 1516 3287 1572 Ern.

1715 1596 1924 1652 diamus
1955 1612 2017 1653 os
2059 1607 2298 1655 nostrum
2328 1597 2394 1654 ad
2435 1597 2860 1654 benedicendum
2902 1617 2917 1653 :
2948 1616 3017 1657 ex
3049 1603 3151 1658 hoc
3174 1620 3287 1659 una.

1713 1700 1878 1755 gnum
1905 1694 1989 1741 est
2030 1686 2270 1752 lucrum;
2298 1702 2366 1743 ex
2412 1688 2731 1744 contumelia
2775 1704 3024 1758 magnum
3065 1703 3150 1748 est
3189 1694 3287 1749 da-

1715 1789 1899 1830 mnum
1931 1792 1947 1829 :
1979 1789 2087 1830 non
2124 1783 2249 1830 sunt
2289 1775 2375 1830 hic
2417 1777 2656 1847 pecuniae
2681 1777 3073 1848 impendendus.
3109 1772 3288 1852 lmpo-

1716 1878 1904 1918 namus
1954 1865 2169 1927 ostium,
2217 1873 2422 1920 vectem
2469 1872 2527 1919 et
2571 1867 2882 1936 repagulum
2950 1886 2966 1923 :
3007 1884 3106 1925 nos
3145 1871 3291 1942 ipsos

1717 1953 2010 2009 exedamus
2027 1994 2044 2018 ,
2075 1954 2120 2008 si
2143 1968 2305 2024 grave
2330 1953 2546 2025 aliquod
2578 1955 2798 2011 verbum
2819 1957 3107 2027 aliquando
3131 1975 3165 2017 e
3192 1977 3295 2018 no-

1718 2043 1845 2099 stris
1882 2044 2135 2100 dentibus
2175 2045 2441 2100 exsilierit
2475 2062 2491 2100 :
2535 2059 2788 2115 rogemus
2820 2047 3010 2116 Deum,
3042 2066 3292 2121 rogemus

1719 2149 1840 2187 eum
1863 2135 1953 2203 qui
1980 2143 2064 2190 est
2091 2134 2315 2190 affectus
2351 2136 2714 2203 contumelia;
2763 2152 2833 2193 ne
2873 2138 2925 2193 id
2961 2139 3119 2196 nobis
3156 2141 3292 2199 indi-

1719 2238 1883 2292 gnum
1898 2237 2252 2279 censeamus:
2279 2239 2377 2280 nos
2396 2226 2562 2295 ipsos,
2587 2239 2695 2280 non
2719 2225 2868 2282 illum
2892 2232 3288 2299 percussimus:

1717 2313 2065 2369 adhibeamus
2091 2314 2556 2382 medicamentum,
2579 2330 2784 2384 preces,
2806 2324 2863 2371 et
2891 2321 3286 2378 reconciliatio-

1722 2416 1842 2461 nem
1862 2417 1983 2457 cum
2007 2417 2075 2458 eo
2102 2404 2297 2474 quiest
2322 2403 2545 2458 allectus
2563 2405 2910 2461 contumelia.
2936 2407 2992 2462 Si
3021 2408 3074 2461 in
3107 2412 3284 2466 verbis

1724 2503 1922 2548 tantam
1947 2507 2129 2546 curam
2149 2493 2387 2563 gerimus
2405 2533 2424 2560 ,
2451 2494 2621 2549 multo
2649 2494 2816 2563 magis
2847 2495 2900 2549 in
2931 2496 3090 2552 rebus
3138 2498 3293 2555 nobis

1723 2583 1868 2654 leges
1895 2584 2249 2652 imponamus.
2278 2583 2348 2638 Et
2372 2583 2420 2655 si
2460 2581 2753 2638 habeamus
2779 2586 2980 2640 amicos
3002 2627 3020 2652 ,
3045 2590 3290 2657 quicum-
3315 2616 3320 2620 ι

1722 2689 1826 2742 que
1853 2673 2066 2728 tandem
2092 2673 2198 2726 sint
2225 2672 2304 2727 illi
2333 2712 2353 2738 ,
2385 2681 2440 2728 et
2463 2673 2766 2745 quempiam
2808 2675 3092 2730 maledicto
3127 2665 3296 2748 appe-

1725 2765 1924 2832 tierint,
1951 2771 2042 2818 aut
2061 2763 2250 2833 injuria
2276 2762 2572 2829 allecerint,
2601 2763 2811 2832 postula
2833 2764 2903 2819 ab
2929 2765 3060 2834 ipsis
3087 2776 3146 2821 ut
3172 2783 3289 2837 pm-

1724 2868 1820 2908 nas
1851 2853 1998 2907 dent.
2024 2853 2299 2909 Discamus
2323 2852 2545 2928 omnino
2568 2852 2670 2906 hoc
2697 2866 2818 2908 esse
2841 2865 3139 2923 peccatum:
3170 2875 3292 2913 nam

1723 2958 1844 2998 cum
1868 2943 2232 3006 didicerimus,
2256 2945 2364 2997 cito
2391 2941 2730 2998 desistemus.
2765 2943 2905 2998 Deus
2937 2955 3116 3001 autem
3149 2949 3296 3015 pacis

1723 3033 1989 3094 custodiat
2028 3040 2261 3087 mentem
2305 3031 2637 3100 et‘linguam
2680 3040 2951 3099 vestram,
2993 3043 3050 3089 et
3091 3037 3300 3092 muniat

1727 3131 1840 3174 tuto
1865 3133 2039 3186 muro,
2061 3132 2254 3188 nempe
2273 3118 2354 3172 sui
2385 3127 2552 3184 metu,
2583 3118 2635 3172 in
2663 3110 2887 3173 Christo
2910 3120 3038 3177 Jesu
3067 3122 3300 3180 Domino

1725 3218 1932 3275 nostro,
1957 3223 2076 3263 cum
2103 3221 2210 3278 quo
2239 3206 2383 3261 Patri
2404 3205 2576 3277 gloria
2618 3207 2780 3262 simul
2819 3224 2939 3264 eum
2970 3221 3157 3267 sancto
3179 3213 3300 3285 Spi-

1729 3311 1854 3353 τιιιι.

2871 3419 3152 3434 _.-

3159 3425 3306 3439 ——‘

1401 3478 1758 3542 HOMILIA-
1784 3477 1926 3540 XV.

59 3627 172 3681 Car.
208 3629 253 3682 ι.
285 3643 336 3681 v.
363 3627 455 3682 3i.
501 3624 681 3678 Omnia
725 3621 1009 3676 απιωίιυάο
1041 3615 1095 3675 et
1138 3623 1216 3674 ira
1253 3628 1300 3674 et
1339 3621 1620 3692 indignatio

119 3731 165 3772 et
189 3720 380 3774 cientur
417 3727 464 3772 et
490 3715 806 3786 blasphemia
845 3714 1054 3768 tollatur
1097 3730 1129 3765 α
1163 3712 1301 3767 vobis
1339 3728 1451 3765 cum
1486 3715 1622 3767 omni

121 3810 329 3864 malitia.

122 3900 185 3953 l.’
212 3895 674 3966 Quemadmodum
701 3901 756 3950 in
786 3909 879 3948 vas
899 3898 956 3950 et
987 3894 1361 3948 vestimentum
1389 3895 1623 3948 immun-

51 3990 176 4054 dum
198 4003 487 4056 numquam
514 4002 574 4040 se
602 3985 905 4040 dimiserint
929 3999 1055 4053 apes
1082 4002 1096 4036 :
1122 3983 1244 4037 ideo
1264 3984 1406 4038 enim
1436 3991 1491 4036 et
1515 3983 1624 4036 sui-

60 4080 226 4136 titibus
251 4093 302 4137 et
327 4081 613 4151 unguentis
648 4079 908 4148 bonisque
935 4076 1186 4131 odoribus
1225 4076 1405 4129 locum
1434 4089 1620 4144 asper-

59 4178 197 4235 gunt,
224 4169 412 4224 barum
441 4183 620 4224 rerum
649 4169 827 4238 periti,
853 4166 1100 4235 vinisque
1140 4180 1303 4221 suave
1329 4165 1618 4228 olentibus,

58 4272 104 4314 et
127 4261 243 4316 aliis
274 4262 522 4315 omnibus
551 4259 765 4313 illinunt
793 4257 1114 4312 calathiscos
1139 4296 1153 4318 ,
1179 4257 1229 4309 in
1273 4257 1464 4325 quibus
1497 4266 1621 4309 sunt

59 4353 335 4406 incessum
368 4360 630 4406 exeuntes
659 4364 727 4404 ex
753 4346 918 4402 alveis
950 4389 966 4414 ,
1000 4362 1069 4402 ne
1098 4347 1337 4415 ingratus
1363 4345 1496 4399 odor
1522 4359 1616 4400 eas

59 4458 231 4498 rursus
258 4444 438 4513 abigat
465 4442 572 4495 :ita
593 4440 753 4494 etiam
781 4439 834 4492 in
854 4447 1040 4492 sancto
1061 4435 1283 4504 Spiritu.
1317 4435 1423 4489 Vas
1453 4435 1625 4504 quod-

58 4532 169 4585 dam
212 4542 271 4588 et
298 4534 518 4604 quidam
555 4531 877 4585 calathiscus
901 4538 982 4582 est
1011 4537 1192 4582 nostra
1220 4528 1394 4580 anima
1441 4537 1622 4594 parata

56 4621 116 4675 ad
144 4624 456 4692 excipienda
485 4622 730 4676 examina
776 4620 1064 4689 gratiarum
1106 4617 1495 4687 spiritualium;
1528 4615 1623 4671 sed

56 4714 96 4763 si
122 4713 188 4764 sit
217 4713 364 4767 int'tts
389 4712 509 4766 bilis
526 4719 583 4764 et
606 4710 904 4763 amaritudo
920 4716 976 4762 et
994 4709 1094 4772 ira,
1119 4707 1333 4761 evolant
1354 4707 1622 4760 examina.

56 4800 338 4868 PrOpterea
389 4803 579 4856 beatus
626 4799 715 4854 hic
754 4808 813 4854 et
854 4791 1071 4867 sapiens
1121 4797 1352 4867 agricola
1404 4797 1624 4866 pulchre

56 4901 240 4958 purgat
269 4905 394 4946 vasa
421 4900 626 4953 nostra,
652 4903 763 4943 non
795 4890 981 4941 falcem
1013 4897 1224 4952 tenens,
1249 4901 1424 4955 neque
1450 4885 1619 4940 ullum

57 4979 190 5032 aliud
221 4981 638 5034 instrumentum
684 4977 914 5033 ferreum
950 4993 964 5030 :
995 4985 1050 5030 et
1093 4991 1190 5030 nos
1219 4984 1372 5030 vocat
1402 4975 1467 5030 ad
1493 4991 1625 5030 exa-

57 5084 168 5122 men
195 5069 303 5124 hoc
327 5070 627 5145 spirituale,
650 5083 712 5122 ac
740 5081 1070 5145 congregans
1100 5067 1270 5134 ipsum
1292 5075 1482 5134 purgat
1509 5082 1626 5134 pre-

55 5158 198 5212 cibus
235 5170 294 5212 et
320 5140 593 5212 laboribus
619 5166 673 5212 et
706 5159 825 5210 aliis
869 5140 1138 5209 omnibus.
1172 5154 1302 5207 Vide
1327 5169 1454 5223 ergo
1489 5169 1621 5223 quo-

55 5249 209 5302 modo
248 5233 514 5318 expurgat
552 5257 602 5302 et
655 5248 907 5301 emundat
947 5261 1040 5300 cor
1073 5253 1312 5299 nostrum
1365 5261 1379 5297 :
1425 5245 1628 5312 expulit

57 5324 410 5403 latendacium,
444 5337 650 5406 expulit
684 5338 835 5389 iram.
867 5334 1115 5389 Ostendit
1137 5336 1330 5386 rursus
1360 5333 1625 5401 quomodo

56 5431 245 5482 malum
285 5429 546 5483 radicitus
584 5428 741 5482 evelli
766 5427 931 5494 possit
958 5442 971 5477 :
1001 5425 1048 5478 si
1071 5433 1251 5478 mente
1279 5424 1492 5492 quidem
1521 5438 1624 5478 non

57 5523 212 5572 simus
242 5519 452 5584 amari,
491 5518 681 5586 inquit.
718 5517 785 5571 Ut
827 5518 968 5570 enim
999 5516 1136 5570 solet
1164 5515 1412 5569 accidere
1439 5516 1489 5568 in
1521 5516 1627 5570 bile

59 5617 249 5674 nostra,
281 5609 328 5662 si
358 5609 567 5663 modica
602 5608 780 5673 fuerit,
801 5618 978 5660 motus
998 5606 1159 5661 etiam
1183 5592 1376 5675 parvus
1401 5606 1628 5660 efﬁcitur

59 5709 200 5766 rupto
227 5699 570 5767 receptaculo
593 5716 608 5762 ',
634 5713 755 5752 cum
783 5709 958 5751 autem
989 5697 1325 5752 vehementia
1367 5695 1482 5766 ejus
1511 5713 1626 5752 cre-

59 5790 202 5859 terit,
228 5802 280 5847 et
305 5792 607 5848 mordaeior
630 5792 815 5848 eﬂecta
836 5791 1014 5859 fuerit,
1035 5805 1126 5845 vas
1143 5789 1283 5860 quod
1312 5789 1451 5844 illam
1477 5792 1624 5859 prius

1730 3622 1937 3677 ferebat
1961 3662 1976 3687 ,
2008 3621 2161 3690 quasi
2186 3635 2219 3676 a
2243 3619 2547 3679 vehementi
2577 3622 2699 3693 igne
2734 3615 2952 3681 exesum
2977 3666 2994 3693 ,
3027 3643 3135 3683 non
3165 3631 3302 3686 ultra

1727 3722 1901 3782 potest
1937 3712 2080 3766 illam
2107 3711 2382 3777 cohibere,
2408 3720 2462 3767 et
2491 3713 2544 3768 in
2587 3712 2824 3769 deﬁnitis
2854 3717 3101 3772 terminis
3126 3722 3300 3775 conti-

1727 3816 1894 3866 nere;
1924 3801 2019 3855 sed
2045 3801 2112 3854 ab
2142 3800 2425 3855 immodica
2449 3799 2716 3856 divulsum
2757 3806 3048 3860 acrimonia
3077 3807 3300 3865 dimittit

1726 3903 1844 3946 eam
1875 3931 1889 3956 ,
1941 3900 1998 3944 et
2037 3891 2165 3943 sinit
2210 3903 2483 3958 egressam
2523 3899 2694 3945 totum
2728 3909 2922 3962 corpus
2949 3897 3174 3965 perdere
3203 3916 3218 3951 ε
3249 3911 3304 3954 ει

1727 3982 1863 4037 sicut
1888 3981 1941 4034 in
1983 3981 2478 4048 urbem-importata
2507 3982 2750 4051 quaedam
2792 3987 3084 4039 saivissima
3115 3997 3169 4043 et
3203 3990 3303 4043 im.

1728 4070 2035 4124 manissima
2059 4070 2254 4135 bellua,
2278 4069 2526 4138 quamdiu
2546 4071 2759 4140 quidem
2781 4075 3082 4130 continetur
3103 4078 3153 4131 in
3181 4092 3300 4133 cara

1726 4161 1935 4215 ceribus
1955 4200 1970 4224 ,
2010 4161 2217 4214 etiamsi
2246 4160 2500 4214 el'feretur
2530 4170 2584 4215 et
2625 4162 2948 4219 vociferetur
2970 4206 2984 4230 ,
3027 4170 3298 4226 neminem

1727 4251 1922 4319 poterit
1945 4249 2170 4314 lmdere;
2215 4250 2427 4318 quando
2451 4259 2625 4306 autem
2651 4252 2728 4306 ira
2755 4255 3038 4310 invaluerit
3060 4299 3075 4321 ,
3103 4259 3148 4312 si
3176 4275 3300 4329 per.

1728 4341 1910 4394 fractis
1929 4356 2051 4410 qua:
2079 4341 2354 4410 interjecta
2387 4353 2540 4395 erant
2565 4347 2853 4413 repagulis,
2878 4350 3048 4417 possit
3065 4352 3300 4417 exsilire,

1729 4433 1928 4501 ingenti
1957 4432 2185 4486 tumultu
2207 4441 2260 4485 et
2284 4433 2690 4488 eonturbatione
2718 4437 2886 4506 replet
2911 4439 3176 4495 civitatem
3203 4482 3219 4508 ,
3246 4453 3303 4499 et

1728 4538 1917 4577 omnes
1944 4523 2108 4592 abigit
2140 4539 2153 4574 :
2188 4524 2259 4576 ita
2280 4524 2437 4576 etiam
2460 4523 2511 4576 in
2535 4523 2647 4585 bili,
2671 4527 2905 4593 quandiu
2925 4530 3140 4594 quidem
3166 4547 3298 4587 con-

1731 4613 1930 4668 tinetur
1954 4614 2066 4667 suis
2091 4612 2300 4675 finibus,
2324 4613 2528 4666 nullum
2555 4613 2708 4668 nobis
2728 4630 2978 4685 magnum
3009 4619 3164 4674 infert
3184 4637 3301 4676 ma-

1729 4705 1874 4769 lum;
1904 4714 2246 4774 posteaquam
2276 4712 2455 4758 autem
2483 4745 2499 4770 ,
2531 4714 2683 4773 rupta
2705 4721 2823 4774 qua:
2851 4721 2967 4761 eam
2997 4712 3304 4767 continebat

1731 4787 2035 4850 membrana
2061 4835 2076 4861 ,
2109 4793 2240 4848 nihil
2271 4802 2413 4849 vetat
2449 4796 2734 4862 quominus
2776 4796 2842 4849 de
2870 4807 3068 4852 catero‘
3095 4797 3163 4856 in?
3177 4803 3318 4856 uni--

1730 4903 1937 4942 versam
1985 4886 2310 4940 diﬂ'undatur
2354 4897 2595 4939 naturam
2622 4926 2636 4950 ,
2667 4897 2828 4950 tunc,
2875 4890 3082 4944 etiamsi
3123 4881 3308 4948 sitires

1731 4976 2017 5031 admodum
2042 4991 2200 5044 parva
2225 4975 2278 5028 in
2303 4975 2618 5044 quantitate,
2649 4985 2863 5045 propter
2893 4991 3299 5048 exsuperantem

1734 5069 1785 5121 in
1806 5066 2058 5136 qualitate
2081 5066 2207 5130 vim,
2230 5064 2406 5117 omnia
2423 5064 2524 5117 alia
2549 5064 2812 5118 elementa
2835 5078 2939 5121 suo
2961 5066 3127 5125 inﬁcit
3154 5069 3302 5124 vitio.

1731 5156 1862 5210 Nam
1884 5165 1938 5210 et
1964 5156 2176 5208 invento
2204 5153 2461 5221 sanguine
2481 5193 2496 5218 ,
2523 5152 2612 5222 qui
2638 5162 2724 5206 est
2752 5155 3076 5222 propinquus
3104 5167 3158 5210 et
3186 5159 3307 5214 loco

1734 5258 1787 5300 et
1813 5246 2084 5315 qualitate,
2105 5243 2340 5297 calorem
2361 5243 2449 5310 qui
2477 5252 2560 5296 est
2585 5243 2637 5295 in
2653 5243 2743 5295 illo
2763 5243 3022 5297 acriorem
3042 5246 3306 5314 efﬁciens,

1733 5333 2052 5405 etquidqnid
2076 5341 2159 5386 est
2185 5334 2560 5412 propinquum,
2584 5334 2652 5384 ab
2674 5347 2734 5385 ea
2756 5347 2873 5400 qua:
2899 5339 2980 5386 est
3005 5333 3058 5387 in
3081 5331 3333 5389 humore.

1735 5424 2041 5494 symmetria
2084 5430 2139 5476 et
2170 5421 2538 5475 moderatione
2581 5420 2836 5474 terminos
2865 5423 3168 5479 transiliens
3201 5465 3230 5490 ,.
3254 5435 3310 5479 et

1735 5513 1894 5566 bilem
1921 5512 2176 5573 reddens,
2224 5511 2308 5564 his
2351 5511 2483 5563 freta
2512 5511 2722 5563 auxiliis
2745 5551 2759 5574 ,
2793 5511 3041 5580 deinceps
3062 5517 3226 5571 etiam
3254 5519 3310 5574 in

1733 5606 1834 5658 alia
1884 5604 2121 5658 membra
2168 5602 2361 5656 bellum
2395 5601 2531 5670 ger-it
2563 5617 2580 5653 :
2609 5612 2663 5656 et
2690 5601 2882 5656 deinde
2916 5618 3036 5657 eum
3063 5608 3310 5661 omnibus

1734 5711 1884 5749 suam
1926 5692 2171 5747 indiderit
2199 5690 2636 5755 amaritudinem,
2672 5702 2874 5746 mutum
2921 5694 3084 5749 efficit
3133 5696 3306 5751 homi-

1735 5790 1876 5856 nem,
1908 5796 1962 5843 et
1989 5786 2219 5840 animam
2236 5783 2535 5852 expellens,
2560 5785 2833 5853 exspirare
2862 5785 3020 5853 cogit.
3052 5785 3160 5842 Cur
3189 5786 3302 5843 ιω
