4096 6310
739 427 838 482 I07

735 556 766 593 a
813 534 967 591 nobis
1010 530 1186 586 omnia
1215 525 1352 580 adeo
1389 530 1574 578 exacte
1603 527 1657 572 et
1698 521 1946 569 accurate
1973 509 2110 563 dicta
2136 505 2298 560 sunt?

738 629 808 686 Ut
835 642 956 682 cum
986 639 1048 679 ex
1079 618 1261 676 sensili
1291 609 1644 670 amaritudine
1687 601 2014 660 senserimus
2058 596 2306 651 intolera-

737 720 844 775 bile
874 717 1058 770 vitium
1097 703 1502 768 amaritudinis,
1535 713 1653 770 qua:
1691 695 1832 750 cadit
1864 691 1965 746 sub
2013 687 2308 753 intelligen-

736 813 887 876 tiam,
911 817 968 864 et
1008 803 1149 876 quod
1193 809 1286 856 toti
1326 811 1444 866 quae
1495 807 1612 849 eam
1656 790 1794 858 parit
1841 785 2032 838 anima:
2083 780 2307 850 primum

738 901 894 955 al‘fert
922 897 1218 959 interitum,
1249 889 1427 944 omnia
1464 897 1675 940 sursum
1723 887 1777 934 et
1813 877 2062 931 deorsum
2092 884 2308 941 perver-

738 1003 880 1053 tens,
923 989 1148 1041 vitemus
1175 982 1292 1051 ejus
1315 969 1878 1047 experientiam-Nam
1907 975 1964 1021 ut
1995 966 2106 1043 ipsa
2142 971 2307 1016 totum

653 1094 659 1099 ‘
738 1068 1086 1142 elementum,
1121 1077 1188 1129 ita
1220 1074 1304 1126 illa
1331 1068 1564 1125 incensis
1603 1057 2033 1131 cogitationibus,
2065 1069 2186 1108 eum
2216 1051 2307 1120 qui

737 1169 1102 1243 captusfuerit
1129 1165 1342 1221 abducit
1371 1163 1424 1214 in
1451 1158 1711 1230 gehennm
1737 1149 2068 1206 barathrum.
2099 1142 2167 1199 Ut
2192 1142 2309 1196 lucc

737 1279 866 1334 ergo
891 1271 1077 1318 exacte
1114 1261 1514 1329 perscrutantes
1538 1289 1553 1316 ,
1585 1248 1690 1302 hoc
1718 1236 1915 1300 maliim
1941 1239 2223 1308 fugiamus,
2257 1241 2310 1287 et

737 1330 968 1412 belluam
1011 1352 1279 1405 frenemus
1302 1385 1316 1409 .
1347 1330 1433 1398 vel
1471 1345 1648 1412 potius
1693 1334 1949 1392 radicitus
1976 1330 2265 1385 evellamus
2287 1365 2304 1392 ,

739 1459 1018 1516 pareamus
1045 1430 1209 1496 Paulo
1238 1438 1326 1508 qui
1369 1436 1538 1500 dicit,
1588 1431 1766 1485 Omnis
1807 1423 2127 1484 amaritudo,
2167 1433 2305 1478 non,

739 1515 1089 1607 lixpurgctur,
1121 1530 1233 1594 sed,
1262 1529 1470 1582 tollatur
1499 1541 1530 1577 α
1561 1522 1718 1576 vobis.
1750 1516 1887 1586 Quid
1911 1515 2052 1569 enim
2080 1525 2210 1580 opus
2229 1515 2312 1560 est

740 1639 795 1683 ut
821 1643 898 1682 ea:
927 1640 1012 1681 res
1040 1622 1170 1678 mihi
1200 1618 1468 1688 negotium
1498 1612 1785 1668 exhibeant
1805 1649 1822 1674 ,
1851 1615 1905 1660 et
1943 1616 2033 1657 eas
2060 1596 2309 1654 teneam?

738 1720 863 1792 quid
894 1732 1029 1786 opus
1056 1722 1140 1768 est
1183 1721 1239 1766 ut
1265 1687 1558 1764 custodiam
1589 1701 1816 1757 belluam
1843 1738 1858 1762 ,
1890 1710 2010 1750 cum
2056 1692 2216 1745 liceat
2244 1687 2311 1740 ab

737 1780 912 1866 anima
933 1780 1226 1863 amandare
1248 1843 1265 1868 ,
1295 1810 1350 1856 et
1379 1796 1559 1868 procul
1605 1792 1885 1847 abductam
1916 1783 2171 1854 abigere?
2204 1780 2308 1834 Pa-

739 1919 949 1960 reamus
977 1913 1108 1969 ergo
1135 1895 1300 1951 Paulo
1325 1891 1415 1961 qui
1445 1887 1612 1942 dicit:
1645 1877 1822 1938 Omnis
1849 1874 2134 1932 amaritudo
2162 1873 2308 1925 tolla-

740 2008 823 2049 tur
844 2013 876 2048 a
905 1962 1068 2047 vobis:
1091 1988 1197 2044 Sed
1226 1983 1359 2057 proh
1382 1979 1537 2036 dolor
1558 2018 1573 2043 ,
1604 1983 1732 2045 quae
1749 1987 1847 2026 nos
1875 1976 2020 2024 tenet
2045 1962 2279 2036 perversi
2297 1992 2309 2002 -

740 2089 859 2141 tas!
891 2098 1012 2140 cum
1055 2083 1329 2150 Oporteret
1365 2077 1582 2142 propter
1611 2067 1714 2120 hoc
1738 2062 1914 2117 omnia
1943 2059 2116 2112 facere
2141 2093 2156 2120 ,
2189 2061 2312 2109 sunt

738 2179 952 2250 quidam
983 2147 1115 2228 adeo
1141 2171 1438 2230 dementes,
1472 2170 1530 2216 ut
1559 2173 1617 2214 se
1644 2169 1857 2227 quoque
1883 2155 1984 2204 hac
2011 2150 2065 2202 in
2095 2162 2156 2202 re
2187 2147 2310 2200 bea-

739 2237 822 2323 tos
849 2270 1121 2326 censeant,
1152 2269 1206 2314 et
1232 2258 1287 2312 in
1305 2254 1457 2312 .malo
1483 2250 1806 2318 voluptatem
1829 2241 2090 2309 accipiant
2108 2245 2165 2291 et
2195 2237 2308 2304 glo-

739 2360 965 2418 rientur,
993 2361 1046 2407 et
1069 2351 1157 2404 alii
1187 2361 1281 2402 eas
1309 2342 1650 2399 temulenter.
1681 2336 1796 2400 Ille,
1826 2331 2014 2400 inquit,
2044 2336 2127 2383 est
2151 2329 2309 2378 homo

740 2448 964 2503 acerbus
989 2453 1043 2498 et
1066 2455 1224 2510 asper
1245 2479 1262 2504 ,
1287 2445 1369 2491 est
1397 2432 1639 2500 scorpius
1661 2471 1675 2492 ,
1706 2436 1789 2480 est
1833 2435 2052 2491 serpens
2078 2459 2093 2484 ,
2124 2424 2206 2472 est
2235 2417 2308 2468 vi-

742 2554 864 2606 pera
893 2553 906 2599 ;
940 2507 1230 2586 terribilem
1257 2541 1376 2580 eum
1406 2521 1729 2578 existimant.
1752 2514 1887 2582 Quid
1911 2524 2038 2580 ergo
2062 2507 2308 2562 acerbum

742 2633 887 2684 illum
935 2634 989 2679 et
1017 2635 1264 2691 asperum
1293 2618 1449 2670 times
1470 2656 1485 2678 ,
1508 2627 1541 2667 ο
1566 2609 1769 2666 homo?
1799 2606 1874 2660 Nc
1900 2618 1984 2657 me
2015 2600 2192 2662 laedat,
2225 2597 2311 2650 iu-

741 2723 888 2790 quit,
919 2732 986 2771 ne
1023 2729 1112 2770 me
1151 2709 1338 2782 perdat
1371 2727 1384 2762 :
1422 2721 1538 2761 sum
1568 2704 1711 2757 illius
1751 2695 1966 2754 malitia:
1992 2691 2262 2760 imperitus
2293 2703 2307 2741 :

744 2814 906 2865 timeo
935 2823 1002 2865 ne
1041 2805 1085 2859 si
1117 2819 1203 2858 me
1238 2801 1506 2855 hominem
1527 2791 1838 2863 acceperint
1891 2785 2185 2854 simplicem
2212 2823 2227 2845 ,
2259 2787 2312 2832 et

742 2917 860 2973 quae
887 2906 1014 2955 sunt
1038 2897 1154 2966 ejus
1175 2893 1302 2947 nihil
1331 2888 1732 2960 pratvidcntem,
1773 2883 1825 2934 in
1852 2892 1978 2933 suos
2005 2873 2206 2942 injiciat
2231 2872 2309 2924 la-

742 2962 930 3063 queos,
961 2997 1014 3044 et
1043 2962 1156 3042 suis
1185 2981 1440 3052 impediat
1461 2977 1683 3038 retibus,
1706 2972 1882 3025 abillo
1907 2962 2102 3038 paratis
2121 2962 2184 3017 ad
2213 2974 2312 3030 nos

741 3054 1109 3154 decipiendos.
1141 3076 1295 3131 Nunc
1341 3072 1510 3126 rideo.
1553 3057 1866 3122 Cur'rides?
1908 3059 2166 3130 Quoniam
2198 3054 2312 3107 hzec

742 3185 867 3231 Slllll
895 3171 1053 3226 verba
1085 3159 1370 3239 puerorum
1417 3159 1712 3214 timentium
1740 3197 1755 3219 ,
1799 3165 1918 3222 qua:
1960 3165 2068 3205 non
2100 3155 2220 3201 sunt
2251 3147 2313 3198 ti-

744 3263 954 3320 menda.
983 3237 1154 3329 Atque
1172 3257 1440 3311 neminem
1458 3249 1670 3319 quidem
1692 3246 1763 3298 ita
1781 3249 1990 3310 oportet
2011 3237 2309 3306 despicere,

746 3355 1010 3410 nemiuem
1030 3351 1102 3403 ita
1125 3347 1346 3401 irridere
1369 3349 1425 3394 ut
1449 3332 1987 3410 hominemacerbum
2015 3340 2066 3381 et
2092 3324 2309 3379 malum.

743 3442 885 3498 Nihil
915 3447 996 3494 est
1044 3437 1185 3491 enim
1234 3446 1385 3500 aeque
1428 3424 1748 3481 imbecillum
1789 3428 1947 3488 atque
1984 3413 2248 3470 acerbitas
2297 3431 2309 3467 :

744 3534 938 3588 stultos
959 3530 1044 3583 illa
1079 3527 1205 3580 facit
1229 3533 1282 3577 et
1308 3527 1571 3574 amentes.

815 3624 851 3677 2
900 3621 1015 3675 Non
1044 3615 1237 3672 videtis
1279 3610 1419 3682 quod
1447 3623 1535 3663 res
1568 3620 1710 3661 caeca
1740 3603 1811 3658 sit
1839 3601 2058 3655 vitium?
2088 3613 2194 3653 non
2224 3613 2316 3650 au-

745 3714 954 3772 divistis
972 3709 1115 3780 quod
1139 3707 1227 3778 qui
1255 3704 1428 3759 vicino
1449 3700 1582 3754 fodit
1610 3697 1840 3761 foveam,
1868 3693 1966 3747 sibi
1988 3692 2156 3744 fodit?
2181 3689 2314 3754 Quid

746 3805 921 3876 ergo?
963 3816 1070 3857 non
1112 3807 1196 3854 est
1246 3793 1512 3851 timendus
1553 3789 1760 3844 animus
1806 3786 1992 3854 plenus
2039 3780 2316 3850 perturba—

749 3872 935 3954 tio—ne?
973 3895 1028 3948 Si
1075 3889 1289 3962 quidem
1338 3895 1604 3951 tamquam
1663 3878 1934 3932 dtemones
1979 3882 2031 3928 et
2070 3872 2315 3930 furiosos,

749 3995 961 4062 oportet
999 3959 1158 4039 etiam
1206 3977 1430 4033 acerbos
1468 3974 1655 4026 timere
1679 4010 1694 4034 ,
1728 3976 1778 4022 et
1818 3976 2083 4033 tamquam
2131 3959 2320 4012 stultos

750 4045 847 4140 (illi
878 4079 1016 4133 enim
1065 4083 1267 4126 temere
1297 4074 1352 4120 et
1393 4059 1786 4117 inconsiderate
1819 4054 1998 4108 omnia
2042 4045 2275 4115 faciunt)
2300 4086 2315 4112 ,

747 4186 852 4242 ego
880 4179 1090 4238 quoque
1120 4161 1169 4215 id
1198 4159 1317 4213 dico
1343 4173 1358 4210 :
1382 4155 1428 4208 si
1451 4162 1626 4206 autem
1649 4157 1707 4202 ut
1731 4147 1821 4216 qui
1843 4153 1990 4200 recte
2021 4141 2320 4210 intelligant

752 4233 1020 4331 quomodo
1068 4255 1184 4309 sint,
1220 4264 1307 4303 res
1345 4243 1626 4315 gerendus,
1674 4240 1726 4292 in
1760 4239 1862 4290 hoc
1898 4251 2002 4288 non
2029 4233 2313 4288 assentior.

752 4321 887 4409 liam
924 4347 988 4402 ad
1014 4359 1102 4399 res
1129 4332 1578 4394 administrandas
1602 4338 1654 4384 et
1675 4323 2062 4396 dispensandas
2081 4321 2215 4377 nihil
2242 4327 2325 4374 est

755 4455 905 4512 teque
957 4445 1138 4505 aptum
1184 4438 1342 4496 atque
1383 4420 1702 4492 prudentia;
1757 4414 2090 4484 prudentiam
2130 4420 2318 4465 autem

760 4499 893 4588 nihil
923 4499 1074 4594 aeque
1109 4516 1350 4588 impedit,
1381 4521 1541 4580 atque
1569 4507 1798 4579 pravitas
1825 4514 1879 4558 et
1915 4503 2123 4565 vitium,
2157 4499 2325 4553 fraus-

756 4639 858 4694 que
901 4624 957 4673 et
996 4611 1218 4669 insidim.
1268 4605 1385 4660 Non
1427 4600 1623 4656 videtis
1663 4597 1849 4651 biliosa
1893 4607 2119 4661 corpora
2166 4603 2322 4669 quam

757 4678 865 4770 sint
910 4702 1215 4777 injucunda,
1261 4711 1381 4752 cum
1419 4691 1592 4748 omnis
1642 4687 1739 4742 flos
1782 4687 1835 4739 in
1861 4685 1940 4739 eis
1970 4678 2327 4760 emarcuerit?

760 4818 918 4875 quam
953 4769 1064 4853 sint
1093 4787 1357 4847 imbecilla
1388 4795 1441 4840 et
1467 4780 1692 4853 gracilia
1719 4786 1774 4832 et
1801 4777 1980 4843 inepta
2006 4771 2075 4826 ad
2104 4769 2328 4824 omnia?

757 4860 917 4952 'i‘ales
943 4888 1104 4945 etiam
1144 4887 1270 4936 sunt
1315 4870 1618 4946 huiusmodi
1659 4868 1872 4924 animze.
1900 4863 2017 4919 Non
2069 4870 2152 4917 est
2185 4860 2326 4933 enim

761 4986 955 5041 animae
977 4977 1114 5034 alius
1139 4971 1356 5026 morbus
1380 4967 1558 5035 regius
1591 4975 1750 5033 quam
1774 4958 1958 5011 vitium
1998 4965 2053 5011 et
2077 4955 2325 5025 pravitas.

763 5075 880 5132 Non
911 5083 1039 5138 ergo
1064 5106 1080 5129 ,
1113 5076 1222 5116 non
1249 5067 1332 5113 est
1375 5069 1462 5110 res
1491 5053 1640 5108 fortis
1685 5064 1750 5104 ac
1789 5047 1962 5101 valida
2000 5045 2329 5114 improbitas.

771 5165 942 5221 Vultis
973 5135 1156 5214 rursus
1199 5152 1357 5206 etiam
1389 5158 1449 5202 ut
1485 5140 1729 5209 exemplo
1773 5137 2105 5208 perspicuum
2147 5135 2334 5190 faciam

771 5259 826 5315 id
871 5251 1013 5326 quod
1047 5245 1212 5310 ilico,
1242 5238 1486 5296 adductis
1532 5234 1684 5289 vobis
1721 5230 2036 5299 imaginibus
2092 5227 2334 5282 scelerati

771 5319 1003 5407 hominis
1031 5349 1086 5395 et
1109 5333 1342 5392 hominis
1385 5327 1641 5396 simplicis
1671 5332 1725 5377 et
1755 5335 1858 5395 non
1891 5319 2044 5374 licti?
2084 5319 2331 5373 Scelera-

775 5454 862 5499 tus
896 5444 951 5491 et
975 5430 1119 5485 valer
1141 5435 1256 5482 erat
1278 5419 1534 5482 Absalon,
1553 5423 1608 5471 et
1625 5427 1810 5467 omnes
1835 5411 1898 5464 ad
1925 5425 2048 5465 suas
2073 5409 2338 5463 alliciebat

774 5539 956 5605 partes
986 5543 1001 5578 :
1029 5519 1151 5575 vide
1175 5529 1303 5584 ergo
1342 5517 1538 5581 quanta
1568 5507 1684 5575 ejus
1704 5512 1846 5558 esset
1869 5503 2062 5559 astutia
2093 5509 2148 5555 et
2176 5499 2332 5554 mali-

775 5586 970 5694 gnitas.
1027 5607 1378 5668 Circumiens,
1416 5599 1620 5668 inquit,
1663 5593 1874 5649 dicebat
1900 5609 1914 5644 :
1945 5591 2080 5646 Num
2109 5599 2192 5644 est
2238 5586 2330 5640 tibi

779 5678 1078 5782 iudicium?
1143 5699 1331 5752 volens
1385 5698 1811 5757 unumquemque
1875 5681 1978 5738 sibi
2047 5678 2335 5733 conciliare

778 5775 875 5864 i2.
909 5775 1034 5864 Reg.
1065 5791 1155 5851 ιδ.
1186 5791 1261 5857 '5).
1292 5782 1453 5841 David
1500 5791 1674 5835 autem
1714 5785 1827 5854 erat
1859 5775 2085 5843 simplex
2130 5780 2183 5825 et
2230 5784 2333 5823 non

1495 404 1552 461 S.
1589 398 1864 460 JOANNIS
1888 389 2354 450 CIIRYSOSTOSU
2398 387 2711 444 AllClllEi’.
2749 386 3274 444 CONSTANTINOP.

3880 386 3966 441 lOS

2416 502 2588 556 ﬁctus.
2617 503 2752 569 Quid
2783 505 2947 573 ergo?
2968 503 3094 558 Vide
3116 504 3391 558 amborum
3417 500 3574 557 linem
3594 543 3610 566 ,
3643 499 3762 554 vide
3788 514 3970 568 quanta

2413 593 2501 647 ille
2527 593 2717 661 plenus
2745 592 2842 648 fuit
2869 593 3118 647 amentia.
3152 593 3284 647 Nam
3313 592 3562 662 quoniam
3591 607 3697 644 non
3725 590 3832 644 alio
3859 605 3970 657 spe-

2412 684 2587 736 ctabat
2614 698 2772 751 quam
2801 693 2855 736 ut
2897 691 3113 736 noceret
3157 685 3315 750 patri,
3347 682 3398 734 iu
3443 681 3562 735 aliis
3590 678 3840 733 omnibus
3869 689 3970 730 erat

2412 781 2725 826 excaecatus.
2749 770 2852 826 Sed
2875 787 2979 824 non
3009 770 3171 824 David
3205 788 3216 821 :
3252 771 3349 835 Qui
3369 771 3510 824 enim
3539 769 3761 827 ambulat
3784 768 3973 837 simpli-

2413 863 2533 916 citer
2551 902 2566 926 ,
2596 863 2819 916 ambulat
2844 863 3152 930 conﬁdenter
3181 861 3200 932 (
3224 861 3376 914 Prov.
3407 861 3495 915 10.
3523 860 3632 928 9);
3665 859 3714 912 id
3746 866 3828 912 est
3851 897 3864 922 ,
3890 861 3969 926 qui

2412 957 2622 1012 Curiose
2642 955 2771 1011 nihil
2798 957 3006 1026 quaerit,
3021 957 3118 1024 qui
3149 957 3348 1009 nullum
3375 954 3572 1007 malum
3605 951 3841 1005 molitur.
3877 950 3969 1003 Pa.

2415 1063 2624 1102 reamus
2645 1063 2772 1117 ergo
2799 1047 2954 1102 beato
2982 1047 3147 1100 Paulo
3164 1055 3217 1099 et
3237 1046 3586 1099 misereamur
3603 1057 3664 1096 ac
3689 1040 3970 1095 deﬂeamus

2413 1138 2656 1193 homines
2687 1138 2908 1192 acerbos
2931 1179 2946 1204 ,
2975 1147 3029 1192 et
3059 1138 3238 1190 omnia
3267 1148 3485 1204 agamus
3508 1143 3561 1187 et
3587 1132 3846 1187 faciamus
3872 1171 3889 1195 ,
3917 1140 3968 1183 ut

2412 1246 2480 1284 ex
2517 1245 2700 1284 eorum
2736 1231 2928 1284 animis
2971 1230 3344 1284 exhauriamus
3389 1227 3800 1296 improbitatem.
3848 1223 3971 1278 Nam

2412 1319 2679 1389 quomodo
2708 1334 2814 1375 non
2840 1330 2925 1374 est
2947 1318 3260 1381 absurdum,
3290 1333 3409 1372 cum
3440 1317 3490 1370 in
3527 1316 3680 1370 nobis
3709 1316 3832 1369 insit
3862 1313 3973 1367 bilis

2414 1409 2534 1480 (etsi
2558 1411 2687 1465 utile
2726 1410 2797 1464 sit
2821 1412 3144 1466 elementum
3185 1427 3198 1463 :
3223 1423 3344 1462 nam
3373 1409 3573 1478 absque
3598 1407 3704 1460 bile
3735 1407 3845 1466 lieni
3877 1418 3973 1457 non

2415 1509 2588 1570 potest
2616 1510 2670 1554 ut
2704 1500 2772 1555 sit
2801 1501 2962 1559 homo
2983 1542 2995 1566 ,
3020 1502 3086 1554 de
3116 1499 3216 1554 hac
3245 1500 3432 1568 loquor
3458 1498 3566 1551 bile
3588 1494 3898 1570 elementari
3920 1496 3935 1561 )
3959 1510 3970 1547 :

2413 1592 2703 1662 quomodo,
2739 1592 2950 1662 inquam
2985 1633 3001 1656 ,
3036 1607 3139 1645 non
3166 1598 3248 1644 est
3291 1587 3574 1642 absurdum
3604 1567 3973 1654 hanchqttidem

2413 1697 2672 1738 evacuare
2698 1697 2793 1750 pro
2823 1683 3043 1746 viribus,
3078 1679 3288 1736 etiamsi
3323 1679 3610 1748 plurimum
3641 1677 3708 1730 ab
3736 1690 3798 1729 ea
3824 1675 3972 1744 juve-

2414 1788 2568 1836 mur;
2601 1786 2718 1825 eam
2747 1780 2926 1824 autem
2958 1785 3078 1839 qua:
3102 1777 3185 1824 est
3210 1770 3261 1822 in
3289 1768 3464 1821 anima
3491 1766 3640 1820 nihili
3673 1765 3866 1825 facere,
3892 1778 3974 1818 ne-

2412 1876 2516 1930 que
2543 1860 2776 1915 studium
2805 1874 3004 1929 ponere
3033 1867 3091 1912 ut
3119 1872 3438 1912 evacuemus
3463 1897 3479 1923 ,
3506 1871 3627 1910 cum
3668 1857 3885 1910 minime
3912 1855 3976 1908 sit

2412 1953 2578 2015 utilis,
2610 1949 2704 2004 sed
2739 1954 2899 2003 etiam
2949 1949 3179 2002 maxime
3226 1948 3427 2002 laedat?
3475 1947 3574 2013 Qui
3617 1950 3744 2012 vult,
3790 1945 3973 2012 inquit,

2413 2045 2543 2093 inter
2569 2056 2658 2094 vos
2677 2056 2781 2092 esse
2805 2041 3026 2109 sapiens,
3051 2041 3233 2092 stultus
3260 2039 3348 2106 ﬁat
3371 2047 3421 2090 ut
3441 2038 3506 2090 sit
3527 2037 3728 2105 sapiens
3755 2035 3831 2102 (l.
3857 2032 3972 2088 Cor.

2414 2133 2467 2188 3.
2493 2132 2602 2202 18).
2630 2132 2765 2186 Audi
2795 2147 2979 2185 rursus
3005 2131 3201 2184 Lucam
3229 2142 3438 2199 qunque
3461 2129 3722 2182 dicentem
3759 2145 3772 2180 :
3803 2125 3980 2180 Sume-

2413 2223 2535 2274 ban‘t
2569 2221 2733 2274 cibatu
2759 2237 2870 2272 cum
2904 2221 3234 2273 exsultatione
3259 2229 3304 2272 et
3332 2203 3651 2287 simplicitate
3671 2216 3861 2279 cordis,
3883 2215 3980 2267 col-

2414 2314 2676 2368 laudante:
2703 2310 2867 2364 Deum
2893 2351 2908 2377 ,
2940 2320 2985 2363 et
3017 2310 3262 2364 habebant
3305 2308 3524 2379 gratiam
3551 2306 3617 2359 ad
3644 2320 3840 2359 omnem
3874 2304 3976 2373 ple-

2414 2403 2522 2456 bem
2553 2401 2704 2471 (Act.
2730 2399 2782 2452 2.
2815 2401 2902 2453 46.
2937 2400 3001 2453 47
3027 2397 3069 2470 ).
3101 2399 3294 2452 Annon
3324 2397 3565 2451 videmus
3590 2408 3731 2448 nunc
3775 2408 3982 2463 quoque

2413 2492 2682 2561 simplices
2707 2500 2890 2544 etnon
2932 2490 3082 2542 fictos
3116 2503 3453 2543 communem
3487 2486 3744 2540 honorem
3772 2485 3982 2552 assequi

2415 2585 2480 2639 ab
2523 2583 2810 2637 omnibus?
2838 2581 3003 2635 Nemo
3042 2581 3091 2634 ei
3118 2581 3210 2648 qui
3239 2587 3321 2633 est
3365 2575 3628 2646 ejusmodi
3661 2575 3863 2629 invidet
3892 2615 3908 2640 ,
3939 2575 3979 2628 si

2417 2689 2503 2729 res
2531 2689 2653 2728 suas
2681 2682 2825 2727 recte
2860 2680 3008 2741 gerat
3033 2687 3048 2735 ;
3077 2683 3234 2724 nemo
3262 2669 3308 2722 ei
3342 2667 3592 2730 insultat,
3622 2667 3666 2718 si
3697 2666 3798 2719 sint
3827 2665 3876 2719 ei
3907 2678 3986 2718 res

2416 2769 2653 2821 adversae
2677 2782 2690 2830 ;
2723 2763 2816 2819 sed
2842 2765 2962 2817 licet
2990 2763 3098 2816 sint
3125 2761 3173 2815 ei
3201 2775 3287 2814 res
3336 2758 3604 2820 secundat,
3632 2757 3983 2825 gratulantur,

2415 2867 2468 2911 et
2488 2856 2531 2909 si
2560 2855 2737 2923 lapsus
2765 2854 2853 2918 sit,
2885 2851 3224 2906 miserentur.
3245 2849 3339 2903 Sin
3366 2857 3541 2902 autem
3561 2845 3764 2900 homini
3789 2844 3983 2898 acerbo

2417 2944 2772 3001 successerint
2806 2942 3126 3012 quandoque
3145 2955 3241 2994 res
3286 2939 3535 2994 secunda}
3556 2978 3572 3002 ,
3605 2937 3826 3006 perinde
3856 2950 3919 2989 ac
3945 2935 3986 2989 si

2417 3036 2631 3106 aliquod
2662 3036 2861 3088 malum
2893 3035 3216 3100 contigerit,
3260 3045 3448 3086 omnes
3478 3030 3831 3099 ingemiscant
3867 3045 3882 3081 :
3912 3017 3986 3080 sin

2417 3138 2591 3180 autem
2610 3127 2658 3180 ei
2687 3127 2880 3179 fuerint
2903 3139 2986 3178 res
3003 3125 3260 3186 adversae,
3291 3136 3478 3176 omnes
3496 3122 3762 3174 laetantur.
3793 3120 3988 3172 Eorum

2417 3233 2547 3286 ergo
2577 3219 2930 3270 misercamur
2967 3233 2980 3277 ;
3011 3215 3210 3269 habent
3239 3214 3379 3268 enim
3410 3213 3651 3266 inimicos
3682 3225 3992 3266 communes

2421 3312 2652 3380 undique
2698 3311 3106 3363 circumeuntes.
3159 3307 3321 3361 Jacob
3365 3317 3478 3359 erat
3523 3321 3625 3358 uou
3672 3306 3868 3366 licius;
3902 3301 3992 3356 sed

2419 3400 2622 3454 vafrum
2649 3409 2702 3453 et
2741 3398 3026 3466 malignum
3058 3397 3184 3450 vicit
3215 3396 3356 3448 Esait
3388 3411 3401 3445 :
3437 3394 3574 3446 Nam
3613 3394 3664 3445 in
3707 3407 3917 3460 proram
3948 3401 3993 3442 et

2420 3493 2693 3558 malignam
2721 3489 2942 3538 animant
2977 3503 3079 3538 non
3114 3485 3322 3538 intrabit
3356 3483 3601 3550 sapientia
3625 3481 3782 3550 (Sap.
3823 3481 3871 3534 Ι.
3919 3481 3990 3547 ιι).

2426 3581 2598 3633 Omnis
2623 3577 2910 3630 amaritudo
2930 3576 3136 3628 tollatur
3155 3590 3185 3626 a
3212 3575 3349 3627 vobis
3375 3588 3394 3626 :
3417 3588 3484 3626 ne
3507 3570 3753 3624 maneant
3781 3570 3992 3638 quidem

2423 3670 2681 3737 reliquiae.
2727 3665 2857 3718 Nam
2893 3665 3050 3719 etiam
3081 3664 3182 3717 hoc
3223 3664 3266 3716 si
3300 3672 3500 3716 motum
3529 3662 3685 3716 fuerit
3709 3700 3725 3725 ,
3758 3661 3900 3713 solet
3944 3669 3994 3712 ut

2423 3759 2491 3811 ab
2535 3758 2708 3825 aliqua
2763 3755 2993 3809 scintilla
3039 3754 3308 3821 integrum
3336 3753 3479 3806 intus
3507 3751 3742 3808 excitare
3783 3765 3992 3818 rogum.

2423 3841 2558 3916 Quid
2611 3848 2680 3902 sit
2727 3862 2854 3915 ergo
2892 3844 3208 3906 amaritudo,
3265 3853 3513 3897 accurate
3565 3842 3990 3896 consideremus.

2425 3938 2666 4007 Exempli
2695 3928 2855 3991 causa
2888 3938 2968 3988 sit.
2983 3934 3143 3987 homo
3193 3933 3558 3987 fraudulentus
3586 3941 3638 3984 et
3665 3931 3992 3992 insidiosos,

2425 4032 2644 4084 dolosus
2673 4039 2725 4082 et
2756 4027 2821 4080 ad
2849 4027 2988 4080 male
3018 4024 3319 4079 faciendum
3352 4031 3588 4093 paratus,
3631 4022 3994 4090 suspiciosus:

2425 4122 2492 4173 ab
2523 4135 2588 4175 eo
2619 4133 2830 4186 semper
2861 4118 3094 4170 nascitur
3124 4116 3201 4168 ira
3239 4122 3296 4168 et
3343 4113 3651 4182 indignatio.
3684 4110 3828 4164 Fieri
3858 4110 3997 4163 enim

2429 4228 2531 4265 non
2566 4219 2737 4280 potest
2759 4217 2816 4262 ut
2847 4207 3161 4275 tranquillus
3187 4205 3257 4258 sit
3286 4202 3549 4272 ejusmodi
3575 4201 3788 4255 animus
3817 4216 3830 4252 :
3880 4214 3997 4252 nam

2428 4305 2521 4358 ine
2549 4312 2602 4357 et
2626 4300 3005 4370 indignationis
3041 4296 3191 4352 radix
3217 4305 3298 4350 est
3323 4293 3584 4348 acerbitas
3621 4299 3674 4344 et
3699 4291 4001 4350 amarulen-

2429 4400 2523 4450 tia.
2564 4394 2666 4460 Qui
2708 4401 2790 4448 est
2815 4389 3099 4460 ejusmodi,
3146 4397 3196 4444 et
3239 4387 3305 4440 ad
3345 4400 3558 4456 gravem
3601 4383 3731 4437 iram
3765 4398 4003 4451 [πονευ-

2430 4499 2538 4548 sus,
2587 4496 2871 4551 numquam
2916 4477 3138 4533 remittit
3181 4476 3413 4530 animum
3439 4513 3456 4539 ,
3488 4482 3546 4526 ut
3575 4474 3662 4540 qui
3693 4471 3763 4524 sit
3792 4487 4006 4540 semper

2431 4572 2838 4644 cogitabundus,
2892 4583 3103 4637 semper
3146 4567 3332 4621 tristis.
3393 4563 3523 4617 Nam
3584 4563 3704 4632 ipsi,
3763 4572 3823 4614 ut
3872 4561 4001 4620 dixi,

2436 4666 2589 4736 primi
2613 4680 2705 4718 sua
2734 4662 2872 4716 mala
2898 4660 3147 4714 sentiunt.
3183 4656 3248 4711 Et
3271 4657 3481 4719 clamor,
3509 4653 3698 4721 inquit.
3728 4652 4006 4705 Curnam?

2435 4757 2576 4811 tollis
2600 4755 2757 4808 etiam
2787 4750 3114 4806 clamorem?
3142 4747 3271 4802 Nam
3302 4761 3421 4801 eum
3444 4747 3531 4814 qui
3563 4754 3643 4798 est
3674 4743 3818 4795 mitis
3848 4757 4007 4810 opor-

2436 4857 2511 4902 tet
2536 4860 2655 4902 esse
2683 4843 2859 4898 talem.
2885 4841 3098 4896 Clamor
3136 4839 3278 4892 enim
3305 4847 3388 4891 est
3405 4851 3582 4903 _equus
3609 4833 3786 4887 ferens
3814 4847 4007 4887 ascen-

2436 4952 2611 4992 sorem
2632 4977 2647 5002 ,
2681 4947 2870 5002 nempe
2901 4934 3031 4986 iram
3086 4938 3139 4984 et
3174 4927 3588 4996 indignationem
3622 4941 3633 4976 :
3667 4938 3870 4991 equum
3915 4923 4007 4974 im-

2440 5028 2598 5100 pedi,
2636 5036 2688 5080 et
2709 5024 2944 5080 evertisti
2972 5032 3329 5076 ascensorem.
3371 5015 3604 5071 Audiam
3628 5014 3740 5066 lucc
3769 5012 4009 5066 maxime

2441 5120 2710 5188 mulieres,
2743 5131 2862 5184 qua:
2889 5114 2942 5166 iu
2962 5127 3021 5166 re
3042 5110 3276 5179 qualibet
3289 5107 3521 5160 clamant
3543 5112 3596 5157 et
3625 5101 4008 5155 vociferantur.

2447 5215 2500 5266 In
2531 5225 2635 5265 uno
2665 5207 2784 5262 solo
2814 5205 2938 5259 utile
2966 5212 3047 5257 est
3072 5201 3325 5264 clamare,
3356 5210 3547 5263 nempe
3577 5195 3628 5246 in
3662 5189 4011 5263 przedicando

2444 5315 2498 5360 et
2527 5300 2774 5357 docendo
2803 5317 2817 5352 :
2859 5309 3114 5364 nusquam
3147 5300 3321 5344 autem
3357 5287 3506 5351 alibi,
3538 5298 3709 5353 neque
3738 5282 3791 5335 in
3826 5296 4014 5351 preca-

2447 5399 2608 5451 tione.
2644 5392 2771 5447 Etsi
2812 5389 2891 5441 vis
2920 5402 3014 5456 per
3035 5399 3119 5438 res
3149 5385 3288 5452 ipsas
3316 5380 3522 5433 discere
3555 5396 3567 5430 :
3596 5387 3891 5441 numquam
3912 5373 4016 5426 cla-

2445 5502 2585 5548 mes,
2618 5493 2671 5537 et
2694 5493 2976 5547 numquam
2999 5474 3246 5528 irasceris
3269 5484 3425 5524 :ecce
3448 5465 3660 5520 modum
3691 5461 4013 5517 cvacuaudte

2447 5581 2558 5634 iraa.
2577 5573 2876 5630 Sicutcnim
2903 5568 3014 5621 fieri
3035 5581 3138 5620 non
3169 5569 3341 5633 potest
3366 5567 3420 5611 ut
3443 5557 3530 5627 qui
3563 5569 3666 5609 non
3687 5553 3887 5606 clamat
3917 5551 4014 5604 ira-

2449 5676 2646 5730 scatur,
2690 5665 2760 5718 ita
2804 5662 2915 5715 fieri
2969 5675 3069 5712 nm
3101 5664 3273 5724 potest
3313 5663 3368 5706 ut
3399 5649 3484 5720 qui
3512 5648 3704 5701 clamat
3757 5659 3891 5695 non-
3919 5644 4014 5694 ira-

2452 5771 2646 5816 scatur.
2678 5756 2753 5812 Ne
2779 5755 2908 5810 mihi
2931 5751 3072 5818 enim
3110 5744 3369 5816 objeceris
3407 5739 3548 5810 gravi
3591 5737 3665 5793 ira
3705 5735 4010 5806 percitum.

4043 120 4059 208 ἲ
