4070 6388
692 336 796 395 £09

759 454 833 517 γ’.
848 446 1009 501 Ὥστε
1029 442 1092 501 ού
1119 444 1310 518 μικρὸν
1327 443 1461 515 πρὸς
1482 443 1639 498 τοῦτο
1655 442 2020 513 συμϐάλλεται
2041 440 2102 493 τὸ
2126 457 2251 496 παιο

685 526 876 584 δεῦσαι
901 528 1001 598 τήν
1050 525 1226 596 ψυχὴν
1265 524 1534 596 μηδέποτε
1591 524 1817 595 κράζειν
1862 521 1958 577 καὶ
1990 520 2143 591 βοᾷν.
2173 521 2254 573 Τά

688 609 866 682 ατερά
887 607 1237 679 περικόπτεις
1272 606 1373 675 τῆς
1388 606 1582 677 όργῆς,
1611 604 1709 675 τὴν
1728 603 1995 682 ῑκραυγήν
2034 618 2253 671 περιαι-

689 691 820 765 ρῶν,
844 691 905 745 τὸ
942 690 1140 759 οἴδημα
1176 687 1561 749 καταστέλλεις
1608 686 1709 755 τῆς
1754 684 2254 755 καρδίαςβΩσπερ

687 775 794 847 γάρ
821 774 943 847 οίηιΪ
973 772 1090 825 ἐστι
1141 771 1240 834 τάς
1270 772 1458 840 χεῖρας
1494 770 1571 838 μὴ
1618 767 1929 839 ἀντάραντα
1972 766 2249 826 παλαίειν,

686 855 861 920 οὕτως
890 855 991 909 οὐκ
1031 853 1112 907 ενι
1161 853 1236 922 μή
1280 850 1553 921 κράζοντα
1603 847 2049 918 συμποδίζεσθαι.
2083 848 2254 917 Δῆσον

686 938 782 992 τοῦ
811 937 1165 997 πυκτεύοντος
1191 934 1507 1003 τάςχεῖρας,
1541 931 1637 985 καὶ
1660 931 1914 983 κέλευσον
1928 928 2244 993 πυκτεύειν,

685 1020 799 1075 ἀλλ’
833 1020 894 1073 ού
923 1019 1229 1090 δυνήσεται·
1258 1014 1427 1077 οὕτως
1450 1012 1572 1067 οὐδὲ
1594 1015 1624 1066 ό
1649 1011 1838 1081 θυμός.
1869 1011 1933 1064 Ἦ
1957 1011 2013 1063 δὲ
2029 1009 2249 1082 κραυγὴ

686 1103 779 1154 καὶ
802 1100 893 1154 τὸν
922 1100 1021 1152 οὐκ
1047 1098 1176 1151 δντα
1205 1095 1430 1166 ἐξαίρει·
1462 1095 1557 1148 καὶ
1612 1094 1846 1164 μάλιστα
1874 1091 2122 1146 ἐντεῦθεν
2148 1107 2249 1144 τα-

685 1182 825 1254 χέως
883 1180 1160 1234 ἁλίσκεται
1204 1178 1265 1231 τὸ
1316 1175 1426 1229 τῶν
1459 1174 1732 1244 γυναικῶν
1780 1173 1973 1242 γένος,
2008 1173 2086 1237 αῖ,
2121 1173 2250 1254 δταν

684 1253 1009 1335 όργίζωνται
1030 1263 1151 1323 ταῖς
1181 1258 1545 1330 θεραπαινίσι,
1577 1257 1675 1327 τὴν
1702 1256 1880 1310 οίκίαν
1903 1256 2126 1309 ἀπασαν
2152 1253 2267 1335 τῆς¹

683 1334 932 1415 κραυγῆς
983 1340 1251 1413 πληροῦσι
1297 1340 1397 1409 τῆς
1425 1338 1653 1393 ἑαυτῶν·
1710 1337 1967 1400 πολλάκις
1993 1335 2050 1388 δὲ
2081 1335 2176 1389 καὶ
2196 1334 2249 1385 ει

686 1426 837 1497 παρά
863 1423 1136 1478 στενωπὸν
1162 1422 1417 1492 τυγχάνοι
1444 1420 1842 1491 ᾠκοδομημένη
1894 1420 1943 1487 ήο
1959 1417 2130 1479 οίκία,
2154 1415 2249 1468 καὶ

683 1510 735 1563 οί
755 1508 1039 1579 παριόντες
1055 1518 1081 1546 ι
1097 1521 1111 1535 ·
1142 1505 1381 1567 ἀπαντες
1398 1504 1685 1557 ἀκούουσιν
1707 1501 1877 1570 αὐτῆς
1909 1496 2249 1579 βοώσης,ίκαὶ

683 1590 780 1660 τῆς
808 1578 1181 1659 θεραπαινίδος
1216 1584 1591 1655 όλολυζούσης.
1621 1582 1687 1636 Τί
1722 1582 1913 1636 τούτου
1940 1578 2154 1647 γένοιτ’
2181 1578 2248 1631 ἀν

683 1668 1159 1742 ἀσχημονέστερόν
1202 1684 1333 1722 ποτε
1356 1666 1450 1720 τοῦ
1482 1666 1764 1726 κωκυτοὺς
1778 1662 2238 1727 ἀκούεινςῐιᾶσαι

683 1754 789 1825 γὰρ
821 1751 1022 1813 εύθέως
1058 1748 1389 1818 διακύψασαι
1411 1787 1426 1813 ,
1458 1747 1523 1800 Τί
1551 1746 1617 1817 δή
1660 1747 1903 1825 γέγονεν,
1945 1742 2244 1825 ἐρωτῶσιν,

681 1821 827 1901 έκεῖς
867 1830 931 1886 Ἥ
958 1832 1125 1898 δεῖνα,
1184 1832 1339 1903 φησὶ,
1366 1830 1466 1901 τὴν
1486 1829 1678 1898 δούλην
1714 1821 1907 1880 τύπτει
1932 1821 2031 1903 τῂν
2052 1825 2241 1893 αὐτῆς.

680 1917 747 1971 Τί
771 1915 961 1969 τούτου
982 1915 1177 1983 γένοιτ’
1201 1901 1268 1965 ἀν
1294 1911 1802 1980 ἀνάισχυντότερον;
1831 1907 1896 1959 Τί
1921 1901 2035 1970 οὖν,
2055 1905 2117 1957 ού
2138 1906 2245 1976 χρὴ

678 1998 936 2063 τύπτειν;
972 1994 1122 2068 [115]
1153 1995 1229 2048 Ού
1267 1994 1424 2047 τοῦτο
1469 1984 1646 2061 λέγω·
1686 1990 1767 2043 δεῖ
1802 1987 1901 2058 μὲν
1937 1987 2046 2058 γάρ
2066 1985 2245 2068 ,ἀλλά

683 2083 818 2151 μήτε
852 2067 1127 2148 συνεχῶς,
1162 2078 1300 2147 μήτε
1346 2074 1620 2145 ἀμέτρως,
1675 2073 1814 2143 μήτε
1858 2069 1998 2141 ὑπὲρ
2029 2067 2243 2151 τῶνὲοί-

685 2148 853 2215 κείων
887 2158 1271 2231 ἀδικημάτων,
1303 2157 1439 2225 ὅπερ
1483 2154 1571 2206 ἀεί
1609 2169 1772 2221 φημι,
1820 2152 1959 2221 μήτε
1991 2149 2093 2218 τῆς
2137 2148 2241 2200 ὑπ-

676 2244 907 2315 ηρεσίας
941 2241 1007 2295 ἀν
1041 2256 1094 2292 τι
1126 2238 1383 2309 ἐλλείπῃ,
1431 2235 1546 2289 ἀλλ’
1573 2235 1622 2287 εί
1650 2234 1747 2305 τήν
1784 2233 1984 2302 έαυτῆς
2016 2231 2241 2315 βλάπτει

679 2313 876 2394 ψυχήν·
909 2322 975 2376 ἀν
1000 2322 1141 2389 ὑπὲρ
1166 2318 1420 2387 τοιαύτης
1447 2317 1659 2389 τύπτῃς
1697 2316 1897 2379 αίτίας,
1929 2313 2239 2394 ἐπαινέσον-

679 2393 767 2460 ται
782 2393 1011 2466 πάντες,
1041 2403 1137 2455 καὶ
1163 2403 1192 2453 ό
1225 2400 1533 2468 έγκαλέσων
1551 2398 1747 2461 οὐδείς·
1784 2397 1852 2450 ἀν
1876 2396 1931 2448 δὲ
1959 2395 2099 2464 ὑπὲρ
2132 2393 2239 2447 τῶν

681 2486 810 2550 σῶν,
842 2484 1103 2555 ὠμότητα
1130 2481 1329 2544 πάντες
1356 2477 1795 2547 καταγνώσονται
1823 2478 1916 2530 καὶ
1948 2477 2237 2545 ἀπήνειαν.

678 2568 791 2621 Καὶ
816 2567 876 2619 τδ
904 2565 969 2634 δή
998 2564 1212 2617 πάντων
1244 2562 1616 2630 αἰσχρότερον,
1661 2560 1798 2612 είσὶν
1847 2557 2020 2620 οὕτως
2050 2558 2240 2629 άγριαι

679 2650 774 2704 καὶ
800 2648 1043 2717 ἀπηνεῖς,
1076 2644 1151 2708 ώς
1180 2644 1272 2697 ἐπὶ
1325 2636 1574 2695 τοσοῦτον
1632 2639 1936 2711 μαστίζειν,
1980 2639 2055 2700 ώς
2104 2637 2239 2707 μηδὲ

679 2728 991 2801 αὐθημερὸν
1013 2728 1138 2789 τοὺς
1170 2724 1441 2795 μώλωπας
1476 2721 1817 2776 σϐέννυσθαι.
1873 2719 2238 2789 Γυμνώσασαι

679 2815 788 2883 γὰρ
811 2812 911 2875 τὰς
939 2810 1130 2881 κόρας,
1154 2808 1249 2860 καὶ
1287 2810 1380 2860 τὸν
1418 2805 1585 2877 ἄνδρα
1611 2805 1703 2857 ἐπὶ
1736 2803 1893 2856 τοῦτο
1920 2803 2237 2865 καλέσασαι,

676 2894 933 2965 δεσμοῦσι
962 2892 1219 2953 πολλάκις
1246 2890 1380 2960 πρὸς
1426 2890 1534 2951 τοῖς
1566 2886 1879 2956 σκίμποσιν.
1931 2886 2113 2954 Οίμσι,
2142 2884 2242 2936 ούκ

677 2973 1053 3044 ἑπεισέρχεταί
1102 2989 1185 3025 σοι
1215 2973 1273 3023 έν
1301 2970 1493 3039 ἐκείνῳ
1520 2968 1595 3037 τῷ
1651 2966 1826 3037 καιρῷ
1868 2966 1967 3033 τῆς
1992 2965 2239 3035 γεέννης,

677 3060 798 3112 είπέ
832 3074 942 3126 μοι,
984 3055 1213 3125 μνήμης
1264 3052 1397 3106 ἀλλά
1425 3053 1651 3119 γυμνοῖς
1678 3049 1775 3120 τήν
1806 3047 2115 3118 παιδίσκην,
2146 3047 2241 3099 καὶ

678 3139 943 3200 δεικνύεις
974 3136 1050 3206 τῷ
1077 3133 1232 3205 ἀνδρί
1251 3151 1265 3199 ;
1300 3133 1395 3185 καὶ
1427 3132 1535 3184 ούκη
1563 3128 1796 3202 αίσχύνῃ
1829 3130 1901 3199 μή
1943 3145 2036 3180 σου
2070 3142 2242 3180 καταο

682 3221 833 3290 γνῷς
873 3219 967 3271 καὶ
1000 3216 1258 3270 ὲπιπλέον
1293 3214 1454 3267 αὐτὸν
1502 3209 1846 3281 παροξύνεις,
1882 3210 1976 3262 καὶ
2000 3208 2243 3269 ἀπειλεῖς

676 3304 879 3372 δήσειν,
914 3299 1081 3370 μυρία
1110 3297 1373 3367 πρότερον
1406 3295 1833 3364 λοιδορησαμένη
1863 3294 1929 3363 τῇ
1950 3290 2113 3362 ἀθλία
2148 3290 2243 3343 καὶ

676 3381 1023 3451 ταλαιπώρῳ,
1082 3378 1415 3440 Θεσσαλίδα,
1473 3376 1826 3446 δραπέτριαν,
1890 3374 2243 3442 προεστῶσαν

678 3464 939 3520 καλοῦσα.
977 3464 1034 3516 '0
1063 3461 1172 3531 γάρ
1197 3459 1365 3528 θυμὸς
1394 3458 1515 3510 οὐδὲ
1544 3456 1636 3509 τοῦ
1666 3457 1866 3509 οἰκείου
1897 3456 2089 3525 ἀφίησι
2120 3455 2241 3507 στό-

682 3564 850 3619 ματος
888 3544 1186 3613 φείδεσθαι,
1212 3541 1327 3594 ἀλλ’
1359 3542 1438 3603 είς
1470 3538 1528 3591 ἓν
1557 3538 1716 3609 μόνον
1739 3539 1860 3608 ὁρᾷ,
1890 3536 2006 3600 πῶς
2026 3537 2242 3619 εκείνην

678 3617 975 3700 ἀμύνηται,
1011 3625 1113 3678 κᾶν
1150 3622 1346 3692 ἑαυτὴν
1375 3620 1732 3690 καταισχύνῃ.
1761 3620 1870 3672 Καὶ
1900 3619 2035 3688 μετὰ
2070 3617 2242 3700 ταῦτα

677 3699 742 3780 δή
771 3711 947 3765 πάντα
995 3704 1337 3777 προκάθηται
1386 3703 1633 3773 καθάπερ
1675 3718 1759 3763 τις
1801 3701 2099 3769 τύραννος,
2148 3699 2242 3751 καὶ

677 3792 830 3845 καλεῖ
857 3790 1062 3851 παῖδας,
1097 3789 1191 3841 καὶ
1208 3784 1670 3856 παραστησαμένη
1694 3784 1783 3835 τὸν
1802 3782 2028 3850 ἀνόητον
2048 3780 2237 3851 ἀνδρα,

677 3873 927 3940 καθάπερ
973 3869 1149 3938 δημίῳ
1202 3866 1351 3934 αύτῷ
1379 3866 1660 3934 κέχρηται.
1695 3864 1879 3915 Ταῦτα
1906 3865 1963 3914 έν
1984 3864 2241 3930 Χριστια-

678 3955 783 4007 νῶν
832 3951 1028 4013 οἰκίαις
1056 3948 1296 4017 γίνεσθαι
1342 3946 1482 4012 ἑδει;
1526 3946 1685 3998 Ἀλλά
1719 3944 1950 4014 πονηρὸν
1979 3943 2037 3995 τὸ
2061 3942 2236 4017 γένος,

678 4036 828 4105 φησὶ,
860 4034 954 4086 καὶ
1007 4010 1196 4101 ίτάμὸν
1241 4029 1337 4082 καὶ
1383 4010 1734 4097 ἀναίσχυντον
1772 4010 1869 4078 καῖ
1895 4010 2235 4105 ἀδιόρθωτον.

678 4114 807 4169 Οἶδα
838 4112 1023 4183 κάγώ·
1083 4113 1195 4165 ἀλλ’
1254 4111 1398 4173 ἔστιν
1446 4110 1645 4180 ἑτέρως
1704 4106 1985 4177 ῥυθμίσαι,
2033 4104 2237 4171 φόϐοις,

679 4197 943 4259 ἀπειλαῖς,
1008 4196 1248 4265 ῥήμασι,
1302 4192 1559 4261 κάκείνην
1612 4189 1871 4260 μειζόνως
1926 4186 2240 4255 δυναμένοις

676 4281 910 4342 δάκνειν,
938 4280 1031 4331 καὶ
1080 4278 1139 4329 σὲ
1196 4280 1294 4346 τῆς
1346 4276 1603 4345 αἰσχύνης
1657 4271 1983 4337 ἀπαλλάξαι.
2032 4269 2239 4339 Δίσχρά

678 4361 922 4431 ἐφθέγξω
944 4363 1163 4429 ῥήματα
1184 4358 1439 4428 ἐλευθέρα
1461 4355 1616 4419 οὖσα,
1640 4358 1734 4409 καὶ
1758 4355 1817 4406 ού
1866 4352 2063 4422 μᾶλλον
2091 4351 2239 4403 ὲκεί-

676 4444 831 4515 νηνῆ
867 4444 1069 4512 σαυτὴν
1110 4440 1527 4510 καταισχύνεις;
1570 4436 1701 4491 Είτα
1739 4438 1794 4489 ἐν
1836 4433 2099 4504 βαλανείῳ
2145 4432 2240 4485 έάν

676 4526 771 4597 δέῃ
802 4524 1102 4593 προελθεῖν,
1141 4522 1405 4593 μώλωπες
1442 4522 1583 4574 κατά
1629 4520 1738 4573 τῶν
1783 4517 1965 4568 νώτων
2001 4530 2241 4583 γυμνου-

680 4610 846 4678 μένης
880 4608 1067 4675 αὐτῆς,
1098 4607 1191 4659 καὶ
1214 4606 1489 4674 τεκμήρια
1512 4603 1797 4672 περιφέρει
1813 4599 1909 4667 τῆς
1936 4598 2236 4678 ὠμότητος.

676 4677 817 4741 ⁴Αλλ’
850 4689 1124 4758 ἀφόρητον
1145 4726 1159 4749 ,
1215 4687 1399 4755 φησὶν,
1451 4686 1687 4745 ἀνέσεως
1711 4682 1873 4751 τυχὸν
1906 4680 1967 4731 τὸ
1998 4677 2240 4731 δουλικὸν

676 4772 848 4839 γένος.
873 4767 1000 4823 Οἶδα
1014 4769 1186 4836 κάγώ·
1208 4769 1319 4821 ἀλλ’
1339 4768 1561 4837 έτέρως,
1585 4768 1721 4835 ὅπερ
1743 4765 1899 4831 ἔφην,
1923 4761 2236 4829 ἐπίστρεφε,

680 4854 753 4923 μὴ
786 4853 1010 4922 μάστιξί
1040 4852 1197 4920 μόνον
1223 4850 1357 4919 μηδὲ
1380 4848 1702 4919 φόϐῳ,ἀλλὰ
1733 4843 2106 4923 καὶκολακείᾳ
2137 4844 2232 4895 καὶ

674 4922 751 5004 τῷ
776 4930 833 4987 εὖ
880 4936 1072 5003 ποιεῖν.
1137 4932 1363 5001 Ἀδελφή
1424 4948 1515 4983 σου
1578 4930 1830 4997 γέγονεν,
1879 4922 2007 4997 ὃ.νῇ
2049 4928 2236 4995 πιστή.

686 5016 968 5085 Ἐννόησον
1000 5017 1081 5067 ὅτι
1109 5015 1185 5066 ισὺ
1216 5014 1491 5074 δέσποινα,
1524 5010 1749 5078 κάκείνη
1778 5025 1861 5061 σοι
1892 5008 2235 5060 διακονεῖται.

676 5089 835 5168 Ἃνῇ
879 5098 1132 5165 μέθυσος,
1164 5096 1378 5163 περίελε
1421 5096 1519 5164 τῆς
1575 5092 1743 5163 μέθης
1772 5091 1873 5155 τὰς
1932 5089 2237 5155 ὑποθέσεις,

676 5179 765 5232 τὸν
788 5179 955 5248 ἀνδρα
981 5179 1228 5239 κάλεσον,
1264 5178 1357 5229 καὶ
1382 5175 1727 5247 παραίνεσον.
1764 5173 1834 5225 Ἥ
1854 5172 1950 5240 οὐχ
1978 5171 2109 5240 ὁρᾷς
2126 5171 2237 5233 πῶς

677 5261 898 5331 αἰσχρὸν
924 5261 1153 5330 πρᾶγμα
1183 5262 1416 5326 γυναῖκα
1454 5258 1789 5322 τύπτεσθαις
1819 5256 1883 5308 Οἱ
1910 5253 2039 5322 γοῦν
2072 5253 2239 5321 μυρία

677 5343 817 5395 κατά
837 5343 1042 5407 ἀνδρῶν
1063 5342 1539 5411 νομοθετήσαντες,
1578 5342 1671 5393 καὶ
1699 5339 1921 5400 καύσεις
1951 5336 2044 5389 καὶ
2069 5336 2237 5406 βασά-

675 5442 821 5490 νους,
854 5425 1143 5487 σπανιάκις
1166 5426 1397 5490 γυναῖκα
1426 5424 1760 5494 ἀνήρτησαν,
1789 5419 1923 5473 ἀλλά
1952 5418 2111 5488 μέχρι
2144 5418 2237 5471 τοῦ

739 5604 874 5672 {Sic
894 5602 1082 5672 ἰεςρτι.
1108 5600 1421 5672 Εοὶξῖἰοίαηο.
1447 5610 1499 5652 el
1523 5603 1597 5653 sic
1614 5606 1876 5665 iegendum
1900 5604 2237 5668 suspicabatur

677 5666 903 5718 Eaﬂllus.
926 5664 1074 5723 Editi,
1097 5664 1334 5726 παρόντες.

1365 335 1422 391 S.
1463 328 1746 413 JOANNIS
1780 322 2269 388 οηιιγεοετοῖιιι
2308 328 2627 391 ΑΙὶΟΗΙῐ-ΖΡ.
2668 330 3214 393 οοΝετΑΝτιΝοιι.

3817 328 3916 390 1111

2358 442 2583 531 ῥαπίσαι
2639 445 2731 531 τὸν
2784 444 2957 531 θυμὸν
2998 447 3203 531 ίστῶιτιΣ
3257 442 3583 531 Τοσαύτῃξλ
3617 441 3916 531 κέχρηνται

2354 524 2489 592 πρὸς
2522 524 2620 594 ἶτὴν
2650 525 2814 593 φύσιν
2860 528 3065 597 ταύτην
3123 529 3282 591 αἰδοῖ,
3332 528 3417 581 δτι
3460 524 3580 577 ούδδ
3607 524 3917 593 ἀναγκαίας

2353 605 2540 674 χρείας
2566 606 2734 676 οὔσης
2766 609 3100 680 ἀνήρτησαν,
3132 610 3229 663 καὶ
3264 608 3497 679 μάλιστα
3532 606 3662 660 δταν
3708 605 3920 659 κύουσα

2352 685 2511 758 τύχῃ.
2564 688 2801 760 Λίσχύνη
2848 691 2957 759 γάρ
3005 692 3160 760 ἀνδρὶ
3212 693 3446 759 γυναῖκα
3481 688 3743 742 τύπτειν·
3779 689 3921 742 ua

2352 771 2526 841 ἀνδρὶ,
2584 772 2760 843 πολλῷ
2786 773 2987 842 μᾶλλον
3013 775 3080 844 τῇ
3113 773 3388 843 ὁμοφύλῳ.
3434 772 3564 825 ’Δπδ
3588 770 3794 825 τούτων
3819 772 3921 824 καὶ

2352 852 2465 914 τοῖς
2496 852 2719 923 ἀνδράσι
2770 854 3012 921 γίνονται
3044 854 3273 923 μισηταὶ
3299 853 3357 908 αί
3400 855 3677 921 γυναῖκες.
3709 852 3773 904 Τί
3795 847 3916 913 σύν,

2353 932 2536 1000 φησὶν,
2570 934 2699 987 ὅταν
2728 935 3001 1007 πορνεύῃς
3064 934 3261 1000 Ζεῦξον
3317 934 3490 1004 ἀνδρὶ,
3555 933 3774 1004 περίελε
3816 934 3919 1002 τῆς

2352 1015 2606 1085 πορνείας
2635 1015 2734 1077 τὰς
2786 1017 3091 1081 ὑποθέσεις,
3121 1017 3194 1087 μή
3250 1013 3519 1085 συγχώρει
3563 1013 3914 1082 ύπερμαζᾷν.

2351 1095 2415 1147 Τί
2440 1091 2553 1158 οὖν,
2582 1096 2649 1149 ἀν
2668 1096 2876 1167 κλέπτῃ
2897 1114 2912 1162 ;
2940 1098 3176 1150 Φύλαττε
3195 1096 3289 1149 καὶ
3304 1096 3627 1165 παρατήρει.
3644 1091 3691 1164 [1
3707 1092 3792 1163 14]
3810 1112 3826 1160 ;
3849 1094 3918 1145 Ὦ

2347 1176 2446 1246 τῆς
2496 1178 2831 1252 ύπερδολῆςί
2879 1179 2991 1247 ἐγὼ
3033 1178 3228 1251 ἔσομαι
3258 1176 3450 1247 φύλαξ,
3486 1176 3671 1244 φησίν.
3708 1175 3769 1227 Ὢ
3813 1175 3919 1242 τῆς

2349 1258 2562 1322 ἀνοίαςί
2588 1261 2677 1315 διὰ
2705 1261 2779 1321 τί,
2803 1261 3125 1332 παρακαλῶ,
3155 1260 3255 1314 οὐκ
3286 1259 3385 1329 ἔσῃ
3418 1258 3628 1326 φύλαξς
3653 1258 3774 1325 οὐχὶ
3811 1256 3916 1326 τῆς

2349 1340 2520 1409 αὐτῆς
2550 1359 2632 1394 σοι
2665 1343 2879 1413 μετέχει
2918 1343 3125 1412 ψυχῆς
3167 1343 3286 1411 οὐχὶ
3320 1340 3433 1394 τῶν
3462 1339 3638 1393 αὐτῶν
3683 1338 3915 1407 ἠξίωται

2349 1423 2499 1493 παρὰ
2544 1422 2637 1476 τοῦ
2680 1424 2851 1489 Θεοῦ;
2888 1426 2949 1478 ού
2974 1425 3075 1493 τῆς
3106 1424 3275 1491 αὐτῆς
3303 1422 3565 1476 ἀπολαύει
3591 1419 3911 1490 τραπέζηςς

2346 1505 2408 1557 οὐ
2444 1504 2544 1573 τῆς
2574 1505 2744 1575 αὐτῆς
2777 1522 2858 1559 σοι
2884 1509 3134 1559 κοινωνεί
3180 1504 3487 1575 εύγενείαςς
3521 1501 3586 1554 Τί
3609 1498 3723 1563 οὖν,
3758 1501 3829 1553 ἀν
3853 1496 3914 1573 ᾖ,

2347 1587 2502 1657 φησὶ,
2523 1586 2760 1659 λοίδορος
2793 1589 2893 1649 καὶ,
2916 1589 3073 1650 λάλος
3100 1588 3194 1640 καὶ
3222 1586 3487 1655 μέθυσοςς
3520 1583 3917 1638 Πόσαιδέείσιν

2346 1670 2625 1741 ἐλεύθεραι
2652 1670 2935 1734 τοιαῦταις
2987 1670 3169 1722 Πάντα
3204 1668 3263 1721 δὲ
3298 1667 3367 1720 τά
3394 1664 3752 1735 ἐλαττώματα
3799 1662 3913 1715 τῶν

2346 1751 2620 1819 γυναικών
2665 1751 2850 1821 φέρειν
2905 1751 3032 1813 τοὺς
3080 1749 3275 1819 ἀνδρας
3324 1746 3657 1819 προσέταξεν
3697 1748 3725 1797 ό
3752 1744 3912 1806 Θεός.

2345 1834 2521 1887 Μόνον
2546 1834 2621 1903 μή
2637 1832 2797 1895 ἔστω,
2829 1831 2983 1901 φησὶ,
3021 1830 3193 1902 πόρνη
3223 1831 3257 1899 ή
3302 1830 3460 1899 γυνὴ,
3495 1829 3589 1880 καὶ
3631 1827 3811 1880 πάντα
3844 1826 3916 1878 τά

2344 1915 2507 1969 λοιπά
2541 1916 2677 1984 φέρε
2708 1912 3081 1981 ἐλαττώματα.
3138 1911 3257 1965 Κάν
3295 1912 3527 1982 μέθυσος
3658 1910 3762 1962 κάν
3796 1907 3915 1960 λοί-

2342 1998 2513 2068 δορος,
2549 1997 2652 2071 κάν
2679 1996 2858 2057 λάλος,
2892 1994 2993 2048 κάν
3016 1993 3305 2063 βάσκανος,
3339 1991 3445 2045 κάν
3473 1987 3916 2071 πολυτελής,κάν

2346 2067 2604 2133 σπαθῶσα
2628 2068 2733 2147 τὴν
2758 2075 2969 2139 οὐσίαν,
3002 2076 3256 2127 κοινωνὸν
3277 2073 3423 2142 ἔχεις
3454 2071 3591 2142 βίου·
3625 2067 3918 2141 ῥυθμίζειν

2342 2161 2591 2228 ἀνάγκην
2645 2158 2817 2227 ἔχεις·
2855 2156 2945 2208 διὰ
2981 2155 3138 2209 τοῦτο
3193 2154 3407 2225 κεφαλὴ
3455 2150 3507 2207 εῐ
3553 2152 3639 2207 σύ.
3701 2150 3917 2204 Οὐκοῦν

2343 2242 2596 2314 ρύθμιξε,
2625 2240 2686 2293 τὸ
2712 2237 2910 2291 σαυτοῦ
2942 2238 3101 2291 ποίει.
3122 2237 3243 2292 Κᾶν
3267 2235 3590 2306 ἀδιόρθωτος
3616 2235 3779 2304 μένῃ,
3804 2232 3917 2285 κάν

2343 2325 2568 2394 κλέπτῃ,
2600 2320 2834 2389 φύλαττε
2863 2319 2934 2371 τά
2963 2322 3050 2374 σά·
3094 2318 3170 2390 μὴ
3201 2317 3417 2386 ἐκείνην
3446 2315 3699 2369 τοσοῦτον
3730 2330 3913 2384 τιμω-

2345 2406 2457 2475 ροῦ·
2496 2403 2562 2457 ἂν
2589 2402 2748 2463 λάλος
2774 2396 2831 2473 ᾖ,
2863 2399 3205 2469 έπιστόμιζε.
3236 2396 3408 2450 Τοῦτο
3446 2394 3763 2465 φιλοσοφίας
3792 2395 3915 2447 ἐστὶ

2340 2488 2437 2556 τῆς
2487 2483 2766 2538 ἀνωτάτω.
2815 2482 2951 2534 Νυνὶ
2999 2480 3057 2534 δὲ
3110 2480 3191 2542 είς
3242 2477 3467 2531 τοσοῦτό
3499 2493 3644 2540 τινες
3678 2476 3917 2538 ἀτοπίας

2338 2568 2586 2636 ἥκουσιν,
2634 2564 2710 2627 ώς
2760 2562 3169 2616 ἀποκαλύπτειν
3209 2559 3307 2630 τήν
3338 2557 3601 2628 κεφαλήν,
3653 2558 3752 2610 καὶ⁵
3801 2557 3918 2610 ἀπὺ

2338 2650 2540 2719 τριχῶν
2571 2646 2753 2717 σύρειν
2786 2644 2816 2684 ιι
2842 2644 2941 2706 τὰς
2973 2641 3380 2713 θεραπαινίδας.

2408 2729 2470 2781 δ¹.
2506 2727 2571 2779 Τί
2603 2725 2974 2797 ήρυθριάσατε
3003 2724 3176 2776 πᾶσαι
3201 2738 3216 2785 ;
3256 2722 3330 2773 Οὐ
3357 2720 3495 2791 πρὸς
3522 2718 3703 2781 πάσας
3720 2720 3857 2786 ήμῖν
3886 2720 3919 2770 ό

2338 2809 2517 2878 λόγος·
2546 2808 2684 2862 ἀλλά
2711 2807 2845 2877 πρὸς
2874 2806 2972 2869 τάς
2998 2807 3074 2867 είς
3098 2804 3195 2873 τήν
3230 2801 3520 2872 θηριωδίαν
3553 2800 3917 2869 ὲξελκομένας

2339 2892 2564 2961 ταύτην.
2590 2889 2732 2959 Γυνὴ
2760 2888 3217 2948 ἀκατακάλυπτος
3251 2886 3326 2955 μὴ
3357 2883 3518 2948 έστω,
3537 2883 3744 2951 φησὶνδ
3762 2881 3919 2934 Παϋ-

2339 2975 2449 3038 λος·
2484 2976 2547 3026 σὺ
2573 2974 2629 3025 δὲ
2654 2974 2787 3036 ὅλως
2813 2973 2874 3024 τὸ
2891 2971 3197 3041 κρήδεμνον
3235 2968 3571 3039 περιαιρεῖςς
3602 2964 3764 3035 Ὁρᾷς
3793 2963 3917 3027 πῶς

2344 3059 2544 3127 σαυτήν
2581 3057 2857 3127 ύ6ρίζεις;
2901 3054 3001 3106 “Av
3048 3053 3144 3122 μὲν
3178 3045 3272 3103 οὖν
3303 3051 3486 3118 γυμνῇ
3541 3050 3680 3117 φανῇ
3732 3062 3817 3098 σοι
3844 3048 3916 3117 τῇ

2342 3126 2547 3210 κεφαλῇ
2575 3126 2778 3201 ἐκείνη,
2820 3136 2976 3205 ὕϐριν
3000 3134 3059 3186 τδ
3090 3134 3324 3203 πρᾶγμα
3352 3131 3533 3197 λέγεις
3554 3145 3568 3160 ·
3602 3129 3666 3210 σὺ
3729 3126 3787 3179 δὲ
3809 3129 3917 3180 αύ-

2340 3222 2438 3291 τὴν
2459 3207 2761 3291 γυμνοῦσα,
2791 3219 2942 3272 οὐδὲν
2970 3216 3141 3269 δεινὸν
3196 3213 3337 3267 εἶναι
3386 3214 3532 3283 φής;
3567 3207 3702 3264 Εἶτά
3733 3227 3872 3280 φησι
3898 3228 3913 3241 ·

2341 3305 2427 3367 Τί,
2461 3305 2527 3356 ἂν
2560 3303 2633 3371 μὴ
2662 3300 2983 3371 διορθῶται;
3028 3296 3238 3364 Ῥάδδιρ
3278 3296 3374 3348 καὶ
3417 3294 3650 3363 πληγαῖς
3694 3295 3919 3364 σωφρό-

2341 3404 2509 3440 νισον.
2538 3384 2692 3437 Πόσα
2717 3384 2773 3436 δέ
2792 3384 2885 3436 καὶ
2912 3385 2976 3435 σὺ
2995 3381 3137 3449 ἔχεις
3162 3378 3537 3446 έλαττώματα,
3570 3377 3662 3430 καὶ
3684 3376 3745 3428 ού
3776 3378 3920 3445 διορ-

2343 3468 2533 3521 θοῦσαι
2561 3484 2576 3531 ;
2601 3466 2795 3518 Ταῦτα
2824 3467 2953 3534 ήμῖν
2978 3465 3073 3516 νῦν
3102 3463 3199 3531 οὐχ
3236 3461 3379 3531 ὑπὲρ
3408 3460 3631 3513 ἐκείνων
3672 3459 3915 3527 εἴρηται,

2340 3551 2457 3604 ἀλλ’
2489 3550 2629 3619 ὑπὲρ
2664 3550 2817 3617 ὑμῶν
2862 3546 2969 3599 τῶν
3019 3545 3342 3612 ἐλευθέρων,
3375 3542 3515 3595 ὥστε
3575 3540 3737 3611 μηδὲν
3785 3540 3917 3593 ἄσε-

2344 3650 2493 3701 μνον,
2516 3630 2678 3700 μηδὲν
2695 3628 2918 3697 αἰσχρὸν
2937 3628 3130 3689 ποιεῖν,
3144 3625 3284 3676 ὥστε
3310 3624 3384 3693 μὴ
3400 3623 3657 3693 βλάπτειν
3682 3624 3910 3684 ἑαυτάς.

2354 3713 2480 3766 Ἐἀν
2507 3716 2563 3764 ὲν
2601 3712 2749 3781 οίκίᾳ
2777 3710 2948 3761 ταῦτα
2998 3706 3297 3776 παιδευθῇς
3327 3706 3421 3757 ἐπὶ
3464 3705 3562 3773 τῆς
3592 3704 3919 3774 θεραπαινί-

2339 3795 2445 3857 δος,
2477 3795 2569 3847 καὶ
2600 3790 2876 3861 προσηνὴς
2912 3785 2979 3861 ᾖς
3010 3788 3103 3840 καὶ
3142 3788 3215 3858 μὴ
3242 3781 3475 3856 χαλεπὴ,
3498 3785 3677 3853 πολλῷ
3706 3784 3918 3854 μᾶλλον

2341 3876 2432 3927 ἐπὶ
2460 3874 2553 3927 τοῦ
2584 3866 2773 3941 ἀνδρὸς
2805 3872 2902 3941 ἔσῃ
2936 3870 3183 3944 τοιαύτη.
3217 3870 3278 3921 Et
3310 3868 3419 3938 γὰρ
3449 3866 3697 3931 ἐξουσίας
3739 3864 3916 3937 οὔσης

2343 3958 2509 4028 μηδὲν
2536 3956 2772 4009 τοιοῦτον
2804 3952 3145 4024 ἐργαζομένη
3187 3950 3440 4020 δειχθῇς,
3472 3948 3652 4017 πολλῷ
3684 3948 3913 4017 μᾶλλον,

2339 4040 2465 4092 ένθα
2494 4039 2555 4091 τὸ
2590 4036 2795 4090 κωλύον
2828 4036 2996 4098 ἐστὶν,
3019 4032 3171 4085 οὐδὲν
3200 4032 3413 4101 ἐργάσῃ
3438 4030 3697 4083 τοιοῦτον.
3742 4029 3915 4083 Ὥστε

2338 4124 2372 4192 ή
2407 4121 2533 4192 περὶ
2559 4121 2659 4181 τάς
2709 4116 3096 4186 θεραπαινίδας
3135 4114 3423 4183 φιλοσοφία
3445 4112 3713 4192 ῌμέγιστα
3760 4111 3914 4185 ὑμᾶς

2338 4184 2416 4264 ε’ἰς
2439 4184 2536 4272 τήν
2565 4201 2674 4254 τῶν
2703 4184 2909 4269 ἀνδρῶν
2941 4196 3151 4249 εὔνοιαν
3176 4195 3392 4263 ὠφελεῖ.
3444 4187 3519 4263 ⁷ῼ
3553 4195 3663 4261 γὰρ
3713 4184 3916 4260 μέτρῳ

2335 4284 2615 4355 μετρεῖτε,
2653 4283 2835 4350 φησὶν,
2889 4277 3454 4346 ἀντιμετρηθήσεται
3504 4274 3664 4342 ὑμῖν,
3701 4274 3806 4338 Θὲς
3830 4275 3916 4344 τῷ

2341 4368 2567 4436 στόματι
2593 4365 2829 4435 χαλινόν·
2865 4364 2969 4423 κᾶν
3000 4362 3385 4431 ὲγγυμνασθῇς
3413 4357 3769 4435 θεραπαινίδα
3799 4374 3909 4428 χα-

2339 4451 2698 4503 λεπαίνουσαν
2750 4448 2936 4517 φέρειν
2987 4443 3272 4513 γενναίως,
3334 4442 3470 4511 πρὸς
3500 4440 3599 4509 τὴν
3642 4440 3913 4511 ὁμότιμον

2339 4532 2458 4584 οὐδὲ
2482 4529 2804 4600 ὑϐρίζουσαν
2846 4528 3217 4597 δυσχερανεῖς·
3254 4523 3329 4595 μὴ
3368 4521 3797 4591 δυσχεραίνουσα
3822 4521 3912 4592 δὲ,

2338 4614 2436 4681 τὴν
2470 4613 2645 4682 ἄκραν
2699 4610 3016 4679 φιλοσοφίαν
3060 4606 3451 4677 κατώρθωσας.
3485 4605 3605 4656 Είσὶ
3648 4604 3706 4656 δέ
3736 4620 3911 4670 τινες,

2340 4698 2396 4749 αἳ
2425 4696 2519 4747 καλ⁸
2548 4696 2741 4765 ὅρκους
2796 4690 3213 4761 προστιθέασιν·
3251 4688 3403 4740 οὐδὲν
3444 4686 3501 4739 δὲ
3556 4686 3915 4755 αἰσχρότερον

2340 4784 2435 4851 τῆς
2472 4780 2611 4834 οὕτω
2651 4780 3015 4849 θυμουμένης.
3070 4777 3135 4829 Τί
3179 4771 3295 4837 οὗν,
3353 4776 3419 4827 ἀν
3472 4772 3912 4841 καλλωπίζηται,

2342 4864 2472 4933 φησί
2496 4880 2510 4926 ;
2542 4861 2709 4914 Τοῦτο
2733 4854 2989 4920 κώλυσον,
3022 4861 3111 4912 καὶ
3128 4857 3237 4925 ἐγὼ
3266 4856 3540 4925 σύμφημι·
3567 4853 3809 4906 κώλυσον
3831 4855 3915 4912 δὲ.

2340 4947 2447 4999 ἀπὸ
2505 4945 2705 5013 σαυτῆς
2757 4944 3072 5013 ἀρχομένη,
3109 4943 3181 5009 μὴ
3238 4940 3388 5009 φόϐῳ
3443 4937 3717 4997 τοσοῦτον,
3780 4937 3915 4989 ὅσον

2342 5028 2715 5097 ύποδείγματι’
2760 5026 2850 5077 ἔσο
2904 5028 2960 5077 ὲν
3006 5027 3169 5076 πᾶσιν
3222 5022 3530 5092 ἀρχέτυπος
3578 5016 3764 5069 είκών.
3800 5018 3919 5071 Καὶ

2336 5111 2720 5178 βλασφημία,
2754 5110 2939 5177 φησὶν,
2996 5107 3229 5173 ἀρθήτω
3269 5104 3368 5172 ἀφ’
3405 5101 3593 5170 ὑμῶν.
3623 5102 3769 5170 ’Ὅρα
3792 5100 3916 5163 πῶς

2343 5194 2555 5261 πρόεισι
2604 5192 2661 5243 τὸ
2705 5192 2892 5244 κακόν.
2952 5191 3012 5242 'H
3051 5188 3245 5259 πικρία
3291 5187 3384 5239 τὸν
3428 5184 3597 5247 θυμὸν
3641 5182 3852 5246 ἔτεκεν,
3884 5185 3917 5235 δ

2343 5275 2508 5345 θυμὸς
2536 5276 2634 5344 τὴν
2664 5275 2853 5344 ὀργὴν,
2878 5276 2909 5342 ἡ
2930 5274 3066 5342 ὀργὴ
3096 5272 3192 5340 τὴν
3220 5271 3490 5338 κραυγὴν,
3516 5270 3549 5336 ή
3572 5265 3791 5336 κραυγὴ
3806 5267 3914 5334 τὴν

2344 5358 2707 5425 βλασφημίαν,
2762 5357 3025 5416 τουτέστι,
3076 5355 3173 5415 τὰς
3196 5351 3478 5422 λοιδορίας·
3523 5348 3913 5418 ήβ).ασφημία

2342 5437 2526 5490 λοιπὸν
2583 5438 2814 5508 πληγὰς,
2868 5436 3017 5508 [HS]
3066 5438 3120 5489 αἱ
3205 5434 3407 5505 πληγαὶ
3469 5431 3786 5502 τραύματα,
3836 5438 3909 5493 τὰ

2408 5663 2432 5701 δ
2460 5661 2608 5723 Mars.
2634 5658 2780 5709 Savil.
2806 5660 3100 5719 περισύρειν.
