4096 6310
82 354 165 410 ιοο
937 352 1002 409 IN
1039 347 1255 407 EPIST.
1297 349 1389 404 AD
1427 345 1615 404 ME:

1726 345 1863 401 ΞᾹΡ.
1907 344 1995 401 I'V.
2036 339 2266 402 iiOIiL.
2307 346 2424 402 XV.

80 477 398 540 acceptaque
426 469 639 540 injuriae
663 482 980 533 memorem,
1008 476 1062 522 et
1082 468 1173 536 qui
1201 475 1285 521 est
1311 465 1424 534 ipsa
1449 477 1544 533 per
1571 475 1631 516 se

77 558 407 616 amarulentia
425 570 480 616 et
506 561 630 615 bilis
662 576 678 615 :
705 574 806 616 nos
827 559 915 614 hic
943 558 1209 630 loquimur
1234 554 1303 611 de
1328 553 1488 626 hujus
1512 551 1630 607 vitii

80 660 302 719 prompta
343 651 712 720 subreptione.
1095 727 1099 730 .

135 740 184 795 3.
207 740 285 797 Ad
313 740 415 802 hoc
432 743 611 811 itaque
638 756 746 796 non
777 755 962 810 parum
989 738 1205 795 confert
1225 736 1491 793 erudiisse
1509 734 1632 789 ani-

75 847 220 899 niam,
249 841 306 887 ut
335 848 625 903 numquam
655 833 847 888 clamet
865 839 921 887 et
945 830 1285 887 vociferetur.
1316 829 1414 884 ire
1430 841 1633 908 pennas

75 933 319 990 amputas,
349 924 394 978 si
415 923 628 980 auferas
649 925 941 980 clamorem
963 939 978 989 ;
1006 922 1183 978 cordis
1200 934 1468 976 tumorem
1482 933 1632 974 com-

76 1013 270 1080 primis.
316 1014 469 1070 Sicut
505 1016 649 1070 enim
672 1015 788 1070 fieri
821 1029 930 1068 non
961 1023 1135 1084 potest
1154 1023 1212 1066 ut
1238 1013 1490 1074 luctetur,
1535 1009 1628 1078 qui

73 1118 246 1157 manus
294 1120 401 1158 non
455 1114 647 1176 contra
693 1106 998 1176 quempiam
1052 1101 1366 1158 sustulerit:
1415 1102 1485 1156 ita
1516 1101 1629 1155 fieri

73 1207 165 1246 non
191 1203 361 1262 pateat
391 1204 451 1248 ut
477 1197 566 1264 qui
595 1211 702 1250 non
731 1197 928 1251 clamat
955 1196 1246 1250 irretiatur.
1271 1194 1403 1263 Liga
1439 1207 1630 1246 manus

72 1284 266 1351 pugilis,
295 1295 348 1338 et
369 1285 501 1355 jube
519 1300 796 1356 pugnare;
823 1286 918 1341 sed
945 1301 1051 1340 non
1069 1286 1273 1357 .poterit
1303 1303 1317 1338 :
1347 1285 1426 1339 sic
1455 1297 1630 1352 neque

71 1373 154 1426 ira.
179 1375 391 1429 Clamor
417 1387 596 1432 autem
619 1379 776 1431 etiam
797 1392 923 1433 eam
937 1393 1054 1446 qua:
1077 1392 1183 1432 non
1213 1383 1296 1431 est
1313 1374 1507 1430 excitat
1531 1390 1546 1426 :
1575 1381 1631 1426 et

71 1465 279 1519 maxime
332 1463 460 1520 hinc
505 1467 614 1521 cito
662 1467 869 1536 capitur
915 1481 1086 1537 genus
1138 1465 1420 1521 mulierum
1446 1504 1462 1530 ,
1506 1479 1627 1534 qua:

69 1551 261 1619 quando
312 1554 616 1609 irascuntur
645 1556 889 1621 ancillis,
940 1564 1104 1609 totam
1133 1555 1351 1609 domum
1402 1555 1628 1622 implent

68 1655 152 1693 suo
177 1642 432 1698 clamore.
478 1643 634 1712 Smpe
673 1653 850 1699 autem
878 1644 924 1698 si
951 1644 1144 1698 domus
1182 1641 1443 1698 aedificata
1474 1643 1544 1696 sit
1570 1643 1624 1696 in

66 1731 324 1799 angiportu
344 1774 361 1798 ,
412 1748 602 1788 omnes
627 1735 716 1804 qui
745 1742 1064 1800 transeunt,
1114 1734 1338 1788 audiunt
1364 1749 1484 1789 eam
1509 1733 1624 1787 cla-

65 1833 303 1888 titantem,
335 1833 391 1877 et
411 1825 659 1879 ancillam
681 1825 989 1894 ejulantem.
1026 1824 1290 1892 Quidnam
1323 1825 1482 1879 fuerit
1511 1836 1624 1879 tur-

66 1915 185 1979 pius,
217 1924 271 1968 et
297 1915 468 1984 magis
512 1915 822 1971 indecorum
852 1931 1010 1986 quam
1037 1916 1223 1972 audire
1250 1915 1406 1970 fletus
1431 1926 1484 1971 et
1508 1917 1624 1985 eju-

65 2006 222 2059 latus?
250 2006 451 2062 Omnes
495 2010 674 2064 statim
701 2010 1090 2079 prospicientes
1115 2009 1242 2082 quid
1280 2009 1389 2064 illic
1424 2009 1621 2064 factum

64 2095 115 2145 sit
140 2097 472 2166 interrogant
499 2116 512 2151 :
538 2092 652 2164 Illa,
683 2099 950 2169 inquiunt,
982 2100 1227 2154 ancillam
1257 2113 1406 2153 suam
1436 2101 1622 2154 verbe-

66 2189 155 2240 rat.
211 2181 481 2249 Quidnam
539 2187 641 2242 hoc
675 2188 836 2244 fuerit
862 2191 1264 2260 impudentius?
1293 2190 1428 2257 Quid
1447 2192 1620 2260 ergo?

64 2289 149 2324 non
176 2284 383 2342 oportet
409 2277 697 2333 verberare
722 2278 745 2332 τ
773 2278 887 2334 Non
915 2279 1018 2334 hoc
1043 2279 1185 2346 dico,
1215 2289 1426 2350 oportet
1449 2282 1616 2346 enim;

62 2365 137 2418 sed
166 2382 261 2423 nec
287 2370 525 2436 assidue,
575 2386 675 2426 nec
719 2387 878 2442 supra
909 2374 1150 2441 modum,
1174 2389 1274 2429 nec
1299 2389 1397 2443 pro
1421 2375 1522 2429 sibi
1550 2374 1620 2428 fa-

62 2454 146 2508 tlis
173 2457 414 2526 injuriis;
459 2461 599 2529 quod
622 2475 836 2531 semper
867 2463 1012 2531 dico,
1039 2477 1148 2518 non
1169 2464 1214 2518 si
1242 2464 1294 2517 in
1319 2465 1618 2518 ministerio

61 2542 200 2598 fuerit
244 2547 446 2618 aliquid
487 2551 779 2618 delictum,
829 2551 926 2607 sed
964 2553 1009 2606 si
1059 2553 1291 2608 animam
1325 2553 1438 2622 ipsa
1465 2568 1616 2608 suam

59 2636 242 2693 lmdat:
289 2642 336 2694 si
369 2658 467 2711 pro
496 2642 597 2698 hac
639 2659 799 2700 causa
838 2661 958 2700 eam
989 2647 1276 2713 verberes,
1325 2647 1618 2702 laudabunt

53 2741 245 2794 clunes,
287 2742 342 2785 et
366 2746 528 2786 nemo
559 2735 950 2802 reprehendet;
979 2736 1074 2791 sed
1102 2737 1149 2791 si
1176 2751 1273 2806 pro
1304 2738 1466 2792 rebus
1490 2739 1614 2801 tuis,

51 2817 363 2877 damnabunt
390 2839 580 2879 omnes
605 2827 862 2881 saevitiam
891 2836 947 2882 et
973 2828 1359 2884 crudelitatem.
1381 2830 1446 2884 Et
1474 2830 1615 2900 quod

50 2917 120 2960 est
137 2903 367 2966 omnium
401 2916 1070 2983 turpissimum,suntadeo
1095 2919 1222 2981 fera;
1250 2929 1305 2974 et
1334 2930 1534 2987 truces,
1559 2930 1617 2975 ut

49 3000 110 3051 ita
138 3001 312 3072 ﬂagris
325 3004 555 3071 caedant,
577 3015 634 3059 nt
647 3023 712 3061 ne
737 3008 860 3076 ipso
873 3010 1087 3079 quidem
1104 3010 1190 3065 die
1206 3013 1615 3080 exstinguantur

51 3090 250 3147 vibices.
267 3093 490 3149 Nudatis
513 3096 657 3151 enim
688 3099 879 3166 puellis
894 3109 948 3152 et
973 3100 1166 3154 marito
1187 3102 1252 3155 ad
1279 3101 1382 3155 hoc
1405 3112 1610 3169 vocato,

49 3181 106 3234 ad
125 3184 332 3239 lecticas
345 3201 489 3254 saape
506 3186 742 3255 alligant.
764 3188 859 3242 ilei
882 3189 1033 3257 mihi,
1053 3207 1158 3246 non
1179 3193 1274 3247 tibi
1291 3208 1356 3248 eo
1373 3202 1615 3263 tempore

49 3275 174 3327 venit
201 3275 254 3329 in
283 3286 519 3330 mentem
553 3280 810 3333 memoria
837 3280 1134 3350 gehennae?
1159 3286 1252 3338 sed
1282 3285 1450 3340 nudas
1473 3286 1615 3355 puel-

50 3362 216 3430 lulam,
271 3376 326 3420 et
353 3368 597 3422 ostendis
625 3370 840 3436 marito,
874 3380 926 3425 et
954 3387 1060 3427 non
1088 3377 1290 3429 vereris
1317 3392 1386 3430 ne
1413 3386 1464 3431 te
1484 3393 1613 3432 con-

49 3454 287 3511 demnet?
335 3468 391 3513 et
411 3474 534 3514 eum
569 3463 735 3532 magis
763 3463 976 3530 irritas,
1035 3473 1091 3520 et
1137 3467 1356 3522 minaris
1396 3478 1447 3523 te
1493 3485 1612 3523 eam

49 3548 349 3615 viucturam,
382 3566 504 3605 cum
535 3553 785 3608 miseram
810 3565 864 3608 et
895 3555 1164 3611 infelicem
1196 3561 1343 3627 prius
1368 3561 1612 3616 innume-

47 3639 285 3694 rabilibus
335 3642 638 3697 maledictis
695 3647 1023 3714 appetieris,
1076 3648 1444 3705 Thessalidem
1490 3654 1609 3723 (α),

47 3728 297 3797 fugitivam
328 3772 344 3797 ,
398 3735 738 3800 prostitutam
770 3750 889 3789 eam
916 3737 1211 3805 appellans.
1261 3739 1342 3793 ira
1374 3743 1514 3796 enim
1545 3761 1612 3799 ne

47 3820 111 3870 ori
135 3822 346 3887 quidem
379 3837 486 3876 sun
507 3824 633 3877 sinit
657 3839 902 3892 parcere,
935 3827 1028 3880 sed
1057 3842 1454 3898 unum-spectat
1478 3849 1611 3901 quo-

48 3911 188 3964 modo
207 3926 325 3966 eam
352 3913 666 3978 ulciscatur,
696 3916 905 3969 etiamsi
929 3916 1155 3987 seipsam
1177 3921 1369 3989 probro
1391 3923 1605 3978 afficiat.

48 3999 105 4052 Et
147 4013 258 4068 post
309 4003 430 4059 hmc
479 4006 657 4059 omnia
714 4016 980 4076 tamquam
1040 4019 1297 4079 tyrannus
1345 4016 1607 4084 quispiam

49 4093 294 4157 prmsidet,
324 4103 380 4147 et
407 4104 564 4147 vocat
587 4110 799 4164 pueros,
827 4106 882 4150 et
908 4113 1030 4152 cum
1079 4101 1329 4156 stolidum
1359 4107 1606 4159 maritum

51 4180 140 4233 illic
165 4183 378 4247 stiterit,
414 4198 485 4237 eo
511 4193 778 4254 tamquam
808 4188 996 4250 lictore
1023 4190 1208 4245 utitur.
1260 4193 1456 4248 Hancne
1494 4195 1607 4249 ﬁeri

49 4282 296 4340 oporteret
321 4278 375 4330 in
401 4278 610 4332 aedibus
639 4279 1105 4339 Christianorum?
1157 4287 1224 4339 At
1249 4297 1331 4341 est
1353 4327 1366 4351 ,
1397 4287 1566 4358 inquit
1590 4331 1606 4356 ,

53 4377 250 4429 pravum
295 4382 472 4436 genus
497 4368 860 4438 audaxqueet
885 4372 1166 4441 impudens
1191 4416 1207 4440 ,
1257 4385 1310 4429 et
1334 4377 1474 4446 quod
1501 4393 1608 4434 non

51 4462 204 4520 potest
223 4458 446 4526 corrigi.
499 4457 612 4528 Ego
641 4475 850 4529 quoque
878 4462 929 4516 id
954 4463 1105 4529 scio;
1155 4466 1247 4518 sed
1295 4467 1419 4521 licet
1455 4468 1610 4524 aliter

48 4560 346 4614 componere
386 4566 455 4605 ac
495 4551 799 4622 corrigere,
832 4563 974 4608 metu
996 4595 1010 4620 ,
1043 4558 1233 4633 minis,
1259 4560 1454 4627 verbis,
1490 4577 1608 4630 qua

50 4639 173 4692 illam
212 4643 378 4710 magis
403 4653 634 4711 possunt
654 4645 921 4710 mordere,
967 4654 1022 4700 et
1053 4657 1102 4702 te
1123 4649 1352 4705 liberare
1382 4667 1411 4705 a
1442 4652 1609 4708 dede-

47 4744 174 4785 core.
206 4732 450 4802 Loquuta
478 4748 538 4787 es
560 4734 718 4788 verba
751 4736 945 4803 turpia,
989 4752 1108 4791 cum
1140 4740 1215 4794 sis
1245 4742 1468 4810 ingenua
1493 4784 1507 4808 ,
1553 4754 1609 4798 et

52 4834 138 4874 non
161 4826 320 4893 magis
347 4825 497 4877 illam
530 4841 686 4894 quam
717 4827 942 4894 teipsam
970 4828 1304 4884 dedecoras?
1330 4834 1532 4888 Deinde
1558 4836 1604 4889 si

48 4922 268 4975 oporteat
312 4916 510 4969 venire
547 4915 613 4969 ad
658 4916 940 4980 balneum,
987 4929 1112 4973 sunt
1158 4922 1359 4978 vibices
1403 4925 1454 4978 in
1491 4926 1607 4995 ejus

50 5002 182 5055 nudae
208 5016 375 5075 tergo,
401 5017 461 5061 et
479 5008 812 5063 crudelitatis
834 5011 1141 5067 circumfert
1165 5014 1376 5070 indicia.
1411 5019 1485 5071 At
1501 5028 1603 5083 est,

53 5089 230 5159 inquit,
259 5111 550 5150 servorum
581 5113 755 5166 genus
781 5100 1200 5168 intolerandum,
1230 5106 1272 5158 si
1304 5107 1396 5160 liat
1415 5109 1494 5162 eis
1525 5125 1608 5164 re-

52 5182 231 5240 missio.
277 5186 391 5255 Ego
420 5201 641 5255 quoque
676 5188 725 5241 id
750 5190 897 5253 scio;
930 5191 1027 5245 sed
1056 5192 1232 5259 aliter,
1258 5205 1314 5248 ut
1339 5196 1447 5250 dixi
1471 5239 1486 5262 ,
1515 5214 1608 5254 eos

52 5285 292 5342 converte,
322 5268 433 5330 non
469 5278 645 5332 solum
672 5278 852 5349 ﬂagris
881 5290 934 5335 et
956 5292 1120 5346 metu,
1144 5285 1238 5340 sed
1269 5287 1430 5342 etiam
1454 5290 1605 5344 blan-

51 5361 173 5418 ditiis
191 5375 242 5420 et
260 5367 570 5423 beneficiis.
600 5369 714 5422 Tua
736 5379 818 5424 est
840 5387 1010 5433 soror,
1032 5376 1074 5427 si
1105 5375 1175 5428 sit
1202 5377 1391 5434 fidelis.
1422 5382 1603 5449 Cogita

101 5457 490 5526 (a)_T_hessalides
531 5462 816 5526 venefica,
843 5466 1242 5526 praestigiatrices
1286 5477 1337 5517 et
1377 5472 1607 5523 maleﬁcae

48 5513 126 5584 ja-u
149 5513 263 5568 'olim
292 5522 625 5593 habebantur.
642 5513 937 5593 .utnvidére
958 5513 1042 5593 es:
1075 5513 1607 5593 arpudvAr—i'stopiiavtia

54 5577 228 5656 eiusque
265 5581 568 5656 scholiasten
584 5623 596 5638 ,
641 5584 945 5656 ἱηῄεῐιίςιειηθι
967 5586 1085 5656 aliis.
1106 5577 1214 5637 lies
1250 5599 1326 5656 est
1352 5577 1606 5656 ἰέῖιῖἐῇἧῆ

54 5641 309 5724 scripta-cs.
351 5651 402 5692 et
439 5644 570 5705 apud
596 5654 764 5706 poetas
805 5649 990 5695 Latinos
1009 5647 1253 5710 Plautum,
1281 5641 1528 5703 Horatium
1553 5641 1604 5706 et

54 5709 163 5746 artos.

3229 322 3368 412 ιη’

1743 481 1884 552 quod
1917 493 1972 536 tu
1999 483 2074 536 sis
2087 482 2327 549 domina,
2349 494 2404 539 et
2430 484 2520 539 illa
2543 485 2635 541 tibi
2659 488 2946 545 ministret.
2978 491 3035 546 Si
3057 504 3131 548 sit
3152 494 3336 550 ebrio-

1742 586 1822 632 sa.
1849 570 2001 626 aufer
2018 573 2332 628 occasiones
2358 574 2674 642 ebrietatis;
2702 591 2835 634 voca
2855 581 3128 646 maritum,
3158 593 3212 639 et
3232 586 3329 639 ad-

1743 677 1922 716 mone.
1951 663 2142 718 Annon
2169 665 2322 720 vides
2352 681 2513 736 quam
2543 669 2615 722 sit
2645 679 2799 739 turpe
2827 672 3098 742 verberari
3125 675 3324 732 mulie-

1743 753 1895 806 rem?
1923 753 2022 821 Qui
2050 754 2311 810 adversus
2335 757 2483 811 viros
2522 757 2645 812 latis
2673 758 2879 830 legibus
2901 763 3317 822 innumerabilia

1740 848 2044 896 statuerunt
2064 884 2078 906 ,
2108 845 2381 909 ustioes,
2413 846 2738 915 qumstiones
2760 858 2815 903 et
2842 859 3108 908 tormenta
3133 896 3150 922 ,
3191 871 3320 912 raro

1742 932 2019 988 mulierem
2066 935 2434 1005 suspendunt,
2467 937 2561 992 sed
2601 937 2667 994 ad
2715 939 3115 1012 impingendam
3153 960 3326 1016 usque

1740 1021 1946 1090 alapam
1971 1022 2104 1076 iram
2130 1026 2346 1081 sistunt.
2399 1026 2564 1081 Tanta
2595 1038 2777 1086 autem
2800 1031 2882 1085 usi
2912 1043 3040 1088 sunt
3063 1034 3326 1112 adversus

1741 1119 1983 1166 naturam
2013 1115 2330 1168 verecundia
2352 1157 2368 1181 ,
2425 1125 2482 1170 ut
2526 1121 2595 1171 ne
2621 1132 2745 1172 cum
2771 1122 3064 1177 necessitas
3094 1125 3311 1194 quidem

1741 1200 1978 1268 postulat
2016 1217 2134 1257 eam
2182 1205 2547 1274 suspendant,
2579 1209 2813 1263 maxime
2853 1211 2899 1264 si
2929 1227 3210 1282 praegnans
3230 1227 3325 1272 sn.

1741 1290 1838 1345 Est
1860 1292 2006 1366 enim
2035 1295 2151 1348 viro
2182 1295 2419 1353 dedecus
2445 1298 2738 1356 verberare
2768 1303 3051 1359 mulierem
3082 1326 3098 1362 :
3148 1307 3193 1361 si
3223 1323 3324 1362 au-

1741 1392 1847 1436 tem
1890 1377 2007 1439 viro
2027 1427 2042 1452 ,
2075 1386 2245 1441 multo
2299 1389 2466 1459 magis
2510 1391 2558 1445 ei
2605 1407 2726 1460 quae
2754 1403 2836 1448 est
2865 1395 3106 1465 ejusdem
3137 1415 3321 1456 sexus.

1741 1474 1875 1531 llinc
1904 1476 2037 1533 fiunt
2080 1481 2210 1536 viris
2239 1496 2418 1537 exosae
2450 1487 2724 1544 mulieres.
2750 1490 2890 1557 Quid
2918 1507 3071 1563 ergo,
3099 1495 3321 1565 quando

1737 1571 2050 1623 scortatur?
2076 1570 2249 1642 Jungc
2271 1590 2389 1628 eam
2421 1579 2788 1648 matrimonio,
2832 1593 3050 1652 amputa
3073 1588 3319 1642 occasio-

1739 1674 1836 1712 nes
1876 1664 2220 1718 scortationis
2244 1706 2259 1729 ,
2314 1681 2382 1720 ne
2412 1668 2560 1722 sinas
2584 1685 2703 1725 eam
2732 1672 2944 1729 deliciis
2973 1686 3029 1730 et
3068 1676 3196 1732 luxu
3223 1677 3324 1731 dif-

1736 1746 1920 1804 ﬂuere.
1951 1751 2088 1818 Quid
2118 1769 2277 1818 vero,
2323 1757 2367 1809 si
2396 1755 2640 1812 furetur?
2672 1761 2894 1818 Custodi
2925 1776 2976 1819 et
3008 1765 3253 1821 observa.
3276 1769 3322 1823 ο

1733 1837 2092 1908 hyperbolen!
2137 1858 2238 1912 ego
2262 1859 2387 1910 ero,
2413 1845 2616 1917 inquit,
2645 1860 2828 1906 custos
2847 1852 2891 1919 ?_
2921 1853 2967 1909 Ο
2987 1857 3277 1911 amentiam
3302 1860 3317 1911 l

1731 1944 1848 1995 cur,
1887 1945 2040 2000 rogo,
2085 1947 2192 1986 non
2219 1935 2328 1988 eris
2351 1939 2572 1991 custos?
2600 1954 2781 1995 nonne
2806 1942 3049 2010 ejusdem
3074 1946 3270 2001 anima:
3293 1988 3310 2009 .

1735 2019 1888 2088 cujus
1920 2030 1974 2074 tu
2001 2062 2017 2085 ,
2045 2031 2128 2076 est
2168 2024 2473 2095 particeps?
2499 2015 2679 2084 nonne
2703 2031 2909 2086 eisdem
2931 2048 2961 2087 a
2992 2034 3104 2089 Deo
3123 2045 3208 2090 est
3231 2036 3315 2092 di-

1716 2120 1889 2180 ‘guata
1915 2112 1939 2166 ?
1967 2128 2146 2180 nonne
2171 2117 2362 2171 eadem
2393 2134 2576 2174 mensa
2620 2121 2858 2177 fruitur?
2909 2139 3089 2180 nonne
3141 2138 3315 2184 tecum
3398 2115 3411 2126 ’

1730 2202 1890 2256 habet
1929 2218 2268 2261 communem
2294 2209 2512 2278 generis
2539 2210 2913 2268 nobilitatem?
2956 2217 3095 2284 Quid
3122 2220 3166 2273 si
3190 2229 3274 2274 est
3298 2213 3330 2286 ,’

1729 2292 1918 2360 inquit,
1951 2294 2233 2363 maledica,
2266 2308 2322 2352 et
2346 2301 2724 2367 conviciatrix,
2752 2303 2947 2374 loquax
2973 2317 3028 2360 et
3054 2307 3268 2364 ebriosa
3292 2313 3317 2366 ?

1727 2382 1870 2449 Quot
1901 2382 2079 2438 autem
2109 2387 2367 2443 mulieres
2396 2390 2579 2445 libera:
2624 2403 2754 2447 sunt
2791 2395 3102 2463 ejusmodi?
3132 2403 3312 2456 omnia

1730 2485 1912 2527 autem
1969 2475 2255 2530 mulierum
2304 2479 2432 2532 vitia
2487 2490 2541 2536 et
2585 2482 2779 2538 delicta
2818 2485 2957 2544 ferre
2985 2491 3129 2545 viros
3152 2492 3315 2562 jussit

1730 2562 1890 2618 Deus.
1942 2563 2264 2632 Dummodo,
2313 2568 2504 2637 inquit,
2539 2586 2644 2625 non
2691 2573 2762 2626 sit
2785 2586 3063 2643 scortum,
3115 2589 3310 2636 caetera

1727 2653 1905 2705 omnia
1918 2651 1997 2706 fer
2016 2653 2208 2708 delicta
2233 2665 2288 2710 et
2308 2658 2458 2711 vitia.
2491 2659 2715 2716 Etiamsi
2740 2664 2808 2718 sit
2834 2667 3068 2736 ebriosa,
3089 2671 3309 2727 Etiamsi

1727 2741 2006 2810 malediCa,
2061 2745 2270 2799 etiamsi
2314 2747 2529 2820 loquax,
2575 2753 2784 2807 etiamsi
2830 2756 3045 2824 invida,
3100 2762 3308 2817 etiamsi

1731 2840 2064 2900 sumptuosa,
2082 2834 2289 2890 etiamsi
2319 2851 2642 2896 consumens
2668 2842 2965 2913 facultates,
2996 2847 3161 2904 habes
3187 2852 3309 2905 vita:

1724 2922 1964 2976 sociam:
2021 2939 2349 3000 componere
2385 2930 2542 2984 vitam
2587 2937 3060 3007 necesselibiest:
3104 2942 3226 2998 ideo
3253 2955 3309 3000 tu

1724 3025 1785 3064 es
1812 3022 1992 3081 caput.
2023 3013 2299 3085 Compoue
2319 3034 2469 3090 ergo,
2495 3021 2579 3077 fac
2604 3025 2744 3093 quod
2777 3036 2925 3083 tuum
2948 3041 3052 3087 est.
3080 3033 3308 3093 Etiamsi

1724 3113 1938 3158 maneat
1961 3105 2225 3174 ejusmodi
2256 3117 2312 3161 ut
2329 3125 2434 3163 non
2460 3114 2627 3187 possit
2651 3118 2889 3189 corrigi;
2920 3123 3131 3179 etiamsi
3162 3126 3307 3184 fure-

1724 3201 1831 3257 tur,
1853 3207 2004 3247 serva
2032 3210 2152 3265 qua:
2164 3208 2289 3252 sunt
2315 3209 2402 3254 tua
2431 3219 2444 3254 :
2474 3218 2541 3256 ne
2568 3205 2711 3259 illam
2741 3207 2878 3263 adeo
2899 3215 3106 3269 crucies
3131 3234 3145 3270 :
3175 3218 3218 3271 si
3239 3218 3310 3274 sit

1724 3282 1939 3350 loquax,
1984 3299 2047 3339 os
2071 3286 2120 3340 ei
2150 3287 2387 3343 obstrne.
2418 3291 2532 3347 Hoc
2560 3303 2643 3349 est
2671 3311 2897 3354 summa:
2910 3303 3304 3376 .pbilosopliim.

1722 3371 1875 3427 Nunc
1902 3383 2082 3428 autem
2133 3377 2376 3445 qumdam
2407 3384 2707 3440 veniunteo
2734 3371 2956 3446 saevitiae
2977 3371 3304 3452 etabsurdi-

1724 3464 1849 3518 tatis
1871 3506 1886 3530 ,
1915 3473 1975 3518 ut
2003 3478 2163 3537 caput
2189 3469 2475 3541 detegant,
2504 3485 2558 3528 et
2582 3478 2804 3534 ancillas
2831 3483 3047 3540 trahant
3071 3490 3303 3557 capillis.

1794 3558 1846 3611 4.
1875 3557 1985 3612 Cur
2003 3573 2192 3615 omnes
2216 3564 2540 3619 erubuistis?
2568 3567 2682 3622 Non
2700 3574 2950 3630 omnibus
2974 3575 3090 3632 haec
3117 3581 3306 3636 dicun-

1722 3657 1857 3704 tur:
1905 3650 1998 3704 sed
2052 3652 2116 3704 iis
2160 3669 2281 3723 quas
2326 3656 2392 3709 ad
2443 3666 2641 3712 tantam
2699 3664 2981 3720 trahuntur
3015 3669 3299 3728 feritatem.

1719 3739 1907 3796 Mulier
1931 3756 1997 3795 ne
2017 3743 2088 3796 sit
2109 3742 2317 3799 detecta
2343 3748 2417 3813 (l.
2449 3747 2570 3803 Cor.
2602 3752 2688 3804 ll.
2712 3754 2744 3806 6
2775 3754 2816 3822 ),
2850 3757 3040 3825 inquit,
3069 3762 3262 3819 Paulus
3289 3786 3304 3822 :

1720 3836 1774 3879 tu
1830 3837 2007 3881 autem
2056 3833 2277 3885 omnino
2316 3835 2493 3888 velum
2528 3838 2766 3894 'anfers?
2815 3844 2976 3901 Vides
3033 3856 3303 3919 quomodo

1722 3917 1947 3983 teipsam
1995 3921 2319 4009 contumelia
2364 3923 2575 3978 amcis?
2622 3929 2799 3998 Atque
2838 3936 2884 3988 si
2939 3917 3300 4010 tibi—quidem

1720 4007 1865 4059 nudo
1904 4009 2079 4076 capite
2105 4003 2378 4080 appareat,
2419 4030 2537 4069 eam
2568 4034 2680 4073 rem
2708 4022 2844 4078 dicis
2871 4003 3248 4089 contumeliam
3285 4057 3299 4092 :

1721 4107 1774 4152 tu
1787 4107 1965 4153 autem
1987 4099 2152 4166 ipsam
2172 4101 2399 4170 nudans,
2419 4106 2550 4159 nihil
2564 4109 2860 4178 grave'esse
2879 4115 3052 4173 dicis?
3077 4122 3277 4181 Deinde

1718 4188 1912 4257 inquit,
1961 4190 2086 4258 quid
2115 4191 2160 4245 si
2205 4207 2310 4245 non
2331 4198 2677 4266 corrigatur?
2727 4202 2880 4273 Virga
2913 4217 2965 4260 et
2994 4210 3161 4281 plagis
3181 4230 3300 4271 eam

1715 4278 1937 4346 castiga.
1961 4279 2101 4344 Quot
2124 4292 2300 4335 autem
2331 4283 2494 4339 habes
2522 4295 2578 4341 tu
2608 4290 2733 4344 vitia
2760 4303 2814 4347 et
2840 4295 3054 4362 delicta,
3086 4278 3162 4357 ὀι
3190 4321 3295 4360 non

1713 4367 2052 4437 corJigcris?
2087 4375 2216 4426 Bmc
2261 4388 2291 4426 a
2343 4375 2496 4429 nobis
2549 4395 2690 4435 nunc
2716 4396 2821 4437 non
2865 4385 3006 4442 dicta
3045 4402 3167 4446 sunt
3198 4411 3296 4465 pro

1720 4458 1848 4524 illis,
1873 4459 1968 4515 sed
2000 4475 2096 4528 pro
2126 4461 2279 4515 vobis
2305 4478 2424 4531 qua:
2452 4468 2583 4520 estis
2615 4470 2818 4537 liberm,
2851 4484 2909 4528 ut
2931 4478 3061 4533 nihil
3093 4458 3300 4541 faciatis

1716 4547 2024 4602 indecorum
2063 4566 2237 4619 neque
2272 4559 2423 4621 turpe
2443 4594 2460 4619 ,
2493 4572 2559 4610 ne
2585 4573 2682 4614 vos
2709 4561 2851 4629 ipsas
2879 4565 3105 4624 lmdatis.
3140 4571 3194 4626 Si
3237 4576 3290 4628 in

1717 4640 1800 4692 his
1839 4638 1981 4693 domi
2031 4655 2156 4708 erga
2199 4644 2444 4697 ancillam
2475 4645 2641 4702 fueris
2668 4651 2899 4719 erudita,
2948 4660 3073 4712 etsi
3106 4663 3249 4717 mitis
3275 4707 3290 4729 ,

1715 4739 1769 4784 et
1805 4747 1912 4785 non
1951 4733 2127 4801 gravis
2174 4747 2237 4787 ac
2283 4736 2508 4790 molesta
2533 4777 2551 4804 ,
2608 4742 2774 4797 multa
2824 4748 2993 4816 magis
3033 4752 3153 4806 talis
3190 4759 3298 4810 eris

1714 4835 1839 4890 erga
1900 4823 2093 4876 virum.
2144 4823 2299 4878 Nam~
2334 4826 2379 4907 si
2438 4843 2558 4881 cum
2621 4832 2672 4884 in
2733 4841 2821 4887 tua
2877 4838 2948 4890 sit
2989 4851 3250 4907 potestate
3283 4887 3296 4907 ,

1717 4912 1847 4965 nihil
1877 4913 1981 4965 tale
2012 4914 2187 4969 faccre
2225 4901 2684 4986 deprehendaris,
2742 4926 2908 4980 multo
2951 4901 3120 4999 magis
3166 4937 3297 4991 nihil

1719 5003 1823 5055 tale
1854 5000 2051 5068 facies,
2097 5006 2310 5072 quando
2336 5008 2604 5076 quidpiam
2636 5013 2954 5079 prohibebit.
3007 5022 3125 5088 Quo
3156 5025 3212 5078 fit
3242 5039 3296 5081 ut

1717 5108 1836 5159 qua:
1865 5095 1915 5146 in
1943 5093 2134 5146 ancilla
2185 5109 2465 5153 exercetur
2517 5100 2849 5172 philosophia
2875 5150 2888 5172 ,
2947 5112 3168 5169 multum
3202 5133 3294 5174 vos

1710 5181 1863 5249 juvet
1907 5183 1972 5236 ad
2023 5186 2411 5241 conciliandam
2468 5193 2777 5248 maritorum
2843 5198 3289 5260 benevolentiam.

1722 5269 1774 5321 Ν
1780 5288 1858 5322 um
1876 5288 1972 5337 qua
1991 5290 2224 5326 mensura
2252 5279 2409 5331 mensi
2429 5282 2645 5348 fueritis,
2677 5285 2851 5338 eadem
2873 5293 3176 5356 rependatur
3197 5311 3284 5350 Io-

1716 5352 1790 5405 bis
1841 5354 2052 5424 (Matth.
2078 5358 2128 5409 7.
2158 5359 2240 5428 2).
2274 5361 2492 5429 lutponc
2521 5366 2600 5418 ori
2626 5366 2867 5435 frenum;
2895 5352 2949 5426 et
2975 5377 3017 5428 si
3048 5387 3097 5431 te
3125 5395 3284 5434 exer-

1715 5447 1894 5499 cueris
1924 5460 1977 5500 ut
2001 5448 2122 5501 forti
2151 5461 2201 5502 et
2229 5467 2494 5519 generoso
2518 5457 2696 5512 animo
2724 5460 2864 5517 feras
2893 5454 3138 5522 ancillam
3169 5487 3284 5526 mo-

1717 5535 1904 5589 lestam
1923 5552 1982 5590 ac
1999 5538 2290 5602 difﬁcilem,
2323 5557 2421 5597 nec
2441 5559 2557 5596 eam
2579 5557 2699 5614 qua!
2718 5560 2800 5603 est
2828 5553 2917 5606 tibi
2948 5571 3043 5623 par
3062 5557 3284 5621 honore,

1720 5641 1785 5678 ne
1813 5626 1855 5679 si
1889 5628 1957 5680 sit
1985 5628 2198 5696 quidem
2227 5635 2628 5702 contumeliosa,
2659 5654 2798 5708 tegre
2821 5642 2993 5710 feres;
3027 5661 3133 5702 non
3150 5665 3292 5719 aegre

1717 5713 1890 5770 ferens
1930 5727 2105 5770 autem
2128 5759 2142 5784 ,
2200 5728 2251 5774 te
2282 5732 2426 5776 reete
2457 5724 2510 5780 in
2557 5741 2763 5783 summa
2793 5737 3023 5800 gesseris
3051 5713 3288 5807 philoso-
