4096 6310
768 356 855 409 ut
1563 347 1620 401 S.
1648 344 1918 400 JOAN‘NIS
1954 341 2417 398 CIIRYSOSTOM!
2458 343 2763 397 AliCIllEP.
2809 347 3328 409 ΕΟΝΞΤᾹΜΙΝΟΡ.

771 467 912 530 pbia.
969 463 1101 518 Sunt
1133 463 1291 516 etiam
1320 460 1561 531 qurrdam
1611 475 1729 528 qua:
1770 458 1970 510 addunt
1992 456 2288 527 juramcnta
2318 471 2331 506 :

764 554 890 607 niltil
918 563 1000 608 est
1026 563 1201 605 autem
1235 555 1439 619 turpius
1482 565 1637 618 quam
1676 564 1738 602 ea
1785 563 1901 615 qua:
1943 547 2019 599 sic
2070 545 2331 598 irascitur.

764 643 898 708 Quid
934 657 1063 696 vero
1083 682 1099 707 ,
1143 643 1345 708 inquit,
1374 640 1419 692 si
1443 638 1564 692 fuco
1594 639 1815 691 utatur'!
1844 636 1955 699 Hoc
1986 634 2207 703 prohibe
2226 673 2240 696 ,
2284 642 2337 685 et

765 749 863 799 ego
889 734 981 786 tibi
1015 734 1310 785 assentiar:
1338 730 1559 799 prohibe
1582 738 1759 781 autem
1781 742 1809 779 a
1840 736 1891 781 te
1922 726 2199 793 incipiens,
2232 739 2334 776 null

768 832 969 876 tantum
1020 834 1204 884 metu,
1256 830 1512 889 quantum
1554 817 1838 885 exemplo:
1882 816 1955 869 sis
1996 816 2044 867 in
2089 814 2337 867 omnibus

768 913 1044 983 exemplar
1064 914 1434 981 archetypum.
1468 912 1530 963 Et
1558 910 1887 979 blasphemia,
1906 906 2107 974 inquit,
2133 905 2339 957 tollatur

768 1022 798 1055 a
829 1006 979 1056 vobis.
1010 1002 1143 1057 Vide
1169 1002 1436 1071 quomodo
1462 1000 1715 1070 procedat
1732 998 1947 1051 malum.
1982 994 2337 1049 Atnarulentia

768 1094 975 1163 peperit
1008 1095 1142 1145 iram
1170 1133 1185 1157 ,
1232 1092 1308 1145 ira
1343 1092 1754 1159 indignationem
1774 1129 1790 1154 ,
1820 1086 2109 1157 indignatio
2138 1086 2340 1140 clamo—

768 1196 881 1235 rem
903 1221 917 1244 ,
944 1184 1147 1235 clamor
1187 1180 1567 1248 blasphemiam
1589 1221 1603 1245 ,
1635 1179 1683 1231 id
1728 1188 1807 1233 est
1827 1218 1842 1243 ,
1884 1174 2194 1239 maledicta;
2227 1174 2340 1226 bla-

768 1272 1005 1341 sphemia
1034 1272 1247 1326 demum
1277 1274 1475 1341 plagas,
1506 1271 1670 1340 pluga'
1703 1271 1936 1331 vulnera,
1963 1268 2339 1320 haecnmrtem.

773 1365 842 1414 At
868 1361 996 1414 nihil
1020 1359 1210 1415 horum
1244 1360 1407 1414 voluit
1428 1360 1607 1413 dicere
1636 1359 1848 1419 Paulus,
1877 1357 1970 1410 sed
1998 1357 2095 1409 hoc
2118 1362 2339 1416 tantum,

771 1451 1005 1505 Tollatur
1029 1469 1141 1504 cum
1183 1453 1320 1504 omni
1366 1451 1577 1503 malitia.
1608 1449 1744 1516 Quid
1772 1457 1853 1503 est
1882 1447 2028 1510 illud,
2058 1444 2179 1498 Cum
2207 1445 2343 1497 omni

777 1542 1011 1597 malitia!
1064 1541 1250 1597 Omnis
1296 1541 1437 1594 enim
1481 1541 1677 1593 malitia
1720 1540 1771 1592 in
1818 1538 1918 1591 hoc
1947 1536 2160 1590 desinit.
2210 1535 2343 1588 Sunt

777 1635 917 1687 enim
967 1634 1182 1703 quidam
1212 1634 1349 1687 sicut
1395 1647 1556 1685 canes
1603 1630 1904 1684 mordentes
1946 1626 2206 1689 latenter,
2255 1622 2343 1692 qtti

774 1723 1045 1777 accedenti
1073 1722 1288 1791 quidem
1322 1735 1425 1773 non
1455 1720 1702 1773 allatrant
1720 1758 1735 1783 ,
1766 1732 1938 1786 neque
1964 1730 2085 1770 cum
2112 1728 2249 1783 aegre
2272 1713 2346 1767 fe-

775 1820 938 1877 runt,
989 1811 1324 1865 blandientes
1368 1819 1545 1864 autem
1614 1819 1667 1862 et
1720 1807 1953 1862 lenitatis
2002 1804 2345 1859 ostendentes

772 1902 1025 1969 speciem,
1071 1915 1193 1954 cum
1222 1916 1325 1953 non
1350 1900 1450 1952 sibi
1478 1906 1727 1951 caventes
1752 1895 2199 1965 apprehenderint
2223 1934 2236 1957 ,
2268 1893 2347 1946 cis

776 1994 963 2046 dentes
987 1991 1208 2061 infigunt
1240 2010 1252 2044 :
1290 1992 1320 2044 ii
1349 1999 1471 2043 sunt
1495 1987 1764 2059 gra'viorcs
1788 2029 1800 2051 ,
1828 2002 1985 2056 quam
2015 1986 2103 2054 qui
2132 1996 2345 2052 apertas

687 2086 702 2101 ⁸
776 2084 1075 2151 suscipiunt
1109 2082 1430 2135 inimicitias.
1465 2078 1724 2146 Quoniam
1775 2091 1903 2146 ergo
1941 2085 2066 2130 sunt
2103 2075 2347 2127 homines

767 2185 986 2241 ‘quoque
1012 2186 1189 2235 canes,
1223 2186 1397 2241 neque
1424 2171 1716 2224 clamantes
1743 2182 1916 2236 neque
1943 2168 2230 2220 irascentes
2254 2180 2351 2219 nc-

775 2276 880 2331 que
906 2277 1046 2330 a'gre
1075 2260 1305 2315 ferentes
1332 2260 1613 2322 minantur,
1640 2257 1731 2312 sed
1758 2259 1891 2311 clam
1914 2257 2064 2310 dolos
2088 2260 2350 2310 eonSuen—

781 2362 881 2411 tes.
930 2361 983 2404 et
1034 2352 1171 2403 mala
1215 2359 1483 2403 struentes
1530 2349 1826 2409 innumera,
1873 2357 1926 2402 et
1956 2347 2113 2400 rebus
2143 2347 2267 2414 ipsis
2298 2355 2351 2399 et

786 2442 940 2494 factis
971 2441 1304 2503 ulciscentes,
1330 2441 1427 2491 bos
1457 2452 1667 2506 quoque
1698 2437 2067 2490 subiudicavit.
2095 2434 2344 2498 Toltntnr,

782 2530 973 2598 inquit,
1022 2546 1052 2581 a
1094 2530 1229 2582 vobis
1269 2544 1383 2581 cum
1427 2528 1563 2580 omni
1590 2526 1803 2578 malitia.
1849 2525 1926 2578 Ne
1950 2526 2119 2577 verbis
2141 2524 2350 2592 quidem

783 2633 993 2687 parcas,
1022 2617 1193 2680 ‘factis
1238 2626 1413 2670 autem
1443 2615 1735 2669 ulciscaris.
1788 2613 1904 2683 ,Ego
1960 2613 2076 2668 ideo
2121 2613 2350 2681 linguam

784 2709 1036 2777 castigari
1056 2749 1068 2771 ,
1102 2717 1154 2761 et
1181 2708 1295 2777 ejus
1321 2708 1610 2760 clamorem
1640 2695 1941 2772 amputari,
1975 2718 2040 2756 ne
2072 2703 2355 2755 vehemen-

786 2802 977 2851 tiorem
1029 2812 1211 2866 rogum
1265 2797 1616 2849 accenderet:
1665 2796 1906 2848 siautem
1952 2794 2110 2847 etiam
2152 2792 2353 2859 absque

3908 363 4003 414 ΗΞ

2443 458 2677 512 clamore
2704 463 2888 515 eadem
2914 463 3063 530 facis,
3097 476 3150 520 et
3178 470 3317 523 intus
3332 472 3427 524 alis
3456 487 3635 543 rogum
3656 484 3709 531 et
3723 476 4003 537 carbones.

2441 550 2566 616 quid
2601 551 2690 603 tibi
2725 553 2935 619 prodest
2967 557 3276 611 silentium?
3320 576 3384 613 an
3431 564 3606 617 nescis
3651 567 3891 621 incendia
3921 569 4007 623 illa

2441 653 2559 691 esse
2577 642 2910 710 gravissima,
2936 661 3186 714 quaecum
3212 651 3351 704 intus
3375 652 3597 718 alantur,
3621 673 3724 710 non
3752 671 4010 727 apparent
4094 674 4096 677 '

2442 731 2662 800 singulis
2693 734 2781 802 qui
2810 735 2937 788 foris
2964 738 3403 796 circumsistunt?
3430 754 3483 797 et
3511 746 3727 801 vulnera
3756 764 3875 816 qua:
3903 764 4009 802 non

2443 836 2701 891 apparent
2719 827 2769 879 in
2792 828 3093 894 superficie,
3114 834 3169 883 'ct
3190 831 3361 887 febres
3376 850 3493 903 qua:
3521 836 3725 891 interna
3757 838 4013 894 adurunt?

2446 913 2518 967 lla
2546 916 2705 969 etiam
2739 919 2812 969 ira
2846 918 3035 974 illaest
3058 923 3289 990 gravior,
3342 940 3460 993 quae
3488 926 3726 997 depascit
3756 930 4011 983 animam.

2447 1004 2552 1058 Sed
2588 1007 2712 1074 ipsa
2744 1023 2978 1077 quoque,
3008 1010 3197 1079 inquit,
3230 1014 3443 1069 tollatur
3470 1030 3588 1070 cum
3618 1019 3761 1072 omni
3792 1020 4012 1086 malitia,

2444 1103 2497 1148 et
2529 1109 2683 1163 parva
2712 1106 2764 1150 et
2786 1112 2994 1167 magna.
3025 1100 3080 1154 Si
3107 1116 3235 1172 ergo
3256 1118 3553 1171 pereamus,
3586 1116 3638 1161 et
3661 1123 3875 1162 onmem
3914 1110 4016 1161 tol-

2446 1186 2615 1241 lamus
2654 1190 3059 1245 amaritudinem
3087 1202 3140 1247 et
3169 1196 3447 1260 malitiam,
3472 1213 3539 1251 ne
3568 1198 3780 1253 tristitia
3805 1199 4018 1253 afﬁcia-

2446 1290 2565 1330 mus
2590 1276 2843 1345 Spiritum
2888 1290 3128 1335 sauctum
3160 1300 3172 1335 :
3206 1286 3505 1339 auferamus
3533 1287 3787 1342 radicitus
3815 1290 4017 1343 amari-

2450 1367 2720 1433 tudinem,
2766 1384 2882 1423 cam
2913 1370 3474 1428 abscindamus.Nihil
3504 1375 3628 1429 boni
3677 1392 3855 1446 neque
3900 1380 4018 1431 sani
4094 1388 4096 1397 '

2448 1457 2574 1510 oriri
2599 1458 2787 1525 poterit
2804 1472 2870 1513 ex
2891 1475 3068 1515 amara
3090 1462 3264 1516 anima
3285 1480 3300 1517 :
3320 1475 3442 1521 sunt
3462 1466 3640 1520 omnia
3662 1467 4018 1533 calamitates,

2449 1546 2625 1600 omnia
2658 1547 2923 1619 lacrymze,
2954 1550 3129 1604 omnia
3163 1552 3596 1619 lamentationes,
3627 1556 3799 1610 luctus
3828 1569 3882 1611 et
3907 1556 4021 1625 eju-

2402 1656 2416 1683 κ
2451 1635 2606 1689 latus.
2639 1636 2752 1691 Non
2784 1638 2974 1693 videtis
3012 1641 3279 1709 quomodo
3321 1657 3631 1698 aversemur
3670 1646 3873 1700 bestias
3902 1661 4022 1716 quae

2450 1724 2720 1779 clamant?
2750 1738 2805 1781 ut
2836 1729 3063 1796 leonem,
3096 1746 3309 1785 ursum:
3339 1732 3432 1787 sed
3455 1748 3561 1788 non
3588 1751 3742 1789 ovem
3771 1754 3786 1788 :
3810 1750 3917 1789 non
3945 1747 4026 1790 est

2451 1816 2591 1868 enim
2638 1816 2746 1871 illic
2787 1818 3023 1885 clamor,
3051 1819 3146 1874 sed
3174 1835 3273 1875 vox
3295 1822 3537 1890 quatdam
3566 1825 3731 1877 mitis.
3760 1824 3930 1879 Porro
3963 1841 4025 1879 ex

2454 1908 2818 1964 instrumentis
2861 1926 3075 1981 quoque
3122 1914 3337 1968 musicis
3366 1929 3714 1985 quaecumque
3752 1916 4025 1980 clamant,

2453 2010 2575 2054 sunt
2600 2001 2665 2054 ad
2706 2015 2897 2055 sonum
2926 2001 3294 2070 iujueundiora
3314 2043 3330 2068 ,
3383 2014 3439 2056 ut
3471 2015 3717 2074 tympana
3746 2013 3802 2060 et
3831 2005 3978 2059 tuba:
4015 2024 4028 2059 :

2454 2107 2573 2159 quae
2598 2101 2773 2145 autem
2806 2106 2909 2145 non
2939 2092 3009 2145 ita
3035 2093 3267 2147 sonitum
3294 2094 3479 2160 edunt,
3508 2095 3600 2149 sed
3634 2095 3921 2158 molliunt,
3969 2111 4029 2150 ea

2456 2191 2577 2236 sunt
2596 2179 2853 2249 jucunda,
2887 2190 2941 2235 ut
2967 2182 3111 2247 tibia,
3140 2183 3343 2237 cithara
3371 2193 3422 2237 ct
3446 2183 3655 2237 ﬁstulae.
3685 2185 3773 2239 Sic
3788 2193 4031 2238 nostram

2455 2283 2664 2338 qucque
2693 2284 3075 2339 componamus
3108 2274 3368 2338 animam,
3411 2284 3468 2327 ut
3498 2290 3601 2327 non
3635 2276 3847 2340 clamet,
3884 2286 3941 2329 et
3970 2277 4037 2329 ita

2459 2362 2749 2427 poterimus
2775 2362 2934 2415 etiam
2959 2377 3211 2432 superare
3246 2365 3402 2419 iram.
3447 2375 3498 2418 et
3537 2381 3599 2420 ea
3627 2376 3905 2433 amputata
3940 2368 4036 2436 ipsi

2457 2451 2612 2518 primi
2640 2449 2878 2503 fruemur
2898 2452 3278 2520 tranquillitate
3301 2493 3316 2516 ,
3365 2463 3419 2507 et
3446 2454 3510 2506 ad
3543 2455 3888 2524 tranquillum
3916 2472 4039 2526 por-

2461 2547 2568 2590 tum
2598 2540 2960 2606 navigabimus
2985 2557 2999 2593 :
3029 2555 3183 2609 quem
3213 2541 3369 2595 detur
3392 2544 3541 2596 nobis
3568 2544 3819 2598 omnibus
3844 2560 4036 2600 conseo

2460 2631 2545 2698 qui
2567 2669 2581 2695 ,
2615 2631 2668 2685 in
2690 2630 2906 2685 Christo
2930 2630 3057 2686 Jesu
3081 2633 3303 2686 Domino
3333 2642 3537 2699 nostro,
3577 2649 3699 2689 cum
3740 2650 3848 2704 quo
3883 2636 4030 2689 Patri

2462 2720 2618 2772 simul
2671 2734 2788 2773 cum
2834 2729 3017 2774 sancto
3064 2721 3261 2790 Spiritu
3302 2723 3488 2792 gloria,
3525 2727 3798 2802 potentia,
3827 2724 4038 2791 honor,

2465 2824 2604 2863 nunc
2631 2820 2681 2863 et
2709 2824 2957 2879 semper,
2978 2819 3033 2865 et
3062 2812 3113 2863 in
3140 2812 3333 2865 sarcula
3360 2815 3699 2867 sa‘culorum.
3737 2816 3934 2869 Amen.

2144 2973 2484 3033 HOMILIA
2530 2975 2646 3033 XV
2653 2975 2699 3033 Ι.

782 3126 912 3180 Car.
950 3126 998 3177 4.
1025 3139 1073 3175 v.
1106 3124 1193 3177 51.
1232 3123 1407 3175 Omnis
1444 3121 1727 3173 amaritudo
1756 3128 1801 3172 et
1830 3120 1907 3172 ira
1934 3128 1981 3172 et
2010 3118 2286 3187 indignatio
2315 3126 2360 3169 et

855 3216 1047 3266 clamor
1080 3223 1124 3265 et
1155 3213 1462 3280 blasphemia
1490 3211 1697 3263 tollatur
1723 3226 1752 3261 a
1775 3211 1909 3262 vobis
1935 3225 2046 3260 cum
2073 3209 2209 3260 onmi
2248 3224 2360 3259 ma—

857 3307 983 3361 litia.
1015 3305 1102 3358 '52.
1131 3303 1304 3357 Estole
1329 3313 1497 3356 autem
1521 3303 1727 3355 invicem
1753 3302 1969 3371 benigni,
1996 3300 2358 3366 misericordes,

856 3396 1098 3449 donantes
1120 3396 1346 3458 invicem,
1376 3396 1501 3447 sicut
1528 3402 1573 3446 et
1602 3393 1732 3446 Deus
1764 3393 1964 3445 donavit
1990 3391 2138 3447 vobis.

860 3488 911 3540 i.
942 3485 1055 3539 Non
1092 3485 1281 3538 sufficit
1315 3484 1526 3539 liberari
1554 3500 1581 3537 a
1613 3484 1772 3548 vitio,
1816 3486 1857 3536 si
1900 3493 2107 3551 oportet
2152 3484 2361 3551 assequi

788 3592 1009 3644 regnum
1042 3576 1313 3637 czclorum,
1343 3575 1434 3629 sed
1462 3575 1619 3628 etiam
1651 3575 1815 3626 multo
1848 3574 2097 3626 virtutum
2124 3588 2255 3640 opus
2282 3582 2365 3627 est

792 3668 1067 3721 exercitio.
1095 3666 1225 3719 Nam
1260 3676 1314 3718 ut
1344 3682 1370 3718 a
1399 3666 1637 3734 gcltcnna
1659 3666 1868 3732 quidem
1903 3665 2209 3728 liberemur,
2239 3666 2363 3717 abs-

794 3758 963 3809 tinere
987 3765 1197 3823 oportet
1224 3772 1249 3806 a
1280 3757 1517 3817 scelere;
1548 3768 1601 3807 ut
1631 3764 1805 3807 autem
1849 3770 2065 3822 regnum
2115 3769 2366 3823 assequa-

796 3864 930 3910 mur,
962 3847 1129 3899 virtus
1160 3855 1234 3898 est
1265 3846 1651 3911 amplectenda.
1679 3847 1765 3896 'An
1793 3846 2009 3896 nescitis
2030 3845 2168 3911 quod
2201 3846 2251 3896 in
2274 3860 2365 3896 cx-

795 3939 962 3992 tcrnis
982 3940 1139 3991 etiam
1158 3937 1389 4006 judiciis,
1418 3935 1628 4003 quando
1654 3935 1785 3988 facta
1808 3936 2195 3997 examinentur,
2220 3944 2273 3989 et
2299 3935 2363 3987 ad

794 4030 1103 4083 concionem
1136 4028 1385 4080 convenit
1417 4034 1519 4077 tota
1550 4025 1756 4089 civitas,
1789 4026 1857 4078 ita
1892 4026 2015 4078 fiat?
2043 4026 2097 4079 In
2127 4025 2361 4081 externis

794 4120 935 4173 enim
974 4118 1187 4186 judiciis
1222 4125 1371 4170 vetus
1398 4125 1510 4171 erat
1543 4130 1687 4180 mos,
1719 4125 1773 4168 ut
1799 4130 1992 4169 corona
2022 4125 2365 4169 coronaretur

797 4224 978 4266 aurea.
1015 4222 1117 4259 non
1151 4207 1239 4274 qui
1273 4206 1400 4259 nihil
1430 4206 1552 4257 mali
1586 4204 1783 4258 fecerat
1820 4206 2038 4266 civitati,
2081 4207 2181 4260 hoc
2220 4208 2364 4260 enim

798 4299 969 4353 Solum
1000 4296 1196 4349 sufficit
1232 4296 1295 4347 ad
1335 4310 1437 4348 non
1480 4294 1681 4348 dandas
1725 4311 1940 4363 pmnas;
1972 4296 2063 4350 sed
2092 4297 2250 4349 etiam
2278 4298 2363 4365 qui

802 4388 1006 4455 magnis
1036 4402 1149 4440 eam
1178 4385 1429 4439 affecerat
1467 4385 1756 4439 beneficiis.
1800 4385 1887 4439 Sic
1928 4386 2207 4454 Oportebat
2246 4386 2365 4439 duci

794 4479 860 4531 ad
893 4478 1033 4531 hunc
1060 4476 1332 4529 lt0norem.
1366 4474 1468 4529 Sed
1501 4477 1678 4529 nescio
1700 4476 1965 4543 quomodo
1986 4477 2367 4544 propemodum

800 4581 887 4618 me
926 4564 1102 4632 effugit
1124 4604 1139 4626 ,
1170 4565 1310 4632 quod
1339 4565 1487 4617 vobis
1520 4566 1746 4619 maxime
1776 4580 1994 4619 necesse
2028 4576 2142 4619 erat
2167 4567 2366 4621 dicere.

802 4656 967 4724 Hujus
994 4657 1133 4709 enim
1161 4656 1431 4709 divisionis
1456 4656 1677 4725 primam
1702 4672 1913 4711 resumo
1942 4667 2143 4725 partem
2166 4700 2179 4724 ,
2210 4674 2368 4727 parva

800 4744 1030 4813 quadam
1074 4744 1306 4798 adhibita
1352 4747 1701 4801 correctione.
1752 4747 1883 4801 Nam
1929 4752 2174 4817 quoniam
2224 4750 2366 4813 dixi,

803 4833 945 4902 quod
977 4848 1043 4887 ne
1067 4834 1316 4888 cadamus
1345 4835 1394 4887 in
1422 4836 1716 4903 gehennam
1740 4879 1754 4902 ,
1787 4836 1984 4891 sufficit
2009 4840 2163 4893 nobis
2193 4855 2370 4894 rcces-

804 4936 896 4977 sus
922 4938 952 4977 a
984 4924 1141 4986 malo,
1168 4925 1377 4978 interim
1403 4926 1527 4979 dttm
1550 4927 1687 4991 dico,
1714 4929 1840 4982 mihi
1860 4940 2119 4985 venerunt
2145 4932 2195 4985 in
2225 4947 2371 4987 men-

807 5024 913 5066 tem
950 5015 1188 5083 qumdam
1219 5017 1373 5069 mium
1400 5018 1669 5071 terribiles
1699 5020 2016 5088 supplicium
2046 5021 2333 5076 inferentes
2355 5063 2368 5087 ,

804 5117 911 5157 non
952 5104 1016 5157 iis
1057 5105 1143 5173 qui
1184 5106 1306 5160 mali
1349 5108 1615 5177 quidpiam
1654 5108 2003 5178 admiserunt,
2029 5113 2121 5166 sed
2150 5128 2242 5166 eos
2271 5128 2369 5181 pu-

803 5195 1031 5259 uientes,
1072 5196 1160 5265 qui
1203 5197 1323 5251 boni
1366 5200 1558 5268 aliquid
1600 5202 2070 5269 przetermiseruut.
2114 5204 2367 5272 Quaenam

808 5294 981 5357 autem
1022 5301 1099 5339 ea:
1142 5288 1302 5340 sunt?
1339 5288 1781 5345 Cumadrenerit
1808 5334 1820 5355 ,
1871 5293 2077 5362 inquit,
2127 5294 2239 5348 dies
2282 5295 2371 5349 ille

802 5376 1089 5440 terribilis,
1140 5394 1243 5447 quo
1292 5393 1348 5433 se
1396 5381 1586 5435 sistere
1628 5391 1865 5450 oportet,
1909 5383 1960 5436 in
2009 5385 2256 5438 tribunali
2279 5400 2370 5439 se-

808 5467 942 5521 deus
971 5469 1161 5531 Jutlex.
1192 5473 1380 5525 ovibus
1406 5474 1616 5541 quidem
1648 5478 1858 5530 statutis
1882 5491 1910 5530 a
1933 5477 2132 5532 dextris
2153 5520 2165 5542 ,
2199 5478 2371 5533 haedis

807 5567 936 5611 vero
956 5573 985 5611 a
1013 5560 1261 5623 sinistris,
1291 5565 1474 5617 ovibus
1504 5565 1714 5631 quidem
1741 5567 1883 5621 dicet
1912 5585 1924 5619 :
1970 5567 2370 5628 νοηὶιεώεηεάὲε

800 5646 866 5699 ai
899 5646 1067 5702 Patris
1095 5653 1220 5733 mei,
1259 5655 1503 5720 possidete
1538 5672 1744 5725 regnum
1771 5658 1906 5711 t'obis
1930 5669 2159 5726 paratum
2188 5676 2217 5713 α
2244 5677 2362 5713 con-

2467 3117 2720 3169 stitutione
2748 3117 2953 3181 mundi;
2982 3118 3159 3170 esurivi
3187 3119 3340 3182 enim,
3366 3128 3408 3173 et
3439 3120 3643 3173 dedistis
3667 3120 3792 3172 mihi
3813 3121 3887 3173 ad
3911 3138 4045 3175 cont-

2470 3206 2712 3259 edendum
2729 3205 2942 3275 (:llauh.
2964 3206 3052 3262 25.
3078 3208 3164 3260 54.
3180 3209 3293 3275 35).
3316 3208 3427 3263 lloc
3451 3210 3701 3278 praeclare
3726 3228 3740 3264 :
3763 3212 4048 3279 Oportebat

2467 3296 2606 3349 enim
2630 3310 2723 3349 eos
2752 3304 2910 3349 tanta:
2936 3295 3280 3365 benignitatis
3307 3299 3441 3353 hanc
3471 3300 3712 3368 accipere
3733 3317 4050 3356 remunera-
4094 3320 4096 3323 ·

2470 3387 2664 3440 tionem
2697 3404 2708 3437 :
2740 3387 2878 3454 quod
2908 3396 3081 3440 autem
3112 3389 3198 3456 qui
3232 3389 3506 3458 egentibus
3537 3406 3639 3443 non
3672 3391 4051 3460 imperticrunt

2468 3494 2533 3531 ex
2563 3479 2625 3531 iis
2655 3494 2772 3546 qure
2798 3479 2895 3546 ipsi
2921 3478 3204 3544 habebant,
3238 3495 3343 3533 non
3374 3481 3542 3533 solum
3572 3482 3640 3533 ita
3668 3483 3968 3549 puniantur
3997 3495 4051 3538 ut

2469 3568 2739 3635 priventur
2766 3569 2915 3621 bonis
2935 3610 2949 3634 ,
2981 3568 3073 3623 sed
3101 3570 3259 3623 etiam
3286 3569 3351 3622 ad
3384 3570 3553 3638 ignem
3584 3570 3843 3638 geheunze
3870 3581 4049 3626 trans-
4094 3634 4096 3637 l

2471 3658 2764 3721 mittantur,
2792 3659 2892 3711 hoc
2916 3672 3197 3725 quamnam
3230 3658 3388 3711 habet
3415 3660 3717 3713 rationem?
3748 3660 3931 3715 liabet
3958 3677 4051 3715 au-
4094 3646 4096 3653 I

2472 3740 2575 3803 teni
2606 3750 2707 3802 hoc
2732 3764 2942 3818 quoque
2974 3765 3077 3802 non
3106 3752 3278 3803 minus
3304 3762 3701 3820 congruentem,
3728 3767 3894 3820 quam
3927 3753 4053 3806 illud

2472 3843 2638 3908 prius,
2667 3842 2947 3895 rationem.
2992 3841 3119 3896 Nam
3164 3858 3259 3911 per
3302 3842 3402 3896 hoc
3436 3826 3729 3907 erudimur,
3770 3845 3923 3910 quod
3970 3846 4052 3915 qui

2472 3932 2605 3985 bona
2644 3931 2854 4000 quidem
2899 3932 3153 3996 fecerunt,
3200 3932 3439 3986 fruentur
3482 3934 3634 3988 bonis
3674 3950 3791 4001 qua:
3830 3947 3971 3988 sunt
4008 3938 4054 3988 in

2470 4022 2651 4074 ett-lis:
2685 4023 2717 4073 ii
2744 4036 2900 4085 vero,
2934 4022 2983 4074 in
3026 4037 3158 4090 quos
3195 4039 3297 4075 non
3341 4023 3482 4076 cadit
3528 4024 3885 4091 reprehensio
3912 4026 4055 4095 quod

2471 4112 2665 4181 aliquid
2693 4114 2813 4164 mali
2840 4113 3080 4177 fecerint,
3104 4112 3301 4181 aliquid
3326 4122 3501 4166 autem
3534 4113 3655 4166 boni
3686 4118 4058 4182 praetermise-

2472 4214 2613 4267 runt,
2648 4220 2765 4257 cum
2790 4205 2853 4258 iis
2876 4206 2963 4273 qui
2994 4205 3128 4257 mala
3156 4205 3413 4267 fecerunt,
3439 4204 3767 4258 abducentur
3790 4207 3843 4258 in
3874 4207 4055 4276 ignem

2470 4295 2747 4363 gehennae.
2776 4296 2885 4349 Nisi
2908 4298 3023 4365 quis
3044 4297 3179 4351 dicat
3205 4297 3345 4365 quod
3372 4295 3567 4349 bonum
3598 4296 3789 4352 fecisse
3821 4309 3911 4353 est
3938 4316 4057 4368 pars

2473 4386 2616 4450 vitii;
2652 4386 2752 4441 hoc
2790 4387 2931 4439 enim
2971 4396 3053 4440 cst
3092 4386 3206 4449 otii,
3236 4388 3399 4439 otium
3428 4397 3603 4441 autem
3630 4396 3715 4442 est
3740 4403 3871 4456 pars
3906 4392 4055 4451 vitii;

2474 4478 2558 4531 vel
2585 4477 2755 4545 potius
2787 4493 2889 4530 non
2922 4491 3063 4545 pars,
3087 4476 3179 4530 sed
3210 4476 3421 4531 occasio
3447 4485 3501 4530 et
3522 4492 3679 4546 prava
3710 4477 3865 4532 radix
3899 4499 3913 4532 :
3942 4496 4057 4532 nam

2474 4584 2631 4624 omne
2668 4568 2847 4621 vitium
2889 4567 3071 4623 docuit
3114 4568 3303 4622 Otium.
3352 4567 3429 4622 Ne
3462 4582 3588 4637 ergo
3618 4568 3945 4635 insipienter
3973 4569 4060 4622 llas

2476 4657 2810 4727 proferamus
2855 4658 3317 4727 interrogationes.
3362 4658 3461 4725 Qui
3508 4658 3636 4712 nihil
3672 4658 3757 4713 vel
3804 4661 3941 4714 mali
3989 4662 4060 4712 vel

2479 4752 2600 4805 boni
2630 4750 2773 4816 fecit,
2800 4765 3083 4819 quemnam
3109 4751 3283 4805 locum
3312 4750 3570 4819 accipiet?
3612 4751 3823 4804 Etenim
3854 4752 4063 4806 bonum

2476 4857 2581 4895 non
2614 4840 2826 4906 fecisse,
2860 4841 2962 4896 hoc
2982 4850 3065 4895 est
3087 4841 3274 4896 fecisse
3299 4841 3519 4896 malum.
3549 4840 3683 4895 Nam
3709 4842 3797 4897 die
3826 4845 3993 4909 mihi,
4028 4845 4063 4897 si

2477 4947 2632 5000 quem
2664 4931 3169 4998 habeas.famulum,
3199 4932 3288 5002 qui
3320 4948 3492 5001 neque
3517 4931 3746 4998 furetur,
3779 4948 3971 5001 neque
4006 4937 4065 4987 sit

2478 5023 2926 5089 contumeliosus,
2975 5038 3147 5093 neque
3192 5023 3541 5090 contradicat,
3581 5033 3635 5078 et
3679 5024 3747 5078 ab
3794 5024 4065 5082 ebrietate

2478 5114 2735 5168 abstineat
2769 5114 2837 5167 ab
2873 5114 3097 5183 aliisque
3134 5115 3404 5179 omnibus,
3440 5116 3533 5171 sed
3571 5124 3833 5185 perpetuo
3878 5120 4064 5173 sedeat

2480 5207 2699 5271 otiosus,
2732 5214 2785 5261 et
2812 5205 2943 5261 nihil
2970 5207 3125 5262 faciat
3148 5224 3212 5263 ex
3242 5209 3306 5263 iis
3332 5223 3449 5277 qua:
3476 5208 3703 5262 famulus
3730 5208 3907 5265 debet
3939 5212 4064 5265 hero
4094 5258 4096 5261 .

2482 5308 2757 5365 praestare,
2798 5312 2904 5351 non
2952 5313 3072 5352 eum
3118 5298 3292 5353 emdes
3336 5298 3536 5367 ﬂagris,
3583 5314 3688 5353 non
3737 5303 4068 5371 Iorqucbis?

2481 5389 2673 5451 Etiam,
2699 5389 2925 5459 inquies.
2950 5388 3107 5459 Atqui
3131 5389 3258 5442 nihil
3282 5390 3403 5443 mali
3425 5388 3567 5443 fecit.
3596 5388 3710 5443 lloc
3732 5388 3921 5459 ipsum
3945 5406 4065 5461 ergo

2480 5492 2561 5536 est
2579 5481 2794 5534 malum.
2816 5481 2941 5545 Sed,
2961 5482 3003 5534 si
3028 5482 3217 5550 placet,
3238 5480 3560 5536 deducamus
3574 5482 3885 5538 orationem
3907 5486 4064 5539 etiam
4094 5474 4096 5517 ¹

2481 5573 2545 5625 ad
2574 5572 2830 5640 reliquam
2868 5574 3053 5629 vitam.
3096 5574 3175 5628 Sit
3216 5572 3405 5643 aliquis
3448 5573 3698 5644 agricola,
3734 5576 3828 5645 qui
3863 5579 4064 5634 uestris

2483 5662 2813 5717 facultatibus
2837 5661 2967 5716 nihil
2995 5662 3118 5717 mali
3144 5660 3347 5730 afferat,
3373 5678 3542 5732 neque
3570 5662 3865 5720 insidietur
3891 5685 4059 5741 neque
