4070 6388
696 382 802 438 "3

698 512 861 566 οομεν
899 495 994 550 τὸν
1030 498 1270 574 τοιοῦτον
1296 517 1312 566 ;
1352 502 1546 558 Καίτοι
1567 522 1630 575 γε
1659 507 1810 561 οὐδὲν
1835 509 2111 578 ἠδίκησεν,
2137 510 2257 562 οὐδὲ

695 582 894 651 ἔχομεν
928 583 1177 652 ἐγκαλεῖν
1200 585 1349 656 αὐτῷ
1378 603 1432 641 τι
1456 605 1470 618 ·
1503 591 1622 653 ἀλλ’
1651 593 1802 663 αὐτῷ
1838 596 1936 664 μὲν
1965 592 2058 648 οὖν
2084 595 2260 663 τούτῳ

644 673 657 681 “
694 669 952 738 ἠδίκησεν
975 686 990 700 ο
1034 671 1210 726 ἀδικεῖ
1235 675 1345 744 γὰρ
1383 677 1552 747 κοινῷ
1591 679 1754 751 λόγῳ,
1787 682 1884 751 τὴν
1911 685 2043 752 παρ’
2065 684 2259 735 ἐαυτοῦ

693 756 1001 835 συντέλειαν
1031 758 1108 833 μὴ
1131 762 1520 833 παρεχόμενος.
1548 765 1613 818 Τί
1642 767 1720 832 δέ,
1758 768 1878 822 εἰπέ
1905 786 2034 839 μοις
2059 771 2128 824 ἂν
2151 771 2260 823 τῶν

691 840 1038 917 δημιουργῶν
1062 844 1290 908 ἕκαστος
1327 849 1420 902 καὶ
1461 855 1814 923 χειροτεχνῶν
1837 856 1925 907 τὸν
1961 856 2059 925 μὲν
2074 857 2259 926 ἑτερό-

694 942 902 1012 τεχνον,
937 929 1074 983 ἀλλά
1124 932 1258 1004 μηδέ
1307 935 1399 988 τὸν
1438 937 1731 1008 ὁμότεχνον
1785 940 1997 1012 βλάπτῃ
2053 942 2222 1012 μηδὲν
2241 983 2257 1006 ,

690 1011 941 1099 ἀργῇδέ
987 1019 1168 1088 μόνον,
1227 1022 1349 1091 οὐχὶ
1387 1025 1669 1082 ἀπόλωλεν
1707 1027 1853 1090 ἀπας
1913 1011 2040 1099 ὑμῖν
2069 1011 2255 1099 όῨβίος

692 1097 836 1152 οὕτω
882 1102 978 1154 καὶ
1020 1103 1335 1176 διέφθαρται
1362 1125 1379 1175 ;
1411 1109 1602 1164 Βούλει
1651 1114 1745 1166 καὶ
1766 1113 1858 1166 ἐπὶ
1879 1097 1974 1167 τοῦ
2003 1097 2256 1184 σώματος

679 1186 783 1238 τὸν
819 1187 975 1254 λόγον
996 1187 1310 1260 ἑλκύσωμεν
1333 1202 1388 1260 ·;
1417 1196 1626 1266 Οὐκοῦν
1650 1200 1684 1268 ή
1710 1199 1828 1269 χεὶρ
1860 1202 1936 1270 μὴ
1972 1200 2255 1265 πληττέτω

691 1270 790 1341 τὴν
817 1273 1078 1344 κεφαλήν,
1117 1277 1250 1346 μηδὲ
1305 1281 1616 1336 ἐκκοπτέτω
1668 1284 1766 1353 τὴν
1812 1285 2082 1352 γλῶσσαν,
2121 1275 2256 1356 μηδέ

693 1356 1465 1439 ἐξορυττέτωτδνόφθαλμόν,
1486 1369 1619 1438 μηδέ
1639 1370 1768 1424 ἀλλο
1799 1388 1853 1426 τι
1886 1373 2123 1425 τοιοῦτον
2160 1375 2254 1443 ἐρ-

691 1443 942 1509 γαζέσθω
967 1447 1161 1500 κακόνο
1194 1449 1428 1518 μόνονδέ
1456 1453 1602 1523 ἀργὴ
1635 1457 1864 1523 μενέτω,
1893 1459 1987 1511 καλ⁵
1998 1457 2096 1528 τὴν
2122 1459 2254 1530 παρ’

690 1529 890 1614 ἐαυτῆς
917 1530 1254 1603 λειτουργίαν
1286 1536 1362 1604 μὴ
1397 1538 1686 1609 πληρούτω
1709 1542 1787 1612 τῷ
1817 1545 1976 1596 παντὶ
2000 1529 2216 1614 σώματι
2236 1561 2249 1576 ·

691 1609 804 1685 ἆρα
831 1617 936 1670 οὐκ
971 1616 1119 1684 ἀξιον
1162 1621 1462 1690 ἐκκοπῆναι
1505 1625 1692 1694 αὐτὴν,
1718 1609 2104 1697 ή-περιφέρειν
2153 1631 2249 1701 ἀρ-

693 1701 914 1767 γοῦσαν,
945 1704 1038 1756 καὶ
1063 1705 1226 1758 παντὶ
1246 1706 1649 1779 λυμαινομένην
1669 1710 1746 1780 τῷ
1779 1710 1992 1781 σώματι
2022 1732 2037 1777 ;
2064 1714 2129 1766 Τί
2160 1714 2248 1779 δέ;

691 1786 759 1839 ιν
780 1787 843 1840 τὸ
865 1788 1039 1859 στόμα
1082 1791 1155 1861 μὴ
1203 1793 1465 1871 κατεσθίῃ
1495 1795 1593 1864 τὴν
1617 1800 1797 1865 χεῖρα,
1825 1799 1959 1867 μηδὲ
1993 1800 2163 1870 δάκνῃ
2191 1802 2253 1853 τὸ

692 1875 906 1946 στῆθος,
937 1877 1006 1930 τά
1039 1878 1095 1931 δέ
1121 1881 1249 1947 παρ’
1278 1881 1471 1935 ἐαυτοῦ
1501 1885 1678 1937 πάντα
1701 1885 1943 1956 ἐλλείπῃ,
1964 1888 2024 1940 ού
2046 1888 2251 1957 βέλτιον

690 1963 1076 2032 ἐμπεφράχθαι
1109 1964 1310 2033 μᾶλλον
1325 1985 1340 2031 ;
1355 1966 1420 2043 Et
1445 1968 1624 2022 τοίνυν
1639 1970 1743 2023 καὶ
1771 1971 1989 2025 ἐπὶτῶν
2004 1971 2247 2038 οἰκετῶν,

692 2047 787 2101 καὶ
815 2049 910 2110 ἐπὶ
931 2050 1040 2101 τῶν
1062 2050 1432 2121 δημιουργῶν,
1461 2055 1554 2106 καὶ
1584 2055 1678 2106 ἐπὶ
1699 2054 1794 2107 τοῦ
1835 2055 2086 2126 σώματος
2112 2074 2250 2110 παν-

690 2133 782 2195 τὸς
810 2133 986 2197 ἀδικία
1016 2135 1249 2204 μεγάλη,
1280 2137 1341 2187 οὐ
1374 2137 1535 2206 μόνον
1561 2139 1621 2191 τὸ
1645 2141 1810 2193 κακόν
1831 2159 1884 2193 τι
1909 2143 2133 2211 πρᾶξαι,
2151 2142 2250 2195 ἀλ-

690 2216 757 2271 λά
787 2218 883 2271 καὶ
915 2219 951 2287 ἠ
992 2219 1116 2272 τῶν
1158 2220 1378 2286 ἀγαθῶν
1437 2221 1692 2289 ἔλλειψις,
1719 2225 1898 2294 πολλῷ
1926 2227 2126 2296 μᾶλλον
2157 2229 2250 2281 ἐπὶ

689 2302 782 2355 τοῦ
813 2302 1062 2372 σώματος
1086 2302 1180 2356 τοῦ
1207 2305 1444 2375 Χριστοῦ
1473 2307 1630 2360 τοῦτο
1650 2309 1847 2376 γένοιτ’
1876 2309 1964 2364 ἀν.

761 2438 828 2508 β’.
854 2439 952 2492 Διά
971 2441 1127 2494 τοῦτο
1147 2443 1238 2494 καὶ
1258 2444 1286 2495 6
1309 2444 1576 2514 μακάριος
1610 2446 1820 2510 Παῦλος
1845 2449 2075 2516 ἀπάγων
2102 2450 2248 2518 ἡμᾶς

688 2524 786 2591 τῆς
811 2524 1090 2595 πονηρίας,
1117 2526 1240 2593 ἀγει
1261 2527 1396 2597 πρὸς
1424 2529 1520 2598 τὴν
1544 2533 1765 2602 ἀρετήν.
1802 2533 1866 2585 Τί
1888 2536 1997 2603 γὰρ
2035 2534 2246 2602 ὄφελος,

687 2609 809 2662 είπέ
832 2627 946 2680 μοι,
969 2611 1069 2673 τὰς
1100 2612 1341 2674 ἀκάνθας
1367 2614 1667 2685 ἐκκοπῆναι
1697 2603 1892 2681 πάσας,
1923 2617 1988 2671 ἀν
2015 2621 2082 2670 τὰ
2109 2636 2246 2689 χρη-

690 2694 791 2747 στά
818 2694 893 2766 μὴ
918 2695 1294 2765 καταϐάληται
1330 2699 1625 2768 σπέρματα
1649 2719 1664 2766 ;
1697 2703 1790 2765 Et;
1815 2704 1923 2774 γὰρ
1949 2705 2047 2774 τὴν
2078 2705 2247 2775 αὐτὴν

576 2805 578 2807 >
689 2782 1078 2851 περιστήσεται
1110 2782 1271 2835 πάλιν
1297 2782 1500 2853 ζημίαν
1528 2786 1659 2854 ήμῖν
1687 2789 1714 2840 6
1738 2788 1895 2850 πόνος
1923 2791 2112 2857 μείνας
2131 2790 2248 2841 ἀτε·

685 2867 804 2935 λής.
837 2868 935 2920 Διά
961 2883 1043 2920 τοι
1087 2868 1247 2922 τοῦτο
1293 2872 1387 2922 καὶ.
1415 2872 1444 2922 6
1474 2872 1686 2935 Παῦλος
1708 2865 1924 2945 ’σφόδρα
1952 2875 2246 2945 κηδόμενος

684 2953 869 3023 ήμῶν,
897 2955 958 3005 ού
984 2954 1143 3026 μίχρι
1176 2954 1275 3022 τῆς
1302 2954 1408 3008 τῶν
1437 2959 1620 3009 κακῶν
1649 2959 1888 3027 ἐκκοπῆς
1914 2962 2006 3012 καὶ
2027 2962 2245 3031 ἀναιρέ-

685 3055 823 3102 σεως
869 3039 1050 3109 ῖστησι
1088 3039 1156 3092 τὰ
1182 3042 1639 3112 παραγγέλματα,
1670 3045 1807 3097 ἀλλά
1834 3046 1929 3098 καὶ
1959 3048 2094 3118 ταχὺ
2138 3048 2246 3100 τῶν

683 3124 903 3189 ἀγαθῶν
921 3127 1022 3191 τὴν
1049 3125 1452 3193 καταφύτευσιν
1480 3128 1883 3183 ἐπιδείκνυσθαι
1925 3133 2240 3202 προτρέπει.

683 3209 865 3264 Εἰπὼν
891 3210 1022 3280 γάρ,
1059 3209 1233 3284 Πᾶσα
1264 3213 1469 3280 πικρία
1507 3213 1604 3266 καὶ
1632 3216 1816 3283 θυμὸς
1843 3218 1939 3269 καί
1973 3219 2116 3286 ὀργὴ
2147 3219 2244 3270 καὶ

682 3297 910 3365 κραυγὴ
960 3299 1058 3351 καί
1106 3299 1475 3368 βλασφημία
1523 3301 1759 3368 ἀρθήτω
1810 3303 2099 3372 ἀφ’ὐμῶν
2121 3304 2245 3357 σὺν

681 3383 850 3451 πάσῃ
875 3385 1074 3450 κακίᾳ,
1108 3386 1352 3453 ἐπήγαγε
1379 3401 1392 3414 ·
1428 3382 1682 3441 Γίνεσθε
1709 3388 1778 3440 δὲ
1807 3391 1893 3453 εις
1929 3390 2244 3456 ἀλλήλους

691 3471 938 3544 χρηστοὶ
973 3508 989 3532 ,
1042 3472 1455 3541 εὔσπλαγχνοι
1475 3514 1489 3539 ,
1565 3475 1930 3545 χαριζόμενοι
1984 3479 2240 3544 ἑαυτοῖς.

695 3559 864 3624 Ἐξεις
897 3559 1003 3630 γάρ
1034 3563 1171 3614 είσιν
1199 3557 1358 3615 αὗται
1377 3565 1472 3616 καὶ
1499 3564 1787 3627 διαθέσεις.
1822 3569 1929 3620 Καὶ
1957 3569 2057 3619 οὐκ
2083 3570 2242 3637 ἀρκεῖ

687 3649 722 3711 ἠ
752 3643 848 3710 τῆς
887 3643 1077 3710 ἐτέρας
1123 3646 1411 3711 ἀπαλλαγὴ
1462 3648 1541 3708 είς
1573 3647 1723 3719 [H8]
1756 3650 1852 3719 τὴν
1903 3652 2002 3719 τῆς
2050 3652 2243 3721 ἐτέρας

680 3728 829 3798 ἡμᾶς
873 3727 985 3791 ἕξιν
1026 3732 1363 3800 καταστῆσαι
1399 3733 1583 3796 πάλιν,
1619 3734 1758 3787 ἀλλά
1787 3736 1867 3788 δεῖ
1893 3737 2054 3789 πάλιν
2089 3740 2243 3809 κινή-

679 3814 816 3876 (sub;
833 3829 998 3880 τινος,
1030 3816 1124 3867 καὶ
1148 3819 1323 3886 ὁρμῆς
1347 3820 1444 3871 οὐκ
1468 3815 1746 3880 ἐλάττονος
1777 3823 1875 3891 τῆς
1903 3824 1959 3875 ἐν
1988 3822 2062 3893 τῇ
2091 3829 2237 3896 φυγῇ

676 3899 784 3952 τῶν
804 3901 1013 3952 ’κακῶν
1036 3941 1052 3964 ,
1079 3901 1218 3953 ὥστε
1242 3904 1495 3970 γενέσθαι
1535 3907 1598 3956 ἐν
1642 3909 1708 3975 τῇ
1755 3909 1942 3977 κτήσει
1973 3910 2078 3960 τῶν
2107 3914 2241 3977 ἀγα-

678 3984 807 4038 θῶν.
839 3986 951 4039 Καὶ
976 3988 1068 4040 ἐπὶ⁵
1095 3987 1187 4038 τοῦ
1218 3989 1467 4056 σώματος
1497 3993 1524 4042 6
1550 3991 1716 4059 μέλας
1737 3991 1802 4043 ἂν
1825 3993 2110 4063 ἀπαλλαγῇ
2141 3997 2239 4065 τῆς

677 4070 962 4138 ποιότητος
990 4071 1213 4141 ταύτης,
1238 4074 1337 4125 οὐκ
1367 4075 1568 4137 εὐθέως
1606 4074 1813 4142 γίνεται
1848 4068 2058 4142 λἐυκός.
2090 4081 2239 4133 Μᾶλ-

677 4154 768 4208 λον
800 4155 857 4208 δέ
893 4156 968 4226 μὴ
1004 4158 1098 4209 ἐπὶ
1127 4158 1234 4210 τῶν
1262 4160 1506 4227 φυσικῶν
1532 4161 1622 4213 τὸν
1654 4161 1810 4230 λόγον
1840 4167 2235 4236 γυμνάσωμεν,

677 4239 793 4294 ἀλλ’
823 4242 918 4294 ἐτεί
960 4243 1066 4295 τῶν
1108 4245 1250 4296 κατά
1288 4247 1601 4315 προαίρεσιν
1635 4250 1696 4300 τὸ
1723 4252 2066 4322 παράδειγμα
2098 4271 2238 4323 παρ-

679 4328 998 4397 αγάγωμεν.
1018 4330 1074 4380 '0
1101 4329 1174 4399 μὴ
1204 4331 1393 4401 ἐχθρὸς
1420 4335 1480 4384 οὐ
1509 4335 1723 4396 πάντως
1746 4336 1896 4402 φίλος
1929 4340 2097 4401 ἐστὶν,
2123 4340 2235 4392 ἀλλ’

677 4413 791 4464 ἐστι
819 4430 873 4465 τι
897 4415 1079 4482 μέσον,
1117 4416 1144 4468 6
1179 4419 1313 4486 μήτε
1349 4418 1566 4489 ἔχθρας,
1589 4421 1723 4490 μήτε
1760 4422 1940 4489 φιλίας
1974 4426 2142 4492 ἐστὶν,
2179 4428 2237 4480 ἐν

673 4492 720 4566 ᾧ
760 4499 989 4569 μάλιστα
1037 4504 1088 4554 of.
1139 4503 1353 4566 πλείους
1386 4505 1491 4556 τῶν
1537 4507 1837 4578 ἀνθρώπων
1864 4510 2236 4582 καθεστήκασι

675 4584 810 4654 πρὸς
868 4588 1032 4655 ἡμᾶς.
1070 4589 1130 4640 ὐ
1165 4589 1238 4657 μὴ
1272 4589 1542 4660 δακρύων,
1569 4595 1631 4645 οὐ
1680 4594 1896 4659 πάντως
1941 4600 2031 4650 καὶ
2079 4599 2230 4670 γελᾷ,

672 4673 788 4726 ἀλλ’
810 4672 924 4724 ἐστι
967 4675 1106 4743 μέση
1142 4679 1492 4740 κατάστασις.
1539 4679 1695 4732 Οὕτω
1751 4683 1813 4750 δὴ
1850 4685 1944 4735 καὶ
1974 4676 2229 4752 ἐνταῦθα,

671 4758 770 4826 οὐχ
803 4760 832 4810 6
868 4757 942 4828 μὴ
961 4760 1159 4829 πικρὸς
1189 4762 1403 4824 πάντως
1432 4765 1664 4834 χρηστὸς
1685 4806 1698 4828 ,
1720 4767 1840 4820 ούδέ
1873 4769 1901 4820 6
1937 4769 2012 4841 μὴ
2046 4771 2232 4841 θυμώ-

671 4843 768 4909 δης
819 4846 1034 4927 πάντως
1086 4845 1459 4916 εὔσπλαγχνος
1489 4867 1502 4880 ·
1533 4850 1668 4902 ἀλλά
1726 4852 1806 4904 δεῖ
1845 4853 2005 4907 πάλιν
2037 4857 2230 4927 ἐτέρας

674 4925 926 4996 σπουδῆς,
961 4927 1101 4980 ὥστε
1131 4931 1432 4998 κτήσασθαι
1459 4932 1616 4985 τοῦτο
1645 4933 1705 4986 τὸ
1735 4936 1908 4990 καλόν.

741 5066 855 5120 Καὶ
882 5067 978 5120 θέα
1004 5069 1121 5133 πῶς
1149 5072 1286 5125 κατὰ
1332 5075 1494 5140 νόμον
1523 5075 1749 5147 ἀρίστης
1773 5081 2048 5148 γεωργίας
2075 5084 2102 5134 6
2130 5101 2232 5152 μα-

671 5154 860 5222 κάριος
913 5154 1120 5219 Παῦλος
1143 5157 1242 5226 τὴν
1265 5160 1716 5226 ἐμπιστευθεῖσαν
1761 5165 1908 5234 αύτῷ
1942 5167 2046 5235 γῆν
2078 5168 2228 5238 παρὰ

670 5241 763 5296 τοῦ
791 5241 1041 5310 Γεωργοῦ
1074 5243 1413 5316 διακαθαίρει
1442 5265 1500 5299 τε
1537 5250 1629 5302 καὶ
1667 5252 1976 5320 ἐργάζεται.
2029 5256 2227 5308 Ἀνεῖλε

675 5326 739 5378 τὰ
775 5327 902 5378 νόθα
950 5329 1266 5398 σπέρματα,
1299 5335 1606 5403 παρακαλεῖ
1639 5337 1823 5390 λοιπὸν
1844 5379 1858 5402 ,
1882 5340 2021 5392 ὥστε
2058 5359 2227 5394 καται

673 5414 819 5479 σχεῖν
849 5412 919 5463 τά
949 5415 1144 5483 γνήσια
1177 5419 1336 5483 φυτά.
1357 5420 1604 5474 Γίνεσθε
1619 5425 1888 5489 χρηστοὶ,
1917 5430 2099 5496 φησίν.
2133 5429 2231 5480 Ἂν

668 5497 776 5566 γάρ
825 5497 933 5550 τῶν
989 5500 1237 5554 ἀκανθῶν
1295 5505 1738 5561 ἀνισπασθεισῶν
1787 5511 1923 5585 μένῃ
1990 5515 2021 5580 ή
2079 5513 2228 5584 χώρα

726 5688 754 5718 ⁸
775 5686 910 5743 Unus
932 5688 1082 5740 codex
1109 5697 1160 5740 et
1181 5706 1334 5757 marg.
1362 5695 1510 5746 Savil.
1524 5732 1537 5744 .
1558 5703 1966 5765 μεταϐιϐάσωμεν.

1377 389 1438 442 S.
1475 388 1762 448 JOANNIS
1798 390 2244 451 σιιιιῖεοδτοι

2343 391 2648 450 \RCHIEP.
2685 386 3236 453 CONSTANTINOP.
3814 395 3904 454 Ηί

2337 511 2626 582 ἀργοῦσα,
2676 514 2964 582 ἀνονήτους
3007 512 3168 564 πάλιν
3214 510 3349 563 οἴσει
3394 508 3640 579 βοτάνας.
3683 509 3773 561 Διὸ
3816 512 3908 579 τὴν

2361 597 2555 668 σχολὴν
2583 598 2752 666 αὐτῆς
2785 599 2879 650 καὶ
2917 597 3015 667 τὴν
3039 597 3238 666 ἀργίαν
3263 592 3810 666 προκαταλαμϐάνειν
3830 594 3905 647 δεῖ

2361 687 2429 754 τῇ
2461 679 2571 737 τῶν
2595 683 2817 750 ἀγαθῶν
2844 684 3176 754 σπερμάτων
3205 698 3264 734 τε
3291 680 3385 736 καὶ
3405 680 3588 748 φυτῶν
3619 679 3904 754 καταϐολῇ.

2370 769 2610 824 ’Δνεῖλεν
2641 769 2831 840 ὀργὴν,
2867 768 3027 838 ἐθηκε
3056 768 3403 848 χρηστότητα
3429 783 3442 796 ·
3471 765 3650 819 ἀνεῖλε
3673 765 3922 835 πικρίαν,·

2358 855 2555 926 έθηκεν
2587 850 2993 925 εὐσπλα’γχνίαν
3012 873 3026 888 ·
3063 854 3288 923 ἐξέτεμε
3314 851 3513 906 κακίαν
3546 851 3643 905 καὶ
3676 851 3910 922 βλασφη-

2359 942 2511 1012 μίαν,
2562 940 2827 1010 ἐφύτευσε
2883 939 3211 1010 συγγνώμην
3245 953 3258 968 ⁸
3289 938 3351 1007 τὸ
3380 937 3512 1008 γάρ,
3543 937 3909 1006 Χαριζόμενοι

2354 1029 2611 1096 ἑαυτοῖς,
2659 1029 2818 1084 τοῦτό
2877 1029 3014 1080 ἐστι.
3052 1024 3452 1094 Συγγνωμικοὶ,
3486 1024 3640 1094 φησὶ,
3675 1022 3906 1092 γίνεσθε.

2342 1113 2574 1184 ¹Μείοζων
2615 1115 2725 1185 γὰρ
2757 1113 2895 1182 αῦτη
2924 1115 2957 1183 ὴ
2993 1112 3152 1181 χάρις
3176 1113 3272 1179 τῆς
3294 1111 3352 1162 ἐν
3380 1112 3492 1172 τοῖς
3528 1108 3824 1188 χρήμάσιν.
3855 1108 3910 1160 '0

2359 1200 2456 1268 μὲν
2480 1201 2589 1272 γάρ
2621 1202 2878 1271 χρήματα
2889 1199 3068 1268 ἀφιεὶς
3091 1196 3167 1266 τῷ
3183 1195 3554 1272 δανεισαμένῳ
3577 1195 3705 1265 παρ’
3725 1194 3909 1255 αὐτοῦ,

2355 1286 2538 1338 καινὸν
2592 1286 2690 1356 μὲν
2734 1284 3026 1356 ἐργάζεται
3042 1322 3046 1345 ν,
3075 1282 3235 1353 ἔργον
3257 1282 3374 1348 ⁷καλ
3404 1279 3745 1348 Ἣαυμαστδν,
3776 1279 3910 1349 πλὴν

2354 1370 2488 1422 ἀλλά
2521 1369 2684 1440 μέχρι
2721 1369 2816 1422 τοῦ
2861 1370 3112 1438 σώματος
3145 1369 3178 1438 ἠ
3206 1366 3383 1436 χάρις,
3408 1367 3458 1444 εί
3493 1365 3585 1416 καὶ
3609 1363 3785 1434 ἐαυτῷ
3815 1366 3910 1433 τὴν

2353 1455 2587 1525 ἀμοιϐὴν
2633 1446 2693 1508 ’ἐν
2739 1457 2850 1518 τοῖς
2893 1455 3282 1522 πνευματικοῖς
3309 1452 3404 1503 καὶ
3420 1453 3532 1512 τοῖς
3570 1449 3711 1503 κατά
3737 1448 3909 1519 ψυχὴν

2352 1541 2649 1595 ἀποδίδωσι
2690 1540 2885 1610 δώροις
2918 1557 2933 1571 ·
2976 1542 3005 1593 6
3033 1539 3091 1593 δέ
3130 1538 3503 1609 ἁμαρτήματα
3527 1539 3907 1605 χαρισάμενος,

2350 1629 2446 1697 τήν
2478 1645 2537 1681 τε
2564 1627 2741 1697 ψυχὴν
2777 1626 3027 1696 ὠφέλησε
3075 1624 3176 1695 τὴν
3220 1620 3434 1687 ἐαυτοῦ,
3473 1621 3570 1676 καὶ
3589 1620 3685 1690 τὴν
3705 1620 3908 1673 ἐκείνου

2349 1713 2442 1767 τοῦ
2485 1713 2587 1782 τῆς
2618 1712 2946 1781 συγγνώμης
2967 1711 3222 1779 τυχόντος
3252 1725 3265 1738 ·
3295 1709 3358 1761 οὐ
3391 1707 3500 1778 γὰρ
3537 1707 3728 1760 ἐαυτὸν
3753 1707 3908 1776 μόνον

2350 1798 2521 1867 τούτῳ
2543 1798 2621 1867 τῷ
2649 1798 2851 1868 τρόπῳ,
2876 1797 3010 1850 ἀλλά
3036 1797 3284 1848 κάκεῖνον
3299 1793 3696 1863 ἐπιεικέστερον
3723 1792 3909 1862 ἐποίη-

2351 1884 2543 1938 σεν.οὒ
2561 1882 2630 1951 γά
2637 1899 2668 1952 ρ
2681 1881 2850 1945 οὕτως
2868 1880 3024 1947 ἐπεξε
3030 1880 3125 1950 ρχό
3131 1897 3281 1950 μενοι
3291 1882 3402 1944 τοῖς
3418 1879 3730 1949 ἠδικηκόσιν
3743 1878 3907 1957 ἡμᾶς,

2345 1967 2422 2030 ῶς
2459 1967 2865 2037 συγχωροῦντες
2889 1967 3154 2034 δάκνομεν
3178 1965 3356 2029 αὐτῶν
3381 1966 3479 2027 τὰς
3493 1964 3670 2033 ψυχὰς
3691 2002 3705 2025 .
3736 1960 3913 2033 ἐντρίο

2350 2071 2541 2116 ποντες
2564 2053 2658 2106 καὶ
2675 2051 3067 2115 δυσωποῦντες.
3087 2053 3340 2114 Ἐκείνως
3367 2050 3467 2120 μὲν
3493 2049 3602 2119 γὰρ
3621 2047 3746 2105 οὔτε
3761 2048 3909 2118 ἡμᾶς

2347 2141 2565 2204 αὐτοὺς,
2603 2137 2726 2191 οὔτε
2762 2138 3002 2201 ἐκείνους
3046 2138 3359 2206 ώνήσαμεν,
3411 2135 3526 2208 ἀλλ’
3570 2135 3912 2206 ἀμφοτέρ.υς

2347 2226 2682 2295 ἐϐλάψαμεν,
2717 2225 2869 2276 αὐτοί
2891 2241 2951 2276 τε
2977 2224 3036 2276 τὸ
3065 2223 3411 2292 ἀνταπόδομα
3451 2219 3737 2285 διώξαντες
3771 2218 3912 2272 κατὰ

2344 2313 2470 2372 τοὺς
2493 2310 2644 2380 παρὰ
2659 2309 2928 2371 Ἰουδαίοις
2943 2311 3233 2379 ἄρχοντας,
3254 2309 3350 2361 καὶ
3375 2308 3465 2361 τὸν
3491 2309 3548 2360 ἐν
3570 2306 3796 2367 ἐκείνοις
3815 2307 3911 2358 ἐκο

2346 2399 2644 2458 καύσαντες
2665 2396 2833 2465 θυμόν
2849 2412 2864 2426 ο
2885 2397 2950 2449 ἀν
2967 2396 3021 2448 δέ
3037 2396 3307 2466 ἐπιεικείᾳ
3321 2397 3420 2465 τὴν
3435 2394 3647 2447 ἀδικῖαν
3667 2389 3913 2461 ἀμειψώ-

2349 2485 2509 2555 μεθα,
2535 2486 2714 2538 πᾶσαν
2752 2481 2916 2536 αὑτοῦ
2949 2481 3046 2550 τὴν
3073 2481 3240 2552 ὀργὴν
3268 2480 3615 2542 ἐκλύσαντες,
3650 2477 3912 2532 ἐκαθίσα-

2348 2587 2447 2639 μεν
2465 2588 2537 2623 πα
2544 2569 2750 2640 ρἀὐτῷ
2764 2569 3107 2636 δικαστήριον
3125 2569 3259 2636 ἡμῖν
3280 2565 3442 2634 φέρον
3458 2561 3554 2628 τάς
3573 2565 3803 2635 ψήφους,
3818 2579 3914 2616 κα-

2345 2657 2628 2721 ταδικάζον
2657 2655 2818 2708 αὐτὸν
2837 2654 3211 2725 χαλεπώτερον
3242 2654 3277 2723 ἦ
3293 2654 3472 2722 ἡμεῖς.
3490 2650 3915 2719 Καταγνώσεται

2346 2745 2416 2812 γὰ
2422 2762 2454 2814 ρ
2470 2744 2634 2797 αὐτοῦ
2651 2744 2745 2795 καὶ
2760 2741 3204 2812 καταψηφιεῖται,
3220 2743 3316 2794 καὶ
3328 2741 3509 2793 πᾶσαν
3526 2739 3750 2808 ζητήσει
3775 2737 3912 2806 πρό-

2347 2847 2529 2899 φασιν,
2553 2830 2620 2882 δι’
2647 2825 2714 2898 ἦς
2737 2829 2988 2880 ἀποτίσει
3017 2829 3074 2879 τὸ
3101 2826 3382 2879 δανεισθὲν
3405 2827 3505 2894 τῆς
3529 2821 3914 2893 μακροθυμίας

2352 2919 2515 2986 μέρος
2559 2915 2694 2984 μετὰ
2746 2914 2994 2975 πλείονος
3046 2913 3139 2964 τοῦ
3172 2911 3396 2982 μέτρου,
3426 2907 3585 2971 είδὼς
3612 2908 3678 2960 ἂν
3714 2909 3815 2976 μὲν
3853 2907 3916 2959 τὸ

2345 3000 2456 3052 ῐσον
2503 2997 2708 3066 ἀποδῷ,
2753 2997 2848 3047 καὶ
2895 2994 3068 3056 οὕτως
3119 2993 3447 3061 ἠλάττωται,
3495 2990 3573 3059 τῷ
3613 2989 3689 3059 μὴ
3750 2987 3915 3050 αὐτὸς

2344 3082 2634 3153 ἄρξασθαι,
2673 3081 2811 3135 ἀλλά
2861 3080 3013 3152 [119]
3039 3079 3115 3149 τῷ
3141 3081 3271 3148 παρ’
3305 3075 3460 3147 ἡμῶν
3499 3077 3560 3130 τὺ
3604 3075 3916 3144 ὑπόδειγμα

2342 3170 2525 3221 λαϐεῖν
2574 3169 2793 3220 ἔλαττον
2829 3170 3030 3236 φέρων.
3070 3166 3371 3218 Σπουδάσει
3402 3163 3581 3216 τοίνυν
3605 3161 3914 3228 ὑπερϐαλέ-

2345 3256 2466 3308 σθαι
2495 3244 2570 3324 (ᾦ
2597 3255 2799 3324 μέτρῳ,
2825 3254 2910 3305 ἵνα
2938 3252 3036 3322 τὴν
3071 3252 3386 3314 ἐλάττωσιν,
3421 3251 3487 3318 ἢν
3515 3251 3579 3301 ἐκ
3605 3247 3698 3302 τοῦ
3722 3248 3911 3301 δεύτε-

2343 3357 2435 3410 ρος
2491 3338 2664 3391 ἐλθεῖν
2713 3340 2804 3391 ἐπὶ⁵
2855 3337 2954 3407 τὴν
3003 3328 3358 3389 ἀνταπόδοσιν
3392 3335 3673 3405 ὑπέμεινε,
3708 3336 3777 3404 τῇ
3811 3334 3912 3403 τῆς

2341 3426 2658 3486 ἀντιδόσεως
2708 3424 2978 3494 ὑπερϐολῇ
3029 3422 3360 3494 κατακρύψῃ
3382 3464 3395 3486 ,
3427 3422 3522 3474 καὶ
3553 3420 3652 3490 τὴν
3678 3420 3786 3472 ἀπὸ
3813 3419 3911 3472 τοῦ

2340 3512 2532 3583 χρόνου
2587 3510 2888 3581 γενομένην
2940 3509 3089 3578 αὐτῷ
3144 3509 3441 3563 ἐλάττωσιν
3484 3494 3579 3559 τοῦ
3638 3506 3911 3576 προτέρου

2340 3600 2603 3662 παθόντος
2652 3599 2855 3661 κακῶς,
2885 3595 3087 3666 ταύτην
3142 3596 3250 3649 ἀπὸ
3300 3597 3400 3666 τῆς
3443 3594 3564 3648 καθ’
3600 3592 3912 3674 ὑπερϐολὴν

2340 3685 2636 3746 ἐπιεικείας
2666 3683 2848 3752 κοινὴν
2876 3684 3196 3752 ἐργάσηται.
3229 3683 3291 3735 Οί
3318 3681 3426 3751 γὰρ
3451 3681 3748 3750 ἄνθρωποι,
3777 3679 3915 3732 ὅταν

2337 3771 2681 3840 εὐγνώμονες
2728 3763 2885 3835 ὦσιν,
2924 3769 3021 3837 οὐχ
3051 3768 3224 3832 οὕτως
3267 3767 3360 3820 ἐπὶ
3423 3769 3536 3829 τοῖς
3577 3768 3795 3828 κακοῖς,
3832 3766 3912 3828 ὡς

2338 3860 2430 3910 ἐπὶ
2471 3858 2583 3918 τοῖς
2624 3853 2868 3922 ἀγαθοῖς,
2902 3849 2982 3915 οἷς
3009 3853 3072 3906 ἂν
3106 3849 3164 3908 εὗ
3192 3854 3446 3925 πάσχωσι
3473 3852 3626 3920 παρὰ
3649 3850 3758 3904 τῶν
3792 3852 3914 3921 ὴδιο

2339 3942 2612 4011 κημένων,
2671 3939 2936 3994 στένουσι.
2975 3939 3048 3991 Τὸ
3079 3940 3178 4008 μὲν
3229 3941 3338 4009 γὰρ
3387 3937 3606 4003 κακίας,
3631 3939 3693 3990 τὸ
3729 3937 3788 3990 δέ
3810 3940 3912 3991 καὶ

2335 4027 2572 4087 ὀνείδους
2631 4027 2724 4078 καὶ
2769 4025 3005 4092 γέλωτος
3048 4025 3265 4094 μεστὸν,
3296 4025 3388 4078 τὸν
3443 4021 3502 4078 εὖ
3544 4023 3784 4076 παθόντα
3831 4023 3911 4093 μὴ

2336 4115 2692 4166 ἀντευποιεῖν.
2730 4111 2901 4164 Τοῦτο
2963 4112 3062 4183 μὲν
3116 4112 3224 4182 γὰρ
3257 4111 3481 4164 ἔπαινον
3508 4110 3622 4182 ἐχει
3647 4109 3741 4164 καὶ
3771 4110 3909 4180 κρό.

2336 4222 2460 4266 τους
2521 4204 2670 4273 παρά
2732 4203 2948 4255 πάντων
3002 4204 3096 4256 καὶ
3139 4202 3534 4273 εὐφημίας,τδ
3568 4202 3753 4262 κακῶς
3799 4215 3910 4253 πα-

2340 4292 2499 4344 θόντα
2550 4291 2624 4360 μὴ
2679 4290 3102 4355 ἀντεπεξελθεῖν.
3142 4289 3242 4342 Διά
3281 4289 3441 4343 τοῦτο
3473 4289 3706 4360 μάλιστα
3728 4287 3910 4358 τούτῳ

2336 4377 2641 4429 δάκνονται.
2673 4377 2857 4437 Ὥστε,
2885 4378 2932 4428 εί
2977 4374 3156 4444 βούλει
3206 4375 3541 4445 ἀμύνασθαι,
3562 4375 3735 4443 τούτῳ
3757 4373 3908 4444 ἀμύ-

2315 4471 2430 4515 ”νου
2461 4462 2537 4530 τῷ
2564 4463 2750 4532 τρόπῳ
2783 4478 2796 4490 °
2833 4465 3023 4526 κακοῖς
3054 4461 3234 4529 ἀγαθὰ
3254 4462 3574 4527 ἀνταπόδος,
3615 4462 3704 4514 ῖνα
3737 4461 3909 4514 αὐτὸν

2336 4551 2430 4602 καὶ
2456 4549 2735 4618 ὀφειλέτην
2752 4552 3117 4619 καταστήσῃς,
3141 4551 3233 4603 καὶ
3261 4552 3488 4620 νικήσῃς
3513 4549 3666 4618 νίκην
3691 4549 3908 4619 θαυμα-

2339 4637 2488 4706 στήν.
2504 4635 2748 4696 Ἔπαθες
2773 4636 2988 4700 κακῶς;
3012 4637 3242 4704 Ποίησον
3267 4637 3465 4698 καλῶς,
3491 4635 3660 4697 οὕτως
3690 4635 3906 4704 ἀμύνου

2334 4724 2426 4774 τὸν
2463 4722 2673 4793 ἐχθρόν.
2716 4723 2814 4780 Ἂν
2851 4725 2949 4790 μὲν
2986 4723 3094 4794 γὰρ
3128 4723 3456 4794 ἐπεξέλθῃς,
3481 4723 3685 4792 ὁμοίως
3716 4724 3814 4775 καὶ
3845 4724 3907 4776 σέ

2335 4791 2586 4861 κάκεῖνον
2645 4808 2883 4871 ἅπαντες
2935 4791 3284 4879 μέμφονται·
3312 4791 3454 4862 ἆν-δέ
3488 4791 3741 4878 ἐνέγκῃς,
3777 4809 3907 4862 ἐτέ-

2335 4912 2532 4966 ρωςσε
2574 4895 2673 4964 μὲν
2713 4897 3038 4966 κρατήσουσι
3069 4897 3163 4948 καὶ
3187 4896 3584 4966 θαυμάσονται,
3618 4896 3905 4951 ἐκείιονδέ

2331 4984 2786 5051 κατηγορήσουσι.

2399 5102 2467 5162 γ’,
2484 5095 2547 5146 Τί
2562 5095 2617 5148 δὲ
2635 5096 2812 5167 ἐχθρῷ
2829 5098 3038 5164 γένοιτο
3057 5098 3123 5152 ἂν
3145 5098 3326 5170 μεῖζον
3341 5100 3436 5154 τοῦ
3453 5100 3543 5153 τὸν
3559 5100 3750 5172 ἐχθρὸν
3765 5100 3903 5156 ίδεῐν

2331 5183 2482 5253 παρά
2536 5182 2752 5235 πάντων
2809 5184 3223 5253 θαυμαζόμενον
3263 5188 3356 5238 καὶ
3408 5188 3806 5258 κροτούμενονζ
3845 5189 3901 5240 τί

2330 5267 2506 5337 ἐχθρῷ
2540 5268 2865 5339 πικρότερον
2912 5271 3006 5322 τοῦ
3034 5272 3223 5324 ἑαυτὸν
3246 5273 3544 5326 θεάσασθαι
3574 5273 3721 5343 παρὰ
3751 5275 3901 5328 πάν-

2331 5371 2435 5405 των
2474 5353 2828 5424 ὑϐριζόμενον
2861 5356 2948 5408 ἐπ’
2991 5358 3147 5426 ὄψεσι
3173 5359 3267 5410 τοῦ
3295 5359 3527 5431 ἐχθροῦ;
3575 5361 3699 5414 Ἐὰν
3730 5363 3900 5415 αὐτὸν

2328 5440 2530 5512 ἀμύνῃ,
2561 5443 2653 5494 καὶ
2685 5444 3064 5514 κατεγνώσθης
3098 5447 3249 5510 ῖσως,
3284 5446 3375 5498 καὶ
3398 5447 3462 5499 σὺ
3491 5447 3650 5516 μόνος
3675 5447 3894 5516 ὴμύνω·

2329 5525 2394 5576 ἂν
2446 5526 2504 5577 δέ
2549 5528 2712 5597 ἀφῇς.
2750 5530 2870 5581 ἀντλ⁷
2927 5531 3018 5582 σοῦ
3065 5533 3264 5594 πάντες
3308 5534 3642 5602 ἀμυνοῦνται
3682 5535 3852 5586 αὐτόν
3880 5553 3895 5565 ·

2328 5615 2462 5683 ὅπερ
2492 5616 2583 5668 τοῦ
2626 5619 2812 5670 παθεῖν
2837 5619 3020 5683 κακῶς
3050 5621 3452 5691 χαλεπώτερον,
3489 5623 3550 5675 τὺ
3577 5624 3670 5674 τὸν
3696 5623 3898 5694 ἐχθρὸν

2333 5701 2617 5765 τοσούτους
2663 5705 2784 5766 τοὺς
2835 5706 3137 5773 ἀμύνοντας
3165 5707 3332 5777 ἔχειν.
3371 5710 3468 5763 Ἂν
3496 5699 3712 5780 ἀνοίξῃς
3748 5710 3899 5766 αὐτὸ
