4096 6310
185 399 278 453 in
1070 395 1134 449 lN
1177 393 1390 448 EPIST.
1435 392 1524 446 AD
1564 390 1804 447 EPllES.
1846 349 1996 445 car.
2043 389 2129 444 iv.
2176 391 2399 446 ItOltllL.
2444 391 2580 446 xvi.

182 489 378 544 foretur
397 530 412 556 ,
440 489 623 543 solum
653 496 830 542 autem
860 485 1053 540 vinctis
1081 486 1323 538 manibus
1349 483 1493 537 domi
1532 481 1714 536 sedeat
1735 523 1750 549 ,

188 595 355 650 neque
398 580 696 643 seminans,
735 591 907 646 neque
943 576 1146 629 sulcum
1186 574 1554 643 proscindens,
1583 586 1756 640 neque

186 671 344 724 boves
382 670 635 738 jungens,
677 683 847 737 neque
887 667 1049 720 vitem
1087 664 1292 728 colens,
1334 676 1505 730 neque
1541 661 1755 730 aliquod

180 760 320 813 aliud
348 774 483 828 opus
506 758 706 813 faciens
725 759 778 811 in
802 767 940 812 terra
965 755 1188 810 colenda
1213 773 1226 809 :
1249 769 1424 810 annon
1446 769 1569 808 eum
1595 755 1756 808 casti-

181 849 462 919 gabimus?
502 848 662 920 Atqui
691 848 884 915 nullam
916 845 1041 901 fecit
1069 845 1316 913 injuriam
1337 886 1352 910 ,
1387 860 1559 914 neque
1587 843 1755 897 babe-

185 953 300 994 mus
344 939 549 998 crimen
594 938 745 1006 cujus
780 952 902 991 eum
942 949 1262 1004 arguamus;
1303 934 1398 990 sed
1434 935 1479 989 is
1509 934 1610 988 hoc
1640 936 1756 1004 ipso

185 1030 307 1084 facit
345 1028 591 1098 injuriam
622 1045 636 1081 :
667 1043 787 1081 nam
813 1025 1081 1080 communi
1107 1026 1296 1079 rationi
1324 1024 1450 1079 facit
1475 1024 1717 1093 injuriam
1736 1065 1753 1090 ,

186 1130 240 1174 ut
264 1121 354 1191 qui
375 1127 528 1174 um
552 1134 744 1172 munus
765 1133 870 1171 non
892 1116 1149 1171 "conferat.
1181 1116 1319 1183 Quid
1342 1131 1488 1180 vero,
1517 1116 1562 1169 si
1590 1131 1754 1169 unus-

183 1213 407 1281 quisque
458 1227 524 1264 ex
568 1210 845 1279 opiﬁcibus
891 1217 945 1262 et
989 1207 1280 1261 artiﬁcibus
1324 1207 1520 1260 nemini
1567 1215 1757 1260 noceat

186 1317 358 1371 neque
382 1318 447 1356 ex
477 1301 540 1355 iis
563 1301 652 1371 qui
681 1310 806 1355 sunt
833 1299 1086 1364 alterius,
1117 1313 1292 1366 neque
1321 1312 1386 1352 ex
1417 1298 1482 1352 iis
1509 1297 1601 1371 qui
1632 1305 1758 1350 sunt

185 1391 424 1460 ejusdem
463 1391 624 1455 artis,
661 1379 834 1442 solum
873 1397 1050 1442 autem
1095 1386 1166 1440 sit
1197 1377 1401 1439 otiosus
1434 1403 1446 1439 :
1477 1401 1652 1438 annon
1679 1385 1758 1439 sic

188 1480 342 1534 nobis
373 1489 481 1532 tota
511 1479 615 1531 vita
647 1477 783 1545 perit
804 1486 860 1530 et
884 1475 1100 1531 interit?
1141 1475 1232 1529 Vis
1269 1476 1435 1529 etiam
1460 1476 1754 1528 orationem

183 1568 510 1623 deducamus
537 1567 588 1620 in
618 1565 848 1634 corpus?
876 1566 1062 1618 Manus
1089 1578 1218 1634 ergo
1242 1572 1401 1631 caput
1433 1578 1535 1615 non
1565 1562 1753 1627 feriat,

185 1673 358 1728 neque
378 1659 612 1725 linguam
637 1654 935 1719 exscindat,
955 1669 1130 1724 neque
1156 1653 1366 1706 oculum
1393 1651 1628 1717 eﬁ‘odiat,
1661 1666 1781 1706 nev

182 1764 288 1820 que
328 1746 526 1817 aliquid
563 1745 706 1800 aliud
746 1745 851 1800 tale
897 1744 1093 1798 malum
1131 1742 1310 1808 faciat,
1337 1743 1512 1796 solum
1544 1750 1758 1796 maneat

180 1841 351 1893 otiosa
378 1847 434 1892 et
461 1851 616 1891 suum
640 1850 833 1890 munus
863 1835 958 1889 t0ti
988 1833 1200 1902 corpori
1229 1848 1333 1887 non
1365 1833 1582 1900 impleat
1611 1851 1626 1887 :
1655 1847 1754 1886 an-

180 1945 289 1984 non
307 1937 524 1999 praestat
543 1943 662 1984 eam
683 1927 945 1992 exscindi,
969 1941 1124 1996 quam
1146 1925 1490 1980 circumferre
1506 1926 1753 1991 otiosam,

177 2030 231 2077 et
258 2021 356 2076 toti
383 2020 595 2091 corpori
618 2019 909 2089 perniciem
929 2017 1274 2072 aﬁ'ercntem?
1299 2017 1436 2083 Quid
1458 2033 1610 2084 vero,
1631 2018 1675 2072 si
1699 2032 1759 2070 os

181 2127 396 2166 manum
427 2126 535 2164 non
559 2109 772 2180 exedat,
804 2123 976 2178 neque
1003 2117 1189 2178 pectus
1219 2106 1479 2173 mordeat,
1508 2106 1603 2162 sed
1637 2123 1757 2176 quas

179 2210 306 2254 sunt
333 2200 402 2254 ab
431 2201 546 2270 ipso
571 2198 812 2253 facienda
839 2197 1016 2251 omnia
1046 2197 1447 2264 praetermittat;
1475 2212 1651 2250 annon
1672 2212 1760 2252 es-

178 2300 263 2346 set
281 2291 447 2346 satius
463 2292 636 2359 ipsum
657 2303 776 2344 esse
790 2289 1154 2344 obstructum?
1174 2283 1232 2344 Si
1252 2303 1380 2357 ergo
1397 2288 1524 2344 etin
1546 2287 1759 2343 famulis

177 2391 232 2434 et
264 2381 314 2433 in
344 2379 621 2448 opiﬁcibus
650 2386 703 2433 et
730 2379 781 2432 in
815 2387 926 2432 toto
949 2391 1175 2446 corpore
1201 2392 1388 2447 magna
1418 2385 1503 2432 est
1530 2376 1719 2446 injuria
1739 2417 1754 2440 ,

179 2484 286 2523 non
329 2473 498 2524 solum
536 2469 736 2539 aliquid
775 2469 898 2543 mali
936 2468 1146 2534 fecisse,
1177 2469 1272 2522 sed
1313 2468 1566 2538 etiam-in
1605 2468 1758 2523 bonis

177 2560 465 2627 defecisse,
498 2561 665 2615 multo
690 2561 857 2628 magis
888 2559 989 2613 hoc
1018 2559 1174 2613 fuerit
1203 2559 1256 2612 in
1283 2574 1508 2629 corpore
1534 2558 1754 2614 Christi.

251 2649 306 2703 Ξ.
337 2650 623 2720 Propterea
652 2649 840 2704 beatus
862 2663 1074 2718 quoque
1094 2647 1291 2702 Paulus
1312 2663 1410 2702 nos
1429 2648 1700 2703 abducens
1725 2664 1756 2703 a

180 2742 312 2795 vitio
336 2752 389 2796 et
409 2741 768 2809 improbitate,
794 2739 1007 2794 deducit
1036 2738 1103 2794 ad
1131 2725 1558 2806 virtutem.‘Quid
1590 2739 1753 2804 enim,

177 2831 487 2901 dic,qn:eso,
509 2831 662 2900 juvat
680 2829 822 2900 quod
849 2843 1038 2886 omnes
1059 2829 1358 2899 spinaisint
1381 2839 1688 2899 amputata,
1711 2830 1756 2882 si

180 2934 287 2974 non
310 2921 418 2974 sint
437 2935 620 2988 sparsa
641 2921 778 2974 bona
798 2919 1038 2973 semina?
1063 2919 1142 2972 Ad
1169 2919 1309 2973 idem
1333 2920 1474 2972 enim
1501 2919 1754 2972 damnum

181 3025 370 3064 rursus
413 3009 607 3063 redibit
643 3008 816 3074 labor,
843 3007 889 3062 si
919 3009 1176 3062 manserit
1215 3007 1578 3077 imperfectus.
1623 3008 1755 3062 Pro-

180 3110 366 3168 pterea
409 3099 604 3154 Paulus
641 3111 856 3169 quoque
899 3098 1068 3152 nostri
1095 3112 1276 3152 curam
1310 3112 1522 3167 gerens,
1552 3112 1660 3153 non
1688 3097 1782 3152 ad.

183 3190 450 3244 malorum
487 3205 658 3258 usque
699 3190 1116 3258 amputationem
1159 3198 1216 3243 et
1256 3187 1578 3243 ablutionem
1616 3189 1758 3243 sistit

181 3290 468 3350 pz-mcepta,
499 3280 594 3334 sed
637 3280 797 3334 etiam
837 3277 1082 3332 hortatur
1125 3287 1182 3332 ut
1222 3278 1329 3332 cito
1368 3278 1458 3331 ﬁat
1494 3277 1756 3332 bonorum

181 3386 210 3438 ιι
228 3370 458 3423 ειιιιιειίο.
490 3367 622 3422 Nam
651 3383 771 3422 cum
797 3367 1057 3433 dixisset,
1090 3365 1266 3420 Omnis
1292 3366 1581 3421 amaritudo
1605 3375 1657 3421 et
1679 3368 1759 3421 ira

180 3467 230 3511 cf
253 3457 540 3527 indignatio
571 3466 618 3509 et
656 3457 849 3509 clamor
871 3466 917 3509 et
945 3455 1256 3525 blasphemia
1292 3456 1500 3509 tollatur
1527 3473 1559 3509 a
1585 3457 1720 3510 vobis
1737 3498 1753 3522 ,

178 3563 296 3599 cum
342 3548 480 3600 omni
518 3547 750 3609 malitia;
793 3545 1100 3613 subjunxit,
1146 3545 1315 3600 Estote
1351 3555 1516 3599 autem
1547 3547 1758 3601 invicem

179 3615 407 3706 benigni,
435 3636 802 3702 misericordes,
837 3635 1080 3688 donantes
1113 3636 1342 3690 invicem.
1379 3636 1439 3690 Hi
1467 3639 1606 3690 enim
1635 3648 1757 3691 sunt

178 3725 396 3781 habitus
421 3736 476 3779 et
501 3724 827 3780 affectiones.
857 3725 966 3780 Nec
985 3725 1184 3803 sufﬁcit
1212 3726 1279 3780 ab
1302 3726 1470 3780 altero
1492 3710 1754 3792 recessus,

182 3827 243 3872 ut
283 3816 438 3871 nobis
475 3816 695 3871 alterius
734 3817 971 3870 habitum
1011 3830 1195 3870 rursus
1219 3818 1630 3882 constituamus;
1663 3818 1755 3871 sed

183 3925 373 3964 rursus
400 3923 536 3978 opus
559 3918 642 3963 est
665 3907 895 3977 quodam
924 3915 1094 3972 motu,
1125 3915 1181 3981 et
1210 3920 1313 3960 non
1341 3907 1532 3961 minori
1561 3907 1755 3962 alacri-

183 4010 296 4056 tate
335 4015 495 4069 quam
539 3999 592 4053 in
637 3997 900 4068 fugiendis
928 3997 1102 4063 malis,
1134 3983 1191 4051 ut
1221 3998 1273 4051 in
1303 3985 1560 4053 bonorum
1590 3999 1756 4058 simus

183 4092 546 4161 possessione.
579 4089 790 4144 Etenim
819 4089 870 4142 in
900 4102 1146 4157 corpore,
1179 4088 1222 4141 si
1262 4089 1410 4158 niger
1435 4090 1590 4142 fuerit
1620 4088 1755 4143 libe-

183 4192 334 4235 ratus
358 4180 426 4233 ab
451 4179 552 4234 hac
576 4179 848 4248 qualitate,
879 4182 984 4231 neu
1008 4178 1254 4246 protinus
1276 4176 1443 4231 factus
1470 4187 1554 4232 est
1579 4173 1749 4231 altius.

186 4269 298 4323 lmo
313 4283 443 4324 vero
459 4284 568 4322 non
590 4270 642 4322 in
665 4267 989 4322 naturalibus
1011 4267 1062 4320 id
1082 4267 1227 4336 quod
1252 4267 1442 4321 dicitur
1470 4253 1752 4337 agitemus,

182 4361 280 4414 sed
327 4359 632 4427 exemplum
671 4357 998 4413 adducamus
1022 4355 1075 4411 iu
1105 4357 1169 4412 iis
1193 4372 1312 4428 quae
1342 4356 1473 4411 ﬁunt
1499 4373 1563 4412 ex
1592 4358 1756 4413 animi

181 4452 428 4507 instituto
453 4459 506 4504 et
533 4450 700 4505 libero
718 4450 976 4505 arbitrio:
999 4450 1088 4520 qui
1115 4459 1328 4509 nonest
1357 4451 1622 4516 inimicus,
1649 4467 1754 4504 non

179 4548 266 4594 est
285 4539 509 4593 omnino
531 4540 757 4615 amicus,
774 4538 868 4594 sed
889 4549 971 4594 est
994 4539 1192 4608 aliquid
1218 4539 1471 4605 medium,
1494 4542 1634 4610 quod
1658 4557 1757 4596 nec

182 4629 581 4683 inimicitiarum
619 4643 792 4697 neque
833 4630 1100 4694 amicitiae,
1138 4631 1190 4685 in
1230 4645 1338 4700 quo
1376 4632 1606 4686 maxime
1632 4640 1757 4688 sunt

181 4720 365 4787 plures
393 4718 533 4787 apud
559 4732 661 4773 nos
683 4717 946 4774 homines.
992 4720 1093 4786 Qui
1121 4736 1229 4776 non
1259 4721 1582 4791 lacrymatur
1601 4763 1616 4785 ,
1650 4738 1753 4776 non

179 4808 344 4862 etiam
381 4807 603 4862 omnino
648 4807 803 4874 ridet,
832 4809 927 4864 sed
964 4819 1046 4865 est
1080 4809 1286 4865 medius
1323 4819 1515 4868 status.
1555 4812 1630 4866 lta
1671 4813 1756 4867 hic

177 4912 396 4967 quoque
421 4915 438 4951 :
469 4899 559 4967 qui
581 4913 686 4952 non
713 4909 794 4953 est
817 4914 1181 4966 amarus,'non
1206 4910 1380 4955 tamen
1408 4910 1491 4956 est
1516 4904 1683 4958 comis
1701 4913 1756 4958 et

177 4987 479 5056 benignus;
506 5001 680 5057 neque
705 4987 795 5056 qui
822 5003 928 5043 non
955 4997 1038 5044 est
1057 4975 1342 5044 iracundus
1363 5032 1380 5057 ,
1422 5002 1505 5046 est
1533 4993 1676 5047 mitis
1701 5003 1756 5047 et

177 5076 491 5143 misericors
519 5093 536 5130 :
568 5076 664 5131 sed
690 5077 799 5132 alio
823 5093 1008 5134 rursus
1034 5079 1213 5134 studio
1236 5094 1370 5150 opus
1394 5089 1478 5136 est
1495 5123 1510 5148 ,
1551 5091 1610 5136 ut
1652 5083 1755 5138 hoc

176 5167 377 5221 bonum
403 5169 763 5237 acquiramus.

255 5255 429 5311 Virtus
446 5259 733 5330 inserenda,
757 5259 877 5312 uilia
894 5260 1173 5314 avellendo.
1199 5258 1339 5316 Ultio
1358 5277 1493 5328 sera,
1510 5263 1638 5316 bona
1660 5279 1752 5333 pro

174 5348 329 5402 mis
367 5348 658 5418 rependere.
691 5378 764 5389 —
791 5347 924 5404 Vide
957 5360 1134 5405 autem
1173 5361 1332 5421 quam
1368 5352 1754 5421 wnvenienter

173 5439 282 5509 lqi
320 5439 534 5510 optima:
571 5440 909 5509 agriculture
948 5441 1136 5497 beatus
1178 5443 1371 5498 Paulus
1413 5452 1609 5499 terram
1650 5431 1752 5498 sibi

169 5528 434 5583 creditam
462 5527 532 5583 ab
569 5529 825 5600 agricola,
853 5541 1110 5602 expurgat
1133 5540 1190 5587 et
1212 5542 1483 5602 operatur.
1529 5533 1752 5588 Sustulit

171 5619 385 5673 semina
411 5618 732 5686 adulterina,
761 5620 829 5677 de
847 5633 1044 5679 caetero
1071 5634 1221 5694 rogat
1246 5634 1305 5680 ut
1325 5640 1476 5681 veras
1501 5635 1557 5680 et
1580 5627 1754 5682 since—

165 5726 258 5764 ras
306 5711 515 5780 plantas
557 5719 738 5781 teneat
767 5732 781 5767 :
814 5712 1001 5781 Estote,
1042 5716 1226 5786 inquit,
1271 5717 1488 5787 benigni.
1530 5715 1661 5771 Nam
1701 5716 1748 5772 si

3336 393 3435 446 HI

1863 481 2030 550 spinis
2059 483 2255 536 evulsis
2280 493 2418 538 terra
2450 493 2660 538 maneat
2687 485 2853 539 otiosa
2877 526 2892 546 ,
2935 486 3062 540 feret
3097 501 3281 542 rursus
3310 486 3435 539 lter-

1862 571 1958 625 bas
2010 572 2242 626 inutiles.
2296 573 2651 639 Quamobrem
2703 575 2819 643 ejus
2869 576 3021 644 quies
3055 585 3110 631 et
3148 576 3313 629 otium
3353 585 3438 630 est

1861 664 2336 730 prmoccupandum
2391 664 2652 718 bonorum
2705 666 2969 719 seminum
3025 675 3080 720 et
3132 666 3434 734 plantarum

1858 752 2175 820 dejectione.
2208 753 2432 808 Sustulit
2457 755 2606 818 iram,
2641 756 2815 823 posuit
2844 755 3222 823 benignitatem
3255 771 3268 805 :
3302 767 3424 807 sus-

1861 844 1978 897 tulit
2021 846 2448 912 amaritudinem,
2485 847 2659 914 posuit
2699 845 3118 900 misericordiam
3149 863 3161 896 :
3191 844 3433 898 exsecuit

1861 935 2044 986 vitium
2088 945 2141 988 et
2181 935 2584 1004 blasphemiam,
2610 936 2867 1003 plantavit
2893 936 3098 991 veniam
3124 953 3137 986 :
3163 934 3263 988 hoc
3289 934 3435 987 enim

1859 1034 1943 1078 est
1982 1025 2130 1087 illtid,
2167 1025 2422 1080 Danaides
2459 1028 2686 1080 invicem.
2719 1020 2922 1093 Estote,
2957 1027 3149 1095 inquit,
3182 1025 3434 1094 propensi

1859 1117 1925 1169 ad
1955 1117 2354 1185 ignoscendum.
2403 1118 2527 1171 lltrc
2564 1121 2706 1172 enim
2747 1119 2912 1187 gratia
2952 1125 3035 1171 est
3078 1118 3250 1185 major
3276 1130 3434 1185 quam

1859 1220 1978 1274 qua:
1999 1215 2081 1259 est
2107 1207 2157 1258 in
2188 1206 2441 1274 pecuniis.
2464 1205 2596 1261 Nam
2618 1207 2707 1275 qui
2740 1207 2960 1271 remittit
2984 1207 3234 1275 pecunias
3252 1205 3323 1271 ei,
3345 1206 3435 1275 qui

1859 1295 1926 1349 ab
1962 1295 2076 1364 ipso
2101 1297 2306 1362 accepit
2334 1294 2521 1350 fmuori
2542 1335 2557 1357 ,
2587 1295 2782 1347 bonum
2823 1295 3035 1364 quidem
3068 1295 3192 1348 facit
3217 1309 3351 1363 opus
3380 1302 3436 1348 et

1859 1384 2202 1449 admirabile;
2246 1384 2340 1440 sed
2381 1385 2625 1450 pervenit
2661 1384 2730 1438 ad
2773 1399 2968 1453 corpus
3017 1401 3184 1452 usque
3227 1384 3434 1454 gratia,

1860 1476 2067 1529 etiamsi
2091 1475 2193 1530 sibi
2219 1475 2396 1531 reddit
2423 1476 2908 1530 remunerationem
2933 1476 2986 1529 in
3012 1475 3168 1529 donis
3189 1474 3437 1543 spiritua-

1862 1565 2003 1620 libus
2029 1574 2084 1618 et
2110 1581 2229 1636 quae
2257 1550 2807 1636 spectant-animam”:
2845 1567 2932 1634 qui
2960 1573 3139 1618 autem
3169 1563 3438 1618 condouat

1861 1665 2099 1724 peccata,
2128 1665 2184 1710 et
2210 1669 2362 1710 suam
2385 1655 2534 1724 juvat
2562 1657 2817 1720 animam,
2847 1663 2902 1708 et
2932 1654 3072 1708 illius
3099 1654 3190 1722 qui
3224 1653 3434 1707 veniam

1861 1753 1943 1799 est
1967 1753 2288 1815 assequutus
2316 1763 2330 1796 :
2360 1744 2462 1798 hoc
2490 1745 2633 1799 enim
2663 1744 2822 1799 modo
2848 1758 2954 1796 non
2975 1743 3155 1802 solum
3178 1747 3434 1810 seipsum,

1861 1836 1957 1891 sed
1983 1837 2129 1890 illum
2157 1839 2369 1906 quoque
2393 1835 2517 1890 facit
2537 1837 2799 1889 mitiorem
2818 1845 2871 1890 et
2891 1835 3293 1889 modestiorem.
3317 1832 3433 1887 Non

1861 1932 2005 1985 enim
2041 1931 2109 1984 ita
2137 1944 2231 1984 eos
2253 1929 2340 2000 qui
2373 1929 2618 1997 injnrlam
2662 1928 2903 1982 fecerunt
2945 1935 3348 1995 persequentes,
3377 1933 3437 1978 ut

1861 2022 1941 2077 eis
1965 2022 2349 2085 condonantes,
2374 2035 2557 2074 eorum
2590 2018 2897 2073 mordemus
2921 2017 3153 2082 animos,
3178 2003 3435 2085 pudorem

1863 2111 2200 2166 incutientes.
2227 2109 2359 2164 Nam
2386 2109 2478 2163 illo
2497 2108 2708 2178 quidem
2736 2107 2894 2161 modo
2922 2119 3095 2175 neque
3124 2104 3281 2158 nobis
3308 2103 3437 2172 ipsis

1863 2214 2037 2270 neque
2062 2199 2169 2252 illis
2192 2211 2511 2268 prosumus,
2547 2196 2642 2252 sed
2684 2196 2925 2263 uti-isque
2958 2194 3230 2256 obsumus,
3267 2191 3438 2266 utqui

1863 2307 1970 2348 non
1997 2305 2153 2345 secus
2177 2299 2338 2358 atque
2371 2287 2679 2345 Judzeorum
2710 2287 2981 2356 principes
3003 2327 3017 2348 ,
3056 2296 3455 2356 persequamur

1865 2383 2374 2449 retitunerationem,
2412 2387 2468 2434 et
2509 2379 2563 2433 in
2603 2379 2708 2433 illis
2748 2379 2881 2431 iram
2922 2379 3278 2432 accendamus
3310 2391 3322 2425 :
3351 2373 3436 2427 sin

1863 2482 2042 2528 autem
2086 2458 2305 2526 lenitate
2346 2479 2402 2526 et
2442 2469 2726 2526 clementia
2773 2467 3128 2536 rependamus
3167 2464 3435 2532 injuriam,

1863 2566 2036 2622 soluta
2057 2564 2201 2617 omni
2227 2563 2346 2634 ejus
2365 2563 2463 2626 ira,
2491 2559 2630 2630 apud
2651 2559 2825 2628 ipsum
2846 2558 3035 2612 sedere
3056 2555 3280 2610 fet-imus
3301 2553 3439 2622 judi-

1862 2662 2029 2724 cium,
2061 2672 2158 2726 pro
2190 2655 2344 2710 nobis
2370 2653 2550 2709 ferens
2575 2650 2919 2711 sententiam,
2944 2657 2997 2702 et
3022 2647 3236 2717 gravius
3267 2647 3436 2713 ip.-uni

1863 2762 2024 2819 quam
2054 2760 2150 2799 nos
2178 2745 2562 2799 condemnans.
2590 2741 2836 2808 Seipsunt
2864 2740 3008 2792 enim
3037 2735 3438 2796 condcnmabit,

1860 2843 1920 2891 et
1945 2849 2159 2889 omnem
2186 2840 2392 2904 quaeret
2413 2829 2770 2892 occasionem,
2799 2842 2892 2895 per
2915 2841 3071 2895 quam
3099 2839 3219 2878 cum
3251 2822 3440 2892 majori

1865 2940 2114 2980 mensura
2138 2924 2326 2978 reddet
2347 2922 2579 2976 lenitatis
2602 2929 2656 2974 et
2684 2919 2954 2987 patientiae
2975 2926 3182 2987 partem
3202 2930 3320 2984 qua:
3340 2914 3439 2968 fuit

1865 3017 1966 3071 sibi
1992 3016 2112 3068 data
2141 3013 2332 3068 inmori
2363 3030 2377 3067 :
2405 3021 2462 3065 ut
2496 3011 2587 3082 qui
2627 3011 2762 3064 sciat
2797 3007 2958 3075 quod,
3001 3009 3047 3062 si
3093 3021 3188 3075 par
3225 3006 3438 3075 quidem

1865 3103 2189 3168 reddiderit,
2229 3116 2294 3156 eo
2337 3110 2513 3156 tamen
2540 3109 2622 3153 est
2649 3097 2868 3171 inferior
2887 3097 3026 3166 quod
3052 3111 3157 3151 non
3191 3097 3302 3165 ipse
3325 3109 3440 3150 cm-

1864 3196 2022 3266 ;ierit,
2053 3194 2145 3248 sed
2170 3208 2234 3245 eo
2269 3190 2410 3260 quod
2451 3190 2751 3257 exemplum
2782 3204 2812 3241 a
2840 3172 2992 3254 ᾡὺίε
3020 3187 3305 3254 acceperit,
3340 3187 3442 3238 nii-

1867 3299 1967 3340 nus
2006 3281 2207 3338 ferens.
2253 3279 2498 3335 Studium
2528 3293 2655 3347 ergo
2681 3286 2841 3345 ponet
2882 3286 2940 3330 ut
2979 3277 3181 3331 semina
3224 3277 3443 3345 superet

1864 3387 2136 3435 mensura,
2167 3379 2224 3424 ut
2261 3370 2638 3424 detrimentum
2679 3367 2818 3437 quod
2861 3367 3055 3436 patitur
3090 3383 3152 3421 ex
3195 3382 3261 3421 eo
3296 3366 3439 3436 quod

1865 3461 2131 3517 secundus
2159 3462 2364 3515 venerit
2390 3457 2455 3511 ad
2486 3458 2970 3512 remunerationem
2988 3499 3003 3523 ,
3034 3457 3182 3511 tollat
3208 3471 3440 3524 exsupe-

1865 3550 2071 3605 ratione
2100 3545 2544 3602 remunerationis
2563 3544 2587 3612 ,
2610 3557 2664 3601 et
2693 3544 2834 3614 quod
2863 3559 2930 3598 cx
2970 3554 3208 3614 tempore
3244 3544 3439 3598 factum

1863 3649 1948 3696 est
1974 3640 2356 3695 detrimentum
2387 3637 2501 3706 ejus
2541 3636 2629 3704 qui
2672 3636 2818 3705 prius
2856 3635 2994 3688 male
3035 3649 3221 3703 passus
3249 3643 3352 3700 est,
3385 3635 3438 3688 id

1861 3746 2146 3786 commune
2173 3730 2330 3784 faciat
2351 3744 2415 3783 ex
2444 3743 2648 3782 summa
2672 3727 2887 3782 lenitate
2907 3737 2960 3781 et
2979 3728 3281 3782 clementia.
3305 3725 3438 3780 Nam

1865 3823 2128 3884 homines,
2153 3819 2364 3890 quando
2382 3806 2504 3872 sunt
2523 3818 2658 3888 grati
2678 3827 2734 3872 et
2754 3833 3019 3872 memores
3040 3817 3304 3882 beneficii,
3329 3831 3440 3871 non

1865 3921 1973 3965 tam
2011 3911 2363 3980 ingemiscant
2396 3909 2466 3963 ob
2493 3909 2651 3972 mala,
2682 3924 2840 3978 quam
2871 3908 2942 3962 ob
2970 3908 3107 3962 bona
3133 3924 3252 3976 qua:
3280 3923 3436 3962 acce-

1864 4013 2056 4074 perunt
2078 3988 2152 4058 ab
2192 4004 2257 4058 iis
2295 4003 2382 4072 qui
2425 4012 2549 4056 sunt
2583 4000 2759 4056 aﬁ‘ecti
2801 4000 3014 4069 injuria.
3057 4000 3268 4054 Etenim
3306 3999 3437 4055 illud
3507 4074 3512 4076 _

1864 4094 2094 4163 nequitia
2118 4135 2132 4157 ,
2174 4093 2276 4146 hoc
2316 4090 2607 4160 opprobrio
2635 4101 2689 4145 et
2719 4092 2826 4145 risu
2857 4091 3068 4159 plenum
3109 4099 3211 4155 est,
3240 4105 3364 4145 cum
3392 4091 3437 4145 is

1863 4184 1949 4253 qui
1981 4182 2292 4237 beneﬁcium
2319 4181 2554 4250 accepit,
2585 4196 2691 4254 non
2723 4181 2986 4251 rependit.
3029 4181 3159 4234 Nam
3193 4181 3292 4235 hoc
3318 4181 3437 4250 qui-

1863 4273 1985 4328 dem
2015 4273 2173 4327 habct
2206 4272 2439 4339 laudern.
2467 4272 2708 4341 plausum
2737 4281 2791 4325 et
2819 4272 3339 4326 commendationem
3369 4273 3439 4327 ab

1862 4363 2143 4425 omnibus,
2169 4361 2309 4432 quod
2341 4363 2478 4416 male
2513 4375 2702 4430 passus
2726 4376 2822 4430 par
2848 4363 2955 4430 pari
2987 4376 3092 4415 non
3126 4361 3438 4417 reddiderit.

1863 4445 2088 4522 Propter
2118 4457 2219 4506 ltoc
2239 4453 2471 4512 maaime
2500 4451 2831 4507 mordentur.
2865 4453 3245 4519 Quamobrem,
3277 4455 3321 4507 si
3348 4469 3441 4508 vc-

1862 4544 1929 4598 lis
1954 4543 2158 4610 ulcisci,
2189 4541 2288 4596 hoc
2311 4543 2471 4596 modo
2495 4542 2752 4596 ulciscere
2784 4559 2799 4593 :
2834 4543 2970 4595 niala
3003 4542 3235 4612 repende
3263 4543 3448 4610 bonis,

1863 4642 1922 4688 ut
1949 4648 2071 4688 eum
2100 4633 2293 4687 reddas
2314 4631 2632 4696 debitorem,
2655 4641 2705 4685 et
2733 4631 3034 4686 admirabili
3062 4633 3244 4687 vincas
3272 4633 3441 4686 victo-

1864 4723 1962 4776 ria.
1989 4721 2124 4777 Male
2145 4736 2329 4791 passus
2353 4721 2446 4774 es?
2467 4721 2608 4775 Bene
2628 4720 2711 4776 fac
2735 4739 2749 4775 :
2774 4722 2845 4775 ita
2867 4715 3138 4776 inin‘iicum
3157 4722 3436 4779 ulciscere.

1863 4813 1995 4868 Nam
2042 4813 2088 4867 si
2139 4812 2282 4865 illum
2323 4811 2536 4880 quidem
2579 4812 2934 4880 persequaris,
2966 4827 3153 4867 omnes
3196 4823 3250 4868 et
3293 4822 3345 4867 te
3383 4823 3441 4870 et

1865 4898 2019 4960 illum
2059 4903 2304 4957 similiter
2332 4903 2677 4971 vituperant:
2708 4903 2792 4956 sin
2835 4911 3011 4957 autem
3058 4900 3235 4968 feras,
3280 4903 3440 4960 aliter

1864 4995 1956 5050 tibi
1995 4993 2210 5063 quidem
2255 4991 2578 5062 applaudent
2617 5001 2674 5046 et
2715 5001 2768 5046 te
2807 4992 3238 5059 admirabuntur,
3285 4993 3436 5050 illum

1861 5094 2038 5138 autem
2071 5082 2412 5136 accusabunt.
3402 5071 3406 5074 ἢ

1932 5175 1984 5230 5.
2017 5173 2152 5241 Quid
2179 5182 2355 5229 autem
2383 5170 2568 5240 majus
2591 5169 2704 5229 ﬁeri
2732 5171 2966 5241 potuerit
2994 5171 3213 5227 inimico
3231 5214 3248 5238 ,
3275 5188 3440 5246 quam

1862 5264 2043 5318 videre
2087 5263 2359 5316 inimicum
2387 5270 2507 5315 esse
2538 5259 2592 5314 in
2629 5248 2982 5316 admiratione
3007 5260 3146 5330 apud
3171 5275 3362 5318 omnes
3386 5273 3440 5318 et

1861 5352 1908 5411 ei
1940 5354 2225 5424 applaudi?
2265 5353 2391 5424 quid
2430 5353 2645 5408 inimico
2671 5353 2913 5408 acerbius
2937 5394 2952 5418 ,
2987 5369 3145 5424 quam
3173 5353 3355 5410 videre
3378 5370 3440 5411 se

1861 5447 2058 5517 probro
2095 5441 2152 5500 et
2186 5445 2510 5501 contumelia
2537 5442 2676 5499 alﬁci
2702 5443 2770 5498 ab
2798 5444 3065 5509 omnibus,
3094 5444 3310 5500 vidente
3331 5445 3439 5500 ini-

1861 5530 2038 5592 mico?
2065 5536 2122 5592 Si
2145 5536 2314 5606 ipsum
2341 5535 2633 5600 ulciscaris,
2661 5544 2715 5590 et
2739 5535 2964 5589 fortasse
2982 5535 3275 5601 damnaris,
3299 5546 3354 5590 et
3381 5534 3441 5591 tu

1860 5627 2007 5681 solus
2025 5626 2298 5681 ulcisceris
2328 5644 2341 5678 :
2371 5627 2451 5680 sin
2479 5636 2653 5692 autem
2681 5626 2730 5681 ei
2753 5627 3016 5687 remittas.
3043 5640 3232 5682 omnes
3260 5641 3357 5696 pro
3387 5638 3440 5683 te

1862 5717 2036 5787 ipsum
2062 5716 2433 5771 ulciscuntur:
2467 5717 2605 5786 quod
2648 5716 2862 5786 quidem
2909 5725 2991 5771 est
3027 5716 3238 5788 gravius
3278 5711 3436 5771 uuam
