4096 6310
636 360 771 412 -115

675 476 811 528 male
839 473 964 540 pati.
991 473 1130 541 quod
1164 472 1367 526 scilicet
1399 472 1641 524 inimicus
1682 471 1870 524 habeat
1911 481 2018 523 tam
2058 469 2252 522 multos

675 566 764 631 qui
796 564 966 631 ipsum
996 563 1342 616 ulciscuntur.
1369 562 1423 615 Si
1453 572 1506 614 tu
1533 576 1593 614 os
1615 561 1843 629 aperias,
1864 560 1940 613 illi
1962 560 2211 613 tacebunt
2236 575 2248 611 :

675 655 758 707 sin
785 664 960 707 autem
991 661 1046 706 tu
1073 661 1272 714 taceas,
1292 667 1396 705 non
1426 652 1605 720 utique
1635 665 1741 703 uno
1767 665 1881 713 ore,
1905 649 2000 703 sed
2025 649 2253 702 aliorum

679 762 800 800 eum
831 746 988 799 feries
1013 744 1509 816 innumerabilibus,
1533 750 1587 795 et
1616 742 1781 809 magis
1802 740 2092 794 ulcisceris.
2119 739 2182 791 Et
2206 747 2258 791 te

677 837 890 906 quidem
919 837 1111 904 probro
1129 844 1181 888 et
1201 833 1519 888 contumelia
1546 839 1902 899 appetentem,
1926 829 2075 881 multi
2101 842 2258 881 accu-
2282 847 2296 854 ·

679 936 829 990 sant;
862 925 1041 978 dicunt
1067 925 1208 977 enim
1233 937 1352 977 esse
1374 922 1530 975 verba
1558 920 1776 974 aﬂ'ectus
1805 935 1817 970 :
1847 918 2057 987 quando
2081 927 2262 970 autem

682 1015 771 1083 qui
799 1014 939 1066 nulla
971 1013 1193 1066 affectus
1221 1025 1305 1066 est
1329 1011 1520 1079 injuria
1544 1011 1595 1062 in
1617 1025 1738 1064 eum
1776 1010 1969 1077 probra
1995 1008 2188 1075 ingerit
2209 1015 2263 1059 et

683 1105 1058 1166 contumelias,
1089 1113 1213 1158 tunc
1259 1104 1391 1157 ultio
1418 1111 1496 1156 est
1538 1104 1768 1154 maxime
1807 1100 1972 1154 libera
2019 1100 2088 1152 ab
2115 1098 2260 1152 omni

685 1195 1006 1261 suspicione.
1037 1193 1262 1260 Quando
1287 1193 1429 1245 enim
1461 1191 1551 1259 qui
1595 1191 1726 1244 nihil
1755 1205 1916 1259 grave
1941 1196 2063 1242 sunt
2090 1188 2261 1254 passi,

691 1295 907 1352 prapter
940 1299 1201 1336 summam
1247 1292 1392 1336 tuam
1423 1283 1694 1337 lenitatem
1716 1323 1731 1345 ,
1775 1290 2042 1349 tamquam
2075 1277 2265 1346 injuria

694 1373 871 1425 acheli
901 1372 1055 1426 simul
1081 1372 1261 1426 dolent
1299 1381 1349 1425 et
1376 1371 1842 1436 commiscmntur,
1886 1370 1953 1422 ah
1995 1368 2142 1421 omni
2173 1383 2267 1420 su-

691 1464 927 1530 spicione
958 1478 1085 1531 pura
1115 1463 1228 1515 bzec
1247 1461 1498 1515 vindicta.
1519 1459 1657 1528 Quid
1687 1476 1833 1524 vero,
1866 1459 2056 1526 inquit,
2079 1459 2122 1510 si
2153 1457 2271 1510 nul-
2306 1491 2318 1496 ρ

695 1553 775 1604 lus
801 1551 1291 1604 ulciscaturt-Ficri
1339 1566 1446 1604 non
1481 1559 1656 1616 potest
1687 1559 1742 1602 ut
1769 1548 2012 1601 homines
2040 1548 2149 1601 sint
2191 1548 2270 1601 la-

695 1640 871 1708 pidei,
921 1649 973 1694 et
1003 1655 1106 1691 non
1151 1639 1482 1701 admirentur
1513 1637 1749 1690 videntes
1792 1647 1991 1689 tantam
2035 1637 2271 1703 philoso-

698 1731 874 1796 phiam
904 1747 915 1779 :
946 1739 999 1783 et
1036 1729 1082 1783 si
1113 1738 1238 1781 tunc
1284 1744 1390 1782 non
1436 1729 1774 1789 ulciscantur,
1808 1738 1990 1795 postea
2019 1736 2194 1779 tamen
2221 1725 2272 1778 id

707 1821 906 1872 iaciunt
960 1835 1018 1874 re
1066 1833 1359 1886 perpensa,
1409 1819 1555 1871 illum
1610 1818 1832 1872 irrident
1875 1827 1929 1871 et
1975 1815 2274 1870 maledictis

705 1922 977 1978 appetunt.
1006 1909 1154 1975 Quod
1181 1910 1222 1962 si
1270 1910 1426 1962 etiam
1479 1909 1650 1961 nullus
1678 1908 1811 1960 alius
1855 1918 1907 1961 te
1946 1906 2274 1969 admiretur,

704 2001 790 2052 ille
819 1998 931 2067 ipse
964 2011 1013 2053 te
1043 1999 1262 2052 omnino
1291 1998 1668 2062 admirahitnr,
1714 1997 1922 2051 etiamsi
1973 2011 2078 2050 non
2118 1997 2276 2049 dicat.

708 2089 835 2155 Ejus
882 2089 1023 2142 enim
1055 2088 1195 2154 quod
1229 2071 1424 2140 bonum
1455 2096 1507 2139 et
1537 2086 1817 2139 honestum
1859 2092 1943 2138 est
1988 2085 2279 2150 judicium,

706 2178 916 2230 etiamsi
944 2177 1249 2229 venerimus
1281 2176 1330 2227 in
1371 2176 1540 2242 ipsum
1568 2175 1680 2228 vitii
1733 2173 2076 2242 profundum,
2106 2182 2285 2226 manet

709 2268 1098 2333 incorruptum,
1130 2280 1226 2317 nec
1255 2275 1428 2332 potest
1454 2265 1704 2333 perverti.
1737 2264 1866 2317 Nam
1899 2280 1993 2317 cur
2014 2263 2287 2316 exiSIimas

713 2357 993 2408 Dtuniuum
1026 2365 1262 2407 nostrum
1303 2354 1481 2408 Jcsum
1526 2353 1795 2406 Christum
1841 2353 1952 2407 lucc
1980 2354 2194 2418 dicere,
2226 2354 2287 2406 Si

713 2445 822 2512 quis
854 2454 900 2496 te
940 2429 1234 2512 percusserit
1263 2445 1316 2495 in
1349 2446 1602 2497 dexteram
1631 2444 1893 2496 maxillam
1936 2453 2094 2509 tuam,
2123 2444 2290 2512 pra'be

716 2535 760 2585 ei
788 2545 832 2586 et
859 2534 1070 2586 alteram
1099 2533 1322 2602 (Matth.
1347 2535 1401 2587 5.
1434 2535 1501 2588 39
1520 2535 1574 2604 )?
1611 2551 1788 2587 nonne
1819 2536 2068 2603 quoniam
2097 2534 2140 2586 si
2171 2535 2290 2602 quis

719 2621 878 2675 fuerit
909 2623 1043 2676 leuis
1069 2633 1122 2677 et
1145 2625 1372 2692 patiens,
1403 2638 1469 2677 eo
1502 2624 1754 2692 majorem
1777 2633 1827 2677 et
1851 2623 1948 2676 sibi
1971 2633 2023 2676 et
2049 2624 2121 2676 illi
2152 2633 2289 2675 attu-

720 2712 843 2765 leiit
874 2713 1190 2766 utilitatem?
1231 2716 1515 2782 Propterea
1544 2723 1595 2766 et
1622 2714 1777 2766 aliam
1799 2713 1954 2780 jussit
1991 2713 2289 2774 obvertere.

725 2815 778 2857 ut
817 2805 931 2870 ejus
960 2806 1045 2872 qui
1075 2806 1318 2858 irascitur
1348 2805 1564 2866 impleat
1603 2806 1968 2871 cupiditatem.
1996 2805 2124 2869 Quis
2151 2806 2291 2858 enim

722 2904 802 2946 est
830 2896 962 2947 adeo
992 2895 1152 2956 ferus,
1179 2904 1236 2948 ut
1256 2895 1363 2962 jam
1387 2895 1590 2964 pudore
1618 2910 1722 2948 non
1742 2895 2106 2948 sulfundatur?
2127 2895 2296 2950 Canes

727 2985 980 3036 dicuntur.
1002 2984 1102 3036 hoc
1131 2984 1305 3037 facere
1337 3003 1350 3036 :
1383 2985 1424 3036 si
1451 2985 1646 3036 latrent
1668 2994 1721 3037 et
1747 2985 2014 3046 invadant,
2051 2986 2094 3037 is
2121 2995 2296 3038 autem

727 3074 808 3123 cui
837 3073 1082 3125 allatiaut
1104 3112 1119 3136 ,
1151 3086 1210 3127 se
1236 3074 1481 3141 supinum
1530 3075 1785 3141 abjecerit
1826 3082 1874 3128 et
1907 3075 2038 3127 nihil
2080 3077 2296 3139 iecerit,

730 3172 892 3212 totam
941 3162 1070 3213 iram
1115 3163 1420 3229 exstinguit.
1469 3162 1523 3213 Si
1551 3177 1676 3231 ergo
1709 3162 1783 3214 illi
1811 3178 1932 3214 eum
1968 3164 2056 3230 qui
2083 3163 2150 3215 ab
2173 3164 2300 3230 ipsis

735 3262 945 3318 paratus
973 3264 1052 3304 est
1098 3252 1202 3318 pati
1235 3260 1546 3304 reverentur
1570 3293 1582 3312 ,
1617 3252 1781 3303 multo
1810 3252 1975 3319 magis
2002 3268 2169 3319 genus
2199 3253 2300 3305 ltu-

716 3357 947 3394 ‘tnanum
969 3340 1109 3409 quod
1129 3349 1208 3393 est
1239 3340 1404 3408 magis
1434 3341 1694 3408 particeps
1726 3340 1960 3394 rationis.
1993 3341 2098 3394 Sed
2127 3357 2304 3408 opera:

736 3435 960 3500 pretium
1011 3441 1091 3486 est
1143 3447 1246 3485 non
1306 3434 1576 3499 praeterire
1607 3432 1657 3485 id
1687 3431 1825 3498 quod
1858 3447 2026 3499 nuper
2065 3434 2206 3492 venit
2251 3432 2304 3485 in

739 3533 991 3584 mentem,
1023 3531 1076 3574 et
1110 3522 1394 3574 adductum
1424 3534 1503 3575 est
1548 3523 1599 3576 in
1631 3523 2011 3576 testimonium.
2043 3522 2176 3588 Quid
2207 3523 2308 3576 hoc

1373 357 1430 411 S.
1459 356 1746 412 'JOANNIS
1783 353 2245 411 CHRYSOSTOSH
2285 355 2600 410 ARCHIEP.
2643 354 3168 410 CONSTANTINOP.

3839 359 3940 414 HG

2357 469 2477 521 est?
2507 468 2820 522 Dicebamus
2841 468 2905 522 de
2924 468 3124 523 ,Ιυᾶίυίε
3149 477 3201 522 et
3227 482 3410 523 eorum
3429 470 3773 539 principibus,
3797 472 3940 539 quod

2361 567 2710 625 arguerentur
2737 567 2795 610 ut
2821 557 2910 625 qui
2950 568 3402 627 persequerentur
3431 559 3622 614 similis
3653 557 3822 628 penna:
3860 575 3942 614 re-

2363 649 2611 702 lationem
2638 659 2692 703 et
2721 650 2970 703 talionem
3010 669 3022 702 :
3051 650 3150 703 etsi
3183 651 3265 704 lex
3296 652 3375 706 eis
3406 652 3767 721 permittebat,
3802 650 3938 706 Ocu-

2365 739 2468 790 lum
2512 755 2604 805 pro
2654 739 2832 805 oculo,
2891 740 3090 792 dentem
3143 756 3234 807 pro
3285 742 3429 794 dente
3473 740 3668 812 (Leuit.
3699 733 3789 796 24.
3850 743 3938 803 Ιος

2368 827 2518 880 Deut.
2548 829 2630 882 l9.
2674 827 2736 881 2|
2764 829 2816 897 );
2850 829 2944 882 sed
2969 845 3072 882 non
3123 838 3180 882 ut
3203 829 3337 882 alter
3357 830 3576 890 alterius
3603 831 3788 884 oculos
3814 830 3945 885 επο-

2365 916 2584 981 dcrent,
2636 933 2821 971 verum
2866 929 2922 970 ut
2971 928 3114 972 metu
3141 919 3402 986 patiendi,
3455 920 3689 973 cohibita
3721 919 3946 972 faciendi

2367 992 2608 1072 audacia:
2636 1025 2810 1077 neque
2849 1009 3045 1078 aliquid
3077 1009 3202 1062 mali
3226 1008 3620 1074 facerentaliis,
3652 1027 3822 1080 neque
3845 1011 3948 1079 ipsi

2370 1107 2681 1166 paterentur
2733 1098 2800 1152 ah
2844 1099 2982 1152 aliis.
3033 1099 3318 1168 Pr0pterea
3370 1099 3551 1153 dixit:
3585 1099 3801 1152 Oculum
3853 1117 3946 1164 pro

2369 1191 2513 1243 oculo
2532 1209 2550 1243 :
2574 1200 2628 1244 ut
2652 1190 2795 1244 illius
2819 1189 3010 1259 ligaret
3029 1207 3244 1258 manus,
3273 1207 3378 1246 non
3402 1203 3459 1245 ut
3479 1203 3597 1246 tuas
3614 1204 3798 1246 contra
3817 1193 3950 1246 edu-

2371 1293 2549 1344 ceret;
2569 1297 2670 1335 non
2697 1292 2756 1334 ut
2781 1283 2952 1334 solum
2974 1291 3182 1337 arceret
3204 1284 3479 1337 oculorum
3504 1293 3715 1337 tuorum
3734 1299 3948 1344 noxam,

2372 1371 2467 1424 sed
2500 1380 2555 1424 ut
2581 1372 2742 1424 etiam
2786 1371 2928 1426 illius
2967 1373 3154 1425 oculos
3201 1372 3378 1426 salvos
3434 1355 3800 1426 conservaret.
3846 1373 3950 1441 Sed

2373 1460 2514 1528 quod
2541 1453 2869 1527 quaerebam,
2902 1475 3131 1530 quanam
3158 1461 3227 1516 de
3254 1476 3412 1516 causa
3439 1478 3560 1515 cum
3589 1463 3667 1516 eis
3692 1477 3947 1516 concessa

2373 1560 2515 1602 esset
2533 1549 2680 1613 ultio,
2713 1550 3071 1619 arguebantur
3089 1553 3177 1619 qui
3195 1566 3258 1605 ea
3284 1551 3364 1604 usi
3396 1552 3550 1604 sunt?
3575 1551 3824 1620 quidnam
3852 1551 3953 1603 hoc

2375 1640 2490 1691 est?
2519 1638 2616 1692 llic
2646 1639 2772 1692 dicit
2800 1639 3008 1708 injuriae.
3032 1648 3266 1708 accepta:
3294 1640 3630 1694 memoriam.
3662 1640 3796 1694 Nam
3827 1655 3953 1692 cou-

2377 1728 2517 1781 cedit
2539 1730 2754 1798 quidem
2785 1740 2844 1783 ut
2867 1731 2954 1799 qni
2979 1745 3168 1798 passus
3190 1739 3291 1793 est,
3326 1733 3502 1784 statim
3527 1742 3671 1801 agat,
3706 1731 3878 1794 illum,
3899 1739 3957 1781 ut

2379 1817 2509 1884 disi,
2541 1819 2777 1872 retinéns
2803 1834 2865 1872 ac
2887 1821 3218 1887 reprimens;
3248 1836 3354 1873 non
3391 1822 3650 1889 permittit
3669 1832 3846 1876 autem
3880 1826 3957 1878 in-

2377 1906 2531 1975 jurize
2556 1915 2787 1976 accepta:
2810 1922 2929 1982 esse
2963 1923 3257 1962 memorem
3289 1931 3303 1962 :
3333 1926 3440 1963 non
3477 1921 3558 1966 est
3601 1913 3742 1966 enim
3773 1914 3823 1966 id
3850 1929 3959 1966 am-

2385 1997 2522 2065 plius
2555 1998 2668 2060 irae,
2698 2013 2870 2066 neque
2897 1997 3150 2052 ferventis
3177 1999 3426 2067 impetus,
3458 1999 3552 2054 sed
3582 2001 3818 2055 meditati
3843 2018 3958 2057 sce-

2385 2089 2531 2142 leris.
2565 2088 2707 2142 Dens
2726 2097 2900 2142 autem
2926 2091 2990 2142 iis
3016 2091 3259 2158 ignoscit,
3291 2106 3424 2160 quos
3441 2093 3664 2160 arripuit
3685 2094 3961 2148 insolentis

2387 2180 2721 2233 contumelire
2750 2181 3000 2242 insnltus,
3028 2189 3084 2233 et
3121 2181 3187 2234 ad
3233 2181 3487 2236 ultionem
3537 2192 3664 2236 sunt
3718 2184 3916 2238 incitati
3946 2201 3958 2236 :

2391 2266 2512 2321 ideo
2540 2269 2687 2329 dicit,
2723 2266 2940 2322 Oculum
2986 2287 3078 2338 pro
3105 2271 3284 2334 oculo;
3314 2280 3368 2325 et
3406 2287 3618 2334 rursus,
3663 2272 3768 2326 Via:
3795 2290 3964 2326 eorum

2390 2360 2476 2427 qui
2503 2368 2619 2411 sunt
2657 2359 2858 2428 injuriae
2889 2359 3151 2425 inaniores,
3175 2371 3289 2413 sunt
3315 2363 3383 2414 ad
3419 2372 3628 2415 mortem
3653 2365 3671 2432 (
3697 2363 3847 2418 Prov.
3877 2364 3958 2417 12.

2392 2449 2518 2516 ‘29).
2561 2450 2616 2503 Si
2649 2465 2776 2502 vero
2807 2450 2892 2502 ubi
2946 2450 3138 2503 licebat
3165 2452 3380 2504 oculum
3422 2467 3612 2506 eruere
3643 2469 3738 2520 pro
3779 2454 3962 2514 oculo,

2397 2549 2595 2591 tantum
2615 2537 2926 2606 proponitur
2947 2539 3259 2606 supplicium
3283 2540 3368 2605 iis,
3386 2541 3474 2608 qui
3501 2549 3735 2610 acceptae
3767 2541 3966 2609 injuria:

2395 2635 2512 2680 sunt
2545 2642 2828 2690 memores,
2860 2638 3057 2696 quanto
3087 2629 3256 2697 magis
3305 2631 3388 2695 iis,
3424 2631 3616 2699 quibus
3656 2633 3863 2699 jussmu
3892 2643 3969 2684 est

2398 2733 2456 2771 se
2483 2719 2722 2786 prmbere
2751 2727 2962 2786 paratos
2991 2719 3056 2772 ad
3084 2720 3428 2787 patiendum?
3454 2721 3531 2776 Ne
3553 2723 3717 2775 simus
3741 2738 3867 2791 ergo
3898 2723 3970 2774 iu-

2392 2809 2549 2876 juriae
2579 2803 2876 2871 memores,
2931 2809 3023 2861 sed
3079 2811 3209 2862 iram
3239 2813 3678 2878 cxstinguamus,
3727 2820 3785 2864 ut
3826 2811 3968 2880 digni

2399 2911 2714 2951 censeamnr
2769 2898 2859 2966 qui
2908 2897 3025 2966 ejus
3083 2913 3476 2966 consequamur
3530 2901 3967 2953 miscricordiam.

2406 2987 2540 3040 Nam
2566 3005 2684 3057 qua,
2713 2989 2903 3057 inquit,
2929 3004 3160 3041 mensura
3191 2990 3450 3052 metimini,
3484 3006 3542 3042 ea
3564 2990 3698 3043 vobis
3727 2991 3965 3058 repende-

2404 3087 2506 3142 tur,
2541 3087 2587 3130 et
2613 3079 2663 3130 in
2680 3094 2777 3146 quo
2793 3078 2995 3147 judicio
3016 3077 3286 3148 judicatis,
3304 3077 3655 3140 iudicabimini
3679 3078 3898 3146 (Matth.
3922 3078 3969 3130 7.

2403 3170 2490 3240 2).
2517 3171 2694 3224 Simus
2722 3170 2879 3239 igitur
2904 3184 3026 3238 erga
3067 3182 3356 3222 conservos
3400 3167 3792 3233 misericordes,
3823 3178 3881 3222 ut
3927 3177 3975 3218 et

2407 3275 2500 3313 eos
2525 3261 2614 3328 qni
2654 3269 2776 3313 sunt
2805 3260 2856 3313 in
2897 3259 3146 3328 prazscnti
3174 3259 3277 3311 vita
3302 3258 3522 3326 laqueos
3555 3259 3900 3328 ell‘ugiamus,
3927 3267 3977 3309 et

2409 3353 2460 3404 in
2483 3349 2570 3403 die
2601 3351 2783 3404 futuro
2807 3351 2874 3404 ab
2896 3365 2960 3404 eo
2983 3350 3189 3404 veniam
3209 3363 3583 3418 assequamur,
3613 3349 3780 3416 gratia
3805 3356 3856 3401 et
3886 3347 3974 3398 be-

2413 3442 2687 3510 nignitate,
2716 3452 2818 3494 etc.

2071 3699 2412 3759 HOMILIA
2460 3698 2653 3757 XVII.

737 3817 866 3871 Cui.
907 3821 958 3872 4.
1000 3836 1051 3874 v.
1093 3820 1179 3874 32.
1224 3821 1396 3874 Estote
1420 3829 1585 3871 autem
1626 3818 1832 3870 invicem
1869 3817 2089 3886 benigni,
2117 3817 2312 3868 miseri-

808 3910 1006 3971 cordes,
1036 3909 1280 3961 donantes
1324 3909 1559 3969 invicem,
1612 3907 1738 3978 sicut
1779 3916 1824 3958 et
1852 3905 1992 3957 Deus
2031 3908 2084 3957 in
2114 3905 2312 3958 Christo

811 3996 1016 4048 donavit
1061 3996 1218 4049 vobis.
1251 3996 1375 4050 Car.
1409 3997 1462 4050 5.
1507 4011 1554 4046 ν.
1603 3995 1651 4048 Ι.
1693 3993 1865 4048 Estote
1893 4010 2012 4062 ergo
2041 3996 2313 4048 imitatores

820 4085 929 4150 Dei,
957 4087 1083 4138 sicut
1106 4086 1199 4150 lilii
1224 4085 1490 4146 carissimi,
1512 4084 1567 4138 2.
1593 4093 1638 4136 et
1659 4083 1909 4135 ambulate
1937 4085 1988 4135 in
2025 4084 2309 4147 dilectione,

813 4177 938 4230 sicut
965 4187 1008 4228 et
1039 4175 1266 4229 Christus
1311 4176 1489 4228 dilexit
1520 4191 1629 4236 nos,
1661 4183 1706 4226 et
1747 4174 1953 4226 tradidit
1991 4176 2314 4240 semetipsum

820 4284 910 4331 pro
934 4267 1074 4319 nobis
1098 4267 1399 4319 oblationem
1427 4277 1473 4318 et
1499 4267 1713 4320 hostiam
1744 4266 1846 4318 Deo
1877 4267 1929 4318 in
1956 4267 2163 4318 adorent
2195 4283 2315 4319 sua-

820 4357 1007 4408 vitalis.
1718 4407 1725 4414 .

826 4451 874 4501 l.
920 4448 1188 4500 Prmterita
1209 4449 1474 4514 majorem
1500 4448 1605 4500 vim
1639 4447 1834 4502 habent
1862 4463 2019 4514 quam
2045 4449 2240 4512 futura,
2263 4455 2318 4500 et

745 4537 998 4589 videntur
1023 4551 1143 4590 esse
1181 4537 1572 4589 admirabiliora
1601 4547 1652 4590 et
1681 4537 2042 4592 credibiliora.
2087 4537 2153 4590 Et
2197 4536 2318 4590 ideo

750 4629 944 4682 Paulus
972 4626 1397 4680 adhortationem
1420 4627 1571 4680 exiis
1604 4629 1726 4679 facit
1765 4642 1883 4694 qurc
1923 4626 2167 4679 luerunt:
2193 4641 2316 4678 nam

749 4719 838 4770 illa
868 4716 1079 4786 quidem
1120 4717 1373 4786 majorem
1401 4719 1508 4770 vim
1540 4717 1738 4770 habent
1767 4726 1982 4785 pr0pter
2023 4717 2318 4770 Christum.

751 4806 883 4859 Nam
909 4807 1088 4860 dicere
1109 4824 1122 4858 :
1146 4806 1396 4869 Remitte,
1435 4819 1487 4860 et
1515 4807 1812 4859 remittetur
1854 4807 1977 4870 tibi;
2007 4813 2082 4872 et,
2127 4804 2182 4860 Si
2215 4821 2320 4859 non

754 4897 1089 4958 rcmiseritis,
1117 4913 1221 4950 non
1249 4899 1546 4952 remittetur
1572 4898 1722 4950 vobis
1749 4896 1958 4968 (Matth.
1990 4898 2042 4951 6.
2077 4899 2167 4952 14.
2195 4896 2319 4966 15);

754 4985 1034 5040 sidieatur
1056 4987 1268 5054 quidem
1297 4985 1426 5040 viris
1459 4985 1794 5055 philosophis
1812 4996 1866 5039 et
1893 4986 2065 5039 latura
2093 4987 2321 5040 creden-

755 5075 918 5139 tibus,
937 5076 1156 5128 multum
1187 5084 1389 5143 potest:
1418 5075 1612 5128 Paulus
1634 5084 1811 5128 autem
1834 5091 1936 5129 non
1958 5092 2021 5129 es
2045 5075 2128 5129 his
2149 5076 2323 5129 solum

759 5164 946 5216 incutit
977 5164 1251 5231 pudorem,
1277 5161 1369 5216 sed
1398 5161 1558 5216 etiam
1587 5177 1650 5217 ex
1677 5163 1744 5216 iis
1780 5179 1898 5232 qua:
1933 5166 2166 5218 fuerunt.
2191 5163 2322 5217 Nam

758 5252 889 5305 illud
916 5251 1129 5322 quidem
1157 5259 1239 5304 est
1271 5250 1453 5320 lugere
1477 5251 1824 5321 supplicium;
1863 5251 1964 5305 hoc
2003 5261 2178 5306 autem
2206 5267 2324 5305 esse

761 5342 883 5397 boni
911 5341 1136 5411 alicujus
1177 5343 1508 5410 participem.
1557 5341 1767 5396 Imitare
1810 5342 2100 5406 Christum,
2132 5343 2321 5412 inquit.

760 5432 873 5485 lloc
911 5433 1080 5485 solum
1133 5431 1328 5486 sufﬁcit
1374 5432 1438 5484 ad
1493 5431 1880 5485 exhortandum
1931 5433 1995 5486 ad
2043 5433 2322 5494 virtutem,

763 5525 928 5578 Deum
957 5523 1150 5578 imitari
1175 5543 1188 5578 :
1222 5524 1323 5578 hoc
1351 5523 1523 5592 majus
1546 5534 1626 5576 est
1668 5525 1778 5587 illo,
1807 5523 2128 5592 nempc,Qui
2169 5524 2323 5576 solem

757 5616 881 5684 facit
907 5617 1028 5668 oriri
1054 5632 1203 5684 super.
1229 5615 1387 5667 malos
1410 5623 1455 5667 et
1478 5613 1655 5678 bonos,
1683 5624 1726 5666 et
1757 5613 1886 5682 pluit
1910 5629 2061 5680 super
2081 5613 2250 5681 justas
2280 5624 2325 5664 et

753 5708 972 5776 injustas
996 5705 1202 5760 (Matth.
1227 5707 1279 5760 5.
1310 5707 1419 5776 45).
1440 5705 1556 5760 Non
1575 5708 1713 5761 enim
1734 5705 1863 5757 dixit
1889 5705 2061 5756 solum
2085 5714 2139 5756 ut
2164 5705 2324 5756 Deum

2418 3817 2704 3880 imitemur,
2735 3817 2826 3870 sed
2871 3817 2921 3868 in
2971 3815 3054 3880 iis,
3098 3815 3151 3868 in
3195 3815 3387 3884 quibus
3413 3816 3674 3869 beneﬁcio
3701 3813 3976 3877 allicimur,

2418 3909 2531 3960 vult
2558 3922 2653 3960 nos
2693 3909 2830 3978 inter
2866 3921 2961 3958 nos
3002 3905 3200 3959 habere
3253 3905 3456 3959 viscera
3504 3915 3743 3974 patrum:
3781 3905 3977 3958 viscera

2415 3999 2558 4052 enim
2588 3997 2700 4050 lure
2726 3997 2977 4050 dicuntur
3014 3997 3316 4053 humanitas
3341 4007 3394 4051 et
3425 3997 3814 4050 miserationes.
3852 3995 3975 4049 Nam

2417 4089 2665 4158 quoniam
2698 4088 2808 4140 lieri
2834 4101 2937 4138 non
2961 4096 3134 4155 potest
3162 4096 3218 4139 ut
3243 4102 3362 4139 cum
3397 4087 3561 4140 simus
3583 4087 3848 4148 homines,
3881 4098 3972 4138 nec

2419 4179 2628 4232 molesti
2675 4179 2861 4239 simus,
2907 4191 3004 4230 nec
3056 4175 3297 4229 molestia
3345 4177 3663 4240 alliciamur,
3694 4175 3974 4230 secundum
4062 4239 4063 4247 χ

2421 4267 2623 4322 invenit
2647 4267 3116 4330 medicamentum,
3150 4275 3207 4319 ut
3235 4266 3372 4319 dona
3405 4267 3556 4319 nobis
3593 4278 3776 4319 mutuo
3801 4267 3973 4318 conlc-

2419 4376 2632 4414 ramus:
2659 4357 2939 4421 Donantes,
2972 4357 3163 4425 inquit,
3194 4359 3426 4412 inuicem.
3457 4357 3612 4426 Atqui
3637 4358 3852 4410 minimc
3867 4363 3979 4415 sunt

2421 4451 2601 4517 paria:
2634 4465 2754 4502 nam
2781 4448 2824 4500 si
2855 4457 2906 4500 tu
2935 4462 3077 4501 nunc
3106 4447 3318 4516 quidem
3350 4446 3518 4500 dones
3557 4462 3619 4500 ac
3654 4447 3976 4516 gratiliceris,

2424 4539 2514 4592 ille
2551 4553 2736 4591 rursus
2775 4538 2867 4590 tibi
2893 4537 3110 4591 donabit
3135 4547 3189 4590 et
3229 4537 3643 4606 gratiﬁcahitur;
3680 4538 3787 4590 Deo
3813 4547 3976 4589 autem

2425 4627 2558 4679 nihil
2586 4627 2832 4680 donasti:
2863 4636 2917 4679 et
2949 4636 3000 4678 tu
3045 4627 3258 4695 quidem
3309 4641 3600 4688 conservo;
3633 4627 3775 4680 Deus
3813 4634 3976 4677 autent

2425 4731 2580 4770 servo
2606 4726 2660 4770 et
2683 4717 2918 4778 inimico,
2944 4726 2998 4771 et
3018 4718 3064 4770 ci
3096 4717 3188 4785 qui
3219 4717 3392 4784 ipsum
3424 4715 3554 4769 odit.
3587 4715 3736 4770 Sicut
3762 4725 3806 4768 et
3834 4713 3975 4773 Deus,

2426 4806 2615 4875 inquit,
2656 4807 2708 4858 iu
2737 4806 2935 4860 Christo
2957 4808 3160 4860 donavit
3189 4807 3348 4859 nobis.
3371 4805 3480 4858 l‘loc
3506 4820 3715 4877 quoque
3741 4818 3973 4873 magnum
4060 4799 4061 4811 ‘

2425 4895 2590 4949 habet
2613 4896 2858 4964 aenigma.
2883 4895 2997 4948 Non
3021 4895 3352 4965 simpliciter,
3376 4893 3560 4962 inquit.
3597 4895 3714 4948 sine
3761 4890 3977 4962 periculo

2427 4987 2581 5041 nobis
2608 4987 2842 5049 donavit,
2879 4985 2970 5040 sed
3001 5001 3120 5039 cum
3154 4985 3388 5053 periculo
3414 4981 3555 5038 Filii.
3588 4982 3657 5038 Ut
3702 4984 3794 5036 tibi
3841 4983 3977 5051 igno-
4058 5051 4059 5054 η

2427 5085 2620 5141 sceret,
2667 5077 2980 5130 sacriﬁcavit
3031 5075 3268 5129 Filium:
3307 5084 3359 5126 tu
3407 5083 3581 5127 autem
3627 5089 3768 5142 smpe
3813 5073 3978 5125 videns

2428 5165 2871 5219 condonationem
2911 5178 3030 5216 esse
3075 5164 3188 5216 sine
3242 5162 3480 5230 periculo
3527 5171 3580 5215 et
3617 5163 3732 5214 sine
3763 5168 3976 5227 sumptu.

2428 5272 2536 5309 non
2568 5256 2713 5308 lacis.
2745 5253 2917 5308 Estote
2943 5271 3061 5321 ergo
3087 5255 3360 5306 imitatores
3388 5252 3505 5318 Dei,
3533 5255 3658 5305 sicut
3681 5254 3776 5320 ﬁlii
3799 5249 3978 5305 carissi-

2430 5347 2518 5408 mi,
2543 5355 2590 5398 ct
2617 5345 2868 5396 ambulate
2895 5346 2945 5396 in
2976 5343 3261 5405 dilectione,
3301 5344 3428 5397 sicut
3465 5352 3513 5394 et
3557 5341 3784 5394 Christus
3823 5337 3980 5394 dilexit

2431 5450 2541 5496 nos,
2575 5443 2621 5485 et
2646 5433 2854 5484 tradidit
2879 5433 3195 5500 semetipsum
3218 5448 3308 5499 pro
3334 5432 3474 5485 nobis
3503 5430 3803 5484 oblationem
3833 5441 3876 5483 et
3900 5427 3979 5479 ha—

2432 5521 2714 5577 stiacho
2758 5524 2810 5574 in
2853 5521 3056 5574 odorem
3106 5521 3387 5574 suauitatis.
3419 5521 3494 5574 Ne
3522 5529 3698 5573 autem
3726 5519 3979 5573 existimes

2435 5628 2543 5664 rem
2568 5629 2685 5665 esse
2714 5613 3065 5676 necessitatis,
3096 5612 3215 5665 audi
3245 5612 3369 5681 quid
3397 5612 3556 5672 dicat,
3589 5611 3823 5679 Seipsum
3844 5605 3978 5661 tradi-

2435 5705 2541 5766 dit;
2575 5719 2635 5755 ac
2680 5705 2722 5755 si
2767 5704 2985 5768 diceret,
3018 5702 3150 5756 Cum
3178 5719 3325 5758 esses
3377 5704 3636 5766 inimicus,
3674 5702 3917 5756 Dominus
3941 5708 3979 5749 te
