4070 6388
797 385 894 441 H7

789 500 1042 568 πρᾶγμα,
1072 500 1302 552 ἄκουσον
1329 499 1444 564 πῶς
1475 504 1571 574 οὐχ
1601 495 1806 567 ἀπλῶς,
1839 498 1952 558 ἀλλ’
1975 509 2056 560 ὃτι
2083 508 2339 562 ,Ἑαυτὸν

788 585 1149 661 παρέδωκεν,
1186 581 1366 638 εἶπεν·
1396 585 1528 663 ὡσεὶ
1554 587 1771 654 ἔλεγεν·
1801 590 2028 662 Ἐχθρδν
2069 592 2201 646 δντα
2231 609 2289 644 σε
2316 592 2348 643 ό

784 671 1060 740 Δεσπότης
1089 671 1394 741 ἠγάπησεν,
1424 672 1787 747 ἀγάπησονσὺ
1808 676 1898 728 τὸν
1936 678 2089 745 φίλον
2108 695 2123 709 ·
2148 678 2348 746 μᾶλλον

785 755 842 808 δέ
875 756 997 808 οὐδὲ
1023 755 1165 810 οὕτω
1197 757 1422 828 δυνήσῃ,
1457 759 1596 828 πλὴν
1626 761 1743 812 ἀλλ’
1772 762 1847 824 ὡς
1867 763 2112 830 δύνασαι.
2142 764 2342 818 Βαϐαίί

785 837 839 890 τί
874 836 1078 908 ταύτης
1100 839 1195 908 τῆς
1231 842 1413 909 φωνῆς
1442 843 1851 915 μακαριώτερον
1875 847 2071 914 γένοιτ’
2100 847 2166 900 ἀν
2189 864 2206 913 ;
2229 846 2348 899 Κᾶν

788 922 1063 992 βασιλείαν
1104 925 1282 997 εἴπῃς,
1315 926 1416 979 κεν
1459 928 1656 992 ότιοῦν,
1690 931 1840 983 οὐδὲν
1883 931 2016 986 ισον.
2063 918 2212 1005 [i221
2245 933 2348 986 Τὸν

785 1009 917 1062 Θεὸν
946 1013 1108 1079 μιμῇ,
1137 1012 1215 1081 τῷ
1259 1012 1379 1082 Θεῷ
1409 1013 1772 1084 ἐξομοιοῦσαι,
1803 1017 1929 1079 ὅταν
1975 1020 2339 1089 συγχωρήσῃς

785 1097 999 1166 ἐκείνῳ.
1035 1099 1250 1152 Μᾶλλον
1285 1101 1658 1173 ἁμαρτήματα
1693 1104 1775 1157 δεῖ
1802 1109 2121 1176 συγχωρεῖν,
2149 1107 2182 1175 ἦ
2217 1108 2349 1176 χρή-

791 1200 960 1251 ματα.
989 1186 1260 1255 Χρήματα
1291 1188 1389 1257 μὲν
1419 1190 1527 1259 γὰρ
1557 1191 1653 1243 ἐὰν
1695 1194 2072 1263 συγχωρήσῃς,
2097 1194 2196 1244 οὐκ
2223 1196 2348 1257 ἐμι-

788 1274 948 1342 μήσω
989 1273 1079 1325 τὸν
1113 1274 1276 1327 Θεόν·
1323 1278 1698 1349 ἁμαρτήματα
1738 1281 1796 1333 δέ
1820 1281 1927 1334 ἐὰν
1960 1283 2342 1354 συγχωρήσῃς,

723 1396 730 1401 .
785 1359 876 1410 τὸν
898 1359 1029 1412 Θεὸν
1057 1363 1221 1430 μιμῇ.
1255 1362 1401 1432 Πλὴν
1419 1365 1535 1426 πῶς
1562 1365 1763 1437 δυνήσῃ
1782 1367 1980 1435 λέγειν,
2014 1369 2190 1437 Πένης
2207 1369 2344 1436 είμὶ,

697 1435 704 1445 ”
788 1444 883 1496 καὶ
927 1445 992 1497 οὐ
1025 1445 1258 1516 δύναμαι
1304 1451 1690 1521 συγχωρῆσαι,
1732 1435 1859 1506 δταν
1893 1454 1990 1506 καὶ
2037 1453 2074 1506 θ.
2121 1435 2344 1506 δύνασαι

786 1535 1159 1602 συγχωρῆσαι,
1197 1534 1273 1607 μὴ
1310 1541 1688 1609 συγχωρήσῃς,
1726 1542 1822 1592 καὶ
1861 1540 2095 1599 ἐνταῦθα
2141 1540 2343 1611 ζημίαν

787 1617 916 1687 ἡγῇ,
971 1621 1091 1687 οὐχὶ
1121 1620 1351 1673 πλοῦτον
1406 1624 1625 1692 μᾶλλον,
1676 1625 1798 1694 οὐχὶ
1840 1627 2177 1695 περιουσίαν,
2221 1627 2343 1696 οὐχὶ

783 1703 1082 1773 εὐπορίαν;
1114 1707 1366 1761 Γίνεσθε
1403 1704 1517 1764 οὖν
1561 1712 1808 1778 μιμηταί
1848 1709 1955 1766 τοῦ
1994 1712 2160 1766 Θεοῦ.
2212 1712 2342 1766 ’1δού

785 1787 880 1840 καὶ
900 1787 1033 1855 άλλη
1068 1789 1410 1858 παράκλησις
1446 1791 1820 1863 εὐγενεστέρα.
1861 1797 1956 1859 Ὡς
1980 1795 2160 1848 τέκνα
2203 1798 2346 1864 ἀτα-

783 1868 963 1931 πητὰ,
995 1868 1180 1939 φησίν.
1213 1872 1404 1940 Ἔχετε
1437 1875 1530 1926 καὶ
1558 1875 1722 1944 ἄλλην
1747 1876 1993 1948 ἀνάγκην
2021 1876 2115 1930 τοῦ
2161 1879 2345 1946 μιμεῖ-

783 1954 906 2007 σθαι
953 1956 1140 2016 αὐτὸν,
1177 1957 1239 2010 οὐ
1273 1959 1352 2028 τῷ
1388 1961 1579 2013 παθεῖν
1630 1955 1690 2015 εὖ
1726 1963 1909 2032 μόνον,
1947 1961 2083 2016 ἀλλά
2125 1963 2220 2016 καὶ
2265 1963 2345 2033 τῷ

783 2041 947 2096 τέκνα
981 2045 1257 2111 γενέσθαι.
1300 2047 1396 2112 Ὠς
1416 2098 1421 2102 .
1442 2049 1621 2119 τέκνα
1651 2051 1944 2120 ἀγαπητά.
1987 2051 2204 2121 Ἐπειδὴ
2234 2051 2344 2120 γὰρ

779 2128 842 2180 οὐ
895 2131 1096 2197 πάντες
1143 2133 1249 2184 υίοὶ
1288 2134 1414 2197 τοὺς
1461 2136 1708 2206 πατέρας
1762 2136 2077 2207 μιμοῦνται,
2129 2137 2244 2190 ἀλλ’
2293 2139 2344 2189 οί

780 2216 1053 2284 ἀγαπητοὶ
1074 2226 1096 2281 ,’
1124 2217 1210 2271 διὰ
1257 2219 1414 2272 τοῦτό
1446 2237 1645 2290 φησιν·
1704 2223 1796 2288 Ὡς
1825 2224 2008 2276 τέκνα
2044 2224 2342 2292 ἀγαπητά.
2374 2276 2380 2279 .

778 2302 1161 2368 Περιπατεῖτε
1186 2303 1257 2356 ἐν
1283 2305 1508 2374 ἀγάπῃ.
1554 2307 1683 2361 Ἰδοὺ
1715 2309 1932 2362 πάντων
1974 2309 2007 2378 ή
2051 2308 2340 2371 ὑπόθεσις·

775 2389 972 2442 οὐκοῦν
993 2390 1192 2460 ταύτης
1213 2390 1400 2460 οὔσης,
1427 2394 1488 2444 οὐ
1513 2393 1702 2464 θυμὸς,
1724 2396 1823 2447 οὐκ
1838 2393 1996 2466 ὀργὴ,
2017 2396 2078 2447 οὐ
2106 2396 2342 2466 κραυγὴ,

775 2474 840 2526 οὐ
874 2474 1211 2545 βλασφημία,
1253 2478 1390 2530 ἀλλά
1436 2480 1616 2532 πάντα
1661 2479 1950 2549 ἀνῄρηται.
1992 2480 2084 2532 Διὸ
2119 2479 2345 2551 ὕστερον

776 2560 838 2612 τὺ
878 2561 1168 2628 κεφάλαιον
1194 2564 1396 2634 τίθησι.
1435 2565 1604 2618 Πόθεν
1641 2567 1826 2633 ἐγένου
1860 2568 2081 2631 τέκνον;
2125 2567 2344 2634 Ἐπειδὴ

779 2648 1134 2719 συνεχωρήθη
1168 2666 1270 2704 σοι.
1309 2652 1441 2705 ’Δπὺ
1469 2653 1570 2723 τῆς
1590 2653 1919 2717 ὑποθέσεως,
1947 2655 2039 2723 ἀφ’
2061 2649 2130 2724 ἧς
2158 2652 2344 2706 τοσαύ-

774 2748 873 2802 της
903 2734 1142 2803 ἠξιώθης
1167 2740 1350 2807 τιμῆς,
1387 2739 1495 2791 ἀπὺ
1534 2740 1634 2807 τῆς
1677 2740 1845 2809 αὐτῆς
1876 2742 1970 2793 καὶ
2005 2739 2082 2809 τῷ
2116 2740 2342 2809 πλησίον

777 2821 1152 2891 συγχώρησον.
1197 2825 1329 2877 Εἰπὲ
1356 2826 1418 2896 δή
1453 2844 1565 2895 μοι,
1597 2827 1653 2880 εί
1680 2828 1766 2890 τίς
1799 2844 1858 2879 σε
1883 2828 2164 2898 δεσμώτην
2189 2828 2338 2892 ὄντα,

775 2908 870 2959 καὶ
912 2909 1120 2977 μυρίων
1150 2910 1446 2965 ὑπεύθυνον
1465 2913 1673 2980 κακῶν,
1702 2914 1908 2986 ἤγαγεν
1953 2916 2045 2967 ἐπὶ
2075 2916 2146 2968 τά
2180 2915 2336 2985 βασί-

775 2992 897 3046 λεια
918 3010 932 3023 ·
964 2994 1164 3064 μᾶλλον
1189 2997 1246 3049 δέ
1269 3000 1427 3050 τοῦτο
1451 3001 1678 3068 ἀφῶμεν
1693 3017 1719 3065 ·η
1740 3001 1796 3053 ετ
1811 3002 1895 3063 τίς
1922 3018 1982 3053 σε
2006 3003 2341 3071 πυρέττοντα

777 3083 871 3135 καὶ
893 3081 1349 3154 ψυχορραγοῦντα
1376 3087 1624 3155 ὠφέλησε
1647 3089 1924 3160 φαρμάκῳ
1943 3091 2072 3152 τινὶ,
2102 3085 2212 3159 ἄρα
2239 3091 2340 3143 οὐκ

774 3167 841 3220 ἀν
864 3169 1024 3221 αὐτὸν
1053 3169 1268 3221 πάντων
1296 3172 1694 3244 προύτίμησας,
1723 3174 1815 3226 καὶ
1830 3174 1963 3226 αὐτὸ
1989 3174 2228 3243 τοῦνομα
2242 3176 2336 3228 τοῦ

776 3254 1104 3322 φαρμάκου;
1145 3254 1208 3307 El
1237 3256 1346 3325 γὰρ
1375 3259 1600 3328 καιροὺς
1624 3260 1716 3311 καὶ⁵
1742 3260 1961 3323 τόπους,
1999 3259 2064 3312 δι’
2089 3253 2163 3312 ὧν
2193 3260 2337 3326 ὠφε-

775 3339 1032 3406 λούμεθα,
1060 3340 1235 3403 οὓτως
1256 3340 1451 3411 ἔχομεν
1477 3343 1552 3405 ὡς
1575 3345 1674 3406 τὰς
1698 3344 1906 3397 ἑαυτῶν
1933 3344 2131 3413 ψυχὰς,
2160 3345 2339 3414 πολλῷ

779 3425 978 3494 μᾶλλον
1011 3426 1150 3477 αὐτὰ
1182 3426 1251 3477 τά
1277 3428 1599 3496 πράγματα.
1643 3419 1908 3499 Ἐραστὴς
1944 3429 2036 3481 ἐσο
2058 3430 2156 3499 τῆς
2194 3430 2336 3497 ἀγά-

775 3531 883 3583 πης
907 3531 922 3544 ·
948 3515 1013 3566 δι’
1039 3515 1208 3585 αὐτῆς
1240 3517 1348 3585 γὰρ
1373 3517 1605 3587 ἐσώθης,
1632 3519 1701 3571 δι’
1726 3517 1896 3587 αὐτῆς
1924 3518 2037 3581 υίδς
2070 3520 2300 3586 γέγονας
2320 3535 2335 3549 ⁸

775 3598 877 3652 κᾶν
925 3599 1112 3671 ἕτερον
1164 3600 1401 3672 δυνηθῇς
1454 3603 1648 3670 σῶσαι,
1683 3606 1802 3674 οὐχὶ
1843 3603 1921 3674 τῷ
1966 3605 2114 3673 αὐτῷ
2158 3606 2339 3674 χρήσῃ

770 3689 1090 3767 φρμάκῳ,
1141 3690 1233 3741 καὶ
1285 3693 1629 3758 παραινέσεις
1691 3696 1825 3746 πᾶσι
1873 3693 1964 3756 τὺ,
1993 3693 2212 3761 ¹Ἄφετε,
2253 3692 2338 3743 ἵνα

773 3773 950 3844 ἀφεθῇ
982 3777 1142 3844 ὐμϊν;
1195 3778 1566 3848 Εὐγνωμόνων
1614 3779 1801 3849 ψυχῶν
1846 3778 2002 3831 τοῦτο
2027 3819 2042 3843 ,
2081 3778 2140 3830 τὸ
2195 3776 2339 3830 οὕτω

775 3861 1194 3930 προτρέπεσθαι,
1238 3865 1331 3915 καὶ
1380 3864 1676 3934 ἐλευθέρων
1718 3863 1810 3918 καὶ
1844 3863 2098 3931 εὐγενῶν.
2131 3864 2336 3927 Καθὼς

771 3945 870 3997 καί
896 3949 929 3999 ὀ
956 3947 1198 4014 Χριςτὸς
1226 3949 1544 4016 ἠγάπησεν
1566 3947 1743 4019 ἡμᾶς,
1763 3951 1913 4021 φησί.
1940 3951 2010 4002 Σὺ
2035 3949 2144 4018 τῶν
2171 3949 2338 4017 φίλων

773 4033 954 4103 φείδῃ,
987 4036 1191 4097 ἐκεῖνος
1211 4035 1321 4089 τῶν
1345 4036 1584 4107 ἐχθρῶν·
1623 4038 1819 4089 οὐκοῦν
1853 4039 2031 4107 πολλῷ
2068 4037 2250 4107 μεῖζον
2278 4038 2339 4090 τὸ

773 4119 924 4187 παρὰ
953 4121 1046 4172 τοῦ
1077 4123 1347 4175 Δεσπότου
1375 4110 1676 4193 γινόμενον.
1708 4125 1781 4177 Τὸ
1799 4125 1928 4196 γὰρ,
1963 4107 2188 4190 Κᾶθὼς,
2221 4125 2338 4186 πῶς

775 4201 1006 4278 σῴζεται
1035 4213 1087 4270 ·;
1119 4201 1195 4259 Ἦ
1234 4208 1392 4276 δῆλον
1417 4210 1519 4272 δτι,
1547 4209 1642 4262 ἐὰν
1670 4211 1799 4270 τοὺς
1826 4211 2054 4281 ἐχθροὺς
2076 4207 2136 4262 εὖ
2171 4210 2338 4262 ποιῶ-

775 4306 894 4357 μεν.
913 4289 1019 4342 Kal
1045 4290 1386 4358 παρέδωκεν
1405 4295 1618 4348 ἑαυτὸν
1640 4297 1988 4364 προσφορὰν
2006 4296 2103 4348 καί
2121 4299 2343 4350 θυσίαν

769 4375 853 4442 τῷ
890 4375 1013 4442 Θεῷ
1042 4381 1129 4445 είς
1155 4379 1352 4448 ὀσμὴν
1381 4381 1651 4448 εὐωδίας.
1690 4383 1852 4453 Ὁρᾷς
1877 4385 1940 4435 τὸ
1961 4384 2100 4453 ὐπέρ
2133 4383 2340 4453 ἐχθρῶν

771 4465 985 4526 παθεῖν,
1024 4465 1106 4518 δτι
1147 4467 1290 4538 ὀσμὴ
1317 4461 1545 4532 εὐωδίας
1585 4471 1720 4534 ἐστὶ,
1743 4468 1836 4523 καὶ
1860 4470 2019 4526 θυσία
2048 4472 2341 4541 εὐπρόσδε-

770 4560 930 4615 κτοςς
974 4552 1090 4605 Κάν
1129 4555 1434 4628 ἀποθάνῃς,
1461 4559 1581 4612 τότε
1617 4557 1714 4632 ἔσῃ
1747 4555 1939 4613 θυσία·
1969 4559 2130 4613 τοῦτο
2165 4562 2338 4630 μιμή-
2383 4573 2388 4578 ‘

773 4640 968 4693 σασθαί
997 4643 1114 4693 ἐστι
1143 4643 1236 4694 τὸν
1273 4644 1426 4697 Θεόν.
1472 4649 1728 4726 Πορνεία
1757 4647 1826 4701 δὲ
1867 4648 1966 4702 καί
1999 4648 2168 4704 πᾶσα
2194 4649 2339 4703 ἀκα-

770 4727 1010 4793 θαρσία,
1052 4726 1088 4794 ἢ
1118 4729 1459 4794 πλεονεξία,
1484 4733 1640 4802 μηδὲ
1669 4733 2044 4802 ὀνομαζέσθω
2075 4736 2145 4787 ἐν
2173 4736 2334 4804 ὑμῖν,

771 4810 964 4878 καθὼς
988 4815 1196 4881 πρέπει
1226 4816 1436 4885 ἁγίοις.

842 4980 975 5035 ETw:
1008 4986 1136 5053 περὶ
1176 4985 1271 5037 τοῦ
1318 4986 1516 5055 πικροῦ
1554 4987 1758 5047 πάθους
1789 4985 1885 5039 τοῦ
1926 4985 2134 5056 θυμοῦ·
2175 4983 2336 5056 ἦλθεν

768 5070 864 5121 ἐπὶ
887 5067 948 5122 ὓ
979 5066 1140 5141 ἦττον
1170 5071 1360 5125 κακόν.
1393 5073 1514 5125 Ὅτι
1545 5074 1652 5144 γὰρ
1685 5069 1846 5143 ἦττον
1876 5074 2042 5126 κακὸν
2076 5076 2110 5142 ἡ
2142 5073 2334 5126 ἐπιθυ-

771 5155 893 5224 μία.
924 5155 1091 5209 ἄκουε
1113 5159 1206 5230 καὶ
1235 5160 1294 5210 ἐν
1318 5159 1397 5229 τῷ
1429 5160 1579 5229 νόμῳ
1603 5161 1880 5222 Μωῦσέως
1907 5160 2157 5228 λέγοντος
2177 5161 2335 5232 πρῶ-

768 5259 882 5306 τον,
921 5244 1004 5296 οὐ
1037 5246 1373 5312 φονεύσεις,
1404 5247 1542 5316 ὅπερ
1572 5247 1690 5300 ἐστὶ
1720 5247 1812 5299 τοῦ
1838 5247 2034 5317 θυμοῦ,
2070 5247 2163 5301 καὶ
2187 5249 2331 5314 τότε,

772 5330 858 5395 οὐ
878 5329 1244 5398 μοιχεύσεις,
1269 5333 1409 5403 ὅπερ
1438 5334 1555 5386 ἐστι
1590 5334 1688 5404 τῆς
1720 5334 2035 5404 ἐπιθυμίας.
2066 5335 2334 5406 Καθάπερ

769 5414 882 5487 γὰρ
909 5417 951 5489 ιι,
979 5417 1174 5488 πικρία
1208 5419 1301 5472 καὶ
1417 5421 1633 5491 κραυγὴ
1685 5421 1782 5474 καὶ
1829 5425 1978 5476 πᾶσα
2035 5422 2201 5475 κακία
2239 5424 2335 5476 καὶ

771 5499 1115 5574 βλασφημία.
1160 5505 1257 5559 καὶ
1284 5506 1386 5560 δσα
1426 5506 1672 5574 τοιαῦτα,
1719 5507 1814 5567 τοῦ
1849 5506 2128 5578 θυμὼδους
2153 5511 2332 5565 ἐστίν·

826 5696 857 5754 ,⁸
877 5686 1026 5764 και-ἀ.
1053 5684 1223 5773 Βιτίίν
1245 5701 1337 5753 ποῦ
1360 5705 1575 5770 σώςας,

1529 385 1587 441 S.
1616 385 1900 443 JOANNIS
1929 386 2417 444 CIIRYSOSTOII
2448 387 2766 448 ARCHIEP.
2808 378 3376 449 CONSTANTINOPf
3915 395 3997 449 “8
4066 345 4067 376 ἦ

2456 505 2599 560 οὕτω
2618 509 2712 562 καὶ
2732 509 2822 564 τοῦ
2846 510 3239 582 ἐπιθυμητικοῦ
3263 509 3414 583 UBE]
3429 509 3673 580 πορνεία,
3690 509 3996 582 ἀκαθαρσία,

2456 589 2771 656 πλεονεξία·
2817 593 2893 662 τῷ
2933 594 3040 664 γὰρ
3072 595 3220 663 αὐτῷ
3273 595 3572 664 χρημάτων
3634 593 3872 664 ἐρῶμεν,
3919 596 3998 646 καὶ

2455 677 2741 746 σωμάτων.
2783 680 2921 731 Ἀλλ’
2956 679 3143 750 ῶσπερ
3178 683 3295 734 ἐκεῖ
3317 681 3416 750 τὴν
3449 678 3696 753 κραυγὴν
3726 681 3995 750 περιεῖλεν,

2451 761 2549 830 δχη
2559 780 2634 832 μα
2649 760 2811 816 οὖσαν
2833 765 2934 835 τῆς
2948 767 3136 836 ὀργῆς,
3155 766 3294 819 οὕτω
3305 767 3399 819 νῦν
3414 768 3512 836 τὴν
3529 765 3908 835 αἰσχρολογίαν
3919 766 3996 819 καὶ

2452 849 2810 921 εὐτραπελίαν
2837 850 3018 921 δχημα
3043 849 3206 904 οὖσαν
3227 852 3327 921 τῆς
3344 852 3613 923 πορνείας.
3638 852 3745 906 Καί
3766 853 3997 920 αἰσχρό-

2451 951 2555 1000 της
2588 935 2719 1006 γὰρ,
2758 939 2908 1006 φησὶ.
2943 941 3037 992 καὶ
3064 941 3418 1008 μωρολογία,
3452 939 3489 1007 ἢ
3530 939 3909 1006 εὐτραπελία,
3939 938 3998 991 τὰ

2452 1022 2563 1072 οὐκ
2577 1019 2898 1087 ἀνήκοντα,
2916 1025 3076 1078 ἀλλὰ
3090 1025 3332 1093 μᾶλλον
3349 1028 3720 1095 εὐχαριστία.
3745 1025 3837 1096 Μὴ
3858 1026 3997 1094 εἴπῃς

2452 1107 2642 1159 ἀστεῖα
2654 1109 2775 1177 μηδ’
2792 1110 3014 1179 αἰσχρά,
3032 1112 3163 1180 μηδὲ
3177 1112 3407 1183 πράξῃς,
3428 1113 3518 1162 καὶ
3531 1110 3891 1173 κατασϐέσεις
3914 1111 3997 1179 τὴν

2451 1186 2643 1260 φλόγα.
2659 1194 2826 1260 Μηδὲ
2848 1194 3242 1262 ὀνομαζέσθω,
3261 1197 3445 1267 φησὶν,
3462 1197 3531 1249 ἐν
3548 1196 3692 1266 ὑμῖν
3707 1209 3721 1225 ⁵
3745 1197 3996 1256 τουτέστι.

2456 1276 2702 1348 μηδαμοῦ
2735 1279 2870 1349 μηδὲ
2899 1281 3191 1348 φαινέσθω.
3224 1280 3394 1334 Τοῦτο
3415 1283 3506 1335 καὶ
3529 1281 3836 1353 Κορινθίοις
3867 1283 3994 1351 γρά-

2453 1380 2568 1431 φων
2618 1364 2801 1434 ἔλεγεν
2824 1383 2838 1396 ·
2895 1367 3090 1432 Ὀλως
3136 1369 3416 1422 ἀκούεται
3458 1371 3528 1422 ὲν
3555 1368 3698 1437 ὑμῖν
3741 1369 3997 1435 πορνεία.

2453 1449 2731 1515 Τουτέστι,
2761 1453 2964 1517 Πάντες
3002 1453 3227 1524 καθαροὶ
3251 1455 3492 1522 γένεσθε,
3514 1456 3577 1507 Οί
3601 1455 3712 1525 γὰρ
3735 1454 3884 1522 λόγοι
3906 1453 4000 1505 τῶν

2455 1538 2791 1608 πραγμάτων
2835 1540 2973 1592 εἰσὶν
3014 1540 3142 1594 ὁδοί.
3175 1538 3309 1594 Εἶτα
3342 1542 3430 1595 ῖνα
3476 1542 3551 1612 μὴ
3590 1541 3719 1612 δόξῃ
3757 1540 4002 1611 φορτικός

2452 1641 2536 1686 τις
2577 1623 2717 1677 εἶναι
2767 1627 2865 1679 καὶ
2915 1625 3106 1697 βαρὺς,
3167 1628 3261 1680 καὶ
3307 1628 3665 1698 εὐτραπελίαν
3707 1627 3998 1684 ἐκκόπτων.

2452 1711 2700 1780 ἐπήγαγε
2747 1714 2837 1764 καὶ
2873 1712 2970 1785 τὴν
3009 1712 3208 1778 αίτίαν,
3245 1712 3435 1778 εἰπὼν,
3473 1711 3549 1766 Τὰ
3570 1713 3656 1781 μὴ
3689 1713 4000 1778 ἀνήκοντα.

2448 1797 2517 1850 τὰ
2548 1799 2702 1851 οὐδὲν
2742 1798 2876 1868 πρὸς
2909 1801 3079 1869 ημᾶς,
3135 1800 3322 1878 φησιν,
3351 1801 3512 1854 ἀλλὰ
3546 1799 3791 1869 μᾶλλον
3836 1802 4001 1867 εὐχα-

2443 1887 2667 1952 ριστία.

2518 2043 2579 2113 β’.
2600 2045 2664 2096 Τί
2681 2044 2879 2114 ὠφελεῖ
2900 2047 2960 2101 τὸ
2975 2048 3186 2100 ἀστεῖον
3203 2048 3374 2100 εἰπεῖν
3389 2065 3404 2114 ;
3420 2047 3636 2101 Γέλωτα
3657 2047 3909 2117 ἐκίνησας
3928 2045 4006 2114 μό-

2447 2147 2558 2186 νον.
2588 2132 2722 2184 Είπέ
2753 2149 2863 2200 μοι,
2899 2134 2927 2184 δ
2959 2135 3288 2206 σκυτοτόμος
3320 2135 3617 2205 ἐργάσεταί
3656 2135 3707 2187 τί
3739 2150 3872 2186 ποτε
3906 2133 4008 2185 τῶν

2445 2217 2544 2268 οὐκ
2596 2218 2906 2286 ἀνηκόντων
2928 2221 3007 2280 είς
3033 2221 3132 2289 τὴν
3163 2221 3326 2273 αὐτοῦ
3364 2221 3592 2290 τέχνην;
3617 2219 3650 2290 ἢ
3676 2214 3935 2296 κτήσεταί
3959 2235 4008 2270 τι

2445 2302 2684 2355 τοιοῦτον
2698 2303 2926 2374 ὄργανον
2940 2321 2954 2368 ;
2981 2305 3270 2374 Οὐδαμῶς·
3295 2306 3360 2359 τὰ
3376 2305 3483 2374 γὰρ
3498 2306 3597 2358 οὐκ
3613 2308 3670 2357 ἐν
3683 2305 3843 2374 χρείᾳ
3864 2304 4010 2356 οὐδὲν

2447 2390 2583 2457 πρὸς
2607 2389 2776 2459 ἡμᾶς.
2806 2391 3010 2458 Μηδεὶς
3037 2390 3177 2444 ἔστω
3206 2391 3364 2459 λόγος
3412 2392 3578 2461 ἀργός
3603 2408 3617 2422 ·
3644 2389 3753 2444 ἀπὸ
3779 2390 3888 2459 γὰρ
3920 2390 4008 2442 τοῦ

2448 2475 2617 2544 ἀργοῦ
2647 2477 2743 2528 καὶ
2769 2478 2850 2538 είς
2867 2477 3111 2539 ἀτόπους
3132 2478 3567 2547 καταπίπτομεν.
3621 2477 3697 2530 Οὐ
3720 2476 4010 2546 διαχύσεως

2445 2564 2474 2613 ὁ
2502 2561 2689 2630 παρὼν
2712 2563 2922 2632 καιρὸς,
2953 2563 3087 2616 ἀλλά
3105 2564 3350 2629 πένθους,
3375 2563 3606 2632 θλίψεων
3631 2563 3723 2615 καὶ
3743 2563 4007 2633 ὀδυρμῶν·

2447 2648 2512 2699 σὺ
2533 2648 2591 2700 δὲ
2617 2649 2986 2720 εὐτραπελεύῃ
3009 2666 3023 2714 ;
3047 2651 3142 2711 Τίς
3161 2650 3396 2721 ἀθλητὴς
3425 2652 3504 2712 είς
3524 2649 3585 2702 τὸ
3607 2649 3819 2722 στάδιον
3843 2648 4012 2701 είσελο

2446 2732 2573 2795 θὼν,
2616 2736 2710 2786 καὶ
2737 2735 2835 2804 τὴν
2859 2735 3096 2802 ἀγωνίαν
3127 2735 3283 2803 ἀφεὶς
3305 2736 3404 2805 τὴν
3435 2727 3570 2805 π’ρδς
3609 2734 3700 2788 τὸν
3724 2734 4010 2799 ἀντίδικον,
4066 2743 4067 2746 “

2445 2820 2637 2871 ἀστεῖα
2661 2819 2983 2888 φθέγγεται;
3020 2813 3353 2891 Ἐᾧέστηκεν
3382 2824 3411 2874 ό
3434 2821 3697 2884 διάϐολος,
3727 2822 4012 2891 περιέρχε-

2442 2923 2532 2960 ται
2576 2907 2883 2977 ὠρυόμενος
2916 2909 3008 2961 τοῦ
3037 2910 3297 2979 ἁρπάσαι.
3324 2909 3522 2969 ,πάντα
3551 2911 3690 2963 κινεῖ
3717 2910 3812 2962 καὶ
3835 2911 4011 2964 πάντα

2444 2996 2663 3064 στρέφει
2701 2997 2841 3050 κατά
2878 2997 2976 3066 τῆς
2997 2999 3094 3067 σῆς
3129 2998 3387 3067 κεφαλῆς,
3431 2998 3526 3051 καὶ
3567 3001 3872 3068 μηχανᾶται
3918 3000 4013 3066 τῆς

2443 3082 2635 3144 καλιᾶς
2675 3100 2734 3136 σε
2779 3083 3046 3148 ἐκϐαλεῖν,
3078 3085 3252 3154 τρίζει
3289 3085 3416 3147 τοὺς
3442 3085 3678 3149 ὀδόντας,
3728 3084 4012 3155 βρυχᾶται,

2442 3168 2552 3239 πῦρ
2575 3172 2696 3221 πνεῖ
2716 3170 2854 3221 κατὰ
2870 3172 2969 3239 τῆς
2998 3173 3271 3240 σωτηρίας
3290 3171 3388 3240 τῆς
3407 3170 3507 3240 σῆς
3526 3185 3539 3198 ·
3567 3171 3658 3222 καὶ
3685 3173 3747 3224 σὺ
3772 3170 4012 3241 κάθησαι

2443 3255 2632 3308 ἀστεῖα
2661 3256 2854 3322 λέγων,
2887 3257 2982 3309 καὶ
3031 3257 3376 3324 μωρολογῶν,
3406 3257 3592 3310 καὶτὰ
3624 3256 3699 3326 μὴ
3743 3257 4017 3326 ἀνήκοντα

2444 3341 2807 3410 φθεγγόμενος
2827 3360 2843 3407 ;
2864 3342 3056 3395 οὐκοῦν
3077 3342 3254 3404 καλῶς
3275 3343 3437 3396 αὐτοῦ
3463 3343 3837 3412 περιγενέσθαι
3855 3343 4018 3412 δυνή-

2444 3443 2546 3496 σῃ;
2599 3427 2890 3496 Παίζομεν,
2928 3429 3215 3495 ἀγαπητοί.
3246 3429 3433 3489 Βούλει
3468 3428 3657 3496 μαθεῖν
3701 3428 3809 3481 τῶν
3841 3429 4017 3497 ἁγίων

2441 3512 2536 3583 τὴν
2557 3512 2866 3582 διαγωγήν;
2897 3512 3058 3565 ἄκουε
3082 3514 3293 3572 Παύλου
3318 3514 3564 3580 λέγοντος
3583 3531 3596 3544 ³
3628 3517 3891 3581 Τριετίαν
3912 3516 4018 3568 νύ·

2442 3615 2554 3651 κτα
2595 3599 2693 3651 καί
2735 3599 2964 3666 ⁴ἡμέραν
3000 3601 3112 3652 οὐκ
3153 3600 3514 3669 ἐπαυσάμην
3548 3601 3700 3668 μετὰ
3739 3601 4018 3670 δακρύων

2441 3683 2739 3738 νουθετῶν
2761 3685 2869 3737 ἕνα
2889 3684 3152 3738 ἕκαστον
3177 3684 3364 3753 ὑμῶν.
3397 3685 3460 3739 Et
3484 3687 3541 3739 δέ
3567 3688 3706 3758 ὑπὲρ
3734 3688 4020 3756 Μιλησίων

2444 3773 2538 3824 καὶ
2582 3771 2843 3840 Ἐφεσίων
2870 3771 3107 3842 τοσαύτῃ
3131 3773 3398 3842 ἐχρήσατο
3428 3773 3651 3841 σπουδῇ,
3676 3772 3797 3842 οὐχὶ
3826 3775 4018 3827 ἀστεῖα

2443 3858 2634 3926 λέγων,
2662 3859 2797 3912 ἀλλὰ
2837 3859 2975 3929 μετὰ
3003 3860 3254 3930 δακρύων
3284 3859 3382 3926 τὴν
3409 3859 3689 3912 νουθεσίαν
3720 3863 4016 3930 εἰσφέρων,

2444 3945 2498 3997 τί
2514 3945 2764 4013 περὶτῶν
2783 3945 2958 3998 ἀλλων
2969 3945 3110 3996 εῖποι
3121 3951 3206 4007 τις
3218 3944 3303 4010 ἀν;
3326 3947 3521 3998 Ἄκουε
3533 3945 3588 3998 δέ
3601 3947 3694 3999 καὶ
3709 3947 4020 4014 Κορινθίοις

2443 4031 2496 4082 τί
2528 4044 2721 4100 φησιν·
2761 4032 2855 4083 Ἐκ
2885 4027 3123 4096 πολλῆς
3149 4030 3410 4097 θλίψεως
3447 4029 3547 4085 καί
3575 4029 3849 4098 συνοχῆς
3875 4047 4022 4097 καρ-

2441 4114 2821 4182 δίαςέτραψα
2845 4113 2982 4182 ὑμῖν
3000 4114 3097 4166 διὰ
3120 4112 3368 4167 πολλῶν
3380 4114 3655 4180 δακρύων
3674 4131 3688 4146 ·
3711 4116 3808 4166 καὶ
3826 4116 4015 4170 πάλιν·

2448 4203 2544 4265 Τίς
2569 4201 2830 4264 ἀσθενεῖ,
2858 4203 2954 4255 καί
2982 4203 3092 4255 οὐκ
3118 4199 3386 4265 ἀσθενῶ;
3417 4203 3509 4266 τίς
3530 4200 4021 4268 σκανδαλίζεται,

2444 4288 2543 4339 καὶ
2561 4290 2671 4340 οὐκ
2692 4288 2807 4356 ἐγὼ
2831 4287 3159 4355 πιφοῦμαι;
3179 4289 3377 4340 Ἄκουε
3399 4288 3456 4341 δέ
3476 4288 3641 4340 αὐτοῦ
3665 4289 3761 4341 καὶ
3777 4288 4020 4358 ἀλλαχοῦ

2443 4374 2709 4441 λέγοντος,
2732 4375 2824 4427 καὶ
2838 4373 2959 4427 καθ’
2972 4375 3209 4442 ἑκάστην
3226 4373 3457 4443 ἡμέραν,
3478 4374 3553 4433 ὥς
3568 4375 3762 4438 είπεῖν,
3778 4374 4020 4439 ἐξελθεῖν

2444 4462 2510 4513 ἐκ
2529 4459 2618 4512 τοῦ
2639 4461 2843 4528 κόσμου
2862 4459 3256 4528 ἐπιθυμοῦντος
3273 4476 3288 4491 ·
3302 4458 3415 4513 ’Καὶ
3435 4460 3546 4529 τὰρ
3573 4457 3745 4527 ἡμεῖς
3764 4463 3818 4513 οί
3838 4459 4021 4526 ὄντες

2442 4545 2607 4611 ἐντῷ
2625 4547 2858 4612 σκήνει,
2883 4547 3263 4617 στενάζομεν.
3293 4547 3366 4602 Σὺ
3387 4547 3442 4600 δέ
3455 4547 3616 4616 γελᾷς
3640 4547 3734 4600 καὶ
3758 4546 3979 4611 παίζεις
4006 4565 4020 4612 ;

2444 4634 2680 4704 πολέμου
2715 4635 2923 4704 καιρὸς,
2952 4635 3047 4688 καὶ
3077 4636 3141 4688 σὺ
3164 4635 3232 4688 τὰ
3256 4635 3364 4687 τῶν
3390 4635 3720 4706 χορευόντων
3753 4649 4022 4705 μεταχει-

2446 4719 2600 4792 ρίζῃς
2630 4721 2740 4790 Οὐχ
2772 4722 2904 4792 δρᾷς
2935 4721 3044 4773 τῶν
3064 4721 3441 4792 πολεμούντων
3466 4721 3536 4774 τὰ
3563 4722 3850 4794 πρόσωπα,
3895 4721 4024 4785 πῶς

2442 4807 2549 4858 είσι
2579 4805 2898 4875 σκυθρωπὰ,
2921 4807 3036 4877 πῶς
3073 4808 3405 4877 συνηγμένα,
3432 4807 3604 4877 ὀφρῦς
3623 4807 3732 4876 γὰρ
3762 4807 3892 4876 παρ’
3916 4810 4024 4862 αὐ-

2440 4892 2551 4955 τοῖς
2577 4892 2783 4963 φοϐερὰ
2812 4893 2905 4946 καὶ
2931 4893 3131 4964 φρίκης
3153 4894 3414 4964 γέμουσα.
3444 4893 3605 4963 Ὁρᾷς
3628 4893 3779 4962 δμμα
3805 4894 4022 4966 αὐστηο

2444 4983 2558 5050 ρὸν,
2598 4982 2824 5051 καρδίαν
2854 4982 3286 5054 διεγηγερμένην
3324 4983 3417 5037 καὶ
3449 4981 3704 5051 πηδῶσαν
3734 4981 3827 5034 καὶ
3852 4981 4024 5036 ἀλλο-

2445 5072 2634 5142 μένην,
2653 5069 2810 5142 [ιει]
2831 5072 3167 5142 συνηγμένον
3182 5071 3598 5141 νοῦν,τρέμοντα
3619 5069 3712 5122 καὶ
3733 5071 4026 5137 ἀγωνιῶν.

2440 5175 2528 5220 τα,
2544 5157 2739 5228 πολλὴν
2753 5157 2849 5228 τὴν
2859 5157 3132 5224 εὐταξίαν,
3149 5146 3345 5226 πολλὴν
3361 5157 3458 5227 τὴν
3471 5154 3790 5234 εὐρυθμίαν,
3806 5157 4024 5225 πολλὴν

2441 5245 2539 5314 τὴν
2570 5238 2727 5316 σιγὴν
2772 5247 2829 5299 ἐν
2862 5246 2973 5306 τοῖς
3005 5242 3420 5315 στρατοπέδοις·
3450 5237 3720 5311 οὐλέγω,
3747 5241 3891 5295 ὥστε
3925 5247 4024 5297 αι-

2442 5331 2603 5401 σχρὸν
2633 5329 2785 5402 ῥῆμα
2801 5331 2875 5400 μὴ
2897 5331 3090 5391 είπεῖν,
3119 5329 3253 5383 ἀλλά
3284 5329 3419 5400 μηδὲ
3442 5325 3628 5389 ἁπλῶς
3651 5325 4023 5396 φθέγξασθαι.

2443 5419 2504 5471 Εἰ
2536 5417 2643 5486 γὰρ
2677 5418 2811 5487 πρὸς
2842 5416 3131 5487 αἰσθητοὺς
3166 5416 3379 5486 έχοντες
3416 5414 3696 5484 πολεμίως
3721 5412 3748 5452 δ
3787 5404 4030 5480 ἐκεῖνοι,

2500 5653 2529 5692 δ
2557 5653 2863 5715 Legendum,
2898 5651 3314 5717 inquitDunaus,
3337 5653 3376 5702 τί
3400 5653 3452 5701 δέ
3471 5652 3588 5714 πρὸς
3607 5651 3733 5700 add.
3755 5648 3830 5711 ιχ.
3852 5665 3901 5700 α.
3929 5653 4024 5702 τὸν

2441 5716 2622 5775 ἀγῶνα.
