4096 6310
149 369 254 423 ΗΊ

147 485 369 547 dilexit;
397 491 455 536 tu
481 480 644 551 dilige
669 481 899 535 amicum
922 497 934 531 :
970 479 1076 530 ἱιιιο
1102 494 1231 532 vero
1273 493 1369 531 nec
1395 479 1470 530 sic
1503 477 1724 545 poteris,

1006 365 1069 420 IN
1111 364 1327 420 EI’IST.
1370 367 1462 419 AD
1502 365 1741 421 EPIIES.
1783 365 1940 421 CAP.
1984 368 2044 422 V.
2087 367 2315 424 HOMIL.
2356 369 2520 429 XVII.

3332 379 3428 436 118

1848 492 2152 534 sermonem
2185 496 2239 538 et
2267 485 2649 540 scurrilitatem
2677 501 2796 555 qua:
2837 497 2921 542 est
2949 489 3249 545 vehiculum
3277 506 3429 551 won-1-

147 575 241 630 sed
265 575 349 628 fac
374 583 432 627 ut
469 582 646 643 potes.
675 572 862 639 Papae!
904 570 1029 640 quid
1059 570 1158 648 hac
1193 584 1323 623 voce
1354 568 1586 636 potuerit
1611 583 1732 621 esse
1843 567 2077 624 talionis.
2107 572 2160 624 4.
2196 570 2624 649 Etturpitudoet
2650 568 3020 647 stultiloquium
3049 590 3098 634 et
3119 585 3425 648 scurrilitas.

147 665 396 722 beatius?
424 664 646 718 Etiamsi
676 677 897 731 regnum
928 662 1148 726 dixeris,
1188 660 1404 730 etiamsi
1430 658 1725 729 quodlibet,

147 771 256 810 non
301 762 432 810 sunt
482 753 651 823 paria.
697 752 866 807 Deum
909 751 1169 815 imitaris,
1221 751 1332 805 Deo
1378 750 1727 816 assimilaris,

145 843 364 913 quando
416 843 492 900 illi
537 841 946 896 condonaveris.
993 840 1158 910 Magis
1200 851 1324 895 sunt
1377 839 1726 894 condonanda

145 944 364 1001 παλαια
392 947 550 1002 quam
582 932 840 1001 pecuniaz.
870 931 1003 986 Nam
1027 931 1281 1000 pecunias
1305 930 1519 1000 quidem
1546 930 1590 984 si
1607 944 1727 984 eon-

143 1025 386 1087 donaris.
417 1025 582 1079 Deum
614 1040 734 1080 non
760 1023 1016 1087 innitaris;
1067 1031 1286 1092 peccata
1312 1032 1490 1076 autem
1519 1021 1562 1075 si
1588 1036 1725 1076 cou-

139 1115 385 1179 donaris,
412 1115 636 1170 imitaris
662 1115 845 1169 Deum.
877 1099 982 1168 Sed
999 1112 1268 1182 quomodo
1296 1112 1498 1182 poteris
1523 1113 1721 1166 dicere:

138 1204 272 1259 Sum
304 1219 505 1274 pauper
528 1219 628 1257 nec
664 1217 878 1272 possum
923 1202 1251 1265 condonare,
1303 1201 1517 1272 quando
1559 1203 1721 1257 etiam

142 1308 260 1361 qua!
276 1303 427 1362 potes
445 1292 775 1356 condonare,
802 1308 905 1346 non
928 1293 1224 1354 eondouas,
1240 1301 1294 1346 et
1315 1303 1468 1360 putas
1494 1305 1613 1346 esse
1633 1292 1726 1346 da-

141 1400 350 1449 mnum,
375 1400 480 1437 non
502 1383 738 1446 divitias,
767 1398 874 1438 non
915 1375 1192 1436 facultates
1215 1391 1272 1437 et
1299 1383 1521 1451 copias?
1545 1380 1722 1436 Estote

139 1492 259 1544 ergo
279 1476 556 1528 imitatores
591 1473 702 1527 Dei.
738 1474 874 1528 Ecce
899 1473 1002 1527 alia
1029 1487 1243 1543 quoque
1278 1473 1590 1541 generosior
1619 1487 1717 1525 ex-

139 1565 393 1619 hortatio.
427 1564 575 1619 Sicut
618 1564 716 1633 filii
743 1563 1009 1627 carissimi,
1051 1562 1246 1632 inquit.
1285 1561 1456 1616 Aliam
1511 1561 1717 1616 habetis

139 1655 513 1709 necessitatem
537 1653 652 1722 ejus
699 1651 959 1718 imitandi,
989 1667 1093 1706 non
1121 1651 1293 1706 solum
1321 1667 1387 1704 eo
1415 1651 1556 1719 quod
1599 1652 1718 1705 sitis

130 1745 314 1798 allecti
340 1743 632 1807 beneﬁciis,
654 1745 745 1796 sed
769 1751 826 1797 et
844 1741 985 1811 quod
1007 1739 1126 1795 facti
1154 1741 1271 1795 sitis
1295 1740 1406 1796 lilii.
1433 1740 1716 1810 Tamquam

127 1837 232 1903 ﬁlii
259 1837 526 1890 carissimi.
567 1833 700 1889 Nam
737 1835 989 1905 quoniam
1022 1849 1128 1886 non
1158 1847 1346 1887 omnes
1377 1832 1473 1886 filii
1505 1834 1717 1888 imitan~

126 1939 218 1981 tur
247 1937 448 1996 patres,
476 1925 570 1982 sed
596 1926 685 1996 qui
713 1935 840 1982 sunt
862 1925 1062 1989 dilecti,
1091 1933 1371 1993 propterea
1394 1925 1542 1990 dicit,
1567 1925 1716 1979 Tam-

124 2034 283 2085 quam
305 2016 610 2083 ﬁliidilecti,
628 2015 897 2069 Ambulatc
921 2016 974 2068 in
995 2015 1282 2069 dilectione.
1308 2015 1444 2070 Ecce
1474 2016 1712 2070 omnium

125 2107 561 2161 fundamentum.
592 2105 717 2160 Haec
745 2105 791 2160 si
816 2105 906 2171 sit,
939 2119 1047 2158 non
1075 2113 1157 2158 est
1183 2105 1262 2158 ira
1291 2119 1390 2159 nec
1421 2105 1714 2174 indignatio

123 2217 230 2257 uec
264 2201 469 2253 clamor
493 2213 593 2252 nec
619 2197 974 2266 blaSphemia,
1003 2197 1096 2251 sed
1126 2196 1334 2251 sublata
1357 2206 1482 2250 sunt
1502 2196 1709 2251 omnia.

126 2291 192 2350 Et
225 2291 353 2344 ideo
380 2298 540 2358 caput
568 2298 622 2343 et
654 2303 916 2346 summam
946 2289 1094 2357 ponit
1122 2287 1406 2356 posterius.
1435 2285 1710 2342 Uudenam

126 2381 300 2435 tactus
326 2397 385 2434 es
415 2379 586 2434 tilias?
610 2379 868 2446 Quoniam
893 2379 992 2434 fuit
1018 2380 1112 2433 tibi
1135 2379 1514 2435 condonatum.
1539 2378 1616 2437 Ex
1646 2393 1713 2433 eo

123 2471 480 2526 fundamento
503 2485 572 2525 ex
597 2486 707 2540 quo
730 2470 975 2541 dignatus
1002 2485 1063 2524 es
1094 2454 1241 2525 lauto
1268 2468 1494 2532 honore,
1523 2483 1590 2523 ex
1611 2483 1708 2523 eo-

120 2564 250 2616 dem
281 2564 442 2616 etiam
463 2562 707 2616 condooa
738 2561 999 2630 proximo.
1031 2562 1125 2614 Dic
1145 2562 1274 2615 mihi
1295 2571 1472 2614 autem
1495 2578 1507 2612 :
1532 2561 1574 2614 si
1592 2562 1711 2630 quis

123 2663 177 2706 te
203 2668 329 2706 cum
357 2667 507 2706 esses
534 2654 760 2718 vinctus,
786 2663 840 2706 et
863 2653 1129 2706 obnoxius
1160 2653 1313 2705 malis
1351 2653 1712 2706 innumerabi-

121 2741 288 2805 libus,
319 2738 538 2794 adduxit
566 2740 633 2794 ad
663 2744 899 2810 regiam:
930 2740 1014 2796 vel
1043 2741 1216 2808 potius
1238 2740 1339 2793 hoc
1355 2731 1705 2794 dimittamus:

121 2831 167 2883 si
191 2831 315 2899 quis
363 2841 413 2884 te
456 2830 846 2884 febricitantem
875 2841 930 2884 et
959 2830 1139 2890 animo
1165 2830 1500 2890 deiicientem
1529 2831 1708 2900 aliquo

114 2919 353 2986 iuvisset
371 2920 783 2984 medicamento,
801 2935 979 2972 sitnon
996 2919 1172 2988 ipsum
1193 2914 1520 2988 praetulisses
1533 2924 1709 2980 omni-

121 3011 243 3073 bus,
289 3019 344 3061 et
381 2992 552 3075 ipsum
584 3025 778 3062 nomen
804 3009 1216 3067 medicamenti?
1247 3010 1377 3066 Nam
1406 3012 1450 3065 si
1477 3011 1531 3072 in
1575 3021 1708 3066 tem.-

119 3116 253 3168 pora
283 3110 339 3154 et
360 3101 495 3165 loca,
518 3115 617 3169 per
641 3116 760 3171 quae
785 3103 1089 3171 accepimus
1114 3103 1416 3165 utilitatem,
1438 3104 1508 3156 ita
1530 3103 1704 3164 allecti

119 3206 310 3244 silanus
357 3190 494 3245 sicut
536 3191 590 3243 in
632 3200 841 3244 nostras
882 3190 1109 3256 animas,
1142 3192 1309 3249 multo
1336 3193 1503 3262 magis
1534 3193 1584 3245 in
1618 3208 1705 3248 res

114 3280 282 3348 ipsas.
317 3279 405 3332 Sis
439 3289 644 3333 amator
668 3280 934 3345 caritatis;
979 3295 1074 3348 per
1099 3281 1265 3348 ipsam
1300 3290 1620 3350 assequutus
1647 3296 1706 3335 es

113 3370 371 3430 salutem,
401 3385 498 3438 per
519 3370 685 3436 ipsam
715 3369 886 3428 factus
911 3385 970 3423 es
997 3370 1167 3434 illius;
1199 3380 1248 3423 et
1279 3370 1324 3432 si
1355 3372 1589 3438 potueris
1617 3372 1702 3426 al-

112 3459 216 3512 teri
243 3458 441 3512 aﬂ'erre
469 3459 716 3522 salutem,
743 3474 847 3513 non
872 3459 1065 3516 eodem
1092 3461 1260 3521 uteris
1286 3462 1696 3528 medicamento,

109 3559 171 3602 et
193 3548 502 3605 ltortaberis
524 3564 732 3614 «mines,
763 3551 1056 3614 Rctnittite,
1088 3560 1145 3605 ιιι
1174 3553 1477 3606 remittatur
1511 3554 1703 3607 vobis?

113 3639 232 3694 Hoc
259 3649 346 3692 est
374 3650 646 3708 gratorum
678 3642 976 3694 animorum
1000 3651 1057 3695 et
1085 3641 1329 3695 beneﬁcii
1375 3658 1697 3707 memorum,

113 3732 187 3785 ita
213 3731 490 3786 adhortari
520 3741 603 3786 est
635 3733 986 3802 ingenuorum
1017 3741 1073 3787 et
1117 3747 1519 3806 generosorum.
1555 3734 1701 3789 Sicut

111 3833 159 3875 et
186 3824 420 3878 Christus
449 3824 624 3876 dilexit
653 3840 763 3888 nos,
806 3824 994 3893 inquit.
1036 3824 1114 3876 Tu
1159 3824 1332 3893 parcis
1360 3825 1568 3891 amicis,
1611 3826 1701 3880 ille

114 3912 350 3967 inimicis
389 3930 401 3964 :
434 3923 517 3966 est
553 3928 680 3982 ergo
707 3912 877 3966 multo
915 3913 1089 3983 majus
1130 3915 1271 3982 quod
1317 3914 1515 3968 factum
1562 3926 1641 3970 est
1668 3932 1698 3970 a

113 4004 369 4056 Domino.
401 4001 531 4055 Illud
560 3995 727 4068 enim,
753 4001 916 4068 Sicut,
953 4003 1166 4063 ubinam
1192 4006 1581 4064 conservatur?
1604 4021 1696 4065 au-

113 4110 222 4148 uon
251 4093 595 4162 perspicuum
618 4093 783 4163 quod,
816 4094 860 4147 si
884 4093 1019 4155 bene
1049 4093 1306 4149 faciamus
1335 4096 1600 4159 inimicis?
1630 4098 1699 4161 Et

112 4184 326 4236 tradidit
352 4184 673 4250 setnctipsum
703 4182 1004 4238 oblationem
1031 4192 1077 4235 rt
1104 4184 1318 4238 hostiam
1351 4187 1453 4245 Deo
1491 4188 1542 4239 in
1568 4189 1697 4239 odo-

38 4333 40 4338 ι
113 4291 222 4330 rcus
244 4275 535 4334 uocantis.
569 4273 730 4327 Vides
755 4273 896 4343 quod
926 4283 1139 4342 passum
1169 4290 1289 4330 esse
1332 4292 1428 4344 pro
1470 4279 1698 4335 inimicis

111 4377 199 4422 est
222 4367 363 4421 odor
389 4366 589 4431 suavis,
620 4365 792 4420 hostia
819 4375 965 4436 grata
987 4377 1041 4421 et
1065 4369 1324 4437 accepta?
1350 4369 1404 4424 Si
1429 4374 1694 4434 moriaris,

113 4469 245 4511 tunc
269 4455 382 4510 eris
407 4454 613 4508 hostia:
644 4455 746 4509 hoc
771 4468 854 4510 est
883 4457 1045 4510 Deum
1076 4457 1292 4514 imitari.
1316 4460 1369 4513 5.
1403 4458 1699 4514 Fornicatio

109 4555 306 4611 autem,
335 4556 384 4597 et
411 4538 591 4598 omnis
610 4547 948 4610 inmunditia,
980 4558 1066 4600 aut
1095 4549 1331 4615 avaritia,
1362 4566 1452 4602 nec
1481 4551 1700 4612 nomine-

113 4647 202 4688 tur
217 4635 273 4688 in
299 4634 458 4699 vobis,
487 4635 614 4687 sicut
641 4635 778 4688 decet
804 4646 1030 4692 sanctos.

187 4725 608 4793 Concupisccntia
635 4728 800 4780 minus
827 4728 1017 4780 malum
1057 4744 1207 4794 quam
1250 4731 1348 4784 ira.
1366 4761 1436 4770 -—
1459 4732 1602 4786 Dixit
1631 4734 1699 4795 de

113 4831 298 4868 amara
326 4815 630 4882 affectione,
665 4831 856 4884 nempe
882 4817 949 4875 de
981 4819 1088 4882 ira;
1117 4820 1262 4873 venit
1283 4821 1347 4874 ad
1370 4823 1544 4875 minus
1581 4840 1697 4877 ma-

113 4908 246 4959 lum.
271 4904 402 4958 Nam
421 4906 561 4973 quod
580 4907 1010 4974 concupiscentia
1040 4909 1108 4962 sit
1136 4911 1312 4964 minus
1337 4911 1550 4976 malmn,
1573 4913 1697 4966 audi

109 4996 278 5047 etiam
307 4993 543 5061 Moyscm
568 4993 836 5050 dicentem
868 4995 918 5048 in
943 4997 1079 5065 lege,
1111 4997 1374 5066 primum:
1410 5000 1527 5053 Non
1561 5001 1698 5054 ecci-

115 5091 222 5148 des,
251 5084 395 5152 quod
417 5095 502 5137 est
521 5084 646 5147 ira;
675 5095 730 5137 et
755 5085 968 5150 deinde,
1007 5086 1124 5140 Non
1154 5091 1476 5144 nime/laberis
1498 5091 1695 5158 (Exod.

114 5177 201 5234 20.
260 5176 347 5232 l3.
400 5176 510 5243 ιι),
542 5175 682 5242 quod
715 5187 804 5232 est
847 5180 1312 5242 coimupiscentize.
1360 5182 1508 5238 Sicut
1555 5186 1697 5239 cuitu

113 5265 425 5320 amaritudo
451 5276 509 5318 et
531 5269 732 5321 clamor
757 5279 810 5322 et
836 5271 1007 5323 omnis
1038 5273 1234 5324 malitia
1262 5282 1316 5325 et
1347 5276 1693 5342 hlaSphemia,

110 5371 165 5410 et
205 5373 332 5426 qua:
379 5366 505 5414 sunt
554 5357 873 5424 hujusmodi,
906 5370 1028 5414 Sunt
1053 5362 1213 5416 anitni
1243 5371 1296 5415 et
1323 5364 1583 5419 irascendi
1617 5367 1697 5421 fa-

111 5447 370 5502 cultatis:
400 5449 470 5500 ita
516 5457 573 5501 et
609 5450 1020 5518 cuncupiscendi
1051 5452 1344 5520 facultatis,
1389 5456 1694 5521 iornieatio,

114 5538 481 5600 inmunditia,
505 5549 559 5592 et
587 5542 843 5595 avaritia:
873 5559 994 5612 nam
1033 5545 1219 5598 eadem
1252 5563 1308 5601 re
1340 5563 1581 5603 amamus
1610 5568 1699 5619 pe-

115 5634 301 5682 cunias
328 5637 385 5681 et
403 5642 648 5697 corpora.
678 5631 784 5684 Sed
802 5633 936 5685 sicut
959 5635 1065 5688 illic
1081 5639 1371 5704 amputavit
1387 5640 1698 5707 clamorem,

119 5727 170 5767 ul
192 5722 283 5789 qui
313 5721 385 5773 sit
413 5719 508 5773 ira:
535 5720 859 5786 vehiculum,
893 5725 961 5777 ita
991 5741 1131 5779 nunc
1154 5742 1364 5797 quoque
1386 5729 1696 5790 obsctrnum

439 5820 709 5889 Parnm.
754 5824 870 5886 Gn.
924 5821 1105 5886 LXII.

1798 713 1802 718 _
1836 672 1952 721 que
1976 659 2046 714 ad
2073 677 2179 714 rem
2210 679 2308 719 non
2337 664 2731 733 pertinentﬁed
2762 668 2924 738 magis
2947 669 3230 740 gratiarum
3264 674 3417 735 actio.

1837 745 1914 800 Ne
1940 745 2141 804 dixeris
2177 750 2400 809 facetias
2441 769 2539 809 nec
2565 757 2762 827 turpia,
2808 772 2909 814 nec
2945 758 3157 826 feceris,
3186 771 3241 819 et
3269 760 3422 818 natu-

1835 851 1976 895 mam
2003 839 2332 910 exstingues.
2364 841 2476 900 Nec
2497 846 2802 912 nominetur,
2827 847 3016 919 inquit,
3047 850 3104 908 in
3129 851 3303 914 nobis:
3322 853 3424 913 hoc

1832 939 1934 994 est,
1969 926 2039 987 ne
2059 949 2286 1002 usquam
2316 935 2533 1004 quidem
2563 949 2842 1007 appareat.
2869 939 2983 996 [loc
3008 944 3169 999 etiam
3207 944 3423 1010 dicebat

1831 1022 2078 1077 scribens
2096 1025 2160 1080 ad
2184 1010 2489 1084 Corinthios
2514 1046 2525 1080 :
2553 1026 2772 1083 Omnino
2811 1032 3019 1086 auditur
3051 1035 3182 1090 inter
3206 1049 3295 1090 vos
3311 1037 3418 1105 [or-

1830 1111 2019 1165 nicatio
2047 1113 2122 1181 (l.
2155 1113 2273 1168 Cor.
2303 1117 2354 1172 5.
2392 1119 2464 1186 l).
2498 1117 2611 1175 Hoc
2659 1129 2763 1187 est,
2808 1118 2938 1180 Sitis
2981 1137 3172 1178 omnes
3209 1125 3416 1187 mundi.

1827 1196 2116 1257 Sermones
2138 1204 2279 1258 extim
2311 1217 2436 1260 sunt
2463 1209 2560 1261 vire
2597 1224 2800 1264 rerum.
2849 1211 3050 1275 Deinde
3081 1227 3148 1270 ne
3174 1213 3416 1273 videatur

1829 1303 1949 1344 esse
1972 1295 2148 1360 gravis
2169 1305 2222 1349 et
2241 1295 2600 1364 importunus,
2620 1308 2675 1355 et
2693 1301 3010 1358 exscindere
3033 1301 3412 1368 urbanitatem,

1825 1380 2281 1448 subjuuxitetiam
2307 1403 2546 1455 causam,
2570 1388 2790 1444 dicens:
2821 1390 2949 1456 Qua:
2964 1393 3032 1445 ad
3051 1408 3155 1446 rem
3181 1410 3282 1447 non
3300 1412 3419 1464 pcr-

1827 1471 2007 1535 tinent,
2035 1489 2154 1542 quze
2182 1487 2361 1532 nostra
2392 1477 2523 1533 nihil
2555 1478 2819 1550 referunt,
2867 1481 3063 1552 inquit,
3115 1483 3208 1544 sed
3253 1486 3415 1563 magis

1823 1563 2103 1628 gratiarum
2140 1568 2411 1623 actionem.

1892 1649 1948 1707 2.
1977 1652 2112 1718 Quid
2166 1657 2382 1723 prodest
2407 1658 2607 1728 aliquid
2660 1660 2922 1721 urbanum
2982 1664 3410 1730 diceretsoluru

1825 1755 2014 1795 moves
2060 1743 2250 1800 risum.
2281 1747 2371 1801 Die
2393 1749 2524 1806 mihi
2550 1769 2562 1803 :
2588 1761 2742 1826 sutor
2769 1751 3000 1810 facietne
3021 1757 3221 1826 aliquid
3251 1774 3315 1816 ex
3345 1761 3411 1821 iis

1821 1847 1941 1901 qua:
1966 1834 2034 1888 ad
2059 1845 2228 1890 artem
2279 1852 2433 1898 suam
2463 1857 2569 1899 non
2621 1845 2912 1911 pertinent,
2968 1856 3064 1900 aut
3110 1848 3410 1916 possidebit

1795 1935 1798 1939 '
1821 1922 2031 1992 aliquod
2055 1926 2322 1994 ejusmodi
2365 1930 2780 1989 instrumentum
2806 1934 2830 1987 ?
2859 1933 3204 2004 Nequaquam
3237 1957 3250 1992 :
3278 1953 3405 2000 nam

1818 2027 1939 2082 qum
1961 2029 2066 2066 non
2097 2025 2220 2072 sunt
2238 2018 2291 2070 iu
2317 2033 2436 2082 usu,
2461 2035 2523 2074 ea
2549 2021 2682 2075 nihil
2714 2022 2778 2075 ad
2803 2039 2924 2077 nos.
2983 2024 3171 2087 Nullus
3194 2027 3261 2080 sit
3290 2042 3406 2089 ser-

1821 2118 1908 2156 mo
1935 2105 2140 2159 otiosus
2182 2123 2194 2158 :
2230 2123 2351 2165 nam
2395 2109 2462 2161 ab
2482 2112 2657 2166 otioso
2706 2127 2956 2168 sermone
2981 2115 3322 2178 inabsurdos
3351 2117 3404 2178 et

1829 2192 2169 2261 importunos
2185 2196 2504 2258 decidimus.
2535 2201 2651 2258 Non
2680 2211 2762 2256 est
2787 2218 3030 2275 praesens
3056 2215 3268 2276 tempus
3296 2209 3396 2270 dii”-

1819 2282 1949 2336 lusa:
1975 2284 2199 2350 lmtitize,
2231 2289 2326 2345 sed
2352 2291 2544 2359 luctus,
2568 2292 2941 2360 afﬂictionum,
2973 2298 3306 2365 etcjulatus:
3345 2314 3398 2360 tu

1818 2382 1999 2428 autem
2036 2376 2103 2453 Lin
2151 2377 2310 2436 dictis
2340 2379 2526 2435 iacetis
2554 2391 2762 2450 tempus
2809 2385 2982 2441 teris?
3032 2387 3160 2453 Quis
3200 2389 3402 2452 athleta

1817 2464 2048 2520 stadium
2101 2469 2414 2538 ingressus,
2461 2475 2624 2528 missa
2673 2475 3040 2532 sollicitudine
3090 2479 3404 2547 decertandi

1816 2568 1938 2609 cum
1999 2556 2333 2625 adversario,
2385 2563 2583 2618 urbana
2615 2575 2669 2620 et
2695 2566 2866 2622 faceta
2917 2570 3080 2627 verba
3115 2572 3403 2643 loquitur?

1801 2646 1986 2720 instat
2015 2651 2283 2718 diabolus,
2312 2655 2503 2711 circuit
2549 2659 2778 2726 ululans,
2821 2677 3069 2729 qua-nens
3099 2668 3344 2736 ntrapiat
3378 2713 3396 2736 ρ

1777 2765 1780 2772 -
1815 2743 1995 2794 omnia
2023 2754 2222 2808 movet,
2251 2755 2305 2802 et
2336 2747 2386 2799 in
2412 2759 2576 2816 caput
2601 2758 2750 2806 tuum
2776 2755 2935 2807 vertit
2960 2754 3166 2822 omnia,
3199 2767 3254 2816 et
3280 2737 3400 2817 iuo-

1815 2829 1942 2883 litur
1970 2841 2028 2884 ut
2054 2845 2109 2886 te
2145 2849 2181 2891 e
2208 2836 2338 2893 nido
2387 2838 2595 2906 ejiciat,
2643 2840 2894 2912 dentibus
2932 2847 3167 2915 stridet,
3222 2853 3392 2919 rugit,

1817 2920 1994 2989 ignem
2042 2925 2209 2992 spirat
2262 2927 2525 2984 adversus
2577 2940 2720 2986 tuam
2777 2934 3005 2993 salutem
3033 2955 3045 2989 :
3073 2948 3212 2998 ettu
3242 2942 3398 3001 sedes

1816 3015 2016 3069 urbana
2037 3025 2090 3070 et
2111 3016 2279 3071 faceta
2312 3020 2471 3073 verba
2518 3022 2723 3089 dicens,
2749 3034 2801 3077 et
2840 3028 3002 3085 stulta
3057 3030 3314 3099 loquens,
3342 3043 3398 3090 «ιι

1813 3120 1931 3172 qum
1952 3106 2021 3159 ad
2059 3123 2169 3161 rem
2202 3125 2308 3162 non
2339 3111 2609 3178 pertinent
2657 3113 2974 3180 proferens?
3021 3131 3239 3174 rectene
3267 3138 3396 3191 ergo

1815 3197 2017 3263 poteris
2042 3213 2167 3252 eum
2191 3204 2489 3267 superare?
2511 3203 2791 3270 Ludimus,
2815 3221 2848 3261 ο
2869 3208 3071 3268 dilecti.
3099 3211 3193 3266 Vis
3215 3213 3391 3272 disce-

1811 3301 1871 3340 re
1899 3303 2146 3356 quaenam
2173 3292 2243 3344 sit
2262 3302 2571 3352 salictorum
2615 3298 2738 3350 vita:
2773 3299 2994 3369 agenda:
3038 3301 3223 3362 ratio?
3260 3305 3384 3364 audi

1810 3377 2031 3432 Paulum
2091 3381 2382 3446 dicentem,
2425 3383 2527 3438 Per
2571 3388 2844 3442 triennium
2894 3403 3038 3446 rwcte
3075 3405 3121 3447 et
3159 3396 3241 3452 die
3287 3413 3388 3453 nou

1808 3471 1996 3522 cessavi
2018 3487 2134 3523 cmn
2177 3473 2416 3543 lacrymis
2474 3493 2704 3543 mouens,
2730 3498 3131 3554 unumquemque
3171 3499 3390 3543 vestrum

1809 3557 1972 3624 (Act.
1999 3559 2090 3615 .20.
2124 3563 2256 3644 3i).
2307 3564 2361 3618 Si
2427 3576 2606 3621 autem
2663 3586 2758 3637 pro
2801 3571 3022 3629 Milesiis
3047 3584 3102 3630 et
3145 3577 3391 3646 Ephesiis

1811 3657 1960 3702 tanto
1989 3664 2116 3703 usus
2135 3661 2218 3706 est
2245 3655 2444 3718 studio,
2472 3672 2577 3710 non
2627 3659 2827 3715 urbana
2866 3664 3087 3732 loquens
3108 3707 3123 3731 ,
3147 3667 3240 3720 sed
3269 3686 3388 3723 eum

1809 3736 2062 3808 lacrymis
2090 3739 2322 3798 aﬂ‘ereus
2363 3745 2781 3804 admonitionem
2807 3791 2821 3814 ,
2851 3753 2976 3822 quid
3004 3754 3070 3815 de
3094 3758 3211 3810 aliis
3236 3757 3387 3814 dixe-

1807 3825 1921 3879 ris?
1947 3829 2082 3881 Audi
2108 3832 2272 3884 etiam
2300 3833 2426 3900 quid
2455 3834 2597 3890 dicat
2626 3836 2919 3901 Corinthiis
2945 3861 2958 3896 :
3003 3843 3084 3898 Ea:
3113 3848 3270 3900 multa
3297 3851 3386 3906 tri-

1804 3916 2062 3970 bulatione
2095 3929 2143 3971 et
2171 3924 2413 3989 angustia
2433 3927 2604 3978 cordis
2623 3929 2804 3996 scripsi
2818 3933 2957 3987 vobis
2988 3950 3077 4000 per
3101 3937 3284 3991 multas
3314 3941 3380 3989 Iu-

1807 4024 2011 4076 crymas
2046 4008 2128 4080 (2.
2161 4010 2278 4063 Cor.
2307 4013 2363 4068 2.
2395 4015 2427 4066 4
2454 4015 2508 4082 );
2537 4026 2590 4069 et
2618 4016 2803 4073 rursus
2822 4061 2835 4081 ,
2869 4022 2999 4088 Quis
3043 4025 3338 4094 inﬁrmatur
3364 4071 3383 4093 ,

1807 4107 1853 4150 et
1890 4114 1982 4167 ego
2029 4114 2130 4160 non
2171 4101 2452 4168 inﬁrmat?
2492 4108 2604 4174 quis
2646 4110 3040 4173 scandalizatur,
3072 4127 3120 4168 et
3147 4133 3241 4186 ego
3280 4136 3383 4179 non

1805 4203 1927 4244 uror
1951 4186 2110 4257 (Ibid.
2143 4189 2335 4261 H.29)
2361 4193 2383 4244 ?
2408 4195 2542 4268 Audi
2583 4198 2741 4252 etiam
2769 4216 2890 4254 eum
2921 4203 3044 4255 alibi
3073 4204 3336 4260 dicentem
3367 4249 3384 4271 ,

1805 4288 1859 4332 et
1885 4283 2143 4348 quotidie,
2178 4294 2233 4338 ut
2263 4286 2334 4339 ita
2365 4286 2562 4350 dicam,
2588 4303 2652 4346 ex
2681 4290 2879 4348 unme
2904 4293 3135 4361 migrare
3161 4297 3385 4365 cupien-

1807 4380 1912 4424 tem
1945 4391 1957 4424 :
1991 4372 2124 4426 Nam
2153 4386 2200 4428 et
2234 4394 2323 4430 nos
2350 4379 2434 4446 qui
2462 4396 2634 4432 sumus
2660 4381 2711 4433 in
2739 4381 2831 4440 hoc
2878 4382 3219 4450 tabernaculo,
3244 4389 3386 4457 iuge-

1807 4463 2061 4516 miscimus
2110 4465 2296 4534 (Ibid.
2353 4469 2405 4523 5.
2435 4470 2524 4539 4).
2559 4469 2638 4528 Τιι
2691 4481 2864 4525 autem
2917 4473 3059 4527 rides
3105 4485 3160 4538 et
3201 4477 3383 4543 ludis?

1806 4563 1889 4608 est
1910 4564 2119 4623 tempus
2145 4557 2304 4624 belli,
2337 4572 2390 4613 et
2417 4572 2470 4613 tu
2498 4575 2558 4614 ea
2583 4571 2778 4616 tractas
2803 4580 2921 4632 qua:
2945 4576 3069 4626 sunt
3088 4582 3272 4622 eorum
3290 4572 3382 4641 qui

1806 4644 2010 4700 ducunt
2037 4649 2277 4703 choros?
2304 4651 2417 4706 Non
2441 4652 2589 4707 vides
2635 4656 2807 4711 vultus
2847 4671 3035 4711 eorum
3064 4661 3153 4729 qui
3187 4660 3383 4715 bellmn

1806 4748 2020 4806 gerunt,
2053 4756 2210 4807 quam
2246 4742 2353 4795 sint
2386 4743 2582 4813 tristes,
2608 4761 2765 4812 quam
2812 4750 3114 4806 contracti?
3139 4753 3386 4818 superci-

1807 4830 1936 4884 lium
1981 4834 2125 4886 enim
2167 4851 2350 4892 eorum
2401 4846 2488 4890 est
2539 4839 2778 4894 terribile
2801 4851 2859 4895 et
2884 4843 3098 4911 plenum
3139 4830 3380 4899 horrore.

1813 4922 1973 4975 Vides
2005 4924 2216 4975 oculum
2245 4940 2513 4991 severum,
2561 4943 2653 4983 cor
2704 4931 3015 4996 excitatum,
3066 4934 3280 4990 vibrans
3330 4949 3384 4989 et

1808 5013 2083 5089 exsiliens,
2130 5024 2366 5069 mentem
2411 5025 2760 5083 contraetam,
2813 5031 3152 5089 trementem,
3184 5027 3384 5081 sollici-

1809 5111 1914 5154 tam
1936 5084 1988 5155 ei
2019 5104 2252 5167 anxiam,
2281 5106 2498 5158 multam
2527 5107 2870 5171 modestiam,
2901 5123 3188 5183 aptamque
3209 5129 3271 5172 ac
3291 5117 3387 5171 de-

1810 5206 1991 5245 coram
2018 5194 2459 5258 moderationem,
2489 5198 2710 5249 multum
2753 5199 3026 5254 silentium
3057 5206 3105 5256 in
3130 5208 3386 5260 exerciti-

1808 5280 1942 5345 bus;
1972 5297 2076 5334 non
2108 5284 2248 5344 dico,
2276 5295 2331 5336 ut
2359 5287 2561 5340 nullum
2595 5289 2811 5341 verbum
2842 5290 3022 5345 dicant
3066 5305 3239 5369 turpe,
3287 5297 3383 5352 sel

1809 5389 1983 5440 neque
2003 5374 2293 5440 loquantur
2319 5377 2556 5429 omnino.
2589 5378 2718 5430 Nam
2754 5380 2798 5432 si
2837 5382 2890 5443 ii,
2925 5385 3012 5448 qui
3040 5385 3238 5447 bellum
3289 5401 3392 5456 ge-

1809 5473 1936 5516 runt
1962 5464 2218 5517 adversus
2249 5467 2429 5519 hostes
2479 5469 2726 5531 sensiles,
2755 5481 2806 5523 et
2833 5487 2866 5529 λι
2894 5475 3072 5538 verbis
3116 5479 3249 5532 nihil
3286 5483 3384 5533 lze-

1811 5556 2011 5607 duntur
2032 5595 2045 5615 ,
2079 5564 2227 5606 tanto
2284 5568 2504 5610 utuntur
2551 5562 2762 5621 silentio
2790 5579 2802 5623 ;
2831 5575 2882 5615 tu
2910 5565 3000 5633 qui
3029 5576 3082 5630 et
3109 5570 3162 5621 in
3207 5574 3386 5626 verbis

1813 5648 2011 5702 bellum
2037 5647 2224 5711 babes,
2254 5660 2309 5702 et
2337 5652 2593 5718 majorem
2614 5655 2733 5707 belli
2765 5667 2991 5729 partem,
3019 5660 3155 5720 hanc
3178 5675 3385 5733 partem

1811 5737 1905 5798 tibi
1957 5739 2090 5798 sinis
2119 5753 2238 5794 esse
2283 5742 2480 5803 nudam
2509 5742 2530 5795 ?
2569 5759 2637 5798 an
2670 5746 2880 5825 ignoras
2905 5752 3046 5817 quod
3079 5752 3202 5810 hinc
3230 5759 3384 5815 nobis

2990 5843 3033 5915 8
