4096 6310
726 305 826 359 119

725 416 964 486 plurima:
991 424 1242 487 parantur
1265 415 1513 471 insidiati
1535 413 1717 478 Ludis,
1745 413 2015 469 deliciaris
2037 455 2052 480 ,
2088 412 2285 467 faceta-

722 524 826 577 que
855 518 907 562 et
933 509 1132 562 urbana
1164 506 1322 573 dicis,
1360 516 1415 562 et
1439 508 1607 563 risum
1656 520 1863 573 moves,
1899 521 2117 575 remque
2163 503 2297 556 nihil

728 596 1046 652 existimas?
1076 600 1116 652 A
1148 596 1349 667 ιερίἁίς
1366 605 1421 651 et
1452 596 1671 652 urbanis
1694 596 1855 651 dictis
1882 606 2014 666 quot
2043 595 2297 666 perjuria,

722 700 852 759 quot
902 689 1116 753 damna,
1149 702 1306 757 quam
1329 686 1491 740 multa
1534 686 1693 741 verba
1722 687 1897 756 turpia
1919 678 1973 741 et
2006 685 2301 741 obscmna?

722 780 789 833 At
819 794 923 836 non
942 788 1086 843 sunt,
1112 778 1301 848 inquit,
1327 775 1585 846 ejusmodi
1613 776 1751 832 dicta
1776 777 1997 831 urbana.
2021 774 2124 831 Sed
2151 773 2297 829 audi:

719 884 931 924 onmem
959 869 1315 923 urbanitatem
1355 876 1409 923 et
1433 868 1772 923 dicacitatem
1795 869 2038 937 expellit.
2064 868 2299 943 Tempus
2342 894 2343 899 η

724 962 844 1018 acili
884 971 937 1018 et
973 978 1179 1032 pugnze,
1211 961 1424 1031 vigiliae,
1454 959 1737 1026 custodiat,
1768 968 2056 1014 armatura:
2083 969 2136 1014 et
2162 960 2295 1014 aciei

721 1052 1046 1107 instruenda:
1077 1068 1090 1106 :
1118 1051 1321 1106 nullum
1355 1043 1531 1106 locum
1561 1049 1646 1104 hie
1670 1051 1868 1104 habere
1888 1060 2061 1120 potest
2091 1059 2298 1120 tempus

720 1145 894 1198 risus:
926 1142 1029 1197 hoc
1070 1143 1212 1197 enim
1247 1148 1332 1195 est
1361 1150 1571 1210 tempus
1608 1140 1812 1194 mundi.
1860 1139 1998 1193 Audi
2027 1140 2295 1194 Christum

718 1233 1018 1287 dicentem:
1051 1231 1277 1285 Mundus
1297 1228 1555 1300 gaudebit,
1581 1244 1669 1284 vos
1688 1240 1855 1283 autem
1877 1230 2299 1284 contristobimini

716 1320 918 1393 (Joan.
941 1320 1027 1377 16.
1050 1321 1177 1392 20).
1199 1318 1446 1376 Christus
1469 1320 1523 1375 in
1554 1335 1772 1375 crucem
1800 1329 1953 1374 actus
1979 1330 2061 1375 est
2084 1329 2298 1389 pmpter
2350 1395 2356 1401 η

717 1425 808 1467 tua
836 1413 973 1467 mala
1007 1429 1018 1464 :
1049 1422 1104 1466 tu
1132 1420 1309 1466 autem
1367 1410 1557 1466 rides?
1599 1409 1845 1479 impacta:
1875 1419 2001 1464 sunt
2024 1409 2099 1463 illi
2129 1409 2297 1477 alapa:

713 1516 768 1561 et
796 1504 1028 1575 colaphi,
1053 1512 1107 1559 et
1135 1513 1241 1557 tam
1258 1503 1422 1557 multa
1451 1515 1642 1572 passus
1668 1511 1751 1557 est
1780 1510 1998 1571 pr0pter
2040 1510 2183 1555 tuam
2201 1513 2294 1554 ca-

714 1596 1026 1660 lamitatem,
1055 1605 1104 1649 et
1131 1608 1249 1664 quae
1272 1601 1325 1648 te
1346 1590 1824 1662 comprehenderat
1871 1599 2241 1661 tempestatem
2278 1607 2293 1644 :

715 1697 768 1740 tu
795 1694 973 1740 autem
1001 1685 1148 1753 degis
1168 1684 1218 1737 in
1240 1682 1489 1738 deliciis?
1512 1682 1577 1738 Et
1599 1681 1871 1752 quomodo
1898 1698 2004 1736 non
2024 1697 2146 1735 eum
2179 1698 2294 1735 ma-

710 1778 792 1847 gis
818 1777 994 1831 irritas
1016 1768 1171 1830 ?'Sed
1201 1773 1452 1844 quoniam
1473 1772 1687 1827 videtur
1712 1772 2027 1842 quibusdam
2058 1786 2146 1826 res
2174 1785 2295 1826 esse

711 1865 1042 1931 indifferens,
1075 1878 1236 1934 quam
1261 1863 1476 1933 quidem
1505 1877 1700 1919 cavere
1731 1872 1816 1917 est
1843 1862 2131 1917 admodum
2155 1862 2295 1916 diffi.

709 1956 832 2022 cile,
852 1971 949 2026 age
963 1943 1029 2010 de
1046 1970 1110 2009 eo
1123 1955 1303 2023 paucis
1319 1953 1668 2018 disseramus,
1684 1953 1940 2008 docentes
1953 1962 2209 2022 quantum
2223 1954 2294 2007 sit

710 2047 928 2101 malum.
945 2044 1056 2100 Hoc
1067 2045 1300 2101 estenim
1315 2059 1450 2112 opus
1463 2044 1681 2107 diaboli,
1696 2042 1909 2097 efﬁcere
1927 2052 1980 2096 ut
1992 2041 2292 2111 despician-

711 2146 792 2190 tur
809 2151 927 2205 quze
942 2144 1064 2188 sunt
1092 2131 1467 2203 indijl‘erentia.
1502 2133 1679 2202 Atque
1699 2133 1928 2202 primum
1950 2132 2163 2200 quidem
2187 2173 2202 2198 ,
2244 2133 2287 2187 si

708 2221 1185 2287 essetindifferens.
1202 2237 1269 2276 ne
1282 2223 1359 2277 sie
1381 2221 1598 2292 quidem
1618 2222 1789 2290 ipsum
1811 2232 2084 2290 oporteret
2108 2221 2291 2291 despi—

709 2330 852 2380 cere,
876 2316 1132 2370 scientem
1158 2313 1299 2383 quod
1326 2328 1390 2368 ex
1413 2328 1478 2368 eo
1497 2312 1659 2367 multa
1681 2321 1967 2367 nascantur
1990 2313 2146 2373 mala.
2171 2328 2289 2368 cre-

710 2413 966 2473 scantque
979 2411 1031 2457 et
1052 2417 1193 2472 saepe
1209 2402 1457 2457 desinant
1474 2401 1525 2455 in
1540 2403 1939 2456 scortationem:
1956 2401 2093 2469 quod
2109 2419 2135 2452 a
2147 2410 2287 2456 utem

662 2555 669 2559 _
709 2512 815 2549 non
845 2496 914 2550 sit
945 2494 1285 2559 indifferens,
1322 2493 1443 2548 inde
1482 2502 1561 2547 est
1609 2494 1968 2561 perspicuum.
2002 2492 2289 2547 Videamus

710 2599 837 2654 ergo
868 2584 1006 2638 unde
1037 2589 1316 2647 nascatur;
1362 2582 1445 2636 vel
1486 2583 1657 2650 potius
1690 2581 1964 2637 videamus
1989 2580 2287 2651 eujusmodi

707 2684 916 2745 Oportet
943 2687 1063 2729 esse
1090 2684 1356 2739 sanctum,
1380 2672 1584 2733 mitem,
1608 2680 1968 2733 mansuetum,
1994 2671 2289 2740 lugentem;

709 2769 1118 2830 lamentantem,
1149 2761 1428 2817 afflictum.
1460 2762 1559 2827 Qui
1589 2775 1719 2831 ergo
1745 2761 1874 2814 dicit
1903 2761 2101 2814 urbana
2131 2772 2182 2815 et
2213 2762 2288 2813 fa-

708 2869 822 2913 ceta
844 2899 860 2920 ,
892 2872 998 2911 non
1030 2863 1114 2911 est
1142 2861 1358 2911 sanctus
1383 2867 1401 2909 :
1424 2853 1633 2908 etiamsi
1663 2853 1731 2906 sit
1754 2853 1972 2907 Grmcus
1995 2892 2010 2918 ,
2032 2852 2082 2906 is
2105 2861 2187 2905 est
2218 2851 2289 2904 ri-

708 2949 915 3005 diculus
939 2965 953 3004 :
980 2949 1043 3003 iis
1073 2946 1203 3002 solis
1228 2946 1468 3017 qoi'sunt
1489 2945 1541 3024 in
1563 2958 1720 3000 scena
1744 2944 1858 3013 luec
1890 2941 2285 3012 permittuntur.

652 3090 659 3095 .
710 3040 811 3096 Ubi
845 3048 926 3093 est
957 3036 1261 3106 turpitudo,
1290 3033 1399 3091 illic
1423 3042 1505 3089 est
1534 3034 1693 3088 etiam
1722 3032 2017 3088 scurrilitas
2045 3048 2059 3085 :
2090 3031 2175 3085 ubi
2207 3040 2289 3086 est

713 3131 853 3186 risus
894 3130 1263 3198 importunus,
1312 3126 1420 3182 illic
1456 3131 1540 3179 est
1584 3123 1745 3178 etiam
1788 3123 2102 3177 scurrilitas.
2151 3120 2285 3176 Audi

708 3219 1026 3290 prophetam
1067 3204 1336 3272 dicentem
1372 3233 1385 3269 :
1419 3213 1613 3270 Sci-vite
1651 3210 1870 3266 Domino
1904 3213 1957 3264 in
1994 3213 2203 3275 timore,
2242 3221 2288 3265 et

710 3313 958 3367 exsttltate
986 3309 1031 3363 ei
1066 3308 1116 3360 in
1148 3316 1361 3360 tremore
1393 3302 1566 3373 (Paul.
1594 3301 1649 3357 2.
1686 3302 1794 3373 li).
1826 3300 1955 3355 Nam
1992 3301 2287 3355 scurrilitas

714 3401 924 3456 mollem
953 3397 1115 3452 efficit
1143 3396 1375 3462 animum
1403 3393 1735 3464 pigramque,
1766 3391 1960 3445 attollit
1986 3400 2042 3446 et
2068 3390 2284 3457 excitat,

713 3494 983 3562 multaque
1028 3488 1217 3561 probra
1260 3486 1485 3556 parturit
1525 3491 1579 3539 et
1616 3482 2005 3548 contumelias,
2049 3491 2103 3536 ct
2145 3482 2284 3536 bella

713 3584 852 3636 facit.

787 3673 838 3724 5.
871 3669 1004 3736 Quid
1049 3667 1213 3721 vero?
1242 3680 1418 3719 annon
1460 3661 1657 3718 relatus
1693 3674 1753 3715 es
1793 3660 1933 3715 inter
1960 3660 2147 3718 .viros?
2182 3658 2287 3714 Fac

713 3779 841 3832 ergo
872 3770 927 3815 ut
957 3766 1167 3814 cessent
1193 3771 1312 3827 qua:
1342 3763 1464 3809 sunt
1492 3749 1716 3830 parvuji.
1750 3749 1854 3805 Sed
1886 3749 2137 3804 famulum
2166 3748 2285 3816 qui-

714 3855 834 3907 dem
866 3862 1009 3905 tuum
1041 3864 1143 3904 non
1184 3849 1267 3901 vis
1306 3848 1358 3900 in
1390 3848 1502 3899 foro
1529 3845 1709 3899 dicere
1738 3858 1856 3913 qua:
1895 3843 2284 3920 suntinntilia;

717 3956 770 3997 tu
800 3953 998 4009 autem,
1028 3941 1116 4010 qui
1142 3937 1277 3995 dicis
1304 3945 1356 3991 te
1386 3949 1506 3989 esse
1537 3935 1626 3988 Dei
1660 3932 1908 3986 famulum
1937 3972 1951 3996 ,
1983 3930 2036 3985 in
2068 3930 2183 3985 foro
2210 3932 2285 3982 lo-

715 4033 894 4104 queris
933 4031 1131 4086 urbana
1163 4037 1217 4083 et
1244 4022 1507 4081 scurrilia.
1548 4022 1812 4077 Praeclare
1838 4020 2050 4088 quidem
2081 4020 2283 4089 agitur,

714 4126 757 4179 si
787 4123 966 4177 sobria
994 4121 1167 4174 anima
1199 4115 1377 4170 furtim
1409 4128 1513 4168 non
1541 4112 1799 4183 rapiatur,
1830 4109 2065 4163 lmtitiam
2105 4120 2282 4163 autem

718 4216 959 4268 diffusam
987 4210 1105 4279 quis
1130 4223 1234 4262 non
1261 4205 1437 4275 capiet
1460 4214 1514 4259 et
1533 4202 1891 4273 expugnabit?
1917 4201 2026 4270 ipsa
2053 4216 2083 4254 a
2112 4202 2282 4270 seipsa

720 4306 1014 4375 ci-nligetur
1037 4343 1052 4367 ,
1093 4315 1193 4356 nec
1218 4312 1352 4368 Opus
1385 4296 1483 4351 erit
1527 4293 1734 4349 insidiis
1761 4303 1816 4348 et
1843 4292 2038 4347 insultu
2065 4291 2281 4346 diaboli.

720 4396 789 4451 Ut
817 4407 994 4449 autem
1025 4391 1218 4452 discas,
1250 4387 1372 4441 vide
1397 4385 1558 4441 etiam
1588 4384 1759 4454 ipsum
1792 4398 1985 4437 nomen
2011 4400 2024 4434 :
2046 4382 2286 4436 scurrilis

718 4488 931 4552 dicitur,
964 4485 1051 4554 qui
1079 4492 1161 4538 est
1186 4480 1363 4543 varius
1383 4519 1397 4545 ,
1427 4476 1772 4547 omnigenus,
1801 4474 2087 4538 instabilis,
2119 4472 2286 4526 facilis

713 4598 776 4632 ac
806 4578 954 4641 let-is,
985 4585 1038 4628 et
1067 4574 1118 4626 in
1149 4584 1334 4626 omnes
1364 4584 1422 4624 se
1462 4575 1674 4623 vertens
1702 4565 1910 4634 species
1935 4582 1948 4616 :
1976 4564 2077 4618 hoc
2106 4574 2283 4615 ιιιιιιιιιι

718 4671 873 4735 longe
904 4665 1049 4718 abest
1081 4661 1147 4714 ab
1178 4661 1241 4714 iis
1263 4659 1351 4730 qui
1383 4667 1543 4727 petrte
1573 4655 1829 4710 serviunt.
1860 4652 1909 4707 ls
1939 4652 2092 4707 facile
2117 4650 2283 4705 verti-

717 4769 801 4810 tur
830 4767 885 4810 et
912 4763 1144 4807 mutatur
1169 4770 1181 4804 :
1203 4758 1414 4818 oportet
1438 4746 1580 4802 enim
1605 4761 1727 4800 eum
1753 4753 1808 4799 et
1833 4742 2052 4812 figuram
2085 4751 2139 4797 et
2168 4755 2286 4793 ver-

716 4852 838 4901 bum
870 4855 921 4901 et
950 4847 1115 4899 risum
1160 4851 1213 4897 et
1258 4832 1524 4896 incessum
1561 4848 1614 4894 et
1654 4837 1830 4889 omnia
1861 4832 2095 4896 imitari;
2128 4834 2285 4900 quiu-
2314 4854 2321 4855 ί

716 4939 878 5010 etiam
902 4944 1112 5005 oportet
1140 4948 1260 4988 eum
1294 4931 1596 5001 excogitare
1621 4934 1911 4981 scommata
1940 4933 1995 4980 et
2022 4921 2239 4993 dicteria
2266 4937 2281 4973 :

719 5047 838 5084 nam
866 5046 931 5082 eo
956 5041 1166 5097 quoque
1192 5024 1239 5079 ei
1268 5037 1400 5093 opus
1425 5031 1527 5076 est.
1558 5018 1748 5074 Procul
1773 5026 1951 5072 autem
1981 5023 2062 5070 est
2081 5028 2109 5069 a
2132 5012 2285 5068 Chri-

715 5123 889 5177 stiano
918 5118 1137 5174 comicis
1165 5116 1319 5170 dictis
1346 5116 1631 5168 incessere.
1667 5110 1729 5163 Et
1759 5122 1977 5163 necesse
2009 5116 2091 5160 est
2118 5105 2166 5157 ei
2193 5103 2279 5173 qui

716 5213 1026 5267 scurrilibus
1051 5209 1207 5265 dictis
1236 5208 1414 5270 utitur,
1440 5217 1860 5272 supervacaneas
1889 5198 2156 5265 suscip:-re
2179 5194 2282 5248 ini-

720 5308 943 5361 micitias
978 5318 1161 5358 eorum
1205 5286 1292 5369 qui
1335 5308 1536 5352 temere
1565 5294 1801 5349 dicteriis
1827 5291 2141 5346 irridentur.
2170 5286 2281 5340 sive

728 5396 889 5449 nisiut
912 5437 922 5453 .
954 5394 1067 5447 sive
1092 5393 1339 5445 absentes
1363 5386 1644 5441 audierint.
1674 5384 1727 5437 Si
1765 5395 1850 5436 res
1876 5390 1957 5434 est
1985 5378 2202 5448 pulchra
2228 5386 2283 5431 et

718 5492 733 5533 ν
755 5498 960 5542 hiiChlil.
988 5500 1083 5539 cur
1102 5481 1418 5550 relinquitur
1441 5475 1653 5531 neniis?
1678 5474 1865 5527 Minius
1885 5470 2086 5532 evadis,
2104 5480 2279 5522 etnon

724 5596 771 5628 οτι
812 5580 1004 5647 puti-rt?
1043 5576 1148 5635 Cvr
1176 5571 1359 5626 liberis
1389 5565 1575 5637 puellis
1607 5564 1796 5618 vestris
1832 5561 1931 5615 hoc
1972 5560 2145 5612 facere
2177 5574 2279 5610 non

714 5666 1049 5740 permunitis?
1079 5678 1254 5717 annon
1283 5657 1538 5715 statuistis
1565 5670 1678 5710 rem
1709 5667 1825 5707 esse
1859 5648 2142 5713 inhonesti,
2172 5661 2277 5700 non

1460 304 1520 361 S.
1556 302 1834 361 JGANNIS
1867 296 2339 358 CIIRYSOSTOMI
2378 295 2691 354 AliClllEP.
2733 299 3261 359 CONS'I‘AN'HNOP.

3898 308 3972 362 ιω

2411 409 2636 464 modesti
2678 410 2824 465 viri?
2866 412 3048 482 stagna
3091 415 3226 467 mala
3275 414 3513 470 habitant
3559 417 3608 469 in
3660 417 3836 472 anima
3874 437 3967 483 qua

2411 499 2571 554 verba
2601 510 2820 570 usurpat
2845 503 3085 557 scurrilia
3108 515 3160 558 et
3183 504 3373 571 faceta,
3396 521 3584 575 magna
3611 508 3904 572 dissolutio,
3927 521 3964 567 ιιι

2408 590 2532 645 hinc
2560 591 2791 646 solitudo
2812 594 2829 624 ί
2855 611 2868 645 :
2894 593 3006 648 hiat
3032 608 3290 665 compago
3313 637 3328 659 ,
3361 598 3642 652 marcescit
3667 597 3961 664 :edificiuiu,

2407 682 2791 737 exterminatur
2831 684 3018 748 timor,
3056 685 3206 740 abest
3254 687 3441 755 pietas.
3491 687 3665 742 ilabes
3713 688 3962 757 linguam,

2406 768 2512 824 non
2535 779 2589 825 ut
2610 772 2829 826 comicis
2844 772 3001 827 dictis
3020 775 3276 839 incessas,
3300 775 3393 830 sed
3419 787 3474 830 ut
3497 778 3604 831 Deo
3620 792 3741 845 agas
3762 782 3964 847 gratias.

2404 860 2520 941 Non
2564 862 2712 917 vides
2753 864 3059 931 moriones,
3098 867 3186 935 qui
3226 874 3528 932 you-roum!
3566 868 3818 922 chuutur
3844 870 3964 936 quml

2405 953 2571 1006 risum
2610 963 2893 1020 moveant,
2931 962 2986 1009 et
3024 955 3183 1024 vulgo
3222 966 3479 1011 vocantur
3510 962 3727 1029 κόρδακες
3756 960 3964 1028 (a)?isti

2404 1051 2529 1095 sunt
2551 1046 2865 1113 εὗτράπιλοι,
2893 1043 2942 1099 id
2969 1055 3050 1099 est
3071 1085 3086 1109 ,
3119 1045 3375 1100 scurriles
3399 1054 3456 1100 et
3480 1046 3657 1102 faceti.
3691 1048 3963 1117 Expellite,

2403 1148 2567 1213 rogo,
2600 1148 2630 1188 a
2657 1142 2954 1191 vestrarum
2976 1136 3290 1190 animarum
3333 1135 3527 1192 finibus
3556 1138 3815 1208 ingratam
3847 1138 3964 1195 hanc

2399 1226 2621 1295 gratiam
2647 1243 2662 1280 :
2686 1241 2772 1281 res
2792 1235 2875 1283 est
2904 1230 3281 1297 parasitorum,
3310 1229 3614 1295 mimorum,
3643 1233 3961 1298 saltatorum,

2402 1318 2804 1385 prostitutarum
2832 1319 3117 1375 mulierum
3145 1338 3158 1375 :
3182 1323 3366 1389 procul
3394 1323 3464 1376 sit
3489 1323 3557 1376 ab
3585 1325 3759 1377 anima
3791 1324 3963 1390 libera,

2403 1408 2588 1475 procul
2617 1407 2685 1462 ab
2715 1409 2962 1479 ingenua,
2993 1418 3048 1464 et
3079 1412 3312 1479 procula
3339 1412 3529 1466 servis.
3563 1411 3618 1467 Si
3644 1413 3761 1481 quis
3786 1422 3870 1467 est
3891 1412 3965 1468 in-

2402 1498 2553 1554 famis
2571 1539 2587 1565 ,
2618 1500 2663 1553 si
2694 1501 2812 1570 quis
2838 1501 3009 1570 turpis
3037 1509 3091 1554 et
3114 1502 3430 1568 obscenius,
3461 1503 3504 1555 is
3532 1506 3617 1557 est
3642 1502 3803 1557 etiam
3829 1517 3965 1559 scor-

2400 1589 2537 1644 rilis.
2564 1589 2740 1644 Multis
2762 1599 2941 1645 autem
2968 1589 3180 1646 videtur
3200 1591 3313 1649 base
3337 1608 3423 1647 res
3449 1592 3611 1648 etiam
3636 1594 3962 1649 esset-irtus:

2398 1691 2452 1734 et
2477 1690 2557 1734 est
2585 1680 2686 1734 hoc
2717 1681 3022 1751 lugendum.
3059 1682 3127 1737 lit
3166 1684 3309 1736 enim
3339 1683 3765 1751 concupiscentia
3793 1684 3963 1753 paula-

2400 1773 2492 1825 tim
2532 1772 2748 1827 devenit
2788 1773 2856 1827 ad
2895 1775 3272 1828 scortationetn
3301 1815 3314 1837 ,
3361 1774 3431 1827 ita
3478 1774 3636 1828 etiam
3684 1775 3962 1828 scurrilitas

2397 1863 2609 1919 videtur
2643 1880 2763 1919 esse
2807 1880 2894 1919 res
2934 1866 3208 1935 gratiosa;
3239 1863 3333 1920 sed
3379 1862 3508 1917 nihil
3548 1873 3632 1918 est
3663 1864 3763 1918 hoc
3803 1866 3965 1918 minus

2345 1965 2366 1986 "
2396 1956 2711 2026 gratiosum.
2757 1955 2892 2010 Audi
2934 1954 3077 2035 enim
3123 1954 3453 2024 Scripturam
3501 1953 3809 2008 dicentem:
3848 1955 3963 2006 Ante

2377 2047 2585 2100 ~tonitru
2626 2056 2865 2115 prOperat
2907 2046 3119 2115 fulgur,
3155 2054 3201 2098 et
3246 2045 3512 2112 pudentem
3549 2044 3782 2113 praecedit
3811 2045 3967 2113 gratia

2396 2135 2584 2205 (Eccli.
2616 2135 2705 2190 52.
2736 2136 2847 2206 14).
2869 2134 3090 2190 Scurrili
3116 2143 3294 2188 autem
3314 2133 3452 2187 nihil
3485 2141 3568 2187 est
3596 2132 3961 2200 impudentius.

2394 2226 2568 2291 Quare
2609 2241 2670 2279 os
2708 2225 2822 2293 ejus
2847 2233 2930 2280 est
2960 2225 3211 2294 plenum,
3246 2240 3352 2277 non
3385 2223 3552 2293 gratia
3575 2265 3590 2289 ,
3636 2223 3728 2278 sed
3767 2223 3962 2277 dolore.

2396 2316 2547 2371 llunc
2578 2331 2780 2370 morem
2810 2315 3144 2384 expellamus
3172 2330 3201 2368 a
3234 2315 3456 2370 mensis.
3489 2311 3627 2370 Sunt
3652 2315 3811 2368 etiam
3851 2315 3959 2383 qui-

2394 2408 2516 2463 dam
2545 2408 2635 2472 qui
2666 2422 2927 2476 pauperes
2953 2408 3053 2461 hoc
3074 2407 3286 2460 docent.
3311 2405 3354 2460 Ο
3377 2404 3760 2459 altsnrtliuitem
3785 2407 3798 2458 !
3823 2420 3962 2459 scur-

2396 2497 2525 2553 riles
2549 2512 2667 2551 esse
2697 2497 2898 2550 faciunt
2925 2511 3022 2552 eos
3057 2495 3149 2565 qui
3185 2504 3310 2550 sunt
3344 2496 3396 2548 in
3435 2493 3810 2549 afﬂictionibus
3839 2497 3853 2550 !
3884 2495 3957 2548 ubi

2393 2587 2535 2642 enim
2559 2588 2668 2656 jam
2691 2601 2795 2640 ιιοιι
2818 2595 2900 2640 est
2925 2584 3012 2641 hic
3038 2584 3424 2640 mo'rbus?.lam
3453 2586 3613 2638 etiam
3643 2584 3967 2639 introductus

2393 2687 2477 2732 est
2520 2678 2571 2730 in
2616 2677 2909 2731 Ecclesium
2940 2694 2953 2730 :
2977 2676 3085 2746 jam
3128 2676 3286 2730 etiam
3326 2674 3500 2744 attigit
3527 2674 3850 2742 Scripturas.
3884 2673 3967 2728 Di-

2392 2784 2582 2823 eautue
2617 2767 2849 2838 aliquid,
2885 2776 2942 2822 ut
2978 2767 3105 2822 mali
3146 2766 3423 2820 ostendam
3459 2765 3967 2835 exsuperationem?

2393 2863 2473 2916 Me
2494 2860 2707 2930 quidem
2731 2861 2910 2928 pudet,
2931 2859 3023 2914 sed
3044 2867 3219 2917 tamen
3242 2859 3416 2911 dicam
3442 2874 3457 2913 :
3481 2858 3605 2912 volo
3623 2858 3762 2910 enim
3784 2867 3967 2909 osten-

2392 2952 2521 3006 dere
2545 2966 2651 3021 quo
2674 2950 2931 3019 processit
2956 2951 3174 3016 malum,
3201 2965 3268 3003 ne
3291 2948 3474 3003 videar
3492 2948 3560 3004 de
3584 2949 3740 3003 rebus
3763 2948 3969 3017 pusillis

2391 3057 2552 3112 agere
2580 3041 2731 3103 etde
2767 3056 2825 3095 re
2855 3041 3026 3110 aliqua
3056 3055 3212 3107 parva
3239 3039 3506 3093 disserere
3526 3079 3542 3106 ,
3572 3037 3663 3093 sed
3695 3046 3751 3091 ut
3775 3038 3862 3090 τρι
3895 3041 3970 3090 sic

2394 3135 2590 3202 possim
2634 3131 2702 3185 ab
2749 3146 2934 3186 errore
2981 3147 3075 3184 vos
3102 3122 3403 3184 abducere.
3447 3129 3557 3184 Nec
3586 3144 3672 3183 me
3700 3129 3971 3183 existimet

2391 3223 2652 3294 quiSpiam
2676 3223 2894 3291 fingere,
2920 3222 3013 3276 sed
3035 3222 3206 3277 dicam
3234 3237 3352 3292 qua:
3379 3214 3578 3275 audivi:
3610 3221 3735 3275 Erat
3752 3220 3970 3289 quidam

2392 3314 2531 3383 apud
2564 3313 2795 3380 aliquem
2824 3327 2887 3366 ex
2914 3311 3000 3376 iis,
3025 3312 3112 3381 qui
3135 3310 3202 3365 de
3222 3310 3443 3366 scientia
3469 3310 3766 3380 gloriantur
3789 3319 3848 3363 et
3871 3310 3971 3362 sibi

2393 3404 2605 3473 placent
2630 3420 2643 3456 :
2670 3412 2722 3456 et
2752 3402 2863 3456 scio
2891 3401 3110 3469 quidem
3137 3400 3373 3454 futurum
3403 3408 3463 3454 ut
3492 3401 3660 3455 risum
3686 3414 3934 3455 moveam
3957 3441 3969 3457 .

2391 3493 2483 3548 sed
2510 3501 2685 3545 tatnen
2707 3491 2879 3545 dicam
2906 3507 2919 3542 :
2947 3490 2990 3543 is
3010 3504 3194 3543 mensa
3223 3489 3462 3558 apposita
3486 3489 3697 3544 dicebat
3722 3507 3736 3542 :
3757 3489 3969 3558 Appi-e-

2395 3581 2805 3650 heudite,pueri,
2841 3597 2907 3635 ne
2936 3579 3147 3649 quando
3168 3579 3427 3634 irascatur
3452 3587 3660 3634 venter.
3689 3578 3756 3634 Et
3780 3593 3973 3655 rursus

2390 3673 2479 3727 alii
2509 3672 2691 3726 dicunt
2721 3688 2733 3722 :
2759 3669 2850 3724 Va:
2880 3669 2996 3734 tibi,
3026 3684 3352 3733 mammona,
3381 3677 3440 3723 et
3460 3669 3508 3724 ei
3538 3669 3629 3738 qui
3659 3678 3710 3723 te
3737 3683 3846 3723 non
3880 3670 3975 3722 ba-

2395 3761 2517 3815 bet!
2550 3762 2615 3815 Et
2644 3761 2804 3814 multa
2837 3759 3099 3829 ejusmodi
3143 3758 3370 3815 absurda
3401 3759 3695 3814 introduxit
3724 3763 3972 3816 scurrili-

2393 3864 2510 3908 tas:
2536 3861 2592 3906 ut
2617 3852 2827 3922 quando
2856 3851 3077 3906 dicunt:
3102 3849 3257 3905 Modo
3287 3866 3393 3905 non
3420 3860 3504 3905 est
3527 3852 3819 3921 generatio.
3861 3853 3975 3906 lloe

2391 3944 2511 3997 dico
2540 3943 2797 3996 adversus
2836 3940 3220 4007 absurditatem
3260 3941 3520 3993 malorum
3562 3954 3770 3995 morum
3801 3959 3814 3995 :
3845 3953 3975 3995 sunt

2389 4037 2531 4090 enim
2563 4034 2679 4089 ba‘c
2709 4034 2868 4089 verba
2902 4032 3093 4086 anima:
3137 4031 3363 4087 deserta:
3403 4045 3434 4084 a
3480 4033 3676 4100 pietate
3713 4046 3775 4086 ac
3809 4048 3974 4087 reve-

2391 4128 2583 4181 rentia.
2632 4126 2823 4180 Annon
2873 4122 3185 4177 fulminibus
3224 4123 3381 4191 digna
3433 4131 3559 4175 sunt
3608 4121 3723 4177 lucc
3761 4123 3979 4178 verba?

2390 4217 2549 4270 Multa
2580 4215 2646 4268 ab
2675 4216 2756 4267 his
2786 4215 2944 4269 etiam
2975 4212 3074 4266 alia
3103 4210 3363 4281 ejusmodi
3390 4210 3494 4265 dici
3525 4198 3783 4282 quispiam
3810 4213 3975 4267 inve-

2392 4307 2549 4361 nerit.
2577 4303 2933 4370 Quamobrem
2973 4317 3105 4371 rogo
3144 4310 3204 4355 ut
3247 4301 3482 4370 undique
3512 4302 3654 4355 malo
3681 4302 3778 4356 hoc
3815 4318 3981 4357 more

2390 4398 2632 4467 expulso,
2658 4382 2752 4449 illa
2789 4395 3069 4464 loquamur
3095 4408 3212 4461 qua:
3254 4391 3411 4445 nobis
3437 4392 3782 4459 conveniunt,
3813 4402 3877 4446 et
3912 4409 3980 4445 ne

2391 4504 2480 4544 ora
2505 4496 2684 4542 sancta
2710 4486 2994 4556 loquantur
3014 4482 3174 4538 verba
3194 4481 3466 4535 infamium
3490 4492 3544 4535 et
3564 4481 3979 4558 obscrenoruni.

2393 4580 2520 4646 Qua:
2553 4589 2625 4632 est
2650 4578 2783 4629 enim
2804 4575 3016 4647 justitite
3055 4572 3374 4642 participalio
3407 4588 3521 4625 cum
3548 4572 3809 4637 iniquitate
3829 4572 3860 4625 ?
3890 4583 3983 4626 aut

2380 4685 2502 4742 qua:
2529 4668 2738 4721 societas
2769 4664 2869 4718 luci
2911 4679 3026 4717 cum
3064 4661 3273 4716 tenebris
3313 4660 3391 4733 (2.
3421 4659 3539 4714 Cor.
3571 4659 3625 4714 6.
3657 4659 3782 4731 id)?
3824 4659 3978 4718 Bene

2390 4759 2531 4814 enim
2558 4756 2834 4812 nobiscum
2862 4763 3067 4825 agetur,
3091 4753 3136 4806 si
3156 4767 3277 4806 cum
3303 4766 3399 4804 nos
3420 4749 3487 4804 ab
3509 4750 3753 4804 omnibus
3773 4751 4004 4811 absur-.

2388 4852 2472 4905 dis
2500 4848 2874 4902 abduxerimns
2893 4885 2907 4909 ,
2940 4845 3079 4898 bona
3126 4841 3383 4909 promissa
3413 4855 3803 4910 consequamur
3822 4881 3842 4907 ,
3882 4857 3983 4899 ne-

2389 4943 2514 4994 dum
2538 4923 2655 4994 cum
2682 4948 2786 4991 tam
2817 4937 2977 4990 multa
3010 4932 3343 4994 attrabimus,
3360 4941 3408 4984 et
3435 4932 3628 4984 utentis
3650 4932 3982 4999 perfectiozii

2392 5049 2484 5103 per
2511 5043 2613 5085 tam
2640 5029 2802 5083 multa
2835 5025 3121 5097 perniciem
3151 5022 3443 5075 afferimus.
3481 5019 3614 5074 Nam
3645 5020 3732 5089 qui
3764 5024 3983 5076 scurri-

2332 5103 2338 5109 ’
2391 5124 2510 5177 liter
2538 5119 2772 5190 loquitur
2793 5158 2807 5180 .
2842 5117 2947 5170 cito
2978 5114 3080 5190 erit
3110 5112 3404 5167 maledicus
3429 5127 3443 5164 :
3466 5110 3757 5166 maledicus
3783 5123 3981 5167 autem

2452 5344 2468 5375 ι
2504 5342 2752 5401 Interpres
2793 5337 2982 5401 latinus
3024 5332 3215 5401 legerat
3243 5329 3501 5401 ittftrgceo,
3526 5339 3716 5401 amat:
3744 5334 3986 5401 recantat

2389 5387 2738 5461 enim,wiﬁrotiiu;
2761 5400 2847 5446 sed
2868 5405 3039 5461 omnes
3053 5387 3155 5461 \fss.
3170 5397 3217 5437 et
3243 5388 3721 5461 Fditi_liabettttg¢pi.,
3738 5387 3983 5461 solitudo,

2387 5446 2623 5515 (Ruﬁoni
2644 5446 2760 5508 “non
2797 5455 2990 5506 omnino
3023 5451 3261 5515 quadrare
3305 5449 3494 5497 videtur
3517 5482 3531 5507 ,
3568 5446 3622 5497 ιιὶ
3644 5446 3647 5447 ⁷
3666 5460 3761 5496 nec
3803 5446 3984 5498 altera

2389 5526 2521 5645 ΙΙΙῗξι)
2550 5591 2746 5638 sessum,
2769 5576 3048 5643 saltatorum
3082 5584 3239 5645 genus
3263 5576 3389 5645 erat:
3405 5568 3543 5645 cujus
3566 5566 3799 5645 frequens
3826 5583 3983 5645 tuen-

2388 5627 2902 5705 t“(Sintia-ruames,
2932 5627 3315 5693 .tristuibaaem,‘
3334 5627 3720 5690 theophrastum
3747 5634 3794 5678 et
3816 5632 3981 5675 διιειδ.

2589 5811 2609 5834 \

4016 105 4069 1345 ¹
