4096 6310
167 386 265 451 ιηι

165 509 326 564 etiam
367 509 473 563 alia
513 505 930 565 innumerabilia
965 507 1106 562 mala
1146 507 1247 562 sibi
1283 504 1609 562 accumulat.
1654 503 1750 557 His

164 616 295 670 ergo
321 601 535 656 duobus
572 599 768 655 animae
794 598 1086 671 generibus
1112 597 1449 668 compositis,
1477 603 1531 651 et
1562 594 1752 650 rationi

162 692 482 759 subjunctis,
501 701 771 761 tamquam
792 691 945 761 equis
967 689 1056 760 qui
1079 689 1234 744 facile
1257 697 1487 758 aguntur
1506 684 1750 751 habenis,

164 796 358 850 nempe
381 768 673 852 cupiditate
697 789 753 836 et
777 783 878 846 ira,
908 781 978 834 ita
1010 787 1244 834 mentem
1274 776 1628 846 prmllciamus
1652 788 1750 827 au-

165 862 334 943 rigam
352 918 366 939 ,
401 885 458 929 ut
485 875 812 944 accipiamus
841 873 1120 942 prmmium
1147 885 1392 940 superna:
1416 865 1747 921 vocationis:

1047 390 1114 449 IN
1153 387 1369 449 EPIST.
1404 391 1498 447 AD
1540 387 1777 446 EPIIES.
1819 388 1974 444 CAP.
2020 389 2084 444 ν.
2125 386 2358 445 1101111...
2401 386 2588 445 XVIII.

3341 390 3448 444 I2!

1863 504 2006 574 quod
2037 505 2197 561 detur
2231 504 2389 562 nobis
2415 504 2667 561 omnibus
2692 505 2948 575 consequi
2985 505 3036 559 in
3066 504 3284 559 Christo
3320 505 3446 560 Jesu

1863 594 2092 650 Domino
2132 605 2349 660 nostro,
2387 610 2510 654 cum
2553 609 2663 666 quo
2705 594 2849 650 Patri
2891 597 3052 651 simul
3094 610 3216 650 cum
3260 606 3449 651 sancto

1861 685 2065 755 Spiritu
2103 685 2272 756 gloria
2291 727 2305 750 ,
2336 686 2606 756 potentia,
2637 683 2842 751 honor,
2878 701 3019 742 nunc
3043 696 3098 742 et
3126 701 3359 756 semper,
3392 695 3449 740 et

1862 777 1915 830 in
1945 774 2137 830 saecula
2168 775 2508 830 saeculorum.
2541 776 2734 830 Amen.

1519 1001 1873 1068 HOMILIA
1919 999 2152 1081 xvm.

156 1143 291 1212 Car.
320 1142 376 1196 5.
406 1158 458 1195 v.
478 1141 534 1197 5.
567 1137 680 1194 Hoc
698 1139 835 1194 enim
853 1137 1029 1192 scitote
1051 1133 1391 1205 intelligattes
1415 1129 1555 1201 quod
1581 1128 1766 1183 omnis

237 1232 548 1301 fornicator,
579 1240 668 1284 aut
695 1227 1005 1291 humandas,
1032 1222 1122 1279 aut
1145 1239 1350 1286 auarus,
1381 1219 1523 1293 quod
1539 1229 1614 1274 est
1634 1219 1751 1272 ido-

233 1323 400 1375 lorum
419 1322 652 1384 servitus,
671 1334 774 1373 non
790 1318 938 1372 habet
962 1315 1290 1369 hereditatem
1309 1314 1364 1366 iu
1385 1327 1541 1382 regno
1562 1307 1752 1364 Christi

230 1424 277 1466 et
311 1411 432 1466 Dei.
462 1412 518 1466 6.
551 1410 718 1465 Nemo
753 1424 842 1463 vos
883 1407 1088 1461 seducet
1113 1405 1346 1458 inanibus
1386 1400 1548 1455 verbis
1587 1417 1605 1453 :
1626 1414 1750 1468 pro-

231 1515 346 1568 pter
372 1503 482 1556 Ittec
509 1502 642 1554 enim
667 1499 798 1552 venit
842 1498 922 1552 ira
947 1496 1045 1548 Dei
1086 1496 1137 1548 in
1167 1495 1302 1562 ﬁlios
1328 1490 1638 1560 diﬂidentite.

236 1596 285 1648 Ι.
319 1575 491 1647 Erant
521 1591 736 1660 quidam
759 1630 774 1652 ,
817 1599 875 1642 ut
903 1587 1142 1646 videtur.
1173 1584 1338 1639 etiam
1367 1580 1507 1650 apud
1536 1587 1751 1634 nostros

158 1685 398 1753 majores
423 1725 439 1746 ,
471 1682 561 1752 qui
615 1679 797 1750 populi
849 1677 1040 1732 'manus
1090 1672 1482 1737 dissolvebant,
1509 1679 1564 1725 et
1606 1667 1747 1739 quod

155 1777 360 1831 dictum
385 1785 471 1830 est
495 1774 564 1827 ab
591 1771 874 1827 Ezechiele
898 1813 914 1835 ,
961 1768 1028 1822 d
1071 1782 1206 1835 opus
1229 1763 1566 1820 deducebant
1589 1803 1607 1837 ,
1641 1761 1750 1814 imo

159 1884 294 1922 vero
327 1883 451 1936 qua:
494 1873 624 1918 sunt
672 1859 1259 1931 [iseudoprophetarum
1308 1853 1606 1919 faciebant;
1659 1853 1747 1920 qui

159 1974 260 2027 pro
281 1956 486 2029 pugillo
513 1955 698 2017 hordei
728 1954 892 2007 Deum
922 1948 1320 2019 vilipendebant
1345 1961 1528 2001 coram
1554 1945 1772 2015 populo

151 2063 277 2114 epis
323 2046 544 2116 (Eucli.
568 2045 654 2100 l3.
687 2044 780 2113 l9)
813 2061 830 2097 :
859 2040 999 2112 quod
1043 2039 1334 2094 etiamnum
1376 2034 1445 2091 ab
1485 2033 1749 2102 aliquibus

157 2140 274 2195 tieri
301 2139 560 2192 arbitror.
591 2137 724 2191 Cum
757 2135 918 2205 igitur
940 2132 1171 2186 dicimus
1189 2172 1206 2196 ,
1235 2128 1376 2200 quod
1402 2126 1494 2198 qui
1529 2127 1746 2180 fratrem

154 2233 365 2286 fatuum
416 2228 728 2293 vocaverit,
778 2227 830 2279 in
882 2222 1184 2294 gehennam
1227 2220 1471 2275 abiturus
1512 2217 1618 2282 sit;
1657 2216 1746 2270 alii

152 2324 389 2376 dicunt:
424 2322 572 2375 Itane
598 2361 616 2382 ,
659 2319 750 2388 qui
797 2315 1072 2371 vocaverit
1118 2314 1338 2367 fratrem
1386 2311 1590 2365 fatuum
1617 2350 1633 2376 ,
1692 2308 1744 2362 in

151 2416 460 2482 gehennam
489 2412 698 2466 abibit?
727 2408 1094 2479 Nequaquam,
1121 2406 1199 2459 ait
1227 2421 1240 2457 :
1268 2411 1324 2458 et
1352 2418 1473 2457 cum
1517 2402 1745 2456 dicimus

151 2505 296 2575 quod
345 2519 542 2558 avarus
571 2503 640 2556 sit
686 2501 951 2556 idolorum
1002 2499 1212 2562 cultor;
1246 2495 1376 2550 illud
1427 2496 1511 2549 isti
1561 2495 1743 2564 despi-

149 2600 375 2651 cientes‘
391 2596 612 2658 dicunt,
665 2593 766 2647 hoc
797 2607 891 2662 per
931 2589 1262 2661 hyperbolen
1291 2588 1397 2642 dici
1422 2605 1436 2641 :
1466 2597 1626 2656 atque
1671 2588 1743 2640 ita

149 2689 334 2742 omnia
368 2686 622 2740 mandata
664 2691 1040 2739 contemnunt.
1069 2681 1199 2735 ﬂos.
1225 2695 1356 2750 ergo
1399 2680 1745 2734 suliindicans

151 2783 346 2834 lii-atus
374 2778 572 2833 Paulus
595 2819 611 2842 ,
646 2786 772 2830 tunc
798 2789 1014 2844 quoque
1057 2773 1331 2827 scribebat
1379 2771 1448 2825 ad
1481 2771 1744 2840 Ephesios

147 2873 344 2924 dicens
373 2888 388 2923 :
418 2867 530 2921 Hoc
554 2868 687 2921 enim
713 2866 889 2918 scitote
911 2864 1247 2934 intelligentes
1271 2864 1409 2930 quod
1448 2863 1613 2915 onmis
1636 2866 1744 2931 for-

147 2965 350 3016 nicator
369 3002 385 3024 ,
412 2971 502 3013 aut
528 2958 820 3012 immundus
838 2998 853 3018 ,
879 2965 969 3009 aut
987 2971 1173 3009 auarus
1190 2995 1206 3019 ,
1232 2955 1318 3023 qui
1346 2963 1418 3007 est
1439 2955 1606 3006 cultor
1626 2954 1742 3006 ido-

49 3079 76 3095 ο
149 3056 319 3109 lorum
343 3096 358 3118 ,
386 3071 488 3108 non
519 3053 668 3106 liabet
693 3047 1022 3105 hereditatem
1064 3049 1120 3103 in
1145 3061 1304 3119 regno
1332 3043 1522 3103 Christi
1554 3055 1601 3101 et
1623 3044 1740 3102 Dei.

153 3145 363 3202 Deinde
390 3144 662 3215 subiungit
693 3160 708 3196 :
745 3141 910 3196 Nemo
935 3157 1024 3196 vos
1049 3140 1270 3210 decipiat
1297 3141 1536 3194 inanibus
1560 3140 1739 3193 verbis.

149 3241 282 3295 limo
314 3239 474 3293 verba
500 3245 626 3292 sunt
653 3237 832 3291 inania
852 3275 868 3300 ,
899 3250 1021 3304 qua:
1045 3234 1111 3287 ad
1140 3242 1351 3301 tempus
1398 3232 1600 3286 habent
1622 3247 1743 3302 gra-

147 3331 283 3386 tiam
302 3371 319 3395 ,
352 3341 406 3385 et
431 3328 653 3382 minime
676 3325 1033 3381 ostenduntur
1059 3323 1215 3378 factis
1241 3332 1295 3377 ιιι
1323 3322 1580 3392 operibus
1609 3339 1624 3377 :
1655 3311 1742 3378 res

144 3422 296 3475 enim
325 3433 390 3472 ea
416 3426 503 3472 est
528 3416 798 3483 deeeptio.
825 3412 1044 3484 Propter
1071 3413 1179 3467 hac
1205 3414 1339 3465 enim
1379 3413 1514 3465 venit
1539 3412 1620 3464 ira
1645 3411 1741 3465 Dei

144 3515 202 3566 in
232 3512 370 3580 ﬁlios
409 3509 784 3564 inobedientitz.
807 3507 1040 3576 Propter
1066 3506 1452 3560 scortationem
1479 3544 1494 3566 ,
1526 3504 1693 3573 inquit
1722 3546 1737 3568 ,

148 3613 374 3674 propter
392 3601 698 3666 avaritiam,
721 3609 940 3670 propter
964 3597 1355 3652 immunditiam
1378 3604 1505 3661 ;aut
1526 3606 1742 3666 propter

149 3699 270 3751 ha-c
296 3707 348 3750 et
379 3703 602 3763 propter
624 3693 1023 3762 deceptionem,
1053 3690 1307 3761 quoniam
1333 3697 1459 3744 sunt
1481 3687 1739 3756 decepto-

151 3804 264 3842 res.
309 3787 476 3840 Filios
515 3780 896 3839 inobedientitn
945 3796 1040 3837 eos
1086 3790 1246 3835 vocat
1284 3780 1377 3848 qui
1419 3789 1547 3834 sunt
1584 3778 1744 3834 valde

150 3878 610 3946 inobsequentes;
642 3874 731 3944 qui
773 3873 823 3928 ei
867 3887 976 3927 non
1021 3871 1297 3926 ohediunt.
1327 3869 1381 3924 7.
1407 3868 1586 3924 Nolite
1624 3884 1744 3940 ergo

147 3969 278 4039 c-ﬁei
303 3966 577 4036 participes
605 3980 800 4035 eorum.
825 3963 878 4018 8.
907 3960 1080 4016 Eratis
1104 3961 1239 4015 enim
1278 3959 1557 4029 aliquando
1607 3969 1744 4013 tene-

146 4063 273 4122 tme,
307 4074 444 4111 ιιιιηε
466 4066 636 4111 autem
664 4056 755 4109 lus:
776 4055 829 4108 in
856 4053 1094 4107 Domino.
1113 4050 1249 4106 Vide
1276 4066 1440 4120 quam
1471 4051 1744 4120 sapienter

148 4159 352 4204 eosest
375 4146 716 4202 adhortatus.
754 4138 991 4199 Primum
1037 4160 1066 4195 a
1113 4140 1351 4203 Christo,
1401 4141 1556 4208 Quod
1605 4143 1744 4196 alter

149 4244 382 4294 alterum
412 4237 632 4307 diligitis
659 4275 676 4297 .
700 4244 755 4288 et
781 4235 980 4289 nemini
1017 4233 1268 4301 injuriam
1296 4232 1470 4285 facitis
1514 4246 1532 4287 :
1558 4247 1744 4285 rursus

147 4331 472 4384 adhortatur
515 4342 546 4379 a
573 4325 839 4395 supplicio
863 4333 920 4378 et
938 4322 1184 4393 gelicnna
1218 4338 1234 4375 :
1265 4320 1441 4375 Eratis
1478 4323 1612 4375 enim
1640 4322 1740 4374 uli-

146 4422 358 4492 qttando
389 4418 640 4484 tenebrat,
693 4432 830 4470 nunc
865 4426 1033 4469 autem
1073 4414 1168 4466 tua:
1208 4413 1265 4466 in
1305 4411 1550 4466 Domino.
1588 4411 1742 4480 Quod

148 4514 370 4583 quidem
397 4510 532 4565 dicit
558 4508 724 4562 etiam
767 4507 823 4560 in
852 4503 1092 4574 Epistola
1121 4502 1191 4557 ad
1236 4503 1508 4557 Romanos
1534 4519 1550 4556 :
1584 4502 1744 4568 Quem

144 4621 269 4675 ergo
285 4601 520 4674 fructum
543 4598 793 4652 habuistis
818 4607 937 4650 tunc
963 4597 1019 4649 in
1043 4594 1181 4662 illis,
1195 4594 1249 4647 in
1268 4594 1450 4662 quibus
1469 4609 1603 4646 nunc
1628 4610 1748 4646 eru-

147 4694 391 4751 bescitis?
415 4703 472 4748 et
510 4692 747 4761 priorem
775 4689 1092 4758 pravitatem
1134 4693 1191 4740 ct
1219 4684 1407 4739 vitium
1447 4685 1554 4740 illis
1604 4700 1745 4740 nunc

149 4794 377 4845 revocat
403 4786 458 4840 in
491 4783 836 4839 memoriam.
869 4780 984 4855 Hoc
1014 4787 1115 4840 est,
1150 4778 1460 4848 Cogitantes
1483 4777 1612 4847 quid
1650 4792 1747 4833 vos

144 4876 440 4951 aliquando
466 4875 663 4940 fuistis,
685 4885 736 4928 et
767 4871 896 4944 quid
919 4885 1062 4925 nunc
1092 4869 1214 4924 facti
1260 4869 1424 4932 estis;
1452 4883 1524 4923 ne
1554 4882 1746 4923 recur-

143 4972 282 5026 ratis
320 4981 511 5024 rursus
537 4965 605 5019 ad
639 4964 786 5033 prius
813 4963 1000 5017 vitium
1026 5002 1040 5024 ,
1067 4976 1241 5030 neque
1262 4960 1353 5015 Dei
1393 4960 1622 5029 gratiam
1664 4959 1746 5012 af-

145 5062 341 5117 ficiatis
383 5055 734 5113 eontmnelia.
786 5052 958 5107 Eratis
995 5050 1271 5121 aliquando
1316 5051 1532 5104 tenebrae
1555 5089 1571 5114 ,
1609 5065 1744 5102 nunc

144 5164 318 5208 autem
350 5145 812 5204 lut‘iu'Domino.
839 5143 952 5198 Hoc
989 5142 1142 5196 vobis
1166 5141 1264 5194 fuit
1301 5154 1410 5194 non
1449 5155 1517 5195 ex
1562 5147 1738 5194 vestra

144 5248 384 5308 virtute,
409 5241 505 5296 sed
533 5246 628 5308 per
670 5235 765 5291 Dei
789 5239 1015 5306 gratiam
1051 5253 1065 5288 :
1101 5233 1204 5287 hoc
1227 5242 1345 5297 est,
1393 5231 1464 5286 Et
1507 5245 1609 5285 vos
1637 5232 1738 5285 ali-

147 5335 368 5407 quando
393 5333 462 5389 iis
487 5331 633 5401 digni
686 5329 904 5391 lui-tis,
953 5328 1047 5380 sed
1085 5327 1315 5395 amplius
1342 5339 1451 5378 non
1480 5325 1633 5379 estis.
1674 5323 1742 5379 Ut

146 5427 246 5493 ﬁlii
277 5441 399 5496 ergo
424 5424 554 5477 lueis
595 5420 870 5473 ambulate.
902 5417 1041 5486 Quid
1069 5419 1139 5468 sit
1162 5425 1341 5469 autem
1361 5456 1376 5481 ,
1409 5413 1538 5467 Filii
1569 5415 1736 5477 lucis;

145 5515 344 5572 deinde
388 5513 563 5582 aperit
601 5527 614 5563 :
648 5511 703 5566 9.
735 5508 952 5563 Fructus
987 5507 1124 5562 enim
1165 5506 1374 5576 spiritus
1398 5517 1470 5560 est
1499 5506 1555 5558 in
1601 5506 1738 5557 omni

1861 1133 1941 1176 tos
1972 1141 1984 1176 :
2013 1119 2081 1174 In
2108 1122 2326 1190 iustitia,
2359 1120 2618 1176 adversus
2641 1135 2837 1176 avaros
2867 1138 2879 1174 :
2909 1131 2955 1176 et
2991 1122 3196 1176 veritate
3214 1162 3228 1185 ,
3253 1122 3444 1177 adver-

1858 1227 1952 1268 sus
1979 1212 2167 1267 falsam
2195 1211 2546 1280 voluptatem.
2569 1209 2686 1265 Non
2719 1211 2806 1265 illa
2832 1253 2847 1277 ,
2882 1211 3093 1282 inquit,
3137 1229 3257 1281 qua:
3295 1211 3443 1280 dixi,

1858 1303 1951 1358 sed
1980 1302 2270 1357 contraria.
2295 1301 2364 1354 In
2389 1302 2547 1356 omni.
2581 1301 2635 1356 ld
2666 1310 2771 1368 est,
2800 1312 3013 1372 oportet
3043 1302 3272 1358 fructum
3307 1304 3445 1359 ferre

1857 1390 2190 1460 spiritualem
2243 1390 2296 1444 in
2323 1390 2593 1446 omnibus.
2623 1390 2908 1447 Probantes
2935 1395 3060 1463 quid
3101 1394 3166 1447 sit
3202 1395 3438 1461 benepla—

1857 1484 2013 1536 citum
2059 1481 2300 1534 Domino.
2331 1480 2422 1534 llla
2450 1497 2579 1551 ergo
2606 1490 2732 1536 sunt
2779 1483 2974 1537 mentis
3005 1485 3227 1552 puerilis
3255 1494 3308 1539 et
3341 1485 3443 1537 im-

1855 1573 2130 1643 perfectae.
2155 1574 2240 1627 ll.
2275 1572 2337 1625 Et
2366 1573 2523 1626 nolite
2549 1575 2945 1640 communicare,
2977 1575 3179 1645 inquit,
3211 1577 3446 1646 operibus

1855 1663 2180 1731 infructuosis
2205 1663 2526 1717 tenebramus
2550 1681 2567 1725 ;
2598 1665 2758 1734 magis
2786 1674 2954 1718 autem
2981 1665 3271 1736 redarguite
3299 1681 3318 1719 :
3351 1665 3441 1719 l2.

1854 1771 1970 1824 qua:
1995 1756 2128 1808 enim
2155 1755 2207 1807 in
2235 1755 2432 1807 occulto
2456 1757 2583 1821 ﬁunt
2612 1755 2674 1808 ab
2701 1756 2846 1824 ipsis,
2876 1765 3024 1825 turpe
3066 1766 3139 1810 est
3164 1766 3212 1809 et
3250 1757 3439 1811 dicere.

1857 1845 1943 1898 l5.
1980 1843 2163 1897 Omnia
2201 1854 2370 1897 autem
2411 1861 2524 1914 qua:
2561 1855 2847 1914 arguuntur
2889 1861 2922 1898 a
2965 1846 3193 1913 lumine,
3225 1848 3441 1916 manife‘

1837 1947 2073 1990 -stttntttr.
2108 1936 2272 2004 Dixit,
2304 1936 2419 1994 Lua:
2447 1939 2564 1991 estis
2588 1955 2606 1991 :
2630 1939 2718 1991 lux
2746 1948 2926 1993 autem
2958 1941 3133 2009 arguit
3162 1956 3283 2011 qua:
3309 1941 3443 1996 fiunt

1854 2027 1907 2081 in
1941 2029 2194 2084 tenebris.
2229 2026 2284 2082 Si
2312 2044 2442 2098 ergo
2471 2043 2563 2082 vos
2596 2030 2735 2095 sitis,
2770 2027 2978 2100 inquit,
3002 2031 3200 2085 virtute
3229 2030 3442 2100 praediti

1853 2128 1908 2173 ct
1959 2117 2296 2183 admirandi,
2347 2134 2450 2172 non
2500 2127 2752 2186 poterunt
2798 2119 2967 2175 latere
3011 2120 3264 2190 improbi.
3293 2120 3445 2176 Sicut

1852 2211 1994 2266 enim
2023 2213 2066 2285 si
2115 2212 2286 2282 posita
2319 2212 2388 2266 sit
2417 2212 2631 2266 lucerna
2657 2253 2672 2277 ,
2720 2227 2907 2266 omnes
2954 2213 3357 2279 illuminantur,
3387 2224 3444 2267 ct

1853 2304 1991 2359 latro
2033 2319 2138 2358 non
2191 2304 2387 2373 poterit
2436 2292 2641 2373 ingredi
2671 2321 2685 2358 :
2715 2303 2789 2357 ita
2831 2303 2983 2358 vobis
3031 2304 3243 2359 lucente
3283 2303 3436 2369 luce,

1851 2397 2237 2453 convincentur
2282 2395 2554 2464 redarguti
2601 2396 2848 2466 improbi.
2880 2394 3104 2465 Oportet
3151 2395 3312 2465 igitur
3356 2410 3441 2448 ar—

1850 2504 2035 2560 gnere.
2065 2487 2346 2555 Quomodo
2373 2502 2502 2556 ergo
2548 2486 2678 2540 dicit
2707 2503 2722 2539 :
2756 2484 2933 2544 Nolite
2951 2486 3194 2556 judicare
3214 2526 3229 2549 ,
3260 2497 3314 2539 ut
3341 2502 3441 2538 non

1840 2581 2145 2652 judicemini
2173 2580 2386 2652 (Matth.
2418 2580 2469 2632 7.
2499 2578 2552 2647 l)
2579 2581 2602 2630 ?
2658 2571 2898 2648 Arguere
2948 2579 3086 2633 dixit
3113 2621 3128 2643 ,
3158 2594 3266 2632 non
3311 2594 3444 2633 cou-

1848 2673 2106 2728 demnare
2128 2713 2145 2735 ,
2177 2671 2282 2726 hoc
2306 2680 2422 2735 est,
2451 2672 2715 2740 castigare
2745 2689 2758 2725 :
2788 2680 2871 2735 et,
2901 2669 3077 2724 Nolite
3092 2671 3364 2741 judicare,
3387 2681 3440 2725 ut

1849 2779 1950 2817 non
1967 2763 2274 2833 judicemini
2302 2760 2406 2831 (Ib.
2435 2778 2483 2816 υ.
2518 2761 2572 2831 ὅ)
2595 2803 2610 2824 ,
2641 2761 2775 2814 dixit
2814 2762 2882 2815 de
2911 2761 3148 2815 mi..imis
3175 2763 3428 2831 pechis.

1847 2856 2136 2923 Subiunxit
2162 2871 2294 2908 vero
2324 2873 2336 2907 :
2372 2854 2509 2918 Quid
2537 2855 2671 2908 vides
2713 2858 2962 2924 festucam
2990 2853 3042 2906 in
3089 2855 3237 2908 oculo
3264 2856 3441 2922 fratris

1849 2947 1922 2998 tui
1947 2987 1961 3010 ,
1993 2947 2045 2997 in
2067 2956 2155 2998 tuo
2183 2954 2348 3000 autem
2395 2945 2542 2999 oculo
2570 2946 2760 2998 trabem
2796 2961 2897 2998 non
2927 2947 3089 2998 cernis
3112 2947 3138 2999 .7
3166 2946 3278 3002 Hoc
3305 2960 3386 3000 est
3423 2965 3441 2998 ;

1847 3035 1999 3093 Sicut
2043 3036 2236 3092 vulnus
2279 3035 2535 3108 quamdiu
2561 3049 2795 3108 superne
2820 3044 3022 3090 tectum
3050 3035 3352 3103 delitescit,
3386 3032 3444 3094 et

1847 3134 2016 3187 currit
2061 3147 2157 3201 pcr
2204 3131 2526 3200 profundum
2546 3172 2562 3196 ,
2594 3132 2793 3185 nullam
2822 3133 3021 3200 accipit
3049 3136 3387 3187 curatiomm
3423 3151 3449 3186 :-

1849 3227 1920 3278 ita
1968 3234 2245 3293 peccatum
2274 3223 2531 3293 quamdiu
2559 3222 2773 3292 quidem
2806 3224 3130 3290 occultatur,
3166 3233 3438 3295 tamquam

1848 3318 1899 3369 in
1932 3315 2166 3371 tenebris
2209 3314 2511 3370 admittitur
2557 3330 2678 3370 cum
2711 3306 2904 3386 magna
2931 3318 3261 3384 securitate;
3289 3328 3439 3387 pou-

1847 3423 2006 3477 quam
2031 3415 2211 3462 autem
2241 3406 2401 3462 fuerit
2424 3406 2846 3474 manifestatum,
2876 3407 2937 3462 ﬁt
2965 3409 3052 3463 lux
3079 3450 3094 3475 ,
3125 3424 3232 3464 non
3264 3411 3438 3479 ipsum

1850 3508 2162 3568 peccatum;
2192 3486 2463 3569 quomodo
2485 3498 2669 3554 enim?
2695 3498 2790 3553 sed
2819 3499 2864 3553 is
2891 3500 2982 3570 qui
3000 3501 3218 3556 admisit
3242 3502 3436 3571 ipsum.

1846 3589 2070 3660 Quando
2097 3591 2241 3645 enim
2276 3591 2360 3655 is,
2381 3592 2471 3660 qui
2505 3590 2653 3656 fecit,
2684 3592 2736 3644 in
2768 3591 3002 3647 medium
3036 3593 3198 3648 fuerit
3236 3595 3438 3664 produ-

1848 3690 1964 3736 ctus
1982 3722 1997 3747 ,
2025 3680 2240 3752 quando
2265 3680 2594 3748 admonitus,
2623 3683 2842 3752 quando
2859 3683 3056 3741 ductus
3079 3687 3394 3756 paenitentia
3421 3731 3436 3753 ,

1848 3774 2062 3843 quando
2089 3774 2461 3829 remissionem
2490 3774 2651 3829 fuerit
2676 3785 3016 3846 assequutus,
3035 3793 3216 3833 annon
3245 3794 3439 3849 expur-

1846 3865 1985 3935 gasti
2032 3865 2149 3935 ejus
2189 3865 2489 3921 tenebras?
2532 3881 2712 3921 annon
2785 3870 2984 3923 curasti
3034 3871 3149 3939 ejus
3195 3871 3440 3940 vulnus?

1848 3971 2026 4011 annon
2079 3954 2471 4012 iufertilitatem
2533 3959 2770 4014 evocasti
2841 3959 2909 4014 ad
2989 3961 3281 4016 fructum?
3333 3965 3441 4018 Aut

1849 4046 1953 4102 hoc
1991 4047 2156 4113 dicit,
2207 4057 2302 4102 aut
2346 4047 2478 4102 illud
2516 4090 2536 4115 ,
2594 4048 2738 4118 quod
2788 4059 2970 4105 vestra
3035 4052 3256 4122 quidem
3332 4054 3438 4108 vita

1848 4154 1971 4192 cum
2014 4139 2087 4192 sit
2127 4137 2409 4194 manifesta
2434 4181 2448 4204 ,
2482 4151 2568 4193 εει
2620 4140 2708 4195 lux
2739 4141 2959 4196 :nullus
3016 4143 3162 4197 enim
3215 4144 3442 4200 abscon-

1851 4229 1931 4284 dit
1983 4231 2146 4284 vitam
2169 4271 2185 4296 ,
2241 4230 2295 4285 in
2333 4247 2492 4301 quam
2546 4248 2653 4287 non
2691 4233 2839 4289 cadit
2891 4235 3245 4304 reprehensio
3276 4255 3290 4291 :
3321 4253 3441 4308 qua:

1839 4332 2032 4377 autem
2061 4322 2468 4378 abscondantur
2487 4365 2502 4390 ,
2533 4323 2658 4394 quia
2685 4334 2812 4380 sunt
2836 4324 3279 4389 ol'fusatenebris
3302 4370 3318 4394 ,
3349 4346 3444 4384 oc-

1847 4413 2151 4467 cultantur.
2172 4414 2258 4468 I4.
2292 4413 2514 4482 Propter
2538 4416 2674 4485 quod
2698 4415 2820 4470 dicit
2849 4433 2868 4469 :
2898 4416 3066 4488 Surge
3089 4419 3176 4489 qui
3206 4420 3399 4474 dormis
3427 4464 3441 4484 ,

1847 4518 1893 4560 et
1913 4521 2127 4576 exsurge
2149 4521 2183 4558 a
2210 4506 2424 4560 mortuis
2451 4546 2466 4569 ,
2496 4517 2544 4559 et
2571 4507 2878 4560 illuntinabit
2929 4518 2976 4562 te
3025 4508 3276 4564 Christus.
3309 4511 3445 4566 Dor-

1848 4597 2104 4651 mientem
2130 4605 2187 4651 et
2213 4607 2483 4651 mortuum
2507 4597 2637 4652 dicit
2662 4613 2785 4654 eum
2813 4599 2902 4668 qui
2949 4611 3033 4654 cst
3076 4602 3128 4654 in
3153 4603 3390 4671 peccatis
3426 4622 3439 4658 :

1851 4697 2044 4743 tetrum
2071 4689 2214 4743 enim
2243 4687 2465 4752 odorem
2488 4690 2656 4760 spirat
2684 4699 2741 4745 ut
2793 4702 3076 4759 mortuus,
3129 4709 3229 4748 nec
3266 4706 3442 4766 potest

1847 4779 2059 4849 operari
2089 4791 2147 4834 ut
2169 4780 2258 4850 qui
2289 4780 2507 4845 dormit,
2538 4789 2594 4834 et
2622 4781 2754 4836 nihil
2791 4781 2938 4836 videt
2982 4793 3038 4837 nt
3071 4784 3179 4850 illc,
3206 4787 3299 4839 sed
3343 4802 3433 4841 so-

1849 4871 2018 4924 mniat
2033 4881 2085 4924 et
2105 4871 2411 4939 phantasias
2426 4871 2803 4940 apprehendit.
2821 4873 2926 4926 Alii
2952 4873 3160 4940 dicunt,
3181 4873 3248 4929 Et
3267 4887 3441 4947 tanges

1850 4962 2106 5017 Christum
2130 4979 2149 5027 ;
2176 4964 2264 5016 alii
2292 4975 2471 5018 autem
2499 5004 2515 5026 ,
2566 4963 2630 5017 Et
2658 4964 2970 5019 illuminabit
3001 4977 3050 5020 te
3078 4967 3314 5023 Christus
3337 5009 3353 5033 ,
3383 4979 3439 5023 et

1849 5056 2025 5122 potius
2057 5056 2127 5108 ita
2149 5065 2253 5110 est.
2283 5054 2511 5109 Discede
2556 5069 2587 5108 a
2616 5065 2837 5123 peccato
2859 5096 2874 5123 ,
2921 5065 2978 5111 et
3005 5059 3206 5126 poteris
3257 5059 3441 5114 videre

1845 5143 2117 5201 Christum
2149 5163 2164 5200 :
2199 5144 2339 5199 Nam
2384 5147 2472 5214 qui
2517 5147 2655 5200 mala
2680 5147 2824 5217 agit,
2857 5148 2963 5200 odit
3005 5148 3168 5203 lucem
3188 5191 3204 5216 ,
3248 5160 3295 5203 et
3326 5168 3429 5204 non

1848 5242 1981 5296 venit
2011 5242 2079 5293 ad
2106 5239 2268 5294 lucem
2290 5239 2483 5309 (Joan.
2508 5240 2563 5294 5.
2591 5239 2705 5308 20)
2731 5257 2745 5294 :
2775 5241 2868 5310 qui
2893 5252 3072 5296 autem
3120 5259 3228 5298 non
3258 5243 3426 5312 facit,

1848 5336 2011 5391 venit.

1916 5428 1972 5481 2.
2003 5426 2109 5482 Sed
2139 5426 2240 5481 hoc
2289 5440 2393 5478 non
2440 5424 2616 5479 solum
2658 5424 2793 5480 dicit
2818 5424 2889 5480 de
2942 5425 3235 5482 incredulis
3268 5445 3281 5481 :
3311 5442 3434 5481 nam

1848 5521 1998 5575 multi
2029 5535 2091 5574 ex
2121 5517 2369 5573 ﬁdelibus
2399 5532 2502 5571 non
2533 5519 2710 5571 minus
2736 5527 3010 5573 sectantur
3058 5520 3244 5575 vitium
3278 5536 3436 5590 quam

148 5605 348 5670 iustitia
389 5613 436 5658 et
478 5601 700 5656 bonitate
737 5609 786 5653 et
829 5600 1055 5654 veritate.
1092 5598 1179 5652 10.
1207 5595 1490 5650 Probantes
1521 5594 1642 5662 quid
1672 5595 1738 5647 sit

1851 5612 2134 5673 intideles;
2167 5618 2222 5664 et
2249 5618 2372 5663 sunt
2417 5609 2580 5663 etiam
2623 5609 2716 5678 qui
2766 5609 2938 5664 multo
2983 5610 3176 5680 magis.
3207 5611 3275 5665 Et
3319 5611 3439 5665 ideo

157 5696 520 5766 l-rueplacitum
545 5693 782 5746 Domino.
812 5691 878 5744 In
920 5691 1056 5743 omni
1082 5731 1097 5754 ,
1129 5688 1320 5757 inquit,
1349 5689 1591 5740 bonitate.
1623 5686 1735 5740 Iloc

1850 5704 2070 5759 necesse
2096 5710 2180 5757 cst
2205 5702 2291 5755 eis
2317 5700 2497 5755 dicere
2531 5716 2545 5751 :
2579 5699 2943 5769 Expergiscae
2982 5703 3067 5770 qui
3112 5703 3302 5756 dormis
3329 5744 3341 5766 ,
3392 5712 3438 5752 ct

153 5789 420 5857 advrsus,
459 5788 754 5844 irascentes
773 5826 786 5851 ,
816 5785 1078 5840 adversus
1101 5782 1322 5837 acerbos
1348 5795 1402 5835 et
1429 5779 1734 5834 amarulen—

1853 5812 2064 5863 exsurge
2090 5812 2121 5849 a
2147 5793 2373 5858 mortuis,
2409 5802 2454 5846 et
2480 5791 2786 5846 illuminabit
2806 5800 2852 5845 te
2878 5791 3130 5847 Christus.
3165 5793 3275 5848 Hoc
3307 5807 3440 5862 quo-
