4096 6310
710 440 812 502 423

709 574 814 623 que
859 552 1107 609 convenit
1131 537 1211 605 eis
1239 548 1457 611 dicere,
1486 545 1624 599 Deus
1665 561 1763 597 non
1806 553 1879 596 est
1927 551 2233 594 mortuorum
2255 579 2271 604 ,

710 647 799 701 sed
825 647 1046 698 vit-orum
1073 639 1288 711 (Hatth.
1313 637 1402 691 22.
1432 636 1546 704 52).
1586 635 1641 689 Si
1690 647 1818 702 ergo
1862 646 1970 684 non
2015 638 2099 684 est
2141 629 2280 681 Deus

713 737 1067 798 mortuorum,
1099 730 1363 783 vivamus.
1390 725 1615 794 Quidam
1643 733 1821 777 autem
1847 721 2153 776 existimant
2179 719 2282 771 hoc

712 840 834 880 esse
880 822 1246 895 hyperbolen,
1275 822 1478 873 Avarus
1522 826 1602 870 est
1650 816 1821 870 cultor
1864 812 2147 866 idolorum.
2173 809 2278 864 Sed

713 923 817 970 non
849 923 931 970 est
958 915 1060 966 hoc
1091 911 1309 983 verbum
1338 908 1683 980 hyperbolcs,
1716 904 1812 958 sed
1840 903 2103 957 veritatis.
2134 902 2280 968 Quo-

717 1003 918 1058 modo?
945 1002 987 1056 Δ
1019 999 1371 1062 οεο,ι1ἱεεθάἰι
1393 1011 1602 1058 avarus,
1627 995 1764 1050 sicut
1803 1004 1855 1046 ct
1886 993 2181 1046 idololatra.
2215 991 2282 1044 Et

716 1104 784 1145 ne
811 1090 1080 1146 existimes
1110 1089 1304 1142 frustra
1336 1101 1455 1140 esse
1480 1085 1714 1140 dietum:
1743 1093 1826 1137 est
1842 1081 2040 1137 Christi
2069 1089 2284 1136 senten-

718 1183 787 1235 tia
817 1195 936 1250 qua:
959 1177 1127 1235 dicit:
1179 1177 1299 1232 Non
1327 1176 1533 1248 potestis
1569 1175 1673 1228 Deo
1715 1176 1900 1228 servire
1939 1183 1987 1225 et
2035 1189 2284 1228 mutuom:

715 1267 877 1334 (Ibid.
906 1271 960 1325 ϐ.
1001 1270 1118 1340 2i).
1148 1270 1246 1336 Qui
1289 1281 1548 1320 mamona:
1589 1265 1827 1318 serviunt
1871 1265 1911 1328 ⁸,
1943 1264 2144 1332 seipsos
2190 1280 2286 1317 ex-

721 1360 967 1428 pulerunt
1004 1360 1170 1426 apDei
1216 1359 1466 1411 servitute
1497 1355 1625 1424 :qui
1665 1362 1841 1407 autem
1881 1353 1998 1421 ejus
2024 1362 2283 1422 negarunt

714 1449 1008 1503 dominium
1028 1490 1042 1512 ,
1073 1456 1128 1504 et
1175 1463 1306 1501 auro
1333 1448 1384 1501 in
1412 1447 1590 1499 animo
1615 1445 1886 1510 serviunt,
1917 1444 2172 1513 liquidum
2201 1453 2284 1496 est

713 1553 809 1598 eos
838 1554 957 1596 esse
985 1542 1221 1595 cultores
1249 1539 1535 1594 idolorum.
1560 1539 1629 1592 At
1658 1553 1760 1592 non
1790 1537 1920 1601 feci,
1949 1536 2139 1604 inquit,
2165 1535 2284 1588 ido-

715 1632 846 1696 lum,
869 1647 1040 1700 neque
1057 1632 1401 1695 aramstatui,
1435 1645 1605 1700 neque
1629 1643 1756 1683 oves
1774 1627 2088 1692 sacriﬁcavi,
2113 1643 2285 1696 neque

714 1723 893 1774 vinum
922 1722 1104 1787 libavi,
1132 1719 1224 1775 sed
1251 1719 1530 1773 ecclesiam
1555 1734 1670 1772 sum
1701 1719 1998 1787 ingressus,
2017 1729 2071 1771 et
2098 1733 2286 1771 manus

713 1812 926 1867 t‘Xleildi
957 1814 1226 1882 unigenito
1254 1811 1347 1865 Dei
1372 1811 1532 1876 Filio,
1561 1820 1615 1865 et
1640 1827 1756 1864 sum
1790 1812 2055 1879 particeps
2081 1820 2282 1880 myste-

717 1905 941 1967 riorum,
969 1911 1024 1957 et
1051 1916 1268 1972 precum
1297 1901 1468 1955 habeo
1490 1901 1798 1954 Societatem
1827 1910 1880 1953 et
1909 1900 2137 1954 aliorum
2166 1916 2284 1952 om-

717 1996 863 2048 nium
911 2011 1031 2064 qua:
1076 1995 1400 2048 conteniunt
1440 1993 1767 2046 Christiano.
1790 1991 2069 2057 Quomodo
2120 2006 2285 2060 ergo,

715 2087 904 2155 inquit,
933 2087 1101 2140 adoro
1138 2086 1280 2139 idola
1307 2086 1331 2137 ἲ
1359 2085 1532 2152 Atque
1560 2083 1662 2136 hoc
1687 2083 1900 2151 quidem
1930 2091 2016 2136 est
2052 2092 2106 2137 et
2132 2083 2287 2137 valde

718 2179 1035 2241 mirandum,
1064 2177 1206 2246 quod
1233 2193 1354 2230 cum
1383 2186 1633 2244 expertus
1677 2190 1824 2229 esses
1865 2186 1916 2230 et
1947 2176 2034 2229 Dei
2080 2185 2288 2244 gustas-

714 2280 802 2321 ses
831 2267 1236 2336 benignitatem,
1265 2277 1318 2320 et
1367 2265 1595 2319 vidisses
1625 2267 1909 2336 benignum
1950 2281 2070 2319 esse
2114 2267 2287 2318 Domi-

717 2367 860 2417 num,
895 2358 1181 2428 benignum
1209 2355 1422 2426 quidem
1469 2355 1760 2419 dimiseris,
1793 2355 2062 2410 crudelem
2108 2367 2286 2410 autem

714 2461 992 2521 tyrannum
1030 2450 1309 2504 admiseris
1357 2465 1418 2502 ac
1449 2448 1752 2516 susceperis
1797 2458 1886 2501 :et
1933 2463 2039 2516 prae
2088 2458 2138 2500 te
2182 2448 2285 2500 fers

712 2541 925 2606 quidem
956 2539 1082 2594 te'ei
1111 2553 1215 2592 nan
1243 2539 1466 2598 servire,
1500 2554 1556 2590 re
1581 2553 1699 2590 tera
1727 2546 1902 2589 autem
1935 2545 1985 2588 te
2012 2536 2284 2604 subjecistl

715 2633 851 2682 duro
879 2638 932 2682 et
951 2644 1144 2696 aspero
1165 2631 1294 2696 jugo
1339 2628 1538 2680 amoris
1578 2627 1838 2694 pecunize.
1863 2623 2122 2678 Nondum
2157 2625 2284 2678 mihi

713 2722 892 2774 dixisti
925 2719 1069 2788 quod
1096 2735 1124 2770 a
1156 2729 1208 2772 te
1231 2727 1377 2772 recte
1405 2719 1471 2770 sit
1500 2717 1718 2779 factum,
1748 2716 1841 2769 sed
1876 2716 2012 2767 dona
2055 2716 2284 2771 homini.

719 2813 810 2864 llic
838 2811 966 2863 mihi
989 2851 1003 2874 ,
1033 2823 1217 2878 quazso
1236 2850 1252 2872 ,
1282 2808 1547 2860 undenam
1587 2807 1885 2875 judieamus
1929 2805 2190 2857 militem?
2217 2821 2285 2858 an

714 2917 778 2954 ex
807 2916 871 2954 eo
889 2941 904 2966 ,
933 2901 1074 2969 quod
1102 2908 1160 2952 ut
1187 2899 1403 2963 satelles
1431 2900 1588 2966 stipet
1615 2913 1794 2964 regem
1815 2939 1829 2959 ,
1857 2908 1911 2950 et
1937 2898 2002 2950 ab
2023 2912 2088 2951 co
2114 2898 2288 2950 alatur

712 3003 770 3045 ot
793 2994 910 3059 ejus
938 3007 1058 3046 esse
1084 2991 1290 3044 dicatur
1319 3007 1334 3054 ;
1365 3007 1430 3043 an
1462 3007 1526 3044 ex
1553 3005 1640 3052 eo,
1684 2989 1826 3056 quod
1856 3004 1960 3042 nou
1992 2989 2042 3042 in
2070 3005 2190 3042 cum
2217 2991 2288 3043 sit

715 3085 850 3136 bene
892 3080 1147 3144 affectus,
1175 3081 1267 3134 sed
1297 3095 1405 3149 pne
1433 3095 1490 3133 se
1519 3078 1653 3132 ferat
1678 3093 1737 3131 se
1768 3079 1818 3132 in
1847 3079 1988 3132 illius
2016 3095 2136 3133 esse
2168 3095 2288 3147 par-

717 3175 856 3226 tibus
883 3180 936 3225 et
963 3172 1124 3226 rebus
1148 3170 1263 3239 ejus
1286 3170 1488 3235 favere,
1516 3168 1853 3222 inimicorum
1875 3177 2052 3223 autem
2085 3185 2172 3222 res
2191 3185 2285 3236 ge—

715 3266 835 3318 rat?
861 3260 1033 3328 Patet,
1067 3278 1132 3318 eo
1173 3261 1314 3329 quod
1349 3262 1490 3330 regis
1520 3261 1732 3314 satelles
1761 3269 1862 3313 est.
1893 3261 2016 3314 ldeo
2056 3261 2283 3329 graviori

713 3355 976 3434 supplicio
1002 3353 1193 3422 dignus
1212 3362 1315 3416 est,
1344 3367 1500 3420 quam
1529 3351 1573 3404 si
1601 3352 1826 3415 abrupto
1848 3351 1975 3420 jugo
1996 3353 2153 3418 regiae
2175 3366 2288 3403 ser-

713 3443 896 3497 vitutis
921 3460 982 3498 se
1007 3445 1235 3497 inimicis
1260 3442 1568 3496 dedidisset.
1595 3443 1660 3494 Et
1689 3452 1740 3495 tu
1769 3442 1932 3494 Deum
1964 3443 2286 3514 contumelia

713 3533 878 3586 afﬁcis
901 3542 1169 3601 tamquam
1202 3533 1511 3595 idololatra,
1535 3547 1638 3584 non
1669 3549 1774 3583 uno
1819 3548 1912 3586 ore
1946 3543 2056 3596 tuo,
2082 3534 2174 3586 sed
2206 3536 2286 3585 in-

715 3625 1122 3678 numerabilium
1144 3665 1159 3689 ,
1191 3625 1383 3693 quibus
1412 3623 1545 3676 facta
1575 3634 1659 3676 est
1688 3624 1900 3690 injuria.
1934 3627 1996 3676 At
2034 3641 2139 3676 non
2168 3634 2282 3688 est,

715 3717 901 3783 inquit,
928 3715 1225 3768 idololatra.
1249 3713 1472 3781 Quando
1500 3714 1656 3782 igitur
1682 3713 1860 3766 dicunt
1887 3714 2055 3767 Grmci
2084 3755 2101 3779 ,
2131 3715 2288 3768 Chri-

715 3807 918 3858 stianus
963 3806 1060 3859 iste
1086 3820 1314 3870 avarus,
1348 3817 1473 3857 tunc
1516 3819 1621 3857 non
1661 3804 1774 3872 ipse
1819 3805 1965 3858 solus
1995 3807 2191 3872 probro
2234 3816 2288 3859 et

673 3893 680 3898 ’
716 3897 1036 3948 contumelia
1063 3895 1228 3948 allicit
1253 3910 1344 3960 per
1364 3911 1426 3947 ea
1456 3910 1577 3962 qua:
1605 3895 1746 3952 facit.
1777 3895 1869 3947 sed
1899 3905 1952 3948 et
1978 3910 2072 3948 eos
2099 3895 2287 3963 quibus

632 4055 640 4064 ἰ
685 4052 688 4055 1
719 3987 854 4041 facta
885 3998 966 4040 est
990 3986 1179 4054 injuria
1212 4000 1359 4053 Stepe
1385 3986 1526 4052 cogit
1557 3986 1658 4039 hoc
1690 3985 1905 4040 dicere:
1940 3988 2079 4054 qu‘od
2109 3989 2153 4041 si
2186 3989 2289 4041 hoc

719 4090 822 4131 non
851 4077 1053 4140 dicunt,
1079 4077 1290 4129 illorum
1322 4075 1496 4143 pietati
1535 4077 1634 4129 hoc
1661 4085 1743 4130 est
1773 4066 2156 4144 imputandum.
2182 4081 2288 4131 An-

720 4185 822 4220 non
855 4168 1097 4222 videmus
1123 4182 1210 4221 res
1235 4167 1312 4220 sic
1343 4167 1495 4219 ﬁeri?
1523 4166 1657 4232 Quid
1699 4179 1778 4220 est
1805 4169 1946 4220 aliud
1978 4168 2288 4222 idololatra?

719 4274 894 4310 amton
937 4258 1048 4326 ipse
1073 4272 1285 4326 quoque
1309 4272 1451 4322 smjne
1475 4255 1663 4309 adorat
1689 4258 1812 4309 vitia
1840 4267 1896 4309 ut
1922 4260 2008 4324 qui
2053 4260 2156 4311 illis
2184 4275 2286 4312 non

721 4347 985 4414 imperet?
1024 4345 1091 4399 Ut
1134 4345 1365 4414 exempli
1410 4360 1607 4407 causa,
1653 4346 1865 4413 quando
1897 4347 2121 4400 dicimus
2169 4363 2288 4401 eum

716 4438 939 4489 adorare
959 4435 1116 4500 idola,
1141 4434 1279 4498 Non,
1309 4435 1605 4502 inquitkscd
1628 4434 1906 4492 Venerem.
1931 4438 2022 4489 sed
2050 4438 2286 4491 Martem.

721 4528 782 4577 Ισῖι
810 4527 851 4578 si
879 4525 1203 4588 dixerimus,
1234 4527 1490 4590 Quantam
1534 4535 1610 4578 est
1659 4525 1772 4578 ltzec
1803 4525 2023 4578 Venus?
2048 4528 2136 4595 qui
2167 4538 2294 4582 sunt

719 4633 780 4667 ex
812 4617 888 4668 eis
917 4616 1188 4682 graviores
1214 4615 1418 4675 dicunt,
1445 4615 1695 4682 Voluptas
1728 4632 1740 4664 :
1777 4615 1842 4668 Et
1867 4617 1985 4682 quis
2011 4615 2183 4669 Mars?
2212 4617 2291 4671 lra

721 4718 775 4756 νι
817 4707 1048 4758 animus.
1091 4705 1164 4758 Ita
1208 4709 1367 4760 etiam
1418 4717 1471 4759 tu
1517 4722 1839 4760 mamonam.
1868 4709 1922 4761 Si
1971 4709 2291 4774 dixerimus,

723 4797 949 4861 Quinam
997 4805 1079 4848 est
1126 4797 1406 4849 mamona?
1434 4798 1665 4850 Avaritia
1700 4814 1712 4850 :
1742 4806 1796 4848 et
1821 4806 1872 4850 tu
1901 4813 2016 4850 eam
2067 4799 2306 4852 adoras?

724 4886 838 4938 Non
867 4886 1061 4949 adoro,
1111 4885 1301 4954 inquit.
1333 4887 1549 4952 Quare?
1577 4886 1829 4950 quoniam
1872 4902 1978 4940 non
2029 4898 2078 4941 te
2123 4890 2294 4954 ipsum

724 4975 949 5028 indicetis
973 4985 1027 5028 et
1055 4977 1348 5030 iucurvas?
1378 4977 1543 5029 Multo
1569 4977 1736 5045 magis
1756 4976 1948 5031 adoras
1977 4994 2070 5045 per
2087 4978 2219 5032 facta
2244 4990 2296 5032 et

727 5078 812 5117 res
840 5064 984 5130 ipsas
1009 5081 1022 5125 ;
1057 5065 1170 5119 iure
1195 5066 1337 5120 enim
1360 5075 1442 5119 est
1462 5070 1630 5132 major
1647 5065 1905 5119 adoratio.
1927 5068 1992 5120 Et
2018 5079 2074 5120 ut
2098 5070 2294 5133 discas,

723 5155 843 5207 vide
875 5156 925 5207 in
957 5157 1088 5209 Deo.
1113 5156 1338 5222 Quinam
1385 5174 1504 5210 eum
1558 5157 1725 5227 magis
1769 5158 2022 5223 adorant,
2055 5160 2160 5214 iine
2207 5163 2295 5228 qui

723 5248 891 5296 solum
923 5255 1064 5298 stant
1092 5248 1143 5298 in
1173 5248 1442 5314 precibus,
1467 5264 1534 5300 an
1556 5248 1644 5316 qui
1674 5247 1875 5301 faciunt
1900 5249 2016 5315 ejus
2048 5251 2296 5305 volunta-

726 5335 877 5386 ιειηῖ
909 5335 1086 5388 Palam
1143 5346 1245 5399 est,
1275 5337 1415 5404 quod
1464 5338 1568 5390 isti.
1606 5336 1676 5390 Ita
1709 5338 1868 5391 etiam
1916 5341 1967 5392 in
2014 5356 2258 5394 mammia
2281 5383 2294 5405 ,

727 5425 814 5490 qui
860 5425 1062 5478 faciunt
1092 5429 1206 5494 ejus
1263 5430 1626 5495 voluntatem,
1668 5431 1836 5499 magis
1885 5449 2006 5484 cum
2053 5434 2297 5486 adorant.
2359 5429 2365 5434 ’

729 5518 886 5584 Atqui
935 5518 1009 5570 illi
1042 5519 1128 5586 qui
1158 5521 1380 5572 adorant
1423 5520 1733 5575 affectiones
1759 5533 1813 5574 et
1853 5522 1978 5574 vitia
2001 5564 2015 5586 ,
2049 5539 2192 5590 su‘pc
2235 5525 2302 5577 ab
2344 5519 2351 5526 ’

1403 433 1458 493 s.
1497 421 1767 490 JOANNIS
1800 418 2269 488 οηιιιεοετθιιι
2309 418 2618 484 Αιιςιιιει).
2658 417 3180 488 οοΝειΑΝτιΝορ.

3875 427 3954 480 1‘25

2370 528 2520 592 ‘iram
2567 555 2709 608 saepe
2762 541 2974 596 vincere
2993 559 3055 596 ac
3100 543 3391 611 reprimere
3426 561 3438 593 :
3473 540 3524 595 in
3557 553 3606 595 te
3651 553 3831 594 τιιιιι-ιιι
3882 559 3958 592 ταις

2385 643 2489 682 non
2517 630 2585 683 ita
2609 646 2668 685 se
2695 632 2878 697 habet,
2907 629 3000 686 sed
3035 647 3085 686 te
3105 635 3154 685 in
3175 635 3483 688 servitutem
3515 634 3622 687 vitii
3645 636 3718 686 tui
3740 634 3958 701 redigis.

2385 719 2454 772 At
2482 734 2612 773 oves
2634 735 2739 774 non
2763 720 3010 790 jugulas?
3035 723 3143 776 Sed
3157 724 3376 791 .jugulas
3409 725 3652 778 homines
3673 735 3724 777 et
3756 725 3960 776 animas

2385 808 2588 862 ratione
2604 810 2970 877 prmditasdias
2981 814 3193 878 quidem
3211 813 3490 878 fame,illas
3503 830 3628 868 vero
3642 814 3958 867 maledictis.

2388 900 2501 955 lloc
2517 902 2776 956 sacriﬁcio
2812 902 2941 957 nihil
2967 914 3049 958 est
3075 907 3245 973 magis
3275 905 3610 972 baccbicum,
3632 907 3763 960 nihil
3794 907 3959 972 magis

2387 989 2653 1043 insanum.
2683 991 2813 1055 Quis
2843 1009 3091 1061 umquam
3125 993 3255 1046 vidit
3298 994 3546 1062 jugulare
3576 996 3783 1047 animas
3803 996 3828 1046 ἲ
3855 996 3959 1047 Ex-

2387 1082 2643 1135 secranda
2669 1093 2753 1136 est
2777 1098 2868 1136 ara
2893 1084 3152 1138 aiaritiaz.
3181 1084 3310 1137 Nam
3337 1085 3403 1138 ad
3438 1085 3574 1140 hanc
3610 1101 3759 1140 aram
3789 1085 3958 1139 idolo-

2388 1187 2506 1224 rum
2533 1172 2579 1226 si
2611 1173 2846 1238 veneris,
2877 1174 3074 1228 videris
3105 1191 3222 1228 eam
3250 1175 3400 1234 olere
3429 1177 3741 1246 sanguinem
3769 1192 3958 1244 capra-

2388 1277 2504 1316 rum
2526 1272 2578 1316 et
2607 1264 2798 1328 boum;
2832 1266 2897 1318 ad
2935 1268 3172 1320 avaritia:
3216 1277 3392 1321 autem
3419 1283 3566 1321 aram
3618 1269 3662 1322 si
3709 1270 3954 1331 veneris,

2389 1353 2590 1407 videbis
2601 1369 2720 1409 eam
2739 1357 2972 1425 graviter
2994 1357 3286 1426 spirantem
3306 1357 3592 1411 humanum
3613 1359 3957 1428 sanguinem:

2389 1440 2434 1494 si
2467 1441 2552 1495 hic
2599 1443 2814 1496 steteris
2833 1483 2849 1508 ,
2882 1459 2988 1497 non
3031 1445 3236 1516 videbis
3263 1445 3450 1498 ardere
3477 1446 3591 1499 alas
3619 1448 3796 1498 avium
3815 1487 3828 1508 ,
3863 1461 3958 1498 nec

2389 1534 2555 1587 emitti
2586 1550 2836 1603 vaporem
2884 1545 2937 1590 et
2979 1536 3182 1590 fumum
3210 1577 3224 1597 ,
3255 1537 3350 1590 sed
3392 1538 3565 1606 perire
3604 1551 3833 1606 corpora
3864 1537 3958 1592 bu-

2392 1640 2568 1678 mana.
2599 1625 2728 1679 Nam
2759 1627 2847 1681 alii
2877 1618 3092 1697 quidem
3123 1644 3182 1683 se
3231 1627 3527 1698 przecipites
3553 1629 3809 1698 dejiciunt
3829 1670 3845 1694 ,
3873 1630 3958 1682 alii

2390 1723 2572 1783 aptant
2598 1715 2867 1785 laqueum,
2896 1719 2984 1770 alii
3015 1734 3111 1786 per
3139 1729 3320 1787 guttur
3357 1733 3540 1773 ensem
3573 1720 3955 1789 transadiguot.

2395 1805 2579 1860 Vidisti
2605 1807 2843 1862 crudelia
2870 1819 2921 1862 et
2941 1871 2953 1884 ο
2975 1809 3262 1862 inhumana
3309 1810 3610 1864 sacriﬁcia?
3642 1810 3733 1862 Vis
3767 1812 3850 1863 bis
3878 1812 3956 1861 vi-

2389 1895 2516 1951 dere
2544 1899 2831 1966 gravium?
2869 1897 2983 1966 Ego
3024 1899 3116 1952 tibi
3171 1899 3447 1953 ostendam
3473 1941 3487 1963 ,
3519 1915 3621 1954 non
3647 1900 3755 1969 jam
3790 1902 3958 1953 bomi-

2390 2003 2515 2040 num
2543 2002 2790 2057 corpora,
2819 1987 2912 2041 sed
2930 1990 3134 2042 animas
3166 1989 3275 2042 illic
3320 1990 3562 2043 mactari.
3603 1990 3779 2043 Potest
3819 1989 3958 2042 enim

2393 2079 2609 2131 mactari
2637 2079 2811 2131 anima
2841 2093 2904 2132 ea
2924 2077 3072 2132 caede
3102 2095 3220 2146 qua:
3251 2079 3324 2134 illi
3350 2081 3599 2134 convenit
3622 2098 3636 2132 :
3663 2079 3803 2134 sicut
3820 2081 3958 2133 enim

2390 2178 2473 2223 est
2503 2183 2647 2222 mors
2672 2169 2934 2237 corporis,
2967 2171 3036 2222 ita
3063 2179 3148 2223 est
3170 2185 3313 2224 mors
3339 2172 3531 2224 anima:
3564 2189 3578 2224 :
3606 2173 3789 2224 Anima
3833 2172 3962 2222 enim

2390 2277 2503 2327 qua:
2527 2269 2699 2329 peccat
2717 2300 2732 2321 ,
2761 2260 2966 2328 inquit,
2995 2260 3109 2328 ipsa
3127 2263 3368 2314 morietur
3391 2261 3604 2331 (Ezeclt.
3631 2264 3715 2315 l8.
3744 2262 3820 2330 ι).
3848 2261 3959 2315 Non

2389 2359 2471 2405 est
2495 2351 2666 2420 qualis
2691 2366 2836 2404 mors
2863 2352 3125 2419 corporis,
3157 2353 3249 2406 sed
3276 2361 3360 2406 est
3385 2353 3544 2421 longe
3569 2352 3788 2420 gravior
3811 2368 3956 2405 moris

2389 2444 2599 2496 animae.
2625 2442 2754 2496 Nam
2780 2444 2867 2496 illa
2897 2444 3114 2512 quidem
3141 2459 3287 2498 mors
3302 2448 3562 2515 corporis,
3585 2462 3704 2500 cum
3731 2447 3960 2498 animam

2389 2543 2443 2587 ct
2471 2549 2666 2602 corpus
2705 2533 2931 2587 alterum
2973 2535 3040 2586 ab
3068 2535 3240 2588 altero
3263 2535 3610 2600 dissolverit,
3645 2535 3722 2588 illi
3748 2535 3960 2604 quidem

2389 2625 2542 2686 aﬂ'crt
2570 2626 2806 2694 requiem
2824 2641 2853 2677 a
2883 2626 3063 2679 inultis
3092 2626 3237 2680 curis
3265 2636 3319 2680 et
3342 2628 3649 2690 laboribus;
3681 2627 3818 2682 hanc
3839 2643 3962 2682 vero

2389 2715 2456 2767 ad
2487 2715 2658 2768 locum
2689 2715 3026 2768 manifestum
3073 2717 3384 2770 transmittit
3412 2735 3424 2770 :
3449 2717 3644 2772 deinde
3677 2734 3797 2770 cum
3828 2727 3959 2771 tem-

2392 2820 2519 2873 pore
2553 2807 2712 2860 fuerit
2756 2806 3074 2860 dissolutum
3106 2816 3162 2860 et
3207 2807 3399 2876 spiritu
3435 2809 3729 2877 privatum,
3781 2823 3963 2862 rursus

2389 2907 2740 2965 congregatur
2782 2913 2903 2950 cum
2970 2899 3416 2967 incorruptione,
3464 2910 3519 2954 et
3569 2916 3719 2952 suam
3778 2901 3963 2968 recipit

2389 2987 2641 3041 animam.
2711 3017 2716 3023 -
3884 3049 3890 3055 I

2459 3079 2514 3130 5.
2550 3082 2721 3148 Atque
2746 3079 2866 3132 talis
2890 3079 3104 3149 quidem
3131 3089 3212 3134 est
3235 3095 3378 3134 mors
3404 3082 3666 3150 corporis.
3692 3080 3832 3134 Mors
3862 3094 3958 3132 au-

2390 3181 2496 3225 tem
2529 3173 2718 3226 auium
2745 3182 2828 3226 est
2876 3173 3139 3226 horrenda
3171 3182 3224 3226 et
3273 3172 3548 3226 terribilis.
3603 3171 3717 3225 Non
3745 3173 3884 3226 enim
3917 3171 3960 3224 si

2391 3261 2549 3314 fuerit
2590 3261 2844 3315 dissoluta
2871 3302 2886 3324 ,
2914 3239 3378 3316 eam~transmittit
3427 3261 3565 3315 sicut
3608 3277 3802 3330 corpus
3825 3302 3840 3324 ,
3868 3262 3959 3315 sed

2387 3367 2504 3407 eam
2534 3368 2718 3405 rursus
2738 3353 3005 3422 alligatam
3029 3353 3262 3422 corpori,
3288 3353 3340 3406 in
3362 3353 3502 3419 quod
3523 3353 3677 3407 cadet
3695 3353 3958 3412 interitus,

2389 3457 2504 3496 eam
2548 3443 2780 3496 immittit
2834 3443 2886 3494 in
2930 3442 3125 3511 ignem,
3171 3443 3260 3511 qui
3313 3458 3418 3497 non
3469 3455 3642 3511 potest
3679 3445 3958 3513 exstingui.

2392 3536 2515 3589 llaec
2566 3543 2650 3589 est
2706 3549 2834 3602 ergo
2886 3549 3031 3587 mors
3088 3534 3300 3588 animm.
3349 3534 3496 3588 Sicut
3543 3549 3670 3603 ergo
3692 3544 3773 3587 est
3822 3548 3962 3586 n.ors

2389 3627 2612 3690 aniuue,
2644 3625 2711 3678 ita
2744 3635 2824 3677 est
2859 3626 3014 3677 etiam
3044 3625 3220 3678 czedes
3247 3623 3458 3677 animte.
3481 3625 3616 3690 Quid
3659 3634 3741 3677 est
3791 3624 3962 3678 caules

2389 3719 2667 3788 corporis?
2719 3718 2886 3772 Morte
2935 3732 3056 3772 esse
3104 3718 3390 3781 allectum,
3431 3726 3482 3771 et
3523 3717 3805 3784 abruptum
3844 3731 3964 3771 esse

2390 3812 2698 3879 Operatione
2761 3825 2880 3878 qua:
2949 3820 3032 3862 est
3091 3825 3156 3862 ex
3206 3809 3402 3862 anima.
3475 3809 3610 3876 Quid
3663 3818 3746 3862 est
3790 3810 3964 3863 aedes

2390 3900 2624 3954 animm?
2668 3899 2782 3968 Ipsa
2828 3915 3039 3968 quoque
3067 3909 3148 3952 est
3182 3899 3566 3952 mortificatio?
3594 3899 3730 3966 Quid
3760 3909 3841 3952 est
3868 3913 3960 3951 au-

2393 4004 2496 4047 tem
2526 3991 2864 4045 mortiﬁcalio
2911 3992 3139 4044 animae?
3185 3991 3334 4045 Sicut
3376 4008 3572 4060 corpus
3627 4002 3750 4046 tunc
3798 4003 3965 4045 morte

2391 4085 2643 4147 afﬁcitur,
2669 4083 2881 4153 quando
2919 4085 3094 4137 anima
3138 4083 3192 4137 id
3221 4084 3492 4154 reliquerit
3517 4085 3783 4139 desertum
3815 4102 3844 4138 a
3871 4101 3964 4139 sua

2391 4177 2705 4244 operatiOue
2734 4193 2745 4227 :
2774 4176 2840 4229 ita
2882 4175 3044 4231 etiam
3085 4185 3212 4230 tunc
3257 4185 3430 4231 morle
3479 4168 3709 4231 alﬁt-itur
3756 4178 3963 4235 anima.

2394 4269 2606 4335 quando
2647 4282 2761 4322 eam
2809 4283 2838 4320 a
2884 4281 2977 4321 sua
3025 4269 3337 4334 Operatione
3379 4269 3646 4322 desertam
3697 4271 3967 4339 reliquerit

2395 4357 2628 4425 Spiritus
2660 4366 2892 4410 sanctus.
2925 4356 3018 4410 Ha:
3042 4356 3217 4410 czedes
3245 4367 3300 4410 et
3329 4361 3678 4414 maetationes
3704 4371 3829 4413 sunt
3858 4376 3966 4413 ma-

2395 4449 2537 4500 xime
2555 4445 2619 4499 ad
2643 4461 2788 4498 aram
2810 4447 3044 4499 avaritiae
3065 4467 3078 4500 :
3098 4461 3202 4500 non
3226 4447 3484 4500 satiantu‘r
3505 4463 3679 4516 neque
3697 4465 3756 4503 se
3778 4451 3969 4502 sistunt

2398 4554 2565 4606 usque
2592 4533 2657 4590 ad
2690 4538 3001 4603 sanguinem
3031 4537 3328 4600 hominum,
3362 4537 3454 4590 sed
3486 4535 3586 4590 nisi
3613 4539 3774 4592 etiam
3804 4540 3967 4607 ipsam

2399 4626 2784 4681 sacriﬁcaveris
2825 4627 3087 4692 animam,
3137 4642 3242 4680 non
3294 4627 3545 4695 impletur
3572 4643 3662 4680 ara
3695 4629 3927 4682 avaritia:
3951 4670 3966 4694 ,

2399 4719 2499 4771 nisi
2529 4718 2804 4785 utriusque
2834 4718 3104 4788 acceperit
3124 4720 3330 4772 animas
3353 4761 3366 4778 ,
3398 4724 3590 4786 nem‘pe
3621 4721 3736 4787 ejus
3767 4721 3855 4789 qui
3882 4737 3968 4775 sa-

2399 4809 2603 4862 criﬁcat
2629 4816 2679 4860 ct
2702 4807 2818 4877 ejus
2845 4808 2931 4876 qui
2959 4809 3310 4863 sacriﬁcatur.
3346 4809 3478 4862 Eum
3505 4810 3648 4864 enim
3681 4812 3772 4880 qui
3803 4813 3968 4865 saeri-

2364 4900 2520 4980 _licat
2563 4906 2777 4966 oportet
2821 4898 3046 4966 primum
3077 4913 3196 4953 esse
3239 4898 3628 4963 Sacriﬁcatum;
3673 4911 3728 4955 et
3771 4903 3840 4956 ita
3887 4903 3971 4954 ille

2401 4989 2666 5042 sacriﬁcat
2692 5029 2706 5051 ,
2741 4998 2793 5042 et
2825 4999 3067 5043 mortuus
3093 4989 3359 5043 sacrificat
3386 5006 3507 5044 eum
3548 4993 3639 5060 qui
3673 5001 3796 5046 time
3826 4994 3970 5045 vivit.

2401 5080 2624 5144 Quando
2645 5080 2784 5133 enim
2813 5081 3105 5149 maledictis
3133 5081 3669 5149 insectatur,qoando
3692 5085 3896 5153 probris
3919 5091 3972 5138 et

2403 5168 2658 5222 Conviciis
2705 5169 2943 5236 appetit,
2973 5169 3184 5238 quando
3233 5184 3514 5227 succenset
3555 5183 3608 5228 et
3639 5174 3971 5244 indignatur,

2404 5275 2582 5314 annon
2614 5260 2705 5315 ha!
2725 5261 2890 5328 plaga:
2921 5261 3112 5314 anima:
3134 5271 3256 5316 sunt
3285 5263 3607 5319 incumbiles
3631 5266 3653 5317 ἲ
3684 5265 3843 5320 Vides
3871 5281 3970 5319 non

2405 5368 2524 5407 esse
2553 5353 2753 5406 dictum
2787 5351 3191 5421 hyperbolicum
3217 5353 3239 5406 τ

2479 5443 2756 5495 Avaritiam
2803 5458 2910 5493 esse
2956 5441 3298 5494 idololatriam
3329 5445 3586 5508 probatur.
3610 5476 3680 5485 -—
3704 5446 3793 5500 Vis
3820 5446 3972 5500 etiam

2403 5530 2546 5583 aliud
2577 5530 2781 5593 audire,
2814 5540 2863 5583 et
2893 5530 3102 5584 discere
3127 5533 3394 5600 quomodo
3417 5535 3634 5586 avaritia
3662 5536 3730 5588 sit
3760 5535 3974 5589 idolola-

727 5609 835 5660 illis
879 5620 1005 5662 sunt
1062 5613 1250 5664 remoti
1300 5632 1309 5663 :
1360 5613 1557 5668 videris
1601 5614 1741 5665 enim
1777 5616 2036 5668 cultorem
2089 5617 2300 5681 Martis,

2411 5623 2506 5674 tria
2524 5631 2578 5674 et
2597 5621 2742 5673 cultu
2763 5620 3024 5674 idolorum
3042 5625 3292 5690 gravior?
3314 5623 3612 5680 idololatra:
3639 5627 3863 5679 adorant
3891 5627 3976 5679 [lci

2411 5723 2682 5765 creaturas
2709 5729 2720 5762 :
2750 5709 2812 5762 Et
2841 5713 3100 5764 coluerunt
3125 5756 3138 5775 ,
3174 5714 3339 5784 inquit
3364 5758 3380 5778 ,
3406 5726 3451 5769 et
3478 5718 3754 5770 servierunt
3780 5729 3976 5771 creata-

2417 5818 2485 5855 m:
2507 5803 2662 5868 magis
2685 5819 2833 5858 quam
2855 5801 3078 5856 Creatori
3108 5803 3282 5873 (Rom.
3314 5807 3362 5861 l.
3391 5807 3483 5876 23)
3512 5824 3524 5857 ;
3553 5813 3609 5861 ιιι
3638 5817 3813 5864 autent
3841 5817 3975 5861 ttutm

779 5738 804 5808 ,⁸
849 5741 897 5788 In
933 5755 1026 5808 uno
1047 5743 1221 5808 Codice
1254 5741 1511 5804 legium...
1546 5763 1566 5787 ι
1591 5751 1633 5793 τι
1655 5758 1901 5794 minimum
1928 5763 1948 5788 ι
1982 5749 2112 5802 φωτί
2135 5749 2176 5795 si
2211 5761 2299 5796 ηομ

725 5805 785 5854 εέι
814 5805 1032 5863 possibile
1055 5806 1229 5853 senm
1260 5813 1353 5855 ιτα
1376 5813 1418 5855 rt
1453 5819 1699 5865 nuntiante,
1726 5821 1804 5858 aut
1829 5821 2078 5865 mamma,
2109 5819 2206 5858 etc.
