4096 6310
107 389 206 450 ηδ

103 509 296 565 adoras
317 494 825 560 creaturam-licus
847 493 994 552 enim
1023 508 1130 548 eost
1155 492 1353 547 creavit
1373 489 1672 547 avaritiam.

105 595 204 652 sed
243 609 364 651 eam
406 591 610 648 invenit
651 587 1022 645 iminoderatio
1068 593 1180 654 tua;
1223 581 1672 652 inexplebilitatis.

107 685 241 742 Vide
263 695 442 739 autem
486 680 744 738 insaniam
785 688 840 734 et
884 692 999 732 rem
1028 676 1187 750 plane
1229 673 1527 728 ridiculam.
1575 671 1674 737 Qui

103 777 249 832 idola
290 775 521 830 adorant
547 812 564 837 ,
589 766 751 828 etiam
793 783 856 824 ea
882 783 998 837 qtae
1039 766 1264 820 adorant
1292 765 1592 828 honorant,
1622 771 1676 815 et

103 868 220 919 sive
247 863 530 933 quisquam
556 859 831 930 quidpiam
876 860 930 912 in
959 870 1023 911 ea
1052 855 1283 920 dixerit,
1317 856 1430 907 sive
1459 852 1678 906 maledi-

105 957 214 1010 ctis
259 969 322 1010 ea
362 952 523 1009 fuerit
567 953 893 1015 insectatus,
941 962 1004 1002 ea
1046 945 1456 1002 defenduntztu
1499 953 1676 997 autem

107 1060 380 1116 tamquam
405 1059 513 1114 pra
537 1043 766 1113 quadam
783 1041 1040 1096 ebrietate
1062 1053 1176 1092 rem
1203 1037 1415 1101 adoras,
1433 1050 1549 1103 qua:
1573 1049 1676 1088 non

104 1136 284 1190 solum
312 1149 419 1190 non
446 1141 530 1188 est
571 1132 734 1185 libera
761 1145 788 1181 a
818 1127 1206 1197 vituperatione
1229 1166 1247 1191 ,
1275 1123 1369 1179 sed
1397 1123 1556 1178 etiam
1598 1133 1679 1176 est

106 1228 265 1295 plena
311 1223 607 1294 impietate.
636 1220 992 1285 Quamobrem
1027 1227 1081 1271 tu
1121 1231 1182 1271 es
1211 1217 1288 1270 eis
1314 1215 1470 1284 longe
1497 1213 1676 1284 pejor:

104 1332 285 1386 neque
313 1315 457 1370 enim
484 1311 858 1368 delensionem'
877 1310 1070 1365 afferre
1099 1309 1297 1378 poteris
1323 1307 1464 1376 quod
1487 1320 1590 1360 non
1612 1305 1683 1360 sit

101 1405 331 1458 malum.
359 1403 470 1457 Etsi
519 1402 593 1455 illi
635 1400 864 1455 maxime
892 1407 1018 1452 sunt
1062 1396 1478 1460 inexcusabiles,
1513 1405 1567 1448 tu
1598 1403 1680 1448 tas

100 1510 233 1550 men
263 1492 430 1548 multo
455 1490 656 1561 magis,
687 1497 744 1544 ut
767 1488 858 1559 qui
885 1488 1160 1542 avaritiam
1192 1487 1386 1542 millies
1420 1501 1643 1541 accuses
1663 1525 1678 1548 ,

99 1593 164 1638 et
187 1599 286 1639 eos
315 1582 582 1651 vitu'peres
607 1581 696 1649 qui
722 1593 840 1632 eam
865 1579 1083 1643 colunt,
1113 1587 1166 1630 et
1191 1577 1239 1630 ei
1283 1577 1523 1630 serviunt
1546 1585 1602 1630 et
1630 1576 1681 1630 ei

103 1689 316 1730 morem
342 1681 554 1742 gerunt.
583 1669 643 1726 Si
667 1670 827 1723 vultis
856 1677 1031 1722 autem
1058 1709 1074 1731 ,
1102 1667 1475 1721 examinemus
1511 1666 1682 1720 unde-

103 1781 233 1819 nam
260 1764 330 1817 sit
358 1764 593 1832 ingressa
634 1759 952 1814 idololatria.
997 1757 1132 1810 Dicit
1174 1756 1386 1826 quidam
1433 1756 1682 1824 sapiens,

99 1851 252 1922 quod
283 1851 497 1921 quidam
542 1849 693 1904 dives
717 1848 807 1919 qui
852 1847 1191 1902 cruciabatur
1232 1845 1516 1900 immaturo
1545 1847 1685 1900 luctu

105 1941 209 1995 lilii
230 1983 244 2003 ,
280 1954 452 2010 neque
479 1939 656 1993 luctus
675 1937 834 1991 ullam
859 1936 1087 1994 habebat
1118 1936 1561 2000 consolationem,
1588 1934 1688 1990 hac

105 2032 363 2084 dolorem
391 2027 618 2090 leniens,
650 2026 786 2081 facta
809 2025 1042 2079 inanima
1071 2025 1300 2093 imagine
1328 2024 1445 2092 ejus
1471 2025 1559 2094 qui
1589 2039 1683 2101 ex-

101 2128 372 2182 cesserat,
394 2126 652 2188 perpetuo
696 2129 815 2169 eam
857 2115 1104 2179 intuens,
1131 2115 1407 2167 videbatur
1435 2129 1528 2182 per
1554 2116 1687 2166 ima-

100 2211 291 2278 ginem
311 2222 434 2264 eum
459 2214 720 2277 perpetuo
760 2204 955 2259 habere
983 2204 1072 2273 qui
1102 2203 1428 2257 decesserat.
1459 2203 1685 2269 Quidam

102 2309 294 2355 autem
322 2290 662 2363 adulatores,
692 2311 917 2365 quorum
949 2295 1090 2350 Deus
1118 2304 1307 2349 venter
1333 2303 1417 2348 est
1443 2335 1460 2358 ,
1493 2295 1546 2348 in
1573 2293 1690 2362 ejus

106 2386 384 2446 honorem
410 2389 648 2444 colentes
676 2386 960 2455 imaginem
984 2424 998 2448 ,
1031 2398 1153 2438 eum
1186 2399 1390 2437 morem
1420 2377 1690 2452 perduxe-

110 2489 248 2535 runt
270 2477 338 2533 ad
367 2475 880 2546 idololatriam(8ap.
906 2475 993 2529 is.
1023 2466 1444 2542 l5).|ntroducta
1465 2481 1541 2527 est
1567 2486 1694 2542 ergo

105 2573 183 2625 ab
211 2570 584 2626 imbecillitate
646 2566 838 2620 anima:
859 2581 929 2641 ,ga
961 2564 1185 2618 rationis
1210 2575 1429 2632 experte
1467 2577 1694 2618 consue-

110 2661 305 2715 tudine
326 2698 342 2724 ,
373 2659 440 2714 ab
471 2656 932 2714 immoderatioue.
963 2653 1076 2708 Non
1103 2653 1182 2708 sic
1219 2665 1396 2707 autem
1426 2654 1646 2707 avaritia
1675 2670 1690 2708 :

111 2766 244 2804 nam
276 2750 390 2819 ipsa
416 2761 632 2818 quoque
658 2755 744 2802 est
770 2744 1072 2799 introducta
1098 2745 1167 2798 ab
1199 2742 1468 2798 imbecilla
1492 2746 1692 2808 anima,

109 2855 356 2898 veruma
393 2840 616 2912 pejore:
642 2853 750 2895 non
774 2837 952 2891 amisit
993 2837 1278 2906 quisquam
1307 2836 1493 2900 hlium,
1527 2851 1699 2905 neque

115 2932 299 2987 luctus
313 2933 587 3001 quaerebat
606 2923 879 2992 solatium,
897 2942 1070 2996 neque
1086 2927 1450 2981 attrahebatur
1473 2927 1544 2982 ab
1566 2928 1698 2981 adu-

115 3023 436 3092 latoribus;
472 3018 568 3074 sed
619 3016 925 3088 quomodo?
969 3016 1081 3086 Ego
1139 3016 1289 3070 vobis
1328 3017 1526 3070 dicam.
1566 3015 1698 3070 Cain

117 3111 294 3168 Deum
321 3107 586 3166 fraudavit
610 3123 704 3177 per
723 3107 999 3162 avaritiam
1033 3124 1047 3160 :
1078 3120 1199 3160 nam
1229 3106 1296 3160 iis
1322 3122 1439 3175 quae
1467 3105 1544 3160 illi
1569 3106 1686 3160 dari

111 3188 406 3272 ulmi-febat
431 3197 573 3270 apud
602 3212 662 3254 se
687 3198 930 3262 retentis,
955 3211 1074 3265 quae
1104 3196 1282 3264 ipsum
1315 3195 1513 3251 habere
1539 3211 1702 3266 opor-

117 3295 295 3358 tebat,
323 3306 387 3347 ea
418 3289 497 3348 illi
517 3290 734 3354 obtulit,
761 3297 816 3344 et
842 3287 1038 3342 malum
1067 3303 1095 3340 a
1122 3288 1230 3342 Deo
1254 3287 1628 3371 incepit..Naiu
1656 3289 1700 3341 si

119 3393 227 3438 nos
267 3382 367 3437 Del
411 3393 637 3443 sumus,
681 3378 850 3433 multo
891 3377 1062 3446 magis
1111 3377 1359 3446 primitiae
1399 3386 1700 3432 nostrarum

119 3472 559 3543 possessionum.
588 3469 795 3525 Rursus
820 3467 888 3521 ab
925 3468 1145 3522 avaritia
1176 3477 1290 3520 orta
1317 3476 1400 3521 est
1427 3468 1704 3522 mulierum

119 3561 388 3632 appetitio
415 3578 430 3610 :
459 3557 703 3614 Viderunt
723 3558 858 3627 ﬁlias
878 3557 1161 3622 hominum,
1179 3566 1226 3609 et
1251 3556 1472 3610 devoluti
1497 3567 1614 3610 sunt
1639 3559 1708 3610 ad

121 3642 586 3723 concupiscentiam
611 3640 764 3717 (Gen.
795 3647 850 3702 ϐ.
873 3647 932 3718 2)
969 3663 983 3698 :
1030 3647 1098 3701 ab
1124 3646 1208 3701 his
1234 3639 1424 3705 rursus
1449 3647 1515 3702 ad
1547 3663 1708 3717 pecu-

122 3743 274 3797 nias.
321 3740 455 3796 Nam
485 3740 625 3794 velle
654 3734 776 3809 plus
819 3737 1019 3792 habere
1045 3752 1206 3807 quam
1236 3737 1512 3807 proximus
1544 3738 1596 3791 in
1644 3739 1709 3793 iis

123 3848 256 3903 qua
282 3832 348 3888 ad
376 3831 516 3886 hane
543 3830 706 3884 vitam
735 3828 1020 3898 pertinent,
1053 3842 1160 3881 non
1189 3826 1404 3882 aliunde
1431 3836 1515 3881 est
1531 3836 1708 3892 ortum

123 3936 301 3992 quam
323 3936 385 3975 ex
412 3934 480 3975 eo
505 3919 645 3988 quod
699 3919 968 3973 refrixerit
1010 3918 1242 3971 caritas:
1270 3918 1405 3972 velle
1437 3918 1570 3988 iplus
1613 3921 1710 3970 ha-

125 4008 268 4068 bere
293 4026 396 4066 non
429 4009 648 4066 aliunde
668 3996 840 4065 oritur
867 4024 1024 4079 quam
1050 4023 1115 4063 ex
1142 3994 1444 4078 arrogantia
1461 4019 1484 4074 ',
1514 4018 1564 4063 et
1587 4009 1713 4063 odio

131 4101 416 4157 hominum
441 4110 498 4162 et
535 4109 865 4168 mutemptu.
912 4098 1026 4153 Non
1053 4098 1203 4153 vides
1225 4108 1421 4168 quanta
1447 4099 1516 4153 sit
1547 4108 1709 4166 terra,

127 4201 198 4248 et
224 4191 488 4264 quomodo
504 4207 598 4246 aer
619 4199 676 4246 et
697 4190 886 4250 caelum
908 4191 980 4244 sit
1007 4191 1174 4242 multo
1198 4189 1370 4257 majus
1393 4204 1552 4258 quam
1577 4205 1714 4258 Opus

128 4281 246 4338 sit?
269 4277 398 4338 Nam
431 4265 499 4337 uti
521 4283 662 4337 Deus
689 4290 835 4336 tuam
867 4281 1232 4349 exstingueret
1275 4281 1553 4334 avaritiam
1580 4320 1595 4346 ,
1626 4297 1713 4336 res

129 4385 347 4430 creatas
364 4374 429 4430 ad
452 4384 560 4429 tam
590 4386 835 4443 magnam
865 4369 1050 4426 eduxit
1073 4384 1379 4425 mensuram
1407 4387 1421 4425 :
1451 4379 1506 4424 tu
1534 4381 1711 4427 autem

131 4465 227 4520 sic
241 4479 443 4536 quoque
459 4463 626 4533 rapis,
645 4472 699 4518 et
722 4461 872 4516 audis
887 4461 1164 4514 avaritiam
1185 4475 1305 4514 esse
1324 4458 1671 4514 idololatriam
1697 4479 1713 4517 :

135 4562 202 4609 et
232 4569 298 4609 ne
319 4555 393 4609 sic
417 4553 637 4624 quidem
663 4551 887 4607 horres?
919 4550 1009 4605 Vis
1035 4564 1156 4605 esse
1186 4549 1339 4604 heres
1385 4551 1579 4604 terra}?
1608 4549 1716 4604 Sed

135 4657 261 4698 non
299 4641 463 4698 babes
511 4643 564 4697 in
605 4643 735 4698 eath
770 4641 1122 4697 hereditatem
1154 4641 1429 4696 :studium
1461 4643 1615 4711 ponis
1659 4651 1719 4695 ut

133 4732 274 4789 aliis
296 4734 566 4804 relinquas
595 4727 971 4796 hereditatem,
1004 4740 1057 4785 te
1084 4730 1258 4799 ipsum
1288 4738 1467 4785 autem
1498 4730 1718 4800 privas?

215 4825 280 4878 4.
309 4825 400 4880 Die
423 4817 766 4894 tnihi,siquis
787 4823 939 4878 daret
962 4823 1057 4877 tibi
1087 4831 1401 4892 potestatem
1424 4823 1719 4892 accipiendi

138 4914 362 4978 omnia,
393 4929 461 4969 an
508 4913 722 4968 nolles?
747 4906 897 4967 Licet
924 4928 1055 4981 ergo
1076 4952 1092 4978 ,
1125 4913 1168 4966 si
1198 4913 1352 4967 velis.
1397 4914 1557 4982 Atqui
1588 4929 1722 4966 non-

138 5004 289 5061 nulli
312 5005 494 5061 dicunt
537 5020 599 5060 se
627 5005 811 5060 dolere
836 5044 852 5069 ,
880 5003 1023 5073 quod
1066 5003 1420 5058 hereditatem
1452 5006 1726 5058 transmit-

140 5102 278 5150 tant
299 5095 358 5150 ad
395 5095 534 5149 alios
552 5135 569 5158 ,
593 5103 650 5149 et
673 5093 871 5146 vellent
918 5093 1085 5162 magis
1110 5108 1227 5147 eam
1255 5093 1485 5148 exedere
1503 5135 1519 5158 ,
1564 5109 1723 5161 quam

973 375 1041 437 ΙΝ
1074 377 1292 438 Ειιιειτ.
1336 379 1425 435 ΔΙ)
1464 374 1704 434 εριιεε.
1745 373 1897 430 CAP.
1940 373 2004 428 ν.
2043 373 2274 431 ιιοιιιι.
2314 372 2502 430 XVIII.

3251 369 3355 429 i2.

1787 497 1850 548 ut.
1870 502 1969 543 nos
1994 487 2236 544 viventes
2256 487 2506 544 redderet
2528 485 2902 557 philosophos,
2928 496 2979 540 ut
3010 485 3355 556 persuaderet

1778 578 2057 650 despicere
2083 582 2337 649 pecunias
2357 621 2372 646 ,
2400 589 2459 634 ut
2482 579 2700 634 doceret
2728 588 2937 633 terrena
2983 589 3354 632 contemnere.

1779 669 1894 726 Non
1921 680 2003 747 est
2030 670 2130 725 hoe
2161 672 2419 740 pecunias
2438 670 2719 746 despicere
2744 708 2759 733 ,
2794 668 3125 723 morientem
3163 678 3217 723 et
3246 684 3355 722 non

1779 762 1916 816 ultra
1937 762 2212 816 dominum
2240 762 2365 818 huic
2391 771 2446 818 et
2467 749 2804 832 illi'prznbere
2834 779 2849 817 :
2883 778 2987 815 non
3009 762 3119 832 jam
3146 774 3214 816 ex
3243 763 3352 815 tuis

1779 851 1895 918 das,
1921 853 2014 908 sed
2041 868 2104 909 ex
2151 853 2263 924 ipsa
2297 855 2620 909 necessitate
2646 872 2664 927 :_
2691 853 2849 909 morti
2880 863 2963 909 est
3009 853 3178 924 gratia
3201 893 3215 915 ,
3247 862 3355 906 non

1783 941 1876 1000 tibi
1901 959 1916 996 :
1952 943 2053 999 hoc
2078 960 2184 999 non
2211 955 2293 999 est
2341 946 2732 1001 benevolentiae
2751 985 2765 1007 ,
2795 945 2890 1000 sed
2920 940 3200 1000 irrisionis.
3228 943 3353 998 Ca3-

1783 1039 1953 1086 terum
1983 1034 2072 1088 vel
2110 1035 2189 1115 sic
2218 1034 2306 1088 ilat
2326 1075 2343 1099 ,
2375 1034 2460 1089 vel
2493 1043 2617 1089 tunc
2655 1035 2805 1088 solve
2837 1035 3043 1088 vitium
3069 1044 3124 1090 et
3152 1035 3346 1088 malam

1781 1125 1942 1183 animi
1995 1125 2351 1180 aﬂ'eetlonem.
2404 1125 2586 1196 Cogita
2646 1137 2806 1195 quam
2861 1126 3026 1178 multa
3079 1125 3359 1194 rapueris,

1781 1230 1938 1287 quam
1983 1217 2148 1272 multa
2199 1233 2292 1286 per
2332 1219 2616 1272 avaritiam
2648 1216 2984 1286 possederis;
3026 1217 3190 1272 redde
3235 1231 3358 1269 ome

1783 1307 1929 1360 nium
1956 1307 2306 1376 quadruplum
2329 1323 2344 1370 ;
2374 1308 2443 1360 ita
2471 1307 2612 1374 apud
2655 1308 2818 1361 Deum
2845 1320 3063 1360 causam
3095 1314 3236 1358 tuam
3263 1303 3360 1359 de-

1783 1395 1960 1449 fende.
1991 1395 2093 1450 Sed
2119 1405 2246 1450 sunt
2295 1397 2534 1450 nonnulli
2577 1398 2667 1466 qui
2699 1413 2764 1451 eo
2788 1396 3006 1450 veniunt
3052 1396 3274 1449 insaniat
3302 1402 3358 1449 et

1783 1485 2056 1548 excitatis,
2088 1493 2146 1538 ut
2181 1494 2402 1551 ue'_tnne
2426 1485 2644 1555 quidem
2674 1486 2893 1540 videant
2934 1485 3075 1555 quod
3105 1493 3319 1554 oportet
3340 1518 3358 1551 ,

1784 1575 1880 1630 sed
1909 1591 1972 1630 ac
1997 1577 2040 1629 si
2069 1576 2302 1629 studium
2334 1587 2574 1646 ponant,
2605 1587 2664 1630 ut
2695 1576 2787 1630 Dei
2809 1576 3066 1645 judicium
3093 1575 3201 1630 sibi
3227 1587 3352 1644 gra-

1785 1666 1903 1721 vius
1930 1667 2187 1730 elliciant,
2214 1668 2286 1722 ita
2313 1678 2476 1737 agunt
2503 1668 2702 1721 omnia.
2731 1668 3024 1736 Propterea
3057 1666 3144 1721 hic
3169 1667 3362 1722 beatus

1786 1758 2000 1813 dicebat
2026 1758 2267 1812 scribens
2298 1777 2312 1811 :
2337 1757 2623 1827 Tamquam
2649 1758 2745 1827 ﬁlii
2771 1759 2897 1813 lucis
2917 1758 3188 1812 ambulate.
3218 1758 3362 1811 Ava-

1789 1863 1883 1902 rus
1907 1856 2086 1902 autem
2113 1848 2343 1902 maxime
2374 1847 2502 1902 vivit
2551 1848 2620 1909 in,
2644 1847 2882 1903 tenebris
2904 1889 2919 1913 ,
2948 1859 3002 1903 et
3046 1863 3267 1922 magnas
3298 1848 3351 1902 in

1789 1953 1977 1992 omnes
2004 1939 2204 2008 spargit
2231 1939 2497 1994 tenebras.
2532 1938 2619 2006 Et,
2659 1938 2835 1994 Nolite
2883 1941 3252 1994 communicare
3287 1941 3368 1994 ius

1773 2027 2062 2096 fructuosis
2087 2029 2323 2098 operibus
2348 2030 2689 2102 tenebrarum,
2714 2030 2878 2100 magis
2903 2037 3071 2084 autem
3097 2031 3367 2100 redargui-

1793 2129 1840 2192 te
1861 2135 2007 2189 :quie
2021 2122 2152 2173 enim
2172 2122 2226 2173 in
2243 2121 2438 2174 occulto
2455 2121 2583 2185 ﬁunt
2597 2122 2661 2175 ab
2681 2122 2826 2191 ipsis,
2851 2131 2996 2191 turpe
3014 2132 3086 2175 est
3111 2135 3158 2176 et
3179 2124 3365 2176 dicere.

1796 2205 1981 2260 Omnia
2005 2217 2172 2262 autem
2198 2224 2312 2278 qua
2338 2220 2628 2280 arguuntur
2656 2227 2688 2262 ο
2708 2211 2920 2276 lumine,
2953 2210 3367 2282 mnifestantur.

1868 2296 1944 2350 De
1961 2298 2255 2368 corrigendo
2286 2299 2538 2367 proximo.
2568 2328 2641 2340 -—
2667 2300 2863 2356 Audite
2881 2341 2898 2366 ,
2929 2315 3060 2370 rogo
3078 2341 3094 2366 ,
3120 2301 3370 2370 quicum-

1793 2379 2028 2459 que-’nnn
2058 2390 2230 2443 vultis
2250 2390 2368 2444 sine
2394 2404 2557 2443 causa
2582 2389 2768 2444 haberi
2789 2391 2934 2445 odio.
2969 2391 3148 2461 Rapit,
3179 2401 3228 2446 et
3262 2407 3372 2446 non

1797 2479 2016 2548 arguis?
2042 2482 2108 2531 At
2133 2479 2286 2532 times
2307 2479 2518 2533 odium.
2536 2479 2694 2548 Atqui
2726 2496 2832 2535 non
2854 2490 2936 2535 est
2953 2480 3055 2535 hoc
3073 2482 3195 2536 sine
3210 2496 3372 2536 ttausa
3485 2499 3500 2513 ν

1797 2568 1923 2621 odio
1952 2567 2169 2631 haberi;
2215 2568 2308 2622 sed
2357 2568 2500 2637 justo
2525 2569 2704 2638 arguis
2727 2611 2742 2635 ,
2769 2578 2826 2624 et
2855 2571 3011 2624 times
3032 2568 3255 2625 odium?
3281 2586 3373 2625 ar-

1798 2673 1900 2727 gue
1916 2657 2156 2720 fratrem,
2180 2660 2392 2726 suscipe
2415 2658 2720 2713 inimicitias
2743 2668 2959 2729 propter
2984 2669 3127 2714 tuam
3151 2660 3375 2716 in-Chrit

1800 2761 1941 2802 stum
1970 2749 2270 2812 caritatem,
2304 2759 2521 2817 propter
2548 2759 2690 2802 tuam
2716 2748 2772 2804 in
2800 2749 2972 2819 ipsum
2998 2749 3374 2805 dilectionem:

1802 2837 2024 2906 prohibe
2047 2852 2113 2890 ne
2139 2838 2251 2906 ipse
2272 2838 2428 2892 abeat
2461 2839 2512 2892 iu
2534 2837 2863 2893 barathrum.
2880 2837 3013 2893 Nam
3037 2853 3236 2895 mensae
3254 2855 3378 2896 esse

1801 2926 2128 2994 participes,
2174 2934 2229 2979 et
2275 2927 2625 2996 benignorum
2671 2929 2958 2983 verborum
2983 2970 2997 2994 ς
3046 2937 3100 2983 ct
3130 2930 3378 2999 jucunda:

1803 3015 2162 3085 eloquutionis
2185 3056 2199 3080 ,
2224 3026 2279 3070 et
2302 3017 2640 3080 deliciarum,
2673 3032 2778 3071 non
2809 3027 2892 3072 est
2920 3018 3208 3072 admodum
3240 3022 3378 3073 arui-

1803 3106 1965 3160 citize.
1997 3106 2072 3160 Ea
2102 3109 2299 3161 nostris
2326 3107 2514 3160 amicis
2559 3107 2697 3161 dona
2743 3108 3032 3177 largiamur
3056 3150 3072 3174 ,
3101 3119 3156 3162 ut
3181 3125 3368 3164 eorum

1804 3199 2036 3251 animam
2062 3197 2131 3250 ab
2153 3198 2250 3272 ira
2277 3198 2389 3252 'Dei‘
2408 3196 2776 3265 extrahamus,
2802 3198 2856 3252 in
2886 3198 3003 3260 vitii
3052 3199 3268 3254 fornace
3294 3203 3377 3255 vi-

1807 3289 1996 3343 dentes
2024 3303 2116 3344 eos
2157 3289 2397 3358 jacentes
2444 3288 2733 3358 erigamus.
2783 3290 2861 3344 At
2896 3305 3003 3345 non
3052 3292 3382 3361 corrigitur,

1786 3380 2004 3449 inquit.
2033 3377 2140 3434 Sed
2185 3378 2270 3432 fac
2300 3387 2355 3431 tu
2385 3379 2528 3446 quod
2556 3388 2705 3433 tuum
2735 3388 2851 3443 est,
2883 3391 2934 3435 et
2961 3380 3100 3449 apud
3132 3381 3298 3436 Deum
3324 3397 3386 3437 es

1809 3478 2116 3525 excusatus.
2162 3467 2242 3522 Ne
2287 3468 2523 3523 occultes
2571 3467 2827 3523 talentum
2859 3487 2871 3522 :
2900 3479 3182 3539 propterea
3221 3471 3387 3526 habes

1811 3561 2096 3621 rationem,
2121 3567 2405 3627 pr0pterea
2435 3557 2666 3628 linguam
2691 3569 2746 3613 et
2765 3573 2848 3624 os,
2874 3569 2932 3614 ut
2953 3561 3191 3631 corrigas
3214 3562 3388 3631 proxi-

1813 3663 1980 3702 mum.
2021 3646 2146 3703 Sola
2178 3647 2332 3700 bruta
2358 3663 2464 3701 non
2489 3656 2685 3716 gerunt
2709 3664 2891 3704 curam
2925 3653 3182 3719 proximi,
3214 3667 3389 3723 neque

1811 3740 2037 3792 aliorum
2065 3738 2225 3792 ullam
2256 3738 2455 3793 habent
2482 3739 2739 3793 rationem
2768 3759 2782 3792 :
2807 3749 2865 3793 tu
2895 3751 3074 3794 autem
3103 3741 3194 3810 qui
3220 3742 3387 3797 Deum

1812 3842 1976 3882 vacas
2007 3836 2232 3897 patrem,
2250 3836 2304 3881 et
2325 3827 2624 3895 proximum
2645 3827 2882 3894 fratrem,
2906 3829 3089 3884 videns
3109 3845 3234 3884 eum
3253 3833 3389 3886 mals

1813 3915 2096 3972 facientem
2140 3918 2454 3983 innumera,
2503 3919 2620 3987 ejus
2647 3920 2870 3988 gratiam
2912 3922 3179 3989 preponis
3224 3922 3391 3990 ipsius

1816 4006 2069 4060 utilitati?
2099 4006 2175 4060 Ne
2200 4006 2305 4061 hoe
2329 4005 2494 4062 facias
2511 4023 2661 4078 rogo.
2685 4008 2899 4062 Nullum
2928 4019 3010 4064 est
3030 4019 3235 4066 tantum
3257 4014 3392 4066 ami~

1814 4098 1954 4152 citize
1979 4096 2256 4163 iudicium,
2277 4107 2532 4167 quantum
2564 4098 2759 4152 fratres
2778 4111 3067 4168 peccantes
3090 4117 3198 4155 tum
3217 4101 3396 4170 despi~

1816 4203 1960 4242 cere.
1985 4188 2168 4242 Vidisti
2191 4202 2286 4243 eos
2305 4195 2429 4243 esse
2450 4188 2726 4242 inimicos?
2754 4189 3056 4244 remucilia.
3087 4189 3277 4247 Vidisti
3299 4208 3395 4247 eos

1817 4294 1913 4348 per
1938 4279 2214 4333 avaritiam
2249 4278 2496 4334 fraudare
2539 4278 2786 4346 et'plnra
2833 4280 3149 4348 acquirere?
3179 4281 3395 4336 cohibe.

1819 4369 2010 4423 Vidisti
2063 4369 2252 4438 injuria
2278 4368 2458 4422 allici?
2489 4383 2582 4423 eos
2603 4368 2828 4438 defende
2853 4386 2866 4423 :
2894 4385 2999 4424 non
3030 4371 3156 4436 illis,
3186 4372 3282 4433 sed
3305 4373 3398 4429 tibi

1820 4459 1983 4528 priori
2008 4472 2067 4513 es
2085 4458 2432 4527 gratilieatus.
2456 4457 2738 4527 Propterea
2761 4472 2946 4513 smnus
2970 4461 3126 4514 amici
3151 4501 3165 4524 ,
3189 4469 3246 4514 ut
3271 4477 3398 4530 pro-

1819 4549 1985 4602 simus
2030 4548 2167 4603 alter
2207 4547 2380 4602 alteri.
2424 4549 2595 4602 Aliter
2632 4549 2811 4603 audiet
2836 4550 2904 4603 ab
2928 4551 3138 4619 amico,
3183 4551 3338 4605 aliter
3364 4567 3395 4606 a

1821 4640 2052 4710 quolibet
2083 4657 2098 4692 :
2127 4638 2268 4692 hunc
2314 4639 2526 4693 habebit
2575 4639 2708 4693 forte
2754 4650 3057 4708 suspectum
3080 4683 3096 4704 ,
3121 4650 3177 4696 et
3203 4641 3396 4695 doctu-

1822 4745 1938 4784 rem
1973 4728 2246 4792 similiter;
2293 4729 2522 4783 amicum
2547 4739 2725 4783 autem
2773 4745 2878 4784 non
2928 4730 3075 4784 item.
3110 4730 3236 4797 ρυω
3268 4733 3400 4784 enim

1824 4823 1877 4874 in
1903 4821 2101 4874 occulto
2124 4820 2254 4889 ﬁunt
2292 4819 2355 4873 ab
2393 4821 2516 4889 ipsis
2540 4860 2554 4880 ,
2597 4828 2743 4888 turpe
2782 4829 2856 4874 est
2895 4829 2941 4873 et
2969 4821 3166 4887 dicere,
3208 4820 3401 4889 inquit.

1830 4912 2014 4966 Omnia
2034 4923 2200 4966 autem
2215 4954 2229 4974 ,
2256 4928 2369 4981 quc
2392 4923 2675 4980 arguuntur
2700 4929 2732 4964 α
2752 4912 2969 4979 lumine,
2996 4915 3404 4984 manifestantur.

1827 5003 1963 5070 Quid
1995 5003 2081 5058 hic
2108 5004 2218 5057 vult
2261 5003 2482 5058 dicere?
2532 5003 2641 5056 lloc
2688 5001 2855 5057 dicit:
2889 5003 2990 5057 alia
3021 5005 3234 5074 quidem
3284 5021 3410 5074 pce.

1829 5105 1946 5150 cata
2000 5095 2137 5148 clam
2189 5093 2350 5160 iiunt,
2398 5094 2505 5149 alia
2553 5102 2728 5148 autem
2781 5095 3059 5150 manifeste
3102 5096 3258 5151 :illic
3311 5113 3402 5150 au-

143 5185 339 5260 ‘videre
363 5176 498 5240 alios
537 5179 654 5254 ejus
679 5179 944 5238 domitum.
992 5182 1177 5253 Neque
1221 5198 1322 5252 ego
1370 5195 1421 5239 te
1460 5176 1630 5239 libero
1659 5187 1727 5240 ab
1836 5195 1941 5239 tem
1972 5199 2076 5238 non
2105 5185 2182 5238 sic
2209 5186 2330 5239 erit.
2378 5184 2544 5244 Nemo
2592 5184 2735 5239 enim
2784 5193 2868 5239 est
2914 5186 3002 5254 qui
3052 5188 3251 5253 peccati
3305 5201 3410 5240 nun

144 5276 273 5341 hac
290 5271 645 5332 imbecillitate
678 5293 692 5326 :
721 5289 841 5327 nam
885 5283 966 5327 est
996 5275 1096 5328 hoc
1129 5289 1341 5344 quoque
1371 5269 1650 5330 imbecilla:
1676 5285 1731 5331 et
1834 5278 1905 5337 sit
1941 5278 2044 5332 sibi
2081 5279 2347 5332 conscius.
2387 5277 2673 5346 Propterea
2723 5277 2872 5341 dicit,
2909 5276 3113 5340 Omnia,
3165 5293 3279 5347 quae
3321 5293 3412 5330 ar-

144 5363 382 5422 istam
409 5361 624 5419 animus.
649 5363 756 5418 Sed
789 5373 964 5416 tamen
989 5359 1090 5416 hoc
1115 5361 1303 5417 saltem
1328 5366 1454 5417 liut:
1484 5366 1536 5419 iit
1569 5375 1733 5419 testa-

1837 5378 2060 5439 guuntur
2108 5385 2140 5421 α
2189 5368 2416 5432 lumine,
2464 5367 2874 5436 manifeuantur.
2925 5367 3062 5434 Quid
3106 5368 3271 5436 ergo?
3319 5383 3418 5420 an.

145 5462 346 5512 mento
371 5453 614 5524 relinque
635 5445 913 5509 Christum
961 5436 1237 5508 heredem.
1277 5448 1412 5508 Nam
1458 5467 1734 5524 Oportcret
1838 5436 1946 5511 non
1985 5459 2106 5522 hic,
2141 5457 2392 5526 inquies,
2436 5456 2504 5511 de
2542 5457 2837 5512 idololatria
2889 5457 3162 5526 loquitur?
3210 5457 3418 5526 Nequa-

145 5545 380 5620 qtidem
415 5548 719 5610 viventem;
744 5546 848 5599 hoc
871 5545 1014 5598 enim
1042 5553 1185 5598 esset
1231 5555 1375 5600 recte
1413 5540 1636 5600 instituti
1668 5543 1734 5602 ii-

149 5636 286 5696 Ιητί
304 5636 524 5702 arbitrii;
542 5635 636 5691 sed
649 5644 826 5690 tamen
847 5635 973 5689 vela
993 5636 1312 5690 necessitate
1329 5636 1423 5690 tias
1442 5637 1733 5692 liberalior.

159 5727 390 5788 Etenim
421 5734 705 5799 propterea
733 5718 979 5781 Christus
1003 5726 1156 5792 jussit
1200 5725 1330 5779 dare
1374 5719 1689 5795 pauperibus
1711 5770 1728 5793 ,

1837 5565 2024 5619 quam.
2067 5548 2170 5602 Sed
2219 5548 2288 5602 de
2339 5550 2445 5600 vita
2495 5556 2550 5603 et
2597 5553 2828 5616 peccatis
2882 5549 3042 5602 verba
3097 5547 3238 5601 lat-it.
3296 5548 3419 5602 Oni-

1847 5655 1908 5691 ne
1937 5640 2066 5692 enim
2091 5638 2227 5706 quod
2256 5639 2610 5706 manifestatur
2631 5679 2646 5702 ,
2673 5638 2876 5705 inquit,
2907 5639 3078 5691 lumen
3107 5649 3198 5693 est.
3227 5640 3423 5705 Quam-

1845 5729 2030 5782 obrem
2053 5767 2066 5792 ,
2101 5745 2227 5795 rugo
2253 5769 2266 5793 ,
2301 5744 2472 5798 neque
2522 5743 2615 5782 vos
2655 5728 2915 5782 dubitetis
2962 5743 3185 5798 arguere
3208 5772 3222 5797 ,
3254 5747 3424 5798 neque
