4096 6310
718 401 816 455 ΙΞΊ

716 526 856 577 ιηςιυ
884 507 1067 562 feratis
1108 506 1152 560 si
1197 504 1513 575 arguamini.
1555 503 1688 558 Nam
1716 503 1973 573 quamdiu
2000 502 2199 572 aliquid
2233 502 2291 555 lit

722 603 775 652 in
807 598 1075 662 tenebris,
1111 598 1171 650 lit
1197 595 1471 659 securius;
1501 593 1715 663 quando
1744 603 1922 646 autem
1965 593 2127 647 habet
2151 594 2289 646 mulo

718 701 802 743 t--s
830 699 992 743 testes
1012 703 1197 742 eorum
1226 702 1346 757 qum
1370 686 1526 749 liunt,
1553 684 1906 738 illuminatur.
1935 685 2290 751 Quamobrem

720 779 897 833 omnia
931 778 1162 832 maxime
1193 789 1415 846 agamus
1439 785 1495 828 ιιι
1520 775 1741 829 fratrum
1773 781 2079 827 nostrorum
2105 773 2290 841 abiga—

718 882 839 922 tnus
882 867 1062 921 omnia
1110 882 1229 937 qua:
1279 865 1346 918 ad
1386 870 1611 919 mortem
1660 862 1896 927 ducunt,
1926 872 1984 916 ιιι
2023 862 2294 932 disperga-

715 973 841 1011 mus
868 956 1136 1021 tenebras,
1162 964 1220 1010 at
1249 954 1581 1009 attrahamus
1603 954 1782 1008 Solem
1820 952 2059 1022 justitim.
2087 952 2221 1007 Nam
2247 955 2293 1009 si

723 1037 889 1100 multa
912 1048 1013 1099 sint
1047 1044 1349 1110 luminaria,
1377 1052 1435 1099 et
1461 1044 1670 1096 virtutis
1699 1044 1782 1095 via
1811 1043 1943 1112 ipsis
1967 1043 2071 1097 erit
2096 1044 2286 1108 facilis,

2141 1212 2479 1272 HOMlLlA
2530 1214 2710 1273 XIX.

716 1337 846 1392 Car.
873 1335 927 1393 5.
969 1334 1142 1391 v.15.
1181 1332 1355 1389 Videte
1392 1333 1580 1401 itaque,
1618 1335 1821 1404 fratres,
1852 1334 2103 1402 quomodo
2147 1342 2297 1385 caute

792 1427 1052 1481 auibuletis
1076 1441 1096 1481 :
1126 1440 1225 1479 nou
1245 1423 1389 1494 quasi
1403 1423 1713 1493 insipientes,
1742 1421 1827 1475 16.
1845 1422 1934 1473 sed
1954 1433 2006 1474 ut
2022 1423 2291 1490 sapientes,

792 1520 1085 1572 rudimento:
1107 1527 1303 1585 tempus
1322 1555 1337 1577 ,
1364 1513 1600 1584 quoniam
1614 1512 1721 1565 dies
1745 1512 1867 1564 ntali
1894 1521 2029 1564 sunt.
2057 1513 2140 1563 l7.
2160 1509 2294 1563 Pro-

788 1620 959 1677 pterea
984 1607 1136 1660 nolite
1160 1606 1273 1673 fieri
1298 1603 1664 1673 imprudentes,
1695 1601 1784 1655 sed
1827 1602 2156 1668 intelligentia
2182 1617 2296 1668 qua:

786 1704 848 1754 sit
881 1701 1107 1753 voluntas
1136 1697 1364 1751 Domini.

794 1796 843 1845 l.
878 1792 1144 1859 Expurgat
1174 1788 1349 1841 adhuc
1391 1782 1625 1839 radicem
1665 1782 1971 1836 acerbitatis
1998 1793 2049 1835 et
2077 1797 2291 1835 amaru-

719 1883 896 1935 lentize
920 1920 935 1941 ,
960 1878 1136 1932 adhuc
1164 1875 1427 1930 exscindit
1455 1872 1789 1927 occasionem
1833 1871 1946 1923 ine.
1986 1870 2123 1937 Quid
2150 1873 2292 1924 enim

719 1969 890 2023 dicit?
930 1966 1103 2021 Videte
1127 1965 1379 2037 quomodo
1409 1972 1554 2016 caute
1577 1961 1864 2013 ambnlrtis.
1891 1960 2106 2014 Sciebat
2136 1961 2295 2029 Magi-

716 2078 884 2113 strum
917 2075 1095 2121 suum,
1124 2057 1416 2123 discipulos
1465 2054 1763 2106 mittentem
1810 2051 1950 2103 sicut
1976 2064 2105 2103 oves
2158 2050 2295 2103 inter

722 2158 874 2222 inpos
899 2192 914 2216 ,
943 2148 1260 2219 prmcepisse
1291 2146 1392 2198 illis
1420 2156 1476 2196 ut
1501 2152 1684 2196 essent
1711 2142 1849 2194 sicut
1876 2140 2142 2194 columbae
2176 2157 2190 2191 :
2226 2137 2293 2191 Et

717 2244 875 2303 eritis,
906 2241 1094 2307 inquit,
1122 2236 1374 2304 simplices
1401 2234 1529 2287 sicut
1548 2232 1795 2284 columba:
1822 2229 2036 2299 (Matth.
2056 2230 2143 2284 10.
2177 2229 2290 2299 16).

715 2333 849 2382 tium
898 2344 1024 2396 ergo
1044 2335 1099 2381 et
1140 2326 1278 2379 inter
1309 2324 1460 2390 lupos
1491 2329 1702 2384 essent,
1748 2330 1804 2372 et
1834 2319 1939 2372 illis
1970 2328 2291 2387 prmceptum

718 2432 865 2475 esset
917 2435 983 2474 ne
1035 2417 1443 2478 ulciscerentur,
1493 2410 1588 2464 sed
1620 2410 1757 2463 male
1801 2418 2130 2477 paterentur,
2172 2407 2293 2461 ideo

720 2514 808 2565 tali
843 2510 1211 2565 admonitione
1255 2520 1390 2575 opus
1421 2503 1705 2558 habebant.
1741 2501 1898 2568 Atqui
1930 2500 2060 2553 satis
2088 2510 2204 2553 erat
2233 2499 2295 2551 il-

720 2602 805 2655 lnd
834 2601 976 2670 prius
996 2598 1061 2652 ad
1088 2612 1182 2652 eos
1210 2594 1507 2651 reddendos
1531 2589 1905 2646 imbecilliores
1928 2602 1942 2641 :
1964 2604 2084 2642 cum
2114 2597 2292 2641 autem

719 2694 944 2745 duorum
963 2691 1032 2743 sit
1047 2688 1307 2751 accessio,
1330 2684 1501 2754 cogita
1522 2679 2008 2752 liyperlioleii.Vide
2025 2693 2152 2746 ergo
2163 2693 2294 2746 quo.

621 2803 627 2807 '
648 2800 655 2807 ·
719 2780 878 2835 modo
896 2779 1088 2833 Paulus
1104 2792 1196 2830 cos
1213 2776 1384 2830 munit
1403 2784 1458 2827 et
1476 2783 1615 2826 tutus
1633 2771 1802 2825 reddit
1823 2788 1838 2825 :
1861 2768 2033 2823 Videte
2045 2766 2293 2838 quomodo

718 2872 1000 2927 ambulem.
1027 2869 1250 2937 lutcgrac
1266 2866 1510 2921 civitates
1531 2863 1787 2917 adversus
1814 2875 1910 2914 eos
1931 2861 2125 2913 bellum
2148 2873 2294 2927 gere-

725 2966 871 3028 bant,
895 2963 1085 3015 domos
1116 2960 1275 3013 etiam
1308 2957 1603 3025 ingressum
1631 2962 1713 3007 est
1748 2952 1848 3006 hoc
1877 2951 2113 3005 bellum:
2146 2960 2293 3017 pater

720 3055 976 3107 adversus
1001 3049 1190 3114 lilium,
1218 3047 1358 3100 filius
1379 3045 1636 3099 adversus
1660 3052 1885 3113 patrem,
1915 3052 2084 3094 mater
2106 3041 2294 3094 adver-

720 3160 810 3197 sus
839 3142 1033 3202 filiam,
1069 3140 1170 3192 lilia
1200 3137 1455 3190 adversus
1492 3145 1716 3188 matrem
1753 3132 1911 3185 divisi
1955 3139 2126 3184 erant.
2156 3130 2292 3196 Quid

722 3232 883 3286 vero?
952 3208 1219 3283 undenatit
1269 3235 1423 3281 erant
1473 3241 1552 3277 ca:
1599 3221 1944 3276 divisiones?
1995 3221 2294 3274 Audierant

720 3326 989 3379 Christum
1011 3322 1280 3375 dicentem
1309 3335 1323 3370 :
1352 3318 1452 3380 Qui
1473 3326 1608 3367 ιιιιιαι
1629 3324 1821 3384 patrem
1841 3322 1930 3365 aut
1949 3324 2158 3365 matrem
2179 3313 2295 3380 plus

721 3431 873 3485 quam
903 3428 1000 3476 me,
1032 3427 1132 3464 nou
1175 3418 1248 3462 est
1305 3423 1384 3459 me
1431 3406 1614 3474 dignus
1658 3403 1710 3472 (l
1720 3403 1821 3455 bid.
1850 3417 1898 3454 tt.
1923 3401 2037 3470 57).
2068 3400 2145 3455 Ne
2165 3416 2294 3469 ergo

724 3505 1090 3559 existimarent
1115 3516 1236 3553 eum
1264 3498 1398 3551 bella
1429 3506 1477 3549 et
1501 3511 1637 3563 pugn
1673 3494 1908 3546 situstra
1932 3491 2291 3557 introducere,

724 3597 975 3666 quoniam
1001 3607 1186 3661 magna
1212 3592 1287 3643 ira
1315 3598 1431 3641 erat
1456 3588 1748 3648 cxoritura,
1780 3585 1825 3639 si
1848 3584 1947 3652 ipsi
1973 3597 2185 3652 quoque
2224 3581 2296 3634 ir—

717 3687 935 3756 rupturi
985 3690 1186 3745 essent,
1218 3694 1281 3732 ea
1310 3678 1377 3733 de
1426 3692 1584 3730 causa
1618 3675 1767 3739 dicit,
1828 3672 2004 3727 Videte
2044 3669 2296 3739 quomodo

644 3760 647 3767 ’
727 3786 871 3831 route
891 3772 1176 3826 ambitu-tis.
1210 3770 1320 3823 Iloc
1341 3776 1444 3830 est,
1475 3776 1667 3835 ιιι-ειτιει·
1700 3763 2143 3831 pra2dieationem,
2188 3776 2293 3814 nou

726 3865 938 3919 aliunde
984 3862 1122 3916 dctis
1174 3858 1508 3913 occasionem
1550 3852 2009 3940 suscipiendarum
2038 3851 2322 3905 adversus

726 3972 822 4009 vos
848 3954 1241 4007 inimicitiarum
1275 3965 1289 4000 :
1322 3949 1435 4000 hare
1458 3948 1569 4000 stila
1597 3945 1666 3997 sit
1692 3958 1851 3999 causa
1878 3953 1931 3996 et
1956 3943 2168 3996 occasio
2190 3942 2296 3994 ini-

728 4043 1045 4098 micitiarum
1079 4054 1094 4099 :_
1124 4052 1280 4105 uerno
1306 4036 1381 4089 rei
1408 4035 1627 4087 alterius
1654 4033 1705 4085 in
1746 4047 1840 4085 vos
1879 4032 2081 4085 crimen
2124 4033 2297 4083 iden-

727 4137 854 4198 dat;
897 4131 994 4185 sed
1037 4140 1091 4184 et
1125 4128 1380 4181 honorem
1409 4135 1464 4179 et
1487 4138 1698 4178 onmem
1743 4122 2008 4177 ostendite
2041 4121 2295 4174 obedien-

724 4226 891 4286 tiam,
944 4218 1157 4289 quando
1202 4216 1332 4270 nihil
1377 4214 1534 4268 laedet
1576 4212 2039 4282 praadicationem.
2081 4210 2296 4279 quando

726 4314 860 4368 nihil
895 4311 1142 4379 impediet
1170 4309 1439 4377 pietatem.
1473 4304 1701 4369 Reddite,
1732 4303 1922 4372 inquit,
1950 4301 2179 4355 omnibus
2208 4301 2295 4352 de-

716 4405 851 4465 ‘bita,
868 4402 947 4455 cui
968 4399 1225 4460 tributum,
1250 4395 1510 4457 tributum,
1527 4394 1607 4446 cui
1638 4392 1867 4462 vectigal,
1889 4390 2095 4459 uectigal
2121 4385 2293 4459 (Rem.

728 4495 818 4548 13.
842 4493 920 4559 7).
950 4488 1172 4557 Quando
1197 4487 1338 4541 enim
1365 4485 1415 4538 in
1441 4484 1557 4537 aliis
1589 4472 1817 4535 viderint
1844 4496 1940 4534 vos
1973 4494 2092 4534 esse
2117 4495 2298 4547 arquos

730 4597 781 4640 ct
813 4585 1010 4648 bonos,
1036 4580 1237 4649 pudore
1254 4575 1645 4631 sullundcnlur.
1679 4571 1800 4625 Non
1824 4571 1968 4640 quasi
1986 4570 2295 4635 insipientes,

735 4676 822 4730 sed
852 4684 1103 4741 tamquam
1130 4670 1397 4737 sapientes,
1451 4664 1748 4717 redimeutes
1774 4666 1986 4726 tempus.
2033 4658 2147 4710 Non
2185 4657 2299 4711 lucc

734 4769 940 4829 suadet,
990 4764 1173 4815 volens
1198 4775 1302 4813 nun
1328 4772 1449 4811 esse
1482 4755 1657 4808 varios
1686 4764 1739 4806 et
1766 4765 1866 4805 nos
1897 4752 1950 4803 in
1978 4764 2165 4804 omnes
2195 4748 2300 4801 fur-

735 4874 849 4913 mas
865 4866 1094 4917 vertere,
1122 4851 1214 4907 sed
1242 4849 1343 4902 hoc
1363 4846 1494 4900 dicit
1525 4860 1538 4896 :
1572 4843 1685 4898 Non
1716 4852 1797 4896 est
1819 4851 2027 4908 tempus
2043 4851 2298 4892 vestrum:

737 4965 879 5005 nunc
903 4948 1034 5002 estis
1065 4940 1306 5012 inquilini
1335 4948 1390 4992 et
1418 4934 1708 5006 peregrini,
1739 4942 1793 4986 et
1820 4932 2059 4999 hospites
2085 4939 2140 4984 et
2167 4930 2300 4984 alie-

732 5044 786 5095 ni
810 5060 823 5094 :
851 5057 917 5094 ne
955 5036 1205 5106 quieratis
1232 5032 1513 5092 honorem,
1564 5041 1632 5080 ne
1657 5023 1909 5095 quzrratis
1936 5022 2182 5090 gloriam,
2233 5035 2303 5074 ne

733 5130 985 5202 .pizrratis
1015 5125 1302 5196 potentiam
1321 5160 1337 5186 ,
1367 5135 1467 5174 nec
1497 5118 1750 5172 ultionem
1787 5131 1805 5166 :
1835 5115 2014 5168 omnia
2064 5113 2215 5175 ferte,
2248 5120 2303 5165 et

731 5243 808 5279 sic
839 5234 1049 5290 tempus
1091 5216 1369 5276 redimite;
1402 5211 1565 5264 nmlta
1597 5217 1649 5263 et
1672 5208 1951 5271 exsolvite,
1980 5215 2139 5274 atque
2164 5203 2301 5257 adeo

730 5312 982 5385 quidquid
1015 5306 1300 5361 voluerint.
1343 5304 1639 5357 Obscurum
1665 5308 1750 5354 est
1777 5300 1975 5351 dictum
2017 5314 2031 5350 :
2062 5311 2182 5364 age,
2210 5309 2303 5362 per

732 5403 1032 5472 exemplum
1050 5398 1177 5452 illud
1198 5395 1463 5466 explicare
1478 5392 1731 5447 conabor.
1760 5390 1942 5459 Cogita
1971 5386 2098 5439 mihi
2116 5401 2303 5454 quem-

737 5498 874 5566 piam
900 5494 988 5561 qui
1012 5490 1226 5543 domum
1257 5486 1447 5538 habeat
1468 5481 1835 5552 splendidam;
1867 5479 2060 5534 deinde
2096 5477 2300 5547 ingredi

732 5586 939 5653 aliquos
969 5589 1026 5633 ut
1049 5594 1170 5633 eum
1200 5577 1492 5645 perimant,
1523 5583 1573 5626 et
1604 5572 1750 5625 illum
1781 5572 1943 5623 multa
1970 5570 2130 5633 dare,
2165 5577 2216 5621 ct
2243 5582 2301 5620 se

733 5680 972 5744 eripere;
1005 5683 1131 5724 tunc
1157 5668 1381 5721 dicimus
1412 5679 1533 5718 eum
1565 5677 1623 5717 so
1659 5662 1966 5715 redemisse.
1996 5659 2068 5711 lta
2093 5663 2144 5709 tu
2170 5675 2297 5726 qun-

732 5782 853 5833 qur,
874 5764 1091 5817 domum
1120 5755 1281 5814 habes
1304 5772 1367 5811 nt:
1389 5770 1566 5827 gnam,
1586 5763 1637 5807 et
1669 5752 1823 5805 lidetn
1852 5766 2028 5804 veram
2056 5789 2067 5809 ,
2104 5749 2266 5801 irrutn

1447 395 1504 450 S.
1541 390 1815 450 JOANNIS
1848 391 2308 449 CllRYSIiSTOMI
2348 390 2657 445 ARClllEP.
2699 390 3222 447 CONSTANTINOP.
3865 396 3943 448 198

2394 512 2447 556 et
2478 503 2567 571 qui
2595 513 2719 557 sunt
2761 504 2811 557 in
2842 506 3076 558 tenebris
3116 505 3283 575 magis
3308 504 3777 574 deprchendemur
3799 548 3813 573 ,
3838 508 3939 561 luce

2394 595 2701 660 exoriente,
2731 606 2785 649 et
2817 595 2936 649 illas
2964 595 3263 651 auferente.
3314 596 3409 651 Sin
3438 606 3613 651 autem
3645 606 3829 652 contra
3852 638 3866 662 ,
3890 598 3945 650 ti-

2400 686 2650 739 tuendum
2672 696 2837 739 estne
2857 685 2955 754 ipsi
2976 686 3405 755 cxstinguantur,
3424 688 3759 742 tenebrarum
3774 698 3827 743 et
3843 704 3946 756 pec.

2396 785 2637 830 edorum
2666 777 3022 831 crassitudine
3070 776 3239 830 lucem
3284 778 3567 842 vincente,
3621 789 3676 834 et
3719 779 3944 847 aliigeuts

2397 870 2513 935 ejus
2543 869 2995 936 perspicuitatem.
3038 869 3128 923 Sic
3169 884 3299 938 ergo
3321 869 3497 923 allecti
3537 870 3734 932 simus,
3767 871 3824 922 ut
3848 880 3944 922 ’σιη-

2400 958 2479 1011 bis
2512 959 2780 1031 prosimus
2807 975 2821 1021 ;
2854 968 2906 1011 ut
2942 974 3035 1027 per
3061 959 3238 1012 omnia
3266 960 3490 1029 gloriam
3533 959 3833 1013 emittamus
3865 960 3945 1014 be-

2406 1047 2568 1114 nigno
2598 1056 2647 1099 et
2677 1047 2930 1101 clementi
2965 1048 3099 1111 lico,
3134 1050 3301 1116 gratia
3334 1057 3388 1101 et
3420 1050 3759 1118 benignitate,
3788 1060 3883 1101 etc.

2687 1160 2871 1169 ..ε-ρ..-

3771 1163 3939 1173 -οην

2400 1344 2531 1401 punt
2560 1343 2613 1387 ιιι
2643 1336 2818 1390 omnia
2845 1336 3143 1405 accipiant;
3174 1336 3240 1390 da
3261 1337 3634 1406 quodcumque
3658 1339 3943 1407 exegerint:

2397 1426 2568 1478 solum
2594 1440 2747 1479 serva
2777 1436 2958 1494 caput,
2987 1425 3164 1488 lident,
3196 1426 3432 1494 inquam,
3460 1426 3578 1480 Dies
3602 1427 3756 1493 enim,
3776 1428 3943 1496 inquit,

2397 1514 2520 1565 muli
2544 1523 2683 1566 sunt.

2470 1601 2587 1656 Diei
2615 1603 2809 1656 malitia
2833 1604 2956 1673 quid
2987 1604 3070 1656 sit.
3096 1633 3163 1643 ——
3183 1604 3318 1669 Quid
3347 1617 3428 1659 est
3455 1606 3557 1659 diei
3591 1606 3825 1660 malitia?
3852 1607 3944 1658 Diei

2398 1695 2597 1747 malitia
2644 1693 2805 1750 debet
2832 1709 2952 1748 esse
2989 1695 3128 1747 circa
3174 1694 3333 1748 diem.
3387 1696 3442 1749 Si
3490 1696 3740 1750 didiceris
3765 1712 3877 1765 qua:
3904 1700 3945 1747 in

2400 1783 2619 1852 singulis
2647 1794 2886 1837 nostrum
2927 1784 2998 1837 sit
3048 1784 3249 1837 malitia
3273 1826 3287 1848 ,
3316 1785 3457 1839 scies
3498 1786 3620 1853 quid
3653 1786 3721 1839 sit
3768 1786 3946 1838 u-alitia

2400 1873 2529 1928 diei.
2560 1873 2695 1939 Quid
2739 1882 2819 1928 est
2853 1872 3050 1925 malitia
3077 1887 3172 1926 seu
3209 1875 3389 1927 vitium
3420 1875 3703 1943 corporis?
3727 1878 3945 1929 morbus.

2401 1962 2537 2028 Quid
2560 1970 2642 2015 est
2664 1961 2860 2015 malitia
2884 1961 3075 2015 anima:
3091 1962 3115 2014 ‘l
3132 1962 3312 2015 vitium
3334 1977 3429 2017 seu
3452 1964 3705 2032 pravitas.
3726 1964 3856 2031 Quid
3879 1974 3950 2017 est

2397 2070 2546 2122 aquae
2574 2054 2795 2108 malitia?
2820 2053 3137 2108 amaritudo.
3155 2055 3220 2109 Et
3236 2055 3649 2124 uniuscujusque
3664 2057 3855 2108 malitia
3868 2070 3948 2109 seu

2399 2143 2654 2211 pravitas,
2680 2153 2762 2197 est
2791 2142 2970 2195 vitium
2996 2143 3138 2197 circa
3161 2144 3299 2197 illam
3322 2153 3589 2209 naturam,
3613 2145 3765 2214 cujus
3783 2155 3863 2199 est
3881 2146 3948 2198 vi-

2398 2235 2547 2287 tium.
2583 2233 2638 2287 Si
2665 2248 2792 2302 ergo
2818 2232 3002 2287 vitium
3020 2244 3102 2301 est
3117 2235 3256 2288 circa
3278 2235 3441 2299 diem,
3461 2246 3673 2303 oportet
3694 2251 3810 2290 esse
3824 2238 3949 2289 circa

2399 2324 2570 2392 ipsum
2599 2324 2763 2389 diem,
2794 2325 2934 2377 circa
2959 2310 3136 2387 horas,
3160 2328 3301 2379 circa
3325 2324 3521 2378 lucent.
3552 2325 3624 2379 lta
3648 2335 3701 2378 et
3727 2325 3952 2379 Christus

2395 2414 2561 2467 dicit:
2592 2413 2789 2482 SuIﬁrit
2839 2415 2940 2466 diei
2993 2415 3185 2467 malitia
3213 2431 3306 2468 sua
3336 2413 3548 2485 (Matth.
3566 2413 3619 2468 6.
3639 2414 3750 2484 51).
3777 2416 3951 2468 Euhoe

2395 2520 2523 2574 ergo
2555 2505 2680 2557 illud
2710 2520 2919 2575 quoque
2959 2521 3360 2575 cognoscemus.
3391 2509 3669 2575 Quomodo
3697 2523 3824 2577 ergo
3851 2508 3952 2561 dies

2394 2603 2552 2648 vocat
2600 2584 2802 2648 malus?
2827 2594 3094 2663 quomodo
3126 2603 3333 2664 tempus
3365 2596 3606 2650 malum?
3641 2596 3753 2651 Non
3783 2612 3947 2651 εεκοιιο

2397 2684 2545 2749 tiam,
2578 2700 2749 2753 neque
2779 2699 2867 2737 res
2892 2694 3123 2750 creatas,
3156 2685 3249 2739 sed
3279 2697 3493 2756 propter
3523 2701 3584 2741 ea
3613 2702 3733 2756 qua:
3759 2686 3884 2739 fiunt
3908 2687 3951 2738 iu

2398 2772 2531 2843 ipsis
2563 2790 2575 2825 :
2606 2774 2742 2827 sicut
2793 2790 2891 2826 nos
2933 2790 3145 2843 quoque
3184 2775 3423 2829 solemus
3460 2774 3662 2839 dicere,
3716 2776 3952 2843 Tra:.srgi

2394 2864 2537 2918 diem
2560 2864 2757 2919 malutn
2778 2873 2833 2919 et
2861 2878 3098 2933 gravem.
3126 2864 3284 2933 Atqui
3312 2864 3580 2933 quomodo
3599 2863 3951 2934 fueritgmvis,

2398 2955 2502 3009 nisi
2548 2971 2611 3009 ex
2660 2954 2725 3009 iis
2750 2971 2870 3023 qua:
2901 2955 2951 3007 in
2980 2954 3097 3023 ipso
3124 2954 3405 3009 accidunt?
3430 2953 3565 3021 Qua:
3592 2964 3771 3008 autem
3803 2954 3851 3007 iu
3897 2970 3954 3008 co

2397 3043 2666 3108 accidunt,
2717 3053 2841 3098 sunt
2876 3043 3089 3114 quidem
3123 3046 3259 3098 bona
3308 3059 3337 3097 a
3368 3044 3478 3099 Deo
3503 3084 3517 3110 ,
3550 3030 3691 3100 mala
3732 3055 3902 3098 autem
3929 3061 3953 3095 a

2396 3134 2550 3187 malis
2582 3134 2901 3187 hominibus.
2923 3134 3179 3189 Malorum
3199 3150 3328 3204 ergo
3347 3150 3465 3204 qua:
3484 3135 3730 3189 accidunt
3754 3135 3804 3188 in
3830 3135 3955 3188 tc'm-

2399 3224 2616 3293 poribus
2666 3224 3015 3279 fabricatores
3067 3235 3191 3278 sunt
3233 3223 3478 3279 homines
3525 3241 3539 3277 :
3589 3234 3653 3279 et
3689 3236 3955 3293 propterea

2401 3310 2916 3382 tempora'dicuutur
2933 3314 3087 3368 mala.
3114 3315 3191 3370 Ita
3215 3330 3311 3367 nos
3336 3329 3547 3383 quoque
3562 3314 3700 3367 mala
3722 3328 3958 3368 vocamus

2396 3413 2657 3473 tempora.
2695 3400 2991 3472 Propterea,
3024 3405 3224 3474 inquit,
3255 3406 3412 3457 nolite
3435 3405 3549 3470 ﬂeri
3594 3404 3946 3473 imprudentes,

2398 3494 2487 3547 sed
2509 3494 2843 3569 iutclljgeules
2867 3509 2979 3562 qua!
3003 3494 3068 3547 sit
3089 3495 3318 3547 voluntas
3346 3491 3572 3546 Domini.
3601 3495 3688 3547 18.
3726 3494 3770 3546 Ε
3778 3508 3795 3548 ι
3820 3493 3959 3547 nolite

2398 3572 2645 3639 inebriari
2668 3586 2803 3647 vino,
2828 3585 2880 3635 in
2901 3600 3001 3653 quo
3039 3594 3112 3637 est
3139 3583 3363 3637 iustitia.
3395 3583 3567 3653 Hujus
3609 3599 3820 3653 quoque
3868 3585 3957 3637 itit-

2400 3674 2697 3728 moderatio
2742 3674 2868 3726 facit
2907 3674 3197 3738 animosas,
3228 3675 3477 3738 audaces,
3511 3676 3833 3744 prazcipites.
3867 3679 3961 3728 ira.

2399 3766 2622 3827 cundos,
2654 3779 2953 3835 gravesque
2976 3773 3031 3820 et
3055 3764 3321 3819 difficiles.
3351 3765 3542 3819 Datum
3571 3774 3657 3819 est
3682 3768 3858 3819 vinum
3900 3765 3959 3816 ad

2403 3857 2661 3921 laetitiam,
2686 3872 2790 3909 non
2812 3856 2879 3909 ad
2899 3856 3210 3911 ebrietatem
3228 3872 3244 3911 :
3263 3872 3401 3909 nunc
3417 3868 3594 3911 autem
3614 3874 3724 3917 non
3746 3858 3961 3912 inebria-

2405 3948 2485 4011 ri,
2513 3946 2721 4001 videtur
2749 3961 2836 4001 res
2863 3960 2986 4001 esse
3015 3947 3189 4015 ignavi
3216 3956 3272 4001 et
3300 3948 3618 4016 pusillanimi
3642 3988 3656 4011 ,
3687 3960 3878 4017 etquae
3901 3946 3961 4000 sit

2408 4039 2646 4094 ridenda.
2677 4041 2929 4105 Quamam
2953 4038 3142 4094 salutis
3162 4053 3287 4107 spes
3311 4039 3417 4093 est?
3441 4038 3600 4092 Risus
3625 4050 3709 4092 est
3734 4055 3839 4091 non
3870 4039 3963 4090 iue-

2400 4130 2586 4195 briari,
2613 4130 2713 4194 ais,
2746 4128 2957 4197 quando
2977 4128 3209 4183 ebrietas
3225 4129 3457 4183 maxime
3483 4130 3724 4183 omnium
3754 4130 3961 4183 ridicula

2400 4228 2674 4288 oporteret
2697 4218 2855 4272 esse?
2877 4216 3007 4271 Nam
3028 4220 3190 4272 etiam
3206 4218 3470 4287 privatqu
3495 4220 3681 4287 procul
3701 4219 3771 4273 ab
3798 4219 3962 4273 ebrie-

2402 4323 2512 4367 tate
2541 4312 2760 4365 omniuo
2788 4319 3053 4366 remotum
3076 4324 3198 4365 esse
3225 4309 3424 4366 bonum
3449 4321 3531 4365 est
3559 4327 3573 4362 :
3608 4311 3774 4366 inuito
3799 4323 3962 4365 autem

2402 4403 2571 4473 magis
2600 4401 2824 4456 militem
2850 4402 2891 4465 ¹,
2923 4401 3012 4469 qui
3044 4408 3287 4454 versatur
3310 4400 3360 4452 in
3388 4400 3596 4469 gladiis,
3632 4400 3685 4454 in
3725 4401 3965 4470 sanguine

2402 4503 2459 4550 ct
2477 4494 2747 4556 caedibus;
2771 4501 2825 4545 et
2851 4492 3016 4545 multo
3044 4491 3211 4560 magis
3232 4490 3445 4560 quando
3473 4490 3693 4545 aliunde
3722 4492 3963 4552 irritatur,

2402 4601 2432 4637 a
2466 4590 2747 4653 potestate,
2778 4597 2807 4635 a
2829 4580 3120 4645 dominatu,
3152 4596 3220 4634 ex
3241 4594 3309 4634 eo
3329 4580 3471 4647 quod
3492 4580 3564 4634 sit
3577 4580 3790 4634 assidue
3820 4582 3868 4633 in
3890 4580 3963 4632 iu-

2402 4675 2557 4731 sidiis
2596 4682 2651 4730 et
2681 4673 2893 4743 pugnis.
2926 4672 3019 4728 Vis
3060 4671 3270 4727 discere
3318 4671 3405 4726 ubi
3435 4673 3613 4726 vinum
3643 4674 3714 4727 sit
3742 4670 3965 4726 bonum?

2405 4767 2527 4820 audi
2549 4765 2880 4834 Seriptnram
2910 4763 3196 4829 dicentem,
3218 4761 3541 4817 Datevinum
3566 4766 3897 4824 intercutibus,
3926 4773 3967 4812 rt

2405 4859 2614 4912 siceram
2647 4856 2707 4909 iis
2744 4856 2831 4920 qui
2855 4870 3030 4907 uinaro
3083 4865 3196 4906 sunt
3235 4854 3407 4906 animo
3462 4854 3640 4922 (Prov.
3665 4855 3758 4909 51.
3784 4858 3857 4921 ti}.
3911 4854 3966 4905 lit

2408 4952 2600 5004 merito
2633 4966 2645 5001 :
2678 4949 2814 5001 solet
2838 4947 2982 5001 enim
3013 4946 3223 4999 mollire
3252 4946 3301 4998 id
3334 4944 3473 5019 quod
3517 4955 3601 5001 est
3640 4960 3881 5014 asperum
3921 4956 3965 4994 et

2410 5044 2579 5104 lrisle,
2608 5049 2661 5092 et
2688 5039 2897 5091 auferre
2919 5036 2970 5091 id
2991 5037 3132 5104 quod
3163 5045 3245 5087 est
3270 5035 3591 5088 nubilosum.
3633 5032 3813 5086 Vinum
3849 5032 3960 5085 licti-

2409 5132 2527 5198 [icut
2553 5146 2639 5181 ror
2676 5128 2894 5181 hominis
2921 5125 3101 5194 (Pstil.
3138 5127 3261 5180 105.
3295 5126 3407 5194 15).
3438 5124 3719 5191 Quomodo
3748 5139 3872 5192 ergo
3896 5131 3968 5173 est

2409 5241 2474 5277 es
2510 5223 2632 5274 vino
2657 5220 2928 5275 ebrietas?
2955 5234 3060 5272 tIOn
3088 5221 3231 5272 enim
3260 5219 3383 5271 licet
3406 5220 3656 5285 cuiquam
3689 5216 3889 5284 operari
3911 5229 3966 5267 ea

2407 5328 2526 5380 qua:
2555 5318 2678 5364 sunt
2714 5309 2815 5362 sibi
2837 5309 3125 5362 contraria.
3160 5307 3271 5361 Non
3300 5317 3380 5360 est
3409 5322 3537 5373 ergo
3566 5322 3630 5360 ex
3658 5308 3781 5359 vino
3809 5306 3967 5360 ebrie-

2409 5416 2511 5467 tas,
2543 5402 2636 5456 sed
2675 5416 2741 5455 ex
2788 5399 3140 5453 immoderato
3188 5414 3306 5451 usu.
3364 5396 3557 5449 Vinum
3606 5412 3711 5449 non
3763 5406 3966 5465 propter

2408 5493 2551 5547 aliud
2595 5492 2776 5545 datum
2805 5500 2918 5552 est,
2949 5506 3106 5558 quam
3137 5498 3353 5558 ιιι-υνιιει·
3381 5487 3665 5542 sanitatem
3693 5486 3960 5556 corporis:

2477 5683 2492 5713 ⁸
2519 5678 2732 5729 Samius
2757 5690 2895 5741 putat.
2922 5682 3187 5740 legendum
3209 5684 3286 5730 τω
3305 5679 3849 5743 armantemdormant
3873 5690 3971 5727 *ηιμΓ

2409 5744 2594 5791 melius
2615 5744 2855 5801 quadrare
2887 5743 3081 5792 videtur
