4096 6310
99 379 185 434 1Ξ9
969 377 1032 432 IN
1075 376 1284 436 EPIST.
1323 375 1418 429 AD
1451 373 1668 430 EI‘IlES

1773 376 1878 431 AP.
1914 375 1977 432 ι’.
2020 377 2248 434 1101111..
2291 374 2432 437 XIX.

95 500 178 554 sed
205 499 307 554 hoc
335 514 550 570 quoque
580 497 803 567 impedit
849 494 1240 551 immodetatio.
1299 492 1435 548 Audi
1483 501 1664 554 autem

96 594 230 652 hunc
255 608 467 664 quoque
496 592 714 648 beatum
756 589 1082 646 scribentem
1109 599 1163 643 et
1185 587 1456 642 dicentem
1487 583 1668 638 Timo-

98 686 245 742 theo:
269 683 476 740 Medico
496 685 614 740 vitro
637 694 776 738 utere
803 692 1008 752 propter
1034 681 1350 736 stomachum
1370 689 1418 736 et
1438 680 1671 750 frequen-

91 791 159 832 tes
181 786 295 832 tuas
323 777 649 842 inﬁrmitates
673 774 751 846 (1.
771 772 904 828 Tim.
925 774 980 828 5.
1009 772 1128 840 23).

153 867 207 921 2.
250 866 543 936 Propterea
571 865 717 934 etritn
746 864 890 919 Deus
915 863 1038 918 fecit
1071 871 1252 916 nostra
1275 872 1500 928 corpora
1526 857 1667 927 insta

95 956 390 1026 symmetria
414 954 662 1024 przndita,
675 962 729 1008 et
751 953 935 1023 paucis
949 951 1156 1015 satiari;
1175 948 1297 1009 inde
1314 961 1412 1003 nos
1421 947 1530 1016 jam
1547 961 1670 1000 eruo.

91 1047 237 1101 dicas
263 1085 280 1114 ,
303 1044 448 1116 quod
476 1059 576 1100 nos
603 1054 758 1114 aptos
788 1043 974 1098 fecerit
1017 1040 1084 1095 ad
1113 1040 1338 1095 alteram
1377 1039 1561 1092 vitam.
1600 1035 1669 1088 Et

93 1137 298 1192 volebat
321 1136 538 1206 quidem
565 1136 711 1190 illam
733 1134 862 1192 dare
881 1134 950 1190 ab
975 1132 1149 1200 initio,
1169 1131 1264 1190 sed
1293 1131 1546 1202 quoniam
1579 1129 1668 1183 illa

95 1244 186 1283 nos
216 1228 548 1284 reddidimus
569 1226 840 1298 indignos,
859 1226 1066 1283 distulit
1095 1241 1110 1276 :
1137 1234 1192 1280 et
1213 1239 1280 1279 eo
1299 1234 1542 1292 tempore
1561 1235 1670 1290 qua

92 1322 306 1390 distulit,
333 1336 439 1374 non
472 1334 573 1374 nos
610 1318 739 1385 sinit
765 1317 867 1373 frui
899 1315 1186 1372 immodice
1214 1333 1226 1370 :
1258 1314 1365 1368 viui
1392 1313 1534 1368 enim
1567 1311 1669 1365 lte-

94 1411 228 1464 mina
258 1418 311 1465 et
335 1424 475 1463 unus
499 1410 653 1479 panis
681 1406 959 1463 sufﬁciunt
983 1406 1049 1479 ad
1074 1404 1400 1476 implendum
1425 1412 1666 1460 ventrem

93 1502 333 1557 hominis.
368 1501 436 1554 Et
465 1515 612 1566 eum,
641 1500 734 1570 qui
778 1501 831 1555 in
855 1495 1044 1552 omnia
1065 1497 1219 1554 bruta
1261 1495 1470 1550 obtinet
1488 1493 1665 1570 domi-

92 1603 264 1647 natum
289 1633 306 1656 ,
339 1589 468 1645 fecit
499 1589 838 1660 paucioribus
868 1587 1108 1659 indigere
1135 1602 1296 1656 quam
1328 1586 1417 1640 illa
1437 1627 1455 1651 ,
1487 1585 1669 1641 habita

91 1683 449 1751 pr0portione,
499 1691 552 1737 et
581 1695 780 1749 corpus
805 1679 990 1745 breve,
1034 1678 1168 1734 nihil
1191 1678 1334 1733 aliud
1361 1676 1668 1746 signiﬁcans

88 1788 240 1839 quam
263 1771 404 1841 quod
436 1771 502 1825 ad
533 1771 694 1826 aliam
725 1770 890 1824 vitam
921 1781 1292 1839 properamus.
1323 1765 1500 1822 Nolite
1519 1807 1536 1829 ,
1583 1766 1662 1821 in-

89 1865 214 1932 quit,
235 1865 486 1917 inebriari
512 1863 647 1925 uino,
673 1862 856 1930 inquo
881 1871 952 1915 est
971 1861 1195 1916 luxuria.
1219 1858 1336 1914 Non
1369 1859 1512 1913 enim
1538 1871 1669 1911 con—

87 1963 275 2018 servat,
294 1953 387 2008 sed
417 1953 616 2023 perdit,
647 1967 753 2007 non
785 1952 958 2006 solum
984 1948 1202 2020 corpus,
1235 1949 1329 2005 sed
1356 1949 1517 2004 etiam
1552 1947 1670 2001 aui-

90 2060 244 2096 mam.
277 2045 381 2097 Sed
411 2041 696 2114 implemini
726 2041 949 2111 Spiritu,
984 2040 1068 2097 19.
1101 2041 1357 2109 loquentes
1399 2038 1668 2092 vobismet-

91 2133 284 2199 ipsisin
322 2133 534 2201 psalmis
561 2142 607 2185 et
632 2131 846 2186 canticis
870 2130 1256 2201 spiritualibus,
1303 2129 1572 2197 psallentes
1620 2138 1667 2183 et

85 2233 334 2276 cantantes
354 2223 406 2276 in
437 2220 675 2285 cordibus
707 2220 880 2276 vestris
907 2219 1150 2285 Domino,
1179 2219 1270 2274 20.
1298 2220 1490 2289 gratias
1513 2235 1668 2290 agen-
1691 2275 1697 2280 _

85 2324 148 2365 tes
175 2329 367 2384 semper
385 2329 480 2381 pro
517 2313 771 2378 omnibus,
811 2313 866 2365 in
888 2311 1092 2364 nomine
1128 2310 1332 2364 Domini
1356 2311 1517 2364 nostri
1540 2309 1667 2363 Jesu

85 2405 293 2471 Christi,
324 2405 431 2459 Deo
457 2414 503 2459 et
535 2402 680 2458 Patri
706 2421 724 2457 :
751 2402 840 2459 21.
898 2403 1109 2472 subjecti
1150 2403 1360 2456 invicem
1406 2403 1459 2456 in
1487 2402 1668 2455 timore

85 2495 282 2548 Christi.
337 2494 430 2550 Vis
453 2535 468 2560 ,
503 2495 708 2564 inquit,
757 2493 974 2548 laetari?
1019 2495 1100 2548 vis
1127 2492 1268 2547 diem
1299 2492 1665 2548 consumere?

88 2586 188 2654 Ego
215 2585 284 2638 do
315 2585 406 2640 tibi
448 2593 631 2653 potum
662 2584 999 2655 spiritualem
1045 2600 1059 2636 :
1090 2583 1326 2638 ebrietas
1355 2584 1499 2638 enim
1527 2583 1664 2638 bene

84 2673 464 2743 signiﬁcantem
492 2675 686 2744 linguae
706 2683 905 2728 nostrte
932 2674 1206 2730 essci‘ndit
1233 2687 1440 2738 vocem,
1466 2682 1523 2727 ut
1553 2674 1665 2728 bal.
1713 2717 1718 2724 ,

86 2762 343 2817 butiamus
370 2764 636 2828 efﬁciens,
665 2764 960 2832 oculosque
987 2773 1042 2817 et
1071 2764 1272 2829 omnia,
1297 2773 1354 2817 ut
1392 2766 1556 2819 semel
1577 2765 1661 2819 di-

83 2867 222 2916 cam,
257 2863 590 2922 pervertens.
645 2853 805 2910 Disce
835 2854 1066 2923 psallere
1087 2894 1104 2919 ,
1135 2862 1188 2907 et
1227 2851 1434 2906 videbis
1465 2852 1543 2909 rei
1571 2869 1663 2906 vo-

83 2944 329 3012 luptatem
362 2963 374 2996 :
405 2961 528 2998 nam
556 2947 648 3015 qui
698 2946 955 3016 psallunt,
988 2945 1281 3014 implentur
1311 2945 1512 3014 Spiritu
1540 2959 1664 3000 san-

81 3042 183 3099 cto,
212 3033 345 3086 sicut
370 3035 458 3104 qui
485 3034 725 3088 satauica
743 3042 946 3089 canunt
968 3035 1196 3098 cantica,
1215 3035 1405 3104 Spiritu
1428 3035 1664 3089 immuu~

83 3122 168 3178 do.
195 3122 330 3193 Quid
358 3134 440 3182 est
461 3167 478 3190 ,
529 3125 589 3180 ln
633 3124 869 3178 cordibus
897 3131 1075 3179 uestris
1123 3124 1386 3178 Domino?
1414 3124 1526 3180 Hoc
1555 3136 1660 3192 est,

84 3214 344 3281 sapienter
362 3217 601 3271 animum
622 3215 941 3275 adhibentes
973 3232 987 3268 :
1023 3231 1143 3270 nam
1166 3217 1254 3284 qui
1283 3217 1522 3270 animum
1554 3231 1662 3271 non

83 3304 346 3371 adhibent,
378 3316 582 3362 temere
607 3315 808 3364 canunt
836 3308 996 3364 verba
1029 3307 1328 3377 loquentes,
1348 3307 1511 3363 corde
1535 3307 1662 3362 alibi

85 3405 318 3465 vagante.
365 3396 588 3460 Gratias,
626 3399 818 3467 inquit,
850 3415 1047 3469 semper
1081 3407 1281 3469 agentes
1315 3416 1406 3467 pro
1432 3399 1664 3454 omnibus

85 3486 133 3537 in
162 3487 360 3564 nomine
395 3486 608 3541 Domini
635 3490 797 3545 nostri
837 3487 965 3542 Jesu
1005 3487 1212 3554 Christi,
1242 3487 1350 3545 Deo
1395 3499 1443 3542 et
1489 3487 1658 3554 Patri,

85 3576 290 3644 subjecti
334 3577 545 3632 invicem
583 3578 636 3630 in
664 3578 844 3632 timore
870 3577 1081 3634 Christi.
1112 3577 1167 3639 Id
1211 3586 1330 3646 est,
1377 3578 1662 3648 petitiones

85 3672 271 3719 vestra:
286 3681 404 3723 cum
420 3669 709 3738 gratiarum
727 3669 938 3726 actione
959 3653 1296 3724 innotescant
1313 3669 1450 3736 apud
1473 3668 1660 3723 Deum:

88 3752 212 3808 nihil
237 3757 374 3809 enim
402 3772 554 3825 teque
574 3757 739 3811 Deum
768 3758 950 3812 lmtitla
981 3756 1168 3822 afﬁcit,
1197 3765 1253 3810 ut
1281 3758 1496 3826 quando
1517 3760 1664 3827 quis-

90 3843 222 3910 piam
283 3856 359 3900 est
409 3858 616 3917 gratus.
650 3848 878 3906 Maxime
922 3858 1100 3902 autem
1154 3864 1438 3918 possumus
1467 3851 1665 3920 gratias

89 3949 261 4003 agerc,
288 3937 615 3993 abducentes
640 3941 879 3994 animum
910 3951 1150 3996 nostrum
1179 3943 1246 3994 ab
1274 3941 1336 3995 iis
1363 3958 1483 4011 quas
1513 3945 1664 4012 prius

89 4025 222 4082 dicta
271 4041 415 4096 sunt,
471 4039 528 4085 et
571 4045 694 4086 eum
725 4042 1085 4104 espurgautes
1132 4033 1196 4087 iis
1221 4049 1342 4102 quae
1368 4033 1522 4089 dixit.
1556 4034 1665 4090 Sed

89 4120 382 4188 imples-ini,
412 4123 606 4192 inquit,
635 4109 857 4193 Spiritu.
883 4125 1049 4181 Estne
1076 4124 1176 4179 hoc
1202 4126 1254 4179 iu
1283 4135 1463 4180 nostra
1510 4137 1664 4196 pote-

92 4211 268 4265 state?
293 4212 385 4266 Est
413 4224 582 4268 certe.
629 4213 859 4280 Quando
889 4216 1033 4269 enim
1062 4216 1420 4283 mendacium,
1451 4219 1666 4288 quando

91 4301 426 4377 acerbitatem
455 4312 508 4358 et
530 4293 949 4365 'amarulentiam
971 4347 987 4372 ,
1016 4306 1231 4376 quando
1259 4310 1664 4378 scortationem,

95 4394 303 4460 quando
326 4396 738 4464 immunditiam,
760 4393 976 4468 quando
1004 4399 1282 4454 avaritiam
1301 4415 1330 4453 a
1350 4409 1530 4455 nostra
1551 4403 1668 4456 ani-

98 4499 175 4536 ma
209 4485 569 4557 abegerimns,
593 4489 806 4558 quando
835 4489 1093 4546 fuerimus
1110 4489 1348 4560 benigni,
1368 4492 1670 4548 misericor-

97 4575 207 4639 des,
251 4578 402 4633 nobis
446 4579 578 4648 ipsis
604 4580 988 4650 gratiﬁcantes,
1022 4582 1237 4652 quando
1285 4597 1390 4637 non
1441 4583 1670 4640 adfuerit

99 4667 406 4734 scurrilitas,
431 4669 650 4743 quando
693 4685 791 4725 nos
819 4671 1218 4728 reddiderimus
1261 4671 1487 4743 dignos,
1543 4674 1669 4744 quid

100 4766 177 4810 est
212 4759 349 4830 quod
378 4760 663 4829 prohibeat
701 4777 770 4817 ne
802 4762 1023 4820 accedat
1072 4773 1129 4819 et
1172 4763 1392 4820 advolet
1438 4763 1674 4834 Spiritus

101 4849 346 4903 anuus?
373 4848 559 4921 Neque
591 4851 768 4907 solum
814 4853 1055 4920 accedet,
1088 4855 1183 4909 sed
1225 4855 1386 4910 etiam
1410 4856 1675 4926 ‘implebit

99 4951 188 4994 cor
223 4949 482 4994 nostrum.
515 4937 654 4996 Dum
701 4951 786 4997 est
810 4952 991 4998 autem
1022 4944 1348 4999 intrinsecus
1379 4945 1473 5000 lux
1503 4953 1671 5014 tanta,

103 5042 201 5082 non
241 5029 341 5085 erit
359 5031 428 5085 de
449 5041 650 5087 cetero
673 5031 966 5088 difﬁcilese
982 5048 1049 5090 ex
1072 5036 1268 5090 virtute
1283 5046 1428 5092 reete
1454 5051 1675 5105 gerere,

104 5119 191 5173 sed
221 5119 374 5176 facile
414 5133 471 5177 et
510 5123 848 5195 expeditum.
869 5124 1096 5192 Gratias,
1129 5127 1322 5197 inQuit,
1351 5139 1557 5199 agentes
1584 5146 1678 5199 pro

106 5212 342 5270 cornibus.
376 5213 515 5283 Quid
569 5215 740 5286 ergo?
788 5231 886 5286 pro
912 5217 1202 5282 omnibus,‘
1236 5235 1357 5287 quae
1409 5220 1678 5289 accidunt,

108 5312 313 5374 oportet
353 5305 551 5374 gratias
588 5307 796 5376 agere?
849 5307 1010 5389 Certe
1041 5324 1056 5360 :
1089 5309 1294 5363 etiamsi
1340 5311 1410 5365 sit
1437 5311 1678 5377 morbus,

114 5394 310 5448 rtiamsi
341 5403 644 5463 paupertas.
691 5395 748 5452 Si
778 5398 922 5454 enim
954 5399 1006 5452 in
1036 5398 1216 5453 Veteri
1245 5400 1505 5455 suadebat
1529 5402 1680 5471 quis-

113 5483 244 5550 piam
270 5483 492 5553 Sapiens
514 5484 702 5539 dicens
719 5501 740 5542 :
769 5486 930 5542 Omne
956 5487 1091 5558 quod
1117 5488 1205 5542 tibi
1221 5490 1481 5542 inductum
1509 5493 1681 5560 fuerit,

3255 347 3363 456 tuo

1777 491 1922 546 enim
1945 503 2029 552 est
2055 509 2241 548 revera
2265 496 2562 564 gratiarum
2588 496 2752 551 actio.
2781 496 2877 553 Sin
2912 506 3246 557 autem-calt
3284 505 3363 558 sis

1775 581 2053 644 beneﬁciis
2080 584 2304 640 allectus
2325 627 2339 648 ,
2377 586 2770 658 opulentusque
2793 597 2847 644 at
2875 589 3135 660 locuples,
3166 605 3364 660 resque

1776 681 1894 728 tuas
1921 673 2057 730 bene
2085 689 2240 745 geras
2259 716 2276 742 ,
2305 686 2358 730 et
2399 677 2578 732 omnia
2611 679 2705 732 tibi
2754 693 3016 749 prospere
3043 682 3358 752 succedant,

1686 769 1688 771 ’
1773 777 1900 833 agas
1923 766 2143 834 gratias,
2163 780 2271 820 non
2297 776 2380 822 est
2407 783 2661 836 magnum
2692 784 2792 826 nec
2817 764 3232 828 admirandum:
3262 758 3354 831 ve-

1775 868 1892 908 rum
1919 855 2059 924 quod
2087 857 2348 924 quarritur
2365 868 2471 921 est,
2507 859 2794 926 utgratias
2819 869 2945 930 agat
2964 863 3063 930 qui
3090 865 3362 921 estin/af-

1775 943 2099 1002 flictionibus
2131 955 2184 1002 et
2215 946 2269 1002 iu
2292 949 2567 1003 mmstitia.
2599 947 2740 1003 Nihil
2769 951 2920 1008 dicas
2945 963 3070 1009 ante
3112 953 3216 1010 hoc
3241 971 3362 1012 ver-

1776 1035 1926 1102 bum,
1956 1035 2166 1092 Gratias
2195 1052 2297 1106 agn
2327 1037 2456 1104 tibi,
2497 1038 2747 1109 Domine.
2783 1039 2847 1095 Et
2870 1041 3001 1109 quid
3025 1043 3151 1098 dico
3175 1060 3275 1115 pro
3297 1048 3364 1104 iis

1774 1141 1896 1195 qua:
1926 1126 2013 1184 llic
2037 1137 2160 1182 sunt
2183 1128 2601 1183 afﬂictionibus?
2628 1146 2725 1198 pro
2751 1129 2866 1202 ipsa
2883 1135 3132 1204 pelicatus
3149 1148 3365 1208 oportet

1778 1218 1887 1272 Deo
1913 1232 2071 1287 agere
2091 1223 2312 1289 gratias,
2363 1236 2460 1290 pro
2489 1222 2663 1290 pomis
2695 1232 2752 1276 et
2776 1227 3055 1294 suppliciis
3084 1242 3206 1298 qua:
3233 1240 3362 1285 sunt
3467 1279 3474 1286 .

1775 1308 1884 1364 illic
1923 1325 2024 1367 sea
2049 1313 2193 1365 enim
2223 1326 2313 1372 res
2357 1327 2454 1364 nos
2482 1313 2638 1367 valde
2666 1313 2814 1381 juvat
2849 1317 2939 1384 qui
2985 1317 3368 1375 animadverti-

1727 1448 1740 1466 ,
1775 1416 1894 1456 mus
1925 1417 1940 1455 :
1971 1417 2068 1470 pro
2090 1401 2242 1457 freno
2279 1412 2455 1457 metus
2478 1404 2739 1471 gehennae
2772 1407 3077 1475 immatur
3109 1410 3363 1467 cordibus

1776 1491 1997 1546 nostris.
2020 1490 2098 1545 Ne
2113 1507 2244 1562 ergo
2272 1501 2475 1546 unitum
2499 1510 2598 1563 pro
2621 1495 2921 1550 manifeuis
2940 1498 3236 1565 beneﬁciis,
3265 1502 3362 1557 sed

1774 1582 1934 1642 etiam
1963 1597 2060 1650 pro
2103 1582 2168 1636 iis
2197 1597 2322 1652 qua:
2344 1599 2451 1637 non
2479 1594 2600 1637 sunt
2633 1586 2950 1654 manifesta,
2979 1599 3034 1643 et
3059 1589 3255 1659 qibos
3277 1593 3364 1648 vel

1774 1673 1923 1729 inviti
1945 1673 2230 1738 allicimur,
2250 1677 2475 1743 agamus
2491 1677 2692 1744 gratias
2717 1695 2730 1730 :
2759 1677 2943 1736 multis
2956 1679 3109 1734 enim
3135 1695 3235 1736 nos
3263 1699 3364 1739 nos

1776 1764 1948 1819 lentes
1967 1773 2022 1818 et
2050 1765 2355 1820 nescientes
2384 1764 2661 1823 beneflciis
2686 1764 2876 1821 allicit.
2927 1768 2987 1825 Si
3029 1781 3207 1826 autem
3252 1789 3363 1829 non

1773 1854 2015 1920 creditis,
2039 1854 2151 1923 jam
2174 1855 2334 1910 vobis
2353 1869 2467 1910 nm
2494 1857 2672 1924 palam
2703 1856 2915 1911 faciam.
2933 1858 3142 1930 -.Cogita
3164 1862 3360 1918 enim:

1772 1946 2017 2001 scelerati
2038 1955 2094 2002 et
2120 1945 2383 2001 increduli
2414 1944 2615 2009 Graeci,
2635 1947 3141 2006 Immiimuia
3163 1954 3364 2009 adscri-

1757 2038 1903 2103 bunt
1928 2047 1984 2092 et
2025 2038 2142 2092 suis
2167 2036 2369 2091 idolis?
2397 2038 2537 2102 Quid
2583 2040 2750 2092 vero?
2801 2055 2980 2094 antron
3011 2057 3108 2098 eos
3150 2060 3364 2117 quoque

1774 2127 2037 2183 beneﬁcio
2065 2126 2272 2182 afﬁcit?
2297 2142 2477 2181 annon
2503 2137 2588 2183 est
2637 2129 2784 2183 illius
2808 2177 2810 2179 .
2819 2132 3178 2199 providentia:
3216 2141 3362 2209 quod

1775 2219 1874 2288 ipsi
1906 2218 2084 2293 vivant
2115 2227 2169 2272 et
2199 2217 2306 2273 sint
2333 2218 2474 2283 sani,
2519 2230 2569 2273 et
2605 2220 2808 2275 liberos
2835 2236 3139 2293 procreent,
3166 2238 3222 2283 et
3246 2246 3365 2300 quas

1772 2320 1902 2366 sunt
1929 2308 2262 2377 huiusmodi?
2293 2309 2430 2374 Quid
2460 2325 2588 2364 vero
2615 2311 3012 2368 MarcitinisL'n?
3042 2317 3169 2386 quid
3198 2320 3363 2375 Mani-

1771 2398 1947 2454 chaei?
1973 2414 2152 2456 nonne
2174 2399 2323 2455 illum
2347 2387 2691 2469 blasphcmiis
2717 2407 3013 2473 appetunt?
3037 2408 3176 2476 Quid
3202 2415 3360 2483 ergo?

1772 2506 2068 2564 nonneeos
2088 2493 2327 2561 quotidie
2355 2492 2618 2548 beneﬁcio
2650 2495 2856 2550 afficit?
2883 2498 3036 2565 Quod
3072 2502 3116 2556 si
3147 2506 3363 2561 nescios

1772 2582 2014 2654 quotidie
2039 2581 2308 2636 beneficio
2331 2582 2518 2649 allicit,
2553 2583 2721 2638 multo
2751 2587 2921 2656 magis
2951 2603 3074 2644 ms.
3105 2593 3258 2660 Quod
3276 2607 3364 2650 est

1772 2675 1914 2730 enim
1944 2674 2089 2728 aliud
2126 2674 2218 2729 Dei
2243 2689 2378 2743 opus
2399 2690 2558 2745 quam
2591 2675 2716 2743 hoc,
2749 2694 2943 2748 nempe
2971 2680 3246 2739 hominum
3273 2702 3368 2756 ge.

1773 2781 1876 2820 nus
1898 2763 2118 2820 afﬁcere
2140 2763 2401 2820 beneficio
2420 2802 2438 2831 ,
2465 2774 2523 2822 et
2542 2781 2640 2836 per
2660 2769 2923 2838 supplicia
2945 2779 3006 2827 et
3031 2787 3128 2843 per
3152 2786 3367 2833 τοσῇδε.

1771 2854 2010 2908 tionem?
2828 2875 2832 2895 ί
2916 2883 2926 2896 ο

1842 2943 2035 2998 Gratia
2053 2942 2163 2998 Deo
2183 2945 2392 3014 agenda
2416 2945 2566 2999 etiam
2587 2947 2645 3000 in
2671 2948 2916 3004 adversis.
2941 2981 3016 2993 -—
3030 2953 3150 3008 Non
3179 2959 3355 3015 solum

1771 3051 1900 3105 ergo
1925 3050 2148 3105 agamus
2171 3037 2394 3105 gratias,
2426 3037 2553 3090 dum
2597 3047 2723 3092 sunt
2755 3040 2913 3096 nobis
2948 3058 3037 3099 res
3064 3051 3317 3104 secundm
3347 3072 3361 3106 ε

1769 3141 1876 3182 non
1902 3137 1985 3181 est
2013 3128 2155 3182 enim
2186 3127 2286 3182 hoc
2313 3143 2582 3198 magnum.
2620 3130 2685 3184 Et
2735 3131 2837 3186 hoc
2884 3139 3030 3190 novit
3073 3138 3319 3196 diabolus
3346 3161 3361 3207 ς

1770 3216 2000 3284 ideoque
2032 3217 2240 3272 dicebat
2274 3233 2288 3270 :
2320 3217 2465 3272 Nunt
2486 3218 2588 3272 Job
2626 3223 2786 3290 gratis
2807 3224 2928 3277 colit
2951 3225 3118 3282 Deum
3138 3230 3165 3282 .’
3197 3249 3366 3294 nonne

1769 3306 2166 3361 circumvallati
2185 3323 2301 3375 qua
2323 3318 2442 3361 sunt
2468 3311 2580 3380 ejus
2605 3311 2760 3374 intus,
2791 3323 2978 3384 etquae
3002 3318 3131 3384 {oris
3151 3321 3179 3374 .’
3204 3323 3366 3395 Aufer

1770 3412 1942 3450 omnes
1966 3398 2081 3466 ejus
2120 3398 2391 3466 facultates
2412 3439 2430 3464 ,
2480 3411 2614 3452 certe
2659 3401 2710 3453 in
2754 3404 2937 3472 facient
2989 3407 3079 3462 tibi
3109 3409 3364 3467 benediret

1771 3487 1790 3556 (
1819 3484 1918 3540 Job
1951 3486 2002 3541 1.
2034 3486 2086 3542 9.
2119 3488 2233 3555 10).
2264 3487 2370 3542 Sed
2412 3489 2676 3544 scelerato
2705 3492 2776 3544 illi
2830 3493 2961 3549 nihil
3007 3511 3071 3551 ea
3117 3514 3185 3554 eo
3225 3501 3361 3558 lucri

1770 3576 2016 3641 accessit,
2044 3585 2100 3630 et
2126 3577 2266 3631 absit
2295 3586 2348 3630 ut
2377 3577 2445 3632 de
2466 3580 2618 3632 nobis
2645 3581 2694 3632 ei
2730 3580 2863 3636 lucri
2888 3584 3090 3654 aliquid
3111 3592 3355 3649 accedat.

1772 3666 1878 3721 Sed
1905 3676 1958 3722 et
1995 3669 2213 3737 quando
2253 3669 2512 3728 fuerimus
2551 3670 2604 3725 in
2653 3683 2998 3742 paupertate,
3049 3682 3266 3746 qrrandn
3308 3686 3361 3741 itt

1771 3759 1975 3813 morbis
1993 3770 2048 3814 et
2078 3761 2128 3812 in
2159 3761 2441 3822 molestiis,
2475 3772 2601 3814 tunc
2632 3763 2888 3830 majorem
2912 3781 3134 3836 agatnns
3159 3776 3360 3842 gratia-

1775 3864 1894 3902 rum
1928 3849 2196 3903 actionem
2233 3867 2244 3901 :
2277 3851 2592 3918 gratiarum,
2628 3851 2881 3920 inquam,
2928 3858 3216 3925 actionem,
3257 3878 3366 3917 non

1774 3939 1974 4002 verbis,
2015 3954 2191 4008 neque
2219 3940 2418 4007 lingua,
2453 3940 2546 3993 sed
2581 3942 2740 3997 rebus
2765 3953 2817 3996 et
2847 3943 3023 4013 factis,
3065 3959 3120 4002 et
3164 3953 3368 4021 cogita.

1775 4029 1921 4083 tione
1948 4036 2005 4083 et
2027 4029 2210 4083 corde.
2242 4029 2370 4084 Tota
2400 4031 2575 4084 anima
2609 4033 2656 4084 ei
2686 4047 2906 4101 agamus
2930 4039 3147 4107 gratias.
3198 4041 3364 4114 Magis

1773 4119 1917 4174 enim
1949 4133 2046 4172 nos
2074 4119 2248 4188 diligit
2274 4135 2432 4190 quam
2464 4121 2555 4191 qui
2587 4137 2688 4176 nos
2717 4139 3057 4192 genuerunt;
3105 4140 3161 4186 et
3199 4150 3366 4204 qua".

1777 4219 1886 4264 tum
1921 4211 2144 4265 interest
2175 4211 2314 4264 inter
2343 4214 2659 4279 pravitatem
2687 4225 2741 4267 et
2769 4215 3082 4287 bonitatem,
3113 4231 3255 4278 tanta
3283 4239 3364 4282 est

1775 4300 2072 4360 differentia
2098 4288 2405 4358 dilectionis
2435 4303 2530 4377 Dei
2557 4318 2590 4359 a
2608 4303 2902 4363 dilectione
2920 4320 3130 4379 patrum
3153 4327 3368 4375 nostro.

1775 4406 1916 4446 rum.

1848 4485 1901 4540 3.
1941 4482 2127 4554 Neque
2150 4482 2265 4539 tunc
2287 4483 2456 4539 verba
2481 4495 2606 4540 sunt
2631 4501 2772 4548 mea.
2801 4489 2894 4543 sed
2933 4489 3100 4560 ipsius
3126 4492 3324 4553 Christl
3352 4542 3367 4565 ,

1776 4575 1866 4645 qui
1887 4589 1987 4629 nos
2004 4575 2176 4643 diligit
2200 4591 2216 4630 :
2243 4575 2366 4630 audi
2389 4587 2512 4630 eum
2536 4576 2827 4645 dicentem,
2857 4579 2987 4646 Quis
3013 4599 3077 4636 ex
3104 4586 3244 4640 vobis
3271 4590 3366 4642 lto-

1777 4681 1884 4732 nto,
1908 4665 1995 4735 qui
2022 4666 2069 4720 si
2090 4666 2230 4734 [ilius
2257 4666 2324 4720 ab
2341 4682 2402 4720 ea
2427 4667 2625 4738 petierit
2655 4684 2860 4738 pauent,
2884 4686 3006 4724 nunt
3033 4671 3257 4743 lapidem
3279 4679 3374 4737 da.
3416 4675 3427 4682 ’

1780 4757 1850 4810 bit
1873 4757 1965 4810 ei.’
1991 4756 2052 4811 Si
2075 4767 2245 4809 autem
2266 4773 2353 4810 vos
2378 4773 2494 4810 cum
2533 4759 2643 4812 sitis
2681 4760 2813 4813 antali
2837 4800 2852 4819 ,
2895 4762 3033 4816 scitis
3081 4764 3210 4818 bona
3248 4769 3373 4822 data

1781 4849 1904 4902 dare
1930 4847 2052 4915 ﬁliis
2076 4848 2248 4901 uestris
2278 4863 2298 4903 .'
2319 4856 2507 4916 quanto
2536 4849 2698 4917 magis
2720 4847 2880 4902 Pater
2917 4861 3081 4906 vester
3103 4855 3190 4924 qui
3218 4865 3291 4910 est
3316 4858 3382 4914 in.

1782 4937 1920 5008 curti;
1961 4937 2094 4991 bona
2146 4937 2284 4991 dabit
2324 4937 2388 4990 iis
2433 4937 2520 5006 qui
2563 4940 2628 4992 ab
2671 4939 2783 5004 ipso
2813 4949 2986 5006 petunt
3038 4943 3058 5013 (
3078 4941 3263 4998 Matth.
3315 4947 3372 5006 τ.

1787 5028 2036 5099 10.“)?
2093 5039 2149 5084 et
2205 5043 2394 5082 rursus
2439 5028 2601 5094 alibi,
2655 5028 2796 5082 Nunt
2838 5028 3157 5086 obliviscetur
3192 5036 3378 5093 mulier

1785 5119 2011 5173 misereri
2029 5118 2256 5187 ﬁliorum
2287 5118 2417 5173 uteri
2443 5119 2523 5171 sui
2545 5117 2571 5172 .’
2599 5117 2666 5173 Si
2705 5129 2877 5172 autem
2910 5135 3085 5174 eorum
3113 5123 3377 5178 obliuisci.-

1790 5221 1874 5264 tur
1904 5213 2104 5274 mulier.
2154 5227 2247 5280 ego
2286 5210 2556 5264 tamentui
2601 5225 2704 5264 non
2751 5211 3041 5279 obliviscar,
3096 5215 3219 5268 dicit
3269 5215 3380 5271 Do-

1788 5305 1956 5363 minus
1982 5302 2136 5376 (lsai.
2168 5303 2258 5360 49.
2293 5304 2403 5373 15).
2430 5302 2565 5357 Nam
2591 5302 2636 5357 si
2666 5318 2773 5358 non
2819 5305 3019 5374 diiigit,
3047 5321 3144 5361 cur
3167 5322 3269 5364 nos
3304 5310 3382 5364 fe-

1788 5396 1898 5449 cit!
1926 5410 2052 5448 nutu
2074 5394 2173 5449 fuit
2195 5395 2243 5447 ei
2270 5392 2532 5448 necesse?
2562 5409 2688 5447 num
2715 5393 2916 5464 aliquid
2943 5395 3168 5452 facimus
3191 5413 3298 5468 quo
3326 5402 3382 5455 el

1791 5488 1864 5542 sit
1887 5502 2045 5559 opus,
2073 5498 2127 5542 et
2155 5488 2203 5543 ei
2234 5485 2505 5555 fungimur
2528 5486 2872 5541 ministerio!
2899 5488 3030 5541 num
3057 5488 3239 5557 aliquo
3262 5501 3384 5560 eget

115 5572 330 5627 lubenter
365 5574 540 5643 accipe
570 5590 591 5635 :
617 5585 665 5628 et
690 5576 746 5629 in
773 5577 1133 5631 mutationibus
1174 5578 1540 5632 ltumiliationis
1587 5589 1688 5635 tute
1795 5594 1860 5633 ex
1886 5579 2126 5633 nostris?
2154 5577 2289 5632 Audi
2323 5576 2634 5645 prophetam
2657 5576 2926 5631 dicentem
2950 5594 2964 5632 :
2989 5577 3114 5632 Dixi
3139 5581 3384 5654 nomine,

115 5665 529 5737 ute’longanimis
545 5666 1064 5738 (Eccli.2.b);multo
1087 5673 1255 5740 magis
1278 5671 1328 5724 id
1348 5671 1458 5724 ﬁeri
1479 5682 1689 5740 oportet
1797 5667 1937 5722 Deus
1954 5683 2095 5722 meus
2117 5684 2170 5722 es
2208 5676 2282 5734 tu,
2322 5667 2564 5737 quoniam
2613 5667 2858 5721 bonorum
2885 5683 3114 5723 meorum
3143 5685 3244 5725 non
3270 5688 3386 5741 rges

118 5755 165 5809 in
183 5753 345 5819 Novo.
371 5757 483 5813 Etsi
514 5772 646 5827 ergo
671 5759 934 5817 rationem
958 5760 1185 5826 nescias,
1215 5775 1311 5831 age
1330 5761 1524 5830 gratias
1552 5760 1689 5817 :lioc
1796 5761 1971 5831 (Psal.
2008 5761 2095 5819 15.
2122 5761 2200 5831 2).
2229 5760 2333 5816 Sed
2358 5760 2542 5816 dicunt
2570 5760 2761 5830 ingrati
2789 5770 2844 5817 et
2870 5762 3018 5818 nullo
3040 5778 3204 5821 sensu
3249 5781 3384 5834 pm.
