4096 6310
734 301 824 354 liii

735 413 858 480 stiti,
885 411 1080 467 llmcnc
1106 422 1236 474 sunt
1264 410 1358 466 Dei
1386 409 1672 472 bonitatis,
1702 417 1759 459 ut
1800 406 1870 459 sit
1898 401 2148 457 omnibus
2180 399 2318 467 pari—

740 512 820 553 tas
848 500 1107 554 honoris?
1138 500 1230 555 Dic
1259 498 1413 563 mihi,
1443 498 1605 551 homo
1642 496 1869 565 ingrate,
1905 506 2148 562 qumnam
2187 488 2322 541 dicis

742 608 848 646 non
878 607 1000 647 esse
1046 592 1139 645 Dei
1184 592 1459 656 bonitatis,
1505 600 1556 644 et
1593 602 1878 657 quartanam
1927 586 2062 638 dicis
2105 582 2322 635 honoris

744 684 1106 751 a'qttalitatem
1124 683 1150 736 ?
1176 681 1273 737 llic
1297 696 1327 734 a
1352 695 1517 751 puero
1547 679 1767 733 mutilus
1793 686 1894 741 est,
1924 678 2062 736 alius
2104 671 2320 738 insanit,

744 786 795 825 et
824 781 1047 839 vexatur
1072 786 1102 826 a
1129 771 1411 835 daemone;
1442 771 1578 822 alius
1616 768 1703 838 qui
1750 767 1816 820 ad
1848 776 2140 820 extremam
2178 761 2326 815 venit

746 871 1114 927 senectutem,
1172 871 1336 915 totam
1384 861 1545 913 vitam
1595 858 1851 926 transegit
1900 856 1950 909 in
1991 860 2321 925 paupertate,

742 954 882 1006 alius
909 954 961 1006 in
994 952 1196 1005 morbis
1221 950 1551 1021 gravissimis
1585 967 1599 1003 :
1630 948 1814 1007 batcnc
1840 954 1963 1000 sunt
2008 958 2171 1011 opera
2204 954 2326 1010 pro-

746 1044 993 1097 videntiae
1016 1046 1043 1097 .’
1071 1044 1166 1097 llic
1190 1042 1405 1111 quidem
1432 1050 1514 1095 est
1542 1038 1737 1101 surdus
1765 1079 1782 1105 ,
1824 1038 1913 1091 ille
1955 1049 2082 1089 vero
2111 1039 2324 1095 mutus;

746 1133 833 1187 hic
859 1142 942 1185 est
971 1148 1191 1201 [niiipen
1217 1133 1356 1186 alius
1393 1144 1522 1184 vero
1548 1129 1841 1183 sceleratus
1890 1136 2049 1194 atque
2091 1123 2327 1177 scelera-

745 1202 985 1276 tissimus
1010 1234 1061 1275 et
1093 1223 1276 1290 plenus
1306 1221 1459 1273 malis
1487 1219 1811 1280 innumeris,
1851 1215 2047 1269 fruitur
2090 1210 2328 1282 pecuniis

746 1325 797 1367 et
830 1314 923 1367 alit
958 1314 1267 1369 meretrices
1293 1321 1347 1365 et
1376 1310 1658 1379 parasitos,
1703 1308 2095 1379 praeclarasque
2124 1312 2179 1358 et
2216 1316 2329 1354 ma-

746 1408 968 1474 gniﬁcas
994 1406 1139 1461 mdes
1161 1405 1421 1474 possidet,
1450 1414 1502 1456 et
1527 1404 1688 1456 vitam
1713 1401 1819 1469 agit
1846 1399 2077 1467 quietam
2103 1407 2159 1448 et
2182 1393 2327 1447 omni

748 1480 962 1564 tiegotio
993 1509 1230 1549 vacuam.
1266 1494 1533 1561 nullaque
1581 1490 1847 1559 ejusmodi
1877 1488 2165 1555 colligunt,
2216 1486 2331 1536 lon-

746 1602 865 1654 gam
896 1596 1247 1639 contexentes
1272 1583 1574 1640 orationem
1621 1581 1877 1634 adversus
1908 1577 2014 1630 ‘Dei
2048 1574 2332 1643 prox-idene

750 1678 898 1731 tiam.
931 1676 1066 1743 Quid
1092 1674 1260 1743 ergo?
1292 1673 1505 1727 nullane
1524 1680 1609 1724 est
1638 1665 2015 1739 providentia?
2044 1664 2169 1741 quid
2203 1677 2330 1731 ergo

747 1767 990 1821 dicemus
1020 1764 1085 1817 ad
1114 1762 1271 1816 illos?
1303 1759 1360 1815 Si
1384 1767 1569 1815 essent
1606 1758 1823 1829 quidem
1850 1755 2045 1820 Graaci,
2096 1762 2151 1807 et
2188 1752 2331 1806 dice-

748 1868 869 1911 rent
899 1855 1055 1910 nobis
1094 1854 1348 1907 mundum
1393 1853 1462 1906 ab
1488 1852 1669 1919 aliquo
1710 1847 2070 1902 administrari
2099 1862 2113 1898 :
2147 1859 2331 1897 rursus

752 1962 851 2001 nos
877 1962 1091 2016 quoque
1116 1944 1303 1998 eadem
1346 1943 1425 1997 eis
1452 1942 1755 1997 diceremus
1782 1956 1795 1994 :
1841 1938 1978 2006 Quid
2006 1952 2158 2006 ergo,
2190 1935 2331 1989 nulla

752 2050 837 2092 est
866 2036 1247 2107 providentia?
1270 2034 1541 2105 quomodo
1569 2048 1698 2104 ergo
1725 2046 1821 2086 vos
1847 2032 1977 2086 deos
2003 2031 2196 2093 colitis,
2226 2029 2333 2083 da:-

753 2141 943 2182 mones
966 2137 1019 2179 et
1049 2120 1244 2179 heroas
1268 2123 1546 2177 adoratis?
1576 2138 1696 2175 nam
1712 2122 1769 2195 si
1790 2130 1873 2175 est
1893 2119 2246 2189 providentia,
2270 2132 2333 2171 ea

753 2218 994 2270 omnium
1012 2229 1195 2269 curant
1223 2212 1380 2283 gerit.
1410 2211 1467 2266 Si
1505 2212 1612 2266 sint
1648 2211 1813 2281 aliqui
1840 2211 1928 2280 qui
1968 2224 2111 2279 aegre
2162 2207 2335 2261 ferant

753 2304 1038 2360 Christiani
1069 2305 1151 2359 vel
1179 2306 1339 2358 etiam
1365 2302 1558 2369 Gneci,
1582 2311 1637 2359 et
1663 2303 1753 2372 qui
1781 2301 2073 2365 labascunt,
2104 2299 2229 2369 quid
2256 2299 2336 2352 eis

756 2394 1034 2449 dicemus?
1065 2394 1194 2446 Tam
1212 2393 1805 2461 multane,dic,qua:so,
1829 2405 1955 2445 casu
1978 2390 2111 2447 facta
2139 2387 2337 2442 fuerint

758 2484 933 2538 bona?
956 2485 1044 2538 lux
1070 2482 1401 2551 quotidiana,
1428 2482 1564 2535 bene
1589 2481 1881 2549 dispositus
1913 2479 2053 2533 ordo
2073 2480 2125 2533 in
2153 2478 2333 2543 rebus,

756 2582 1021 2627 astrorum
1044 2572 1266 2637 chorea,
1297 2570 1506 2629 dierum
1536 2581 1591 2623 et
1618 2571 1853 2624 noctium
1883 2584 2072 2623 cursus
2095 2585 2158 2621 ex
2181 2583 2336 2636 :1.‘QIIO

757 2664 1080 2726 consistens,
1105 2671 1310 2715 natura:
1324 2660 1705 2729 censequentia
1728 2669 1781 2713 et
1797 2660 1850 2713 iu
1873 2659 2064 2726 plantis
2078 2667 2131 2711 et
2147 2658 2199 2712 in
2222 2657 2338 2709 ani-

760 2753 988 2805 tnalihus
1016 2762 1074 2805 ct
1111 2753 1163 2806 in
1196 2750 1541 2804 horninibus?
1584 2749 1713 2814 Quis
1741 2758 1844 2813 est,
1874 2750 2204 2817 (ιιι-μιαίνει),
2247 2748 2336 2815 qui

761 2842 876 2895 ιιωο
917 2841 1296 2899 administrat?
1325 2840 1381 2893 Si
1416 2841 1591 2894 nullus
1614 2849 1692 2893 est
1726 2839 1819 2914 qui
1846 2839 2044 2914 prtesit,
2088 2836 2181 2891 Sed
2208 2852 2336 2889 casu

758 2941 1005 2987 constant
1035 2932 1211 2985 omnia
1237 2948 1252 2996 ;
1282 2933 1402 2999 quis
1430 2930 1572 2983 hunc
1600 2938 1705 2982 tam
1753 2929 2054 2997 pulchrum,
2089 2938 2196 2980 tam
2225 2943 2338 2979 ma-

734 3014 920 3101 gnum
949 3026 1224 3089 fornicem,
1248 3036 1438 3092 nempe
1462 3021 1673 3087 caalum,
1715 3021 2137 3076 circumductum
2177 3034 2339 3087 super

762 3125 976 3178 terram,
992 3115 1257 3184 etiamque
1270 3128 1430 3181 super
1443 3127 1607 3181 aquas
1622 3111 1846 3167 statuit?
1860 3112 1978 3181 quis
1988 3112 2078 3164 dat
2096 3121 2335 3179 tempora

761 3205 962 3266 ferendi
991 3204 1367 3272 fructusiquis
1393 3212 1589 3256 tantam
1615 3202 1719 3255 vim
1751 3202 1927 3270 posuit
1952 3205 2004 3254 in
2045 3202 2339 3257 seminibus

761 3306 814 3349 et
838 3296 1061 3364 plantis?
1077 3294 1206 3349 Nam
1231 3292 1372 3361 quod
1396 3291 1454 3345 ﬁt
1475 3308 1622 3354 casn,
1650 3299 1735 3345 est
1761 3292 1916 3367 plane
1941 3292 2294 3349 inordinatum
2320 3308 2336 3344 :

762 3387 904 3455 quod
934 3396 1109 3439 autem
1138 3392 1220 3439 est
1241 3384 1379 3437 bene
1404 3383 1729 3451 ordinatum,
1754 3383 1813 3436 ﬁt
1843 3392 1978 3437 arte.
2012 3384 2144 3448 Quid
2172 3386 2336 3450 enim,

760 3477 1093 3546 άὶι·,‹μι;ιιευῖ⁸
1119 3491 1181 3528 ca
1209 3490 1328 3542 qua:
1355 3474 1495 3543 apud
1527 3490 1624 3531 nos
1644 3488 1772 3528 casu
1800 3476 1951 3539 ﬁunt,
1975 3490 2149 3528 nonne
2177 3475 2338 3528 multa

764 3568 919 3636 plena
951 3575 1076 3619 sunt
1097 3566 1427 3628 confusiOne,
1459 3566 1731 3633 multoque
1770 3565 1997 3619 tumultu
2026 3573 2083 3618 et
2128 3574 2339 3633 pertur-

763 3658 1019 3715 batione?
1046 3656 1155 3710 Nec
1180 3656 1301 3709 dico
1329 3656 1500 3709 solum
1526 3669 1672 3717 casu,
1695 3653 1787 3708 sed
1811 3655 1971 3711 etiam
1995 3655 2218 3709 faciente
2241 3656 2339 3707 ali-

762 3746 892 3823 quo,
924 3763 1107 3801 vermu
1149 3746 1376 3800 faciente
1406 3746 1523 3798 sine
1543 3754 1678 3799 arte.
1721 3745 1962 3815 Exempli
1985 3760 2144 3799 causa
2175 3763 2189 3798 :
2235 3746 2343 3799 sint

763 3841 901 3908 ligna
928 3849 980 3893 et
1006 3838 1227 3907 lapides,
1256 3846 1308 3891 et
1336 3838 1407 3891 sit
1427 3836 1567 3900 calx,
1594 3848 1651 3891 et
1684 3837 1749 3909 iis
1772 3838 2003 3906 acceptis
2031 3838 2191 3893 homo
2211 3838 2339 3891 :edi-

766 3929 956 3988 ticandi
970 3929 1477 3997 imperitusmditicet
1492 3936 1547 3981 et
1557 3937 1831 3998 operetur:
1846 3944 2022 3986 annon
2034 3930 2209 3984 omnia
2226 3946 2345 3999 per.

763 4015 843 4074 dit
858 4030 910 4073 et
930 4018 1243 4087 corrumpit?
1260 4018 1485 4080 Rursus.
1500 4019 1569 4071 sit
1586 4019 1735 4072 navis
1749 4020 1950 4090 absque
1967 4020 2341 4090 gubernatore,

764 4125 882 4178 qua!
916 4112 1090 4162 omnia
1112 4109 1301 4161 habeat
1340 4123 1457 4177 qua:
1474 4119 1683 4177 Oportet
1707 4110 1902 4166 habere
1932 4127 2122 4167 navem
2151 4123 2347 4182 praeter

763 4200 1193 4272 gubernatorem.
1213 4214 1317 4253 non
1337 4200 1457 4253 dico
1474 4215 1579 4253 non
1599 4202 1871 4267 instructa,
1890 4203 1983 4257 sed
2006 4220 2073 4258 nc
2090 4207 2342 4260 instructa

766 4290 981 4361 quidem
1003 4289 1197 4358 poterit
1222 4289 1506 4359 navigare?
1531 4288 1599 4344 Et
1614 4300 1753 4347 terra
1774 4307 1891 4361 qu:e
1914 4303 1995 4347 est
2011 4303 2176 4360 tanta,
2199 4307 2347 4351 stans

767 4396 929 4449 super
954 4394 1167 4447 aquam,
1189 4379 1391 4448 absque
1417 4378 1593 4448 aliqua
1624 4396 1744 4451 qua:
1766 4387 2033 4438 contineat
2062 4394 2343 4452 potestate,

768 4481 918 4529 tanto
941 4482 1177 4545 tempore
1193 4479 1297 4523 stat
1318 4469 1505 4523 ﬁrma?
1529 4470 1761 4527 hmccine
1781 4473 1940 4529 ullam
1970 4475 2164 4529 habent
2184 4478 2349 4531 ratio-

769 4560 989 4617 ncmiet
1011 4560 1122 4612 hzec
1144 4560 1376 4629 cogitare
1403 4577 1579 4616 nonne
1601 4573 1683 4616 est
1702 4565 1920 4619 omnino
1946 4566 2257 4621 ridiculum?
2280 4558 2369 4622 Et

768 4651 813 4706 si
834 4667 966 4720 aqua
985 4652 1142 4706 etiam
1162 4650 1263 4708 fert
1281 4653 1631 4719 caelum,ecce
1650 4655 1792 4709 aliud
1809 4672 1977 4712 onus:
1998 4659 2041 4711 si
2062 4668 2239 4715 autem
2250 4674 2348 4715 ca:-

768 4743 882 4813 ium
909 4757 1121 4811 quoque
1147 4741 1348 4797 feratur
1372 4744 1423 4797 in
1454 4759 1612 4811 aqua,
1642 4761 1827 4800 rursus
1853 4747 1955 4800 alia
1984 4751 2225 4817 quazstio.
2241 4749 2344 4804 Sed

771 4842 938 4904 tntum
959 4848 1092 4901 Opus
1120 4844 1197 4888 est
1231 4835 1596 4903 providentiae.
1626 4836 1755 4890 Nam
1783 4855 1900 4907 qua:
1928 4839 2165 4897 feruntur
2187 4857 2347 4912 super

772 4939 964 4996 aquas,
993 4940 1098 4976 non
1121 4934 1332 4992 oportet
1346 4941 1464 4979 esse
1486 4927 1724 4989 incurva,
1748 4927 1840 4982 sed
1864 4944 2114 4987 concava.
2138 4933 2345 5000 Quare?

769 5014 1027 5078 Quoniam
1059 5028 1253 5080 cui-pus
1290 5014 1505 5082 quidem
1542 5018 1762 5071 concavi
1809 5028 1975 5072 totum
2019 5021 2346 5093 immergitur

775 5105 828 5155 in
858 5105 1297 5171 aquistamquam
1318 5104 1371 5158 in
1394 5120 1565 5160 nave:
1594 5108 1794 5161 incurvi
1820 5120 1994 5163 autem
2016 5126 2208 5180 corpus
2224 5115 2342 5183 qui-

769 5194 892 5247 dem
932 5204 1098 5251 totum
1146 5204 1226 5247 est
1259 5208 1510 5262 superne,
1538 5207 1780 5251 extrema
1810 5213 1987 5254 autem
2029 5203 2200 5256 solum
2241 5204 2341 5259 im-

772 5283 1003 5351 pendent
1034 5294 1087 5336 et
1114 5285 1401 5351 attingunt.
1430 5286 1487 5338 Ei
1516 5302 1644 5356 ergo
1668 5303 1801 5357 opus
1831 5300 1911 5345 est
1939 5307 2163 5361 corpore
2185 5293 2340 5360 duro,

772 5372 1072 5434 resistente,
1100 5383 1155 5431 et
1186 5374 1329 5440 quod
1376 5377 1549 5442 possit
1580 5380 1882 5445 continere,
1934 5390 1993 5434 ut
2032 5383 2167 5436 ferat
2207 5400 2342 5439 onus

771 5464 1101 5529 impositum.
1142 5465 1210 5517 At
1237 5480 1329 5518 aer
1350 5464 1450 5519 fert
1473 5467 1699 5547 cadum?
1722 5470 1826 5524 Sed
1856 5472 1899 5525 is
1920 5484 2001 5527 est
2020 5489 2155 5544 aqua
2178 5478 2345 5529 multo

779 5552 987 5608 mollior
1016 5564 1070 5607 et
1095 5555 1285 5617 laxior,
1311 5564 1366 5610 et
1400 5572 1468 5611 ne
1512 5548 1910 5617 subtilissimum
1954 5565 2164 5633 quidem
2191 5570 2344 5639 quid-

767 5661 926 5715 quam
967 5657 1144 5719 potest
1166 5645 1465 5716 continere,
1496 5652 1690 5708 nedum
1732 5664 1926 5712 tantam
1972 5661 2184 5717 molem.
2213 5662 2341 5718 Om-

1496 294 1556 350 δ.
1596 290 1872 348 JOANNIS
1905 279 2371 343 cunt'sosrom
2410 235 2724 336 suculae.
2766 280 3293 337 (ZONSTANTINOP.

2427 396 2556 448 nino
2577 397 2619 447 si
2646 396 2866 449 velimus
2892 412 3014 464 qum
3059 406 3185 449 sunt
3211 395 3562 464 providentize
3604 406 3658 451 et
3688 398 3933 452 universe
3956 412 4000 452 et

2425 485 2691 552 sigillatim
2738 500 2802 539 ac
2848 486 3150 541 minutatim
3182 485 3460 555 persequi,
3496 495 3664 539 totum
3693 502 3869 540 aevum
3913 504 3999 540 nos

2425 574 2660 629 deﬁciet.
2691 574 3033 644 [interrogabo
3061 576 3204 629 enim
3226 591 3348 628 eum
3377 575 3465 643 qui
3490 576 3578 628 ilia
3602 591 3741 628 nunc
3770 578 3958 643 quaerit
3989 597 3999 629 :

2432 664 2685 718 lla’ccine
2713 674 2837 718 sunt
2889 665 3236 736 providentia!
3285 680 3354 721 an
3384 665 3498 719 sine
3538 666 3915 735 providentia?
3954 666 3999 719 Si

2427 754 2644 820 dixerit,
2675 755 2788 809 Non
2829 763 2954 808 sunt
3000 756 3348 823 providentia:
3376 772 3392 813 :
3424 772 3610 811 rursus
3636 772 3757 811 eum
3787 758 4000 825 rogabo,

2432 845 2714 913 Quomodo
2741 862 2870 917 ergo
2900 847 3034 901 facta
3063 850 3229 902 sunt?
3274 848 3381 903 Sed
3426 865 3530 903 non
3563 851 3755 919 poterit
3780 852 4001 917 aliquam

2429 928 2921 994 dicerc‘rationem.
2957 939 3119 993 Multo
3156 941 3324 1011 magis
3358 956 3486 1010 ergo
3527 956 3635 994 non
3679 940 3845 995 debes
3873 957 4003 1009 qna--

2428 1046 2551 1083 rere
2576 1046 2675 1085 nec
2704 1032 2915 1085 curiose
2939 1011 3191 1099 indagare
3218 1032 3285 1086 de
3312 1032 3471 1086 rebus
3498 1032 3765 1085 humanis.
3798 1033 4003 1099 Quare?

2429 1120 2693 1199 Quoniam
2733 1122 3005 1177 homo-est
3051 1123 3134 1176 bis
3163 1123 3412 1177 omnibus
3457 1125 3795 1192 prasstautior
3832 1136 3890 1189 et
3917 1125 4003 1181 Ilo-
4064 1168 4065 1183 ς

2430 1212 2740 1277 norabilior,
2769 1221 2823 1265 et
2852 1212 2965 1269 haec
2994 1222 3211 1283 propter
3236 1212 3386 1269 illum
3430 1211 3568 1274 facta
3596 1224 3739 1279 sunt,
3790 1228 3897 1267 non
3927 1215 4004 1268 ille
4064 1204 4065 1219 ¹

2433 1314 2650 1371 propter
2678 1302 2813 1355 lucc.

2506 1393 2560 1447 4.
2601 1393 2791 1446 Rerum
2827 1398 3141 1448 naturalium
3168 1412 3348 1451 causas
3392 1396 3704 1467 ignoramus.
3745 1395 4005 1449 Peccatum
4064 1398 4065 1441 ι

2431 1484 2596 1537 solum
2629 1484 2839 1537 malum.
2860 1484 3009 1540 —Si
3041 1502 3169 1555 ergo
3195 1488 3312 1555 ejus
3338 1503 3456 1557 qua:
3494 1487 3563 1543 de
3602 1489 3719 1558 ipso
3760 1497 3843 1543 est
3878 1504 4007 1542 cura:

2432 1584 2487 1629 et
2507 1576 2856 1645 providentiae
2880 1579 3054 1632 nescis
3075 1579 3389 1647 sapientiam
3413 1590 3464 1634 et
3481 1580 4003 1641 administrationem,

2432 1665 2700 1734 quomodo
2723 1666 2862 1721 scire
2890 1667 3087 1736 poteris
3105 1685 3225 1737 quas
3248 1672 3356 1723 sint
3382 1670 3451 1724 de
3472 1672 3587 1741 ipso
3615 1662 3893 1725 rationes?
3927 1672 4006 1723 llic

2434 1756 2587 1821 ntihi,
2621 1772 2717 1816 cur
2745 1759 2815 1812 ita
2846 1774 3066 1827 parvum
3096 1761 3245 1815 illum
3273 1761 3394 1815 fecit
3419 1802 3433 1826 ,
3471 1774 3524 1816 et
3547 1763 3617 1819 ita
3642 1763 3923 1817 distantem
3950 1764 4006 1819 ab

2432 1846 2711 1901 altitudine
2739 1848 2877 1915 cteli,
2901 1858 2955 1903 ut
2983 1849 3050 1903 de
3078 1851 3143 1903 iis
3171 1866 3290 1919 qua:
3313 1866 3545 1920 superne
3582 1864 3841 1923 apparent
3866 1853 4007 1906 dubi-

2436 1939 2548 1992 tet?
2575 1954 2671 1992 cur
2697 1940 2940 1995 boreales
2965 1952 3020 1995 et
3049 1942 3314 1996 australes
3341 1945 3587 2013 regiones
3617 1955 3743 1999 sunt
3763 1946 4005 1998 inhabita-
4064 1992 4065 2003 χ

2436 2027 2611 2083 biles?
2634 2029 2723 2083 Dic
2742 2031 2889 2094 mibi,
2919 2045 3015 2083 cur
3034 2029 3171 2084 facta
3203 2041 3284 2086 est
3312 2048 3415 2086 nos
3456 2033 3632 2087 bicme
3656 2035 3868 2104 quidem
3905 2036 4006 2087 lon-

2435 2119 2573 2184 gior,
2601 2127 2787 2171 testate
2824 2130 3003 2172 autem
3047 2121 3295 2174 brevior?
3324 2137 3421 2174 cur
3448 2132 3651 2177 tantum
3688 2134 3771 2178 est
3812 2125 4006 2194 frigus?

2436 2222 2533 2261 cur
2560 2210 2759 2262 azstus?
2786 2225 2883 2265 cur
2912 2225 3106 2281 corpus
3134 2213 3398 2266 mortale?
3430 2214 3495 2267 Et
3542 2230 3570 2266 a
3620 2227 3670 2269 te
3708 2216 4007 2269 sciscitabor

2437 2301 2540 2354 alia
2568 2301 2972 2355 innumerabilia
2999 2319 3015 2366 ;
3042 2314 3092 2357 et
3125 2303 3171 2357 si
3196 2306 3356 2368 velis,
3391 2321 3493 2359 non
3523 2307 3746 2360 cessabo
3776 2317 3827 2362 te
3857 2308 4006 2374 inter-

2437 2406 2646 2459 rogare,
2689 2401 2743 2446 et
2772 2392 2899 2445 mihi
2927 2393 3197 2449 dubitabis
3243 2396 3294 2450 in
3343 2399 3610 2451 onmibus.
3660 2398 4005 2465 Quamobrem

2439 2481 2541 2537 hoc
2569 2484 2808 2537 maxime
2834 2493 2915 2539 est
2946 2487 3295 2554 providentia:
3316 2530 3331 2552 ,
3364 2488 3505 2556 quod
3534 2505 3745 2543 arcanae
3780 2491 3888 2543 sint
3922 2508 4005 2544 no-

2440 2570 2521 2625 bis
2564 2574 2801 2630 rationes
2831 2584 2887 2628 et
2932 2575 3245 2631 ineffabiles.
3290 2578 3433 2632 Alias
3470 2580 3612 2633 enim
3662 2580 4005 2634 existimasset

2437 2667 2699 2735 quispiam
2728 2709 2743 2732 ,
2789 2670 3059 2724 hominem
3088 2687 3209 2726 esse
3233 2687 3447 2728 causam
3476 2674 3839 2729 universitatis
3860 2715 3875 2739 ,
3917 2674 4006 2731 nisi

2441 2754 2544 2808 hoc
2565 2769 2801 2810 nostram
2832 2761 3236 2827 compressisset
3264 2762 3685 2831 intelligentiam.
3714 2766 3802 2830 At,
3828 2764 4003 2833 inquit,
4064 2828 4065 2831 η

2438 2846 2528 2900 ille
2555 2854 2634 2899 est
2663 2862 2879 2915 panper,
2921 2858 2977 2903 et
3007 2850 3202 2908 malum
3241 2861 3324 2905 est
3367 2862 3670 2923 paupertas.
3701 2853 3839 2920 Quid
3892 2871 4005 2909 vero

2438 2938 2688 2995 morbus?
2737 2938 2863 3008 qttid
2898 2942 3324 3015 ca'citasiNihil
3369 2943 3484 2998 haec
3535 2955 3693 3012 sunt,
3729 2962 3763 3000 0
3810 2947 4003 3001 homo:

2439 3043 2602 3081 unum
2634 3030 2806 3083 solum
2841 3030 3039 3084 malum
3064 3040 3165 3094 est,
3197 3047 3437 3101 peccare,
3473 3044 3527 3089 et
3551 3034 3653 3093 hoc
3682 3046 3886 3090 tantum
3924 3038 4004 3091 do—

2439 3119 2625 3173 bemus
2653 3121 2975 3175 examinare.
3007 3121 3110 3176 Sed
3144 3138 3331 3177 eorum
3380 3140 3499 3193 qua:
3544 3142 3670 3180 vere
3716 3140 3842 3182 sunt
3880 3129 4005 3183 mala
4064 3190 4065 3199 χ

2439 3224 2628 3263 causas
2672 3212 2900 3265 scrutari
2949 3213 3243 3277 mittentes,
3289 3216 3392 3268 alia
3429 3218 3640 3273 curiose
3681 3221 4002 3289 inquirinms.

2441 3301 2548 3359 Cur
2574 3318 2733 3355 nemo
2759 3313 2999 3358 nostrum
3048 3322 3296 3374 umquam
3325 3311 3590 3364 examinat
3622 3327 3720 3366 cur
3746 3316 4005 3382 peccavit?
4064 3346 4065 3373 ι

2439 3401 2592 3446 estne
2616 3392 2668 3445 in
2693 3408 2807 3446 mea
2839 3403 3104 3461 potestate
3128 3411 3365 3465 peccare,
3390 3402 3606 3457 annon?
3637 3403 3701 3460 Et
3731 3404 3859 3471 quid
3890 3419 4007 3473 opus

2441 3494 2521 3537 est
2550 3500 2740 3554 magna
2768 3487 3053 3541 verborum
3086 3490 3161 3542 uti
3191 3491 3543 3548 circuitione?
3576 3510 3687 3550 rem
3734 3497 3785 3550 in
3818 3499 4006 3565 nteipso
4064 3492 4065 3549 ξ

2441 3589 2715 3648 quanam:
2760 3577 3338 3649 numquidmliquando
3362 3582 3463 3637 vici
3493 3585 3766 3643 animum?
3808 3604 3877 3641 an
3919 3590 4006 3641 ali-

2444 3664 2657 3732 quando
2688 3665 2786 3719 vici
2813 3666 2969 3732 iram,
2995 3677 3087 3721 aut
3108 3680 3325 3738 propter
3355 3674 3630 3745 pudorem,
3669 3687 3761 3732 aut
3807 3689 4001 3749 propth
4064 3696 4065 3709 π

2442 3751 2733 3806 huntanunt
2773 3758 3012 3810 metum?
3054 3758 3253 3813 Deinde
3281 3772 3558 3831 postquam
3585 3765 3687 3820 hoc
3712 3766 3909 3822 factum
3935 3770 4005 3821 in-

3913 285 4001 337 ts:
4064 285 4065 353 ι

2442 3857 2663 3907 venero,
2685 3844 3080 3913 deprehendam
3111 3865 3230 3904 esse
3256 3853 3305 3905 in
3332 3869 3445 3907 mea
3478 3866 3738 3924 potestate
3778 3844 4003 3929 peccare.
4064 3846 4065 3893 Ῐ

2443 3933 2615 3987 Nemo
2644 3934 2760 3989 harc
2786 3938 3096 4005 examinat,
3140 3957 3299 3996 nemo
3323 3945 3389 3999 de
3436 3946 3517 4000 his
3546 3950 3755 4003 curiose
3782 3953 4003 4021 inquirit,

2443 4028 2538 4081 sed
2570 4029 2979 4096 inconsiderate,
3013 4045 3072 4086 ut
3110 4044 3194 4087 cst
3225 4037 3361 4103 apud
3387 4037 3578 4093 Jobum
3601 4082 3616 4105 ,
3648 4041 3815 4099 Homo
3844 4056 4007 4099 temere
4064 4024 4065 4077 Ῐ

2444 4128 2584 4171 natat
2623 4120 2780 4173 verbis
2811 4119 2931 4191 (Job
2975 4124 3061 4178 ll.
3096 4124 3182 4183 12.
3232 4128 3283 4179 in
3328 4127 3550 4199 Grata).
3587 4132 3722 4199 Quid
3752 4148 3835 4190 est
3879 4140 4005 4193 enim

2447 4208 2539 4263 tibi
2565 4225 2708 4263 cura
2733 4225 2799 4264 an
2847 4213 2933 4266 hic
2979 4214 3046 4267 sit
3092 4230 3287 4281 caseus,
3312 4230 3365 4272 et
3396 4219 3485 4275 ille
3538 4228 3778 4294 pauper?
3825 4228 3933 4282 Non
3964 4240 4005 4283 to
4064 4242 4065 4279 ξ

2441 4300 2599 4367 jussit
2630 4300 2771 4355 Dens
2797 4302 2899 4357 hoc
2923 4306 3282 4371 considerare,
3316 4309 3407 4363 sed
3439 4314 3689 4379 quidnam
3720 4327 3771 4373 tu
3821 4335 3943 4389 agas
3972 4323 4001 4370 ι.

2446 4388 2577 4443 Nam
2605 4391 2651 4444 si
2682 4400 2738 4445 tu
2762 4391 2977 4451 dubitas
3015 4397 3285 4453 mundone
3315 4402 3494 4468 praesit
3540 4404 3713 4474 aliqua
3759 4380 4002 4476 patestas,
4064 4380 4065 4443 Ῑ

2445 4494 2503 4533 es
2530 4482 2767 4536 omnium
2793 4486 3188 4551 amentissimus
3221 4506 3236 4542 :
3264 4491 3345 4543 sin
3377 4500 3553 4546 autem
3583 4494 3683 4549 hoc
3708 4496 3873 4555 habes
3903 4515 4004 4567 per—

2448 4588 2687 4639 suasum,
2714 4575 2841 4643 quid
2890 4576 3101 4633 dubitas
3150 4581 3293 4650 quod
3331 4582 3442 4635 Deo
3490 4585 3700 4651 placere
3737 4592 4004 4656 Oportcat?

2448 4661 2672 4730 Gratias,
2707 4666 2896 4735 inquit,
2920 4685 3111 4739 semper
3131 4683 3329 4741 agentes
3354 4671 3460 4726 Deo
3489 4692 3579 4743 pro
3605 4678 3855 4732 omnibus.
3879 4680 4003 4734 Vade

2446 4752 2512 4808 ad
2540 4753 2810 4813 officinam
2841 4758 3055 4823 medici,
3080 4769 3133 4814 et
3159 4762 3366 4816 videbis
3398 4764 3564 4830 illum,
3595 4768 3809 4836 quando
3840 4771 4004 4825 iuvcn-
4064 4798 4065 4803 η

2448 4850 2533 4898 tus
2561 4844 2719 4898 fuerit
2742 4847 2931 4917 aliquis
2956 4849 3154 4903 habens
3182 4853 3391 4917 vulnus,
3419 4868 3603 4911 secare
3641 4867 3694 4912 et
3724 4874 3901 4915 urere.
3945 4863 4003 4913 De
4064 4856 4065 4939 ᾖ

2448 4946 2499 4990 te
2523 4947 2699 4991 autem
2729 4938 2831 4993 hoc
2872 4956 2977 4995 non
3003 4941 3142 5007 dico,
3177 4945 3269 4997 Sed
3298 4948 3381 5000 abi
3412 4947 3476 5000 ad
3522 4950 3791 5005 ofﬁcinam
3839 4954 3961 5007 fabri
3990 4970 3999 5013 ;

2447 5043 2545 5080 nec
2573 5029 2642 5082 ibi
2685 5031 2906 5099 inquiris
2934 5035 3215 5098 rationem,
3250 5039 3347 5090 etsi
3378 5040 3508 5093 nihil
3536 5044 3639 5095 scis
3670 5058 3856 5100 eorum
3901 5064 3999 5116 qum

2447 5116 2579 5203 ﬁunt
2606 5137 2620 5173 :
2648 5128 2701 5173 et
2733 5122 2896 5175 multa
2927 5124 3019 5176 tibi
3052 5125 3297 5179 videntur
3325 5143 3445 5182 esse
3476 5130 3633 5183 dubia
3670 5150 3683 5185 :
3723 5145 3779 5187 ut
3806 5136 4001 5205 quando
4064 5166 4065 5199 ι

2446 5207 2647 5277 lignum
2680 5219 2875 5277 tornat,
2895 5212 3109 5281 quando
3137 5216 3476 5271 transformat
3497 5230 3552 5272 et
3580 5220 3630 5272 in
3664 5224 3821 5278 aliam
3852 5236 4001 5279 mutat
4064 5228 4065 5253 ξ

2446 5295 2691 5366 ﬁguram.
2736 5298 2829 5359 Vel
2863 5302 3040 5369 potius
3072 5312 3123 5357 te
3163 5304 3229 5357 ad
3254 5306 3411 5359 aliam
3442 5307 3579 5362 duco
3614 5322 3785 5365 artem
3814 5313 3997 5367 facilio-
4064 5312 4065 5319 “

2446 5404 2579 5454 rem,
2613 5399 2669 5443 ut
2705 5390 2755 5443 in
2788 5393 2991 5459 pictura
3023 5405 3108 5450 :ct
3136 5396 3243 5451 illic
3265 5398 3537 5467 caligabis.
3570 5402 3661 5454 Dic
3690 5406 3832 5458 enim
3862 5406 3991 5463 mihi.

2444 5494 2620 5535 ann0n
2670 5481 2761 5535 tibi
2810 5483 3203 5543 inconsiderate
3242 5488 3446 5543 videtur
3481 5490 3657 5547 facere
3694 5512 3814 5563 qua:
3848 5496 3998 5550 facit!

2511 5617 2726 5695 ‘ﬂin‘uno
2750 5620 2923 5695 (lodice
2946 5624 3230 5695 legitur..."
3257 5628 3343 5695 hoc
3368 5629 3695 5695 considerare,
3733 5646 3883 5695 neque
3914 5650 3939 5682 α
3960 5642 3995 5683 ω

2444 5688 2624 5739 συσπ-ει
2647 5693 2735 5730 cur
2757 5681 2873 5731 talia
2893 5696 2983 5734 non
3000 5681 3330 5747 ἑεφιίεἱυρτξδ.
3356 5690 3442 5739 sed
3465 5704 3552 5739 cur
3574 5681 3883 5755 Ita'c'fecci‘is.
