4096 6310
95 363 186 420 133
279 417 290 429 ,
928 361 994 418 ΙΝ
1031 361 1245 420 EPIST.
1289 362 1380 417 Al)
1415 357 1657 418 EPHES.
1698 356 1853 414 CAP.
1899 357 1960 411 V.
2001 355 2232 412 HOMIL.
2275 356 2418 414 XIX.

83 478 203 550 quid
233 476 333 532 sibi
375 475 561 532 volunt
586 475 690 530 illa:
726 474 915 539 linem,
954 483 1009 528 et
1034 488 1218 529 earum
1244 471 1657 527 circumductio-

83 571 216 626 nes?
242 568 346 624 Sed
378 569 424 623 si
461 566 780 634 imposuerit
805 566 1041 631 colores,
1067 575 1192 619 tunc
1223 563 1312 617 tibi
1347 561 1554 617 videtur
1573 575 1663 615 ars

85 661 304 729 pulchra
334 677 350 713 :
393 669 450 713 et
490 673 562 713 ne
603 648 694 713 sic~
715 657 932 727 quidem
965 655 1165 725 poteris
1198 663 1384 708 exacte
1415 653 1656 729 .discere.
1715 733 1718 735 _

79 751 214 815 Quid
245 759 425 804 autem
452 748 578 803 dico
602 747 672 802 de
694 747 879 812 fabris,
908 746 978 800 de
1007 745 1321 812 pictoribus,
1351 754 1407 798 et
1434 757 1658 798 conser-

81 840 196 893 vis?
217 839 345 909 Apis
363 839 633 909 quomodo
664 837 787 891 facit
811 836 987 910 favos,
1003 834 1112 901 dic,
1130 847 1284 902 rogo,
1297 842 1490 888 ettunc

80 935 144 986 de
177 933 302 984 Deo.
329 929 706 985 Formicarum
735 929 882 981 disce
916 927 1321 995 operationem,
1351 939 1564 978 araneae
1605 932 1662 977 et

84 1023 399 1084 hirundinis,
444 1031 496 1076 et
527 1031 654 1075 tunc
675 1020 824 1075 dices
851 1019 920 1072 de
943 1019 1073 1073 Deo.
1103 1017 1161 1073 Si
1183 1018 1396 1085 sapiens
1416 1012 1513 1082 sis,
1545 1015 1660 1069 haec

82 1109 208 1162 mihi
233 1110 418 1171 dicas;
445 1107 540 1162 sed
565 1123 674 1160 non
699 1116 876 1178 potes.
903 1105 1021 1160 Non
1042 1106 1453 1175 cessabis-ergo,
1485 1120 1520 1156 o
1557 1104 1658 1157 ho-

82 1216 185 1263 mo,
215 1214 457 1269 quarere
475 1197 916 1268 supervacanea?
944 1206 1068 1251 sunt
1090 1198 1236 1284 enim
1261 1211 1447 1251 revera
1468 1210 1659 1263 super-

82 1305 303 1344 vacanea
335 1307 350 1342 :
378 1305 486 1342 non
536 1289 777 1344 cessabis
822 1292 1036 1342 curiose
1073 1286 1341 1355 scrutari?
1383 1285 1526 1340 Nihil
1576 1295 1660 1340 est

83 1385 176 1435 hac
201 1382 536 1452 ignoratione
563 1392 619 1434 et
649 1381 918 1451 imperitia
961 1380 1294 1448 sapientius,
1339 1379 1392 1432 in
1435 1393 1538 1448 qua
1568 1377 1660 1449 qui

81 1472 389 1538 proﬁtentur
420 1473 638 1541 quidem
669 1487 729 1526 se
753 1471 906 1524 'nihil
935 1471 1077 1525 scire
1098 1507 1118 1534 ,
1147 1478 1275 1523 sunt
1297 1470 1536 1523 omnium
1566 1483 1655 1522 sa-

83 1561 387 1630 pientissimi
407 1578 436 1626 ;-
453 1563 543 1632 qi
573 1571 752 1616 autem
784 1561 998 1615 curiose
1021 1568 1352 1622 scrutaiitur,
1392 1567 1518 1613 sunt
1541 1573 1660 1612 om-

80 1656 221 1707 nium
260 1655 637 1710 amentissimi.
669 1654 846 1721 Quare
897 1653 1134 1722 profiteri
1169 1668 1232 1708 se
1258 1653 1400 1706 scire
1430 1668 1535 1706 non
1575 1659 1659 1706 est

78 1761 284 1814 semper
301 1747 598 1815 sapientiai,
621 1745 716 1800 sed
745 1754 829 1799 est
847 1744 1010 1798 etiam
1032 1743 1224 1798 alicubi
1243 1743 1502 1797 stultitiae.
1524 1742 1679 1809 Nam,

76 1834 160 1888 die
189 1836 349 1900 mihi,
390 1835 439 1890 si
467 1851 533 1890 ex
572 1836 782 1888 duobus
815 1834 1123 1890 hominibus
1158 1835 1295 1888 alter
1323 1835 1658 1903 profiteretur

77 1941 131 1978 se
153 1941 460 1981 mensurum
491 1941 696 1989 aerem,
727 1927 818 1996 qui
849 1941 881 1980 a
911 1935 1066 1980 terra
1084 1927 1327 1995 pervadit
1350 1926 1417 1979 ad
1442 1927 1654 1991 caalum,

77 2019 308 2071 extensis
351 2017 601 2080 funibus,
661 2019 800 2084 alter
840 2026 1019 2072 autem
1068 2018 1296 2072 irridens
1347 2018 1550 2073 diceret
1596 2035 1656 2100 se

79 2108 310 2174 nescire,
342 2097 1072 2179 quem,quarso,ridebimus?
1095 2125 1292 2165 eumne
1321 2112 1410 2180 qui
1439 2097 1656 2167 dicit'se

75 2199 242 2265 scire,
272 2215 340 2254 an
377 2205 504 2254 eum
547 2201 638 2270 qui
681 2202 934 2270 ignorat?
980 2201 1078 2257 Est
1129 2203 1467 2272 perspicuum
1510 2204 1653 2273 quod

75 2308 192 2348 eum
213 2295 302 2362 qui
321 2293 454 2346 dicit
477 2307 538 2347 se
558 2298 716 2348 scire.
736 2295 835 2361 Qui
851 2309 982 2363 ergo
1004 2295 1233 2364 ignorat,
1257 2305 1343 2350 est
1361 2296 1656 2364 sapientior

72 2397 137 2436 eo
159 2384 245 2452 qui
269 2384 545 2451 professus
559 2392 642 2437 est
661 2399 722 2438 se
746 2384 904 2438 scire.
927 2385 1064 2451 Quid
1092 2401 1296 2450 rursus,
1325 2387 1368 2439 si
1388 2387 1651 2456 quispiam

74 2471 414 2542 mﬂurewr
443 2488 504 2528 se
529 2473 670 2527 scire
689 2483 821 2543 quot
845 2474 1070 2547 cyathos
1099 2477 1290 2531 habeat
1319 2491 1489 2539 mare,
1515 2476 1654 2531 alius

72 2573 241 2616 autem
265 2577 326 2616 se
354 2563 622 2630 ignorare,
659 2579 764 2618 non
797 2581 981 2619 rursus
1025 2567 1287 2635 ignoratio
1315 2577 1397 2622 est
1435 2570 1650 2638 sapien-

75 2655 168 2705 tior
225 2654 567 2721 cognitione?
596 2654 836 2720 Maxime
884 2670 902 2711 :
943 2658 1149 2726 quare?
1199 2659 1648 2729 Quandoquidem

70 2745 153 2798 illa
181 2761 396 2816 quoque
422 2747 690 2816 ignoratio
715 2756 800 2802 est
827 2747 1058 2803 inteusa.
1090 2749 1224 2804 Nam
1255 2752 1345 2821 qui
1373 2752 1504 2807 dicit
1525 2753 1648 2823 qui-

68 2836 184 2888 dem
232 2852 290 2890 se
340 2837 576 2904 nescire,
628 2837 731 2891 scit
767 2847 972 2907 partem
1018 2840 1271 2910 aliquam.
1319 2842 1648 2908 Quamnam?

65 2925 211 2993 Quod
233 2927 439 2982 homini
479 2928 550 2981 sit
588 2928 1133 2997 incomprehensibile
1164 2948 1177 2982 :
1217 2948 1325 2985 non
1372 2934 1514 2987 enim
1544 2933 1647 2988 hoc

68 3032 309 3083 parvum.
337 3018 440 3082 Qui
462 3026 641 3072 autem
669 3031 730 3071 se
752 3019 882 3072 dicit
910 3019 1070 3084 scire,
1098 3021 1193 3075 ille
1215 3023 1447 3077 maxime
1476 3025 1645 3078 nescit

64 3105 198 3173 quod
227 3121 285 3160 se
304 3107 435 3160 dicit
461 3108 633 3171 scire;
661 3116 713 3161 et
744 3117 962 3177 propter
993 3109 1094 3164 hoc
1117 3111 1292 3179 ipsum
1331 3121 1416 3167 est
1443 3113 1640 3168 ridicu-

65 3196 159 3248 lus.
190 3196 284 3250 llei
308 3197 436 3250 mihi
461 3202 476 3252 l
505 3213 664 3267 quam
697 3199 880 3254 multis
908 3189 1187 3256 erudimur
1213 3204 1643 3273 intempestivam

65 3285 333 3342 refrenare
372 3289 739 3343 curiositatem
769 3301 824 3344 et
848 3305 1305 3361 supervacaneam
1346 3296 1644 3366 indagatio-

65 3391 200 3441 nem,
251 3391 350 3431 nec
400 3378 764 3444 sustinemus;
810 3381 906 3435 sed
950 3383 1114 3436 vitam
1158 3384 1385 3439 aliorum
1432 3388 1644 3442 curiose

65 3466 401 3536 indagamus,
441 3481 539 3523 cur
581 3469 670 3524 hic
716 3485 914 3538 caecus,
953 3471 1046 3526 ille
1092 3488 1221 3527 vero
1268 3489 1488 3544 pauper.
1533 3476 1642 3532 llac

64 3557 213 3625 igitur
233 3560 443 3614 ratione
463 3559 517 3614 in
544 3560 678 3615 alias
697 3564 861 3616 etiam
882 3577 1050 3633 nugas
1070 3563 1386 3629 incidemus,
1408 3581 1506 3621 cur
1527 3566 1644 3622 haec

63 3650 126 3700 sit
145 3649 368 3717 femina,
407 3660 466 3706 et
492 3668 599 3706 non
630 3669 820 3708 omnes
848 3654 970 3722 viri,
997 3670 1098 3710 cur
1123 3659 1326 3723 asinus,
1369 3674 1467 3714 cur
1505 3661 1602 3714 bos
1621 3703 1637 3727 ,

60 3754 152 3792 cur
177 3742 344 3806 canis,
367 3756 466 3796 cur
492 3743 668 3813 lupus,
689 3759 788 3800 cur
806 3746 960 3816 lapis.
990 3763 1086 3802 cur
1106 3749 1270 3819 ligna,
1293 3760 1348 3804 et
1367 3753 1432 3805 ad
1463 3754 1640 3806 infini-

64 3840 161 3884 tam
191 3833 550 3900 prolixitatem
577 3834 789 3890 decidet
811 3828 1008 3894 oratio.
1043 3840 1330 3911 Propterea
1364 3844 1506 3898 Deus
1538 3860 1635 3899 no-

62 3921 137 3974 bis
166 3925 421 3979 terminos
451 3926 776 3995 cognitionis
803 3914 1193 3995 constituit'j-et
1223 3933 1276 3986 in
1307 3944 1492 3988 natura
1518 3935 1639 3990 fun-

61 4013 213 4067 davit.
230 4013 611 4085 Contemplare
633 4027 812 4072 autem
837 4020 964 4072 mihi
995 4023 1216 4075 multam
1245 4023 1634 4090 curiositatem,

60 4106 192 4189 quod
226 4108 470 4164 videntes
495 4118 697 4164 tantam
723 4125 754 4189 a
783 4120 922 4166 terra
949 4114 1015 4168 ad
1045 4116 1234 4169 calum
1279 4117 1634 4185 altitudinem,

62 4183 268 4256 minime
281 4201 545 4256 allicimur
561 4219 660 4259 nec
672 4187 950 4261 mOvemur
973 4219 988 4260 :
1004 4208 1220 4276 quando
1242 4209 1346 4262 alta
1368 4211 1499 4263 turri
1516 4226 1636 4264 con-

57 4305 235 4346 scensa
263 4295 590 4350 voluerimus
603 4296 856 4352 deorsum
870 4299 1132 4368 aspicere,
1153 4301 1196 4353 si
1222 4316 1406 4370 parum
1437 4317 1533 4356 nos
1554 4303 1638 4356 in-

56 4382 439 4452 clinaverimus,
453 4387 631 4455 gravis
649 4403 748 4442 nos
763 4390 963 4444 invadit
980 4392 1182 4461 vertigo
1195 4402 1251 4447 et
1270 4395 1522 4448 ιθιιοὺτςυ.
1543 4394 1635 4450 Dic

57 4471 179 4526 mihi
196 4474 353 4544 hujus
365 4477 444 4530 rei
459 4491 698 4542 cauSam,
716 4480 809 4533 sed
827 4495 929 4535 non
947 4481 1235 4548 inveneris,
1262 4499 1361 4539 cur
1372 4479 1632 4555 majorem

58 4560 155 4614 vim
163 4561 322 4619 habet
332 4566 541 4633 oculus,
554 4578 605 4623 et
615 4568 883 4625 detinetur
891 4571 961 4626 ab
979 4571 1044 4626 iis
1054 4588 1172 4641 quae
1183 4584 1307 4628 sunt
1321 4576 1628 4630 remotiora.

119 4654 170 4705 5.
200 4655 264 4708 Et
288 4655 340 4710 id
366 4656 619 4714 similiter
648 4661 846 4716 videris
886 4663 935 4717 in
977 4665 1183 4720 auditu.
1229 4667 1346 4723 Non
1396 4671 1633 4740 potuerit

57 4744 185 4798 enim
201 4746 472 4816 quispiam
505 4759 709 4805 tantum
759 4752 996 4809 clamare
1039 4764 1100 4809 ut
1149 4757 1368 4827 impleat
1409 4775 1626 4824 aerem,

55 4846 296 4900 quantum
323 4837 522 4906 poterit
545 4840 1015 4907 comprehendere
1039 4845 1227 4900 oculus
1251 4888 1266 4913 ,
1317 4863 1490 4918 neque
1528 4865 1628 4904 au-

53 4924 157 4978 dire
192 4941 259 4981 ex
305 4937 456 4984 tanto
499 4930 806 4987 intervallo.
857 4932 967 4989 Cur
1005 4950 1110 4992 non
1160 4939 1338 4993 omnia
1387 4943 1626 4997 membra

54 5025 166 5070 sunt
193 5019 401 5075 hortare
431 5023 618 5089 paria?
645 5039 744 5078 cur
765 5040 870 5080 non
903 5043 1066 5082 unum
1097 5043 1418 5101 acceperunt
1445 5049 1622 5098 usum,

56 5121 141 5160 nec
180 5107 402 5165 locum?
429 5110 628 5168 Paulus
671 5130 884 5186 quoque
914 5118 1016 5174 hoc
1049 5130 1134 5176 est
1175 5133 1480 5191 scrutatus,
1515 5126 1624 5182 imo

54 5209 169 5252 vero
192 5213 302 5254 nos
327 5208 414 5255 est
439 5212 743 5270 scrutatus,
774 5217 895 5262 erat
917 5210 1065 5265 enim
1093 5213 1310 5282 sapiens
1334 5257 1350 5280 ,
1379 5216 1474 5270 sed
1501 5232 1623 5273 cum

54 5285 97 5338 in
137 5288 280 5344 hunc
317 5291 494 5347 locum
523 5292 830 5362 incidisset,
867 5299 1036 5355 dicit:
1070 5287 1506 5377 Unumquodque,
1545 5310 1625 5360 in-

53 5378 180 5467 quit,
205 5395 387 5435 arma
415 5385 586 5450 possit
609 5385 741 5440 sicut
764 5388 924 5443 voluit
953 5391 1045 5460 (Ι.
1069 5392 1189 5447 Cor.
1221 5395 1312 5449 12.
1348 5397 1456 5467 18)
1483 5415 1498 5450 :
1523 5414 1618 5453 vo-

52 5464 222 5522 luetati
247 5470 370 5540 ejus
399 5480 568 5527 totum
601 5478 888 5533 commisit.
931 5479 1025 5535 llis
1053 5496 1184 5552 ergo
1213 5486 1392 5541 missis
1421 5464 1621 5558 gratias

53 5560 206 5652 solum
229 5581 458 5646 agamus
483 5584 581 5636 pro
627 5572 878 5626 omnibus
911 5591 925 5628 :
957 5575 1115 5642 Ideo,
1168 5578 1370 5650 inquit,
1417 5584 1617 5652 gratias

55 5651 174 5718 tzite
199 5669 296 5723 pro
319 5658 595 5712 omnibus.
631 5659 744 5715 lloc
767 5673 850 5717 est
870 5666 1005 5734 grati
1036 5665 1239 5735 famuli,
1273 5668 1377 5725 hoc
1403 5651 1619 5742 sapien-

57 5742 132 5808 tis,
159 5742 253 5803 hoc
281 5748 667 5818 intelligentia;
715 5753 845 5809 illud
891 5757 1164 5826 loquacis,
1209 5760 1365 5818 otiosi
1398 5763 1471 5818 "et
1518 5780 1614 5820 cu-

365 5866 655 5930 Pa‘rnom
687 5870 801 5931 Gn.
855 5875 1052 5950 LXII.

3249 359 3348 416 13¢

1772 468 1920 522 riosi.
1969 466 2085 522 Non
2116 468 2266 525 vides
2292 471 2430 525 inter
2456 470 2684 527 famulos
2711 513 2723 538 ,
2753 472 2896 541 quod
2925 472 3016 544 qui
3063 458 3344 544 sunt‘qui-

1774 557 1898 620 dem
1922 557 2119 628 abjecti
2139 569 2194 614 et
2217 561 2376 632 plane
2404 561 2695 632 despuendi
2721 603 2736 627 ,
2767 573 2822 618 et
2862 563 2932 618 ad
2981 564 3113 618 nihil
3165 564 3350 630 utiles,

1766 661 1892 706 sunt
1922 651 2172 721 loquaces
2195 661 2252 707 et
2273 663 2586 724 nugatores,
2604 665 2658 710 et
2698 657 2913 712 curiose
2947 657 3222 727 inquirunt
3266 675 3349 714 res

1765 742 2106 797 dominorum
2130 782 2146 807 ,
2183 759 2317 812 quas
2359 744 2434 798 illi
2464 747 2645 798 volunt
2671 747 2856 804 celare
2887 765 2901 801 :
2938 749 3209 818 sapientes
3252 765 3347 804 au-

1767 840 1895 896 tem,
1925 832 2061 902 grati
2090 841 2148 898 et
2167 832 2443 899 benevoli,
2470 850 2631 907 unum
2657 837 2833 892 solum
2852 846 3103 906 spectant
3127 847 3350 893 utsuum

1765 924 2121 980 ministerium
2154 926 2451 995 impleant?
2476 926 2578 993 Qui
2621 923 2846 984 inultum
2889 931 3160 1000 loquitur,
3216 932 3349 986 nihil

1764 1027 2022 1086 operatur
2051 1038 2067 1072 :
2095 1019 2236 1074 sicut
2265 1021 2357 1090 qui
2385 1023 2611 1076 multum
2639 1033 2911 1092 operatur,
2943 1024 3079 1078 nihil
3114 1025 3348 1095 loquitor

1767 1105 2222 1182 intempestivum.
2261 1109 2548 1179 Propterea
2573 1111 2786 1168 dicebat
2816 1114 3014 1168 Paulus
3037 1123 3264 1185 laqueus
3287 1116 3357 1170 dc

1763 1201 1937 1286 viduis
1961 1201 1984 1253 ε
2015 1200 2137 1271 Non
2166 1203 2331 1257 solum
2350 1207 2523 1260 otiosa
2550 1207 2751 1263 discam!
2780 1206 2805 1282 Ι
2826 1209 3013 1265 domos
3038 1211 3266 1267 circuire
3287 1211 3343 1285 μ

1764 1291 1854 1344 sed
1877 1293 2031 1345 etiam
2059 1293 2279 1349 verbose
2299 1305 2348 1350 et
2382 1313 2600 1368 negares
2626 1298 2703 1372 (l.
2729 1299 2864 1354 Tim.
2889 1301 3044 1358 5.13
3067 1301 3104 1373 ).

1837 1380 2024 1436 Diuina
2050 1400 2151 1438 non
2193 1377 2320 1440 adeo
2343 1387 2595 1442 incuriose
2625 1389 2943 1461 indaganda.
2975 1421 3046 1432 —-
3078 1393 3171 1447 Dic
3197 1393 3347 1448 mihi.

1762 1472 1890 1540 quid
1919 1474 2040 1542 plus
2073 1475 2296 1555 interest
2320 1477 2463 1532 inter
2491 1489 2985 1536 nostram‘a'tatem
3043 1492 3099 1538 et
3137 1493 3349 1539 atatem

1765 1580 2078 1634 puerorum,
2107 1581 2176 1621 an
2206 1569 2347 1624 inter
2375 1570 2539 1626 Deum
2575 1581 2632 1627 et
2659 1573 2944 1627 homines?
2971 1575 3115 1630 inter
3162 1590 3261 1630 nos
3299 1587 3353 1631 ct

1760 1655 1984 1721 culices,
2009 1671 2076 1710 an
2104 1657 2246 1712 inter
2276 1659 2442 1714 Deum
2469 1670 2525 1716 et
2555 1662 2693 1716 nos?
2725 1663 2946 1718 Planum
2972 1675 3076 1729 est,
3109 1666 3228 1735 plus
3265 1668 3348 1720 in.

1761 1758 1967 1801 teresse
2005 1748 2146 1802 inter
2174 1751 2338 1804 Deum
2365 1759 2422 1806 et
2446 1767 2568 1809 nos.
2597 1753 2861 1824 (Surget-go
2889 1763 2942 1808 tu
2982 1770 3043 1809 es
3081 1757 3218 1812 adeo
3250 1772 3351 1811 cu-

1760 1839 1974 1894 riosus?
1992 1839 2211 1906 Gratias
2229 1858 2329 1913 age
2353 1857 2452 1914 pro
2479 1845 2750 1901 omnibus.
2775 1846 2913 1915 Quid
2945 1863 3074 1902 vero
3091 1888 3111 1914 ,
3142 1850 3312 1918 inquit
3332 1891 3346 1910 .

1759 1928 1805 1982 si
1832 1943 1918 1983 me
1939 1929 2236 2001 interroget
2253 1931 2506 1995 Gnaeus.
2532 1935 2657 2004 quid
2689 1936 3069 2005 respondebo?
3115 1940 3226 1992 vult
3275 1955 3346 1995 ex

1759 2034 1846 2072 me
1869 2020 2011 2075 scire
2031 2036 2099 2074 an
2127 2027 2199 2076 sit
2221 2024 2560 2095 providentia
2585 2043 2601 2081 :
2638 2026 2766 2096 ipse
2794 2029 2939 2082 enim
2979 2028 3109 2083 dicit
3141 2029 3343 2084 nullum

1756 2126 1878 2166 esse
1903 2112 1994 2182 qui
2021 2112 2321 2181 provideat.
2348 2114 2430 2170 'l'u
2451 2125 2582 2186 ergo
2602 2132 2724 2174 eum
2753 2128 2940 2174 contra
2964 2121 3254 2192 interroga.
3279 2125 3347 2177 At

1756 2201 1887 2279 dicit
1907 2220 2015 2259 non
2035 2220 2158 2260 esse
2178 2207 2589 2275 providentiam.
2617 2210 2769 2278 Quod
2808 2213 2879 2267 sit
2924 2213 3139 2284 quidem
3170 2217 3347 2286 provi-

1756 2292 1958 2363 dentia,
1981 2311 2049 2349 ex
2084 2297 2149 2350 iis
2173 2313 2292 2366 qua:
2319 2298 2501 2355 dixisti
2529 2310 2614 2356 est
2640 2303 2980 2373 perspicuum
3007 2320 3024 2370 ;
3058 2306 3202 2377 quod
3244 2323 3344 2361 au-

1758 2379 2000 2438 tem‘nou
2034 2389 2204 2453 possit
2235 2389 2658 2458 comprehendi,
2689 2409 2756 2447 ex
2781 2409 2848 2448 eo
2871 2395 3014 2465 quod
3048 2413 3156 2452 non
3198 2398 3344 2453 inve-

1756 2474 1966 2527 niamus
1993 2478 2278 2532 rationem.
2323 2478 2458 2534 Nam
2497 2482 2541 2536 si
2585 2483 2638 2536 in
2687 2482 2756 2538 iis
2804 2500 2932 2556 qua:
2967 2486 3347 2546 administrant

1755 2563 2039 2635 homines,
2088 2569 2354 2625 nescimus
2386 2585 2532 2642 saepe
2575 2564 2794 2630 modum
2840 2577 3341 2647 administrationis,

1753 2669 2078 2724 quamquam
2111 2659 2278 2713 multa
2309 2675 2375 2714 ex
2407 2661 2472 2715 iis
2493 2663 2650 2718 nobis
2675 2665 2923 2721 videntur
2945 2683 3066 2724 esse
3087 2670 3339 2740 absurda,

1751 2754 1809 2800 et
1836 2747 2078 2802 cedimus
2105 2767 2118 2803 :
2161 2760 2364 2819 quanto
2396 2757 2565 2823 magis
2596 2756 2647 2809 in
2679 2757 2954 2815 Deo?Sed
2984 2761 3034 2813 in
3071 2762 3181 2817 Deo
3206 2764 3339 2820 nihil

1749 2848 1836 2891 est
1860 2839 2150 2895 absurdum
2172 2885 2187 2905 ,
2212 2859 2386 2913 neque
2419 2847 2630 2902 videtur
2667 2864 2790 2904 esse
2832 2852 3095 2908 fidelibus.
3125 2855 3194 2910 Et
3218 2856 3339 2912 ideo

1753 2945 1852 2998 pro
1871 2934 2124 2988 omnibus
2149 2938 2351 3003 gratias
2374 2953 2594 3007 agamus
2615 2983 2628 3005 ,
2668 2957 2762 3009 pro
2789 2945 3036 2998 omnibus
3055 2962 3187 3007 eum
3219 2949 3339 3019 glo-

1749 3021 2040 3077 riﬁcemus.
2066 3027 2317 3094 Subjecti,
2353 3029 2544 3098 inquit,
2575 3032 2783 3087 invicem
2805 3037 2856 3088 in
2900 3039 3079 3092 timere
3122 3040 3240 3095 Dei.
3280 3043 3337 3099 Si

1747 3114 1891 3168 enim
1916 3125 2135 3182 propter
2158 3119 2524 3187 magistratum
2553 3123 2866 3192 subjiceris,
2912 3139 3133 3200 propter
3173 3149 3337 3202 pecu-

1749 3206 1887 3270 nias,
1912 3218 2000 3260 aut
2025 3219 2242 3278 propter
2265 3213 2520 3279 pudorem
2548 3256 2563 3277 ,
2604 3217 2771 3271 multo
2801 3223 2968 3290 magis
2997 3234 3217 3294 propter
3239 3227 3335 3283 Dei

1749 3307 1972 3352 metum.
2001 3298 2084 3354 Sit
2107 3304 2381 3357 servitutis
2405 3312 2460 3359 et
2491 3306 2841 3376 subjectionis
2874 3323 3055 3367 mutua
3088 3332 3337 3374 remune-

1747 3387 1920 3452 ratio;
1953 3390 2032 3442 sic
2050 3391 2192 3444 enim
2216 3407 2320 3447 non
2340 3396 2443 3447 erit
2461 3399 2713 3452 servitus.
2738 3400 2852 3455 Non
2889 3404 3086 3460 sedeat
3110 3409 3327 3478 quidem

1747 3476 1839 3532 ille
1865 3477 1920 3531 in
1945 3480 2134 3536 ordine
2157 3490 2213 3536 et
2233 3483 2353 3538 loco
2376 3485 2527 3541 liberi
2550 3530 2564 3552 ,
2599 3489 2685 3544 hic
2714 3508 2844 3546 vero
2887 3494 2939 3548 in
2987 3497 3106 3550 loco
3130 3476 3326 3568 servi;

1745 3567 1846 3622 sed
1871 3570 2063 3625 melius
2087 3580 2170 3626 est
2198 3583 2259 3628 ut
2282 3584 2336 3627 et
2363 3575 2565 3632 domini
2592 3588 2648 3632 et
2670 3584 2807 3636 servi
2845 3585 2980 3639 alter
3018 3589 3171 3642 alteri
3212 3591 3334 3646 μετέ

1745 3659 1891 3713 viaut
1915 3678 1928 3712 :
1962 3661 2131 3722 multo
2155 3665 2346 3719 melius
2367 3675 2450 3720 est
2477 3669 2555 3723 sic
2578 3685 2698 3726 esse
2719 3665 2954 3741 servum,
2986 3694 3144 3747 quam
3178 3683 3334 3739 aliter

1745 3751 1991 3806 liberum.
2019 3751 2181 3821 quue
2212 3757 2335 3811 inde
2355 3768 2438 3814 est
2462 3760 2682 3818 evidens
2706 3781 2719 3817 :
2750 3766 2818 3818 sit
2840 3769 3102 3838 quisiiiam
3126 3772 3332 3841 habens

1741 3853 1955 3898 centum
2000 3845 2267 3915 famulos,
2309 3861 2365 3905 ct
2411 3853 2586 3908 nullus
2627 3855 2725 3924 ipsi
2757 3860 3061 3928 ministret;
3095 3866 3203 3920 sint
3232 3869 3321 3921 alii

1742 3944 1957 3990 centum
1987 3938 2144 3993 amici
2168 3955 2230 3995 se
2258 3941 2484 3997 invicem
2513 3945 2808 4002 servientes
2836 3968 2849 4002 :
2883 3952 3096 4019 quinam
3135 3957 3327 4013 melius

1741 4028 1922 4080 vivent
1941 4018 1968 4079 ἵ
1989 4030 2205 4098 quinam
2228 4045 2348 4085 cum
2368 4032 2553 4102 majori
2586 4037 2856 4106 voluptate
2881 4018 2935 4095 et
2962 4041 3142 4098 laetitia
3165 4046 3323 4103 ?Nuu

1740 4125 1825 4170 est
1849 4117 1958 4170 illic
1992 4118 2068 4172 ira
2097 4134 2270 4189 neque
2298 4122 2589 4202 indignatio
2616 4142 2789 4197 neque
2815 4129 2965 4185 furor
3010 4149 3182 4204 neque
3222 4139 3342 4195 ali-_

1739 4207 1867 4276 quid
1891 4208 2035 4262 aliud
2066 4199 2377 4277 ejusmodi;
2411 4213 2498 4268 hic
2521 4224 2700 4270 autem
2726 4229 2808 4276 est
2837 4223 2996 4277 timor
3018 4235 3072 4279 et
3095 4199 3276 4281 ineius
3305 4249 3320 4284 :

1739 4305 1796 4350 et
1819 4297 1926 4352 illic
1949 4299 2164 4368 quidem
2195 4305 2564 4370 necessitatis,
2621 4308 2706 4361 hic
2746 4322 2925 4367 autem
2972 4325 3099 4370 sunt
3144 4321 3323 4375 omnia

1739 4392 1965 4447 instituti
1993 4402 2048 4464 et
2075 4396 2225 4450 liberi
2251 4397 2456 4452 arbitrii
2491 4415 2506 4452 :
2538 4411 2593 4454 et
2624 4402 2732 4458 illic
2779 4407 2991 4474 quidem
3041 4411 3092 4466 vi
3134 4413 3275 4467 illata
3307 4433 3322 4478 ;

1740 4483 1828 4547 hic
1853 4495 2030 4539 autem
2061 4486 2320 4542 habentes
2349 4490 2618 4559 gratiam,
2671 4496 2808 4549 alter
2849 4499 3007 4553 alteri
3055 4506 3316 4562 serviunt.

1735 4573 1825 4629 Sic
1851 4575 1961 4628 vult
1991 4576 2130 4631 Deus
2159 4595 2176 4631 :
2206 4588 2485 4648 propterea
2533 4582 2658 4636 lavit
2707 4585 2870 4652 pedes
2918 4588 3319 4660 discipulorum.

1735 4662 1850 4718 lmo
1873 4680 2022 4731 vero,
2050 4667 2094 4720 si
2126 4668 2257 4721 velis
2282 4683 2395 4723 rem
2423 4682 2670 4728 accurate
2696 4676 3006 4733 examinare
3027 4718 3046 4746 ,
3077 4683 3236 4738 etiam
3265 4686 3321 4740 iu

1733 4753 1963 4810 dominis
1988 4765 2073 4811 est
2095 4759 2365 4813 servitutis
2384 4771 2566 4816 mutua
2596 4770 2976 4823 remuneratio.
2996 4769 3136 4838 Quid
3147 4776 3317 4844 enim,

1734 4847 1779 4899 si
1807 4844 1978 4902 fastus
2003 4863 2107 4903 non
2135 4850 2262 4903 sinit
2290 4860 2348 4904 ut
2371 4863 2624 4922 appareat
2652 4860 3054 4916 remuneratio?
3089 4862 3315 4930 Quando

1733 4937 1875 4991 enim
1904 4937 1994 4992 hic
2011 4940 2226 5009 quidem
2253 4942 2472 4997 exhibet
2494 4949 2774 5016 corporale
2817 4951 3169 5009 ministerium
3189 4997 3204 5019 ,
3255 4968 3312 5012 tu

1731 5037 1910 5084 autem
1933 5043 2128 5099 corpus
2159 5021 2407 5088 nutris-et
2432 5050 2589 5090 curas
2610 5039 2879 5096 alimentis
2901 5050 2956 5096 et
2989 5041 3314 5102 indumentis

1734 5112 1787 5175 et
1813 5123 2009 5176 calceis
2028 5165 2042 5186 ,
2073 5123 2196 5177 huic
2221 5141 2430 5195 quoque
2459 5127 2743 5197 exhibetur
2769 5134 3012 5201 quaedam
3060 5137 3310 5194 ser‘vitus.

1731 5213 1862 5268 Nam
1890 5215 1990 5267 nisi
2020 5226 2075 5269 tu
2108 5216 2184 5269 illi
2213 5205 2358 5270 tuunt
2388 5219 2643 5276 exhibeas
2667 5223 3020 5280 ministerium
3042 5268 3056 5293 ,
3094 5245 3192 5285 nec
3221 5233 3309 5286 illo

1730 5316 1908 5370 suum,
1939 5304 2034 5359 sed
2059 5305 2163 5359 erit
2186 5305 2343 5373 liber,
2373 5323 2473 5363 nec
2499 5310 2604 5366 ulla
2634 5312 2719 5366 lex
2745 5329 2866 5372 eum
2894 5326 3050 5383 coget
3090 5318 3193 5374 hoc
3232 5311 3308 5375 fa-

1728 5413 1856 5452 cere
1881 5397 1982 5452 nisi
2007 5394 2203 5457 alatur.
2231 5399 2286 5456 Si
2320 5414 2448 5473 ergo
2476 5405 2579 5460 hoc
2606 5406 2697 5460 fiat
2721 5407 2772 5460 in
2805 5411 2995 5476 servis,
3036 5412 3165 5481 quid
3216 5417 3309 5469 ab-

1728 5489 1972 5555 surdum,
2002 5490 2046 5544 si
2072 5489 2175 5567 hoc
2193 5493 2352 5547 ctiam
2387 5494 2480 5548 ﬁat
2507 5497 2560 5550 in
2589 5489 2814 5554 liberis!
2837 5500 3092 5574 Subjecti,
3115 5507 3299 5584 inquit.

1727 5582 1780 5636 iit
1809 5582 1988 5637 timore
2019 5581 2224 5638 Christi.
2253 5588 2461 5653 Quanta
2485 5600 2568 5656 est
2592 5591 2760 5660 gratia
2781 5634 2797 5655 ,
2829 5597 2969 5664 quod
3014 5581 3306 5660 etiam-lia-

1726 5675 1948 5730 hcamus
1973 5673 2318 5733 mercedem?
2351 5680 2421 5735 At
2457 5695 2564 5735 non
2597 5683 2710 5738 vult
2736 5685 2829 5740 tibi
2857 5669 3047 5759 subjici
3069 5693 3092 5744 ?
3116 5691 3221 5750 Sed
3243 5709 3295 5752 tu

1727 5767 1993 5837 subjicere
2021 5787 2035 5823 :
2073 5785 2178 5824 non
2203 5770 2378 5828 solum
2403 5773 2642 5834 obedizis.
2674 5779 2768 5833 sed
2795 5780 2954 5834 etiam
2987 5784 3302 5858 sulijiciaris.
