4096 6310
701 475 802 528 €35
1409 468 1463 522 S.
1505 464 1778 521 103-3le
1816 456 2286 515 ClillYSOS'lOMl
2325 454 2638 508 AHCIIIEP.
2678 447 3202 507 CONSTANTINOP.

703 589 772 642 Ita
800 589 872 641 sis
900 585 1115 641 allectus
1144 600 1264 652 erga
1290 597 1476 636 omnes
1504 592 1558 634 ut
1579 594 1702 648 erga
1723 577 2001 632 dominos:
2036 575 2104 626 ita
2131 571 2271 625 enim

701 684 804 734 cito
837 681 1053 734 habebis
1082 692 1265 733 servus
1297 677 1347 730 in
1393 676 1703 746 servitutem
1746 669 1989 725 redactos
2042 665 2270 718 maxime

703 773 974 843 l)l‘atllllClI
1002 771 1273 824 servitutis
1302 767 1556 836 potentia.
1589 762 1750 830 Magis
1773 761 1914 814 enim
1959 771 2051 811 eos
2092 754 2272 823 capies

702 874 754 917 ct
783 863 1126 934 expugnabis,
1150 859 1359 928 quando
1386 856 1515 910 nihil
1557 853 1622 906 ab
1670 853 1748 905 eis
1792 860 2114 918 assequens,
2159 846 2272 911 ipse

703 972 821 1020 tum
853 966 939 1008 tua
966 964 1088 1007 sunt
1122 953 1201 1005 eis
1243 947 1525 1020 prmhebis.
1573 945 1683 999 lloc
1730 952 1809 996 est
1839 940 1964 995 illud
1998 958 2009 991 :
2043 937 2269 1000 Subierti

3858 445 3952 500 [36

2382 569 2590 620 invicem
2618 567 2670 618 in
2702 567 2879 618 timore
2906 562 3092 616 Christi
3123 577 3140 613 :
3173 567 3229 613 ut
3258 557 3530 613 vincamus
3554 572 3742 613 omnes
3782 558 3952 611 animi

2381 658 2804 729 perturbationes
2829 665 2884 709 et
2911 655 3056 713 vitia.
3085 661 3141 706 ut
3166 647 3276 706 Deo
3303 652 3596 707 serviamus
3617 690 3633 714 ,
3667 659 3723 702 ut
3751 649 3953 704 carita-

2382 763 2486 805 tem
2519 750 2656 803 inter
2685 761 2781 801 nos
2803 757 3182 800 conservemus
3215 760 3229 795 :
3257 752 3312 796 et
3340 750 3464 796 tunc
3493 743 3779 810 poterimus
3810 737 3960 809 digni

2382 840 2568 894 haberi
2595 839 2681 907 qui
2712 848 3062 903 assequamur
3091 832 3185 886 Dei
3229 831 3611 900 benignitatem
3636 870 3653 895 ,
3699 830 3876 899 gratia
3908 838 3960 881 et

2381 927 2804 985 miserationibus
2820 960 2836 987 ,
2869 935 2973 980 etc.

723 1016 3955 1061 '.________;________________.___.___——————-————————-———-—-————-

2067 1071 2406 1164 HOMILIA
2455 1068 2602 1128 xx.

707 1215 832 1268 Car.
861 1216 913 1269 5.
941 1229 990 1266 v.
1007 1213 1097 1266 εξ.
1135 1210 1392 1270 Mulieres,
1411 1206 1530 1259 viris
1551 1202 1723 1256 vestris
1739 1198 1948 1254 subdita
1965 1203 2140 1259 estote,
2158 1191 2284 1245 sicut

785 1307 998 1358 Domino
1029 1304 1158 1357 :25.
1189 1308 1426 1371 quoniam
1452 1299 1527 1350 vir
1553 1303 1701 1361 caput
1730 1300 1800 1344 est
1846 1286 2072 1340 mulieris
2094 1324 2109 1349 ,
2158 1283 2285 1335 sicut

782 1400 1010 1452 Christus
1040 1404 1189 1466 caput
1219 1404 1289 1448 est
1316 1390 1560 1444 Ecclesiae
1588 1403 1606 1441 :
1635 1393 1680 1437 et
1707 1384 1816 1450 ipse
1841 1380 2063 1434 salvator
2099 1388 2282 1441 corpo-

782 1492 851 1542 ris
879 1490 1006 1560 ejus.
1036 1465 1128 1540 24.
1157 1483 1261 1539 Sed
1287 1483 1414 1536 sicut
1448 1477 1674 1532 Ecclesia
1702 1473 1924 1541 subjecta
1952 1478 2022 1522 est
2046 1465 2242 1520 Christo
2267 1476 2286 1515 :

782 1564 852 1633 ita
878 1592 922 1632 et
952 1578 1183 1631 mulieres
1205 1574 1322 1628 ciris
1346 1571 1450 1624 suis
1475 1570 1526 1622 in
1553 1564 1803 1620 omnibus.

784 1674 835 1725 l.
868 1670 1008 1724 Beati
1035 1668 1276 1737 coniuges
1299 1663 1393 1717 sibi
1417 1661 1625 1714 invicem
1655 1653 2035 1710 consentientes.
2086 1645 2286 1699 Amoris

714 1765 892 1816 vis.—-
913 1761 1003 1814 \iir
1029 1757 1242 1828 quidam
1265 1754 1476 1822 sapiens
1505 1763 1626 1804 cum
1654 1747 1705 1799 in
1757 1739 2138 1798 beatitudinum
2191 1750 2288 1790 uu-

715 1867 920 1907 merutn
944 1849 1107 1902 ttntlta
1131 1844 1418 1902 retulisset,
1451 1841 1552 1893 hoc
1583 1849 1744 1889 unum
1770 1845 1983 1903 quoque
2013 1826 2188 1897 posuit
2218 1825 2290 1877 in-

718 1955 800 1998 ter
824 1937 1218 1995 beatitttdines:
1260 1932 1319 1985 Et
1357 1930 1571 1991 mulier,
1615 1923 1826 1993 inquit,
1875 1932 1989 1989 qua
2029 1932 2141 1970 cum
2187 1913 2292 1966 uiro

716 2031 943 2086 convenit
966 2040 1011 2081 et
1033 2024 1278 2080 consentit
1322 2019 1523 2091 (Eccli.
1568 2016 1657 2070 25.
1700 2015 1736 2065 2
1764 2013 1801 2079 ).
1849 2010 1916 2064 Et
1955 2020 2139 2063 rursus
2169 2002 2294 2057 alibi

690 2133 693 2135 ’
720 2125 872 2193 punit
895 2137 1014 2174 cum
1045 2114 1478 2172 beatitudinibus,
1510 2107 1652 2178 quod
1687 2118 1817 2157 uxor
1842 2099 1999 2155 simul
2037 2112 2156 2151 cum
2188 2111 2298 2148 ma-

721 2184 825 2268 i‘ito
852 2209 1052 2264 habitet.
1079 2223 1196 2260 cum
1219 2200 1521 2258 concordia.
1551 2193 1850 2263 Quinetiam
1877 2189 1944 2242 ab
1971 2187 2120 2240 initio
2160 2184 2299 2237 Deus

725 2303 938 2357 videtur
961 2311 1200 2366 magnam
1223 2308 1403 2347 curam
1435 2287 1664 2357 gessisse
1694 2283 1849 2352 hujus
1874 2275 2297 2348 coniunctionis;

728 2405 782 2449 et
806 2393 874 2446 de
901 2388 1158 2443 ambobus
1184 2395 1448 2453 tamquam
1477 2379 1543 2433 de
1560 2372 1666 2431 uno
1683 2375 1924 2444 loquens,
1953 2369 2029 2422 sic
2052 2366 2298 2421 dicebat:

729 2481 1093 2539 Musonium-et
1114 2478 1352 2548 feminam
1385 2471 1501 2543 fecit
1531 2484 1614 2522 eos
1643 2466 1662 2536 (
1691 2463 1818 2521 Gen.
1850 2463 1902 2516 1.
1932 2459 2000 2515 Ξῖ
2020 2461 2039 2527 )
2061 2474 2074 2521 ς
2099 2471 2153 2511 et
2183 2470 2300 2548 rur-

727 2592 844 2640 sus,
879 2571 998 2626 Non
1021 2577 1095 2624 est
1115 2545 1391 2626 masculus,
1423 2577 1512 2614 nec
1543 2559 1730 2627 {culina
1757 2555 1778 2624 (
1803 2552 1921 2606 Gal.
1951 2551 2003 2605 3.
2033 2548 2102 2601 9.8
2125 2550 2161 2615 ).
2185 2545 2302 2640 ideo

729 2677 812 2724 est
840 2665 983 2721 enim
1019 2671 1162 2715 tanta
1188 2657 1286 2712 viri
1310 2669 1429 2709 cum
1463 2651 1575 2705 viro
1602 2641 1941 2701 necessitudo
1983 2648 2037 2695 et
2081 2636 2304 2706 couinn-

731 2759 1073 2826 ctio,.quanta
1095 2747 1331 2803 mulieris
1355 2757 1477 2796 eum
1495 2740 1633 2802 viro,
1653 2736 1697 2790 si
1724 2737 1794 2789 sit
1811 2742 1956 2787 recte
1973 2729 2303 2798 coniugatus.

738 2814 1025 2915 Propterea
1049 2841 1130 2894 vir
1154 2836 1366 2906 quidam
1397 2832 1582 2886 beatus
1606 2838 1870 2881 summam
1899 2820 2201 2889 signiﬁcans
2224 2814 2308 2867 dl-

737 2903 1040 2993 Iectiouetn,
1077 2937 1128 2982 et
1158 2903 1345 2995 lugens
1373 2917 1656 2990 quemdam
1684 2929 1748 2968 ex
1774 2909 1885 2965 suis
1913 2907 2120 2971 amicis,
2148 2914 2205 2959 et
2221 2903 2310 2972 qui

736 3038 888 3083 erant
907 3022 1188 3080 unanimes
1206 3059 1222 3083 ,
1255 3031 1360 3070 non
1387 3011 1519 3066 dixit
1545 3019 1774 3077 patrem,
1800 3016 1904 3056 non
1933 3007 2180 3062 matrem,
2205 3008 2310 3047 non

740 3122 928 3183 tilium,
955 3130 1058 3170 non
1090 3111 1328 3171 lratrctn,
1356 3118 1464 3158 non
1493 3097 1720 3152 amicum
1742 3091 1880 3161 ;.sed
1908 3086 2076 3160 quid?
2123 3083 2312 3183 Cecidit

739 3174 941 3265 dilectio
968 3216 1053 3259 tua
1076 3216 1224 3271 super
1245 3213 1342 3260 nte,
1375 3193 1543 3262 inquit
1567 3231 1581 3252 ,
1610 3198 1866 3251 tamquam
1907 3178 2108 3271 dilectio

882 3298 976 3369 (ι.
1005 3263 1210 3364 Βρςίι.
1237 3285 1366 3355 Ξϐ).
1401 3282 1605 3336 Revera
1631 3274 1773 3330 enim
1799 3312 1814 3336 ,
1854 3283 2042 3328 revera
2092 3265 2206 3318 haec
2233 3263 2315 3316 di-

741 3357 901 3448 lectio
923 3395 1006 3442 est
1033 3357 1200 3452 magis
1238 3373 1512 3449 tyrannica
1534 3368 1569 3437 ,‘
1595 3381 1755 3438 quam
1805 3361 2009 3435 quaevis
2054 3357 2314 3430 tyrannis.

743 3483 873 3538 Nam
903 3478 1021 3532 alia:
1047 3471 1258 3542 quidem
1286 3475 1409 3520 sunt
1432 3460 1814 3521 vehementes;
1849 3453 1962 3508 haec
2005 3459 2182 3504 autem
2219 3462 2316 3502 cu-

748 3569 941 3645 piditas
970 3538 1130 3623 habet
1156 3574 1208 3616 et
1235 3555 1621 3613 vehementiam
1647 3593 1663 3618 ,
1712 3557 1768 3604 et
1815 3547 1958 3645 quod
2005 3557 2110 3598 non
2151 3538 2320 3645 possit

748 3629 1078 3717 marcescere
1110 3670 1126 3708 :
1157 3652 1295 3706 inest
1320 3647 1462 3700 enim
1488 3643 1701 3714 quidam
1724 3651 1877 3692 amor
1905 3635 1956 3689 in
1993 3643 2179 3688 natura
2225 3629 2322 3683 de-

748 3755 996 3808 litescens
1013 3788 1029 3812 ,
1051 3753 1106 3801 et
1148 3758 1245 3798 nos
1273 3741 1445 3793 latens
1475 3731 1743 3789 connectit
1780 3729 1895 3782 haec
1921 3737 2167 3794 corpora.
2189 3722 2319 3775 Pro-

751 3855 933 3916 pterea
959 3851 1015 3896 et
1040 3837 1110 3892 ab
1133 3834 1284 3899 initio
1308 3845 1372 3884 ex
1391 3829 1504 3881 viro
1527 3823 1735 3882 mulier,
1750 3828 1804 3875 et
1828 3830 2010 3887 postea
2037 3832 2103 3870 ex
2129 3813 2242 3867 viro
2270 3820 2325 3865 et

754 3911 978 3991 muliere
1005 3929 1084 3983 vir
1099 3935 1155 3982 et
1178 3923 1385 3978 mulier.
1415 3915 1573 3972 Vides
1593 3911 2019 3982 coniunctionem
2043 3918 2096 3961 et
2122 3917 2323 3960 conne-

755 4027 989 4088 xionem,
1015 4030 1069 4073 et
1106 4011 1373 4086 quomodo
1405 4025 1508 4062 non
1553 4004 1740 4078 siverit
1784 4001 1943 4052 aliam
1987 3996 2325 4051 extrinsecus

755 4114 957 4186 ingredi
976 4082 1308 4164 essentiam?
1343 4098 1469 4152 Vide
1496 4105 1672 4149 autem
1712 4105 1870 4160 quam
1901 4082 2327 4142 multai‘admini-

759 4180 945 4261 utrarit
988 4209 1044 4255 et
1082 4190 1427 4266 dispensarit.
1471 4186 1665 4242 Passus
1698 4192 1780 4236 cst
1819 4180 1990 4248 ipsum
2038 4189 2188 4229 suam
2235 4186 2327 4227 so-

757 4283 934 4351 rorem
983 4290 1180 4344 ducere
1236 4292 1460 4337 uxorem
1483 4317 1501 4344 ,
1545 4273 1631 4329 vel
1675 4270 1854 4342 potius
1891 4281 1999 4322 non
2042 4276 2282 4320 sororem
2307 4300 2325 4325 ,

762 4387 858 4441 sed
914 4385 1113 4447 tiliam,
1158 4376 1240 4431 vel
1281 4372 1462 4444 potius
1505 4381 1618 4423 non
1644 4363 1830 4424 tiliam.
1869 4357 1966 4416 sed
2004 4357 2126 4428 plus
2169 4367 2330 4447 quam

765 4478 964 4538 tiliam,
1016 4445 1206 4538 neutpe
1267 4477 1417 4518 suam
1466 4471 1687 4513 carnem
1719 4474 1734 4508 :
1768 4461 1936 4509 totum
1980 4459 2159 4503 autem
2206 4445 2332 4499 fecit

763 4574 830 4626 ab
867 4571 978 4623 alto
1026 4563 1186 4636 petita
1217 4556 1459 4628 origine,
1490 4553 1628 4609 sicut
1673 4548 1726 4604 in
1771 4545 2032 4617 lapidibus
2057 4584 2072 4606 ,
2120 4556 2216 4598 eos
2241 4555 2332 4594 eo-

760 4675 893 4732 gens
917 4658 970 4712 in
999 4669 1184 4710 unum.
1218 4649 1333 4706 Non
1359 4647 1501 4702 enim
1524 4657 1644 4700 eam
1681 4639 1808 4695 fecit
1847 4636 2184 4694 extrinsecus
2207 4673 2224 4698 ,
2265 4645 2332 4686 ne

763 4764 1031 4823 tauquam
1053 4745 1240 4802 alienae
1268 4744 1315 4798 ci
1340 4739 1619 4795 adhiberet
1644 4733 1920 4796 animum;
1947 4743 2122 4800 neque
2146 4740 2334 4783 rursus

657 4832 670 4853 ’
764 4844 833 4900 ad
882 4819 1055 4913 ipsum
1100 4850 1270 4906 usque
1310 4831 1458 4887 stetit
1495 4824 1892 4884 matrimonium
1916 4862 1933 4885 ,
1985 4834 2075 4913 ne_

765 4909 1022 4990 coercens
1053 4939 1108 4986 et
1131 4939 1328 4997 cogens
1352 4927 1689 4990 scpararetur
1713 4931 1744 4970 a
1772 4915 2000 4971 ceteris.
2037 4910 2108 4967 Et
2130 4911 2267 4966 sicut
2282 4909 2335 4963 in

767 5022 964 5096 plantis
991 5020 1094 5074 illa
1131 5025 1256 5070 sunt
1297 5014 1452 5081 hmge
1493 5008 1708 5078 optimc
1745 5013 1800 5060 et
1840 5000 2334 5096 prtestantissima,

765 5090 887 5183 qua:
917 5110 1112 5165 habent
1133 5118 1298 5160 unum
1327 5102 1561 5169 stipitem
1587 5106 1642 5151 et
1675 5093 2033 5152 extenduntur
2060 5090 2127 5146 ad
2158 5104 2337 5145 rantes

772 5206 1007 5266 multos;
1037 5215 1142 5268 quo
1171 5197 1226 5250 lit
1257 5204 1312 5250 ut
1338 5192 1384 5251 si
1408 5192 1812 5248 omniatemere
1849 5188 2019 5239 solum
2063 5193 2337 5238 vertantur

768 5294 911 5350 circa
938 5288 1203 5351 radicem,
1243 5294 1298 5341 ct
1324 5281 1516 5338 multas
1537 5280 1697 5336 etiam
1723 5277 1950 5332 habeant
1977 5273 2200 5338 radices,
2231 5288 2337 5327 non

770 5399 854 5443 est
880 5385 1061 5454 utique
1083 5381 1246 5436 arbor
1262 5377 1422 5448 digna
1443 5372 1796 5429 admiratione
1823 5387 1838 5424 :
1866 5370 1934 5422 ita
1971 5366 2059 5420 hie.
2091 5380 2302 5436 quoque
2321 5406 2336 5429 ,

773 5857 960 5899 rursus
982 5837 1324 5897 dilectionem
1349 5834 1404 5886 in
1433 5843 1596 5885 ustu-
1622 5822 2084 5881 contrahemus.
2104 5828 2156 5875 et
2185 5819 2337 5875 aliter

2387 1201 2762 1257 separaremur
2810 1200 2841 1239 a
2880 1183 3034 1238 nobis
3077 1183 3224 1252 ipsis.
3252 1181 3543 1250 Propterea
3568 1178 3778 1235 dicebat
3811 1198 3830 1232 :
3867 1181 3967 1242 Qui

2389 1280 2506 1347 {erit
2531 1277 2591 1330 ob
2623 1277 2784 1336 initio,
2818 1275 3096 1327 masculum
3117 1283 3164 1325 et
3191 1271 3431 1342 {catinum
3454 1272 3571 1340 fecit
3609 1286 3694 1323 eos
3734 1271 3752 1337 (
3771 1270 3966 1322 Matth.

2390 1369 2479 1425 i9.
2507 1371 2539 1423 4
2559 1368 2598 1438 ).
2644 1367 2826 1435 Magna
2853 1364 2994 1420 enim
3021 1378 3087 1418 ex
3110 1362 3193 1416 his
3213 1370 3503 1416 nascuntur
3531 1360 3668 1414 mala
3694 1370 3750 1414 et
3770 1375 3967 1426 magna

2393 1460 2526 1513 bona
2553 1468 2607 1512 et
2633 1457 2878 1511 domibus
2907 1466 2963 1508 et
2989 1453 3318 1508 civitatibus.
3347 1451 3489 1506 Nihil
3538 1452 3680 1505 enim
3723 1462 3969 1505 nostram

2391 1551 2552 1604 vitam
2577 1565 2730 1619 atque
2756 1548 3072 1609 concinnat,
3109 1555 3164 1599 ut
3188 1559 3340 1599 amor
3367 1543 3464 1598 viri
3484 1553 3538 1598 et
3562 1543 3800 1597 mulieris
3833 1561 3848 1596 :
3877 1561 3973 1611 pro

2394 1657 2458 1697 eo
2486 1641 2634 1694 multi
2665 1654 2811 1693 arma
2839 1645 3081 1703 sumunt,
3110 1651 3206 1705 pro
3231 1650 3302 1690 eo.
3328 1635 3486 1689 etiam
3513 1633 3800 1702 projiciunt
3849 1635 3975 1685 ani~

2395 1747 2555 1786 mam.
2579 1729 2693 1784 Non
2716 1733 2855 1784 enim
2881 1738 3080 1783 temere
3111 1726 3265 1794 hujus
3293 1725 3372 1778 rei
3398 1725 3617 1778 multum
3641 1737 3824 1778 curam
3847 1738 3974 1792 grs-

2396 1824 2465 1878 sit
2486 1821 2710 1884 Paulus,
2744 1829 2798 1875 et
2828 1820 2881 1874 in
2909 1833 2976 1872 eo
3006 1817 3184 1886 posuit
3210 1815 3443 1870 studium
3463 1855 3480 1880 ,
3511 1814 3695 1869 dicens
3733 1831 3747 1866 :
3779 1813 3976 1865 Mulie-

2397 1929 2476 1967 res
2505 1912 2623 1965 viris
2652 1911 2756 1966 suis
2784 1909 2998 1963 subdita
3023 1908 3126 1962 sint
3150 1907 3278 1960 sicut
3303 1904 3541 1958 Domino.
3570 1904 3790 1972 Quare?
3825 1904 3976 1970 Quo-

2399 2005 2540 2058 niam
2563 2001 2812 2057 sihisint
2851 2002 2903 2055 in
2947 1997 3264 2063 concordia,
3309 2007 3364 2052 et
3408 2006 3550 2051 recte
3584 1996 3796 2050 aluntur
3842 1995 3976 2054 ﬁlii,

2403 2104 2546 2149 rerte
2585 2092 2811 2155 ordinati
2857 2101 2981 2144 sunt
3034 2089 3252 2151 famuli,
3299 2097 3354 2143 ct
3395 2087 3536 2142 bono
3583 2102 3765 2162 eorum
3809 2085 3980 2138 odore

2405 2184 2648 2239 fruuntur
2671 2182 2852 2246 vicini,
2879 2181 3143 2250 amicique
3173 2190 3225 2234 et
3245 2178 3456 2248 cognati
3487 2196 3502 2230 :
3531 2177 3619 2231 sin
3639 2191 3814 2232 autem
3842 2191 3980 2231 con-

2406 2283 2838 2339 tra,.evertuntur
2865 2283 2920 2328 et
2943 2271 3343 2328 confunduntur
3367 2274 3564 2324 omnia.
3596 2270 3661 2324 Et
3689 2271 3826 2323 sicut
3855 2285 3981 2324 cuiu

2404 2369 2567 2422 duces
2593 2369 2858 2422 exercitus
2893 2360 3030 2420 inter
3057 2379 3118 2419 se
3152 2377 3334 2432 pacem
3374 2371 3571 2432 agunt,
3609 2361 3786 2415 omnia
3827 2376 3984 2414 suam

2339 2487 2371 2517 -.
2407 2469 2621 2514 scrvmtt
2646 2456 3120 2524 consequentiam;
3153 2452 3270 2507 etsi
3312 2465 3497 2505 rursus
3547 2449 3622 2504 illi
3665 2453 3988 2510 turbentur,

2409 2563 2620 2602 sursum
2642 2557 2696 2602 et
2718 2546 2968 2600 deorsum
2991 2553 3220 2613 aguntur
3239 2541 3418 2594 omnia
3443 2556 3455 2591 :
3481 2539 3551 2594 ita
3581 2553 3719 2593 nunc
3745 2555 3981 2609 quoque.

2411 2637 2533 2693 Ideo
2562 2638 2666 2702 ait,
2699 2635 2944 2689 Mulieres
2963 2635 3084 2711 viris
3114 2637 3220 2686 suis
3243 2631 3457 2684 subdite
3477 2630 3574 2683 sint
3594 2670 3610 2692 ,
3653 2631 3780 2682 sicut
3804 2625 3993 2682 Domi-

2411 2747 2475 2783 no
2504 2732 2522 2797 (
2548 2728 2660 2784 Col.
2689 2727 2744 2783 5.
2778 2728 2908 2796 ‘18).
2951 2727 3107 2794 Papa:
3132 2728 3145 2778 !
3175 2722 3444 2793 quomodo
3480 2735 3608 2791 ergo
3632 2719 3768 2776 dicis
3803 2721 3937 2775 alibi
3974 2737 3986 2772 :

2414 2821 2523 2876 Nisi
2549 2820 2671 2889 quis
2700 2817 3085 2872 renuntiaverit
3110 2805 3261 2869 uxori
3286 2822 3342 2868 et
3366 2813 3481 2867 viro
3507 2852 3525 2878 ,
3552 2827 3657 2867 non
3683 2821 3863 2882 potest
3905 2828 3992 2866 me

2414 2915 2563 2984 sequi
2590 2912 2756 2983 (Luc.
2780 2912 2868 2965 Η.
2919 2910 3070 2980 35)?
3109 2907 3164 2962 Si
3202 2907 3345 2962 enim
3385 2904 3575 2975 subiici
3606 2913 3816 2975 oportet
3858 2915 3998 2958 tam-

2421 3020 2577 3075 quam
2594 3003 2845 3069 Omnino,
2866 3000 3135 3072 quomodo
3160 2997 3291 3054 dicit
3311 2997 3450 3069 quod
3468 3007 3687 3068 propter
3710 2997 3995 3052 Dominum

2421 3107 2666 3169 oporteat
2699 3095 2974 3152 discedere
2993 3095 3016 3148 2
3038 3093 3106 3147 Et
3129 3107 3255 3147 vere
3273 3091 3493 3146 omnino
3511 3101 3720 3160 oportet
3744 3106 3759 3142 :
3786 3091 3886 3145 sed
3934 3093 3996 3143 ilo

2419 3188 2504 3242 Iud
2529 3227 2546 3254 ,
2591 3188 2756 3251 sicut,
2804 3200 2907 3238 non
2942 3194 3022 3239 est
3050 3197 3260 3251 semper
3279 3183 3496 3237 omnino
3515 3182 3852 3250 mqualitatis.
3894 3186 3999 3236 Aut

2421 3281 2522 3334 hoc
2548 3278 2674 3332 dicit
2702 3294 2715 3329 :
2749 3276 2900 3332 Sicut
2921 3290 3042 3346 qua:
3080 3273 3260 3329 sciatis
3288 3272 3430 3344 quod
3468 3272 3692 3328 Domino
3736 3275 3956 3327 senilis
3986 3292 3999 3327 :

2419 3370 2559 3440 qtmd
2580 3369 2741 3422 etiam
2778 3367 2905 3422 dicit
2935 3363 3250 3434 alibi,_quod
3271 3363 3316 3418 si
3343 3379 3448 3418 non
3472 3372 3688 3434 propter
3717 3365 3997 3424 auritum.

2419 3458 2513 3514 sed
2546 3459 2599 3511 in
2623 3456 2808 3526 primis
2830 3464 3046 3524 propter
3078 3453 3361 3507 Dominum
3394 3469 3407 3504 :
3438 3461 3570 3518 aut,
3595 3453 3818 3519 Quando
3847 3454 4005 3508 cedis

2421 3548 2636 3611 marito,
2668 3554 2725 3599 ut
2754 3544 2976 3600 Domino
3003 3543 3266 3608 serviens,
3296 3550 3350 3597 te
3376 3541 3594 3612 obsequi
3621 3551 3768 3612 puta.
3797 3541 3942 3598 Nam
3965 3547 4004 3595 si

2422 3639 2500 3700 1s.
2519 3639 2606 3707 qui
2635 3638 2713 3691 Itis
2742 3636 2962 3691 externis
2989 3634 3218 3688 civilibus
3245 3634 3434 3688 resistit
3461 3634 3835 3704 magistratibus
3855 3676 3875 3696 ,
3914 3635 4007 3687 Da‘

2426 3732 2607 3785 resistit
2635 3727 2945 3782 ordinatioui
2974 3723 3160 3796 (Rom.
3194 3725 3281 3780 l3.
3308 3724 3378 3795 9)
3403 3767 3418 3788 ,
3447 3725 3617 3781 multo
3663 3726 3831 3793 magis
3887 3743 4009 3794 qua:

2428 3825 2619 3878 marito
2649 3838 2752 3876 non
2782 3819 3083 3890 subjicitur.
3117 3817 3206 3873 Sic
3237 3818 3377 3872 Deus
3403 3816 3570 3872 voluit
3591 3820 3661 3872 ab
3684 3816 3860 3871 initio.
3903 3818 4009 3872 Po-

2430 3926 2619 3967 namus
2643 3923 2771 3982 ergo
2797 3911 2967 3964 virum
2995 3907 3211 3978 quidem
3237 3906 3482 3962 ordinem
3505 3914 3560 3961 et
3603 3907 3778 3961 locum
3825 3917 4011 3962 tenete

2429 4005 2640 4077 capitis,
2671 4003 2952 4058 mulierem
2997 4011 3175 4054 autem
3219 3999 3481 4069 corporis.
3538 3998 3741 4053 Deinde
3777 3999 3947 4052 etiam
3984 4017 4009 4048 ςι

2432 4094 2729 4151 rationibus
2757 4090 3008 4153 ostendit,
3052 4089 3193 4160 quod
3221 4090 3303 4142 vir
3331 4090 3400 4142 sit
3433 4097 3593 4156 caput
3615 4088 3858 4143 mulieris
3877 4132 3895 4154 ,
3934 4088 4015 4143 in-

2430 4187 2565 4256 quit.
2590 4184 2734 4240 Sicut
2764 4181 2994 4237 Christus
3017 4189 3173 4249 caput
3196 4191 3272 4232 est
3297 4177 3562 4242 Ecclesia,
3588 4189 3632 4230 et
3658 4178 3766 4246 ipse
3797 4188 3873 4232 est
3903 4182 4011 4232 sul-

2433 4288 2574 4333 rator
2599 4275 2843 4345 corporis.
2875 4271 2982 4329 Sed
3006 4273 3135 4326 sicut
3159 4268 3387 4338 Ecclesia
3409 4271 3633 4337 subjecta
3669 4281 3742 4324 est
3768 4271 3979 4326 Christo
3997 4311 4013 4335 ,

2434 4370 2504 4423 ita
2532 4377 2576 4420 et
2607 4365 2840 4429 mulieres
2867 4363 2985 4418 ciris
3013 4363 3120 4418 suis
3144 4363 3196 4416 in
3221 4362 3472 4416 omnibus.
3496 4360 3699 4416 Deinde
3722 4370 4012 4431 postquam

2436 4458 2586 4519 dixit,
2624 4454 2715 4508 Vi
2737 4464 2886 4523 caput
2909 4463 2983 4507 est
2999 4453 3246 4516 mlieris,
3261 4452 3391 4507 sicut
3416 4460 3464 4505 et
3487 4448 3710 4506 Christus
3733 4449 4018 4516 Ecclesia;

2436 4549 2607 4612 addit,
2640 4544 2707 4599 Et
2747 4547 2854 4618 ipse
2887 4557 2960 4600 est
2998 4543 3219 4600 aleator
3255 4543 3707 4613 corporisnaput
3746 4544 3893 4598 enim
3937 4557 4016 4599 est

2439 4642 2584 4696 salus
2622 4639 2882 4710 corporis.
2915 4637 3031 4694 lam
3063 4638 3254 4692 marito
3279 4643 3335 4691 et
3376 4635 3534 4690 uxori
3578 4635 3706 4705 iecit
3737 4645 4016 4707 tanquam

2441 4729 2844 4789 lundsmentum
2867 4729 3139 4783 caritatem
3177 4735 3232 4780 et
3256 4723 3637 4796 providentiam
3661 4763 3678 4789 ,
3724 4726 4019 4795 unicuique

2442 4819 2622 4875 locum
2645 4819 2882 4873 tribuens
2909 4816 3319 4872 wnvenientem
3339 4855 3355 4877 .
3392 4814 3584 4869 marito
3615 4812 3836 4882 qni-lem
3866 4818 4020 4884 prin—-

2441 4910 2648 4981 cipatus
2670 4917 2724 4963 et
2750 4907 3098 4978 providentia:
3117 4944 3132 4969 .
3163 4904 3312 4959 uxori
3334 4918 3461 4958 vero
3488 4902 3857 4971 subiectionis.

2511 5001 2568 5056 2.
2595 5000 2738 5056 Sicut
2763 5015 2884 5070 ergo
2913 4995 3145 5052 Ecclesia
3189 4995 3414 5064 subiecta
3443 5003 3516 5046 est
3541 4993 3782 5056 Christo;
3815 4993 3870 5048 id
3895 5005 3988 5049 est
4007 5037 4021 5057 .

2446 5091 2543 5147 viri
2568 5101 2624 5146 et
2648 5090 2896 5145 mulieres
2922 5105 2938 5142 :
2965 5089 3039 5142 ita
3065 5089 3218 5142 etiam
3247 5087 3481 5141 mulieres
3506 5086 3701 5138 maritis
3725 5088 3857 5139 sicut
3884 5085 4020 5140 Deo.

2445 5183 2535 5238 25.
2581 5181 2717 5246 Viri,
2741 5178 2938 5249 diligite
2976 5192 3156 5232 uxores
3186 5186 3372 5230 uestros
3391 5215 3406 5238 ,
3437 5176 3572 5229 sim
3587 5183 3638 5228 et
3682 5174 3914 5230 Christus
3944 5179 4021 5229 di-

2456 5273 2578 5327 tarit
2637 5270 2943 5325 Ecclesium.
3000 5265 3263 5321 Audiviin
3323 5279 3586 5330 summam
3633 5265 4020 5323 dilectionem;

2450 5360 2674 5415 laudasti
2719 5369 2772 5414 et
2801 5357 3093 5413 admiratus
3116 5370 3178 5409 es
3222 5354 3439 5409 Paulum
3460 5394 3476 5418 .
3505 5365 3564 5410 ut
3607 5355 3698 5424 qui
3743 5364 4022 5427 tamquam

2447 5453 2528 5506 vir
2567 5449 2894 5505 admirabilis
2918 5457 2971 5502 et
3018 5447 3316 5519 spirituatis
3359 5455 3596 5501 nostram
3623 5446 3784 5501 vitam
3813 5449 4021 5502 ωηιξη

2317 5570 2343 5586 ο
2449 5538 3163 5598 tuerethectc.Scdaudi
3230 5537 3780 5608 quatecslgit:
3832 5554 4023 5594 rursm

2447 5632 2589 5689 enim
2619 5631 2808 5689 eodem
2834 5632 3001 5686 utitur
3042 5629 3293 5712 exemplo
3314 5644 3335 5686 ι
3365 5625 3505 5683 ‘i'iri.
3565 5628 3735 5699 lnquit
3755 5667 3772 5696 ,
3830 5630 4021 5703 iiﬁgite

2446 5738 2630 5778 mres
2672 5730 2894 5784 uestras,
2938 5721 3068 5776 sicut
3111 5730 3158 5775 et
3203 5719 3434 5774 Christus
3477 5718 3658 5774 dilexit
3705 5717 4020 5778 Ecclesium.

2449 5813 2642 5872 Vidisti
2663 5815 2971 5870 mensuram
2992 5811 3349 5876 obedientiz?
3373 5809 3508 5867 Audi
3529 5812 3688 5867 etiam
3711 5824 4024 5870 limum
