4096 6310
277 387 372 442 13⁸1

269 586 523 640 elesiam?
550 585 666 655 ipse
690 599 902 654 quoque
925 585 1041 654 ejus
1069 599 1251 639 curam
1281 599 1408 654 gere
1449 587 1586 638 sicut
1608 583 1853 639 Christus

272 677 558 733 Ecclesia:
593 677 821 734 etiamsi
853 677 1085 732 animam
1132 692 1229 747 pro
1263 677 1378 747 ipsa
1421 677 1552 733 dare
1583 687 1849 747 oporteat,

269 768 477 824 etiamsi
509 768 708 823 millies
737 767 1052 834 conscindi,
1089 768 1301 823 etiamsi
1329 769 1558 838 quodvis
1584 769 1852 823 sustinere

270 871 328 915 et
355 861 502 931 pati,
531 873 639 912 non
672 858 980 922 recusabis;
1010 867 1064 912 et
1093 859 1140 913 si
1172 858 1286 912 haec
1318 873 1506 928 passus
1535 857 1700 913 fueris
1722 901 1739 925 ,
1769 858 1850 912 ni-

273 949 349 1007 hil
377 953 551 1006 adhuc
577 950 683 1006 tale
703 949 875 1004 fecisti
902 949 1062 1020 quale
1091 949 1361 1006 Christus.
1388 949 1523 1004 Nam
1550 958 1604 1005 tu
1631 951 1846 1021 quidem

267 1046 380 1117 jam
426 1044 746 1114 conjuncttis
773 1042 889 1098 haec
917 1042 1086 1098 facis:
1119 1044 1209 1099 ille
1251 1055 1431 1100 autem
1481 1061 1580 1114 pro
1618 1061 1682 1100 ea
1727 1061 1845 1116 quae

269 1139 446 1207 ipsum
475 1148 751 1191 aversatur
775 1147 831 1191 et
868 1136 995 1191 odio
1024 1136 1201 1191 habet.
1230 1136 1687 1206 Quemadmodum
1718 1154 1846 1209 ergo

264 1231 384 1297 ipse
411 1244 530 1283 eam
561 1243 680 1297 qua:
729 1230 905 1297 ipsum
949 1229 1322 1306 aversabatur,
1349 1230 1640 1300 oderatqne
1664 1240 1720 1286 et
1743 1231 1843 1286 de-

261 1319 493 1387 spicatui
525 1317 754 1373 habebat
791 1333 854 1374 ac
878 1316 1246 1388 conspuebat,
1273 1330 1328 1376 et
1355 1336 1450 1390 per
1489 1321 1761 1378 lasciviam
1791 1325 1842 1379 ei

258 1411 573 1472 insultabat,
605 1425 793 1478 magna
837 1425 932 1465 sua
983 1425 1110 1466 cura
1157 1412 1270 1467 suis
1309 1413 1540 1482 subjecit
1582 1414 1838 1482 pedibus,

258 1515 366 1554 non
420 1500 581 1553 minis
611 1515 710 1554 nec
757 1501 1097 1566 contumeliis
1141 1517 1316 1571 neque
1353 1513 1496 1558 metu
1527 1519 1701 1572 neque
1731 1504 1840 1558 ullo

254 1591 365 1645 alio
384 1589 648 1659 ejusmodi
674 1609 688 1643 :
724 1591 797 1645 ita
827 1600 880 1645 tu
907 1606 1118 1661 quoque
1146 1600 1197 1646 te
1225 1608 1351 1662 gere
1379 1597 1504 1666 erg‘a
1533 1589 1678 1648 tuam
1705 1610 1837 1650 uxo-

252 1697 368 1737 rem
396 1699 409 1732 :
439 1681 648 1736 etiamsi
672 1695 790 1735 eam
822 1681 1019 1736 videris
1043 1681 1426 1751 despicientem
1449 1723 1466 1750 ,
1497 1683 1713 1738 etiamsi
1741 1699 1837 1753 per

249 1773 526 1828 lasciviam
556 1772 936 1837 insultantem,
981 1773 1192 1828 etiamsi
1237 1765 1703 1841 contemnentem,
1741 1792 1836 1846 po-

249 1863 382 1918 teris
427 1863 595 1917 multa
639 1862 910 1932 cjus~cura
941 1872 997 1917 et
1041 1863 1414 1933 providentia,
1459 1865 1750 1921 dilectione
1779 1874 1833 1920 et

245 1953 486 2007 amicitia
535 1967 654 2006 eam
704 1953 810 2006 tuis
857 1952 1082 2021 pedibus
1129 1953 1414 2024 subjicere.
1460 1954 1604 2010 Nihil
1633 1964 1720 2011 est
1745 1956 1832 2010 his

243 2045 474 2098 vinculis
519 2045 686 2114 magis
737 2045 1108 2122 tyrannicum,
1158 2054 1214 2101 et
1261 2047 1492 2101 maxime
1538 2049 1733 2102 marito
1759 2056 1832 2103 "et

244 2137 421 2189 uxori.
454 2135 587 2189 Nam
623 2134 878 2189 famulum
907 2135 1120 2206 quidem
1157 2137 1350 2206 poterit
1375 2139 1635 2208 quispiam
1684 2149 1828 2196 metu

238 2227 482 2296 alligare,
513 2226 623 2280 imo
667 2243 792 2280 vero
831 2242 898 2281 ne
943 2227 1089 2281 illum
1133 2227 1380 2297 quidem;
1414 2225 1640 2282 fortasse
1683 2229 1827 2283 enim

239 2321 448 2374 resiliet
488 2330 544 2375 et
591 2320 805 2373 abibit:
846 2320 964 2374 vita:
1009 2329 1189 2375 autem
1246 2319 1488 2386 sociam,
1533 2321 1824 2401 liberorum

237 2423 466 2466 matrem
485 2452 501 2473 ,
531 2420 585 2465 et
609 2423 835 2480 quaest
861 2425 1022 2465 causa
1049 2421 1104 2465 et
1134 2411 1346 2465 occasio
1376 2411 1552 2466 omnis
1581 2411 1780 2467 lanitite
1800 2451 1819 2479 ,

237 2518 349 2556 non
375 2511 587 2570 oportet
613 2512 760 2555 metu
790 2511 843 2556 et
889 2501 1048 2556 minis
1078 2502 1245 2573 ligare
1264 2543 1282 2570 ,
1316 2503 1410 2558 sed
1455 2503 1742 2559 dilectione
1768 2513 1825 2559 et

233 2593 540 2647 aﬂ’ectione.
567 2593 822 2665 Quantam
845 2594 987 2648 enim
1011 2603 1094 2648 est
1114 2594 1440 2664 conjunctio,
1458 2594 1668 2666 quando
1688 2612 1823 2652 uxor

233 2684 572 2738 exhorrescit
597 2683 881 2737 maritum?
903 2685 1141 2752 Quanam
1166 2694 1345 2740 autem
1372 2685 1644 2756 voluptate
1672 2684 1819 2742 frue-

233 2785 325 2841 tnr
355 2776 468 2846 ipse
497 2775 722 2830 maritus
741 2816 754 2840 ,
783 2791 903 2830 cum
935 2792 1100 2832 uxore
1127 2777 1374 2832 habitans
1403 2788 1672 2850 tamquam
1695 2796 1816 2836 cum

230 2865 426 2918 ancilla
448 2903 464 2928 ,
492 2874 547 2919 et
575 2879 682 2918 non
714 2877 984 2936 tamquam
1014 2882 1134 2920 cum
1162 2867 1374 2923 liberal
1402 2869 1467 2923 Et
1493 2871 1536 2924 si
1566 2870 1692 2939 quid
1719 2885 1817 2940 pro

229 2970 298 3010 ea
341 2970 528 3025 passus
572 2953 738 3010 fueris
763 2997 778 3021 ,
812 2971 878 3010 ne
922 2943 1253 3026 exprobras:
1288 2975 1461 3027 neque
1492 2949 1632 3015 enim
1660 2961 1817 3015 Chri-

229 3054 350 3099 stus
391 3044 495 3099 hoc
537 3045 703 3100 fecit:
756 3044 822 3098 Et
865 3047 1085 3114 seipsum
1133 3050 1344 3102 tradidit
1393 3067 1485 3120 pro
1513 3069 1591 3106 ea.
1623 3052 1715 3106 26.
1747 3052 1814 3106 Ut

228 3136 375 3188 illam
403 3135 762 3202 sanctiﬁcaret.
810 3136 941 3191 Erat
983 3153 1112 3206 ergo
1141 3139 1414 3194 immunda
1435 3183 1450 3206 ,
1484 3150 1638 3196 erant
1667 3141 1718 3195 in
1749 3158 1811 3197 ea

230 3227 421 3282 sordes
445 3238 502 3282 et
529 3227 776 3292 maculae,
803 3237 919 3283 erat
947 3230 1121 3299 turpis
1144 3245 1209 3284 ac
1235 3230 1492 3288 deformis
1509 3274 1525 3296 ,
1556 3235 1677 3288 vilis
1697 3243 1814 3290 erat

225 3325 289 3372 et
331 3317 557 3387 abjecta.
603 3318 1005 3389 Quamcumque
1053 3322 1183 3391 ergo
1233 3325 1505 3391 acceperis
1552 3341 1808 3394 uxorem,

227 3424 337 3463 non
383 3411 540 3465 talem
585 3411 816 3480 accipies
857 3426 1148 3481 sponsam,
1188 3415 1404 3485 qualem
1429 3417 1675 3472 Christus
1707 3419 1809 3474 Ec-

223 3501 478 3567 clesiam,
503 3516 675 3570 neque
699 3516 819 3571 qua:
842 3517 873 3556 a
899 3497 951 3556 te
981 3511 1186 3558 tantum
1216 3505 1393 3573 absit,
1423 3517 1678 3576 quantum
1705 3509 1809 3566 Ec-

222 3592 393 3646 clesia
420 3606 452 3646 a
489 3592 746 3646 Christo:
792 3592 889 3647 sed
941 3603 1273 3678 tameninon
1313 3606 1394 3651 est
1433 3599 1804 3669 abominatus,

225 3699 328 3738 nec
351 3698 470 3737 eam
491 3683 616 3738 odio
639 3683 822 3739 habuit
853 3695 1072 3754 propter
1091 3701 1356 3743 summam
1383 3690 1801 3749 deformitatem.

225 3774 321 3828 Vis
336 3774 521 3830 audire
535 3775 652 3846 ejus
669 3768 1100 3832 deformitatem?
1116 3779 1237 3834 audi
1261 3772 1481 3837 Paulum
1499 3783 1765 3843 dicentem
1789 3805 1803 3842 :

225 3866 400 3920 Eratis
423 3868 557 3921 enim
580 3868 853 3934 aliquando
879 3871 1097 3932 tenebras.
1131 3869 1346 3941 (Ephes.
1370 3873 1423 3928 5.
1449 3873 1529 3945 8).
1559 3875 1804 3932 Vidistin’

223 3959 344 4028 ejus
395 3958 666 4012 atroreml
716 3959 841 4028 quid
886 3968 968 4014 est
1017 3961 1186 4015 atrius
1243 3965 1516 4023 tenebris?
1563 3967 1806 4024 Vidistin’

212 4047 534 4102 audaciam?
568 4045 635 4102 In
678 4049 957 4117 pravitate,
1011 4050 1212 4122 inquit,
1245 4063 1292 4108 et
1338 4036 1528 4111 invidia
1574 4054 1828 4134 degentes

224 4140 245 4208 (
278 4138 379 4193 Tit.
410 4141 463 4194 3.
493 4141 528 4194 3
551 4150 572 4211 )
645 4140 779 4196 Vide
831 4141 1218 4201 immunditiam
1245 4166 1259 4202 :
1291 4145 1642 4204 lnobedientes
1661 4193 1676 4216 ,
1724 4153 1804 4206 in-

222 4230 480 4297 sipientes.
524 4229 661 4298 Quid
702 4240 880 4285 autem
927 4232 1086 4287 dico?
1127 4246 1182 4290 et
1225 4238 1386 4291 stulta
1425 4249 1542 4293 erat
1586 4250 1641 4295 et
1683 4257 1801 4298 ma-

224 4318 396 4374 ledica
429 4337 446 4374 :
473 4328 526 4376 et
557 4330 732 4377 tamen
763 4337 883 4376 cum
934 4335 1038 4378 tam
1067 4327 1231 4380 multa
1262 4328 1313 4382 in
1342 4344 1404 4384 ea
1432 4340 1631 4396 essent,
1663 4340 1801 4386 tam-

221 4427 382 4482 quam
412 4427 508 4480 pro
535 4413 807 4482 speciosa,
838 4423 1104 4487 tamquam
1137 4434 1234 4488 pro
1258 4420 1452 4476 dilecta
1475 4463 1492 4490 ,
1525 4432 1798 4495 tamquam

222 4519 323 4574 pro
365 4503 714 4569 admiranda,
762 4506 832 4559 ita
865 4508 1100 4577 seipsum
1150 4511 1368 4566 tradidit
1409 4529 1507 4583 pro
1549 4515 1797 4572 deformi.

220 4598 337 4657 Hoc
365 4598 562 4651 mirans
598 4598 808 4653 dicebat
842 4600 1071 4666 Paulus,
1113 4601 1212 4658 Vix
1239 4605 1374 4658 enim
1404 4623 1498 4676 pro
1517 4607 1662 4677 justo
1687 4611 1802 4679 quis

220 4687 463 4740 morietur
490 4685 681 4752 (Rom.
712 4689 767 4743 5.
799 4689 831 4743 7
859 4689 878 4760 )
901 4705 916 4754 ;
957 4700 1012 4746 et
1039 4707 1255 4760 rursus,
1290 4694 1352 4750 Si
1376 4712 1489 4750 cum
1515 4714 1606 4752 nos
1630 4699 1800 4754 adhuc

219 4785 503 4848 peccatores
547 4795 767 4833 essemus
787 4822 802 4845 ,
852 4780 1084 4838 Christus
1135 4801 1228 4854 pro
1273 4786 1415 4841 nobis
1457 4797 1531 4842 est
1573 4801 1831 4847 mortuus:

221 4867 398 4938 (Ibid.
436 4883 485 4924 υ.
511 4870 564 4924 8.
598 4871 688 4939 9).
721 4871 936 4927 Etcum
970 4874 1132 4930 talem
1183 4879 1511 4950 accepisset,
1552 4897 1669 4937 eam
1712 4899 1803 4961 or-

219 4968 315 5014 nat
351 4971 405 5014 et
437 4961 607 5028 lavat,
637 4971 692 5017 et
739 4979 806 5018 ne
858 4964 957 5020 hoc
1001 4967 1216 5037 quidem
1267 4974 1498 5026 recusat.
1537 4972 1609 5028 Ut
1649 4975 1792 5029 illam

215 5051 560 5118 sanctiﬁcaret
582 5093 599 5117 ,
639 5055 890 5108 mundana
916 5057 1117 5112 lavacro
1147 5076 1293 5131 aqua
1326 5063 1380 5115 in
1406 5064 1584 5125 verbo,
1615 5065 1706 5119 27.
1738 5076 1794 5121 ut

219 5142 470 5220 exhiberet
494 5145 602 5214 ipse
624 5144 721 5198 sibi
748 5146 1026 5214 gloriosam
1055 5149 1335 5208 Ecclesium
1355 5196 1370 5219 ,
1401 5172 1502 5210 non
1532 5152 1798 5214 habentem

218 5233 472 5287 maculam
493 5275 506 5298 ,
533 5245 621 5298 aut
643 5253 823 5307 rugam
845 5280 861 5306 ,
889 5249 976 5292 aut
1001 5240 1196 5312 aliquid
1225 5245 1476 5316 ejusmodi
1492 5289 1506 5310 ,
1535 5249 1624 5302 sed
1647 5260 1708 5303 ut-
1726 5251 1792 5305 sit

215 5333 392 5376 sancta
434 5333 483 5376 et
512 5324 860 5384 immaculata.
905 5328 1144 5384 Lavaero
1185 5333 1327 5388 lavat
1364 5339 1480 5403 ejus
1510 5338 1796 5394 immundi-

217 5413 366 5468 tiam.
393 5413 460 5468 In
489 5416 674 5481 uerbo,
729 5417 920 5488 inquit.
965 5420 1248 5490 Quonam?
1289 5425 1344 5482 in
1377 5430 1595 5485 nomine
1622 5430 1797 5487 Patris

213 5512 269 5559 et
313 5503 432 5561 Filii
461 5517 516 5562 et
562 5505 798 5578 Spiritus
837 5513 1032 5566 sancti.
1061 5513 1170 5569 Nec
1197 5518 1370 5572 solum
1399 5535 1515 5574 eam
1545 5513 1793 5593 ornavit‘,

212 5595 306 5650 sed
348 5597 475 5652 fecit
511 5599 843 5669 gloriosam,
896 5601 1019 5658 Non
1068 5605 1332 5668 habentem
1374 5613 1660 5680 maculam,
1710 5626 1797 5670 aut

209 5704 381 5759 rugam
400 5733 414 5753 ,
446 5699 540 5743 aut
566 5691 769 5761 aliquid
811 5693 1077 5762 ejusmodi.
1111 5697 1175 5751 Et
1208 5701 1306 5753 nos
1333 5715 1461 5771 ergo
1488 5718 1792 5772 quaeramus

201 5782 333 5840 hanc
356 5783 850 5857 pulchritudinem,
876 5797 928 5842 ot
955 5790 1247 5858 poterimus
1271 5806 1390 5849 esse
1413 5795 1527 5866 ejus
1549 5797 1785 5868 opiﬁces.

1193 383 1257 438 IN
1299 384 1514 440 EPIS'l'.
1557 384 1646 438 Αυ
1687 383 1926 437 EI‘HES.
1970 384 2121 440 CAP.
2165 386 2227 440 V.
2273 388 2497 445 llOMlL.
2540 389 2657 447 XX.

270 496 594 551 dilectionis.
620 493 715 549 Vis
733 494 825 549 tibi
849 491 1066 548 obedire
1088 509 1336 560 uxorem,
1355 493 1489 548 sicut
1505 493 1717 548 Christo
1744 486 1849 547 Ec-
1877 519 1883 524 ε

3447 409 3549 466 I38

1963 492 2040 548 Ne
2066 510 2273 564 quaeras
2298 499 2366 554 ab
2397 517 2564 558 uxore
2591 521 2713 574 quas
2740 523 2846 563 non
2887 521 3014 567 sunt
3039 514 3175 584 ejus.
3204 516 3365 575 Vides
3398 524 3542 592 quod

1959 601 1990 638 a
2036 587 2262 681 Domino
2307 595 2487 646 omnia
2520 594 2769 654 habuerit
2812 602 3091 662 Ecclesia:
3124 610 3192 665 ab
3238 611 3355 681 ipso
3400 587 3541 672 facta
3619 661 3622 664 ι

1957 683 2042 728 est
2067 676 2296 744 gloriosa
2322 721 2338 745 ,
2365 681 2432 737 ab
2461 684 2578 755 ipso
2603 685 2740 744 facta
2767 701 2847 746 est
2874 695 2992 750 sine
3019 676 3352 756 maculaaNe
3377 720 3537 760 aver-

1957 767 2094 822 seris
2121 785 2345 826 uxorem
2393 786 2612 844 propter
2658 778 3079 843 deformitatem.
3108 791 3248 847 Audi
3285 796 3537 868 Scriptu-

1954 870 2069 909 ram
2097 857 2362 916 dicentem
2390 881 2402 917 :
2437 862 2607 920 Parva
2654 869 2706 923 in
2735 872 3022 930 volucribus
3050 880 3179 950 lapis
3197 922 3212 945 ,
3245 895 3295 937 et
3331 857 3537 943 iuilitmt

1953 946 2274 1014 dulcediuum
2304 965 2379 1007 est
2421 955 2618 1025 fructus
2660 962 2770 1030 ejus
2815 961 3003 1037 (Eccli.
3053 946 3141 1026 ll.
3187 970 3270 1044 3).
3314 975 3404 1030 Dei
3452 990 3538 1034 est

1952 1036 2298 1106 figmentum:
2331 1060 2440 1100 non
2493 1036 2998 1111 illam-contumelia
3048 1036 3257 1133 aflicis',
3286 1067 3381 1123 sed
3407 1084 3534 1126 cum

1949 1126 2040 1195 qui
2064 1127 2232 1196 ipsam
2264 1131 2409 1190 fecit.
2443 1137 2580 1203 Quid
2610 1153 2732 1209 agat
2760 1144 2996 1202 mulier?
3240 1126 3256 1133 ⁷
3288 1209 3292 1213 .

2019 1218 2272 1324 [aucore
2298 1229 2422 1324 quid
2446 1235 2798 1299 quaerendum.
2818 1240 2988 1296 —Ne
3018 1241 3162 1303 illam
3193 1247 3380 1308 laudes
3407 1269 3533 1324 pro-

1948 1319 2065 1377 pter
2089 1311 2276 1368 formae
2300 1317 2620 1388 elegantiam
2650 1341 2664 1376 :
2696 1325 3092 1397 impudicarum‘
3117 1311 3422 1397 animarum
3444 1356 3529 1400 est

1944 1411 1998 1503 et
2027 1401 2142 1456 laus
2169 1412 2226 1458 et
2252 1405 2591 1482 illud‘odium
2613 1454 2628 1478 ,
2659 1422 2714 1469 et
2762 1417 2877 1486 ipsa
2906 1419 3145 1482 dilectio.
3177 1427 3369 1497 Quaere
3408 1437 3530 1503 pul-

1942 1492 2301 1552 chritudinem
2362 1502 2606 1558 animae:
2663 1506 2874 1564 imitare
2936 1492 3522 1583 sponsum'Ecelesizc.

1942 1583 2178 1641 Externa
2207 1588 2548 1658 pulchritudo
2568 1594 2723 1665 plena
2751 1609 2836 1655 est
2862 1609 3185 1675 arrogantiae
3209 1620 3265 1667 et
3289 1592 3541 1673 insolens

1941 1675 2062 1741 tice,
2091 1686 2145 1731 et
2173 1678 2341 1748 injicit
2375 1683 2426 1737 in
2457 1685 2810 1758 zelotypiam,
2843 1701 2904 1748 et‘
2928 1710 3072 1767 saepe
3103 1706 3169 1764 te,
3192 1701 3318 1758 facit
3346 1709 3524 1778 suspi-

1937 1767 2046 1868 cari
2073 1784 2188 1823 rem
2216 1772 2500 1868 absurdam
2527 1787 2582 1831 et
2611 1790 2847 1851 turpem.
2869 1787 2936 1841 Δι
2962 1787 3124 1847 habet
3148 1767 3477 1868 voluptatem
3493 1804 3519 1856 τ

1938 1855 2116 1927 Usque
2144 1860 2210 1916 ad
2242 1860 2480 1931 primum
2501 1876 2557 1922 et
2585 1873 2882 1932 secundum
2909 1893 3153 1939 mensem
3176 1926 3196 1952 ,
3225 1855 3319 1942 aut
3344 1889 3518 1961 pluri-

1936 1962 2079 2003 mum
2109 1965 2276 2046 usque
2304 1955 2371 2009 ad
2401 1971 2600 2014 annum
2621 2003 2637 2028 ,
2682 1963 2878 2022 deinde
2922 1985 3031 2026 non
3060 1977 3294 2046 amplius
3317 1955 3457 2046 ,ised
3485 2003 3516 2042 a

1933 2041 2320 2098 consuetudine
2360 2051 2644 2129 marcescit
2671 2053 2987 2114 miraculum
3019 2080 3035 2117 :
3073 2041 3193 2136 tntae
3235 2041 3364 2126 vero
3392 2089 3517 2143 pro-

1931 2136 2050 2197 pter
2074 2131 2525 2202 pulchritudinem
2555 2142 2696 2197 mala
2721 2143 3076 2221 advenerunt,
3091 2131 3408 2229 remanent:
3435 2166 3514 2220 fa-

1931 2227 2080 2286 stus,
2131 2226 2435 2295 arrogantia
2481 2239 2538 2284 et
2579 2244 2940 2306 contemptus.
2973 2242 3031 2298 lu
3077 2260 3139 2300 ea
3172 2261 3349 2307 autem
3391 2226 3515 2326 quas

1929 2326 2037 2404 non
2089 2324 2173 2370 est
2211 2317 2510 2388 ejusmodi,
2542 2324 2673 2382 nihil
2706 2329 2845 2398 tale;
2876 2334 2972 2389 sed
3016 2341 3212 2396 merito
3239 2360 3393 2401 amor
3411 2317 3510 2404 in.

1927 2402 2131 2506 cipiens
2159 2407 2310 2464 valde
2339 2424 2657 2506 permanet,
2689 2422 2945 2496 quoniam
2981 2435 3068 2482 est
3093 2402 3509 2498 pulchritudinis

1925 2504 2118 2549 ammte
2134 2537 2150 2561 ,
2183 2511 2289 2565 non
2329 2504 2602 2572 corporis.

1908 2628 1914 2634 .
2083 2585 2272 2683 Uxoris
2299 2593 2504 2683 optimi:
2527 2595 2688 2652 dotes.
2720 2629 2794 2640 —
2822 2601 2916 2659 Dic
2959 2607 3091 2664 mihi
3116 2653 3132 2677 ,
3181 2614 3309 2683 quid
3336 2627 3420 2673 est
3447 2621 3502 2675 in

1923 2675 2055 2730 cado
2072 2677 2260 2733 melius
2280 2691 2335 2734 et
2351 2681 2727 2750 praestantius?
2753 2690 2890 2759 Quid
2915 2698 3104 2753 melius
3117 2675 3314 2760 astris?
3335 2707 3511 2776 Quod-

1922 2780 2151 2836 cumque
2189 2769 2389 2827 dixeris
2429 2790 2662 2847 eorpns,
2693 2796 2800 2851 non
2826 2787 3069 2843 estadeo
3092 2793 3306 2862 album;
3343 2769 3508 2870 quos-

1919 2872 2148 2929 eumque
2171 2862 2372 2920 dixeris
2398 2869 2605 2936 oculos,
2633 2887 2739 2928 non
2762 2887 2886 2932 sunt
2905 2879 3041 2936 adeo
3066 2884 3173 2939 lzeti
3197 2896 3252 2942 et
3277 2862 3498 2951 hilares.

1921 2947 2016 3003 His
2047 2961 2226 3006 autem
2249 2958 2446 3010 creatis
2471 2960 2632 3014 etiam
2655 2967 2831 3034 angeli
2859 2980 2985 3023 sunt
3009 2972 3290 3043 admirati;
3322 2992 3378 3036 et
3403 2947 3503 3040 nos

1917 3055 2129 3110 quoque
2160 3060 2301 3100 nunc
2331 3050 2627 3120 miramur,
2669 3056 2763 3109 sed
2794 3072 2902 3112 non
2933 3062 3074 3117 sicut
3101 3065 3170 3119 ab
3199 3068 3368 3125 initio.
3397 3073 3502 3129 Ta-

1917 3130 1982 3186 lis
2003 3134 2145 3188 enim
2170 3151 2255 3190 res
2275 3148 2358 3193 est
2377 3145 2715 3198 consuetudo
2741 3165 2756 3202 :
2785 3165 2889 3204 non
2912 3151 3162 3212 similiter
3181 3161 3495 3234 stupefacit;

1915 3234 2114 3292 quanto
2138 3228 2305 3298 magis
2335 3232 2386 3284 in
2419 3233 2684 3291 muliere?
2711 3237 3015 3300 Sinautem
3050 3228 3490 3328 morbus'super-Z

1914 3316 2157 3413 venerit,
2192 3327 2372 3377 totum“
2390 3324 2574 3388 statim
2604 3330 2806 3388 evolat.
2848 3333 3166 3404 Quaeramus
3194 3363 3224 3400 a
3270 3316 3499 3413 muliere

1914 3404 2377 3481 benevolentiam,
2432 3419 2752 3477 modestiam
2777 3465 2795 3492 ,
2843 3430 3304 3509 moderationem,

1918 3506 2078 3605 tatem
2109 3510 2164 3605 et
2190 3503 2574 3602 benignitatem
2604 3529 2618 3565 :
2649 3512 2764 3570 haec
2792 3529 2916 3574 sunt
2941 3522 3089 3594 signa
3120 3540 3174 3583 et
3201 3503 3342 3588 nota:
3374 3539 3495 3605 pul-

1911 3587 2256 3647 chritudinis.
2276 3594 2393 3650 Non
2409 3614 2711 3668 quaramus
2723 3616 2901 3662 autem
2918 3617 3159 3684 corporis
3175 3587 3493 3692 elegantiam

1911 3675 1974 3737 ac
2021 3695 2381 3755 venustatem,
2436 3707 2538 3748 nec
2591 3710 2710 3750 eam
2755 3675 3365 3784 vituperemus’prop’ter
3393 3737 3488 3786 ea,

1911 3788 2032 3844 qua:
2075 3791 2180 3831 non
2214 3778 2376 3835 habet
2405 3783 2457 3836 in
2504 3795 2806 3857 potestate;
2838 3792 2946 3849 imo
2974 3813 3108 3856 vero
3133 3778 3492 3870 nec-omnino

1908 3869 2308 3975 vituperemus;
2349 3874 2632 3934 audacium
2677 3883 2823 3938 enim
2871 3875 2938 3941 id
2971 3902 3086 3959 est;
3132 3888 3318 3968 neque
3347 3920 3491 3975 mgre
3536 3877 3540 3880 i

1910 3939 2164 4015 feramué.
2193 3965 2389 4021 Annon
2435 3967 2632 4026 videtis
2675 3988 2835 4043 quam
2863 3939 3492 4056 mulli—rqu'iﬂcu‘nrafz:

1910 4049 2074 4104 mosis
2116 4053 2433 4135 mulieribus
2478 4058 2822 4132 habitarent,
2871 4049 3254 4134 miserabiliter
3280 4097 3312 4137 e
3343 4049 3485 4144 vivis

1907 4143 2286 4197 excesserunt?
2308 4146 2482 4215 quamf
2494 4147 2648 4207 multi
2691 4165 2868 4212 autem
2901 4177 3022 4218 cum
3052 4182 3160 4224 non
3192 4173 3342 4240 valde
3372 4143 3482 4233 for;

1906 4230 2110 4298 musis,
2142 4249 2263 4288 cum
2310 4239 2476 4293 multa
2527 4243 2801 4314 voluptate
2846 4251 2913 4305 ad
2961 4232 3260 4317 extremam
3312 4230 3482 4337 usque

1905 4334 2231 4381 senectutem
2263 4335 2665 4397 pervenerunt?
2695 4338 2896 4394 Sordes
2936 4345 3172 4404 internas
3217 4334 3486 4430 expurge-

1906 4429 2044 4480 mus,
2075 4432 2232 4487 rugas
2259 4435 2379 4489 quze
2407 4433 2534 4478 sunt
2567 4425 2711 4481 intus
2737 4432 3053 4502 evellamus,
3089 4441 3338 4502 tollamus
3365 4425 3491 4505 ma-

1905 4507 2053 4562 culas
2077 4523 2198 4578 qua:
2222 4523 2347 4565 sunt
2377 4514 2432 4567 in
2470 4517 2669 4572 anima.
2702 4519 2897 4590 Talem
2936 4526 3078 4583 Deus
3106 4537 3326 4605 requirit
3361 4544 3483 4611 pul-

1904 4597 2260 4704 chritudinem
2285 4605 2481 4672 :.Deo,
2529 4623 2637 4664 non
2683 4614 2838 4668 nobis
2879 4632 2998 4673 eam
3041 4597 3328 4684 reddamus
3356 4597 3481 4704 pul-

1905 4690 2108 4744 chram.
2141 4691 2255 4747 Non
2285 4709 2587 4763 quaeramus
2619 4705 2892 4773 pecunias,
2924 4724 3032 4765 non
3058 4690 3482 4788 externam-sed

1905 4797 2024 4852 quae
2053 4793 2136 4838 est
2179 4785 2234 4839 in
2277 4788 2493 4855 anima,
2540 4792 2898 4852 nobilitatem.
2929 4799 3104 4860 Nemo
3153 4785 3384 4879 patiatur
3428 4828 3486 4875 ut

1906 4872 2163 4958 ditetur_a
2189 4875 2414 4936 muliere
2439 4897 2453 4935 :
2487 4889 2670 4953 turpes
2697 4888 2839 4942 enim
2865 4901 2919 4946 et
2947 4872 3221 4963 probrosae
3247 4916 3370 4960 sunt
3401 4872 3486 4965 ιιειέ

1905 4966 2140 5024 divitiae:
2174 4985 2346 5041 neque
2373 4977 2596 5029 omnino
2637 4991 2840 5048 qtuerat
2886 4986 3150 5057 quispiam
3196 4994 3318 5053 hinc
3346 4999 3495 5057 dite-

1906 5073 2078 5114 scere.
2112 5058 2251 5115 Naut
2275 5062 2362 5132 qui
2385 5064 2558 5118 saltant
2582 5083 2688 5122 esse
2711 5069 2908 5141 divites,
2928 5076 3156 5136 incidunt
3175 5085 3229 5139 in
3250 5093 3427 5145 tentati
3434 5109 3492 5146 o-

1905 5166 2016 5204 nem
2037 5191 2054 5216 ,
2075 5161 2122 5205 et
2148 5153 2202 5206 in
2249 5153 2501 5210 desideria
2539 5158 2742 5215 inutilia
2770 5173 2816 5217 et
2853 5170 3052 5235 noxia,
3079 5181 3126 5224 et
3164 5180 3217 5228 fu
3246 5177 3456 5247 laqueos
3475 5224 3490 5245 .

1905 5255 1951 5300 ct
1988 5246 2042 5298 in
2068 5246 2274 5300 exitium
2304 5258 2350 5301 et
2374 5250 2428 5303 in
2455 5252 2710 5307 interitum
2738 5256 2813 5325 (l.
2845 5257 2975 5314 Tim.
3006 5265 3060 5318 6.
3091 5265 3167 5336 9).
3196 5271 3278 5324 Ab
3322 5288 3493 5331 uxore

1905 5355 2034 5411 ergo
2055 5356 2122 5394 ne
2144 5356 2351 5411 quaeras
2380 5344 2588 5410 copiam
2622 5349 2882 5417 pecuniae,
2914 5362 2970 5407 et
2998 5355 3099 5410 alia
3129 5361 3307 5418 omnia
3336 5365 3488 5422 facile

1904 5430 2165 5516 invenies.
2192 5431 2344 5500 Quis,
2362 5433 2702 5503 dic,qu:nso,'
2717 5438 2951 5512 dimissis
2977 5444 3043 5500 iis
3073 5463 3194 5519 qum
3217 5466 3339 5508 sunt
3362 5472 3490 5527 pra:-

1907 5511 2083 5594 cipua,
2115 5517 2384 5579 minorum
2419 5540 2604 5581 curam
2642 5533 2828 5599 geret?
2864 5535 2970 5590 Sed
2995 5578 3011 5604 ,
3047 5539 3133 5595 hei
3171 5545 3333 5600 mihi!
3362 5511 3490 5605 .htec

1908 5617 2062 5671 nobis
2092 5631 2302 5685 semper
2327 5617 2652 5675 usuveniunt
2672 5663 2690 5686 ,
2719 5631 2774 5678 et
2813 5626 2881 5678 ita
2912 5626 3183 5688 aflicimnr
3211 5652 3226 5688 :
3268 5649 3322 5692 et
3351 5640 3394 5693 si
3423 5641 3488 5693 li-

1904 5707 2036 5762 lium
2075 5706 2385 5776 habeamus,
2418 5723 2524 5762 non
2552 5711 2789 5768 studium
2815 5719 3064 5785 ponimus
3089 5734 3145 5778 ut
3168 5727 3360 5782 evadat
3387 5731 3485 5784 bo.

1910 5813 2009 5856 nus
2034 5839 2050 5868 ,
2092 5800 2186 5860 sed
2212 5809 2266 5855 ut
2295 5802 2342 5856 ei
2374 5801 2592 5858 divitem
2632 5806 2956 5879 accipiamus
2996 5831 3249 5887 uxorem;
3283 5837 3388 5877 non
3431 5834 3487 5880 ut
