  <div class='ocr_page' id='page_1' title='image "/cluster/home/n/w/nwhite01/storage/ocr_20150623/62/pst.000005712625/145.png"; bbox 0 0 4096 6310; ppageno 0'>
   <div class='ocr_carea' id='block_1_1' title="bbox 618 317 719 374">
    <p class='ocr_par' dir='ltr' id='par_1_1' title="bbox 618 317 719 374">
     <span class='ocr_line' id='line_1_1' title="bbox 618 317 719 374; baseline 0 -1"><span class='ocrx_word' id='word_1_1' title='bbox 618 317 719 374; x_wconf 66' lang='grc'><strong>139</strong></span> 
     </span>
    </p>
   </div>
   <div class='ocr_carea' id='block_1_2' title="bbox 617 427 2195 498">
    <p class='ocr_par' dir='ltr' id='par_1_2' title="bbox 617 427 2195 498">
     <span class='ocr_line' id='line_1_2' title="bbox 617 427 2195 498; baseline -0.001 -15"><span class='ocrx_word' id='word_1_2' title='bbox 617 431 772 485; x_wconf 69' lang='lat' dir='ltr'><strong>tumis</strong></span> <span class='ocrx_word' id='word_1_3' title='bbox 792 429 1139 495; x_wconf 80' lang='lat' dir='ltr'><strong>sitmorihus,</strong></span> <span class='ocrx_word' id='word_1_4' title='bbox 1170 429 1264 485; x_wconf 79' lang='lat' dir='ltr'><strong>sed</strong></span> <span class='ocrx_word' id='word_1_5' title='bbox 1300 442 1357 483; x_wconf 91' lang='lat' dir='ltr'><strong>ut</strong></span> <span class='ocrx_word' id='word_1_6' title='bbox 1394 428 1633 484; x_wconf 87' lang='lat' dir='ltr'><strong>abundet</strong></span> <span class='ocrx_word' id='word_1_7' title='bbox 1657 428 1848 498; x_wconf 85' lang='lat' dir='ltr'><strong>opibus</strong></span> <span class='ocrx_word' id='word_1_8' title='bbox 1880 446 1894 482; x_wconf 87' lang='lat'><strong>:</strong></span> <span class='ocrx_word' id='word_1_9' title='bbox 1924 436 1978 482; x_wconf 89' lang='lat' dir='ltr'><strong>et</strong></span> <span class='ocrx_word' id='word_1_10' title='bbox 2002 428 2045 481; x_wconf 99' lang='lat' dir='ltr'><strong>si</strong></span> <span class='ocrx_word' id='word_1_11' title='bbox 2074 427 2195 481; x_wconf 75' lang='lat' dir='ltr'><strong>vita:</strong></span> 
     </span>
    </p>
   </div>
   <div class='ocr_carea' id='block_1_3' title="bbox 636 520 2171 591">
    <p class='ocr_par' dir='ltr' id='par_1_3' title="bbox 636 520 2171 591">
     <span class='ocr_line' id='line_1_3' title="bbox 636 520 2171 591; baseline -0.003 -17"><span class='ocrx_word' id='word_1_12' title='bbox 636 523 914 575; x_wconf 90' lang='lat' dir='ltr'><strong>nstitutum</strong></span> <span class='ocrx_word' id='word_1_13' title='bbox 946 536 1347 591; x_wconf 67' lang='lat' dir='ltr'><strong>persequamur,</strong></span> <span class='ocrx_word' id='word_1_14' title='bbox 1374 535 1483 576; x_wconf 88' lang='lat' dir='ltr'><strong>non</strong></span> <span class='ocrx_word' id='word_1_15' title='bbox 1508 520 1796 589; x_wconf 65' lang='lat' dir='ltr'><strong>quaerimus</strong></span> <span class='ocrx_word' id='word_1_16' title='bbox 1824 528 1884 573; x_wconf 92' lang='lat' dir='ltr'><strong>ut</strong></span> <span class='ocrx_word' id='word_1_17' title='bbox 1911 520 2032 572; x_wconf 88' lang='lat' dir='ltr'><strong>sita</strong></span> <span class='ocrx_word' id='word_1_18' title='bbox 2073 532 2171 587; x_wconf 88' lang='lat' dir='ltr'><strong>per.</strong></span> 
     </span>
    </p>
   </div>
   <div class='ocr_carea' id='block_1_4' title="bbox 615 607 2192 680">
    <p class='ocr_par' dir='ltr' id='par_1_4' title="bbox 615 607 2192 680">
     <span class='ocr_line' id='line_1_4' title="bbox 615 607 2192 680; baseline 0.001 -18"><span class='ocrx_word' id='word_1_19' title='bbox 615 611 750 664; x_wconf 83' lang='lat' dir='ltr'><strong>catis</strong></span> <span class='ocrx_word' id='word_1_20' title='bbox 777 611 1027 678; x_wconf 85' lang='lat' dir='ltr'><strong>liberum,</strong></span> <span class='ocrx_word' id='word_1_21' title='bbox 1054 613 1148 666; x_wconf 84' lang='lat' dir='ltr'><strong>sed</strong></span> <span class='ocrx_word' id='word_1_22' title='bbox 1182 621 1236 666; x_wconf 88' lang='grc' dir='ltr'><strong>ιιι</strong></span> <span class='ocrx_word' id='word_1_23' title='bbox 1266 627 1515 680; x_wconf 81' lang='lat' dir='ltr'><strong>maguum</strong></span> <span class='ocrx_word' id='word_1_24' title='bbox 1543 610 1700 666; x_wconf 85' lang='lat' dir='ltr'><strong>nobis</strong></span> <span class='ocrx_word' id='word_1_25' title='bbox 1729 607 1916 664; x_wconf 74' lang='lat' dir='ltr'><strong>afferat</strong></span> <span class='ocrx_word' id='word_1_26' title='bbox 1945 610 2148 663; x_wconf 87' lang='lat' dir='ltr'><strong>lucrum</strong></span> <span class='ocrx_word' id='word_1_27' title='bbox 2177 653 2192 663; x_wconf 85' lang='lat'><strong>.</strong></span> 
     </span>
    </p>
   </div>
   <div class='ocr_carea' id='block_1_5' title="bbox 614 700 2193 771">
    <p class='ocr_par' dir='ltr' id='par_1_5' title="bbox 614 700 2193 771">
     <span class='ocr_line' id='line_1_5' title="bbox 614 700 2193 771; baseline -0.002 -14"><span class='ocrx_word' id='word_1_28' title='bbox 614 712 671 757; x_wconf 90' lang='lat' dir='ltr'><strong>et</strong></span> <span class='ocrx_word' id='word_1_29' title='bbox 697 701 875 757; x_wconf 79' lang='lat' dir='ltr'><strong>olunia</strong></span> <span class='ocrx_word' id='word_1_30' title='bbox 903 703 957 757; x_wconf 93' lang='lat' dir='ltr'><strong>in</strong></span> <span class='ocrx_word' id='word_1_31' title='bbox 990 703 1270 771; x_wconf 77' lang='lat' dir='ltr'><strong>pecuniam</strong></span> <span class='ocrx_word' id='word_1_32' title='bbox 1292 718 1443 757; x_wconf 65' lang='lat' dir='ltr'><strong>versa</strong></span> <span class='ocrx_word' id='word_1_33' title='bbox 1470 712 1613 756; x_wconf 88' lang='lat' dir='ltr'><strong>sunt.</strong></span> <span class='ocrx_word' id='word_1_34' title='bbox 1644 700 1768 754; x_wconf 87' lang='lat' dir='ltr'><strong>Ideo</strong></span> <span class='ocrx_word' id='word_1_35' title='bbox 1791 710 2041 768; x_wconf 84' lang='lat' dir='ltr'><strong>corrupta</strong></span> <span class='ocrx_word' id='word_1_36' title='bbox 2067 708 2193 754; x_wconf 87' lang='lat' dir='ltr'><strong>sunt</strong></span> 
     </span>
    </p>
   </div>
   <div class='ocr_carea' id='block_1_6' title="bbox 614 791 2187 865">
    <p class='ocr_par' dir='ltr' id='par_1_6' title="bbox 614 791 2187 865">
     <span class='ocr_line' id='line_1_6' title="bbox 614 791 2187 865; baseline -0.001 -19"><span class='ocrx_word' id='word_1_37' title='bbox 614 796 792 850; x_wconf 81' lang='lat' dir='ltr'><strong>omnia</strong></span> <span class='ocrx_word' id='word_1_38' title='bbox 816 837 835 863; x_wconf 89' lang='lat'><strong>,</strong></span> <span class='ocrx_word' id='word_1_39' title='bbox 875 794 1127 865; x_wconf 82' lang='lat' dir='ltr'><strong>quoniam</strong></span> <span class='ocrx_word' id='word_1_40' title='bbox 1160 805 1401 850; x_wconf 83' lang='lat' dir='ltr'><strong>tenemur</strong></span> <span class='ocrx_word' id='word_1_41' title='bbox 1430 796 1521 850; x_wconf 87' lang='lat' dir='ltr'><strong>illo</strong></span> <span class='ocrx_word' id='word_1_42' title='bbox 1549 810 1750 850; x_wconf 87' lang='lat' dir='ltr'><strong>amore.</strong></span> <span class='ocrx_word' id='word_1_43' title='bbox 1771 794 1861 849; x_wconf 74' lang='lat'><strong>28.</strong></span> <span class='ocrx_word' id='word_1_44' title='bbox 1896 791 1982 847; x_wconf 82' lang='lat' dir='ltr'><strong>Ita</strong></span> <span class='ocrx_word' id='word_1_45' title='bbox 2006 803 2049 846; x_wconf 90' lang='lat' dir='ltr'><strong>et</strong></span> <span class='ocrx_word' id='word_1_46' title='bbox 2075 793 2187 855; x_wconf 75' lang='lat' dir='ltr'><strong>viri,</strong></span> 
     </span>
    </p>
   </div>
   <div class='ocr_carea' id='block_1_7' title="bbox 615 887 2188 958">
    <p class='ocr_par' dir='ltr' id='par_1_7' title="bbox 615 887 2188 958">
     <span class='ocr_line' id='line_1_7' title="bbox 615 887 2188 958; baseline -0.005 -16"><span class='ocrx_word' id='word_1_47' title='bbox 615 887 785 957; x_wconf 85' lang='lat' dir='ltr'><strong>inquit</strong></span> <span class='ocrx_word' id='word_1_48' title='bbox 809 929 825 953; x_wconf 92' lang='lat'><strong>,</strong></span> <span class='ocrx_word' id='word_1_49' title='bbox 870 887 1048 941; x_wconf 77' lang='lat' dir='ltr'><strong>debent</strong></span> <span class='ocrx_word' id='word_1_50' title='bbox 1089 887 1300 958; x_wconf 75' lang='lat' dir='ltr'><strong>diligere</strong></span> <span class='ocrx_word' id='word_1_51' title='bbox 1345 902 1528 940; x_wconf 69' lang='lat' dir='ltr'><strong>uxores</strong></span> <span class='ocrx_word' id='word_1_52' title='bbox 1568 902 1724 951; x_wconf 81' lang='lat' dir='ltr'><strong>suas,</strong></span> <span class='ocrx_word' id='word_1_53' title='bbox 1756 894 1811 937; x_wconf 82' lang='lat' dir='ltr'><strong>ut</strong></span> <span class='ocrx_word' id='word_1_54' title='bbox 1836 900 2048 952; x_wconf 85' lang='lat' dir='ltr'><strong>corpora</strong></span> <span class='ocrx_word' id='word_1_55' title='bbox 2073 900 2188 935; x_wconf 88' lang='lat' dir='ltr'><strong>sua.</strong></span> 
     </span>
    </p>
   </div>
   <div class='ocr_carea' id='block_1_8' title="bbox 612 974 2189 1045">
    <p class='ocr_par' dir='ltr' id='par_1_8' title="bbox 612 974 2189 1045">
     <span class='ocr_line' id='line_1_8' title="bbox 612 974 2189 1045; baseline -0.001 -16"><span class='ocrx_word' id='word_1_56' title='bbox 612 978 749 1042; x_wconf 73' lang='lat' dir='ltr'><strong>Quid</strong></span> <span class='ocrx_word' id='word_1_57' title='bbox 780 981 881 1030; x_wconf 86' lang='lat' dir='ltr'><strong>hoc</strong></span> <span class='ocrx_word' id='word_1_58' title='bbox 908 976 1022 1030; x_wconf 72' lang='lat' dir='ltr'><strong>est?</strong></span> <span class='ocrx_word' id='word_1_59' title='bbox 1050 975 1343 1045; x_wconf 84' lang='lat' dir='ltr'><strong>Tamquam</strong></span> <span class='ocrx_word' id='word_1_60' title='bbox 1386 976 1459 1035; x_wconf 89' lang='lat' dir='ltr'><strong>ad</strong></span> <span class='ocrx_word' id='word_1_61' title='bbox 1483 974 1738 1043; x_wconf 75' lang='lat' dir='ltr'><strong>majorem</strong></span> <span class='ocrx_word' id='word_1_62' title='bbox 1772 974 2052 1042; x_wconf 76' lang='lat' dir='ltr'><strong>imaginem</strong></span> <span class='ocrx_word' id='word_1_63' title='bbox 2096 987 2189 1027; x_wconf 90' lang='lat' dir='ltr'><strong>ve-</strong></span> 
     </span>
    </p>
   </div>
   <div class='ocr_carea' id='block_1_9' title="bbox 613 1068 2186 1137">
    <p class='ocr_par' dir='ltr' id='par_1_9' title="bbox 613 1068 2186 1137">
     <span class='ocr_line' id='line_1_9' title="bbox 613 1068 2186 1137; baseline -0.002 -14"><span class='ocrx_word' id='word_1_64' title='bbox 613 1072 691 1123; x_wconf 91' lang='lat' dir='ltr'><strong>nit</strong></span> <span class='ocrx_word' id='word_1_65' title='bbox 728 1079 783 1125; x_wconf 86' lang='lat' dir='ltr'><strong>ct</strong></span> <span class='ocrx_word' id='word_1_66' title='bbox 813 1070 1179 1124; x_wconf 67' lang='lat' dir='ltr'><strong>vehementius</strong></span> <span class='ocrx_word' id='word_1_67' title='bbox 1221 1070 1524 1137; x_wconf 74' lang='lat' dir='ltr'><strong>exemplum</strong></span> <span class='ocrx_word' id='word_1_68' title='bbox 1564 1088 1578 1123; x_wconf 91' lang='lat'>:</span> <span class='ocrx_word' id='word_1_69' title='bbox 1627 1084 1800 1137; x_wconf 88' lang='lat' dir='ltr'><strong>neque</strong></span> <span class='ocrx_word' id='word_1_70' title='bbox 1846 1070 1945 1123; x_wconf 84' lang='lat' dir='ltr'><strong>hoc</strong></span> <span class='ocrx_word' id='word_1_71' title='bbox 1991 1068 2186 1131; x_wconf 82' lang='lat' dir='ltr'><strong>solum,</strong></span> 
     </span>
    </p>
   </div>
   <div class='ocr_carea' id='block_1_10' title="bbox 610 1156 2187 1231">
    <p class='ocr_par' dir='ltr' id='par_1_10' title="bbox 610 1156 2187 1231">
     <span class='ocr_line' id='line_1_10' title="bbox 610 1156 2187 1231; baseline -0.001 -17"><span class='ocrx_word' id='word_1_72' title='bbox 610 1162 705 1217; x_wconf 78' lang='lat' dir='ltr'><strong>sed</strong></span> <span class='ocrx_word' id='word_1_73' title='bbox 735 1173 1001 1231; x_wconf 75' lang='lat' dir='ltr'><strong>tamquam</strong></span> <span class='ocrx_word' id='word_1_74' title='bbox 1022 1156 1097 1215; x_wconf 27' lang='lat' dir='ltr'><strong>(ad</strong></span> <span class='ocrx_word' id='word_1_75' title='bbox 1123 1160 1471 1231; x_wconf 76' lang='lat' dir='ltr'><strong>propinquius</strong></span> <span class='ocrx_word' id='word_1_76' title='bbox 1499 1172 1551 1215; x_wconf 89' lang='lat' dir='ltr'><strong>ct</strong></span> <span class='ocrx_word' id='word_1_77' title='bbox 1583 1159 1936 1222; x_wconf 77' lang='lat' dir='ltr'><strong>manifestius,</strong></span> <span class='ocrx_word' id='word_1_78' title='bbox 1966 1170 2021 1214; x_wconf 84' lang='lat' dir='ltr'><strong>et</strong></span> <span class='ocrx_word' id='word_1_79' title='bbox 2046 1159 2187 1229; x_wconf 88' lang='lat' dir='ltr'><strong>quod</strong></span> 
     </span>
    </p>
   </div>
   <div class='ocr_carea' id='block_1_11' title="bbox 609 1252 2185 1322">
    <p class='ocr_par' dir='ltr' id='par_1_11' title="bbox 609 1252 2185 1322">
     <span class='ocr_line' id='line_1_11' title="bbox 609 1252 2185 1322; baseline 0.001 -17"><span class='ocrx_word' id='word_1_80' title='bbox 609 1254 768 1307; x_wconf 81' lang='lat' dir='ltr'><strong>aliaat</strong></span> <span class='ocrx_word' id='word_1_81' title='bbox 795 1253 985 1307; x_wconf 82' lang='lat' dir='ltr'><strong>habeat</strong></span> <span class='ocrx_word' id='word_1_82' title='bbox 1022 1254 1160 1322; x_wconf 81' lang='lat' dir='ltr'><strong>juris</strong></span> <span class='ocrx_word' id='word_1_83' title='bbox 1190 1254 1472 1309; x_wconf 79' lang='lat' dir='ltr'><strong>rationem.</strong></span> <span class='ocrx_word' id='word_1_84' title='bbox 1512 1252 1643 1307; x_wconf 84' lang='lat' dir='ltr'><strong>Nam</strong></span> <span class='ocrx_word' id='word_1_85' title='bbox 1683 1252 1808 1307; x_wconf 91' lang='lat' dir='ltr'><strong>illud</strong></span> <span class='ocrx_word' id='word_1_86' title='bbox 1838 1253 2053 1322; x_wconf 81' lang='lat' dir='ltr'><strong>quidem</strong></span> <span class='ocrx_word' id='word_1_87' title='bbox 2080 1267 2185 1306; x_wconf 88' lang='lat' dir='ltr'><strong>non</strong></span> 
     </span>
    </p>
   </div>
   <div class='ocr_carea' id='block_1_12' title="bbox 610 1343 2187 1413">
    <p class='ocr_par' dir='ltr' id='par_1_12' title="bbox 610 1343 2187 1413">
     <span class='ocr_line' id='line_1_12' title="bbox 610 1343 2187 1413; baseline 0.003 -21"><span class='ocrx_word' id='word_1_88' title='bbox 610 1354 725 1396; x_wconf 61' lang='lat' dir='ltr'><strong>erat</strong></span> <span class='ocrx_word' id='word_1_89' title='bbox 762 1343 1048 1398; x_wconf 83' lang='lat' dir='ltr'><strong>admodum</strong></span> <span class='ocrx_word' id='word_1_90' title='bbox 1078 1345 1463 1399; x_wconf 72' lang='lat' dir='ltr'><strong>necessiirium.</strong></span> <span class='ocrx_word' id='word_1_91' title='bbox 1494 1343 1721 1413; x_wconf 76' lang='lat' dir='ltr'><strong>Nequis</strong></span> <span class='ocrx_word' id='word_1_92' title='bbox 1744 1344 1886 1398; x_wconf 89' lang='lat' dir='ltr'><strong>enim</strong></span> <span class='ocrx_word' id='word_1_93' title='bbox 1914 1345 2070 1408; x_wconf 83' lang='lat' dir='ltr'><strong>dicat,</strong></span> <span class='ocrx_word' id='word_1_94' title='bbox 2095 1343 2187 1397; x_wconf 83' lang='lat' dir='ltr'><strong>ille</strong></span> 
     </span>
    </p>
   </div>
   <div class='ocr_carea' id='block_1_13' title="bbox 608 1433 2184 1503">
    <p class='ocr_par' dir='ltr' id='par_1_13' title="bbox 608 1433 2184 1503">
     <span class='ocr_line' id='line_1_13' title="bbox 608 1433 2184 1503; baseline -0.001 -16"><span class='ocrx_word' id='word_1_95' title='bbox 608 1435 852 1491; x_wconf 79' lang='lat' dir='ltr'><strong>Christus</strong></span> <span class='ocrx_word' id='word_1_96' title='bbox 870 1446 1007 1500; x_wconf 79' lang='lat' dir='ltr'><strong>erat,</strong></span> <span class='ocrx_word' id='word_1_97' title='bbox 1033 1444 1091 1489; x_wconf 88' lang='lat' dir='ltr'><strong>et</strong></span> <span class='ocrx_word' id='word_1_98' title='bbox 1118 1436 1257 1490; x_wconf 82' lang='lat' dir='ltr'><strong>Deus</strong></span> <span class='ocrx_word' id='word_1_99' title='bbox 1282 1445 1398 1490; x_wconf 87' lang='lat' dir='ltr'><strong>erat</strong></span> <span class='ocrx_word' id='word_1_100' title='bbox 1420 1477 1435 1499; x_wconf 90' lang='lat'><strong>,</strong></span> <span class='ocrx_word' id='word_1_101' title='bbox 1462 1444 1518 1490; x_wconf 91' lang='lat' dir='ltr'><strong>et</strong></span> <span class='ocrx_word' id='word_1_102' title='bbox 1547 1435 1781 1503; x_wconf 77' lang='lat' dir='ltr'><strong>seipsnm</strong></span> <span class='ocrx_word' id='word_1_103' title='bbox 1808 1434 2055 1499; x_wconf 88' lang='lat' dir='ltr'><strong>tradidit;</strong></span> <span class='ocrx_word' id='word_1_104' title='bbox 2081 1433 2184 1487; x_wconf 84' lang='lat' dir='ltr'><strong>alia</strong></span> 
     </span>
    </p>
   </div>
   <div class='ocr_carea' id='block_1_14' title="bbox 603 1524 2184 1595">
    <p class='ocr_par' dir='ltr' id='par_1_14' title="bbox 603 1524 2184 1595">
     <span class='ocr_line' id='line_1_14' title="bbox 603 1524 2184 1595; baseline -0.001 -17"><span class='ocrx_word' id='word_1_105' title='bbox 603 1528 713 1593; x_wconf 80' lang='lat' dir='ltr'><strong>jam</strong></span> <span class='ocrx_word' id='word_1_106' title='bbox 732 1527 940 1581; x_wconf 75' lang='lat' dir='ltr'><strong>ratione</strong></span> <span class='ocrx_word' id='word_1_107' title='bbox 955 1536 1009 1581; x_wconf 86' lang='lat' dir='ltr'><strong>et</strong></span> <span class='ocrx_word' id='word_1_108' title='bbox 1027 1525 1280 1581; x_wconf 87' lang='lat' dir='ltr'><strong>tnetbodo</strong></span> <span class='ocrx_word' id='word_1_109' title='bbox 1302 1526 1351 1579; x_wconf 92' lang='lat' dir='ltr'><strong>id</strong></span> <span class='ocrx_word' id='word_1_110' title='bbox 1375 1528 1584 1595; x_wconf 87' lang='lat' dir='ltr'><strong>probat,</strong></span> <span class='ocrx_word' id='word_1_111' title='bbox 1606 1525 1789 1579; x_wconf 87' lang='lat' dir='ltr'><strong>dicens</strong></span> <span class='ocrx_word' id='word_1_112' title='bbox 1817 1543 1830 1577; x_wconf 93' lang='lat'><strong>:</strong></span> <span class='ocrx_word' id='word_1_113' title='bbox 1854 1524 1944 1582; x_wconf 82' lang='lat' dir='ltr'><strong>Sic</strong></span> <span class='ocrx_word' id='word_1_114' title='bbox 1963 1525 2143 1578; x_wconf 79' lang='lat' dir='ltr'><strong>debent</strong></span> <span class='ocrx_word' id='word_1_115' title='bbox 2165 1539 2184 1577; x_wconf 91' lang='lat'><strong><em>:</em></strong></span> 
     </span>
    </p>
   </div>
   <div class='ocr_carea' id='block_1_15' title="bbox 609 1614 2185 1688">
    <p class='ocr_par' dir='ltr' id='par_1_15' title="bbox 609 1614 2185 1688">
     <span class='ocr_line' id='line_1_15' title="bbox 609 1614 2185 1688; baseline -0.001 -19"><span class='ocrx_word' id='word_1_116' title='bbox 609 1633 714 1673; x_wconf 89' lang='lat' dir='ltr'><strong>non</strong></span> <span class='ocrx_word' id='word_1_117' title='bbox 746 1618 887 1673; x_wconf 90' lang='lat' dir='ltr'><strong>enim</strong></span> <span class='ocrx_word' id='word_1_118' title='bbox 919 1634 1004 1672; x_wconf 85' lang='lat' dir='ltr'><strong>res</strong></span> <span class='ocrx_word' id='word_1_119' title='bbox 1030 1627 1177 1688; x_wconf 78' lang='lat' dir='ltr'><strong>grata</strong></span> <span class='ocrx_word' id='word_1_120' title='bbox 1199 1659 1213 1681; x_wconf 95' lang='lat'><strong>,</strong></span> <span class='ocrx_word' id='word_1_121' title='bbox 1241 1617 1335 1671; x_wconf 77' lang='lat' dir='ltr'><strong>sed</strong></span> <span class='ocrx_word' id='word_1_122' title='bbox 1372 1616 1631 1671; x_wconf 80' lang='lat' dir='ltr'><strong>debitum.</strong></span> <span class='ocrx_word' id='word_1_123' title='bbox 1672 1614 1803 1671; x_wconf 87' lang='lat' dir='ltr'><strong>Cum</strong></span> <span class='ocrx_word' id='word_1_124' title='bbox 1842 1615 2083 1678; x_wconf 77' lang='lat' dir='ltr'><strong>dixi~set,</strong></span> <span class='ocrx_word' id='word_1_125' title='bbox 2116 1614 2185 1669; x_wconf 88' lang='lat' dir='ltr'><strong>Ut</strong></span> 
     </span>
    </p>
   </div>
   <div class='ocr_carea' id='block_1_16' title="bbox 605 1709 2184 1782">
    <p class='ocr_par' dir='ltr' id='par_1_16' title="bbox 605 1709 2184 1782">
     <span class='ocr_line' id='line_1_16' title="bbox 605 1709 2184 1782; baseline 0.002 -20"><span class='ocrx_word' id='word_1_126' title='bbox 605 1726 697 1763; x_wconf 85' lang='lat' dir='ltr'><strong>sua</strong></span> <span class='ocrx_word' id='word_1_127' title='bbox 719 1727 954 1780; x_wconf 85' lang='lat' dir='ltr'><strong>corpora,</strong></span> <span class='ocrx_word' id='word_1_128' title='bbox 994 1710 1211 1778; x_wconf 88' lang='lat' dir='ltr'><strong>adjecit,</strong></span> <span class='ocrx_word' id='word_1_129' title='bbox 1236 1710 1327 1765; x_wconf 75' lang='lat'><strong>29.</strong></span> <span class='ocrx_word' id='word_1_130' title='bbox 1360 1709 1525 1763; x_wconf 84' lang='lat' dir='ltr'><strong>Nemo</strong></span> <span class='ocrx_word' id='word_1_131' title='bbox 1554 1711 1688 1765; x_wconf 84' lang='lat' dir='ltr'><strong>enim</strong></span> <span class='ocrx_word' id='word_1_132' title='bbox 1715 1727 1953 1782; x_wconf 80' lang='lat' dir='ltr'><strong>umquam</strong></span> <span class='ocrx_word' id='word_1_133' title='bbox 1981 1726 2184 1765; x_wconf 82' lang='lat' dir='ltr'><strong>carnem</strong></span> 
     </span>
    </p>
   </div>
   <div class='ocr_carea' id='block_1_17' title="bbox 601 1802 2181 1873">
    <p class='ocr_par' dir='ltr' id='par_1_17' title="bbox 601 1802 2181 1873">
     <span class='ocr_line' id='line_1_17' title="bbox 601 1802 2181 1873; baseline 0 -17"><span class='ocrx_word' id='word_1_134' title='bbox 601 1819 749 1856; x_wconf 84' lang='lat' dir='ltr'><strong>suam</strong></span> <span class='ocrx_word' id='word_1_135' title='bbox 795 1803 914 1857; x_wconf 77' lang='lat' dir='ltr'><strong>odio</strong></span> <span class='ocrx_word' id='word_1_136' title='bbox 955 1802 1169 1865; x_wconf 81' lang='lat' dir='ltr'><strong>habuit,</strong></span> <span class='ocrx_word' id='word_1_137' title='bbox 1211 1803 1299 1856; x_wconf 83' lang='lat' dir='ltr'><strong>sed</strong></span> <span class='ocrx_word' id='word_1_138' title='bbox 1323 1803 1478 1857; x_wconf 82' lang='lat' dir='ltr'><strong>nutrit</strong></span> <span class='ocrx_word' id='word_1_139' title='bbox 1526 1812 1571 1854; x_wconf 86' lang='lat' dir='ltr'><strong>et</strong></span> <span class='ocrx_word' id='word_1_140' title='bbox 1610 1806 1742 1873; x_wconf 79' lang='lat' dir='ltr'><strong>fovet</strong></span> <span class='ocrx_word' id='word_1_141' title='bbox 1775 1819 1907 1857; x_wconf 85' lang='lat' dir='ltr'><strong>eum.</strong></span> <span class='ocrx_word' id='word_1_142' title='bbox 1942 1803 2054 1856; x_wconf 80' lang='lat' dir='ltr'><strong>Hoc</strong></span> <span class='ocrx_word' id='word_1_143' title='bbox 2075 1811 2181 1869; x_wconf 87' lang='lat' dir='ltr'><strong>est,</strong></span> 
     </span>
    </p>
   </div>
   <div class='ocr_carea' id='block_1_18' title="bbox 604 1892 2185 1962">
    <p class='ocr_par' dir='ltr' id='par_1_18' title="bbox 604 1892 2185 1962">
     <span class='ocr_line' id='line_1_18' title="bbox 604 1892 2185 1962; baseline 0 -15"><span class='ocrx_word' id='word_1_144' title='bbox 604 1907 800 1962; x_wconf 81' lang='lat' dir='ltr'><strong>magno</strong></span> <span class='ocrx_word' id='word_1_145' title='bbox 837 1893 1015 1947; x_wconf 82' lang='lat' dir='ltr'><strong>studio</strong></span> <span class='ocrx_word' id='word_1_146' title='bbox 1038 1902 1092 1946; x_wconf 89' lang='lat' dir='ltr'><strong>et</strong></span> <span class='ocrx_word' id='word_1_147' title='bbox 1116 1892 1392 1960; x_wconf 82' lang='lat' dir='ltr'><strong>diligentia</strong></span> <span class='ocrx_word' id='word_1_148' title='bbox 1421 1907 1541 1946; x_wconf 88' lang='lat' dir='ltr'><strong>eam</strong></span> <span class='ocrx_word' id='word_1_149' title='bbox 1580 1902 1754 1948; x_wconf 87' lang='lat' dir='ltr'><strong>curat.</strong></span> <span class='ocrx_word' id='word_1_150' title='bbox 1796 1892 2076 1959; x_wconf 82' lang='lat' dir='ltr'><strong>Quomodo</strong></span> <span class='ocrx_word' id='word_1_151' title='bbox 2103 1902 2185 1947; x_wconf 88' lang='lat' dir='ltr'><strong>est</strong></span> 
     </span>
    </p>
   </div>
   <div class='ocr_carea' id='block_1_19' title="bbox 603 1982 2181 2053">
    <p class='ocr_par' dir='ltr' id='par_1_19' title="bbox 603 1982 2181 2053">
     <span class='ocr_line' id='line_1_19' title="bbox 603 1982 2181 2053; baseline -0.001 -15"><span class='ocrx_word' id='word_1_152' title='bbox 603 1999 733 2038; x_wconf 85' lang='lat' dir='ltr'><strong>caro</strong></span> <span class='ocrx_word' id='word_1_153' title='bbox 761 1984 917 2053; x_wconf 80' lang='lat' dir='ltr'><strong>ejus?</strong></span> <span class='ocrx_word' id='word_1_154' title='bbox 946 1983 1078 2037; x_wconf 72' lang='lat' dir='ltr'><strong>Audi</strong></span> <span class='ocrx_word' id='word_1_155' title='bbox 1112 2003 1125 2037; x_wconf 91' lang='lat'><strong>:</strong></span> <span class='ocrx_word' id='word_1_156' title='bbox 1157 1982 1268 2036; x_wconf 77' lang='lat' dir='ltr'><strong>Hoc</strong></span> <span class='ocrx_word' id='word_1_157' title='bbox 1287 1999 1423 2035; x_wconf 81' lang='lat' dir='ltr'><strong>nunc</strong></span> <span class='ocrx_word' id='word_1_158' title='bbox 1441 2000 1497 2036; x_wconf 88' lang='lat' dir='ltr'><strong>os</strong></span> <span class='ocrx_word' id='word_1_159' title='bbox 1519 2000 1582 2037; x_wconf 77' lang='lat' dir='ltr'><strong>ea:</strong></span> <span class='ocrx_word' id='word_1_160' title='bbox 1602 1985 1795 2037; x_wconf 86' lang='lat' dir='ltr'><strong>ossibus</strong></span> <span class='ocrx_word' id='word_1_161' title='bbox 1819 1986 1961 2047; x_wconf 83' lang='lat' dir='ltr'><strong>meis,</strong></span> <span class='ocrx_word' id='word_1_162' title='bbox 1991 1984 2181 2053; x_wconf 88' lang='lat' dir='ltr'><strong>inquit,</strong></span> 
     </span>
    </p>
   </div>
   <div class='ocr_carea' id='block_1_20' title="bbox 602 2072 2182 2143">
    <p class='ocr_par' dir='ltr' id='par_1_20' title="bbox 602 2072 2182 2143">
     <span class='ocr_line' id='line_1_20' title="bbox 602 2072 2182 2143; baseline 0.001 -14"><span class='ocrx_word' id='word_1_163' title='bbox 602 2086 650 2129; x_wconf 89' lang='lat' dir='ltr'><strong>et</strong></span> <span class='ocrx_word' id='word_1_164' title='bbox 675 2093 794 2129; x_wconf 85' lang='lat' dir='ltr'><strong>caro</strong></span> <span class='ocrx_word' id='word_1_165' title='bbox 812 2091 882 2129; x_wconf 69' lang='lat' dir='ltr'><strong>ex</strong></span> <span class='ocrx_word' id='word_1_166' title='bbox 904 2091 1057 2128; x_wconf 79' lang='lat' dir='ltr'><strong>carne</strong></span> <span class='ocrx_word' id='word_1_167' title='bbox 1079 2092 1187 2128; x_wconf 89' lang='lat' dir='ltr'><strong>mea</strong></span> <span class='ocrx_word' id='word_1_168' title='bbox 1214 2072 1367 2142; x_wconf 75' lang='lat' dir='ltr'><strong>(Ceu.</strong></span> <span class='ocrx_word' id='word_1_169' title='bbox 1393 2074 1444 2128; x_wconf 77' lang='grc'><strong>2.</strong></span> <span class='ocrx_word' id='word_1_170' title='bbox 1465 2074 1580 2143; x_wconf 75' lang='grc'><strong>25).</strong></span> <span class='ocrx_word' id='word_1_171' title='bbox 1607 2074 1716 2129; x_wconf 83' lang='grc' dir='ltr'>Νεε</span> <span class='ocrx_word' id='word_1_172' title='bbox 1743 2075 1842 2129; x_wconf 87' lang='lat' dir='ltr'><strong>hoc</strong></span> <span class='ocrx_word' id='word_1_173' title='bbox 1866 2076 2058 2141; x_wconf 77' lang='lat' dir='ltr'><strong>solum,</strong></span> <span class='ocrx_word' id='word_1_174' title='bbox 2085 2076 2182 2130; x_wconf 87' lang='lat' dir='ltr'><strong>sed</strong></span> 
     </span>
    </p>
   </div>
   <div class='ocr_carea' id='block_1_21' title="bbox 601 2164 2179 2237">
    <p class='ocr_par' dir='ltr' id='par_1_21' title="bbox 601 2164 2179 2237">
     <span class='ocr_line' id='line_1_21' title="bbox 601 2164 2179 2237; baseline 0 -18"><span class='ocrx_word' id='word_1_175' title='bbox 601 2167 763 2220; x_wconf 78' lang='lat' dir='ltr'><strong>etiam</strong></span> <span class='ocrx_word' id='word_1_176' title='bbox 795 2185 808 2221; x_wconf 90' lang='lat'><strong>:</strong></span> <span class='ocrx_word' id='word_1_177' title='bbox 839 2165 1003 2220; x_wconf 79' lang='lat' dir='ltr'><strong>Erunt</strong></span> <span class='ocrx_word' id='word_1_178' title='bbox 1027 2208 1042 2227; x_wconf 84' lang='lat'><strong><em>.</em></strong></span> <span class='ocrx_word' id='word_1_179' title='bbox 1085 2166 1255 2236; x_wconf 80' lang='lat' dir='ltr'><strong>inquit</strong></span> <span class='ocrx_word' id='word_1_180' title='bbox 1276 2207 1290 2228; x_wconf 92' lang='lat'><strong>,</strong></span> <span class='ocrx_word' id='word_1_181' title='bbox 1320 2166 1374 2218; x_wconf 80' lang='lat' dir='ltr'><strong>in</strong></span> <span class='ocrx_word' id='word_1_182' title='bbox 1417 2182 1573 2220; x_wconf 82' lang='lat' dir='ltr'><strong>carne</strong></span> <span class='ocrx_word' id='word_1_183' title='bbox 1610 2182 1712 2219; x_wconf 84' lang='lat' dir='ltr'><strong>una</strong></span> <span class='ocrx_word' id='word_1_184' title='bbox 1740 2164 1958 2236; x_wconf 79' lang='lat' dir='ltr'><strong>(Ephes.</strong></span> <span class='ocrx_word' id='word_1_185' title='bbox 1985 2169 2041 2223; x_wconf 82' lang='lat'><strong>5.</strong></span> <span class='ocrx_word' id='word_1_186' title='bbox 2065 2167 2179 2237; x_wconf 82' lang='lat'><strong>5|).</strong></span> 
     </span>
    </p>
   </div>
   <div class='ocr_carea' id='block_1_22' title="bbox 605 2256 2180 2329">
    <p class='ocr_par' dir='ltr' id='par_1_22' title="bbox 605 2256 2180 2329">
     <span class='ocr_line' id='line_1_22' title="bbox 605 2256 2180 2329; baseline 0 -18"><span class='ocrx_word' id='word_1_187' title='bbox 605 2261 751 2313; x_wconf 74' lang='lat' dir='ltr'><strong>Sicut</strong></span> <span class='ocrx_word' id='word_1_188' title='bbox 779 2270 822 2312; x_wconf 87' lang='lat' dir='ltr'><strong>et</strong></span> <span class='ocrx_word' id='word_1_189' title='bbox 853 2259 1080 2321; x_wconf 77' lang='lat' dir='ltr'><strong>Christus</strong></span> <span class='ocrx_word' id='word_1_190' title='bbox 1107 2259 1285 2311; x_wconf 72' lang='lat' dir='ltr'><strong>dilexit</strong></span> <span class='ocrx_word' id='word_1_191' title='bbox 1324 2256 1620 2311; x_wconf 74' lang='lat' dir='ltr'><strong>Ecclesium.</strong></span> <span class='ocrx_word' id='word_1_192' title='bbox 1652 2257 1810 2311; x_wconf 73' lang='lat' dir='ltr'><strong>\‘enit</strong></span> <span class='ocrx_word' id='word_1_193' title='bbox 1843 2258 1909 2311; x_wconf 86' lang='lat' dir='ltr'><strong>ad</strong></span> <span class='ocrx_word' id='word_1_194' title='bbox 1949 2256 2180 2329; x_wconf 86' lang='lat' dir='ltr'><strong>primum</strong></span> 
     </span>
    </p>
   </div>
   <div class='ocr_carea' id='block_1_23' title="bbox 601 2349 2184 2419">
    <p class='ocr_par' dir='ltr' id='par_1_23' title="bbox 601 2349 2184 2419">
     <span class='ocr_line' id='line_1_23' title="bbox 601 2349 2184 2419; baseline 0.001 -17"><span class='ocrx_word' id='word_1_195' title='bbox 601 2352 928 2419; x_wconf 71' lang='lat' dir='ltr'><strong>i-xetnplmn.</strong></span> <span class='ocrx_word' id='word_1_196' title='bbox 960 2350 1051 2405; x_wconf 80' lang='lat'><strong>50.</strong></span> <span class='ocrx_word' id='word_1_197' title='bbox 1086 2349 1219 2415; x_wconf 83' lang='lat' dir='ltr'><strong>Quia</strong></span> <span class='ocrx_word' id='word_1_198' title='bbox 1245 2351 1467 2403; x_wconf 65' lang='lat' dir='ltr'><strong>mensam</strong></span> <span class='ocrx_word' id='word_1_199' title='bbox 1486 2366 1658 2402; x_wconf 83' lang='lat' dir='ltr'><strong>sumus</strong></span> <span class='ocrx_word' id='word_1_200' title='bbox 1684 2350 1911 2419; x_wconf 84' lang='lat' dir='ltr'><strong>corporis</strong></span> <span class='ocrx_word' id='word_1_201' title='bbox 1938 2352 2079 2417; x_wconf 80' lang='lat' dir='ltr'><strong>ejus,</strong></span> <span class='ocrx_word' id='word_1_202' title='bbox 2120 2351 2184 2404; x_wconf 85' lang='lat' dir='ltr'><strong>de</strong></span> 
     </span>
    </p>
   </div>
   <div class='ocr_carea' id='block_1_24' title="bbox 600 2441 2180 2513">
    <p class='ocr_par' dir='ltr' id='par_1_24' title="bbox 600 2441 2180 2513">
     <span class='ocr_line' id='line_1_24' title="bbox 600 2441 2180 2513; baseline 0.002 -18"><span class='ocrx_word' id='word_1_203' title='bbox 600 2468 615 2494; x_wconf 81' lang='grc' dir='ltr'><strong>ι</strong></span> <span class='ocrx_word' id='word_1_204' title='bbox 632 2460 755 2495; x_wconf 71' lang='lat' dir='ltr'><strong>«me</strong></span> <span class='ocrx_word' id='word_1_205' title='bbox 778 2445 887 2513; x_wconf 78' lang='lat' dir='ltr'><strong>rjus</strong></span> <span class='ocrx_word' id='word_1_206' title='bbox 915 2452 960 2493; x_wconf 85' lang='lat' dir='ltr'><strong>ct</strong></span> <span class='ocrx_word' id='word_1_207' title='bbox 984 2442 1180 2495; x_wconf 80' lang='lat' dir='ltr'><strong>ossibus</strong></span> <span class='ocrx_word' id='word_1_208' title='bbox 1204 2441 1685 2511; x_wconf 57' lang='lat' dir='ltr'><strong>ejus.Lluomodo?</strong></span> <span class='ocrx_word' id='word_1_209' title='bbox 1706 2441 1784 2495; x_wconf 76' lang='lat' dir='ltr'><strong>Ex</strong></span> <span class='ocrx_word' id='word_1_210' title='bbox 1807 2453 1985 2495; x_wconf 68' lang='lat' dir='ltr'><strong>nosua</strong></span> <span class='ocrx_word' id='word_1_211' title='bbox 2012 2442 2180 2498; x_wconf 80' lang='lat' dir='ltr'><strong>factus</strong></span> 
     </span>
    </p>
   </div>
   <div class='ocr_carea' id='block_1_25' title="bbox 599 2531 2188 2601">
    <p class='ocr_par' dir='ltr' id='par_1_25' title="bbox 599 2531 2188 2601">
     <span class='ocr_line' id='line_1_25' title="bbox 599 2531 2188 2601; baseline 0.001 -17"><span class='ocrx_word' id='word_1_212' title='bbox 599 2544 683 2586; x_wconf 69' lang='lat' dir='ltr'><strong>est</strong></span> <span class='ocrx_word' id='word_1_213' title='bbox 710 2531 933 2587; x_wconf 79' lang='lat' dir='ltr'><strong>materia</strong></span> <span class='ocrx_word' id='word_1_214' title='bbox 960 2574 975 2593; x_wconf 85' lang='lat'><strong>.</strong></span> <span class='ocrx_word' id='word_1_215' title='bbox 1008 2532 1147 2587; x_wconf 84' lang='lat' dir='ltr'><strong>sicut</strong></span> <span class='ocrx_word' id='word_1_216' title='bbox 1174 2539 1230 2586; x_wconf 92' lang='lat' dir='ltr'><strong>et</strong></span> <span class='ocrx_word' id='word_1_217' title='bbox 1252 2531 1357 2585; x_wconf 82' lang='lat' dir='ltr'><strong>Eva</strong></span> <span class='ocrx_word' id='word_1_218' title='bbox 1386 2545 1513 2585; x_wconf 87' lang='lat' dir='ltr'><strong>caro</strong></span> <span class='ocrx_word' id='word_1_219' title='bbox 1545 2542 1661 2601; x_wconf 63' lang='grc' dir='ltr'>εςςιι</span> <span class='ocrx_word' id='word_1_220' title='bbox 1688 2547 1751 2584; x_wconf 78' lang='lat' dir='ltr'><strong>ex</strong></span> <span class='ocrx_word' id='word_1_221' title='bbox 1780 2546 1941 2589; x_wconf 88' lang='lat' dir='ltr'><strong>carne</strong></span> <span class='ocrx_word' id='word_1_222' title='bbox 1964 2532 2188 2600; x_wconf 75' lang='lat' dir='ltr'><strong>Adami.</strong></span> 
     </span>
    </p>
   </div>
   <div class='ocr_carea' id='block_1_26' title="bbox 602 2623 2179 2696">
    <p class='ocr_par' dir='ltr' id='par_1_26' title="bbox 602 2623 2179 2696">
     <span class='ocr_line' id='line_1_26' title="bbox 602 2623 2179 2696; baseline -0.001 -17"><span class='ocrx_word' id='word_1_223' title='bbox 602 2625 769 2679; x_wconf 76' lang='lat' dir='ltr'><strong>Recte</strong></span> <span class='ocrx_word' id='word_1_224' title='bbox 809 2632 987 2696; x_wconf 82' lang='lat' dir='ltr'><strong>autem</strong></span> <span class='ocrx_word' id='word_1_225' title='bbox 1016 2638 1139 2677; x_wconf 82' lang='lat' dir='ltr'><strong>ossa</strong></span> <span class='ocrx_word' id='word_1_226' title='bbox 1172 2631 1228 2677; x_wconf 77' lang='lat' dir='ltr'><strong>et</strong></span> <span class='ocrx_word' id='word_1_227' title='bbox 1251 2637 1465 2676; x_wconf 84' lang='lat' dir='ltr'><strong>carnem</strong></span> <span class='ocrx_word' id='word_1_228' title='bbox 1502 2625 1819 2676; x_wconf 83' lang='lat' dir='ltr'><strong>memoravit</strong></span> <span class='ocrx_word' id='word_1_229' title='bbox 1851 2639 1864 2675; x_wconf 95' lang='lat'>:</span> <span class='ocrx_word' id='word_1_230' title='bbox 1896 2624 2014 2677; x_wconf 71' lang='lat' dir='ltr'><strong>lure</strong></span> <span class='ocrx_word' id='word_1_231' title='bbox 2036 2623 2179 2685; x_wconf 87' lang='lat' dir='ltr'><strong>enim</strong></span> 
     </span>
    </p>
   </div>
   <div class='ocr_carea' id='block_1_27' title="bbox 598 2712 2182 2784">
    <p class='ocr_par' dir='ltr' id='par_1_27' title="bbox 598 2712 2182 2784">
     <span class='ocr_line' id='line_1_27' title="bbox 598 2712 2182 2784; baseline -0.001 -15"><span class='ocrx_word' id='word_1_232' title='bbox 598 2724 729 2769; x_wconf 79' lang='lat' dir='ltr'><strong>sunt</strong></span> <span class='ocrx_word' id='word_1_233' title='bbox 772 2730 891 2784; x_wconf 70' lang='lat' dir='ltr'><strong>quae</strong></span> <span class='ocrx_word' id='word_1_234' title='bbox 935 2712 991 2767; x_wconf 86' lang='lat' dir='ltr'><strong>in</strong></span> <span class='ocrx_word' id='word_1_235' title='bbox 1037 2713 1193 2769; x_wconf 85' lang='lat' dir='ltr'><strong>nobis</strong></span> <span class='ocrx_word' id='word_1_236' title='bbox 1235 2714 1584 2782; x_wconf 79' lang='lat' dir='ltr'><strong>principatum</strong></span> <span class='ocrx_word' id='word_1_237' title='bbox 1630 2722 1850 2778; x_wconf 88' lang='lat' dir='ltr'><strong>tenent,</strong></span> <span class='ocrx_word' id='word_1_238' title='bbox 1892 2728 2083 2768; x_wconf 87' lang='lat' dir='ltr'><strong>carnes</strong></span> <span class='ocrx_word' id='word_1_239' title='bbox 2126 2724 2182 2770; x_wconf 88' lang='lat' dir='ltr'><strong>et</strong></span> 
     </span>
    </p>
   </div>
   <div class='ocr_carea' id='block_1_28' title="bbox 572 2804 2178 2875">
    <p class='ocr_par' dir='ltr' id='par_1_28' title="bbox 572 2804 2178 2875">
     <span class='ocr_line' id='line_1_28' title="bbox 572 2804 2178 2875; baseline 0.002 -17"><span class='ocrx_word' id='word_1_240' title='bbox 572 2809 722 2861; x_wconf 77' lang='lat' dir='ltr'><strong>&#39;ossa</strong></span> <span class='ocrx_word' id='word_1_241' title='bbox 752 2825 768 2861; x_wconf 89' lang='lat'><strong>:</strong></span> <span class='ocrx_word' id='word_1_242' title='bbox 798 2807 912 2861; x_wconf 78' lang='lat' dir='ltr'><strong>lucc</strong></span> <span class='ocrx_word' id='word_1_243' title='bbox 940 2804 1154 2875; x_wconf 86' lang='lat' dir='ltr'><strong>quidem</strong></span> <span class='ocrx_word' id='word_1_244' title='bbox 1194 2806 1431 2873; x_wconf 85' lang='lat' dir='ltr'><strong>subjecta</strong></span> <span class='ocrx_word' id='word_1_245' title='bbox 1483 2815 1749 2874; x_wconf 72' lang='lat' dir='ltr'><strong>utinquam</strong></span> <span class='ocrx_word' id='word_1_246' title='bbox 1795 2807 2035 2875; x_wconf 63' lang='lat' dir='ltr'><strong>qua-dam</strong></span> <span class='ocrx_word' id='word_1_247' title='bbox 2084 2822 2178 2861; x_wconf 81' lang='lat' dir='ltr'><strong>ca-</strong></span> 
     </span>
    </p>
   </div>
   <div class='ocr_carea' id='block_1_29' title="bbox 602 2894 2175 2966">
    <p class='ocr_par' dir='ltr' id='par_1_29' title="bbox 602 2894 2175 2966">
     <span class='ocr_line' id='line_1_29' title="bbox 602 2894 2175 2966; baseline -0.001 -15"><span class='ocrx_word' id='word_1_248' title='bbox 602 2896 739 2963; x_wconf 80' lang='lat' dir='ltr'><strong>rina,</strong></span> <span class='ocrx_word' id='word_1_249' title='bbox 766 2896 854 2951; x_wconf 82' lang='lat' dir='ltr'><strong>illa</strong></span> <span class='ocrx_word' id='word_1_250' title='bbox 896 2906 1074 2950; x_wconf 85' lang='lat' dir='ltr'><strong>autem</strong></span> <span class='ocrx_word' id='word_1_251' title='bbox 1115 2904 1385 2965; x_wconf 79' lang='lat' dir='ltr'><strong>tamquam</strong></span> <span class='ocrx_word' id='word_1_252' title='bbox 1414 2894 1725 2949; x_wconf 73' lang='lat' dir='ltr'><strong>tudilicium.</strong></span> <span class='ocrx_word' id='word_1_253' title='bbox 1757 2896 1865 2950; x_wconf 89' lang='lat' dir='ltr'><strong>Sed</strong></span> <span class='ocrx_word' id='word_1_254' title='bbox 1900 2896 2028 2950; x_wconf 88' lang='lat' dir='ltr'><strong>illud</strong></span> <span class='ocrx_word' id='word_1_255' title='bbox 2058 2897 2175 2966; x_wconf 88' lang='lat' dir='ltr'><strong>qni-</strong></span> 
     </span>
    </p>
   </div>
   <div class='ocr_carea' id='block_1_30' title="bbox 598 2986 2180 3056">
    <p class='ocr_par' dir='ltr' id='par_1_30' title="bbox 598 2986 2180 3056">
     <span class='ocr_line' id='line_1_30' title="bbox 598 2986 2180 3056; baseline 0.004 -18"><span class='ocrx_word' id='word_1_256' title='bbox 598 2992 722 3041; x_wconf 84' lang='lat' dir='ltr'><strong>dem</strong></span> <span class='ocrx_word' id='word_1_257' title='bbox 772 3000 853 3042; x_wconf 87' lang='lat' dir='ltr'><strong>est</strong></span> <span class='ocrx_word' id='word_1_258' title='bbox 905 2986 1283 3055; x_wconf 83' lang='lat' dir='ltr'><strong>perspicuum;</strong></span> <span class='ocrx_word' id='word_1_259' title='bbox 1335 2986 1437 3040; x_wconf 90' lang='lat' dir='ltr'><strong>hoc</strong></span> <span class='ocrx_word' id='word_1_260' title='bbox 1473 2995 1649 3040; x_wconf 88' lang='lat' dir='ltr'><strong>autem</strong></span> <span class='ocrx_word' id='word_1_261' title='bbox 1694 2986 2007 3056; x_wconf 86' lang='lat' dir='ltr'><strong>quomodo?</strong></span> <span class='ocrx_word' id='word_1_262' title='bbox 2032 2988 2180 3044; x_wconf 81' lang='lat' dir='ltr'><strong>Sicut</strong></span> 
     </span>
    </p>
   </div>
   <div class='ocr_carea' id='block_1_31' title="bbox 599 3077 2174 3150">
    <p class='ocr_par' dir='ltr' id='par_1_31' title="bbox 599 3077 2174 3150">
     <span class='ocr_line' id='line_1_31' title="bbox 599 3077 2174 3150; baseline 0 -15"><span class='ocrx_word' id='word_1_263' title='bbox 599 3083 705 3135; x_wconf 89' lang='lat' dir='ltr'><strong>illic</strong></span> <span class='ocrx_word' id='word_1_264' title='bbox 730 3090 872 3134; x_wconf 86' lang='lat' dir='ltr'><strong>tanta</strong></span> <span class='ocrx_word' id='word_1_265' title='bbox 901 3088 983 3133; x_wconf 79' lang='lat' dir='ltr'><strong>est</strong></span> <span class='ocrx_word' id='word_1_266' title='bbox 1010 3080 1374 3147; x_wconf 70' lang='lat' dir='ltr'><strong>propinquitas</strong></span> <span class='ocrx_word' id='word_1_267' title='bbox 1394 3118 1411 3142; x_wconf 93' lang='lat'><strong>,</strong></span> <span class='ocrx_word' id='word_1_268' title='bbox 1444 3078 1513 3129; x_wconf 84' lang='lat' dir='ltr'><strong>ita</strong></span> <span class='ocrx_word' id='word_1_269' title='bbox 1533 3117 1550 3141; x_wconf 87' lang='lat'><strong>,</strong></span> <span class='ocrx_word' id='word_1_270' title='bbox 1583 3078 1751 3145; x_wconf 86' lang='lat' dir='ltr'><strong>inquit</strong></span> <span class='ocrx_word' id='word_1_271' title='bbox 1772 3118 1789 3143; x_wconf 95' lang='lat'><strong>,</strong></span> <span class='ocrx_word' id='word_1_272' title='bbox 1827 3077 1914 3133; x_wconf 90' lang='lat' dir='ltr'><strong>hic</strong></span> <span class='ocrx_word' id='word_1_273' title='bbox 1942 3095 2174 3150; x_wconf 84' lang='lat' dir='ltr'><strong>quoque.</strong></span> 
     </span>
    </p>
   </div>
   <div class='ocr_carea' id='block_1_32' title="bbox 598 3174 2177 3243">
    <p class='ocr_par' dir='ltr' id='par_1_32' title="bbox 598 3174 2177 3243">
     <span class='ocr_line' id='line_1_32' title="bbox 598 3174 2177 3243; baseline 0.001 -16"><span class='ocrx_word' id='word_1_274' title='bbox 598 3175 735 3243; x_wconf 80' lang='lat' dir='ltr'><strong>Quid</strong></span> <span class='ocrx_word' id='word_1_275' title='bbox 753 3185 856 3236; x_wconf 88' lang='lat' dir='ltr'><strong>est.</strong></span> <span class='ocrx_word' id='word_1_276' title='bbox 887 3174 968 3228; x_wconf 80' lang='lat' dir='ltr'><strong>Ea:</strong></span> <span class='ocrx_word' id='word_1_277' title='bbox 988 3191 1139 3227; x_wconf 83' lang='lat' dir='ltr'><strong>carne</strong></span> <span class='ocrx_word' id='word_1_278' title='bbox 1163 3175 1271 3242; x_wconf 79' lang='lat' dir='ltr'><strong>ejtts</strong></span> <span class='ocrx_word' id='word_1_279' title='bbox 1294 3174 1320 3226; x_wconf 70' lang='grc'><em>2</em></span> <span class='ocrx_word' id='word_1_280' title='bbox 1345 3174 1455 3228; x_wconf 93' lang='lat' dir='ltr'><strong>lloc</strong></span> <span class='ocrx_word' id='word_1_281' title='bbox 1483 3182 1587 3237; x_wconf 86' lang='lat' dir='ltr'><strong>est,</strong></span> <span class='ocrx_word' id='word_1_282' title='bbox 1609 3189 1736 3227; x_wconf 88' lang='lat' dir='ltr'><strong>vere</strong></span> <span class='ocrx_word' id='word_1_283' title='bbox 1754 3184 1808 3229; x_wconf 93' lang='lat' dir='ltr'><strong>et</strong></span> <span class='ocrx_word' id='word_1_284' title='bbox 1833 3189 2084 3242; x_wconf 77' lang='lat' dir='ltr'><strong>geruume</strong></span> <span class='ocrx_word' id='word_1_285' title='bbox 2109 3190 2177 3229; x_wconf 79' lang='lat' dir='ltr'><strong>ex</strong></span> 
     </span>
    </p>
   </div>
   <div class='ocr_carea' id='block_1_33' title="bbox 593 3262 2174 3337">
    <p class='ocr_par' dir='ltr' id='par_1_33' title="bbox 593 3262 2174 3337">
     <span class='ocr_line' id='line_1_33' title="bbox 593 3262 2174 3337; baseline -0.003 -15"><span class='ocrx_word' id='word_1_286' title='bbox 593 3271 737 3337; x_wconf 65' lang='lat' dir='ltr'><strong>ipso.</strong></span> <span class='ocrx_word' id='word_1_287' title='bbox 765 3265 828 3321; x_wconf 72' lang='lat' dir='ltr'><strong>Et</strong></span> <span class='ocrx_word' id='word_1_288' title='bbox 858 3264 1127 3335; x_wconf 87' lang='lat' dir='ltr'><strong>quomodo</strong></span> <span class='ocrx_word' id='word_1_289' title='bbox 1157 3264 1235 3318; x_wconf 86' lang='lat' dir='ltr'><strong>sic</strong></span> <span class='ocrx_word' id='word_1_290' title='bbox 1260 3262 1459 3318; x_wconf 82' lang='lat' dir='ltr'><strong>Christi</strong></span> <span class='ocrx_word' id='word_1_291' title='bbox 1505 3264 1741 3319; x_wconf 82' lang='lat' dir='ltr'><strong>membra</strong></span> <span class='ocrx_word' id='word_1_292' title='bbox 1774 3266 2002 3318; x_wconf 84' lang='lat' dir='ltr'><strong>sumus?</strong></span> <span class='ocrx_word' id='word_1_293' title='bbox 2028 3265 2174 3331; x_wconf 83' lang='lat' dir='ltr'><strong>Quo-</strong></span> 
     </span>
    </p>
   </div>
   <div class='ocr_carea' id='block_1_34' title="bbox 598 3353 2175 3424">
    <p class='ocr_par' dir='ltr' id='par_1_34' title="bbox 598 3353 2175 3424">
     <span class='ocr_line' id='line_1_34' title="bbox 598 3353 2175 3424; baseline -0.003 -13"><span class='ocrx_word' id='word_1_294' title='bbox 598 3361 737 3411; x_wconf 85' lang='lat' dir='ltr'><strong>niam</strong></span> <span class='ocrx_word' id='word_1_295' title='bbox 773 3356 894 3410; x_wconf 80' lang='lat' dir='ltr'><strong>l&#39;acti</strong></span> <span class='ocrx_word' id='word_1_296' title='bbox 919 3370 1104 3409; x_wconf 89' lang='lat' dir='ltr'><strong>sumus</strong></span> <span class='ocrx_word' id='word_1_297' title='bbox 1134 3353 1273 3408; x_wconf 90' lang='lat' dir='ltr'><strong>sicut</strong></span> <span class='ocrx_word' id='word_1_298' title='bbox 1312 3355 1445 3424; x_wconf 81' lang='lat' dir='ltr'><strong>ipse.</strong></span> <span class='ocrx_word' id='word_1_299' title='bbox 1493 3354 1557 3407; x_wconf 78' lang='lat' dir='ltr'><strong>Et</strong></span> <span class='ocrx_word' id='word_1_300' title='bbox 1585 3353 1853 3424; x_wconf 89' lang='lat' dir='ltr'><strong>quomodo</strong></span> <span class='ocrx_word' id='word_1_301' title='bbox 1878 3370 1941 3408; x_wconf 82' lang='lat' dir='ltr'><strong>ex</strong></span> <span class='ocrx_word' id='word_1_302' title='bbox 1973 3354 2175 3410; x_wconf 77' lang='lat' dir='ltr'><strong>carne?</strong></span> 
     </span>
    </p>
   </div>
   <div class='ocr_carea' id='block_1_35' title="bbox 595 3444 2171 3517">
    <p class='ocr_par' dir='ltr' id='par_1_35' title="bbox 595 3444 2171 3517">
     <span class='ocr_line' id='line_1_35' title="bbox 595 3444 2171 3517; baseline -0.002 -15"><span class='ocrx_word' id='word_1_303' title='bbox 595 3449 758 3503; x_wconf 75' lang='lat' dir='ltr'><strong>Scitis</strong></span> <span class='ocrx_word' id='word_1_304' title='bbox 802 3450 1121 3517; x_wconf 85' lang='lat' dir='ltr'><strong>quicumque</strong></span> <span class='ocrx_word' id='word_1_305' title='bbox 1164 3444 1296 3499; x_wconf 84' lang='lat' dir='ltr'><strong>estis</strong></span> <span class='ocrx_word' id='word_1_306' title='bbox 1339 3444 1626 3513; x_wconf 83' lang='lat' dir='ltr'><strong>participes</strong></span> <span class='ocrx_word' id='word_1_307' title='bbox 1654 3446 2027 3515; x_wconf 80' lang='lat' dir='ltr'><strong>mysteriorum</strong></span> <span class='ocrx_word' id='word_1_308' title='bbox 2055 3463 2070 3498; x_wconf 75' lang='grc' dir='ltr'>ε</span> <span class='ocrx_word' id='word_1_309' title='bbox 2103 3460 2171 3499; x_wconf 80' lang='lat' dir='ltr'><strong>ex</strong></span> 
     </span>
    </p>
   </div>
   <div class='ocr_carea' id='block_1_36' title="bbox 598 3535 2175 3603">
    <p class='ocr_par' dir='ltr' id='par_1_36' title="bbox 598 3535 2175 3603">
     <span class='ocr_line' id='line_1_36' title="bbox 598 3535 2175 3603; baseline -0.001 -10"><span class='ocrx_word' id='word_1_310' title='bbox 598 3541 701 3595; x_wconf 90' lang='lat' dir='ltr'><strong>hoc</strong></span> <span class='ocrx_word' id='word_1_311' title='bbox 726 3539 869 3593; x_wconf 88' lang='lat' dir='ltr'><strong>enim</strong></span> <span class='ocrx_word' id='word_1_312' title='bbox 909 3538 1091 3592; x_wconf 78' lang='lat' dir='ltr'><strong>statim</strong></span> <span class='ocrx_word' id='word_1_313' title='bbox 1115 3536 1500 3591; x_wconf 81' lang='lat' dir='ltr'><strong>eﬂ&#39;ormamur?</strong></span> <span class='ocrx_word' id='word_1_314' title='bbox 1547 3536 1614 3589; x_wconf 83' lang='lat' dir='ltr'><strong>Et</strong></span> <span class='ocrx_word' id='word_1_315' title='bbox 1637 3537 1948 3603; x_wconf 81' lang='lat' dir='ltr'><strong>quomodo?</strong></span> <span class='ocrx_word' id='word_1_316' title='bbox 1972 3535 2175 3591; x_wconf 78' lang='lat' dir='ltr'><strong>Rursus</strong></span> 
     </span>
    </p>
   </div>
   <div class='ocr_carea' id='block_1_37' title="bbox 596 3628 2173 3697">
    <p class='ocr_par' dir='ltr' id='par_1_37' title="bbox 596 3628 2173 3697">
     <span class='ocr_line' id='line_1_37' title="bbox 596 3628 2173 3697; baseline -0.004 -11"><span class='ocrx_word' id='word_1_317' title='bbox 596 3634 718 3686; x_wconf 85' lang='lat' dir='ltr'><strong>andi</strong></span> <span class='ocrx_word' id='word_1_318' title='bbox 767 3633 909 3686; x_wconf 90' lang='lat' dir='ltr'><strong>hunc</strong></span> <span class='ocrx_word' id='word_1_319' title='bbox 950 3632 1175 3685; x_wconf 81' lang='lat' dir='ltr'><strong>beatum</strong></span> <span class='ocrx_word' id='word_1_320' title='bbox 1221 3628 1531 3682; x_wconf 73' lang='lat' dir='ltr'><strong>dicentem:</strong></span> <span class='ocrx_word' id='word_1_321' title='bbox 1578 3628 1829 3694; x_wconf 83' lang='lat' dir='ltr'><strong>Quoniam</strong></span> <span class='ocrx_word' id='word_1_322' title='bbox 1873 3644 1991 3697; x_wconf 79' lang='lat' dir='ltr'><strong>ergo</strong></span> <span class='ocrx_word' id='word_1_323' title='bbox 2030 3629 2173 3695; x_wconf 86' lang='lat' dir='ltr'><strong>pueri</strong></span> 
     </span>
    </p>
   </div>
   <div class='ocr_carea' id='block_1_38' title="bbox 593 3719 2174 3791">
    <p class='ocr_par' dir='ltr' id='par_1_38' title="bbox 593 3719 2174 3791">
     <span class='ocr_line' id='line_1_38' title="bbox 593 3719 2174 3791; baseline -0.003 -13"><span class='ocrx_word' id='word_1_324' title='bbox 593 3725 1024 3779; x_wconf 80' lang='lat' dir='ltr'><strong>rommtmicarunt</strong></span> <span class='ocrx_word' id='word_1_325' title='bbox 1049 3723 1193 3775; x_wconf 86' lang='lat' dir='ltr'><strong>carui</strong></span> <span class='ocrx_word' id='word_1_326' title='bbox 1219 3730 1265 3773; x_wconf 89' lang='lat' dir='ltr'><strong>et</strong></span> <span class='ocrx_word' id='word_1_327' title='bbox 1303 3719 1561 3789; x_wconf 83' lang='lat' dir='ltr'><strong>sanguini,</strong></span> <span class='ocrx_word' id='word_1_328' title='bbox 1585 3720 1816 3773; x_wconf 74' lang='lat' dir='ltr'><strong>similiter</strong></span> <span class='ocrx_word' id='word_1_329' title='bbox 1841 3722 1947 3789; x_wconf 84' lang='lat' dir='ltr'><strong>ipse</strong></span> <span class='ocrx_word' id='word_1_330' title='bbox 1978 3736 2174 3791; x_wconf 82' lang='lat' dir='ltr'><strong>quoque</strong></span> 
     </span>
    </p>
   </div>
   <div class='ocr_carea' id='block_1_39' title="bbox 594 3792 2172 3885">
    <p class='ocr_par' dir='ltr' id='par_1_39' title="bbox 594 3792 2172 3885">
     <span class='ocr_line' id='line_1_39' title="bbox 594 3792 2172 3885; baseline -0.003 -14"><span class='ocrx_word' id='word_1_331' title='bbox 594 3833 767 3871; x_wconf 80' lang='lat' dir='ltr'><strong>rerum</strong></span> <span class='ocrx_word' id='word_1_332' title='bbox 810 3816 909 3885; x_wconf 84' lang='lat' dir='ltr'><strong>{uit</strong></span> <span class='ocrx_word' id='word_1_333' title='bbox 957 3792 1229 3882; x_wconf 81' lang='lat' dir='ltr'><strong>particeps.</strong></span> <span class='ocrx_word' id='word_1_334' title='bbox 1256 3811 1360 3865; x_wconf 89' lang='lat' dir='ltr'><strong>Sed</strong></span> <span class='ocrx_word' id='word_1_335' title='bbox 1398 3811 1484 3863; x_wconf 90' lang='lat' dir='ltr'><strong>hic</strong></span> <span class='ocrx_word' id='word_1_336' title='bbox 1527 3812 1643 3881; x_wconf 89' lang='lat' dir='ltr'><strong>ipse</strong></span> <span class='ocrx_word' id='word_1_337' title='bbox 1680 3812 1833 3865; x_wconf 83' lang='lat' dir='ltr'><strong>nobis</strong></span> <span class='ocrx_word' id='word_1_338' title='bbox 1871 3814 2172 3866; x_wconf 84' lang='lat' dir='ltr'><strong>communi-</strong></span> 
     </span>
    </p>
   </div>
   <div class='ocr_carea' id='block_1_40' title="bbox 596 3888 2172 3973">
    <p class='ocr_par' dir='ltr' id='par_1_40' title="bbox 596 3888 2172 3973">
     <span class='ocr_line' id='line_1_40' title="bbox 596 3888 2172 3973; baseline -0.001 -11"><span class='ocrx_word' id='word_1_339' title='bbox 596 3910 738 3963; x_wconf 73' lang='lat' dir='ltr'><strong>t-avit</strong></span> <span class='ocrx_word' id='word_1_340' title='bbox 760 3949 777 3968; x_wconf 84' lang='lat'><strong>.</strong></span> <span class='ocrx_word' id='word_1_341' title='bbox 798 3924 910 3961; x_wconf 85' lang='lat' dir='ltr'><strong>non</strong></span> <span class='ocrx_word' id='word_1_342' title='bbox 940 3921 1036 3960; x_wconf 89' lang='lat' dir='ltr'><strong>nos</strong></span> <span class='ocrx_word' id='word_1_343' title='bbox 1067 3904 1165 3973; x_wconf 84' lang='lat' dir='ltr'><strong>ipsi</strong></span> <span class='ocrx_word' id='word_1_344' title='bbox 1195 3921 1209 3956; x_wconf 90' lang='lat'><strong>:</strong></span> <span class='ocrx_word' id='word_1_345' title='bbox 1240 3904 1509 3971; x_wconf 81' lang='lat' dir='ltr'><strong>quomodo</strong></span> <span class='ocrx_word' id='word_1_346' title='bbox 1551 3918 1679 3973; x_wconf 80' lang='lat' dir='ltr'><strong>ergo</strong></span> <span class='ocrx_word' id='word_1_347' title='bbox 1703 3919 1889 3958; x_wconf 88' lang='lat' dir='ltr'><strong>sumus</strong></span> <span class='ocrx_word' id='word_1_348' title='bbox 1914 3920 1978 3958; x_wconf 79' lang='lat' dir='ltr'><strong>ex</strong></span> <span class='ocrx_word' id='word_1_349' title='bbox 2003 3888 2172 3960; x_wconf 68' lang='lat' dir='ltr'><strong>carne</strong></span> 
     </span>
    </p>
   </div>
   <div class='ocr_carea' id='block_1_41' title="bbox 594 3994 2172 4072">
    <p class='ocr_par' dir='ltr' id='par_1_41' title="bbox 594 3994 2172 4072">
     <span class='ocr_line' id='line_1_41' title="bbox 594 3994 2172 4072; baseline 0 -19"><span class='ocrx_word' id='word_1_350' title='bbox 594 4003 714 4072; x_wconf 78' lang='lat' dir='ltr'><strong>ejus</strong></span> <span class='ocrx_word' id='word_1_351' title='bbox 732 4009 787 4054; x_wconf 86' lang='lat' dir='ltr'><strong>et</strong></span> <span class='ocrx_word' id='word_1_352' title='bbox 810 4014 875 4052; x_wconf 75' lang='lat' dir='ltr'><strong>es</strong></span> <span class='ocrx_word' id='word_1_353' title='bbox 906 3997 1117 4051; x_wconf 90' lang='lat' dir='ltr'><strong>ossibus</strong></span> <span class='ocrx_word' id='word_1_354' title='bbox 1142 3995 1293 4065; x_wconf 85' lang='lat' dir='ltr'><strong>ejus?</strong></span> <span class='ocrx_word' id='word_1_355' title='bbox 1316 3994 1541 4062; x_wconf 82' lang='lat' dir='ltr'><strong>Quidam</strong></span> <span class='ocrx_word' id='word_1_356' title='bbox 1572 3994 1754 4049; x_wconf 89' lang='lat' dir='ltr'><strong>dicunt</strong></span> <span class='ocrx_word' id='word_1_357' title='bbox 1780 3996 2089 4067; x_wconf 51' lang='lat' dir='ltr'><strong>sanguinem</strong></span> <span class='ocrx_word' id='word_1_358' title='bbox 2116 4008 2172 4053; x_wconf 90' lang='lat' dir='ltr'><strong>et</strong></span> 
     </span>
    </p>
   </div>
   <div class='ocr_carea' id='block_1_42' title="bbox 593 4084 2172 4160">
    <p class='ocr_par' dir='ltr' id='par_1_42' title="bbox 593 4084 2172 4160">
     <span class='ocr_line' id='line_1_42' title="bbox 593 4084 2172 4160; baseline -0.002 -16"><span class='ocrx_word' id='word_1_359' title='bbox 593 4106 808 4160; x_wconf 78' lang='lat' dir='ltr'><strong>aquam,</strong></span> <span class='ocrx_word' id='word_1_360' title='bbox 839 4087 933 4144; x_wconf 88' lang='lat' dir='ltr'><strong>scd</strong></span> <span class='ocrx_word' id='word_1_361' title='bbox 954 4103 1060 4141; x_wconf 90' lang='lat' dir='ltr'><strong>non</strong></span> <span class='ocrx_word' id='word_1_362' title='bbox 1083 4096 1166 4140; x_wconf 88' lang='lat' dir='ltr'><strong>est</strong></span> <span class='ocrx_word' id='word_1_363' title='bbox 1189 4103 1204 4150; x_wconf 89' lang='lat'><strong>;</strong></span> <span class='ocrx_word' id='word_1_364' title='bbox 1230 4085 1321 4139; x_wconf 89' lang='lat' dir='ltr'><strong>sed</strong></span> <span class='ocrx_word' id='word_1_365' title='bbox 1349 4088 1481 4139; x_wconf 89' lang='lat' dir='ltr'><strong>sicut</strong></span> <span class='ocrx_word' id='word_1_366' title='bbox 1514 4084 1602 4139; x_wconf 88' lang='lat' dir='ltr'><strong>ille</strong></span> <span class='ocrx_word' id='word_1_367' title='bbox 1629 4087 1971 4141; x_wconf 75' lang='lat' dir='ltr'><strong>manifestare</strong></span> <span class='ocrx_word' id='word_1_368' title='bbox 1989 4088 2172 4142; x_wconf 87' lang='lat' dir='ltr'><strong>volue-</strong></span> 
     </span>
    </p>
   </div>
   <div class='ocr_carea' id='block_1_43' title="bbox 595 4176 2171 4248">
    <p class='ocr_par' dir='ltr' id='par_1_43' title="bbox 595 4176 2171 4248">
     <span class='ocr_line' id='line_1_43' title="bbox 595 4176 2171 4248; baseline -0.003 -11"><span class='ocrx_word' id='word_1_369' title='bbox 595 4187 683 4245; x_wconf 79' lang='lat' dir='ltr'><strong>iit.</strong></span> <span class='ocrx_word' id='word_1_370' title='bbox 705 4184 804 4237; x_wconf 86' lang='lat' dir='ltr'><strong>hoc</strong></span> <span class='ocrx_word' id='word_1_371' title='bbox 825 4192 930 4246; x_wconf 85' lang='lat' dir='ltr'><strong>est,</strong></span> <span class='ocrx_word' id='word_1_372' title='bbox 946 4176 1390 4248; x_wconf 80' lang='lat' dir='ltr'><strong>quemadmodum</strong></span> <span class='ocrx_word' id='word_1_373' title='bbox 1407 4177 1609 4245; x_wconf 89' lang='lat' dir='ltr'><strong>absque</strong></span> <span class='ocrx_word' id='word_1_374' title='bbox 1620 4179 1760 4231; x_wconf 80' lang='lat' dir='ltr'><strong>coitu</strong></span> <span class='ocrx_word' id='word_1_375' title='bbox 1784 4178 1873 4230; x_wconf 85' lang='lat' dir='ltr'><strong>ille</strong></span> <span class='ocrx_word' id='word_1_376' title='bbox 1894 4177 2063 4232; x_wconf 80' lang='lat' dir='ltr'><strong>factus</strong></span> <span class='ocrx_word' id='word_1_377' title='bbox 2088 4189 2171 4233; x_wconf 87' lang='lat' dir='ltr'><strong>est</strong></span> 
     </span>
    </p>
   </div>
   <div class='ocr_carea' id='block_1_44' title="bbox 528 4269 2170 4344">
    <p class='ocr_par' dir='ltr' id='par_1_44' title="bbox 528 4269 2170 4344">
     <span class='ocr_line' id='line_1_44' title="bbox 528 4269 2170 4344; baseline 0 -17"><span class='ocrx_word' id='word_1_378' title='bbox 528 4323 530 4327; x_wconf 78' lang='grc'>,</span> <span class='ocrx_word' id='word_1_379' title='bbox 592 4292 656 4331; x_wconf 78' lang='lat' dir='ltr'><strong>ex</strong></span> <span class='ocrx_word' id='word_1_380' title='bbox 686 4275 884 4344; x_wconf 83' lang='lat' dir='ltr'><strong>Spiritu</strong></span> <span class='ocrx_word' id='word_1_381' title='bbox 907 4280 1097 4327; x_wconf 83' lang='lat' dir='ltr'><strong>sancto</strong></span> <span class='ocrx_word' id='word_1_382' title='bbox 1118 4312 1132 4335; x_wconf 93' lang='lat'><strong>,</strong></span> <span class='ocrx_word' id='word_1_383' title='bbox 1165 4272 1236 4325; x_wconf 85' lang='lat' dir='ltr'><strong>ita</strong></span> <span class='ocrx_word' id='word_1_384' title='bbox 1275 4285 1374 4323; x_wconf 91' lang='lat' dir='ltr'><strong>nos</strong></span> <span class='ocrx_word' id='word_1_385' title='bbox 1396 4283 1608 4340; x_wconf 84' lang='lat' dir='ltr'><strong>quoque</strong></span> <span class='ocrx_word' id='word_1_386' title='bbox 1646 4269 1747 4323; x_wconf 89' lang='lat' dir='ltr'><strong>hoc</strong></span> <span class='ocrx_word' id='word_1_387' title='bbox 1770 4286 2091 4341; x_wconf 77' lang='lat' dir='ltr'><strong>generantur</strong></span> <span class='ocrx_word' id='word_1_388' title='bbox 2115 4273 2170 4327; x_wconf 91' lang='lat' dir='ltr'><strong>in</strong></span> 
     </span>
    </p>
   </div>
   <div class='ocr_carea' id='block_1_45' title="bbox 594 4360 2169 4432">
    <p class='ocr_par' dir='ltr' id='par_1_45' title="bbox 594 4360 2169 4432">
     <span class='ocr_line' id='line_1_45' title="bbox 594 4360 2169 4432; baseline -0.004 -11"><span class='ocrx_word' id='word_1_389' title='bbox 594 4369 828 4421; x_wconf 85' lang='lat' dir='ltr'><strong>lavacro.</strong></span> <span class='ocrx_word' id='word_1_390' title='bbox 858 4362 989 4417; x_wconf 72' lang='lat' dir='ltr'><strong>Vide</strong></span> <span class='ocrx_word' id='word_1_391' title='bbox 1017 4372 1146 4431; x_wconf 89' lang='lat' dir='ltr'><strong>quot</strong></span> <span class='ocrx_word' id='word_1_392' title='bbox 1168 4362 1409 4429; x_wconf 78' lang='lat' dir='ltr'><strong>exempla</strong></span> <span class='ocrx_word' id='word_1_393' title='bbox 1432 4400 1450 4422; x_wconf 91' lang='lat'><strong>,</strong></span> <span class='ocrx_word' id='word_1_394' title='bbox 1475 4370 1537 4413; x_wconf 88' lang='grc' dir='ltr'><strong>ιιι</strong></span> <span class='ocrx_word' id='word_1_395' title='bbox 1559 4360 1807 4414; x_wconf 87' lang='lat' dir='ltr'><strong>credatur</strong></span> <span class='ocrx_word' id='word_1_396' title='bbox 1833 4361 1917 4415; x_wconf 87' lang='lat' dir='ltr'><strong>illa</strong></span> <span class='ocrx_word' id='word_1_397' title='bbox 1944 4360 2169 4432; x_wconf 74' lang='lat' dir='ltr'><strong>genera-</strong></span> 
     </span>
    </p>
   </div>
   <div class='ocr_carea' id='block_1_46' title="bbox 591 4453 2169 4522">
    <p class='ocr_par' dir='ltr' id='par_1_46' title="bbox 591 4453 2169 4522">
     <span class='ocr_line' id='line_1_46' title="bbox 591 4453 2169 4522; baseline -0.001 -11"><span class='ocrx_word' id='word_1_398' title='bbox 591 4461 688 4512; x_wconf 90' lang='lat' dir='ltr'><strong>tio.</strong></span> <span class='ocrx_word' id='word_1_399' title='bbox 715 4458 761 4513; x_wconf 88' lang='lat'><strong>0</strong></span> <span class='ocrx_word' id='word_1_400' title='bbox 788 4456 1078 4512; x_wconf 80' lang='lat' dir='ltr'><strong>amentiam</strong></span> <span class='ocrx_word' id='word_1_401' title='bbox 1117 4454 1491 4509; x_wconf 69' lang='lat' dir='ltr'><strong>lia-reticentur</strong></span> <span class='ocrx_word' id='word_1_402' title='bbox 1519 4453 1535 4508; x_wconf 86' lang='lat'><strong>!</strong></span> <span class='ocrx_word' id='word_1_403' title='bbox 1576 4454 1715 4522; x_wconf 89' lang='lat' dir='ltr'><strong>quod</strong></span> <span class='ocrx_word' id='word_1_404' title='bbox 1742 4455 1853 4518; x_wconf 87' lang='lat' dir='ltr'><strong>jam</strong></span> <span class='ocrx_word' id='word_1_405' title='bbox 1879 4467 2061 4508; x_wconf 83' lang='lat' dir='ltr'><strong>natum</strong></span> <span class='ocrx_word' id='word_1_406' title='bbox 2086 4465 2169 4510; x_wconf 87' lang='lat' dir='ltr'><strong>est</strong></span> 
     </span>
    </p>
   </div>
   <div class='ocr_carea' id='block_1_47' title="bbox 588 4546 2164 4619">
    <p class='ocr_par' dir='ltr' id='par_1_47' title="bbox 588 4546 2164 4619">
     <span class='ocr_line' id='line_1_47' title="bbox 588 4546 2164 4619; baseline -0.001 -17"><span class='ocrx_word' id='word_1_407' title='bbox 588 4568 655 4604; x_wconf 73' lang='lat' dir='ltr'><strong>ex</strong></span> <span class='ocrx_word' id='word_1_408' title='bbox 680 4565 840 4619; x_wconf 81' lang='lat' dir='ltr'><strong>aqua,</strong></span> <span class='ocrx_word' id='word_1_409' title='bbox 866 4548 1007 4618; x_wconf 89' lang='lat' dir='ltr'><strong>quod</strong></span> <span class='ocrx_word' id='word_1_410' title='bbox 1040 4548 1294 4610; x_wconf 82' lang='lat' dir='ltr'><strong>nascitur,</strong></span> <span class='ocrx_word' id='word_1_411' title='bbox 1326 4546 1562 4616; x_wconf 79' lang='lat' dir='ltr'><strong>genitum</strong></span> <span class='ocrx_word' id='word_1_412' title='bbox 1594 4561 1775 4599; x_wconf 79' lang='lat' dir='ltr'><strong>verum</strong></span> <span class='ocrx_word' id='word_1_413' title='bbox 1801 4549 2164 4615; x_wconf 78' lang='lat' dir='ltr'><strong>conﬁtentur;</strong></span> 
     </span>
    </p>
   </div>
   <div class='ocr_carea' id='block_1_48' title="bbox 590 4635 2166 4707">
    <p class='ocr_par' dir='ltr' id='par_1_48' title="bbox 590 4635 2166 4707">
     <span class='ocr_line' id='line_1_48' title="bbox 590 4635 2166 4707; baseline 0.003 -18"><span class='ocrx_word' id='word_1_414' title='bbox 590 4644 730 4702; x_wconf 60' lang='lat' dir='ltr'><strong>quod</strong></span> <span class='ocrx_word' id='word_1_415' title='bbox 752 4650 929 4692; x_wconf 81' lang='lat' dir='ltr'><strong>autem</strong></span> <span class='ocrx_word' id='word_1_416' title='bbox 958 4638 1077 4707; x_wconf 86' lang='lat' dir='ltr'><strong>ejus</strong></span> <span class='ocrx_word' id='word_1_417' title='bbox 1095 4653 1291 4705; x_wconf 83' lang='lat' dir='ltr'><strong>corpus</strong></span> <span class='ocrx_word' id='word_1_418' title='bbox 1311 4636 1627 4699; x_wconf 75' lang='lat' dir='ltr'><strong>efﬁciamur,</strong></span> <span class='ocrx_word' id='word_1_419' title='bbox 1655 4635 1709 4689; x_wconf 91' lang='lat' dir='ltr'><strong>id</strong></span> <span class='ocrx_word' id='word_1_420' title='bbox 1730 4652 1835 4690; x_wconf 91' lang='lat' dir='ltr'><strong>non</strong></span> <span class='ocrx_word' id='word_1_421' title='bbox 1857 4637 2166 4705; x_wconf 83' lang='lat' dir='ltr'><strong>admittunt.</strong></span> 
     </span>
    </p>
   </div>
   <div class='ocr_carea' id='block_1_49' title="bbox 587 4726 2169 4802">
    <p class='ocr_par' dir='ltr' id='par_1_49' title="bbox 587 4726 2169 4802">
     <span class='ocr_line' id='line_1_49' title="bbox 587 4726 2169 4802; baseline -0.004 -14"><span class='ocrx_word' id='word_1_422' title='bbox 587 4729 643 4788; x_wconf 85' lang='lat' dir='ltr'><strong>Si</strong></span> <span class='ocrx_word' id='word_1_423' title='bbox 673 4745 803 4802; x_wconf 76' lang='lat' dir='ltr'><strong>ergo</strong></span> <span class='ocrx_word' id='word_1_424' title='bbox 832 4744 932 4785; x_wconf 89' lang='lat' dir='ltr'><strong>nos</strong></span> <span class='ocrx_word' id='word_1_425' title='bbox 961 4729 1029 4783; x_wconf 89' lang='lat' dir='ltr'><strong>ita</strong></span> <span class='ocrx_word' id='word_1_426' title='bbox 1053 4727 1222 4784; x_wconf 78' lang='lat' dir='ltr'><strong>factos</strong></span> <span class='ocrx_word' id='word_1_427' title='bbox 1245 4742 1367 4782; x_wconf 87' lang='lat' dir='ltr'><strong>esse</strong></span> <span class='ocrx_word' id='word_1_428' title='bbox 1389 4726 1609 4782; x_wconf 72' lang='lat' dir='ltr'><strong>minume</strong></span> <span class='ocrx_word' id='word_1_429' title='bbox 1629 4726 1871 4786; x_wconf 87' lang='lat' dir='ltr'><strong>credunt.</strong></span> <span class='ocrx_word' id='word_1_430' title='bbox 1900 4729 2169 4795; x_wconf 86' lang='lat' dir='ltr'><strong>quomodo</strong></span> 
     </span>
    </p>
   </div>
   <div class='ocr_carea' id='block_1_50' title="bbox 587 4816 2169 4890">
    <p class='ocr_par' dir='ltr' id='par_1_50' title="bbox 587 4816 2169 4890">
     <span class='ocr_line' id='line_1_50' title="bbox 587 4816 2169 4890; baseline 0.001 -15"><span class='ocrx_word' id='word_1_431' title='bbox 587 4839 754 4890; x_wconf 69' lang='lat' dir='ltr'><strong>ergo,</strong></span> <span class='ocrx_word' id='word_1_432' title='bbox 786 4823 870 4877; x_wconf 78' lang='lat' dir='ltr'><strong>Ea:</strong></span> <span class='ocrx_word' id='word_1_433' title='bbox 913 4838 1065 4876; x_wconf 80' lang='lat' dir='ltr'><strong>carne</strong></span> <span class='ocrx_word' id='word_1_434' title='bbox 1110 4821 1239 4886; x_wconf 80' lang='lat' dir='ltr'><strong>eius,</strong></span> <span class='ocrx_word' id='word_1_435' title='bbox 1268 4830 1314 4873; x_wconf 86' lang='lat' dir='ltr'><strong>et</strong></span> <span class='ocrx_word' id='word_1_436' title='bbox 1357 4816 1429 4873; x_wconf 53' lang='grc' dir='ltr'>εἰ</span> <span class='ocrx_word' id='word_1_437' title='bbox 1461 4817 1652 4873; x_wconf 78' lang='lat' dir='ltr'><strong>ossibus</strong></span> <span class='ocrx_word' id='word_1_438' title='bbox 1693 4820 1850 4888; x_wconf 76' lang='lat' dir='ltr'><strong>eius?</strong></span> <span class='ocrx_word' id='word_1_439' title='bbox 1885 4819 2012 4875; x_wconf 86' lang='lat' dir='ltr'><strong>Illud</strong></span> <span class='ocrx_word' id='word_1_440' title='bbox 2042 4837 2169 4877; x_wconf 83' lang='lat' dir='ltr'><strong>vero</strong></span> 
     </span>
    </p>
   </div>
   <div class='ocr_carea' id='block_1_51' title="bbox 582 4910 2167 4974">
    <p class='ocr_par' dir='ltr' id='par_1_51' title="bbox 582 4910 2167 4974">
     <span class='ocr_line' id='line_1_51' title="bbox 582 4910 2167 4974; baseline -0.003 -3"><span class='ocrx_word' id='word_1_441' title='bbox 582 4915 721 4973; x_wconf 78' lang='lat' dir='ltr'><strong>mihi</strong></span> <span class='ocrx_word' id='word_1_442' title='bbox 750 4913 1030 4971; x_wconf 77' lang='lat' dir='ltr'><strong>considera</strong></span> <span class='ocrx_word' id='word_1_443' title='bbox 1060 4932 1074 4968; x_wconf 87' lang='lat'><strong>:</strong></span> <span class='ocrx_word' id='word_1_444' title='bbox 1098 4912 1355 4966; x_wconf 79' lang='lat' dir='ltr'><strong>formatus</strong></span> <span class='ocrx_word' id='word_1_445' title='bbox 1388 4922 1474 4967; x_wconf 87' lang='lat' dir='ltr'><strong>est</strong></span> <span class='ocrx_word' id='word_1_446' title='bbox 1508 4910 1699 4974; x_wconf 78' lang='lat' dir='ltr'><strong>Adam,</strong></span> <span class='ocrx_word' id='word_1_447' title='bbox 1724 4922 1880 4966; x_wconf 82' lang='lat' dir='ltr'><strong>natus</strong></span> <span class='ocrx_word' id='word_1_448' title='bbox 1903 4923 1986 4966; x_wconf 82' lang='lat' dir='ltr'><strong>est</strong></span> <span class='ocrx_word' id='word_1_449' title='bbox 2010 4912 2167 4968; x_wconf 62' lang='lat' dir='ltr'><strong>Chrio</strong></span> 
     </span>
    </p>
   </div>
   <div class='ocr_carea' id='block_1_52' title="bbox 587 5005 2167 5074">
    <p class='ocr_par' dir='ltr' id='par_1_52' title="bbox 587 5005 2167 5074">
     <span class='ocr_line' id='line_1_52' title="bbox 587 5005 2167 5074; baseline 0.001 -15"><span class='ocrx_word' id='word_1_450' title='bbox 587 5020 737 5063; x_wconf 85' lang='lat' dir='ltr'><strong>stus:</strong></span> <span class='ocrx_word' id='word_1_451' title='bbox 763 5008 831 5063; x_wconf 89' lang='lat' dir='ltr'><strong>de</strong></span> <span class='ocrx_word' id='word_1_452' title='bbox 853 5007 1021 5061; x_wconf 89' lang='lat' dir='ltr'><strong>latere</strong></span> <span class='ocrx_word' id='word_1_453' title='bbox 1043 5006 1228 5059; x_wconf 79' lang='lat' dir='ltr'><strong>Adami</strong></span> <span class='ocrx_word' id='word_1_454' title='bbox 1253 5018 1468 5074; x_wconf 76' lang='lat' dir='ltr'><strong>egressa</strong></span> <span class='ocrx_word' id='word_1_455' title='bbox 1490 5012 1574 5058; x_wconf 88' lang='lat' dir='ltr'><strong>est</strong></span> <span class='ocrx_word' id='word_1_456' title='bbox 1595 5005 1889 5072; x_wconf 83' lang='lat' dir='ltr'><strong>corruptio,</strong></span> <span class='ocrx_word' id='word_1_457' title='bbox 1913 5006 1979 5059; x_wconf 89' lang='lat' dir='ltr'><strong>de</strong></span> <span class='ocrx_word' id='word_1_458' title='bbox 2001 5006 2167 5061; x_wconf 84' lang='lat' dir='ltr'><strong>latere</strong></span> 
     </span>
    </p>
   </div>
   <div class='ocr_carea' id='block_1_53' title="bbox 588 5095 2165 5165">
    <p class='ocr_par' dir='ltr' id='par_1_53' title="bbox 588 5095 2165 5165">
     <span class='ocr_line' id='line_1_53' title="bbox 588 5095 2165 5165; baseline -0.003 -8"><span class='ocrx_word' id='word_1_459' title='bbox 588 5099 786 5157; x_wconf 84' lang='lat' dir='ltr'><strong>Christi</strong></span> <span class='ocrx_word' id='word_1_460' title='bbox 831 5108 946 5153; x_wconf 84' lang='lat' dir='ltr'><strong>orta</strong></span> <span class='ocrx_word' id='word_1_461' title='bbox 975 5106 1061 5151; x_wconf 83' lang='lat' dir='ltr'><strong>est</strong></span> <span class='ocrx_word' id='word_1_462' title='bbox 1082 5097 1189 5151; x_wconf 87' lang='lat' dir='ltr'><strong>vita</strong></span> <span class='ocrx_word' id='word_1_463' title='bbox 1222 5115 1237 5147; x_wconf 88' lang='lat'><strong>:</strong></span> <span class='ocrx_word' id='word_1_464' title='bbox 1271 5096 1326 5151; x_wconf 84' lang='lat' dir='ltr'><strong>in</strong></span> <span class='ocrx_word' id='word_1_465' title='bbox 1371 5096 1619 5165; x_wconf 83' lang='lat' dir='ltr'><strong>paradiso</strong></span> <span class='ocrx_word' id='word_1_466' title='bbox 1654 5095 1973 5164; x_wconf 73' lang='lat' dir='ltr'><strong>germinavit</strong></span> <span class='ocrx_word' id='word_1_467' title='bbox 1999 5112 2165 5165; x_wconf 84' lang='lat' dir='ltr'><strong>mors,</strong></span> 
     </span>
    </p>
   </div>
   <div class='ocr_carea' id='block_1_54' title="bbox 595 5189 1372 5249">
    <p class='ocr_par' dir='ltr' id='par_1_54' title="bbox 595 5189 1372 5249">
     <span class='ocr_line' id='line_1_54' title="bbox 595 5189 1372 5249; baseline -0.01 0"><span class='ocrx_word' id='word_1_468' title='bbox 595 5195 650 5249; x_wconf 89' lang='lat' dir='ltr'><strong>in</strong></span> <span class='ocrx_word' id='word_1_469' title='bbox 676 5206 839 5247; x_wconf 83' lang='lat' dir='ltr'><strong>cruce</strong></span> <span class='ocrx_word' id='word_1_470' title='bbox 864 5189 1245 5246; x_wconf 75' lang='lat' dir='ltr'><strong>morssublata</strong></span> <span class='ocrx_word' id='word_1_471' title='bbox 1271 5196 1372 5242; x_wconf 82' lang='lat' dir='ltr'><strong>est.</strong></span> 
     </span>
    </p>
   </div>
   <div class='ocr_carea' id='block_1_55' title="bbox 663 5280 2167 5354">
    <p class='ocr_par' dir='ltr' id='par_1_55' title="bbox 663 5280 2167 5354">
     <span class='ocr_line' id='line_1_55' title="bbox 663 5280 2167 5354; baseline -0.001 -15"><span class='ocrx_word' id='word_1_472' title='bbox 663 5286 720 5339; x_wconf 70' lang='grc' dir='ltr'>ι.</span> <span class='ocrx_word' id='word_1_473' title='bbox 741 5281 876 5337; x_wconf 78' lang='lat' dir='ltr'><strong>Uuio</strong></span> <span class='ocrx_word' id='word_1_474' title='bbox 890 5282 1163 5352; x_wconf 74' lang='lat' dir='ltr'><strong>conjugsnu</strong></span> <span class='ocrx_word' id='word_1_475' title='bbox 1184 5282 1381 5334; x_wconf 73' lang='lat' dir='ltr'><strong>uuiouis</strong></span> <span class='ocrx_word' id='word_1_476' title='bbox 1409 5288 1594 5334; x_wconf 69' lang='lat' dir='ltr'><strong>nostra</strong></span> <span class='ocrx_word' id='word_1_477' title='bbox 1607 5296 1721 5334; x_wconf 74' lang='lat' dir='ltr'><strong>cum</strong></span> <span class='ocrx_word' id='word_1_478' title='bbox 1745 5280 1944 5336; x_wconf 81' lang='lat' dir='ltr'><strong>Christo</strong></span> <span class='ocrx_word' id='word_1_479' title='bbox 1960 5284 2167 5354; x_wconf 65' lang='lat' dir='ltr'><strong>symbo-</strong></span> 
     </span>
    </p>
   </div>
   <div class='ocr_carea' id='block_1_56' title="bbox 592 5370 2168 5442">
    <p class='ocr_par' dir='ltr' id='par_1_56' title="bbox 592 5370 2168 5442">
     <span class='ocr_line' id='line_1_56' title="bbox 592 5370 2168 5442; baseline -0.001 -13"><span class='ocrx_word' id='word_1_480' title='bbox 592 5378 719 5429; x_wconf 78' lang='lat' dir='ltr'><strong>lum.</strong></span> <span class='ocrx_word' id='word_1_481' title='bbox 751 5371 817 5428; x_wconf 84' lang='lat' dir='ltr'><strong>lu</strong></span> <span class='ocrx_word' id='word_1_482' title='bbox 852 5371 1269 5440; x_wconf 70' lang='lat' dir='ltr'><strong>uorquch</strong></span> <span class='ocrx_word' id='word_1_483' title='bbox 1294 5370 1415 5423; x_wconf 75' lang='lat' dir='ltr'><strong>vitia</strong></span> <span class='ocrx_word' id='word_1_484' title='bbox 1456 5371 1680 5442; x_wconf 70' lang='lat' dir='ltr'><strong>ferenda.</strong></span> <span class='ocrx_word' id='word_1_485' title='bbox 1705 5402 1778 5413; x_wconf 89' lang='lat'><strong>--</strong></span> <span class='ocrx_word' id='word_1_486' title='bbox 1806 5373 2168 5439; x_wconf 80' lang='lat' dir='ltr'><strong>Quemadmo-</strong></span> 
     </span>
    </p>
   </div>
   <div class='ocr_carea' id='block_1_57' title="bbox 593 5460 2166 5533">
    <p class='ocr_par' dir='ltr' id='par_1_57' title="bbox 593 5460 2166 5533">
     <span class='ocr_line' id='line_1_57' title="bbox 593 5460 2166 5533; baseline 0.003 -16"><span class='ocrx_word' id='word_1_487' title='bbox 593 5469 735 5519; x_wconf 78' lang='lat' dir='ltr'><strong>dum</strong></span> <span class='ocrx_word' id='word_1_488' title='bbox 753 5478 883 5533; x_wconf 76' lang='lat' dir='ltr'><strong>ergo</strong></span> <span class='ocrx_word' id='word_1_489' title='bbox 913 5462 1006 5517; x_wconf 80' lang='lat' dir='ltr'><strong>Dei</strong></span> <span class='ocrx_word' id='word_1_490' title='bbox 1037 5460 1202 5517; x_wconf 72' lang='lat' dir='ltr'><strong>Filius</strong></span> <span class='ocrx_word' id='word_1_491' title='bbox 1240 5473 1445 5517; x_wconf 71' lang='lat' dir='ltr'><strong>natum:</strong></span> <span class='ocrx_word' id='word_1_492' title='bbox 1474 5472 1673 5517; x_wconf 55' lang='lat' dir='ltr'><strong>nostra</strong></span> <span class='ocrx_word' id='word_1_493' title='bbox 1724 5465 1895 5521; x_wconf 76' lang='lat' dir='ltr'><strong>factus</strong></span> <span class='ocrx_word' id='word_1_494' title='bbox 1930 5477 2051 5529; x_wconf 91' lang='lat' dir='ltr'><strong>est.</strong></span> <span class='ocrx_word' id='word_1_495' title='bbox 2095 5469 2166 5523; x_wconf 87' lang='lat' dir='ltr'><strong>ita</strong></span> 
     </span>
    </p>
   </div>
   <div class='ocr_carea' id='block_1_58' title="bbox 597 5553 2167 5626">
    <p class='ocr_par' dir='ltr' id='par_1_58' title="bbox 597 5553 2167 5626">
     <span class='ocr_line' id='line_1_58' title="bbox 597 5553 2167 5626; baseline 0.002 -16"><span class='ocrx_word' id='word_1_496' title='bbox 597 5572 696 5610; x_wconf 83' lang='lat' dir='ltr'><strong>nos</strong></span> <span class='ocrx_word' id='word_1_497' title='bbox 722 5554 837 5624; x_wconf 83' lang='lat' dir='ltr'><strong>ejus</strong></span> <span class='ocrx_word' id='word_1_498' title='bbox 863 5553 1209 5618; x_wconf 70' lang='lat' dir='ltr'><strong>substantiae;</strong></span> <span class='ocrx_word' id='word_1_499' title='bbox 1232 5561 1289 5608; x_wconf 89' lang='lat' dir='ltr'><strong>et</strong></span> <span class='ocrx_word' id='word_1_500' title='bbox 1312 5557 1451 5607; x_wconf 82' lang='lat' dir='ltr'><strong>sicut</strong></span> <span class='ocrx_word' id='word_1_501' title='bbox 1469 5553 1559 5607; x_wconf 83' lang='lat' dir='ltr'><strong>ille</strong></span> <span class='ocrx_word' id='word_1_502' title='bbox 1582 5569 1682 5608; x_wconf 87' lang='lat' dir='ltr'><strong>nos</strong></span> <span class='ocrx_word' id='word_1_503' title='bbox 1709 5555 1760 5608; x_wconf 90' lang='lat' dir='ltr'><strong>in</strong></span> <span class='ocrx_word' id='word_1_504' title='bbox 1781 5557 1959 5626; x_wconf 88' lang='lat' dir='ltr'><strong>seipso</strong></span> <span class='ocrx_word' id='word_1_505' title='bbox 1987 5559 2167 5625; x_wconf 85' lang='lat' dir='ltr'><strong>habet,</strong></span> 
     </span>
    </p>
   </div>
   <div class='ocr_carea' id='block_1_59' title="bbox 596 5643 2170 5718">
    <p class='ocr_par' dir='ltr' id='par_1_59' title="bbox 596 5643 2170 5718">
     <span class='ocr_line' id='line_1_59' title="bbox 596 5643 2170 5718; baseline 0 -15"><span class='ocrx_word' id='word_1_506' title='bbox 596 5648 666 5703; x_wconf 86' lang='lat' dir='ltr'><strong>ita</strong></span> <span class='ocrx_word' id='word_1_507' title='bbox 705 5655 759 5701; x_wconf 88' lang='lat' dir='ltr'><strong>et</strong></span> <span class='ocrx_word' id='word_1_508' title='bbox 783 5660 907 5702; x_wconf 87' lang='lat' dir='ltr'><strong>eum</strong></span> <span class='ocrx_word' id='word_1_509' title='bbox 946 5659 1045 5700; x_wconf 88' lang='lat' dir='ltr'><strong>nos</strong></span> <span class='ocrx_word' id='word_1_510' title='bbox 1092 5643 1352 5700; x_wconf 79' lang='lat' dir='ltr'><strong>habemus</strong></span> <span class='ocrx_word' id='word_1_511' title='bbox 1384 5644 1439 5700; x_wconf 92' lang='lat' dir='ltr'><strong>in</strong></span> <span class='ocrx_word' id='word_1_512' title='bbox 1490 5645 1664 5701; x_wconf 86' lang='lat' dir='ltr'><strong>nobis.</strong></span> <span class='ocrx_word' id='word_1_513' title='bbox 1692 5646 1782 5702; x_wconf 78' lang='lat' dir='ltr'><strong>3i.</strong></span> <span class='ocrx_word' id='word_1_514' title='bbox 1819 5646 2035 5718; x_wconf 78' lang='lat' dir='ltr'><strong>Propter</strong></span> <span class='ocrx_word' id='word_1_515' title='bbox 2077 5649 2170 5703; x_wconf 70' lang='lat' dir='ltr'><strong>hoc</strong></span> 
     </span>
    </p>
   </div>
   <div class='ocr_carea' id='block_1_60' title="bbox 593 5738 2171 5813">
    <p class='ocr_par' dir='ltr' id='par_1_60' title="bbox 593 5738 2171 5813">
     <span class='ocr_line' id='line_1_60' title="bbox 593 5738 2171 5813; baseline 0.001 -15"><span class='ocrx_word' id='word_1_516' title='bbox 593 5740 835 5813; x_wconf 73' lang='lat' dir='ltr'><strong>relinquet</strong></span> <span class='ocrx_word' id='word_1_517' title='bbox 864 5738 1013 5795; x_wconf 71' lang='lat' dir='ltr'><strong>homo</strong></span> <span class='ocrx_word' id='word_1_518' title='bbox 1030 5747 1232 5810; x_wconf 70' lang='lat' dir='ltr'><strong>patrm</strong></span> <span class='ocrx_word' id='word_1_519' title='bbox 1270 5747 1317 5793; x_wconf 87' lang='lat' dir='ltr'><strong>et</strong></span> <span class='ocrx_word' id='word_1_520' title='bbox 1356 5747 1565 5795; x_wconf 68' lang='grc' dir='ltr'>ιιωσειιι</span> <span class='ocrx_word' id='word_1_521' title='bbox 1589 5755 1738 5797; x_wconf 73' lang='lat' dir='ltr'><strong>suam</strong></span> <span class='ocrx_word' id='word_1_522' title='bbox 1757 5781 1773 5811; x_wconf 90' lang='lat'><strong>,</strong></span> <span class='ocrx_word' id='word_1_523' title='bbox 1807 5750 1856 5798; x_wconf 81' lang='lat' dir='ltr'><strong>ct</strong></span> <span class='ocrx_word' id='word_1_524' title='bbox 1895 5742 2171 5799; x_wconf 58' lang='lat' dir='ltr'><strong>adhaesit</strong></span> 
     </span>
    </p>
   </div>
   <div class='ocr_carea' id='block_1_61' title="bbox 1377 313 3165 381">
    <p class='ocr_par' dir='ltr' id='par_1_61' title="bbox 1377 313 3165 381">
     <span class='ocr_line' id='line_1_61' title="bbox 1377 313 3165 381; baseline -0.001 -8"><span class='ocrx_word' id='word_1_525' title='bbox 1377 317 1433 373; x_wconf 87' lang='lat' dir='ltr'><strong>S.</strong></span> <span class='ocrx_word' id='word_1_526' title='bbox 1464 315 1736 381; x_wconf 39' lang='lat' dir='ltr'><strong>1013le</strong></span> <span class='ocrx_word' id='word_1_527' title='bbox 1772 313 2244 370; x_wconf 69' lang='lat' dir='ltr'><strong>ClillYSUSTUMI</strong></span> <span class='ocrx_word' id='word_1_528' title='bbox 2285 315 2599 372; x_wconf 76' lang='lat' dir='ltr'><strong>ARCIHEP.</strong></span> <span class='ocrx_word' id='word_1_529' title='bbox 2638 316 3165 377; x_wconf 62' lang='lat' dir='ltr'><strong>CONSTANTlNOP.</strong></span> 
     </span>
    </p>
   </div>
   <div class='ocr_carea' id='block_1_62' title="bbox 3774 319 3865 376">
    <p class='ocr_par' dir='ltr' id='par_1_62' title="bbox 3774 319 3865 376">
     <span class='ocr_line' id='line_1_62' title="bbox 3774 319 3865 376; baseline -0.011 0"><span class='ocrx_word' id='word_1_530' title='bbox 3774 319 3865 376; x_wconf 71' lang='lat' dir='ltr'><strong>HO</strong></span> 
     </span>
    </p>
   </div>
   <div class='ocr_carea' id='block_1_63' title="bbox 2299 431 3875 495">
    <p class='ocr_par' dir='ltr' id='par_1_63' title="bbox 2299 431 3875 495">
     <span class='ocr_line' id='line_1_63' title="bbox 2299 431 3875 495; baseline 0.006 -15"><span class='ocrx_word' id='word_1_531' title='bbox 2299 431 2445 482; x_wconf 68' lang='lat' dir='ltr'><strong>uxori</strong></span> <span class='ocrx_word' id='word_1_532' title='bbox 2469 446 2614 495; x_wconf 69' lang='lat' dir='ltr'><strong>sate,</strong></span> <span class='ocrx_word' id='word_1_533' title='bbox 2660 444 2707 485; x_wconf 85' lang='lat' dir='ltr'><strong>et</strong></span> <span class='ocrx_word' id='word_1_534' title='bbox 2733 442 2879 484; x_wconf 81' lang='lat' dir='ltr'><strong>erant</strong></span> <span class='ocrx_word' id='word_1_535' title='bbox 2905 434 3008 486; x_wconf 84' lang='lat' dir='ltr'><strong>duo</strong></span> <span class='ocrx_word' id='word_1_536' title='bbox 3047 434 3099 486; x_wconf 85' lang='lat' dir='ltr'><strong>in</strong></span> <span class='ocrx_word' id='word_1_537' title='bbox 3134 449 3289 486; x_wconf 83' lang='lat' dir='ltr'><strong>carne</strong></span> <span class='ocrx_word' id='word_1_538' title='bbox 3330 448 3452 487; x_wconf 75' lang='lat' dir='ltr'><strong>una.</strong></span> <span class='ocrx_word' id='word_1_539' title='bbox 3497 431 3637 488; x_wconf 76' lang='lat' dir='ltr'><strong>Ecce</strong></span> <span class='ocrx_word' id='word_1_540' title='bbox 3664 434 3875 489; x_wconf 80' lang='lat' dir='ltr'><strong>tertiam</strong></span> 
     </span>
    </p>
   </div>
   <div class='ocr_carea' id='block_1_64' title="bbox 2295 522 3863 593">
    <p class='ocr_par' dir='ltr' id='par_1_64' title="bbox 2295 522 3863 593">
     <span class='ocr_line' id='line_1_64' title="bbox 2295 522 3863 593; baseline 0.005 -21"><span class='ocrx_word' id='word_1_541' title='bbox 2295 532 2512 573; x_wconf 86' lang='lat' dir='ltr'><strong>causam</strong></span> <span class='ocrx_word' id='word_1_542' title='bbox 2542 538 2557 574; x_wconf 88' lang='lat'><strong>:</strong></span> <span class='ocrx_word' id='word_1_543' title='bbox 2594 522 2828 576; x_wconf 90' lang='lat' dir='ltr'><strong>ostendit</strong></span> <span class='ocrx_word' id='word_1_544' title='bbox 2854 522 2997 576; x_wconf 88' lang='lat' dir='ltr'><strong>enim</strong></span> <span class='ocrx_word' id='word_1_545' title='bbox 3017 563 3033 587; x_wconf 86' lang='lat'><strong>,</strong></span> <span class='ocrx_word' id='word_1_546' title='bbox 3061 522 3202 590; x_wconf 90' lang='lat' dir='ltr'><strong>quod</strong></span> <span class='ocrx_word' id='word_1_547' title='bbox 3225 523 3400 593; x_wconf 83' lang='lat' dir='ltr'><strong>quivis</strong></span> <span class='ocrx_word' id='word_1_548' title='bbox 3450 523 3649 578; x_wconf 87' lang='lat' dir='ltr'><strong>relictis</strong></span> <span class='ocrx_word' id='word_1_549' title='bbox 3674 539 3863 593; x_wconf 85' lang='lat' dir='ltr'><strong>parcn-</strong></span> 
     </span>
    </p>
   </div>
   <div class='ocr_carea' id='block_1_65' title="bbox 2298 608 3865 684">
    <p class='ocr_par' dir='ltr' id='par_1_65' title="bbox 2298 608 3865 684">
     <span class='ocr_line' id='line_1_65' title="bbox 2298 608 3865 684; baseline 0.005 -22"><span class='ocrx_word' id='word_1_550' title='bbox 2298 608 2439 663; x_wconf 82' lang='lat' dir='ltr'><strong>tibus</strong></span> <span class='ocrx_word' id='word_1_551' title='bbox 2462 625 2525 664; x_wconf 81' lang='lat' dir='ltr'><strong>es</strong></span> <span class='ocrx_word' id='word_1_552' title='bbox 2549 611 2740 680; x_wconf 83' lang='lat' dir='ltr'><strong>quibus</strong></span> <span class='ocrx_word' id='word_1_553' title='bbox 2760 621 2843 667; x_wconf 89' lang='lat' dir='ltr'><strong>est</strong></span> <span class='ocrx_word' id='word_1_554' title='bbox 2870 622 3045 676; x_wconf 87' lang='lat' dir='ltr'><strong>natus,</strong></span> <span class='ocrx_word' id='word_1_555' title='bbox 3073 628 3193 668; x_wconf 88' lang='lat' dir='ltr'><strong>cum</strong></span> <span class='ocrx_word' id='word_1_556' title='bbox 3216 614 3304 667; x_wconf 88' lang='lat' dir='ltr'><strong>illa</strong></span> <span class='ocrx_word' id='word_1_557' title='bbox 3332 614 3703 684; x_wconf 72' lang='lat' dir='ltr'><strong>ennjuogitnr;</strong></span> <span class='ocrx_word' id='word_1_558' title='bbox 3728 614 3865 670; x_wconf 85' lang='lat' dir='ltr'><strong>etde</strong></span> 
     </span>
    </p>
   </div>
   <div class='ocr_carea' id='block_1_66' title="bbox 2296 704 3865 775">
    <p class='ocr_par' dir='ltr' id='par_1_66' title="bbox 2296 704 3865 775">
     <span class='ocr_line' id='line_1_66' title="bbox 2296 704 3865 775; baseline 0.005 -23"><span class='ocrx_word' id='word_1_559' title='bbox 2296 709 2490 754; x_wconf 66' lang='lat' dir='ltr'><strong>caetero</strong></span> <span class='ocrx_word' id='word_1_560' title='bbox 2516 716 2642 755; x_wconf 85' lang='lat' dir='ltr'><strong>caro</strong></span> <span class='ocrx_word' id='word_1_561' title='bbox 2664 713 2748 757; x_wconf 89' lang='lat' dir='ltr'><strong>est</strong></span> <span class='ocrx_word' id='word_1_562' title='bbox 2777 712 2928 772; x_wconf 85' lang='lat' dir='ltr'><strong>pater</strong></span> <span class='ocrx_word' id='word_1_563' title='bbox 2961 713 3015 756; x_wconf 90' lang='lat' dir='ltr'><strong>et</strong></span> <span class='ocrx_word' id='word_1_564' title='bbox 3054 712 3224 758; x_wconf 85' lang='lat' dir='ltr'><strong>mater</strong></span> <span class='ocrx_word' id='word_1_565' title='bbox 3251 713 3305 759; x_wconf 90' lang='lat' dir='ltr'><strong>et</strong></span> <span class='ocrx_word' id='word_1_566' title='bbox 3332 704 3471 757; x_wconf 77' lang='lat' dir='ltr'><strong>[ilius</strong></span> <span class='ocrx_word' id='word_1_567' title='bbox 3498 721 3565 759; x_wconf 81' lang='lat' dir='ltr'><strong>ex</strong></span> <span class='ocrx_word' id='word_1_568' title='bbox 3597 705 3865 775; x_wconf 83' lang='lat' dir='ltr'><strong>utriusque</strong></span> 
     </span>
    </p>
   </div>
   <div class='ocr_carea' id='block_1_67' title="bbox 2296 790 3860 850">
    <p class='ocr_par' dir='ltr' id='par_1_67' title="bbox 2296 790 3860 850">
     <span class='ocr_line' id='line_1_67' title="bbox 2296 790 3860 850; baseline 0.005 -8"><span class='ocrx_word' id='word_1_569' title='bbox 2296 790 2437 842; x_wconf 85' lang='lat' dir='ltr'><strong>coitu</strong></span> <span class='ocrx_word' id='word_1_570' title='bbox 2465 808 2478 841; x_wconf 86' lang='lat'><em>:</em></span> <span class='ocrx_word' id='word_1_571' title='bbox 2511 793 2711 846; x_wconf 88' lang='lat' dir='ltr'><strong>ctenim</strong></span> <span class='ocrx_word' id='word_1_572' title='bbox 2748 794 2928 847; x_wconf 80' lang='lat' dir='ltr'><strong>mixtis</strong></span> <span class='ocrx_word' id='word_1_573' title='bbox 2964 793 3258 848; x_wconf 85' lang='lat' dir='ltr'><strong>seminibus</strong></span> <span class='ocrx_word' id='word_1_574' title='bbox 3288 796 3529 849; x_wconf 84' lang='lat' dir='ltr'><strong>nascitur</strong></span> <span class='ocrx_word' id='word_1_575' title='bbox 3551 796 3693 850; x_wconf 83' lang='lat' dir='ltr'><strong>[ilius</strong></span> <span class='ocrx_word' id='word_1_576' title='bbox 3720 813 3736 849; x_wconf 92' lang='lat'><strong>:</strong></span> <span class='ocrx_word' id='word_1_577' title='bbox 3765 796 3860 850; x_wconf 83' lang='lat' dir='ltr'><strong>ita-</strong></span> 
     </span>
    </p>
   </div>
   <div class='ocr_carea' id='block_1_68' title="bbox 2294 883 3862 955">
    <p class='ocr_par' dir='ltr' id='par_1_68' title="bbox 2294 883 3862 955">
     <span class='ocr_line' id='line_1_68' title="bbox 2294 883 3862 955; baseline 0.007 -25"><span class='ocrx_word' id='word_1_578' title='bbox 2294 893 2397 946; x_wconf 87' lang='lat' dir='ltr'><strong>que</strong></span> <span class='ocrx_word' id='word_1_579' title='bbox 2423 888 2532 934; x_wconf 85' lang='lat' dir='ltr'><strong>tres</strong></span> <span class='ocrx_word' id='word_1_580' title='bbox 2555 893 2678 935; x_wconf 88' lang='lat' dir='ltr'><strong>sunt</strong></span> <span class='ocrx_word' id='word_1_581' title='bbox 2706 898 2808 938; x_wconf 85' lang='lat' dir='ltr'><strong>una</strong></span> <span class='ocrx_word' id='word_1_582' title='bbox 2830 899 2976 939; x_wconf 89' lang='lat' dir='ltr'><strong>caro.</strong></span> <span class='ocrx_word' id='word_1_583' title='bbox 3002 883 3090 939; x_wconf 82' lang='lat' dir='ltr'><strong>Sic</strong></span> <span class='ocrx_word' id='word_1_584' title='bbox 3110 900 3241 955; x_wconf 76' lang='lat' dir='ltr'><strong>ergo</strong></span> <span class='ocrx_word' id='word_1_585' title='bbox 3263 901 3360 940; x_wconf 79' lang='lat' dir='ltr'><strong>tios</strong></span> <span class='ocrx_word' id='word_1_586' title='bbox 3386 901 3506 939; x_wconf 89' lang='lat' dir='ltr'><strong>cum</strong></span> <span class='ocrx_word' id='word_1_587' title='bbox 3528 886 3744 940; x_wconf 85' lang='lat' dir='ltr'><strong>Christo</strong></span> <span class='ocrx_word' id='word_1_588' title='bbox 3765 902 3862 941; x_wconf 86' lang='lat' dir='ltr'><strong>una</strong></span> 
     </span>
    </p>
   </div>
   <div class='ocr_carea' id='block_1_69' title="bbox 2258 974 3862 1048">
    <p class='ocr_par' dir='ltr' id='par_1_69' title="bbox 2258 974 3862 1048">
     <span class='ocr_line' id='line_1_69' title="bbox 2258 974 3862 1048; baseline 0.005 -23"><span class='ocrx_word' id='word_1_589' title='bbox 2258 976 2267 985; x_wconf 84' lang='lat'><strong>&#39;</strong></span> <span class='ocrx_word' id='word_1_590' title='bbox 2292 985 2420 1026; x_wconf 89' lang='lat' dir='ltr'><strong>caro</strong></span> <span class='ocrx_word' id='word_1_591' title='bbox 2446 974 2713 1029; x_wconf 86' lang='lat' dir='ltr'><strong>elticimur</strong></span> <span class='ocrx_word' id='word_1_592' title='bbox 2742 991 2836 1044; x_wconf 87' lang='lat' dir='ltr'><strong>per</strong></span> <span class='ocrx_word' id='word_1_593' title='bbox 2865 978 3357 1047; x_wconf 76' lang='lat' dir='ltr'><strong>participationem;</strong></span> <span class='ocrx_word' id='word_1_594' title='bbox 3389 988 3445 1033; x_wconf 88' lang='lat' dir='ltr'><strong>et</strong></span> <span class='ocrx_word' id='word_1_595' title='bbox 3475 979 3645 1033; x_wconf 88' lang='lat' dir='ltr'><strong>multo</strong></span> <span class='ocrx_word' id='word_1_596' title='bbox 3699 980 3862 1048; x_wconf 78' lang='lat' dir='ltr'><strong>magis</strong></span> 
     </span>
    </p>
   </div>
   <div class='ocr_carea' id='block_1_70' title="bbox 2294 1068 3862 1137">
    <p class='ocr_par' dir='ltr' id='par_1_70' title="bbox 2294 1068 3862 1137">
     <span class='ocr_line' id='line_1_70' title="bbox 2294 1068 3862 1137; baseline 0.004 -21"><span class='ocrx_word' id='word_1_597' title='bbox 2294 1078 2425 1129; x_wconf 88' lang='lat' dir='ltr'><strong>nos,</strong></span> <span class='ocrx_word' id='word_1_598' title='bbox 2457 1081 2615 1135; x_wconf 89' lang='lat' dir='ltr'><strong>quam</strong></span> <span class='ocrx_word' id='word_1_599' title='bbox 2648 1083 2780 1136; x_wconf 85' lang='lat' dir='ltr'><strong>puer</strong></span> <span class='ocrx_word' id='word_1_600' title='bbox 2806 1078 2982 1123; x_wconf 85' lang='lat' dir='ltr'><strong>natus.</strong></span> <span class='ocrx_word' id='word_1_601' title='bbox 3011 1068 3225 1137; x_wconf 85' lang='lat' dir='ltr'><strong>Quare?</strong></span> <span class='ocrx_word' id='word_1_602' title='bbox 3252 1069 3515 1137; x_wconf 81' lang='lat' dir='ltr'><strong>Quoniam</strong></span> <span class='ocrx_word' id='word_1_603' title='bbox 3556 1074 3635 1125; x_wconf 82' lang='lat' dir='ltr'><strong>sic</strong></span> <span class='ocrx_word' id='word_1_604' title='bbox 3665 1069 3763 1124; x_wconf 80' lang='lat' dir='ltr'><strong>fuit</strong></span> <span class='ocrx_word' id='word_1_605' title='bbox 3798 1070 3862 1123; x_wconf 82' lang='lat' dir='ltr'><strong>ab</strong></span> 
     </span>
    </p>
   </div>
   <div class='ocr_carea' id='block_1_71' title="bbox 2293 1154 3862 1216">
    <p class='ocr_par' dir='ltr' id='par_1_71' title="bbox 2293 1154 3862 1216">
     <span class='ocr_line' id='line_1_71' title="bbox 2293 1154 3862 1216; baseline 0.005 -9"><span class='ocrx_word' id='word_1_606' title='bbox 2293 1154 2467 1210; x_wconf 91' lang='lat' dir='ltr'><strong>initio.</strong></span> <span class='ocrx_word' id='word_1_607' title='bbox 2496 1155 2573 1211; x_wconf 86' lang='lat' dir='ltr'><strong>Ne</strong></span> <span class='ocrx_word' id='word_1_608' title='bbox 2601 1158 2729 1211; x_wconf 89' lang='lat' dir='ltr'><strong>mihi</strong></span> <span class='ocrx_word' id='word_1_609' title='bbox 2755 1159 2904 1213; x_wconf 84' lang='lat' dir='ltr'><strong>dicas</strong></span> <span class='ocrx_word' id='word_1_610' title='bbox 2945 1174 3066 1214; x_wconf 84' lang='lat' dir='ltr'><strong>eam</strong></span> <span class='ocrx_word' id='word_1_611' title='bbox 3109 1174 3228 1215; x_wconf 87' lang='lat' dir='ltr'><strong>esse</strong></span> <span class='ocrx_word' id='word_1_612' title='bbox 3257 1161 3414 1215; x_wconf 85' lang='lat' dir='ltr'><strong>talem</strong></span> <span class='ocrx_word' id='word_1_613' title='bbox 3443 1171 3498 1214; x_wconf 89' lang='lat' dir='ltr'><strong>et</strong></span> <span class='ocrx_word' id='word_1_614' title='bbox 3525 1163 3702 1216; x_wconf 85' lang='lat' dir='ltr'><strong>talem.</strong></span> <span class='ocrx_word' id='word_1_615' title='bbox 3749 1160 3862 1215; x_wconf 70' lang='lat' dir='ltr'><strong>Non</strong></span> 
     </span>
    </p>
   </div>
   <div class='ocr_carea' id='block_1_72' title="bbox 2290 1248 3861 1319">
    <p class='ocr_par' dir='ltr' id='par_1_72' title="bbox 2290 1248 3861 1319">
     <span class='ocr_line' id='line_1_72' title="bbox 2290 1248 3861 1319; baseline 0.006 -21"><span class='ocrx_word' id='word_1_616' title='bbox 2290 1248 2439 1303; x_wconf 84' lang='lat' dir='ltr'><strong>vides</strong></span> <span class='ocrx_word' id='word_1_617' title='bbox 2467 1250 2794 1319; x_wconf 84' lang='lat' dir='ltr'><strong>quodetiam</strong></span> <span class='ocrx_word' id='word_1_618' title='bbox 2825 1252 2875 1306; x_wconf 91' lang='lat' dir='ltr'><strong>in</strong></span> <span class='ocrx_word' id='word_1_619' title='bbox 2898 1268 3061 1308; x_wconf 88' lang='lat' dir='ltr'><strong>carne</strong></span> <span class='ocrx_word' id='word_1_620' title='bbox 3082 1254 3279 1307; x_wconf 88' lang='lat' dir='ltr'><strong>nmltos</strong></span> <span class='ocrx_word' id='word_1_621' title='bbox 3304 1254 3559 1308; x_wconf 78' lang='lat' dir='ltr'><strong>habemus</strong></span> <span class='ocrx_word' id='word_1_622' title='bbox 3580 1253 3861 1309; x_wconf 77' lang='lat' dir='ltr'><strong>defectus?</strong></span> 
     </span>
    </p>
   </div>
   <div class='ocr_carea' id='block_1_73' title="bbox 2291 1336 3857 1414">
    <p class='ocr_par' dir='ltr' id='par_1_73' title="bbox 2291 1336 3857 1414">
     <span class='ocr_line' id='line_1_73' title="bbox 2291 1336 3857 1414; baseline 0.004 -21"><span class='ocrx_word' id='word_1_623' title='bbox 2291 1340 2378 1395; x_wconf 92' lang='lat' dir='ltr'><strong>hic</strong></span> <span class='ocrx_word' id='word_1_624' title='bbox 2404 1336 2553 1395; x_wconf 85' lang='lat' dir='ltr'><strong>enim</strong></span> <span class='ocrx_word' id='word_1_625' title='bbox 2577 1353 2659 1397; x_wconf 89' lang='lat' dir='ltr'><strong>est</strong></span> <span class='ocrx_word' id='word_1_626' title='bbox 2684 1345 2925 1410; x_wconf 85' lang='lat' dir='ltr'><strong>claudus,</strong></span> <span class='ocrx_word' id='word_1_627' title='bbox 2955 1345 3044 1398; x_wconf 87' lang='lat' dir='ltr'><strong>ille</strong></span> <span class='ocrx_word' id='word_1_628' title='bbox 3072 1359 3199 1399; x_wconf 86' lang='lat' dir='ltr'><strong>vero</strong></span> <span class='ocrx_word' id='word_1_629' title='bbox 3224 1345 3461 1400; x_wconf 80' lang='lat' dir='ltr'><strong>detortos</strong></span> <span class='ocrx_word' id='word_1_630' title='bbox 3488 1346 3648 1399; x_wconf 82' lang='lat' dir='ltr'><strong>habet</strong></span> <span class='ocrx_word' id='word_1_631' title='bbox 3677 1344 3857 1414; x_wconf 81' lang='lat' dir='ltr'><strong>pedes,</strong></span> 
     </span>
    </p>
   </div>
   <div class='ocr_carea' id='block_1_74' title="bbox 2286 1432 3858 1503">
    <p class='ocr_par' dir='ltr' id='par_1_74' title="bbox 2286 1432 3858 1503">
     <span class='ocr_line' id='line_1_74' title="bbox 2286 1432 3858 1503; baseline 0.004 -21"><span class='ocrx_word' id='word_1_632' title='bbox 2286 1432 2425 1484; x_wconf 88' lang='lat' dir='ltr'><strong>alius</strong></span> <span class='ocrx_word' id='word_1_633' title='bbox 2470 1448 2661 1488; x_wconf 91' lang='lat' dir='ltr'><strong>manus</strong></span> <span class='ocrx_word' id='word_1_634' title='bbox 2698 1434 2876 1490; x_wconf 88' lang='lat' dir='ltr'><strong>aridas</strong></span> <span class='ocrx_word' id='word_1_635' title='bbox 2898 1476 2914 1502; x_wconf 95' lang='lat'><strong>,</strong></span> <span class='ocrx_word' id='word_1_636' title='bbox 2951 1435 3089 1489; x_wconf 83' lang='lat' dir='ltr'><strong>alius</strong></span> <span class='ocrx_word' id='word_1_637' title='bbox 3127 1435 3341 1503; x_wconf 85' lang='lat' dir='ltr'><strong>aliquod</strong></span> <span class='ocrx_word' id='word_1_638' title='bbox 3369 1434 3514 1489; x_wconf 82' lang='lat' dir='ltr'><strong>aliud</strong></span> <span class='ocrx_word' id='word_1_639' title='bbox 3564 1435 3858 1490; x_wconf 81' lang='lat' dir='ltr'><strong>membrum</strong></span> 
     </span>
    </p>
   </div>
   <div class='ocr_carea' id='block_1_75' title="bbox 2288 1521 3859 1597">
    <p class='ocr_par' dir='ltr' id='par_1_75' title="bbox 2288 1521 3859 1597">
     <span class='ocr_line' id='line_1_75' title="bbox 2288 1521 3859 1597; baseline 0.006 -23"><span class='ocrx_word' id='word_1_640' title='bbox 2288 1521 2558 1577; x_wconf 79' lang='lat' dir='ltr'><strong>inﬁrmum</strong></span> <span class='ocrx_word' id='word_1_641' title='bbox 2597 1534 2651 1578; x_wconf 89' lang='grc' dir='ltr'><strong>ει</strong></span> <span class='ocrx_word' id='word_1_642' title='bbox 2681 1525 2974 1581; x_wconf 88' lang='lat' dir='ltr'><strong>invalidum</strong></span> <span class='ocrx_word' id='word_1_643' title='bbox 3006 1544 3021 1581; x_wconf 90' lang='lat'><strong>:</strong></span> <span class='ocrx_word' id='word_1_644' title='bbox 3053 1542 3229 1595; x_wconf 86' lang='lat' dir='ltr'><strong>neque</strong></span> <span class='ocrx_word' id='word_1_645' title='bbox 3256 1536 3437 1581; x_wconf 87' lang='lat' dir='ltr'><strong>tamen</strong></span> <span class='ocrx_word' id='word_1_646' title='bbox 3464 1526 3642 1592; x_wconf 84' lang='lat' dir='ltr'><strong>dolet,</strong></span> <span class='ocrx_word' id='word_1_647' title='bbox 3692 1543 3859 1597; x_wconf 80' lang='lat' dir='ltr'><strong>neque</strong></span> 
     </span>
    </p>
   </div>
   <div class='ocr_carea' id='block_1_76' title="bbox 2287 1602 3859 1689">
    <p class='ocr_par' dir='ltr' id='par_1_76' title="bbox 2287 1602 3859 1689">
     <span class='ocr_line' id='line_1_76' title="bbox 2287 1602 3859 1689; baseline 0.005 -24"><span class='ocrx_word' id='word_1_648' title='bbox 2287 1611 2340 1666; x_wconf 89' lang='lat' dir='ltr'><strong>id</strong></span> <span class='ocrx_word' id='word_1_649' title='bbox 2364 1613 2661 1679; x_wconf 78' lang='lat' dir='ltr'><strong>cxscindit,</strong></span> <span class='ocrx_word' id='word_1_650' title='bbox 2688 1617 2784 1671; x_wconf 86' lang='lat' dir='ltr'><strong>sed</strong></span> <span class='ocrx_word' id='word_1_651' title='bbox 2810 1628 2866 1672; x_wconf 91' lang='lat' dir='ltr'><strong>et</strong></span> <span class='ocrx_word' id='word_1_652' title='bbox 2894 1618 3068 1687; x_wconf 87' lang='lat' dir='ltr'><strong>ipsum</strong></span> <span class='ocrx_word' id='word_1_653' title='bbox 3098 1602 3244 1689; x_wconf 70' lang='lat' dir='ltr'><strong>stepe</strong></span> <span class='ocrx_word' id='word_1_654' title='bbox 3272 1618 3486 1688; x_wconf 67' lang='lat' dir='ltr'><strong>praefert</strong></span> <span class='ocrx_word' id='word_1_655' title='bbox 3512 1619 3603 1673; x_wconf 89' lang='lat' dir='ltr'><strong>alii</strong></span> <span class='ocrx_word' id='word_1_656' title='bbox 3634 1638 3646 1671; x_wconf 88' lang='lat'><strong>:</strong></span> <span class='ocrx_word' id='word_1_657' title='bbox 3669 1629 3724 1674; x_wconf 91' lang='lat' dir='ltr'><strong>et</strong></span> <span class='ocrx_word' id='word_1_658' title='bbox 3751 1634 3859 1673; x_wconf 83' lang='lat' dir='ltr'><strong>me-</strong></span> 
     </span>
    </p>
   </div>
   <div class='ocr_carea' id='block_1_77' title="bbox 2287 1703 3859 1777">
    <p class='ocr_par' dir='ltr' id='par_1_77' title="bbox 2287 1703 3859 1777">
     <span class='ocr_line' id='line_1_77' title="bbox 2287 1703 3859 1777; baseline 0.004 -20"><span class='ocrx_word' id='word_1_659' title='bbox 2287 1703 2431 1769; x_wconf 86' lang='lat' dir='ltr'><strong>rito;</strong></span> <span class='ocrx_word' id='word_1_660' title='bbox 2483 1715 2567 1759; x_wconf 82' lang='lat' dir='ltr'><strong>est</strong></span> <span class='ocrx_word' id='word_1_661' title='bbox 2613 1707 2755 1760; x_wconf 87' lang='lat' dir='ltr'><strong>enim</strong></span> <span class='ocrx_word' id='word_1_662' title='bbox 2802 1720 2977 1761; x_wconf 78' lang='lat' dir='ltr'><strong>situm.</strong></span> <span class='ocrx_word' id='word_1_663' title='bbox 3004 1705 3266 1776; x_wconf 83' lang='lat' dir='ltr'><strong>Quantam</strong></span> <span class='ocrx_word' id='word_1_664' title='bbox 3315 1707 3457 1762; x_wconf 87' lang='lat' dir='ltr'><strong>enim</strong></span> <span class='ocrx_word' id='word_1_665' title='bbox 3503 1708 3859 1777; x_wconf 87' lang='lat' dir='ltr'><strong>unusquisque</strong></span> 
     </span>
    </p>
   </div>
   <div class='ocr_carea' id='block_1_78' title="bbox 2288 1794 3858 1865">
    <p class='ocr_par' dir='ltr' id='par_1_78' title="bbox 2288 1794 3858 1865">
     <span class='ocr_line' id='line_1_78' title="bbox 2288 1794 3858 1865; baseline 0.004 -15"><span class='ocrx_word' id='word_1_666' title='bbox 2288 1794 2449 1850; x_wconf 88' lang='lat' dir='ltr'><strong>habet</strong></span> <span class='ocrx_word' id='word_1_667' title='bbox 2477 1796 2530 1851; x_wconf 92' lang='lat' dir='ltr'><strong>in</strong></span> <span class='ocrx_word' id='word_1_668' title='bbox 2553 1812 2612 1853; x_wconf 90' lang='lat' dir='ltr'><strong>sc</strong></span> <span class='ocrx_word' id='word_1_669' title='bbox 2640 1798 2978 1854; x_wconf 89' lang='lat' dir='ltr'><strong>dilectionem</strong></span> <span class='ocrx_word' id='word_1_670' title='bbox 3006 1840 3020 1865; x_wconf 89' lang='lat'><strong>,</strong></span> <span class='ocrx_word' id='word_1_671' title='bbox 3065 1807 3265 1855; x_wconf 86' lang='lat' dir='ltr'><strong>tantam</strong></span> <span class='ocrx_word' id='word_1_672' title='bbox 3296 1800 3406 1854; x_wconf 89' lang='lat' dir='ltr'><strong>vult</strong></span> <span class='ocrx_word' id='word_1_673' title='bbox 3435 1816 3534 1854; x_wconf 86' lang='lat' dir='ltr'><strong>nos</strong></span> <span class='ocrx_word' id='word_1_674' title='bbox 3574 1798 3770 1855; x_wconf 86' lang='lat' dir='ltr'><strong>habere</strong></span> <span class='ocrx_word' id='word_1_675' title='bbox 3806 1802 3858 1856; x_wconf 86' lang='lat' dir='ltr'><strong>in</strong></span> 
     </span>
    </p>
   </div>
   <div class='ocr_carea' id='block_1_79' title="bbox 2287 1890 3855 1964">
    <p class='ocr_par' dir='ltr' id='par_1_79' title="bbox 2287 1890 3855 1964">
     <span class='ocr_line' id='line_1_79' title="bbox 2287 1890 3855 1964; baseline 0.004 -23"><span class='ocrx_word' id='word_1_676' title='bbox 2287 1902 2508 1943; x_wconf 77' lang='lat' dir='ltr'><strong>uxorem</strong></span> <span class='ocrx_word' id='word_1_677' title='bbox 2548 1907 2562 1943; x_wconf 90' lang='lat'><strong>:</strong></span> <span class='ocrx_word' id='word_1_678' title='bbox 2593 1905 2699 1945; x_wconf 87' lang='lat' dir='ltr'><strong>non</strong></span> <span class='ocrx_word' id='word_1_679' title='bbox 2727 1890 2848 1959; x_wconf 84' lang='lat' dir='ltr'><strong>quia</strong></span> <span class='ocrx_word' id='word_1_680' title='bbox 2876 1906 3061 1946; x_wconf 87' lang='lat' dir='ltr'><strong>sumus</strong></span> <span class='ocrx_word' id='word_1_681' title='bbox 3104 1893 3261 1946; x_wconf 89' lang='lat' dir='ltr'><strong>unius</strong></span> <span class='ocrx_word' id='word_1_682' title='bbox 3300 1903 3504 1947; x_wconf 76' lang='lat' dir='ltr'><strong>natura:</strong></span> <span class='ocrx_word' id='word_1_683' title='bbox 3541 1895 3855 1964; x_wconf 84' lang='lat' dir='ltr'><strong>participes,</strong></span> 
     </span>
    </p>
   </div>
   <div class='ocr_carea' id='block_1_80' title="bbox 2284 1978 3855 2049">
    <p class='ocr_par' dir='ltr' id='par_1_80' title="bbox 2284 1978 3855 2049">
     <span class='ocr_line' id='line_1_80' title="bbox 2284 1978 3855 2049; baseline 0.003 -17"><span class='ocrx_word' id='word_1_684' title='bbox 2284 1978 2379 2032; x_wconf 90' lang='lat' dir='ltr'><strong>sed</strong></span> <span class='ocrx_word' id='word_1_685' title='bbox 2407 1980 2666 2048; x_wconf 86' lang='lat' dir='ltr'><strong>potiorem</strong></span> <span class='ocrx_word' id='word_1_686' title='bbox 2697 1982 2835 2036; x_wconf 88' lang='lat' dir='ltr'><strong>hanc</strong></span> <span class='ocrx_word' id='word_1_687' title='bbox 2862 1982 3122 2037; x_wconf 86' lang='lat' dir='ltr'><strong>habemus</strong></span> <span class='ocrx_word' id='word_1_688' title='bbox 3146 1983 3413 2037; x_wconf 81' lang='lat' dir='ltr'><strong>rationem</strong></span> <span class='ocrx_word' id='word_1_689' title='bbox 3456 1984 3508 2038; x_wconf 91' lang='lat' dir='ltr'><strong>in</strong></span> <span class='ocrx_word' id='word_1_690' title='bbox 3539 1986 3815 2040; x_wconf 86' lang='lat' dir='ltr'><strong>mulierem</strong></span> <span class='ocrx_word' id='word_1_691' title='bbox 3838 2025 3855 2049; x_wconf 93' lang='lat'><strong>,</strong></span> 
     </span>
    </p>
   </div>
   <div class='ocr_carea' id='block_1_81' title="bbox 2285 2070 3856 2143">
    <p class='ocr_par' dir='ltr' id='par_1_81' title="bbox 2285 2070 3856 2143">
     <span class='ocr_line' id='line_1_81' title="bbox 2285 2070 3856 2143; baseline 0.005 -22"><span class='ocrx_word' id='word_1_692' title='bbox 2285 2070 2427 2138; x_wconf 91' lang='lat' dir='ltr'><strong>quod</strong></span> <span class='ocrx_word' id='word_1_693' title='bbox 2474 2086 2579 2125; x_wconf 86' lang='lat' dir='ltr'><strong>non</strong></span> <span class='ocrx_word' id='word_1_694' title='bbox 2608 2072 2714 2127; x_wconf 89' lang='lat' dir='ltr'><strong>duo</strong></span> <span class='ocrx_word' id='word_1_695' title='bbox 2758 2074 2865 2126; x_wconf 85' lang='lat' dir='ltr'><strong>sint</strong></span> <span class='ocrx_word' id='word_1_696' title='bbox 2911 2088 3171 2143; x_wconf 64' lang='lat' dir='ltr'><strong>corpora;</strong></span> <span class='ocrx_word' id='word_1_697' title='bbox 3200 2074 3293 2130; x_wconf 76' lang='lat' dir='ltr'><strong>Sed</strong></span> <span class='ocrx_word' id='word_1_698' title='bbox 3342 2091 3529 2138; x_wconf 87' lang='lat' dir='ltr'><strong>unum,</strong></span> <span class='ocrx_word' id='word_1_699' title='bbox 3556 2077 3694 2130; x_wconf 84' lang='lat' dir='ltr'><strong>alter</strong></span> <span class='ocrx_word' id='word_1_700' title='bbox 3737 2092 3856 2131; x_wconf 87' lang='lat' dir='ltr'><strong>cum</strong></span> 
     </span>
    </p>
   </div>
   <div class='ocr_carea' id='block_1_82' title="bbox 2282 2161 3855 2236">
    <p class='ocr_par' dir='ltr' id='par_1_82' title="bbox 2282 2161 3855 2236">
     <span class='ocr_line' id='line_1_82' title="bbox 2282 2161 3855 2236; baseline 0.006 -23"><span class='ocrx_word' id='word_1_701' title='bbox 2282 2161 2352 2215; x_wconf 91' lang='lat' dir='ltr'><strong>sit</strong></span> <span class='ocrx_word' id='word_1_702' title='bbox 2381 2172 2557 2229; x_wconf 84' lang='lat' dir='ltr'><strong>caput.</strong></span> <span class='ocrx_word' id='word_1_703' title='bbox 2582 2163 2748 2219; x_wconf 89' lang='lat' dir='ltr'><strong>altera</strong></span> <span class='ocrx_word' id='word_1_704' title='bbox 2780 2180 2907 2219; x_wconf 84' lang='lat' dir='ltr'><strong>vero</strong></span> <span class='ocrx_word' id='word_1_705' title='bbox 2932 2180 3147 2234; x_wconf 89' lang='lat' dir='ltr'><strong>corpus.</strong></span> <span class='ocrx_word' id='word_1_706' title='bbox 3170 2166 3236 2220; x_wconf 83' lang='lat' dir='ltr'><strong>Et</strong></span> <span class='ocrx_word' id='word_1_707' title='bbox 3258 2166 3529 2236; x_wconf 91' lang='lat' dir='ltr'><strong>quomodo</strong></span> <span class='ocrx_word' id='word_1_708' title='bbox 3556 2166 3684 2221; x_wconf 75' lang='lat' dir='ltr'><strong>dicit</strong></span> <span class='ocrx_word' id='word_1_709' title='bbox 3709 2168 3855 2235; x_wconf 86' lang='lat' dir='ltr'><strong>alibi,</strong></span> 
     </span>
    </p>
   </div>
   <div class='ocr_carea' id='block_1_83' title="bbox 2281 2254 3856 2331">
    <p class='ocr_par' dir='ltr' id='par_1_83' title="bbox 2281 2254 3856 2331">
     <span class='ocr_line' id='line_1_83' title="bbox 2281 2254 3856 2331; baseline 0.004 -24"><span class='ocrx_word' id='word_1_710' title='bbox 2281 2254 2449 2323; x_wconf 79' lang='lat' dir='ltr'><strong>Caput</strong></span> <span class='ocrx_word' id='word_1_711' title='bbox 2476 2267 2642 2308; x_wconf 79' lang='lat' dir='ltr'><strong>autem</strong></span> <span class='ocrx_word' id='word_1_712' title='bbox 2668 2254 2856 2309; x_wconf 82' lang='lat' dir='ltr'><strong>Christi</strong></span> <span class='ocrx_word' id='word_1_713' title='bbox 2893 2255 3034 2311; x_wconf 82' lang='lat' dir='ltr'><strong>Deus</strong></span> <span class='ocrx_word' id='word_1_714' title='bbox 3059 2258 3078 2327; x_wconf 96' lang='lat'><strong>(</strong></span> <span class='ocrx_word' id='word_1_715' title='bbox 3102 2259 3152 2312; x_wconf 79' lang='lat' dir='ltr'><strong>l.</strong></span> <span class='ocrx_word' id='word_1_716' title='bbox 3186 2256 3304 2313; x_wconf 89' lang='lat' dir='ltr'><strong>Cor.</strong></span> <span class='ocrx_word' id='word_1_717' title='bbox 3333 2258 3419 2313; x_wconf 75' lang='lat' dir='ltr'><strong>ll.</strong></span> <span class='ocrx_word' id='word_1_718' title='bbox 3462 2258 3556 2323; x_wconf 83' lang='lat'><strong>5)?</strong></span> <span class='ocrx_word' id='word_1_719' title='bbox 3590 2258 3700 2330; x_wconf 79' lang='lat' dir='ltr'><strong>Ego</strong></span> <span class='ocrx_word' id='word_1_720' title='bbox 3727 2276 3856 2331; x_wconf 87' lang='lat' dir='ltr'><strong>quo-</strong></span> 
     </span>
    </p>
   </div>
   <div class='ocr_carea' id='block_1_84' title="bbox 2283 2348 3853 2421">
    <p class='ocr_par' dir='ltr' id='par_1_84' title="bbox 2283 2348 3853 2421">
     <span class='ocr_line' id='line_1_84' title="bbox 2283 2348 3853 2421; baseline 0.004 -21"><span class='ocrx_word' id='word_1_721' title='bbox 2283 2364 2388 2416; x_wconf 70' lang='lat' dir='ltr'><strong>que</strong></span> <span class='ocrx_word' id='word_1_722' title='bbox 2416 2348 2520 2402; x_wconf 87' lang='lat' dir='ltr'><strong>hoc</strong></span> <span class='ocrx_word' id='word_1_723' title='bbox 2560 2348 2703 2414; x_wconf 87' lang='lat' dir='ltr'><strong>dico,</strong></span> <span class='ocrx_word' id='word_1_724' title='bbox 2731 2350 2873 2418; x_wconf 89' lang='lat' dir='ltr'><strong>quod</strong></span> <span class='ocrx_word' id='word_1_725' title='bbox 2904 2351 3041 2403; x_wconf 88' lang='lat' dir='ltr'><strong>sicut</strong></span> <span class='ocrx_word' id='word_1_726' title='bbox 3086 2366 3247 2405; x_wconf 88' lang='lat' dir='ltr'><strong>unum</strong></span> <span class='ocrx_word' id='word_1_727' title='bbox 3276 2365 3471 2421; x_wconf 88' lang='lat' dir='ltr'><strong>corpus</strong></span> <span class='ocrx_word' id='word_1_728' title='bbox 3515 2368 3613 2406; x_wconf 87' lang='lat' dir='ltr'><strong>nos</strong></span> <span class='ocrx_word' id='word_1_729' title='bbox 3649 2368 3853 2417; x_wconf 85' lang='lat' dir='ltr'><strong>sumus,</strong></span> 
     </span>
    </p>
   </div>
   <div class='ocr_carea' id='block_1_85' title="bbox 2283 2439 3858 2515">
    <p class='ocr_par' dir='ltr' id='par_1_85' title="bbox 2283 2439 3858 2515">
     <span class='ocr_line' id='line_1_85' title="bbox 2283 2439 3858 2515; baseline 0.003 -23"><span class='ocrx_word' id='word_1_730' title='bbox 2283 2439 2561 2515; x_wconf 77' lang='lat' dir='ltr'><strong>itaetiam</strong></span> <span class='ocrx_word' id='word_1_731' title='bbox 2604 2439 2849 2496; x_wconf 80' lang='lat' dir='ltr'><strong>Christus</strong></span> <span class='ocrx_word' id='word_1_732' title='bbox 2894 2451 2949 2495; x_wconf 89' lang='lat' dir='ltr'><strong>et</strong></span> <span class='ocrx_word' id='word_1_733' title='bbox 2990 2442 3145 2497; x_wconf 80' lang='lat' dir='ltr'><strong>Pater</strong></span> <span class='ocrx_word' id='word_1_734' title='bbox 3185 2459 3367 2497; x_wconf 89' lang='lat' dir='ltr'><strong>unum.</strong></span> <span class='ocrx_word' id='word_1_735' title='bbox 3414 2443 3686 2499; x_wconf 78' lang='lat' dir='ltr'><strong>Invenitur</strong></span> <span class='ocrx_word' id='word_1_736' title='bbox 3728 2461 3858 2515; x_wconf 81' lang='lat' dir='ltr'><strong>ergo</strong></span> 
     </span>
    </p>
   </div>
   <div class='ocr_carea' id='block_1_86' title="bbox 2280 2513 3853 2606">
    <p class='ocr_par' dir='ltr' id='par_1_86' title="bbox 2280 2513 3853 2606">
     <span class='ocr_line' id='line_1_86' title="bbox 2280 2513 3853 2606; baseline 0.002 -22"><span class='ocrx_word' id='word_1_737' title='bbox 2280 2513 2440 2584; x_wconf 70' lang='lat' dir='ltr'><strong>etiam</strong></span> <span class='ocrx_word' id='word_1_738' title='bbox 2468 2530 2626 2586; x_wconf 81' lang='lat' dir='ltr'><strong>Pater</strong></span> <span class='ocrx_word' id='word_1_739' title='bbox 2653 2546 2775 2586; x_wconf 89' lang='lat' dir='ltr'><strong>esse</strong></span> <span class='ocrx_word' id='word_1_740' title='bbox 2802 2542 3042 2588; x_wconf 88' lang='lat' dir='ltr'><strong>nostrum</strong></span> <span class='ocrx_word' id='word_1_741' title='bbox 3063 2544 3242 2604; x_wconf 81' lang='lat' dir='ltr'><strong>eaput.</strong></span> <span class='ocrx_word' id='word_1_742' title='bbox 3264 2534 3377 2588; x_wconf 85' lang='lat' dir='ltr'><strong>Duo</strong></span> <span class='ocrx_word' id='word_1_743' title='bbox 3404 2537 3552 2606; x_wconf 87' lang='lat' dir='ltr'><strong>ponit</strong></span> <span class='ocrx_word' id='word_1_744' title='bbox 3576 2513 3853 2604; x_wconf 71' lang='lat' dir='ltr'><strong>exempla,</strong></span> 
     </span>
    </p>
   </div>
   <div class='ocr_carea' id='block_1_87' title="bbox 2285 2623 3852 2698">
    <p class='ocr_par' dir='ltr' id='par_1_87' title="bbox 2285 2623 3852 2698">
     <span class='ocr_line' id='line_1_87' title="bbox 2285 2623 3852 2698; baseline 0.004 -24"><span class='ocrx_word' id='word_1_745' title='bbox 2285 2636 2477 2689; x_wconf 86' lang='lat' dir='ltr'><strong>nempe</strong></span> <span class='ocrx_word' id='word_1_746' title='bbox 2526 2625 2768 2692; x_wconf 87' lang='lat' dir='ltr'><strong>corporis</strong></span> <span class='ocrx_word' id='word_1_747' title='bbox 2818 2634 2873 2678; x_wconf 88' lang='lat' dir='ltr'><strong>et</strong></span> <span class='ocrx_word' id='word_1_748' title='bbox 2919 2623 3124 2679; x_wconf 81' lang='lat' dir='ltr'><strong>Christi</strong></span> <span class='ocrx_word' id='word_1_749' title='bbox 3182 2641 3198 2677; x_wconf 87' lang='lat'><strong>:</strong></span> <span class='ocrx_word' id='word_1_750' title='bbox 3242 2625 3468 2696; x_wconf 87' lang='lat' dir='ltr'><strong>ideoque</strong></span> <span class='ocrx_word' id='word_1_751' title='bbox 3520 2627 3791 2698; x_wconf 81' lang='lat' dir='ltr'><strong>subjungit</strong></span> <span class='ocrx_word' id='word_1_752' title='bbox 3838 2646 3852 2681; x_wconf 87' lang='lat'><strong>:</strong></span> 
     </span>
    </p>
   </div>
   <div class='ocr_carea' id='block_1_88' title="bbox 2282 2710 3856 2785">
    <p class='ocr_par' dir='ltr' id='par_1_88' title="bbox 2282 2710 3856 2785">
     <span class='ocr_line' id='line_1_88' title="bbox 2282 2710 3856 2785; baseline 0.004 -20"><span class='ocrx_word' id='word_1_753' title='bbox 2282 2710 2372 2765; x_wconf 76' lang='grc'><strong>52.</strong></span> <span class='ocrx_word' id='word_1_754' title='bbox 2402 2712 2786 2769; x_wconf 73' lang='lat' dir='ltr'><strong>Sacr-amentum</strong></span> <span class='ocrx_word' id='word_1_755' title='bbox 2813 2713 2909 2767; x_wconf 72' lang='lat' dir='ltr'><strong>hoc</strong></span> <span class='ocrx_word' id='word_1_756' title='bbox 2951 2730 3188 2785; x_wconf 79' lang='lat' dir='ltr'><strong>magnum</strong></span> <span class='ocrx_word' id='word_1_757' title='bbox 3213 2726 3284 2769; x_wconf 87' lang='lat' dir='ltr'><strong>est</strong></span> <span class='ocrx_word' id='word_1_758' title='bbox 3313 2731 3336 2768; x_wconf 91' lang='lat'><em>:</em></span> <span class='ocrx_word' id='word_1_759' title='bbox 3357 2732 3448 2785; x_wconf 78' lang='lat' dir='ltr'><strong>ego</strong></span> <span class='ocrx_word' id='word_1_760' title='bbox 3474 2728 3641 2770; x_wconf 75' lang='lat' dir='ltr'><strong>autem</strong></span> <span class='ocrx_word' id='word_1_761' title='bbox 3665 2719 3779 2772; x_wconf 82' lang='lat' dir='ltr'><strong>dico</strong></span> <span class='ocrx_word' id='word_1_762' title='bbox 3803 2718 3856 2771; x_wconf 77' lang='lat' dir='ltr'><strong>iis</strong></span> 
     </span>
    </p>
   </div>
   <div class='ocr_carea' id='block_1_89' title="bbox 2280 2801 3853 2878">
    <p class='ocr_par' dir='ltr' id='par_1_89' title="bbox 2280 2801 3853 2878">
     <span class='ocr_line' id='line_1_89' title="bbox 2280 2801 3853 2878; baseline 0.005 -21"><span class='ocrx_word' id='word_1_763' title='bbox 2280 2801 2479 2857; x_wconf 83' lang='lat' dir='ltr'><strong>Christo</strong></span> <span class='ocrx_word' id='word_1_764' title='bbox 2516 2815 2561 2858; x_wconf 85' lang='lat' dir='ltr'><strong>et</strong></span> <span class='ocrx_word' id='word_1_765' title='bbox 2590 2806 2641 2858; x_wconf 86' lang='lat' dir='ltr'><strong>in</strong></span> <span class='ocrx_word' id='word_1_766' title='bbox 2671 2805 2918 2860; x_wconf 74' lang='lat' dir='ltr'><strong>Ecclesia.</strong></span> <span class='ocrx_word' id='word_1_767' title='bbox 2948 2805 3083 2874; x_wconf 86' lang='lat' dir='ltr'><strong>Quid</strong></span> <span class='ocrx_word' id='word_1_768' title='bbox 3113 2817 3197 2861; x_wconf 87' lang='lat' dir='ltr'><strong>est</strong></span> <span class='ocrx_word' id='word_1_769' title='bbox 3226 2806 3366 2861; x_wconf 71' lang='lat' dir='ltr'><strong>hoc?</strong></span> <span class='ocrx_word' id='word_1_770' title='bbox 3389 2808 3630 2878; x_wconf 77' lang='lat' dir='ltr'><strong>Magnum</strong></span> <span class='ocrx_word' id='word_1_771' title='bbox 3669 2825 3853 2865; x_wconf 83' lang='lat' dir='ltr'><strong>sacra-</strong></span> 
     </span>
    </p>
   </div>
   <div class='ocr_carea' id='block_1_90' title="bbox 2282 2897 3857 2967">
    <p class='ocr_par' dir='ltr' id='par_1_90' title="bbox 2282 2897 3857 2967">
     <span class='ocr_line' id='line_1_90' title="bbox 2282 2897 3857 2967; baseline 0.005 -18"><span class='ocrx_word' id='word_1_772' title='bbox 2282 2906 2520 2951; x_wconf 88' lang='lat' dir='ltr'><strong>mentum</strong></span> <span class='ocrx_word' id='word_1_773' title='bbox 2542 2899 2655 2966; x_wconf 88' lang='lat' dir='ltr'><strong>ipse</strong></span> <span class='ocrx_word' id='word_1_774' title='bbox 2687 2897 2813 2951; x_wconf 89' lang='lat' dir='ltr'><strong>dicit</strong></span> <span class='ocrx_word' id='word_1_775' title='bbox 2839 2939 2856 2965; x_wconf 91' lang='lat'><strong>,</strong></span> <span class='ocrx_word' id='word_1_776' title='bbox 2884 2899 3007 2967; x_wconf 84' lang='lat' dir='ltr'><strong>quia</strong></span> <span class='ocrx_word' id='word_1_777' title='bbox 3036 2913 3282 2967; x_wconf 81' lang='lat' dir='ltr'><strong>magnum</strong></span> <span class='ocrx_word' id='word_1_778' title='bbox 3312 2898 3437 2967; x_wconf 90' lang='lat' dir='ltr'><strong>quid</strong></span> <span class='ocrx_word' id='word_1_779' title='bbox 3464 2910 3519 2954; x_wconf 92' lang='lat' dir='ltr'><strong>ct</strong></span> <span class='ocrx_word' id='word_1_780' title='bbox 3545 2901 3857 2957; x_wconf 80' lang='lat' dir='ltr'><strong>admirabile</strong></span> 
     </span>
    </p>
   </div>
   <div class='ocr_carea' id='block_1_91' title="bbox 2282 2988 3856 3059">
    <p class='ocr_par' dir='ltr' id='par_1_91' title="bbox 2282 2988 3856 3059">
     <span class='ocr_line' id='line_1_91' title="bbox 2282 2988 3856 3059; baseline 0.003 -19"><span class='ocrx_word' id='word_1_781' title='bbox 2282 2988 2441 3041; x_wconf 86' lang='lat' dir='ltr'><strong>tacite</strong></span> <span class='ocrx_word' id='word_1_782' title='bbox 2478 2988 2797 3059; x_wconf 78' lang='lat' dir='ltr'><strong>signiﬁcavit</strong></span> <span class='ocrx_word' id='word_1_783' title='bbox 2831 2989 3018 3043; x_wconf 83' lang='lat' dir='ltr'><strong>beatus</strong></span> <span class='ocrx_word' id='word_1_784' title='bbox 3063 2988 3310 3059; x_wconf 75' lang='lat' dir='ltr'><strong>Moyses,</strong></span> <span class='ocrx_word' id='word_1_785' title='bbox 3350 2989 3460 3044; x_wconf 88' lang='lat' dir='ltr'><strong>imo</strong></span> <span class='ocrx_word' id='word_1_786' title='bbox 3500 3006 3627 3045; x_wconf 79' lang='lat' dir='ltr'><strong>vero</strong></span> <span class='ocrx_word' id='word_1_787' title='bbox 3657 2991 3796 3047; x_wconf 87' lang='lat' dir='ltr'><strong>Deus</strong></span> <span class='ocrx_word' id='word_1_788' title='bbox 3838 3008 3856 3044; x_wconf 90' lang='lat'><strong>:</strong></span> 
     </span>
    </p>
   </div>
   <div class='ocr_carea' id='block_1_92' title="bbox 2279 3079 3859 3154">
    <p class='ocr_par' dir='ltr' id='par_1_92' title="bbox 2279 3079 3859 3154">
     <span class='ocr_line' id='line_1_92' title="bbox 2279 3079 3859 3154; baseline 0.006 -22"><span class='ocrx_word' id='word_1_789' title='bbox 2279 3079 2492 3134; x_wconf 89' lang='lat' dir='ltr'><strong>interim</strong></span> <span class='ocrx_word' id='word_1_790' title='bbox 2523 3090 2701 3134; x_wconf 89' lang='lat' dir='ltr'><strong>autem</strong></span> <span class='ocrx_word' id='word_1_791' title='bbox 2723 3080 2890 3143; x_wconf 81' lang='lat' dir='ltr'><strong>dicit,</strong></span> <span class='ocrx_word' id='word_1_792' title='bbox 2935 3079 3004 3134; x_wconf 78' lang='lat' dir='ltr'><strong>In</strong></span> <span class='ocrx_word' id='word_1_793' title='bbox 3061 3080 3261 3136; x_wconf 84' lang='lat' dir='ltr'><strong>Clu-isto</strong></span> <span class='ocrx_word' id='word_1_794' title='bbox 3304 3082 3453 3148; x_wconf 75' lang='lat' dir='ltr'><strong>dico,</strong></span> <span class='ocrx_word' id='word_1_795' title='bbox 3503 3085 3757 3154; x_wconf 72' lang='lat' dir='ltr'><strong>quosnam</strong></span> <span class='ocrx_word' id='word_1_796' title='bbox 3800 3096 3859 3141; x_wconf 90' lang='lat' dir='ltr'><strong>et</strong></span> 
     </span>
    </p>
   </div>
   <div class='ocr_carea' id='block_1_93' title="bbox 2278 3170 3853 3245">
    <p class='ocr_par' dir='ltr' id='par_1_93' title="bbox 2278 3170 3853 3245">
     <span class='ocr_line' id='line_1_93' title="bbox 2278 3170 3853 3245; baseline 0.004 -21"><span class='ocrx_word' id='word_1_797' title='bbox 2278 3170 2393 3240; x_wconf 85' lang='lat' dir='ltr'><strong>ipse</strong></span> <span class='ocrx_word' id='word_1_798' title='bbox 2420 3170 2641 3225; x_wconf 81' lang='lat' dir='ltr'><strong>dimisso</strong></span> <span class='ocrx_word' id='word_1_799' title='bbox 2670 3171 2829 3226; x_wconf 85' lang='lat' dir='ltr'><strong>Patre</strong></span> <span class='ocrx_word' id='word_1_800' title='bbox 2856 3171 3172 3239; x_wconf 84' lang='lat' dir='ltr'><strong>descendit,</strong></span> <span class='ocrx_word' id='word_1_801' title='bbox 3199 3184 3252 3228; x_wconf 89' lang='lat' dir='ltr'><strong>et</strong></span> <span class='ocrx_word' id='word_1_802' title='bbox 3278 3174 3424 3228; x_wconf 87' lang='lat' dir='ltr'><strong>venit</strong></span> <span class='ocrx_word' id='word_1_803' title='bbox 3461 3176 3527 3245; x_wconf 76' lang='lat' dir='ltr'><strong>ad</strong></span> <span class='ocrx_word' id='word_1_804' title='bbox 3557 3190 3812 3245; x_wconf 69' lang='lat' dir='ltr'><strong>sponsam</strong></span> <span class='ocrx_word' id='word_1_805' title='bbox 3836 3219 3853 3243; x_wconf 84' lang='lat'><strong>,</strong></span> 
     </span>
    </p>
   </div>
   <div class='ocr_carea' id='block_1_94' title="bbox 2276 3264 3854 3333">
    <p class='ocr_par' dir='ltr' id='par_1_94' title="bbox 2276 3264 3854 3333">
     <span class='ocr_line' id='line_1_94' title="bbox 2276 3264 3854 3333; baseline 0.006 -18"><span class='ocrx_word' id='word_1_806' title='bbox 2276 3273 2333 3315; x_wconf 88' lang='lat' dir='ltr'><strong>et</strong></span> <span class='ocrx_word' id='word_1_807' title='bbox 2376 3264 2547 3317; x_wconf 70' lang='lat' dir='ltr'><strong>Laetus</strong></span> <span class='ocrx_word' id='word_1_808' title='bbox 2586 3274 2668 3318; x_wconf 85' lang='lat' dir='ltr'><strong>est</strong></span> <span class='ocrx_word' id='word_1_809' title='bbox 2715 3264 2767 3318; x_wconf 89' lang='lat' dir='ltr'><strong>in</strong></span> <span class='ocrx_word' id='word_1_810' title='bbox 2809 3264 3052 3333; x_wconf 87' lang='lat' dir='ltr'><strong>spiritum</strong></span> <span class='ocrx_word' id='word_1_811' title='bbox 3094 3281 3254 3319; x_wconf 81' lang='lat' dir='ltr'><strong>umim</strong></span> <span class='ocrx_word' id='word_1_812' title='bbox 3287 3283 3302 3320; x_wconf 92' lang='lat'>:</span> <span class='ocrx_word' id='word_1_813' title='bbox 3338 3267 3437 3332; x_wconf 78' lang='lat' dir='ltr'><strong>Qui</strong></span> <span class='ocrx_word' id='word_1_814' title='bbox 3460 3269 3682 3323; x_wconf 71' lang='lat' dir='ltr'><strong>adliceret</strong></span> <span class='ocrx_word' id='word_1_815' title='bbox 3709 3272 3854 3325; x_wconf 82' lang='lat' dir='ltr'><strong>enim</strong></span> 
     </span>
    </p>
   </div>
   <div class='ocr_carea' id='block_1_95' title="bbox 2277 3352 3857 3430">
    <p class='ocr_par' dir='ltr' id='par_1_95' title="bbox 2277 3352 3857 3430">
     <span class='ocr_line' id='line_1_95' title="bbox 2277 3352 3857 3430; baseline 0.009 -25"><span class='ocrx_word' id='word_1_816' title='bbox 2277 3352 2526 3419; x_wconf 81' lang='lat' dir='ltr'><strong>Domino,</strong></span> <span class='ocrx_word' id='word_1_817' title='bbox 2554 3366 2632 3409; x_wconf 89' lang='lat' dir='ltr'><strong>est</strong></span> <span class='ocrx_word' id='word_1_818' title='bbox 2661 3371 2792 3408; x_wconf 78' lang='lat' dir='ltr'><strong>unus</strong></span> <span class='ocrx_word' id='word_1_819' title='bbox 2821 3356 3030 3423; x_wconf 78' lang='lat' dir='ltr'><strong>spiritus</strong></span> <span class='ocrx_word' id='word_1_820' title='bbox 3059 3358 3134 3415; x_wconf 82' lang='grc'><strong>(1.</strong></span> <span class='ocrx_word' id='word_1_821' title='bbox 3167 3357 3283 3412; x_wconf 89' lang='lat' dir='ltr'><strong>Cor.</strong></span> <span class='ocrx_word' id='word_1_822' title='bbox 3314 3359 3366 3413; x_wconf 92' lang='lat'><strong>6.</strong></span> <span class='ocrx_word' id='word_1_823' title='bbox 3401 3361 3508 3426; x_wconf 84' lang='lat' dir='ltr'><strong>l7).</strong></span> <span class='ocrx_word' id='word_1_824' title='bbox 3541 3362 3605 3415; x_wconf 85' lang='lat' dir='ltr'><strong>Et</strong></span> <span class='ocrx_word' id='word_1_825' title='bbox 3632 3363 3857 3430; x_wconf 79' lang='lat' dir='ltr'><strong>pulchre</strong></span> 
     </span>
    </p>
   </div>
   <div class='ocr_carea' id='block_1_96' title="bbox 2273 3443 3852 3519">
    <p class='ocr_par' dir='ltr' id='par_1_96' title="bbox 2273 3443 3852 3519">
     <span class='ocr_line' id='line_1_96' title="bbox 2273 3443 3852 3519; baseline 0.008 -22"><span class='ocrx_word' id='word_1_826' title='bbox 2273 3443 2409 3499; x_wconf 80' lang='lat' dir='ltr'><strong>dixit</strong></span> <span class='ocrx_word' id='word_1_827' title='bbox 2434 3467 2448 3500; x_wconf 88' lang='lat'><strong>:</strong></span> <span class='ocrx_word' id='word_1_828' title='bbox 2480 3446 2732 3518; x_wconf 71' lang='lat' dir='ltr'><strong>Magnum</strong></span> <span class='ocrx_word' id='word_1_829' title='bbox 2757 3458 2831 3500; x_wconf 88' lang='lat' dir='ltr'><strong>est</strong></span> <span class='ocrx_word' id='word_1_830' title='bbox 2857 3451 3152 3518; x_wconf 75' lang='lat' dir='ltr'><strong>mysterium</strong></span> <span class='ocrx_word' id='word_1_831' title='bbox 3167 3467 3186 3514; x_wconf 82' lang='lat'><strong>,&#39;</strong></span> <span class='ocrx_word' id='word_1_832' title='bbox 3213 3451 3433 3519; x_wconf 83' lang='lat' dir='ltr'><strong>perinde</strong></span> <span class='ocrx_word' id='word_1_833' title='bbox 3458 3467 3524 3507; x_wconf 77' lang='lat' dir='ltr'><strong>ac</strong></span> <span class='ocrx_word' id='word_1_834' title='bbox 3549 3452 3596 3507; x_wconf 72' lang='lat' dir='ltr'><strong>si</strong></span> <span class='ocrx_word' id='word_1_835' title='bbox 3622 3455 3852 3519; x_wconf 82' lang='lat' dir='ltr'><strong>diceret,</strong></span> 
     </span>
    </p>
   </div>
   <div class='ocr_carea' id='block_1_97' title="bbox 2275 3534 3855 3605">
    <p class='ocr_par' dir='ltr' id='par_1_97' title="bbox 2275 3534 3855 3605">
     <span class='ocr_line' id='line_1_97' title="bbox 2275 3534 3855 3605; baseline 0.008 -17"><span class='ocrx_word' id='word_1_836' title='bbox 2275 3536 2345 3588; x_wconf 79' lang='lat' dir='ltr'><strong>At</strong></span> <span class='ocrx_word' id='word_1_837' title='bbox 2370 3534 2621 3605; x_wconf 78' lang='lat' dir='ltr'><strong>allegoria</strong></span> <span class='ocrx_word' id='word_1_838' title='bbox 2643 3552 2746 3592; x_wconf 91' lang='lat' dir='ltr'><strong>non</strong></span> <span class='ocrx_word' id='word_1_839' title='bbox 2771 3539 2965 3593; x_wconf 85' lang='lat' dir='ltr'><strong>evertit</strong></span> <span class='ocrx_word' id='word_1_840' title='bbox 2990 3538 3351 3596; x_wconf 82' lang='lat' dir='ltr'><strong>dilectionem.</strong></span> <span class='ocrx_word' id='word_1_841' title='bbox 3375 3543 3465 3596; x_wconf 77' lang='lat'><strong>3&#39;5.</strong></span> <span class='ocrx_word' id='word_1_842' title='bbox 3500 3541 3855 3601; x_wconf 62' lang='lat' dir='ltr'><strong>Verminam</strong></span> 
     </span>
    </p>
   </div>
   <div class='ocr_carea' id='block_1_98' title="bbox 2268 3628 3855 3705">
    <p class='ocr_par' dir='ltr' id='par_1_98' title="bbox 2268 3628 3855 3705">
     <span class='ocr_line' id='line_1_98' title="bbox 2268 3628 3855 3705; baseline 0.006 -25"><span class='ocrx_word' id='word_1_843' title='bbox 2268 3636 2320 3680; x_wconf 86' lang='lat' dir='ltr'><strong>et</strong></span> <span class='ocrx_word' id='word_1_844' title='bbox 2348 3643 2432 3681; x_wconf 82' lang='lat' dir='ltr'><strong>vos</strong></span> <span class='ocrx_word' id='word_1_845' title='bbox 2457 3628 2663 3698; x_wconf 80' lang='lat' dir='ltr'><strong>singuli.</strong></span> <span class='ocrx_word' id='word_1_846' title='bbox 2696 3631 3037 3700; x_wconf 70' lang='lat' dir='ltr'><strong>unusquisque</strong></span> <span class='ocrx_word' id='word_1_847' title='bbox 3073 3646 3279 3686; x_wconf 69' lang='lat' dir='ltr'><strong>uxorem</strong></span> <span class='ocrx_word' id='word_1_848' title='bbox 3301 3648 3445 3686; x_wconf 75' lang='lat' dir='ltr'><strong>suam</strong></span> <span class='ocrx_word' id='word_1_849' title='bbox 3472 3633 3599 3687; x_wconf 70' lang='lat' dir='ltr'><strong>sicut</strong></span> <span class='ocrx_word' id='word_1_850' title='bbox 3627 3636 3855 3705; x_wconf 74' lang='lat' dir='ltr'><strong>seipsaut</strong></span> 
     </span>
    </p>
   </div>
   <div class='ocr_carea' id='block_1_99' title="bbox 2272 3716 3853 3797">
    <p class='ocr_par' dir='ltr' id='par_1_99' title="bbox 2272 3716 3853 3797">
     <span class='ocr_line' id='line_1_99' title="bbox 2272 3716 3853 3797; baseline 0.008 -28"><span class='ocrx_word' id='word_1_851' title='bbox 2272 3716 2452 3787; x_wconf 77' lang='lat' dir='ltr'><strong>diligat</strong></span> <span class='ocrx_word' id='word_1_852' title='bbox 2477 3733 2497 3772; x_wconf 90' lang='lat'><strong><em>:</em></strong></span> <span class='ocrx_word' id='word_1_853' title='bbox 2524 3734 2653 3772; x_wconf 69' lang='lat' dir='ltr'><strong>uxor</strong></span> <span class='ocrx_word' id='word_1_854' title='bbox 2670 3728 2840 3772; x_wconf 79' lang='lat' dir='ltr'><strong>autent</strong></span> <span class='ocrx_word' id='word_1_855' title='bbox 2866 3720 3039 3773; x_wconf 88' lang='lat' dir='ltr'><strong>timeat</strong></span> <span class='ocrx_word' id='word_1_856' title='bbox 3067 3722 3227 3774; x_wconf 77' lang='lat' dir='ltr'><strong>virum</strong></span> <span class='ocrx_word' id='word_1_857' title='bbox 3250 3738 3421 3777; x_wconf 73' lang='lat' dir='ltr'><strong>suum.</strong></span> <span class='ocrx_word' id='word_1_858' title='bbox 3447 3723 3656 3780; x_wconf 81' lang='lat' dir='ltr'><strong>Revera</strong></span> <span class='ocrx_word' id='word_1_859' title='bbox 3682 3729 3853 3797; x_wconf 85' lang='lat' dir='ltr'><strong>enim,</strong></span> 
     </span>
    </p>
   </div>
   <div class='ocr_carea' id='block_1_100' title="bbox 2274 3811 3853 3892">
    <p class='ocr_par' dir='ltr' id='par_1_100' title="bbox 2274 3811 3853 3892">
     <span class='ocr_line' id='line_1_100' title="bbox 2274 3811 3853 3892; baseline 0.008 -29"><span class='ocrx_word' id='word_1_860' title='bbox 2274 3824 2460 3864; x_wconf 83' lang='lat' dir='ltr'><strong>revera</strong></span> <span class='ocrx_word' id='word_1_861' title='bbox 2488 3821 2570 3866; x_wconf 88' lang='lat' dir='ltr'><strong>est</strong></span> <span class='ocrx_word' id='word_1_862' title='bbox 2596 3811 2910 3882; x_wconf 83' lang='lat' dir='ltr'><strong>mysterium</strong></span> <span class='ocrx_word' id='word_1_863' title='bbox 2934 3853 2951 3876; x_wconf 88' lang='lat'><strong>,</strong></span> <span class='ocrx_word' id='word_1_864' title='bbox 2996 3821 3052 3867; x_wconf 89' lang='lat' dir='ltr'><strong>et</strong></span> <span class='ocrx_word' id='word_1_865' title='bbox 3076 3828 3324 3885; x_wconf 78' lang='lat' dir='ltr'><strong>maguum</strong></span> <span class='ocrx_word' id='word_1_866' title='bbox 3351 3817 3697 3887; x_wconf 82' lang='lat' dir='ltr'><strong>mysterium:</strong></span> <span class='ocrx_word' id='word_1_867' title='bbox 3725 3823 3853 3892; x_wconf 80' lang='lat' dir='ltr'><strong>quia</strong></span> 
     </span>
    </p>
   </div>
   <div class='ocr_carea' id='block_1_101' title="bbox 2272 3900 3856 3976">
    <p class='ocr_par' dir='ltr' id='par_1_101' title="bbox 2272 3900 3856 3976">
     <span class='ocr_line' id='line_1_101' title="bbox 2272 3900 3856 3976; baseline 0.009 -23"><span class='ocrx_word' id='word_1_868' title='bbox 2272 3915 2338 3953; x_wconf 82' lang='lat' dir='ltr'><strong>eo</strong></span> <span class='ocrx_word' id='word_1_869' title='bbox 2363 3900 2467 3969; x_wconf 83' lang='lat' dir='ltr'><strong>qui</strong></span> <span class='ocrx_word' id='word_1_870' title='bbox 2501 3903 2798 3969; x_wconf 86' lang='lat' dir='ltr'><strong>procreavit</strong></span> <span class='ocrx_word' id='word_1_871' title='bbox 2824 3944 2838 3965; x_wconf 92' lang='lat'><strong>,</strong></span> <span class='ocrx_word' id='word_1_872' title='bbox 2864 3903 2953 3972; x_wconf 90' lang='lat' dir='ltr'><strong>qui</strong></span> <span class='ocrx_word' id='word_1_873' title='bbox 2986 3905 3205 3973; x_wconf 78' lang='lat' dir='ltr'><strong>genuit,</strong></span> <span class='ocrx_word' id='word_1_874' title='bbox 3234 3905 3327 3975; x_wconf 91' lang='lat' dir='ltr'><strong>qui</strong></span> <span class='ocrx_word' id='word_1_875' title='bbox 3377 3907 3657 3976; x_wconf 82' lang='lat' dir='ltr'><strong>educavit,</strong></span> <span class='ocrx_word' id='word_1_876' title='bbox 3683 3922 3739 3965; x_wconf 89' lang='lat' dir='ltr'><strong>et</strong></span> <span class='ocrx_word' id='word_1_877' title='bbox 3785 3927 3856 3967; x_wconf 69' lang='lat' dir='ltr'><strong>ea</strong></span> 
     </span>
    </p>
   </div>
   <div class='ocr_carea' id='block_1_102' title="bbox 2270 3988 3852 4068">
    <p class='ocr_par' dir='ltr' id='par_1_102' title="bbox 2270 3988 3852 4068">
     <span class='ocr_line' id='line_1_102' title="bbox 2270 3988 3852 4068; baseline 0.009 -23"><span class='ocrx_word' id='word_1_878' title='bbox 2270 4009 2389 4062; x_wconf 81' lang='lat' dir='ltr'><strong>quae</strong></span> <span class='ocrx_word' id='word_1_879' title='bbox 2410 3993 2677 4063; x_wconf 85' lang='lat' dir='ltr'><strong>concepit,</strong></span> <span class='ocrx_word' id='word_1_880' title='bbox 2710 4010 2829 4064; x_wconf 76' lang='lat' dir='ltr'><strong>qua:</strong></span> <span class='ocrx_word' id='word_1_881' title='bbox 2850 4010 2971 4049; x_wconf 90' lang='lat' dir='ltr'><strong>cum</strong></span> <span class='ocrx_word' id='word_1_882' title='bbox 3002 3996 3189 4051; x_wconf 87' lang='lat' dir='ltr'><strong>dolore</strong></span> <span class='ocrx_word' id='word_1_883' title='bbox 3216 3988 3424 4067; x_wconf 81' lang='lat' dir='ltr'><strong>peperit</strong></span> <span class='ocrx_word' id='word_1_884' title='bbox 3449 4011 3504 4054; x_wconf 91' lang='lat' dir='ltr'><strong>et</strong></span> <span class='ocrx_word' id='word_1_885' title='bbox 3536 4001 3852 4068; x_wconf 76' lang='lat' dir='ltr'><strong>afﬂictione,</strong></span> 
     </span>
    </p>
   </div>
   <div class='ocr_carea' id='block_1_103' title="bbox 2270 4086 3858 4166">
    <p class='ocr_par' dir='ltr' id='par_1_103' title="bbox 2270 4086 3858 4166">
     <span class='ocr_line' id='line_1_103' title="bbox 2270 4086 3858 4166; baseline 0.011 -30"><span class='ocrx_word' id='word_1_886' title='bbox 2270 4086 2359 4155; x_wconf 89' lang='lat' dir='ltr'><strong>qui</strong></span> <span class='ocrx_word' id='word_1_887' title='bbox 2387 4095 2465 4140; x_wconf 86' lang='lat' dir='ltr'><strong>tot</strong></span> <span class='ocrx_word' id='word_1_888' title='bbox 2509 4096 2565 4141; x_wconf 92' lang='lat' dir='ltr'><strong>et</strong></span> <span class='ocrx_word' id='word_1_889' title='bbox 2605 4088 2766 4141; x_wconf 89' lang='lat' dir='ltr'><strong>tantis</strong></span> <span class='ocrx_word' id='word_1_890' title='bbox 2813 4088 3108 4145; x_wconf 84' lang='lat' dir='ltr'><strong>all’eceruut</strong></span> <span class='ocrx_word' id='word_1_891' title='bbox 3150 4090 3465 4157; x_wconf 74' lang='lat' dir='ltr'><strong>beneﬁciis,</strong></span> <span class='ocrx_word' id='word_1_892' title='bbox 3505 4108 3627 4149; x_wconf 85' lang='lat' dir='ltr'><strong>cum</strong></span> <span class='ocrx_word' id='word_1_893' title='bbox 3654 4098 3858 4166; x_wconf 78' lang='lat' dir='ltr'><strong>quibus</strong></span> 
     </span>
    </p>
   </div>
   <div class='ocr_carea' id='block_1_104' title="bbox 2270 4178 3857 4261">
    <p class='ocr_par' dir='ltr' id='par_1_104' title="bbox 2270 4178 3857 4261">
     <span class='ocr_line' id='line_1_104' title="bbox 2270 4178 3857 4261; baseline 0.01 -30"><span class='ocrx_word' id='word_1_894' title='bbox 2270 4178 2552 4233; x_wconf 85' lang='lat' dir='ltr'><strong>diuturnus</strong></span> <span class='ocrx_word' id='word_1_895' title='bbox 2581 4180 2678 4234; x_wconf 80' lang='lat' dir='ltr'><strong>fuit</strong></span> <span class='ocrx_word' id='word_1_896' title='bbox 2709 4196 2836 4237; x_wconf 86' lang='lat' dir='ltr'><strong>usus</strong></span> <span class='ocrx_word' id='word_1_897' title='bbox 2861 4191 2917 4236; x_wconf 91' lang='lat' dir='ltr'><strong>et</strong></span> <span class='ocrx_word' id='word_1_898' title='bbox 2948 4185 3311 4261; x_wconf 51' lang='lat' dir='ltr'><strong>consuetudo,</strong></span> <span class='ocrx_word' id='word_1_899' title='bbox 3331 4187 3552 4249; x_wconf 86' lang='lat' dir='ltr'><strong>relictis.</strong></span> <span class='ocrx_word' id='word_1_900' title='bbox 3580 4189 3632 4243; x_wconf 84' lang='lat' dir='ltr'><strong>ei</strong></span> <span class='ocrx_word' id='word_1_901' title='bbox 3663 4190 3857 4247; x_wconf 70' lang='lat' dir='ltr'><strong>adlim-</strong></span> 
     </span>
    </p>
   </div>
   <div class='ocr_carea' id='block_1_105' title="bbox 2270 4272 3860 4341">
    <p class='ocr_par' dir='ltr' id='par_1_105' title="bbox 2270 4272 3860 4341">
     <span class='ocr_line' id='line_1_105' title="bbox 2270 4272 3860 4341; baseline 0.011 -20"><span class='ocrx_word' id='word_1_902' title='bbox 2270 4278 2405 4332; x_wconf 86' lang='lat' dir='ltr'><strong>reat,</strong></span> <span class='ocrx_word' id='word_1_903' title='bbox 2434 4283 2555 4339; x_wconf 78' lang='lat' dir='ltr'><strong>qua:</strong></span> <span class='ocrx_word' id='word_1_904' title='bbox 2576 4285 2644 4325; x_wconf 89' lang='lat' dir='ltr'><strong>ne</strong></span> <span class='ocrx_word' id='word_1_905' title='bbox 2671 4272 2783 4325; x_wconf 88' lang='lat' dir='ltr'><strong>visa</strong></span> <span class='ocrx_word' id='word_1_906' title='bbox 2810 4272 3026 4341; x_wconf 86' lang='lat' dir='ltr'><strong>quidem</strong></span> <span class='ocrx_word' id='word_1_907' title='bbox 3050 4274 3145 4328; x_wconf 83' lang='lat' dir='ltr'><strong>iuit</strong></span> <span class='ocrx_word' id='word_1_908' title='bbox 3169 4288 3227 4329; x_wconf 87' lang='lat' dir='ltr'><strong>et</strong></span> <span class='ocrx_word' id='word_1_909' title='bbox 3250 4290 3372 4331; x_wconf 87' lang='lat' dir='ltr'><strong>cum</strong></span> <span class='ocrx_word' id='word_1_910' title='bbox 3398 4282 3473 4333; x_wconf 80' lang='lat' dir='ltr'><strong>eo</strong></span> <span class='ocrx_word' id='word_1_911' title='bbox 3489 4278 3626 4333; x_wconf 80' lang='lat' dir='ltr'><strong>nihil</strong></span> <span class='ocrx_word' id='word_1_912' title='bbox 3648 4280 3860 4338; x_wconf 78' lang='lat' dir='ltr'><strong>habue-</strong></span> 
     </span>
    </p>
   </div>
   <div class='ocr_carea' id='block_1_106' title="bbox 2269 4366 3860 4436">
    <p class='ocr_par' dir='ltr' id='par_1_106' title="bbox 2269 4366 3860 4436">
     <span class='ocr_line' id='line_1_106' title="bbox 2269 4366 3860 4436; baseline 0.011 -23"><span class='ocrx_word' id='word_1_913' title='bbox 2269 4370 2351 4413; x_wconf 88' lang='lat' dir='ltr'><strong>rat</strong></span> <span class='ocrx_word' id='word_1_914' title='bbox 2378 4376 2664 4416; x_wconf 85' lang='lat' dir='ltr'><strong>commune</strong></span> <span class='ocrx_word' id='word_1_915' title='bbox 2682 4404 2698 4427; x_wconf 92' lang='lat'><strong>,</strong></span> <span class='ocrx_word' id='word_1_916' title='bbox 2729 4373 2783 4417; x_wconf 87' lang='lat' dir='ltr'><strong>et</strong></span> <span class='ocrx_word' id='word_1_917' title='bbox 2807 4378 2927 4418; x_wconf 85' lang='lat' dir='ltr'><strong>eam</strong></span> <span class='ocrx_word' id='word_1_918' title='bbox 2954 4366 3205 4421; x_wconf 87' lang='lat' dir='ltr'><strong>omnibus</strong></span> <span class='ocrx_word' id='word_1_919' title='bbox 3233 4368 3503 4436; x_wconf 62' lang='lat' dir='ltr'><strong>pratl&#39;erat.</strong></span> <span class='ocrx_word' id='word_1_920' title='bbox 3532 4370 3738 4428; x_wconf 77' lang='lat' dir='ltr'><strong>Revera</strong></span> <span class='ocrx_word' id='word_1_921' title='bbox 3763 4386 3860 4431; x_wconf 88' lang='lat' dir='ltr'><strong>est</strong></span> 
     </span>
    </p>
   </div>
   <div class='ocr_carea' id='block_1_107' title="bbox 2270 4453 3861 4535">
    <p class='ocr_par' dir='ltr' id='par_1_107' title="bbox 2270 4453 3861 4535">
     <span class='ocr_line' id='line_1_107' title="bbox 2270 4453 3861 4535; baseline 0.01 -31"><span class='ocrx_word' id='word_1_922' title='bbox 2270 4453 2605 4521; x_wconf 76' lang='lat' dir='ltr'><strong>myszeriuui.</strong></span> <span class='ocrx_word' id='word_1_923' title='bbox 2636 4453 2697 4507; x_wconf 85' lang='lat' dir='ltr'><strong>Et</strong></span> <span class='ocrx_word' id='word_1_924' title='bbox 2736 4467 2983 4521; x_wconf 86' lang='lat' dir='ltr'><strong>parentes</strong></span> <span class='ocrx_word' id='word_1_925' title='bbox 3003 4496 3019 4517; x_wconf 88' lang='lat'><strong>.</strong></span> <span class='ocrx_word' id='word_1_926' title='bbox 3064 4472 3188 4511; x_wconf 87' lang='lat' dir='ltr'><strong>cum</strong></span> <span class='ocrx_word' id='word_1_927' title='bbox 3215 4458 3329 4513; x_wconf 66' lang='lat' dir='ltr'><strong>hac</strong></span> <span class='ocrx_word' id='word_1_928' title='bbox 3353 4460 3523 4526; x_wconf 78' lang='lat' dir='ltr'><strong>ﬁunt,</strong></span> <span class='ocrx_word' id='word_1_929' title='bbox 3553 4478 3659 4519; x_wconf 83' lang='lat' dir='ltr'><strong>non</strong></span> <span class='ocrx_word' id='word_1_930' title='bbox 3706 4481 3861 4535; x_wconf 60' lang='lat' dir='ltr'><strong>agn:</strong></span> 
     </span>
    </p>
   </div>
   <div class='ocr_carea' id='block_1_108' title="bbox 2269 4536 3860 4619">
    <p class='ocr_par' dir='ltr' id='par_1_108' title="bbox 2269 4536 3860 4619">
     <span class='ocr_line' id='line_1_108' title="bbox 2269 4536 3860 4619; baseline 0.011 -24"><span class='ocrx_word' id='word_1_931' title='bbox 2269 4541 2479 4609; x_wconf 79' lang='lat' dir='ltr'><strong>ferunt,</strong></span> <span class='ocrx_word' id='word_1_932' title='bbox 2507 4544 2603 4599; x_wconf 87' lang='lat' dir='ltr'><strong>sed</strong></span> <span class='ocrx_word' id='word_1_933' title='bbox 2636 4546 2811 4613; x_wconf 88' lang='lat' dir='ltr'><strong>potius</strong></span> <span class='ocrx_word' id='word_1_934' title='bbox 2846 4562 2989 4617; x_wconf 61' lang='grc' dir='ltr'>εδει-ε</span> <span class='ocrx_word' id='word_1_935' title='bbox 3012 4536 3189 4605; x_wconf 76' lang='lat' dir='ltr'><strong>ferunt</strong></span> <span class='ocrx_word' id='word_1_936' title='bbox 3215 4551 3260 4604; x_wconf 89' lang='lat' dir='ltr'><strong>si</strong></span> <span class='ocrx_word' id='word_1_937' title='bbox 3287 4567 3394 4605; x_wconf 86' lang='lat' dir='ltr'><strong>non</strong></span> <span class='ocrx_word' id='word_1_938' title='bbox 3428 4552 3590 4619; x_wconf 73' lang='lat' dir='ltr'><strong>(iant.</strong></span> <span class='ocrx_word' id='word_1_939' title='bbox 3642 4566 3699 4611; x_wconf 86' lang='lat' dir='ltr'><strong>et</strong></span> <span class='ocrx_word' id='word_1_940' title='bbox 3723 4573 3860 4613; x_wconf 75' lang='lat' dir='ltr'><strong>cum</strong></span> 
     </span>
    </p>
   </div>
   <div class='ocr_carea' id='block_1_109' title="bbox 2270 4635 3863 4710">
    <p class='ocr_par' dir='ltr' id='par_1_109' title="bbox 2270 4635 3863 4710">
     <span class='ocr_line' id='line_1_109' title="bbox 2270 4635 3863 4710; baseline 0.01 -22"><span class='ocrx_word' id='word_1_941' title='bbox 2270 4635 2648 4702; x_wconf 84' lang='lat' dir='ltr'><strong>impenduntur</strong></span> <span class='ocrx_word' id='word_1_942' title='bbox 2670 4637 2907 4706; x_wconf 82' lang='lat' dir='ltr'><strong>pecunia:</strong></span> <span class='ocrx_word' id='word_1_943' title='bbox 2924 4648 2979 4693; x_wconf 92' lang='lat' dir='ltr'><strong>et</strong></span> <span class='ocrx_word' id='word_1_944' title='bbox 3006 4640 3065 4693; x_wconf 86' lang='lat' dir='ltr'><strong>lit</strong></span> <span class='ocrx_word' id='word_1_945' title='bbox 3078 4652 3343 4710; x_wconf 64' lang='lat' dir='ltr'><strong>sinimus,</strong></span> <span class='ocrx_word' id='word_1_946' title='bbox 3362 4641 3628 4699; x_wconf 64' lang='lat' dir='ltr'><strong>lit-tantur.</strong></span> <span class='ocrx_word' id='word_1_947' title='bbox 3642 4646 3863 4703; x_wconf 75' lang='lat' dir='ltr'><strong>Revera</strong></span> 
     </span>
    </p>
   </div>
   <div class='ocr_carea' id='block_1_110' title="bbox 2270 4731 3864 4805">
    <p class='ocr_par' dir='ltr' id='par_1_110' title="bbox 2270 4731 3864 4805">
     <span class='ocr_line' id='line_1_110' title="bbox 2270 4731 3864 4805; baseline 0.009 -25"><span class='ocrx_word' id='word_1_948' title='bbox 2270 4741 2520 4796; x_wconf 81' lang='lat' dir='ltr'><strong>magmun</strong></span> <span class='ocrx_word' id='word_1_949' title='bbox 2548 4739 2630 4783; x_wconf 89' lang='lat' dir='ltr'><strong>est</strong></span> <span class='ocrx_word' id='word_1_950' title='bbox 2660 4731 2969 4801; x_wconf 83' lang='lat' dir='ltr'><strong>mysterium</strong></span> <span class='ocrx_word' id='word_1_951' title='bbox 2993 4773 3009 4799; x_wconf 93' lang='lat'><strong>,</strong></span> <span class='ocrx_word' id='word_1_952' title='bbox 3037 4747 3288 4787; x_wconf 77' lang='lat' dir='ltr'><strong>arcanam</strong></span> <span class='ocrx_word' id='word_1_953' title='bbox 3329 4735 3615 4805; x_wconf 82' lang='lat' dir='ltr'><strong>quamdam</strong></span> <span class='ocrx_word' id='word_1_954' title='bbox 3646 4739 3864 4796; x_wconf 71' lang='lat' dir='ltr'><strong>habens</strong></span> 
     </span>
    </p>
   </div>
   <div class='ocr_carea' id='block_1_111' title="bbox 2268 4818 3866 4900">
    <p class='ocr_par' dir='ltr' id='par_1_111' title="bbox 2268 4818 3866 4900">
     <span class='ocr_line' id='line_1_111' title="bbox 2268 4818 3866 4900; baseline 0.008 -28"><span class='ocrx_word' id='word_1_955' title='bbox 2268 4818 2610 4888; x_wconf 86' lang='lat' dir='ltr'><strong>sapientiam.</strong></span> <span class='ocrx_word' id='word_1_956' title='bbox 2663 4818 2777 4878; x_wconf 90' lang='lat' dir='ltr'><strong>lloc</strong></span> <span class='ocrx_word' id='word_1_957' title='bbox 2813 4821 2995 4877; x_wconf 88' lang='lat' dir='ltr'><strong>multis</strong></span> <span class='ocrx_word' id='word_1_958' title='bbox 3043 4823 3329 4880; x_wconf 83' lang='lat' dir='ltr'><strong>retroactis</strong></span> <span class='ocrx_word' id='word_1_959' title='bbox 3371 4826 3587 4899; x_wconf 65' lang='lat' dir='ltr'><strong>mulis</strong></span> <span class='ocrx_word' id='word_1_960' title='bbox 3638 4827 3866 4900; x_wconf 73' lang='lat' dir='ltr'><strong>Moyses</strong></span> 
     </span>
    </p>
   </div>
   <div class='ocr_carea' id='block_1_112' title="bbox 2270 4910 3862 4988">
    <p class='ocr_par' dir='ltr' id='par_1_112' title="bbox 2270 4910 3862 4988">
     <span class='ocr_line' id='line_1_112' title="bbox 2270 4910 3862 4988; baseline 0.011 -27"><span class='ocrx_word' id='word_1_961' title='bbox 2270 4910 2595 4977; x_wconf 82' lang='lat' dir='ltr'><strong>prophetans</strong></span> <span class='ocrx_word' id='word_1_962' title='bbox 2636 4912 2800 4978; x_wconf 86' lang='lat' dir='ltr'><strong>dicit;</strong></span> <span class='ocrx_word' id='word_1_963' title='bbox 2832 4912 2934 4967; x_wconf 91' lang='lat' dir='ltr'><strong>hoc</strong></span> <span class='ocrx_word' id='word_1_964' title='bbox 2980 4924 3034 4969; x_wconf 88' lang='lat' dir='ltr'><strong>et</strong></span> <span class='ocrx_word' id='word_1_965' title='bbox 3065 4914 3261 4970; x_wconf 81' lang='lat' dir='ltr'><strong>Paulus</strong></span> <span class='ocrx_word' id='word_1_966' title='bbox 3298 4916 3538 4973; x_wconf 75' lang='lat' dir='ltr'><strong>claritatis</strong></span> <span class='ocrx_word' id='word_1_967' title='bbox 3579 4919 3792 4988; x_wconf 71' lang='lat' dir='ltr'><strong>profert</strong></span> <span class='ocrx_word' id='word_1_968' title='bbox 3842 4940 3862 4978; x_wconf 90' lang='lat'><strong>:</strong></span> 
     </span>
    </p>
   </div>
   <div class='ocr_carea' id='block_1_113' title="bbox 2269 4999 3864 5076">
    <p class='ocr_par' dir='ltr' id='par_1_113' title="bbox 2269 4999 3864 5076">
     <span class='ocr_line' id='line_1_113' title="bbox 2269 4999 3864 5076; baseline 0.009 -23"><span class='ocrx_word' id='word_1_969' title='bbox 2269 4999 2334 5053; x_wconf 85' lang='lat' dir='ltr'><strong>lu</strong></span> <span class='ocrx_word' id='word_1_970' title='bbox 2359 5000 2559 5056; x_wconf 82' lang='lat' dir='ltr'><strong>Christo</strong></span> <span class='ocrx_word' id='word_1_971' title='bbox 2587 5012 2636 5057; x_wconf 87' lang='lat' dir='ltr'><strong>et</strong></span> <span class='ocrx_word' id='word_1_972' title='bbox 2673 5002 2923 5057; x_wconf 75' lang='lat' dir='ltr'><strong>Ecclesia.</strong></span> <span class='ocrx_word' id='word_1_973' title='bbox 2956 5004 3064 5060; x_wconf 85' lang='lat' dir='ltr'><strong>Sed</strong></span> <span class='ocrx_word' id='word_1_974' title='bbox 3091 5020 3197 5059; x_wconf 90' lang='lat' dir='ltr'><strong>non</strong></span> <span class='ocrx_word' id='word_1_975' title='bbox 3227 5017 3447 5075; x_wconf 88' lang='lat' dir='ltr'><strong>propter</strong></span> <span class='ocrx_word' id='word_1_976' title='bbox 3471 5008 3643 5076; x_wconf 80' lang='lat' dir='ltr'><strong>ipsum</strong></span> <span class='ocrx_word' id='word_1_977' title='bbox 3669 5013 3864 5068; x_wconf 76' lang='lat' dir='ltr'><strong>solum</strong></span> 
     </span>
    </p>
   </div>
   <div class='ocr_carea' id='block_1_114' title="bbox 2271 5092 3865 5171">
    <p class='ocr_par' dir='ltr' id='par_1_114' title="bbox 2271 5092 3865 5171">
     <span class='ocr_line' id='line_1_114' title="bbox 2271 5092 3865 5171; baseline 0.006 -27"><span class='ocrx_word' id='word_1_978' title='bbox 2271 5092 2371 5147; x_wconf 89' lang='lat' dir='ltr'><strong>hoc</strong></span> <span class='ocrx_word' id='word_1_979' title='bbox 2395 5094 2593 5147; x_wconf 89' lang='lat' dir='ltr'><strong>dictum</strong></span> <span class='ocrx_word' id='word_1_980' title='bbox 2616 5105 2727 5156; x_wconf 88' lang='lat' dir='ltr'><strong>est.</strong></span> <span class='ocrx_word' id='word_1_981' title='bbox 2754 5095 2849 5149; x_wconf 88' lang='lat' dir='ltr'><strong>sed</strong></span> <span class='ocrx_word' id='word_1_982' title='bbox 2877 5096 3040 5150; x_wconf 85' lang='lat' dir='ltr'><strong>etiam</strong></span> <span class='ocrx_word' id='word_1_983' title='bbox 3065 5106 3282 5164; x_wconf 85' lang='lat' dir='ltr'><strong>propter</strong></span> <span class='ocrx_word' id='word_1_984' title='bbox 3306 5114 3570 5165; x_wconf 75' lang='lat' dir='ltr'><strong>uxorem;</strong></span> <span class='ocrx_word' id='word_1_985' title='bbox 3596 5102 3865 5171; x_wconf 75' lang='lat' dir='ltr'><strong>utipsam</strong></span> 
     </span>
    </p>
   </div>
   <div class='ocr_carea' id='block_1_115' title="bbox 2270 5181 3868 5254">
    <p class='ocr_par' dir='ltr' id='par_1_115' title="bbox 2270 5181 3868 5254">
     <span class='ocr_line' id='line_1_115' title="bbox 2270 5181 3868 5254; baseline 0.008 -17"><span class='ocrx_word' id='word_1_986' title='bbox 2270 5194 2537 5253; x_wconf 84' lang='lat' dir='ltr'><strong>tamquam</strong></span> <span class='ocrx_word' id='word_1_987' title='bbox 2569 5186 2837 5254; x_wconf 88' lang='lat' dir='ltr'><strong>propriam</strong></span> <span class='ocrx_word' id='word_1_988' title='bbox 2861 5201 3078 5242; x_wconf 87' lang='lat' dir='ltr'><strong>carnem</strong></span> <span class='ocrx_word' id='word_1_989' title='bbox 3107 5181 3320 5253; x_wconf 63' lang='lat' dir='ltr'><strong>foveat,</strong></span> <span class='ocrx_word' id='word_1_990' title='bbox 3352 5188 3493 5245; x_wconf 88' lang='lat' dir='ltr'><strong>sicut</strong></span> <span class='ocrx_word' id='word_1_991' title='bbox 3515 5198 3571 5243; x_wconf 88' lang='lat' dir='ltr'><strong>et</strong></span> <span class='ocrx_word' id='word_1_992' title='bbox 3599 5190 3868 5249; x_wconf 79' lang='lat' dir='ltr'><strong>Christus</strong></span> 
     </span>
    </p>
   </div>
   <div class='ocr_carea' id='block_1_116' title="bbox 2270 5274 3870 5349">
    <p class='ocr_par' dir='ltr' id='par_1_116' title="bbox 2270 5274 3870 5349">
     <span class='ocr_line' id='line_1_116' title="bbox 2270 5274 3870 5349; baseline 0.004 -19"><span class='ocrx_word' id='word_1_993' title='bbox 2270 5276 2585 5331; x_wconf 82' lang='lat' dir='ltr'><strong>Ecclesiam.</strong></span> <span class='ocrx_word' id='word_1_994' title='bbox 2643 5274 2787 5330; x_wconf 68' lang='lat' dir='ltr'><strong>Uxor</strong></span> <span class='ocrx_word' id='word_1_995' title='bbox 2830 5289 2997 5332; x_wconf 73' lang='lat' dir='ltr'><strong>autem</strong></span> <span class='ocrx_word' id='word_1_996' title='bbox 3046 5280 3216 5332; x_wconf 87' lang='lat' dir='ltr'><strong>timeat</strong></span> <span class='ocrx_word' id='word_1_997' title='bbox 3253 5281 3437 5335; x_wconf 66' lang='lat' dir='ltr'><strong>uirum.</strong></span> <span class='ocrx_word' id='word_1_998' title='bbox 3465 5278 3580 5334; x_wconf 79' lang='lat' dir='ltr'><strong>Non</strong></span> <span class='ocrx_word' id='word_1_999' title='bbox 3620 5283 3870 5349; x_wconf 81' lang='lat' dir='ltr'><strong>amplius</strong></span> 
     </span>
    </p>
   </div>
   <div class='ocr_carea' id='block_1_117' title="bbox 2272 5368 3870 5441">
    <p class='ocr_par' dir='ltr' id='par_1_117' title="bbox 2272 5368 3870 5441">
     <span class='ocr_line' id='line_1_117' title="bbox 2272 5368 3870 5441; baseline 0.006 -22"><span class='ocrx_word' id='word_1_1000' title='bbox 2272 5368 2421 5436; x_wconf 79' lang='grc' dir='ltr'>ικιιιίι</span> <span class='ocrx_word' id='word_1_1001' title='bbox 2445 5383 2567 5435; x_wconf 64' lang='lat' dir='ltr'><strong>quae</strong></span> <span class='ocrx_word' id='word_1_1002' title='bbox 2593 5378 2718 5422; x_wconf 87' lang='lat' dir='ltr'><strong>sunt</strong></span> <span class='ocrx_word' id='word_1_1003' title='bbox 2742 5369 2917 5423; x_wconf 85' lang='lat' dir='ltr'><strong>solum</strong></span> <span class='ocrx_word' id='word_1_1004' title='bbox 2948 5370 3211 5437; x_wconf 82' lang='lat' dir='ltr'><strong>caritatis,</strong></span> <span class='ocrx_word' id='word_1_1005' title='bbox 3253 5370 3350 5426; x_wconf 88' lang='lat' dir='ltr'><strong>sed</strong></span> <span class='ocrx_word' id='word_1_1006' title='bbox 3377 5372 3501 5441; x_wconf 89' lang='lat' dir='ltr'><strong>quid</strong></span> <span class='ocrx_word' id='word_1_1007' title='bbox 3526 5371 3551 5425; x_wconf 71' lang='grc' dir='ltr'>ἲ</span> <span class='ocrx_word' id='word_1_1008' title='bbox 3581 5370 3652 5427; x_wconf 83' lang='lat' dir='ltr'><strong>Ut</strong></span> <span class='ocrx_word' id='word_1_1009' title='bbox 3676 5375 3870 5430; x_wconf 63' lang='lat' dir='ltr'><strong>timus</strong></span> 
     </span>
    </p>
   </div>
   <div class='ocr_carea' id='block_1_118' title="bbox 2270 5450 3874 5533">
    <p class='ocr_par' dir='ltr' id='par_1_118' title="bbox 2270 5450 3874 5533">
     <span class='ocr_line' id='line_1_118' title="bbox 2270 5450 3874 5533; baseline 0.006 -22"><span class='ocrx_word' id='word_1_1010' title='bbox 2270 5461 2455 5511; x_wconf 79' lang='lat' dir='ltr'><strong>virum.</strong></span> <span class='ocrx_word' id='word_1_1011' title='bbox 2483 5458 2674 5512; x_wconf 69' lang='lat' dir='ltr'><strong>Mulier</strong></span> <span class='ocrx_word' id='word_1_1012' title='bbox 2696 5450 2782 5521; x_wconf 77' lang='lat' dir='ltr'><strong>est</strong></span> <span class='ocrx_word' id='word_1_1013' title='bbox 2810 5459 3080 5514; x_wconf 81' lang='lat' dir='ltr'><strong>secundus</strong></span> <span class='ocrx_word' id='word_1_1014' title='bbox 3102 5460 3449 5529; x_wconf 71' lang='lat' dir='ltr'><strong>principatus.</strong></span> <span class='ocrx_word' id='word_1_1015' title='bbox 3476 5460 3662 5531; x_wconf 77' lang='lat' dir='ltr'><strong>Neque</strong></span> <span class='ocrx_word' id='word_1_1016' title='bbox 3693 5463 3874 5533; x_wconf 65' lang='lat' dir='ltr'><strong>igitur</strong></span> 
     </span>
    </p>
   </div>
   <div class='ocr_carea' id='block_1_119' title="bbox 2273 5550 3874 5625">
    <p class='ocr_par' dir='ltr' id='par_1_119' title="bbox 2273 5550 3874 5625">
     <span class='ocr_line' id='line_1_119' title="bbox 2273 5550 3874 5625; baseline 0.001 -19"><span class='ocrx_word' id='word_1_1017' title='bbox 2273 5553 2385 5621; x_wconf 86' lang='lat' dir='ltr'><strong>ipsa</strong></span> <span class='ocrx_word' id='word_1_1018' title='bbox 2407 5550 2585 5619; x_wconf 74' lang='lat' dir='ltr'><strong>exigat</strong></span> <span class='ocrx_word' id='word_1_1019' title='bbox 2609 5551 2971 5621; x_wconf 62' lang='lat' dir='ltr'><strong>aequalitatem</strong></span> <span class='ocrx_word' id='word_1_1020' title='bbox 2991 5552 3211 5607; x_wconf 74' lang='lat' dir='ltr'><strong>bonocis</strong></span> <span class='ocrx_word' id='word_1_1021' title='bbox 3229 5570 3245 5618; x_wconf 90' lang='lat'><strong>;</strong></span> <span class='ocrx_word' id='word_1_1022' title='bbox 3273 5564 3356 5609; x_wconf 84' lang='lat' dir='ltr'><strong>est</strong></span> <span class='ocrx_word' id='word_1_1023' title='bbox 3369 5554 3513 5609; x_wconf 89' lang='lat' dir='ltr'><strong>enim</strong></span> <span class='ocrx_word' id='word_1_1024' title='bbox 3533 5555 3633 5609; x_wconf 88' lang='lat' dir='ltr'><strong>suh</strong></span> <span class='ocrx_word' id='word_1_1025' title='bbox 3647 5557 3845 5625; x_wconf 61' lang='lat' dir='ltr'><strong>capia:</strong></span> <span class='ocrx_word' id='word_1_1026' title='bbox 3856 5577 3874 5614; x_wconf 83' lang='lat'><strong>;</strong></span> 
     </span>
    </p>
   </div>
   <div class='ocr_carea' id='block_1_120' title="bbox 2273 5635 3877 5716">
    <p class='ocr_par' dir='ltr' id='par_1_120' title="bbox 2273 5635 3877 5716">
     <span class='ocr_line' id='line_1_120' title="bbox 2273 5635 3877 5716; baseline 0 -18"><span class='ocrx_word' id='word_1_1027' title='bbox 2273 5635 2447 5713; x_wconf 78' lang='lat' dir='ltr'><strong>neque</strong></span> <span class='ocrx_word' id='word_1_1028' title='bbox 2491 5642 2580 5703; x_wconf 89' lang='lat' dir='ltr'><strong>ille</strong></span> <span class='ocrx_word' id='word_1_1029' title='bbox 2624 5657 2742 5696; x_wconf 86' lang='lat' dir='ltr'><strong>eam</strong></span> <span class='ocrx_word' id='word_1_1030' title='bbox 2786 5642 3047 5713; x_wconf 86' lang='lat' dir='ltr'><strong>despiciat</strong></span> <span class='ocrx_word' id='word_1_1031' title='bbox 3090 5654 3357 5713; x_wconf 83' lang='lat' dir='ltr'><strong>tamquam</strong></span> <span class='ocrx_word' id='word_1_1032' title='bbox 3383 5646 3724 5716; x_wconf 73' lang='lat' dir='ltr'><strong>subjectum;</strong></span> <span class='ocrx_word' id='word_1_1033' title='bbox 3779 5659 3877 5703; x_wconf 62' lang='lat' dir='ltr'><strong>es:</strong></span> 
     </span>
    </p>
   </div>
   <div class='ocr_carea' id='block_1_121' title="bbox 2271 5735 3873 5810">
    <p class='ocr_par' dir='ltr' id='par_1_121' title="bbox 2271 5735 3873 5810">
     <span class='ocr_line' id='line_1_121' title="bbox 2271 5735 3873 5810; baseline 0 -15"><span class='ocrx_word' id='word_1_1034' title='bbox 2271 5737 2415 5795; x_wconf 77' lang='lat' dir='ltr'><strong>enim</strong></span> <span class='ocrx_word' id='word_1_1035' title='bbox 2437 5750 2634 5809; x_wconf 78' lang='lat' dir='ltr'><strong>corpus</strong></span> <span class='ocrx_word' id='word_1_1036' title='bbox 2656 5754 2674 5792; x_wconf 72' lang='grc' dir='ltr'><strong>ι</strong></span> <span class='ocrx_word' id='word_1_1037' title='bbox 2698 5735 2743 5792; x_wconf 84' lang='lat' dir='ltr'><strong>si</strong></span> <span class='ocrx_word' id='word_1_1038' title='bbox 2771 5745 2935 5808; x_wconf 76' lang='lat' dir='ltr'><strong>caput</strong></span> <span class='ocrx_word' id='word_1_1039' title='bbox 2960 5752 3157 5810; x_wconf 84' lang='lat' dir='ltr'><strong>corpus</strong></span> <span class='ocrx_word' id='word_1_1040' title='bbox 3185 5737 3480 5810; x_wconf 75' lang='lat' dir='ltr'><strong>despiciat,</strong></span> <span class='ocrx_word' id='word_1_1041' title='bbox 3514 5739 3685 5810; x_wconf 60' lang='lat' dir='ltr'><strong>ipsum</strong></span> <span class='ocrx_word' id='word_1_1042' title='bbox 3711 5754 3873 5809; x_wconf 76' lang='lat' dir='ltr'><strong>quu-</strong></span> 
     </span>
    </p>
   </div>
  </div>
