4096 6310
185 381 280 434 ευ

183 510 294 563 que
319 491 553 563 peribit:
600 487 911 546 sedalferat
938 485 1277 541 dilectionem
1325 498 1446 552 qua:
1496 486 1766 546 tamquam

187 584 246 639 in
275 583 575 655 :cquilibrio
603 578 924 650 respondeat
944 572 1461 632 obedientim.‘Sicut
1488 577 1668 638 caput,
1686 566 1767 621 ita

185 685 246 731 et
266 690 502 746 corpus:
534 674 640 729 hoc
669 672 742 726 illi
785 671 852 725 ad
902 669 1254 724 ministerium
1278 664 1514 735 praebeat
1543 675 1764 724 manus,

187 767 352 837 pedes
385 776 443 820 et
481 765 685 833 reliqua
728 762 908 817 omnia
936 759 1209 824 membra;
1243 749 1373 812 illud
1413 765 1592 809 autem
1643 753 1766 805 huic

187 857 429 927 iuvigilet
478 856 624 910 omni
691 854 1008 909 instructum
1065 848 1435 918 intelligentia.
1481 843 1627 900 Nihil
1683 850 1768 897 est

187 952 292 1004 hoc
324 951 577 1019 conjugio
613 948 806 1002 melius
850 957 904 1001 et
943 944 1302 1015 praestantius.
1359 937 1429 994 Et
1456 935 1762 1008 quomodo,

182 1041 394 1110 inquit,
449 1043 608 1094 fuerit
634 1038 851 1093 dilectio
874 1079 890 1102 ,
937 1037 983 1090 si
1010 1045 1094 1091 est
1121 1032 1338 1088 metus?
1382 1031 1609 1086 Maximo
1637 1040 1764 1082 tunc

181 1133 364 1187 fuerit.
415 1131 547 1186 Nam
575 1146 700 1201 quae.
728 1131 918 1194 timet,
966 1129 1126 1183 etiam
1156 1126 1323 1196 diligit
1350 1140 1366 1188 ;
1397 1138 1517 1194 quae
1546 1121 1716 1190 diligit
1743 1161 1758 1184 ,

182 1225 340 1277 timet
368 1232 636 1292 tamquam
659 1231 820 1292 caput
839 1263 858 1287 ,
912 1219 1085 1290 diligit
1115 1217 1384 1286 tamquam
1415 1215 1712 1268 membrum
1743 1229 1758 1265 :

182 1330 312 1366 nam
359 1317 519 1383 caput
559 1328 775 1382 quoque
819 1321 905 1367 est
945 1312 1244 1364 membrum
1293 1307 1454 1361 totius
1495 1306 1759 1373 corporis.

179 1404 476 1474 Propterea
504 1404 650 1458 illam
672 1404 888 1472 quidem
916 1401 1166 1472 subjecit,
1199 1400 1340 1464 hunc
1364 1412 1495 1452 vero
1525 1395 1764 1466 praafecit

173 1506 232 1550 et
257 1511 420 1562 supra
449 1497 665 1566 posuit,
693 1504 751 1548 ut
775 1503 918 1548 esset
949 1508 1073 1562 pax.
1119 1490 1220 1546 Ubi
1247 1489 1389 1544 enim
1417 1497 1503 1542 est
1539 1488 1762 1541 honoris

171 1589 478 1654 :equalitas,
512 1603 609 1655 pax
641 1591 927 1656 numquam
957 1585 1138 1650 fuerit,
1159 1597 1331 1652 neque
1360 1582 1405 1636 si
1435 1582 1628 1635 domus
1653 1595 1758 1651 po-

171 1677 352 1745 pulari
379 1677 856 1747 regaturimperio,
879 1691 1054 1745 neque
1079 1675 1122 1728 si
1144 1689 1335 1728 omnes
1356 1673 1641 1742 imperent,
1663 1677 1758 1725 sed

176 1784 404 1824 necesse
446 1780 530 1824 est
557 1782 614 1823 ut
642 1771 712 1824 sit
738 1784 874 1823 unus
914 1761 1262 1838 principatus.
1319 1765 1386 1819 Et
1413 1764 1529 1818 bare
1564 1764 1760 1831 ubique

170 1863 226 1915 in
255 1860 660 1930 corporalibus:
685 1875 810 1914 nam
839 1860 884 1914 si
906 1859 1015 1913 sint
1039 1859 1138 1913 viri
1165 1857 1491 1924 spirituales,
1511 1861 1757 1925 erit-pax.

173 1953 349 2022 Erant
371 1954 658 2023 quinquies
679 1953 828 2007 mille
856 1952 1072 2014 animae,
1113 1961 1167 2004 et
1194 1964 1354 2004 nemo
1375 1949 1662 2016 quidquam
1690 1962 1756 2001 ex

168 2045 286 2098 suis
317 2043 661 2098 facultatibus
687 2043 899 2098 dicebat
926 2057 1050 2097 esse
1075 2041 1348 2111 proprium
1378 2039 1515 2109 (Act.
1543 2039 1598 2092 4.
1626 2037 1696 2092 52
1714 2038 1752 2105 ),

166 2133 268 2188 sed
289 2135 430 2188 inter
454 2149 515 2188 se
539 2133 766 2204 subjecti
799 2145 955 2188 erant
980 2134 1123 2187 alter
1149 2131 1324 2185 alteri.
1375 2130 1487 2185 lioc
1515 2138 1598 2183 est
1619 2127 1758 2182 indi-

164 2227 314 2280 cium
343 2225 620 2292 sapientis
661 2235 717 2280 et
767 2225 976 2279 timoris
1005 2224 1117 2278 Dei.
1176 2224 1350 2292 Atque
1375 2222 1612 2277 ostendit
1639 2219 1757 2290 qui-

165 2318 294 2372 dem
324 2317 540 2370 modum
562 2316 887 2379 dilectionis,
919 2315 1128 2369 timoris
1151 2325 1330 2367 autem
1363 2312 1622 2367 nondum.

241 2407 298 2461 5.
332 2408 395 2461 Et
422 2407 543 2461 vide
565 2406 778 2476 quidem
803 2422 925 2461 eum
950 2407 1173 2460 dilatare
1201 2415 1255 2460 et
1273 2405 1600 2474 amplilicare
1633 2417 1754 2473 quas

163 2505 295 2551 sunt
319 2497 643 2559 dilectionis,
674 2497 744 2552 de
765 2495 980 2552 Christo
1018 2504 1359 2561 narrantem,
1401 2507 1457 2549 et
1494 2497 1561 2550 de
1594 2509 1756 2549 carne

167 2591 406 2657 prppria,
435 2600 492 2644 et
515 2591 782 2644 dicentem
803 2631 819 2656 ,
853 2588 1074 2656 PrOpter
1093 2594 1186 2641 hoc
1211 2588 1458 2658 relinquet
1490 2587 1638 2640 homo
1662 2603 1755 2647 nuo

167 2688 298 2733 trem
322 2689 371 2732 et
401 2689 611 2732 nmtrem
629 2695 649 2733 :
669 2695 788 2749 qua:
815 2690 941 2734 sunt
966 2689 1144 2732 autem
1177 2681 1386 2753 timoris
1406 2694 1508 2732 non
1528 2679 1753 2733 dilatare

171 2783 277 2823 nec
314 2769 668 2837 amplificare.
716 2771 958 2836 Quanam
989 2769 1056 2824 de
1081 2769 1283 2823 causa?
1330 2769 1595 2836 Quoniam
1640 2770 1753 2832 vult

153 2863 515 2940 dilectionem
550 2862 718 2933 magis
747 2862 997 2918 obtinere
1018 2864 1373 2916 dominatum.
1404 2862 1535 2916 Nam
1569 2863 1613 2915 si
1638 2860 1752 2916 hare

171 2952 282 3016 sit,
318 2937 617 3021 sequuntur
641 2955 820 3008 omnia
858 2954 994 3017 alia;
1039 2954 1082 3007 si
1119 2954 1207 3007 ille
1235 2954 1331 3015 sit,
1371 2969 1475 3004 non
1507 2953 1748 3005 omnino.

169 3043 306 3098 Nam
330 3047 420 3116 qui
448 3045 622 3115 diligit
649 3061 896 3108 uxorem,
923 3046 1024 3100 etsi
1057 3060 1162 3100 non
1193 3045 1486 3099 admodum
1520 3045 1752 3113 morige-

165 3150 307 3199 ram,
332 3136 511 3189 omnia
543 3130 720 3189 tamen
750 3136 1039 3190 sustinebit
1065 3153 1079 3188 :
1123 3137 1264 3190 adeo
1290 3152 1379 3190 res
1403 3144 1489 3191 est
1521 3135 1750 3194 dit‘licilis

164 3234 222 3278 et
240 3223 407 3278 ardua
435 3225 746 3289 concordia,
805 3225 1023 3295 quando
1054 3241 1162 3279 non
1187 3225 1385 3280 fuerint
1403 3225 1636 3293 colligati
1667 3234 1751 3296 ty-

166 3315 393 3368 rannide
418 3315 758 3370 dilectionis:
787 3317 948 3371 timor
973 3327 1152 3371 autem
1182 3333 1287 3371 non
1313 3321 1534 3372 omnino
1567 3323 1621 3372 in
1649 3319 1751 3373 hoc

161 3421 228 3460 se
253 3417 398 3461 recte
416 3416 590 3476 geret.
621 3408 685 3461 Et
715 3408 835 3462 ideo
869 3409 1038 3479 magis
1055 3410 1368 3464 immoratur
1388 3411 1439 3464 in
1468 3410 1590 3474 hoc,
1609 3410 1750 3481 quod

162 3505 252 3550 est
289 3496 427 3551 forte
460 3513 524 3552 ac
555 3499 812 3572 validum.
865 3499 934 3553 Et
955 3501 1146 3555 mulier
1167 3542 1184 3565 ,
1214 3502 1300 3555 cui
1336 3501 1546 3555 videtur
1571 3501 1749 3555 πέτεττί

164 3588 447 3653 damnum,
477 3591 617 3660 quod
644 3591 898 3660 julieatur
918 3593 1129 3658 timere,
1161 3594 1434 3648 lucratur:
1465 3595 1580 3647 viro
1607 3594 1749 3648 enim

163 3691 248 3734 est
262 3693 586 3751 praiceptunt
613 3682 664 3737 id
684 3684 826 3752 quod
847 3693 929 3738 est
944 3685 1288 3753 prmcipuum,
1306 3700 1498 3753 nempe
1509 3685 1750 3754 diligere.

165 3771 307 3835 Quid
340 3787 472 3826 vero
493 3812 510 3836 ,
563 3773 765 3842 inquit,
808 3775 852 3829 si
882 3790 987 3829 non
1019 3774 1202 3828 timeat
1228 3775 1398 3828 uxor?
1453 3775 1534 3829 Tu
1559 3775 1748 3844 dilige,

167 3861 334 3931 imple
378 3861 521 3932 quod
564 3874 712 3917 tuum
751 3871 853 3917 est.
910 3864 1040 3918 Nam
1083 3865 1125 3918 si
1170 3880 1277 3917 non
1320 3875 1613 3933 sequantur
1634 3881 1769 3932 qum.

168 3954 471 4020 prmstanda
521 3965 648 4009 sunt
671 3956 740 4010 ab
776 3958 931 4022 aliis,
972 3967 1184 4026 oportet
1226 3965 1285 4009 ut
1313 3965 1604 4026 sequantur
1635 3972 1753 4025 qua:

164 4047 475 4115 praestanda
520 4056 646 4100 sunt
690 4061 719 4099 a
770 4048 944 4100 nobis.
990 4046 1458 4116 Exemplicausa:
1492 4046 1750 4116 Subjecti,

173 4130 350 4199 inquit
373 4169 389 4195 ,
434 4131 646 4184 inuicem
663 4131 725 4183 in
754 4133 932 4184 timore
954 4127 1185 4191 Christi.
1207 4125 1342 4204 Quid
1373 4145 1520 4200 ergo,
1552 4132 1595 4184 si
1620 4129 1756 4182 alter

169 4235 278 4275 non
323 4221 682 4290 subjiciatur?
730 4221 806 4276 Tu
835 4230 962 4290 pare
985 4223 1085 4290 legi
1120 4223 1231 4275 Del.
1276 4222 1352 4277 ita
1385 4222 1471 4275 hic
1499 4235 1709 4290 quoque
1738 4237 1752 4274 :

171 4309 363 4367 Mulier
390 4313 629 4382 quidem,
657 4312 870 4368 etiamsi
898 4328 1002 4367 non
1029 4313 1305 4382 diligatur,
1339 4313 1526 4366 timeat
1551 4322 1750 4375 tamen,

171 4421 241 4460 ne
268 4405 399 4459 nihil
427 4407 496 4460 ab
526 4406 638 4474 ipsa
672 4407 794 4468 fiat;
849 4415 904 4462 et
939 4407 1196 4471 maritus,
1249 4405 1458 4459 etiamsi
1489 4420 1623 4458 uxor
1649 4420 1753 4458 non

172 4499 380 4560 timeat,
405 4504 582 4552 tamen
610 4497 816 4567 diligat,
839 4507 895 4551 ut
920 4497 1035 4565 ipse
1058 4497 1110 4550 in
1141 4497 1288 4550 nullo
1314 4495 1559 4551 deﬁciat:
1592 4511 1758 4550 unuso

171 4590 401 4656 quisque
429 4589 576 4642 enim
619 4588 825 4655 accepit
854 4588 995 4658 quod
1024 4597 1107 4641 est
1137 4586 1432 4656 proprium.
1488 4585 1600 4641 Hoc
1629 4602 1756 4655 ergo

173 4681 579 4734 matrimonium
609 4691 696 4734 est
716 4679 1007 4734 secundum
1026 4677 1322 4740 Christum,
1357 4680 1755 4733 matrimonium

173 4774 455 4844 spirituale
479 4815 492 4834 ,
536 4783 587 4828 et
617 4772 898 4843 generatio
923 4773 1145 4841 Spiritus
1164 4813 1179 4835 ,
1233 4788 1342 4827 non
1368 4788 1435 4826 ex
1462 4771 1720 4842 sanguine
1740 4812 1754 4836 ,

175 4880 276 4920 nec
304 4881 372 4918 ex
399 4864 588 4918 dolore
625 4875 828 4932 partus.
858 4863 1008 4918 Talis
1035 4873 1118 4916 est
1143 4864 1305 4918 etiam
1337 4863 1501 4917 isaaci
1536 4877 1760 4930 genera-

175 4958 250 5010 tio
282 4973 295 5009 :
339 4955 467 5009 audi
496 4955 825 5024 Scripturam
869 4955 1158 5009 dicentem.
1207 4953 1275 5007 Et
1305 4955 1556 5008 desierunt
1584 4951 1760 5008 Same

172 5048 290 5117 ﬁeri
317 5049 428 5117 ejus
459 5047 762 5119 muliebriit(
793 5045 920 5100 Gen.
954 5048 1042 5102 £8.
1070 5047 1128 5101 ii
1153 5046 1199 5118 ).
1253 5047 1320 5100 Et
1359 5047 1758 5100 matrimonium

175 5159 282 5196 non
314 5159 383 5197 ex
413 5143 596 5196 se'nsili
643 5151 789 5197 motu
819 5157 918 5196 nec
961 5158 1026 5197 ex
1059 5141 1375 5211 corporibus
1396 5182 1410 5206 ,
1455 5139 1550 5194 sed
1588 5143 1758 5192 totum

175 5236 483 5304 spirituale.
517 5234 627 5289 Deo
651 5237 937 5303 conjuncta
967 5236 1142 5287 anima
1175 5235 1552 5302 conjunctione
1578 5232 1763 5287 ineffa-

176 5329 303 5394 bili,
337 5339 393 5381 ει
421 5343 582 5397 quam
621 5328 735 5397 ipse
759 5328 907 5381 solus
937 5326 1105 5381 novit.
1138 5325 1428 5395 Propterea
1460 5324 1623 5388 dicit,
1659 5322 1761 5387 Qui

173 5421 405 5474 actitaret
433 5418 679 5485 Domino,
693 5429 767 5473 est
795 5436 926 5473 unus
953 5418 1161 5489 spiritus
1186 5416 1388 5488 (LCor.
1405 5416 1583 5488 6J7).
1603 5414 1760 5471 Vides

174 5507 453 5588 quomodo
494 5514 644 5581 ponit
677 5513 911 5567 studium
952 5521 1006 5566 ut
1053 5525 1268 5566 carnem
1301 5513 1447 5566 carni
1477 5509 1661 5576 unia't,
1686 5518 1762 5588 et

176 5586 438 5674 spiritum;
455 5602 689 5673 spiritui.
721 5604 817 5659 Ubi
840 5611 966 5657 sunt
993 5602 1230 5657 haeretici
1250 5601 1343 5658 ?Si
1363 5586 1759 5660 matrimonium

177 5711 323 5751 esset
365 5712 432 5750 ex
486 5695 556 5750 iis
606 5711 726 5765 quae
787 5696 1155 5766 vituperantur
1185 5735 1200 5759 ,
1233 5709 1340 5749 non
1403 5709 1659 5763 sponsum
1709 5707 1763 5750 et

177 5803 434 5861 sponsam
501 5784 837 5857 rocai'isset,
898 5802 1004 5844 non
1060 5786 1350 5862 adhortans
1406 5787 1536 5844 illud
1595 5786 1759 5842 addu-

1001 371 1066 427 IN
1104 369 1321 426 EPIST.
1362 368 1453 422 AD
1492 363 1729 424 EPHES.
1769 362 1920 419 CAP.
1966 366 2025 422 γ.
2069 368 2300 424 ΗΟΜΙΙ..
2343 370 2461 426 XX.

3357 359 3456 434 μὲ

1875 480 2056 545 xisset,
2089 481 2354 550 Relinquet
2384 483 2534 538 homo
2561 492 2756 554 patrem
2798 494 2847 538 et
2891 495 3134 552 matrem;
3181 503 3279 542 nec
3323 505 3452 545 rur-

1876 586 1970 626 sus
1995 573 2365 642 subjunxisset
2390 593 2404 628 :
2444 574 2649 630 Dictum
2675 586 2749 630 est
2769 618 2782 640 ,
2813 579 2866 630 in
2893 578 3092 632 Christo
3121 591 3167 635 et
3194 580 3448 638 Ecclesia.

1875 664 1948 719 De
1977 665 2075 718 hac
2100 668 2241 720 enim
2272 667 2404 722 dicit
2422 668 2582 722 etiam
2610 669 3056 738 psalmographus
3079 688 3094 725 :
3126 671 3258 725 Audi
3277 715 3290 737 ,
3313 675 3448 742 ﬁlia,

1869 765 1916 808 et
1946 757 2087 821 vide,
2120 767 2167 809 et
2187 757 2376 834 inclina
2405 775 2577 811 aurem
2599 768 2739 812 tuam
2758 799 2774 823 ,
2809 769 2858 826 et
2884 761 3175 815 obliviscere
3207 753 3453 832 populum

1870 855 2031 909 tuum,
2059 857 2107 901 et
2127 847 2331 900 domum
2354 851 2512 918 patris
2543 850 2650 902 tui:
2674 859 2718 902 et
2747 852 3063 914 concupiscet
3092 853 3202 908 Rex
3222 857 3426 924 pulchri

1869 937 2093 990 tudinem
2111 949 2249 992 tuam
2275 938 2445 1010 (Psal.
2478 941 2568 994 ﬂ.
2599 941 2686 1011 ii)
2733 932 3027 1010 'Pmpterea
3055 949 3068 986 ι
3098 943 3296 997 hristus
3321 961 3450 1014 quo.

1867 1044 1971 1096 que
1995 1029 2242 1082 dicebat:
2277 1029 2388 1100 Ego
2412 1030 2542 1084 exivi
2571 1025 2602 1082 δ
2628 1029 2805 1094 Patre,
2829 1042 2876 1085 et
2892 1034 3001 1085 acui
3030 1031 3205 1103 (Joun.
3227 1035 3445 1104 16.28).

1866 1121 1972 1181 Sed
1994 1122 2208 1192 quando
2226 1123 2345 1177 dico
2371 1139 2493 1178 eum
2521 1125 2801 1192 reliquisse
2828 1126 3062 1186 Patrem.
3087 1143 3153 1181 ne
3190 1130 3293 1181 talv
3321 1145 3446 1197 qum

1865 1215 2155 1278 existimes,
2185 1217 2344 1284 quale
2373 1217 2510 1283 apud
2532 1217 2797 1279 homines.
2824 1219 3060 1273 locorum
3094 1225 3371 1273 transitum
3397 1233 3448 1274 et

1865 1311 2384 1359 transmutationetn.
2398 1304 2546 1359 Sicut
2566 1307 2706 1359 enim
2726 1307 2954 1361 exivisse
2973 1304 3184 1370 dicitur,
3201 1325 3304 1360 tt0n
3325 1328 3447 1374 quu-

1866 1398 2006 1452 niam
2028 1398 2210 1464 exivit,
2230 1398 2322 1452 sed
2343 1395 2562 1468 propter
2585 1413 2838 1456 carnem:
2868 1401 2936 1452 ita
2960 1402 3119 1453 etiam
3137 1402 3288 1459 illud.
3310 1400 3447 1452 1Μὶ-

1863 1489 1971 1558 φιὶι
1997 1488 2225 1542 Patrem.
2257 1489 2368 1542 Cur
2387 1503 2514 1557 ergo
2541 1503 2646 1541 non
2679 1488 2812 1541 dixit
2836 1488 2903 1542 de
2935 1504 3124 1550 uxore,
3143 1489 3446 1541 Adlia-n-hit

1862 1579 2056 1633 marito
2071 1593 2170 1633 suo
2184 1579 2209 1629 7
2227 1594 2454 1647 quanam
2481 1579 2548 1633 de
2568 1593 2728 1632 causa
2744 1579 3269 1644 ZQuoniam‘dieebat
3286 1582 3352 1632 de
3370 1583 3449 1632 di-

1862 1667 2112 1732 lectione,
2131 1679 2183 1722 et
2199 1668 2516 1738 loquebatur
2531 1684 2652 1722 cum
2675 1669 2810 1722 viro.
2831 1669 2960 1722 Nam
2979 1685 3101 1723 cum
3121 1671 3207 1722 illa
3231 1672 3444 1738 quidem

1863 1759 2086 1827 loquens
2108 1757 2176 1813 de
2202 1758 2394 1813 timore
2415 1758 2569 1822 dicit,
2608 1757 2700 1811 Vir
2725 1760 2799 1811 cst
2823 1769 2975 1826 caput
3014 1761 3189 1813 uxoris
3214 1776 3358 1823 suta;
3394 1773 3448 1814 et

1861 1848 2091 1902 (.‘liristus
2120 1863 2326 1912 rursus,
2362 1858 2514 1916 caput
2544 1847 2819 1903 Ecclesia):
2851 1863 2969 1904 cum
3013 1850 3129 1902 viro
3174 1861 3351 1904 autem
3380 1851 3447 1906 de

1859 1941 2145 1996 dilectione
2158 1942 2411 2011 loquitur,
2428 1950 2556 1998 etea
2572 1957 2691 2011 qua:
2711 1941 2775 1994 ad
2797 1943 2962 2009 ipsam
2981 1953 3218 2008 spectant
3239 1943 3312 1996 illi
3337 1953 3447 1996 tra-

1859 2032 1971 2097 dit;
2002 2047 2066 2087 ac
2091 2032 2158 2087 de
2183 2033 2471 2087 dilectione
2513 2047 2635 2086 cum
2667 2033 2758 2086 illo
2788 2031 2949 2085 verba
2979 2031 3127 2096 facit,
3156 2049 3278 2087 eum
3310 2049 3446 2087 cou-

1857 2125 2126 2196 stringens
2169 2134 2222 2180 et
2256 2126 2630 2195 conglutinans
2673 2133 2728 2190 et
2775 2125 2975 2180 faciens
3012 2125 3311 2181 adhaerere.
3342 2126 3452 2194 Qui

1858 2221 2000 2274 enim
2030 2224 2231 2288 patrem
2253 2218 2455 2272 dimisit
2479 2229 2701 2288 propter
2727 2229 3041 2283 uxorem,et
3067 2220 3236 2287 ipsam
3258 2235 3447 2274 rursus

1859 2322 2041 2381 postea
2073 2299 2291 2365 dimittit
2311 2319 2366 2365 et
2399 2311 2670 2380 relinquit,
2693 2325 2852 2380 quam
2873 2309 3168 2365 merebitur
3196 2310 3446 2365 veniam?

1857 2404 1972 2459 Non
1995 2403 2144 2458 vides
2161 2411 2418 2472 quantum
2438 2401 2577 2457 Deus
2598 2403 2860 2457 honorem
2879 2417 2996 2457 eam
3020 2405 3146 2458 velit
3162 2403 3441 2472 consequi,

1856 2509 1978 2549 cum
2008 2503 2060 2548 te
2087 2508 2116 2545 a
2149 2504 2299 2562 patre
2318 2493 2607 2547 abductum
2633 2492 2682 2546 ei
2709 2491 2941 2546 afllxerit
2962 2493 2986 2546 ?
3010 2491 3150 2560 Quid
3183 2509 3331 2558 vero,
3360 2493 3446 2546 in-

1856 2586 2006 2657 quit,
2031 2586 2075 2639 si
2104 2583 2240 2638 facta
2260 2584 2370 2638 sint
2398 2599 2427 2638 a
2461 2570 2616 2638 nobis
2639 2599 2759 2653 quae
2781 2591 2905 2637 sunt
2935 2581 3200 2646 facienda,
3227 2583 3315 2637 illa
3347 2599 3446 2637 au-

1859 2688 1964 2730 tem
1996 2690 2100 2730 non
2132 2675 2467 2744 sequantur!
2499 2669 2758 2729 Si'autem
2787 2673 3008 2742 inﬁdelis
3038 2673 3283 2738 discedit,
3330 2674 3443 2726 dis-

1855 2767 1999 2820 cedat
2028 2765 2102 2837 (i.
2119 2765 2237 2820 Cor.
2257 2768 2311 2818 7.
2333 2766 2445 2833 15).
2474 2764 2591 2819 Non
2613 2773 2696 2817 est
2712 2763 2957 2820 servituti
2979 2763 3251 2830 subjectus
3274 2762 3440 2817 frater

1855 2866 1950 2912 aut
1973 2873 2128 2911 soror
2156 2856 2209 2910 in
2240 2855 2558 2924 hujusmodi.
2603 2855 2709 2910 Sed
2732 2854 2949 2922 quando
2976 2854 3128 2908 audis
3166 2854 3459 2926 timorem”

1855 2949 2008 3017 exige
2031 2947 2275 3000 timorem
2303 2946 2393 3014 qui
2419 2945 2672 3000 convenit
2693 2945 2900 3009 liberat,
2931 2959 3037 2997 non
3077 2955 3347 3012 tamquam
3374 2945 3443 2997 ab

1854 3039 2069 3092 ancilla:
2093 3045 2178 3092 est
2191 3037 2332 3091 enim
2356 3052 2552 3105 corpus
2577 3046 2724 3089 tuum
2748 3053 2762 3088 :
2783 3050 2904 3087 nam
2924 3034 2966 3087 si
2991 3034 3092 3087 hoc
3120 3033 3332 3094 feceris,
3358 3044 3441 3086 te-
3473 3021 3476 3025 ’

1855 3131 2026 3199 ipsum
2051 3131 2248 3198 probro
2270 3129 2460 3193 aflicis,
2481 3138 2630 3182 tuum
2647 3141 2845 3194 corpus
2869 3110 3111 3180 afﬁciens
3127 3124 3441 3194 ignominia.
3465 3129 3468 3131 ’

1853 3220 1985 3286 Quis
2000 3229 2082 3274 est
2100 3229 2276 3274 autem
2297 3219 2480 3273 timor?
2492 3219 2564 3274 Ut
2580 3232 2684 3271 non
2704 3216 3052 3278 contradicat,
3063 3225 3126 3270 tit
3139 3229 3244 3269 non
3269 3217 3442 3270 insur-

1854 3324 1963 3381 gat,
1992 3322 2048 3366 ut
2094 3314 2300 3382 primas
2319 3321 2501 3386 partes
2530 3328 2636 3365 non
2665 3320 2810 3366 amet
2838 3328 2852 3364 :
2879 3311 2944 3364 ad
2973 3311 3086 3364 huic
3110 3325 3277 3376 usque
3309 3308 3443 3364 satis

1854 3416 1934 3458 est
1959 3405 2201 3458 timorem
2233 3404 2550 3459 consistere.
2573 3403 2666 3457 Sin
2683 3412 2861 3456 autem
2884 3402 3082 3471 diligis,
3101 3412 3160 3455 ut
3184 3402 3331 3468 jussa
3355 3417 3438 3466 es,

1855 3497 2015 3551 etiam
2039 3495 2238 3568 majora
2266 3495 2432 3549 facies
2455 3512 2470 3559 ;
2502 3494 2612 3548 imo
2637 3509 2765 3548 vero
2789 3510 2895 3547 non
2918 3493 3112 3547 timore
3128 3492 3230 3546 hoc
3254 3491 3440 3555 facies,

1855 3589 1951 3644 sed
1983 3589 2096 3657 ipsa
2123 3589 2284 3641 etiam
2314 3586 2532 3640 dilectio
2554 3585 2712 3640 faciet
2737 3584 2960 3654 aliquid.
3009 3585 3098 3636 Est
3126 3597 3288 3637 sexus
3319 3591 3442 3636 tuus

1854 3679 2247 3751 quodammodo
2272 3678 2604 3742 imbecillior,
2630 3678 2795 3731 multo
2819 3692 2983 3745 egens
3012 3676 3236 3742 auxilio,
3272 3675 3437 3730 multa

1857 3770 2178 3840 indulgentia
2202 3811 2218 3834 ,
2251 3779 2307 3823 ut
2337 3778 2440 3822 tuae
2473 3767 2800 3822 infirmitatis
2825 3765 3081 3821 habeatur
3112 3765 3268 3818 ratio.
3301 3763 3441 3829 Quid

1855 3862 2089 3916 dixerint
2110 3861 2198 3930 qui
2225 3859 2475 3914 secundis
2500 3859 2900 3928 eonjunguntur
2914 3857 3116 3925 nuptiis
3139 3855 3443 3909 ?-Nondico

1857 3952 2224 4007 condemnatis
2251 3990 2266 4012 ,
2297 3949 2471 4003 absit:
2512 3945 2798 4017 Apostolus
2842 3946 2984 4000 enim
3032 3945 3083 3999 id
3132 3946 3440 4008 concessit:

1857 4042 1951 4097 sed
1983 4041 2136 4095 valde
2165 4040 2300 4094 adeo
2341 4039 2408 4093 ad
2434 4037 2942 4107 ejusjiniirmitatem
2988 4052 3076 4092 me
3102 4037 3390 4091 demittens
3427 4053 3440 4090 :

1857 4134 1905 4186 ei
1937 4133 2113 4186 omnia
2145 4129 2322 4199 prmbe
2341 4170 2357 4193 ,
2409 4114 2588 4182 omnia
2615 4142 2711 4196 pro
2740 4128 2828 4181 illa
2857 4142 2983 4195 gere
3009 4137 3061 4181 et
3095 4118 3322 4202 patere:
3353 4126 3452 4181 iii--~

1857 4223 2060 4276 cumbit
2101 4221 2193 4275 tibi
2221 4220 2536 4275 necessitas.
2585 4217 2684 4273 Hic
2713 4233 2818 4272 non
2851 4217 2962 4271 vult
2987 4219 3227 4271 externis
3258 4232 3442 4272 exem-

1861 4311 1963 4385 plis
1997 4314 2415 4368 admonitionem
2440 4311 2716 4376 inducere,
2746 4309 2890 4380 quod
2922 4324 3066 4378 smpe
3097 4307 3240 4363 facit.
3272 4308 3439 4364 Sufﬂ-

1860 4408 2035 4462 ciebat
2058 4407 2198 4460 enim
2221 4403 2421 4460 Christi
2449 4403 2754 4471 exemplum
2781 4442 2794 4465 ,
2828 4410 2886 4455 ut
2909 4400 3050 4469 quod
3091 4409 3159 4453 su
3192 4413 3441 4468 maguum

1860 4507 1914 4552 et
1936 4497 2229 4552 vehemens
2249 4536 2264 4560 ,
2295 4495 2530 4549 maxime
2556 4503 2735 4546 autem
2761 4492 2827 4546 ad
2858 4493 3117 4545 rationem
3148 4491 3444 4557 subjectio.

1858 4589 2308 4655 uis.‘Relinquet,
2361 4585 2566 4654 inquit,
2610 4593 2805 4652 patrem
2834 4592 2882 4635 et
2915 4590 3147 4635 matrem.
3197 4580 3337 4635 Ecce
3375 4580 3444 4634 ab

1859 4681 2116 4738 externis.
2137 4678 2238 4733 Sed
2255 4694 2359 4731 non
2375 4677 2529 4738 dixit,
2549 4676 2613 4729 Et
2628 4671 2977 4736 cohabilabit,
2993 4672 3108 4737 sed,
3133 4671 3440 4736 Adhcrebit,

1859 4791 1952 4830 sco
1965 4772 2397 4844 agglutinabitur,
2414 4777 2653 4823 exactam
2669 4763 3440 4836 signiﬁcansconjunctiouem,

1860 4869 2196 4922 dilectionem
2230 4865 2408 4932 utique
2439 4861 2832 4915 vehementem.
2863 4856 3043 4924 Neque
3062 4858 3161 4911 hoc
3182 4856 3278 4910 l'uit
3314 4870 3443 4909 ωηεν

1863 4971 2059 5024 tentus,
2079 4958 2170 5012 sed
2189 4967 2243 5011 et
2261 4973 2352 5025 per
2374 4955 2425 5009 id
2446 4953 2586 5023 qtiod
2604 4951 2876 5020 subjungit
2902 4950 2979 5003 sic
3006 4948 3238 5003 Ostendi!
3265 4948 3437 5014 subje-

1859 5051 2114 5114 ctionem,
2131 5060 2187 5100 ut
2202 5047 2306 5100 duo
2325 5062 2428 5099 non
2451 5045 2677 5112 amplius
2699 5042 2804 5095 duo
2826 5049 3133 5109 appareant.
3157 5039 3270 5092 Non
3288 5038 3444 5104 dixit,

1865 5144 1917 5196 In
1947 5144 2162 5212 Spirilll;
2192 5155 2295 5194 noo
2327 5140 2481 5202 dixit,
2504 5139 2559 5192 lu
2587 5137 2795 5198 anima;
2817 5150 2936 5187 nam
2962 5134 3087 5188 illud
3112 5141 3196 5186 cst
3223 5131 3447 5191 nianil‘e,

1861 5243 2024 5298 stum,
2039 5243 2092 5286 ct
2106 5231 2208 5285 hoc
2223 5239 2396 5300 potest
2411 5229 2663 5298 quilibet;
2690 5227 2783 5280 sed
2803 5226 2870 5279 ita
2888 5235 2943 5277 ut
2960 5226 3048 5285 sit,
3071 5221 3134 5276 In
3146 5239 3298 5276 carne
3318 5239 3422 5274 ima

1934 5326 1988 5382 6.
2033 5327 2127 5379 llic
2147 5333 2229 5379 est
2259 5322 2523 5378 secundus
2549 5319 2904 5389 principatus,
2930 5317 3131 5369 habens
3159 5314 3443 5383 imperium

1865 5430 1919 5474 et
1947 5419 2170 5472 inultam
2200 5415 2418 5468 honoris
2445 5411 2802 5481 aequalitatem
2830 5425 2844 5471 ;
2887 5407 2982 5460 sed
3011 5415 3188 5459 tamen
3220 5407 3302 5457 vir
3347 5406 3444 5456 hac

1867 5511 1957 5564 bet
1994 5507 2190 5578 aliquid
2217 5506 2465 5573 amplius.
2503 5504 2613 5558 Hoc
2645 5511 2726 5557 est
2775 5500 3002 5553 maxima
3050 5497 3192 5562 salus
3231 5495 3444 5550 domus.

1865 5601 1997 5657 Nam
2030 5600 2157 5653 illud
2186 5598 2422 5668 quidem,
2452 5594 2594 5665 quod
2627 5595 2695 5646 sit
2721 5591 2940 5655 Christi,
2971 5589 3198 5657 accepit,
3231 5600 3332 5639 non
3360 5600 3448 5638 Sn-

1866 5693 1973 5747 lum
2004 5701 2059 5746 ut
2084 5691 2277 5746 debeat
2310 5688 2554 5758 diligere,
2583 5684 2678 5740 sed
2706 5685 2865 5738 etiam
2897 5691 2954 5735 ut
2981 5695 3100 5734 eam
3129 5679 3367 5732 insutuat
3392 5687 3446 5729 ct

1866 5783 2170 5842 moderetur
2196 5801 2205 5836 :
2247 5778 2312 5837 Ut
2338 5781 2421 5848 sit,
2455 5769 2642 5849 inquit,
2673 5784 2848 5830 sancta
2877 5782 2921 5826 et
2945 5769 3267 5825 imumculata
3295 5784 3311 5821 :
3343 5773 3444 5822 huc
