4096 6310
675 322 775 376 133

678 450 823 495 vero,
864 428 1077 495 Carnis,
1106 424 1172 480 ad
1224 419 1587 490 diligendum;
1628 424 1682 471 et
1716 412 1875 469 etiam
1915 404 2079 463 illud.
2132 402 2237 495 Att-

676 493 919 585 timebit,
974 493 1070 575 ad?
1105 514 1451 587 diligendum.
1522 508 1649 564 Nam
1711 505 1757 560 si
1822 515 1938 557 eam
2000 493 2243 587 eﬂ’eceris

676 622 915 668 sanctam
957 619 1009 664 et
1049 586 1464 667 immaculatum,
1510 604 1802 668 sequuntur
1828 589 2026 647 omnia.
2068 586 2243 653 Quare

677 718 799 773 qua:
843 710 967 755 sunt
999 699 1109 758 Dei,
1141 705 1192 751 et
1234 704 1523 764 sequentur
1552 689 1777 743 lnnnana
1807 698 1926 738 cum
1963 679 2124 773 multa
2164 674 2246 729 fa-

676 795 900 847 cilitate.
929 791 1203 858 Compone
1235 796 1289 841 et
1319 783 1597 838 nimlerare
1627 791 1870 839 uxorem,
1899 782 1952 827 et
1991 785 2069 825 sic
2096 782 2243 822 com—

679 890 899 956 ponitur
925 886 1134 939 domus.
1166 883 1298 938 Audi
1333 881 1549 935 Paulum
1579 877 1842 931 dicentem
1868 889 1881 924 :
1915 869 1976 923 Si
2001 864 2123 933 quid
2137 878 2245 956 "alt-

679 952 775 1032 tcm
806 979 973 1031 volunt
999 976 1207 1036 discere,
1231 973 1365 1026 dumi
1395 972 1522 1023 viros
1552 983 1670 1021 suos
1697 966 2002 1030 interrogent
2029 957 2102 1025 (l.
2126 952 2243 1005 Cor.

681 1071 769 1123 li.
814 1068 929 1136 35).
960 1067 1014 1122 Si
1059 1066 1248 1118 domos
1293 1071 1503 1116 nostras
1546 1059 1624 1111 sic
1662 1053 2115 1111 administremns,
2141 1042 2247 1111 apti

682 1163 840 1215 etiam
868 1160 1069 1213 erimus
1104 1157 1168 1209 ad
1197 1156 1486 1209 Ecclesiam
1517 1142 1995 1203 administrandam
2020 1157 2033 1190 :
2058 1138 2248 1191 domus

682 1252 825 1305 enim
877 1259 960 1303 est
1005 1262 1164 1317 [larva
1212 1242 1472 1299 Ecclesia.
1521 1239 1629 1298 Sic,
1660 1250 1779 1289 eum
1833 1232 1929 1285 viri
1958 1237 2013 1282 et
2057 1238 2250 1317 uxores

684 1342 836 1411 probi
893 1314 1107 1403 fuerint,
1160 1343 1381 1407 possunt
1429 1345 1616 1384 onines
1671 1322 2012 1411 antecellere.
2065 1314 2248 1384 Cogita

683 1410 1065 1492 ithrahamum,
1090 1427 1305 1484 Sarram
1334 1435 1388 1479 et
1416 1422 1578 1485 Isaac,
1600 1429 1661 1473 et
1682 1421 1947 1472 trecentos
1968 1410 2175 1467 decem,
2197 1412 2252 1458 et

675 1535 805 1579 octo
833 1537 1061 1593 vernas,_
1087 1518 1358 1590 quomodo
1387 1523 1494 1570 tota
1537 1514 1726 1565 domus
1764 1503 2053 1577 constituta
2096 1495 2253 1593 fuerit

685 1622 744 1668 et
770 1585 1088 1679 composita,
1105 1584 1384 1678 .qttouiodo
1415 1611 1521 1657 tota
1542 1599 1703 1653 fuerit
1731 1596 1881 1667 plena
1911 1592 2141 1679 pietate.
2158 1584 2251 1639 Illa

684 1711 1007 1776 praeceptum
1037 1698 1275 1768 implevit
1311 1694 1683 1764 apostolicum,
1714 1698 1771 1743 et
1798 1687 1970 1740 virum
2001 1678 2248 1776 timebat:

688 1770 811 1851 audi
865 1770 1008 1851 enim
1058 1794 1223 1861 ipsam
1268 1790 1569 1850 dicentem,
1639 1781 1883 1837 Nondum
1930 1774 2053 1829 mihi
2095 1770 2253 1825 euertit

686 1889 965 1941 hactenus:
999 1886 1230 1938 dominus
1258 1892 1424 1935 autem
1476 1894 1613 1932 meus
1640 1886 1711 1928 est
1755 1874 1921 1927 senior
1965 1866 2114 1938 (Ceu.
2164 1863 2251 1918 18.

689 1981 779 2050 12)
805 2000 818 2033 :
844 1989 900 2033 et
934 1979 1018 2031 ille
1047 1978 1212 2047 ipsam
1242 1975 1319 2028 sic
1346 1970 1617 2039 diligebat,
1652 1977 1708 2020 ut
1748 1961 1951 2033 iubenti
1984 1960 2035 2012 in
2081 1954 2254 2009 omni-

685 2070 787 2126 bus
820 2077 1051 2138 pareret.
1078 2068 1137 2120 lit
1164 2078 1299 2135 puer
1324 2070 1444 2116 erat
1471 2061 1664 2113 virtute
1694 2053 1965 2122 prteditns,
1986 2056 2043 2102 et
2076 2058 2253 2099 verna:

659 2136 784 2229 Iipsi
810 2136 1020 2228 quoque
1046 2165 1199 2211 erant
1252 2150 1618 2213 admirabiles,
1660 2146 1750 2215 qui
1795 2157 1899 2196 non
1948 2139 2255 2229 dubitarunt

685 2227 846 2304 etiam
876 2246 1167 2316 perieulum
1195 2233 1342 2297 adire
1366 2256 1489 2317 cum
1520 2236 1758 2297 domino,
1800 2246 1905 2286 non
1934 2227 2256 2284 distulerunt

693 2352 866 2408 neque
908 2351 1123 2391 causam
1170 2332 1556 2402 inquisierunt;
1609 2325 1702 2381 sed
1746 2337 1885 2377 unus
1934 2336 1997 2375 ex
2057 2318 2122 2371 iis
2166 2330 2256 2385 qui

690 2436 939 2498 pra-erat.
962 2426 1097 2479 adeo
1121 2433 1237 2478 erat
1263 2419 1623 2483 admirandus,
1647 2426 1703 2471 ut
1724 2415 1843 2483 ejus
1870 2410 1986 2466 fidei
2017 2410 2088 2463 sit
2112 2421 2260 2498 coni-

692 2497 913 2572 tnissum
945 2515 1089 2570 unici
1122 2514 1212 2567 lilii
1247 2508 1679 2571 matrimonium,
1710 2519 1915 2560 necnon
1944 2509 2093 2555 extra
2125 2497 2259 2550 lines

693 2607 928 2678 regionis
955 2606 1333 2676 peregrinatio.
1379 2602 1532 2678 Sicut
1573 2600 1715 2652 enim
1745 2598 1957 2665 quando
1999 2590 2100 2644 sub
2124 2587 2261 2678 duce

694 2676 819 2753 belli
847 2706 992 2752 recte
1020 2694 1351 2763 compositus
1377 2676 1537 2745 fuerit
1558 2688 1846 2747 exercitus,
1882 2683 2075 2736 bellmu
2118 2677 2259 2731 nulla

690 2805 755 2842 ex
788 2798 934 2857 parte
968 2787 1200 2855 ingruit:
1237 2785 1305 2837 ita
1336 2782 1684 2848 hicq‘uoqne,
1713 2773 1925 2844 quando
1965 2770 2185 2825 maritus
2206 2773 2263 2819 et

692 2895 827 2933 uxor
851 2887 903 2933 et
932 2877 1023 2930 lilii
1050 2887 1104 2930 et
1132 2874 1311 2929 famuli
1352 2872 1537 2926 eadem
1573 2876 1783 2927 curant,
1812 2876 2000 2933 magna
2038 2866 2124 2914 est
2163 2857 2262 2910 do-

693 2966 1145 3023 mus-concordia.
1166 2962 1376 3033 Alioqui
1401 2964 1444 3017 si
1468 2977 1573 3014 non
1603 2960 1671 3013 ita
1699 2958 1787 3017 sit,
1811 2970 1953 3021 saepe
1981 2967 2076 3021 per
2100 2962 2263 3003 unum

701 3075 927 3130 nequam
964 3071 1174 3112 Servum
1206 3048 1509 3108 uuiversu’m
1543 3049 1816 3109 evertitur,
1841 3054 1897 3099 et
1923 3039 2262 3104 dissolvitur;

694 3161 758 3217 et
801 3162 936 3203 unus
980 3132 1123 3215 sarpe
1152 3152 1320 3199 totum
1351 3141 1494 3194 delet
1534 3149 1593 3194 et
1625 3135 1828 3207 perdit.
1859 3133 2099 3201 Magnam
2137 3140 2265 3197 ergo

698 3257 881 3296 curam
907 3254 1152 3307 geramus
1171 3247 1223 3290 et
1250 3249 1472 3289 uxorum
1495 3240 1549 3285 et
1576 3230 1863 3284 liberorum
1886 3233 1941 3278 et
1964 3232 2263 3283 servorum,

699 3335 931 3387 scientes
968 3329 1107 3400 quod
1141 3328 1491 3397 principatum
1537 3321 1688 3382 nobis
1717 3318 1846 3387 ipsis
1875 3314 2157 3370 reddemus
2184 3309 2265 3363 fa-

702 3424 897 3478 cilem:
930 3424 1274 3487 cicinensque
1320 3427 1375 3471 et
1421 3413 1646 3482 benigna
1693 3409 1797 3463 erit
1844 3404 1998 3460 nobis
2042 3400 2264 3458 rationis

706 3513 954 3577 redditio,
986 3519 1041 3565 ct
1083 3511 1361 3563 dicemus:
1402 3505 1527 3559 Ecce
1570 3519 1661 3574 ego
1697 3511 1743 3553 et
1787 3500 1949 3570 pueri,
1988 3511 2113 3565 quos
2142 3491 2267 3546 milii

703 3602 989 3658 deditbeus
1004 3600 1155 3672 (Isai.
1171 3605 1222 3654 8.
1246 3599 1354 3669 18).
1371 3596 1424 3651 Si
1447 3600 1513 3650 sit
1531 3596 1611 3647 vir
1624 3590 1988 3653 admirandus,
2005 3587 2269 3641 etbonum

705 3708 881 3762 tumul.
915 3695 1176 3763 reliquum
1208 3706 1418 3761 quoque
1443 3703 1639 3757 corpus
1659 3684 1858 3743 nullam
1890 3682 1993 3734 vim
2018 3678 2264 3750 patietur.

777 3785 1045 3852 Quomodo
1070 3800 1124 3836 se
1147 3797 1315 3849 gerere
1340 3780 1513 3831 debent
1542 3779 1617 3829 vir
1638 3790 1760 3843 ergo
1786 3787 2010 3827 uxorein.
2033 3797 2104 3809 -—
2129 3768 2272 3836 Quo-

710 3875 871 3931 tnodo
891 3874 1106 3944 quidem
1136 3880 1277 3925 recte
1304 3886 1361 3923 se
1393 3868 1622 3921 habeant
1648 3879 1736 3919 res
1766 3862 1946 3917 uxoris
1965 3866 2019 3913 et.
2037 3874 2125 3913 res
2151 3859 2273 3920 viri,

708 3978 895 4022 exacte
936 3976 988 4021 et
1033 3974 1279 4019 accurate
1306 3960 1459 4025 dixit,
1490 3969 1546 4013 ut
1587 3958 1674 4028 qui
1707 3957 1779 4010 illi
1810 3953 2024 4025 quidem
2051 3950 2278 4005 suaserit

713 4070 772 4111 ut
820 4060 1005 4114 timeat
1049 4066 1316 4125 tamquam
1362 4060 1553 4120 caput;
1606 4047 1730 4103 huic
1772 4054 1948 4100 autem
1994 4051 2055 4097 ut
2098 4040 2281 4108 diligat

716 4164 981 4220 tamquam
1008 4162 1265 4201 uxorem:
1292 4143 1409 4208 sed,
1436 4140 1734 4210 Quomodo,
1756 4136 1946 4206 inquit,
1980 4134 2091 4187 lucc
2120 4130 2281 4185 fient?

716 4242 849 4298 Nam
874 4239 1017 4311 quod
1046 4243 1296 4307 oporteat
1318 4233 1567 4305 quidem,
1594 4227 1860 4293 ostendit;
1890 4222 2157 4297 quomodo
2184 4237 2282 4274 au-

719 4347 848 4397 tem,
879 4346 981 4402 ego
1004 4330 1157 4385 vobis
1187 4328 1361 4382 dicam
1395 4343 1409 4379 :
1460 4324 1506 4379 si
1548 4320 1807 4392 pecunias
1832 4316 2209 4387 despiciamus,
2237 4311 2283 4366 si

720 4442 881 4480 unum
903 4431 1311 4492 exspectemus,
1343 4431 1534 4485 nempe
1564 4416 1812 4469 virtutem
1857 4410 2069 4472 animai,
2101 4408 2147 4460 si
2193 4404 2284 4458 Dei

721 4527 924 4570 metum
964 4512 1255 4566 habeamus
1294 4517 1419 4563 ante
1460 4504 1667 4561 oculos.
1699 4501 1852 4569 Quod
1880 4499 2023 4555 enim
2050 4496 2281 4556 dicebat,

719 4622 842 4662 eum
865 4604 1159 4660 dissereret
1183 4601 1251 4656 de
1295 4597 1505 4655 servis:
1539 4595 1897 4661 Quodcumque
1924 4587 2094 4660 fecerit
2128 4602 2286 4640 unus-

719 4700 930 4771 quisque
951 4696 1133 4751 bonum
1154 4702 1244 4746 aut
1263 4692 1476 4773 malum,
1498 4688 1593 4742 hoc
1618 4685 1821 4752 recipiet
1850 4698 1882 4734 α
1906 4679 2164 4741 Domino;
2192 4678 2292 4731 hoc

727 4792 815 4847 hic
854 4800 1085 4860 quoque.
1119 4783 1235 4839 Non
1264 4797 1395 4852 ergo
1437 4786 1653 4850 propter
1685 4776 1829 4829 illam
1870 4780 2097 4837 tantum,
2119 4783 2291 4860 quan:

620 4943 624 4948 ,
725 4893 841 4937 tutu
875 4857 1105 4950 propter
1150 4874 1420 4931 Christnm
1467 4875 1679 4938 oportet
1716 4880 1842 4921 eam
1890 4861 2133 4932 diligere.
2183 4857 2294 4913 lioe

728 4986 856 5043 ergo
877 4984 1090 5042 quoque
1115 4960 1721 5028 subindicavit,dicens:
1742 4955 2026 5024 Tamquam
2053 4952 2291 5007 Domino.

726 5064 1018 5132 Tamquam
1051 5057 1274 5113 Domino
1297 5069 1425 5124 ergo
1451 5052 1771 5120 obsequens,
1796 5055 1853 5103 et
1880 5053 2095 5117 propter
2120 5046 2294 5116 ipsum

728 5152 909 5211 omnia
944 5151 1169 5213 faciens,
1192 5147 1270 5201 sic
1299 5159 1423 5216 gere
1451 5144 1627 5197 omnia
1654 5158 1669 5194 :
1699 5139 1799 5195 hoc
1824 5138 2019 5193 suflicit
2047 5135 2113 5191 ad
2143 5135 2298 5191 indu-

732 5244 959 5301 cendum
996 5250 1057 5297 et
1092 5226 1523 5310 persuadendum
1545 5272 1561 5299 ,
1586 5241 1778 5288 etnon
1825 5227 2102 5284 sincudum
2148 5236 2205 5280 ut
2231 5226 2302 5280 sit

734 5340 840 5391 ulla
869 5338 933 5389 lis
952 5344 1007 5388 et
1028 5329 1310 5386 dissensio.
1331 5325 1518 5382 Nullus
1541 5322 1710 5378 fidelis
1734 5321 1979 5375 maritum
2009 5317 2147 5387 apud
2171 5332 2302 5370 uxo-

736 5445 849 5483 rem
880 5422 1269 5480 calumnietur:
1297 5419 1392 5474 sed
1417 5430 1591 5485 neque
1614 5414 1695 5467 vir
1718 5412 1906 5467 leriter
1924 5419 1982 5464 et
2005 5407 2304 5463 inconside-

740 5532 855 5574 rate
873 5516 1059 5571 credat
1082 5512 1339 5567 adversus
1364 5521 1617 5571 uxorem;
1661 5518 1831 5573 neque
1861 5517 1995 5557 uxor
2026 5502 2305 5562 leviteret

739 5610 949 5663 curiose
973 5601 1237 5661 scrutetur
1263 5604 1535 5673 ingressus
1557 5606 1615 5653 et
1639 5596 1812 5652 exitus
1836 5610 1850 5657 :
1883 5592 1976 5649 sed
2016 5608 2116 5647 nec
2142 5590 2305 5645 mari-

740 5710 828 5755 tus
859 5698 1089 5771 :eipsuin
1132 5697 1363 5769 proment
1388 5693 1605 5763 dignum
1648 5687 1970 5761 suspicione.
1994 5684 2099 5741 Cur
2129 5683 2291 5749 cuitu,

1406 308 1462 363 S.
1497 300 1772 361 103Nle
1805 286 2270 354 CIIRYSOSTOMI
2308 283 2618 340 ARClllEP.
2658 281 3188 339 CONSTANTINOP.

3821 278 3917 333 lii

2353 396 2439 449 dic
2473 396 2625 456 mihi,
2660 378 2771 449 toto
2797 394 2885 451 die
2928 405 2980 449 te
3008 395 3105 449 das
3150 394 3356 460 amicis,
3402 394 3551 449 uxori
3600 405 3777 450 autem
3825 412 3918 451 ve-

2350 500 2505 554 spere
2529 503 2543 550 ;
2566 494 2625 540 et
2650 501 2747 539 nec
2770 486 2850 540 sic
2876 486 2975 555 ipsi
3002 496 3152 556 potes
3179 484 3486 541 satisfacere
3503 527 3517 549 ,
3547 503 3651 541 nec
3670 472 3921 541 amovere

2349 576 2745 645 suspicionem?
2786 577 2853 632 Et
2879 577 3007 632 site
3036 588 3252 632 accuset
3280 592 3431 641 uxor,
3463 593 3531 633 ne
3558 592 3701 647 aegre
3743 577 3919 633 feras:

2350 677 2432 723 est
2473 669 2523 721 id
2561 668 2830 734 amicitiai,
2876 684 2982 724 non
3027 673 3389 740 arrogantiae:
3435 671 3679 726 ardentis
3721 676 3921 726 amoris

2350 768 2475 812 sunt
2501 758 2604 813 illa:
2628 759 2994 814 accusationes
3014 769 3064 813 et
3086 759 3341 817 ferventis
3363 760 3583 816 adt-ctus
3604 778 3669 817 ac
3692 764 3919 818 timoris.

2350 848 2526 903 Timet
2553 848 2697 903 enim
2730 864 2798 903 ne
2824 851 2942 918 quis
2970 850 3257 905 sntfuretur
3285 852 3461 907 cubile
3500 868 3675 918 suum,
3708 869 3777 907 ne
3804 856 3925 922 quis

2353 939 2406 993 in
2438 939 2697 994 bonorum
2729 955 2936 995 summa
2961 942 3010 996 ei
3035 943 3413 998 detrimentum
3440 944 3645 1009 aderat,
3671 961 3740 1000 ne
3762 956 3925 1014 caput

2353 1031 2577 1095 auferat,
2607 1046 2673 1085 ne
2700 1032 2897 1087 lectum
2932 1033 3215 1101 perfodiat.
3245 1034 3337 1090 Est
3360 1035 3503 1089 aliud
3524 1050 3737 1106 quoque
3760 1051 3925 1106 argis-

2352 1131 2587 1174 mentmn
2614 1121 2962 1177 dissensionis
2995 1140 3008 1176 :
3055 1140 3215 1180 nemo
3238 1136 3431 1193 pra-ter
3456 1129 3671 1183 modum
3698 1129 3929 1184 famulos

2353 1220 2523 1275 curet,
2553 1225 2653 1265 nee
2694 1212 2923 1280 puellam
2973 1215 3219 1279 maritus,
3248 1231 3421 1285 neque
3450 1232 3587 1271 uxor
3624 1220 3925 1273 famulum:

2356 1302 2471 1355 haec
2498 1301 2641 1356 enim
2687 1305 2817 1357 satis
2843 1313 2966 1358 sunt
2994 1304 3059 1359 ad
3103 1307 3390 1375 pariendas
3410 1307 3773 1377 suspiciones.
3804 1308 3929 1363 Mihi

2355 1392 2495 1446 enim
2546 1394 2717 1462 cogita
2757 1393 2935 1461 justus
2975 1395 3097 1448 illos
3122 1411 3138 1448 :
3163 1396 3274 1466 ipsa
3297 1396 3455 1451 Sarra
3496 1396 3658 1467 jussit
3699 1399 3929 1468 patriar-

2354 1481 2506 1534 cham
2539 1481 2782 1550 accipere
2808 1485 2989 1553 Agar;
3039 1485 3151 1554 ipsa
3197 1485 3500 1555 imperavit,
3546 1501 3707 1540 nemo
3731 1487 3927 1557 coegit,

2356 1586 2457 1625 nec
2484 1586 2603 1626 eam
2636 1573 2830 1627 invasit
2858 1574 3116 1641 maritus;
3139 1576 3241 1631 sed
3265 1576 3508 1646 quamvis
3548 1578 3765 1648 longum
3796 1590 3932 1632 teni-

2357 1677 2454 1732 pus
2482 1664 2830 1732 protraxisset
2853 1664 2973 1719 sine
3012 1664 3217 1732 liberis,
3244 1669 3404 1736 elegit
3435 1669 3612 1738 potius
3641 1684 3931 1738 nutuquam

2356 1767 2475 1806 esse
2506 1763 2676 1821 pater,
2714 1769 2872 1822 quam
2915 1768 3036 1809 esse
3079 1757 3339 1811 molestus
3380 1760 3556 1813 uxori.
3598 1757 3704 1814 Sed
3741 1770 3931 1815 tanien

2359 1855 2475 1915 post
2504 1846 2618 1899 haec
2642 1847 2817 1900 munia
2847 1846 2972 1915 quid
3009 1847 3138 1901 dicit
3162 1848 3363 1903 Sarra?
3388 1850 3593 1904 Judicet
3638 1850 3779 1905 Deus
3796 1854 3933 1905 inter

2358 1952 2434 1988 me
2460 1945 2507 1988 et
2556 1948 2604 1989 te
2654 1934 2806 2005 (Gen.
2842 1935 2928 1990 16.
2974 1936 3053 2007 5).
3086 1939 3301 2000 Annon,
3345 1939 3389 1992 si
3441 1941 3626 1992 fuisset
3669 1940 3933 2012 quispiam

2359 2029 2517 2093 alius,
2547 2038 2723 2083 motus
2753 2035 2902 2083 esset
2939 2027 3006 2081 ad
3056 2029 3230 2081 iram?
3277 2045 3383 2083 non
3429 2032 3588 2085 etiam
3616 2046 3810 2086 manus
3835 2048 3933 2087 ex-

2362 2121 2640 2183 tendisset,
2672 2120 3055 2190 propemodum
3085 2120 3293 2186 dicens,
3320 2121 3454 2187 Quid
3478 2122 3653 2177 dicis?
3688 2124 3934 2178 nolebam

2360 2229 2459 2284 ego
2483 2213 2929 2267 consuetudinem
2950 2211 3153 2268 habere
3181 2227 3300 2267 cum
3328 2213 3555 2268 muliere
3582 2232 3597 2268 :
3627 2223 3799 2270 totum
3824 2230 3853 2269 a
3884 2226 3937 2269 te

2363 2304 2659 2373 profectum
2684 2312 2802 2370 est;
2825 2311 2881 2357 et
2907 2317 3094 2358 rursus
3114 2304 3377 2358 accusas?
3400 2301 3505 2359 Sed
3532 2304 3622 2359 ille
3648 2304 3785 2361 nihil
3804 2305 3938 2360 dixit

2359 2393 2621 2463 ejusmodi
2646 2410 2662 2457 ;
2708 2393 2802 2448 sed
2828 2394 2955 2463 quid
2972 2394 2997 2446 ?
3024 2392 3159 2448 Ecce
3180 2394 3371 2448 ancilla
3395 2395 3449 2448 in
3473 2396 3700 2448 tironibus
3727 2398 3851 2462 tuis,
3877 2412 3938 2449 ea

2360 2496 2499 2540 utere
2536 2494 2590 2545 ut
2636 2486 2723 2538 tibi
2764 2484 3018 2553 placuerit
3066 2483 3230 2554 (ibid.
3263 2502 3311 2539 υ.
3358 2485 3436 2555 6).
3472 2485 3625 2540 Dedit
3671 2486 3795 2540 lecti
3844 2501 3937 2541 so-

2362 2576 2524 2640 ciam,
2554 2573 2863 2630 ne‘Sarram
2893 2574 3133 2629 molestia
3180 2574 3440 2630 al‘ticeret.
3469 2575 3627 2646 Atqui
3679 2575 3813 2631 nihil
3855 2586 3937 2631 est

2365 2666 2469 2721 hoc
2498 2666 2670 2734 majus
2694 2663 2760 2719 ad
2788 2665 3047 2719 rationem
3076 2664 3487 2720 benevolentia.
3514 2665 3645 2720 Nam
3669 2665 3714 2721 si
3737 2681 3940 2721 metm

2364 2756 2530 2812 fuisse
2557 2756 2755 2822 socios,
2782 2756 2949 2811 eflicit
2975 2765 3033 2810 ut
3058 2757 3219 2811 etiam
3252 2755 3489 2812 latrones
3525 2758 3630 2813 sint
3659 2760 3941 2814 unanimes

2366 2864 2489 2904 cum
2518 2848 2843 2903 adversariis
2874 2850 2965 2914 (et
2990 2848 3121 2903 dicit
3150 2849 3586 2921 psalmographus
3616 2869 3630 2905 :
3662 2851 3771 2917 Qui
3786 2854 3943 2904 simul

2367 2941 2540 2993 dulces
2567 2940 3019 3007 ntecumcopiebas
3047 2939 3181 2991 cibos
3212 2936 3393 3009 [PsaL
3429 2940 3518 2995 δι.
3554 2939 3654 3011 l5]
3682 2944 3736 3005 );
3782 2956 3941 2995 unum

2363 3032 2471 3102 jam
2503 3033 2697 3086 factam
2724 3045 2844 3087 esse
2866 3044 3085 3085 carnem
3134 3030 3272 3096 (hoc
3310 3031 3455 3088 enim
3478 3042 3562 3086 est
3602 3032 3797 3086 cubitis
3823 3048 3947 3087 esse

2368 3121 2626 3191 sociam),
2673 3122 2842 3177 multo
2888 3122 3058 3193 magis
3108 3122 3307 3179 sufﬁcit
3355 3123 3420 3177 ad
3448 3122 3849 3178 attrahendum.
3879 3126 3947 3177 At

2371 3213 2500 3267 nihil
2545 3211 2807 3281 ejusmodi
2853 3211 3056 3282 justum
3109 3215 3282 3283 potuit
3322 3229 3645 3283 expugnare,
3688 3216 3784 3268 sed
3828 3230 3946 3269 eam

2372 3302 2589 3359 tradidit
2618 3303 2820 3366 uxori,
2871 3304 3165 3360 ostendens
3213 3304 3346 3359 nihil
3398 3307 3591 3359 factum
3640 3306 3806 3360 fuisse
3855 3322 3948 3359 sua

2372 3394 2656 3463 culpa:et
2702 3393 2843 3463 quod
2893 3403 2981 3449 est
3031 3395 3224 3463 majus,
3250 3409 3371 3449 eam
3423 3394 3601 3449 emisit
3648 3393 3945 3464 gravidam.

2372 3484 2504 3549 Quis
2531 3500 2636 3538 non
2657 3493 2803 3539 esset
2829 3485 3082 3539 misertus
3103 3485 3243 3553 eius,
3260 3501 3381 3553 qua:
3396 3500 3464 3539 ex
3491 3486 3607 3556 ipso
3625 3494 3951 3553 conceperat

2376 3574 2585 3631 ﬁlium?
2624 3575 2728 3631 Sed
2756 3590 2862 3629 non
2891 3577 3063 3630 ﬂexus
3087 3586 3172 3631 est
3200 3576 3291 3631 ille
3309 3576 3487 3645 justus
3517 3593 3530 3630 :
3560 3593 3683 3631 nam
3710 3577 3951 3631 dilectio-

2377 3681 2500 3722 nem
2531 3667 2583 3721 in
2616 3679 2840 3719 uxorem
2882 3663 3202 3735 μηνίει-εδει
3227 3666 3499 3720 omnibus.

2451 3756 2502 3810 7.
2544 3754 2768 3810 Consilia
2790 3755 2859 3807 ad
2886 3756 3188 3827 eoujugatos
3213 3772 3478 3827 pauperes.
3507 3755 3701 3811 Domus
3725 3766 3783 3811 et,
3806 3758 3957 3828 furni-

2381 3846 2449 3901 lia
2470 3846 2716 3916 quomodo
2740 3846 3078 3900 ornandw.—
3098 3846 3247 3901 iluuc
3274 3863 3371 3901 nos
3399 3863 3612 3918 quoque
3632 3848 3914 3903 imitemur
3936 3866 3948 3901 ς

2382 3956 2540 3994 nemo
2584 3940 2829 4009 proximo
2856 3939 3145 4008 exprobret
3197 3946 3587 4008 paupertatem,
3617 3955 3777 3996 nemo
3814 3951 3957 3994 amet

2385 4032 2673 4102 lecturias;
2718 4041 2774 4086 et
2818 4031 2992 4085 soluta
3024 4038 3149 4084 sunt
3197 4032 3400 4085 omnia.
3446 4028 3628 4100 Neque
3651 4031 3797 4086 dicat
3824 4048 3957 4086 uxor

2385 4122 2596 4187 marito,
2635 4120 2825 4190 Ignave
2862 4131 2918 4175 et
2960 4120 3167 4186 timide,
3198 4129 3416 4191 torpore
3461 4122 3616 4191 plene
3636 4132 3695 4176 et
3733 4122 3955 4177 hebent-

2383 4213 2540 4281 dine,
2594 4213 2741 4285 piger
2789 4221 2844 4267 et
2892 4212 3271 4269 somnolente:
3307 4213 3405 4267 ille
3460 4214 3674 4267 humilis
3712 4222 3769 4268 et
3812 4213 3958 4283 διῄει.

2388 4319 2508 4363 ctus
2529 4317 2588 4362 et
2630 4306 2817 4362 humili
2849 4306 2970 4361 loco
3009 4316 3184 4371 natus,
3226 4304 3391 4361 aditis
3419 4305 3674 4376 periculis
3701 4314 3758 4361 et
3783 4320 3962 4361 susce-

2391 4399 2497 4468 ptis
2520 4395 3063 4468 peregrinationibus,
3090 4411 3313 4467 magnas
3343 4397 3546 4466 paravit
3583 4395 3885 4459 facultates,
3910 4408 3962 4450 et

2393 4505 2529 4544 uxor
2571 4490 2688 4558 ejus
2715 4484 2892 4559 gestat
2918 4503 3131 4554 aurum,
3159 4497 3213 4543 et
3252 4489 3304 4543 in
3332 4504 3497 4544 curru
3523 4488 3788 4544 mulorum
3810 4488 3963 4544 albo-

2394 4596 2509 4636 rum
2562 4580 2916 4648 progreditur,
2965 4579 3018 4633 in
3065 4593 3279 4634 omnem
3326 4590 3531 4650 partem
3571 4578 3967 4641 circumfertur.

2395 4672 2557 4727 habet
2579 4682 2770 4741 greges
2810 4671 3131 4725 famulorum
3158 4679 3213 4726 et
3235 4672 3444 4740 agmina
3469 4669 3837 4725 cunuchorum
3864 4686 3879 4722 :
3913 4678 3964 4723 tu

2397 4773 2573 4819 autem
2610 4763 2825 4828 metuis,
2857 4762 3163 4833 frustraque
3186 4762 3325 4816 vivis
3351 4772 3408 4817 et
3435 4760 3712 4817 inutiliter.
3743 4759 3826 4816 Ne
3855 4759 3965 4816 hac

2400 4854 2485 4909 vel
2505 4853 2702 4909 similia
2729 4854 2874 4909 dicat
2912 4868 3079 4918 uxor;
3120 4862 3205 4907 est
3228 4853 3374 4908 enim
3402 4866 3620 4923 corpus,
3648 4868 3754 4906 non
3785 4860 3847 4906 ut
3873 4852 3967 4905 iui-

2403 4956 2553 5017 peret
2569 4945 2750 5015 capiti,
2774 4944 2869 4998 sed
2894 4953 2952 4998 ut
2972 4952 3156 5014 pareat
3175 4953 3232 4999 et
3255 4942 3489 4998 ohediat.
3505 4942 3797 5009 Quomodo
3819 4956 3968 5013 ergo,

2404 5039 2594 5109 inquit,
2627 5038 2762 5094 feret
2791 5036 3200 5105 paupertatem?
3245 5035 3389 5091 unde
3417 5034 3665 5115 inveniet
3690 5034 3970 5091 solatium?

2407 5133 2581 5201 Eligat
2607 5146 2728 5202 quas
2756 5137 2882 5184 sum
2921 5142 2981 5183 se
3007 5126 3372 5197 pauperiores,
3397 5134 3610 5197 reputet
3634 5136 3766 5196 quot
3792 5138 3973 5181 rimus

2408 5225 2599 5295 puellae
2628 5223 2835 5277 nobiles
2862 5231 2918 5276 et
2943 5221 3111 5275 nobili
3139 5221 3258 5275 loco
3289 5228 3427 5274 naue
3462 5234 3569 5274 non
3595 5218 3770 5273 solum
3802 5234 3832 5272 a
3863 5233 3970 5273 uta-

2408 5316 2525 5371 ritis
2544 5313 2681 5369 nihil
2708 5319 3052 5382 acceperunt.
3079 5310 3175 5365 sed
3199 5310 3360 5366 etiam
3385 5309 3466 5363 eis
3488 5308 3774 5373 dederunt,
3802 5318 3857 5364 et
3882 5322 3970 5363 sua

2411 5405 2589 5460 omnia
2629 5410 3110 5472 consumpserunt;
3166 5401 3363 5470 cogitet
3400 5414 3521 5470 quae
3558 5415 3627 5454 ex
3660 5399 3743 5453 his
3780 5398 3976 5453 divitiis

2415 5504 2706 5552 nascuntur
2734 5493 2993 5565 pericula,
3024 5502 3080 5548 et
3106 5492 3468 5561 amplectetur
3490 5491 3649 5545 vitam
3678 5505 3800 5560 qua
3827 5488 3979 5544 nullis

2412 5590 2645 5658 agitatur
2693 5585 2941 5658 negotiis.
2975 5584 3032 5639 lu
3065 5600 3295 5654 summa,
3345 5583 3390 5642 si
3418 5583 3488 5642 sit
3535 5584 3588 5640 in
3616 5584 3867 5639 maritum
3892 5582 3975 5636 be-

2424 5682 2608 5738 nevola
2630 5689 2687 5737 α
2712 5677 2849 5739 bene
2866 5677 3221 5744 auctionandi
3245 5681 3387 5738 dicet
3418 5676 3679 5750 cjuﬂnunli
3704 5719 3723 5740 ,
3747 5678 3846 5733 sed
3875 5691 3975 5730 tua-
