4096 6310
45 375 116 429 tis
852 360 920 417 ΙΝ
956 358 1174 416 EPIST.
1216 358 1308 412 AD
1348 355 1595 412 EPHES.
1634 354 1786 411 CAP.
1829 357 1891 412 V.
1937 357 2166 412 llOMlL.
2209 356 2326 412 XX.

43 499 94 542 tet
125 501 245 541 cum
294 482 498 539 habere
529 493 696 556 prope
739 491 801 532 se
839 475 974 530 nihil
1005 473 1394 556 acquirentem,
1421 462 1580 539 quam

41 579 186 631 decies
231 573 377 629 mille
422 554 620 627 talenta
645 583 767 624 eum
811 567 957 622 curis
1002 573 1060 620 et
1105 554 1580 623 sollicitudinibus,

41 683 132 728 utne
155 679 366 736 semper
390 663 584 716 adsunt
605 657 920 740 mulieribus
943 669 1011 710 ex
1040 640 1578 724 peregrinatio'nihus.

41 757 121 812 Sed
143 771 318 825 neque
345 754 570 807 maritus
598 751 716 806 haec
752 748 998 811 audiens,
1026 756 1082 800 ut
1109 744 1200 815 qui
1246 743 1404 797 habet
1432 743 1584 810 prin-

1690 468 1869 522 omnia
1898 468 2185 523 abstuleris
2227 483 2259 523 a
2300 469 2669 534 matrimonio,
2696 479 2844 525 recte
2879 478 2932 526 te
2960 483 3137 540 geras,
3165 487 3270 544 pu-

1688 557 1874 614 dorem
1901 559 2116 628 quidem
2145 560 2198 613 in
2225 559 2444 631 longum
2483 569 2698 631 tempus
2737 562 3056 632 extendens,
3087 575 3138 620 ct
3164 580 3271 623 non

1688 648 1806 716 cito.
1838 647 2160 704 dissolvens.
2190 649 2323 704 Nam
2365 652 2467 705 etsi
2524 655 2933 710 inverecundior
2958 657 3032 711 sit
3070 659 3268 728 puella,

1688 739 1792 794 scit
1818 740 1883 794 ad
1907 749 2118 810 tempus
2143 741 2326 809 silere,
2349 744 2529 798 mariti
2569 754 2711 800 mota
2740 750 3038 802 reverentia
3058 791 3073 816 ,
3107 759 3161 806 et
3189 767 3274 805 re-

39 849 267 916 eipatum,
291 850 646 898 convertatur
682 841 748 894 ad
778 837 1135 894 contumelias
1163 842 1218 888 et
1261 832 1464 902 plagas,
1489 829 1584 884 sed
1621 836 1623 838 ’
1685 846 1808 885 rum
1835 833 2026 901 quibus
2057 850 2164 888 non
2207 837 2442 890 assuevit
2472 840 2727 894 novitate.
2764 839 2920 896 llnnc
2946 858 3076 910 ergo
3104 844 3274 912 pudo-

42 946 274 998 hortetur,
301 937 611 999 admoneat,
641 919 910 1000 tamquam
950 925 1331 998 imperfectiori
1359 921 1585 978 rationi-

41 1029 115 1080 bus
140 1025 481 1098 persuadeat,
501 1038 692 1078 manus
722 1023 777 1075 in
809 1036 926 1075 eam
957 1015 1064 1072 non
1091 1015 1376 1084 extendat:
1402 1013 1586 1083 procul

44 1119 134 1170 hac
153 1131 182 1167 a
224 1116 389 1171 libera
419 1117 595 1169 anima
618 1131 636 1180 ;
685 1112 780 1168 sed
811 1127 910 1165 nec
938 1108 1312 1168 contumelias,
1337 1120 1438 1160 nec
1462 1121 1589 1174 pro—

40 1211 114 1263 bra
138 1223 232 1263 nec
253 1207 536 1262 maledicta
568 1194 795 1276 ingerat,
819 1203 913 1258 sed
936 1213 992 1255 nt
1011 1217 1132 1271 qua
1151 1200 1221 1254 sit
1247 1197 1587 1267 insipientior

38 1315 134 1353 eam
157 1306 462 1368 componat.
497 1296 779 1365 Quomodo
805 1304 1003 1350 autem.
1023 1292 1127 1347 hoc
1147 1292 1249 1348 erit
1269 1291 1298 1344 τ
1337 1290 1394 1344 Si
1433 1303 1589 1343 veras

41 1391 180 1444 discat
208 1389 446 1453 divitias,
478 1389 523 1442 si
563 1398 848 1455 supernam
877 1382 1298 1453 philosOphiam,
1331 1379 1462 1434 nihil
1491 1393 1589 1432 eo-

39 1497 134 1535 rum
167 1480 466 1535 damnabit.
512 1479 711 1534 Doceat
731 1491 849 1530 eam
875 1473 1014 1544 quod
1057 1479 1341 1542 paupertas
1388 1469 1588 1523 nullum

40 1581 96 1624 sit
117 1572 342 1635 malum;
383 1569 576 1625 doceat
604 1584 709 1623 non
735 1567 909 1621 solum
950 1579 1048 1635 per
1069 1578 1134 1618 ea
1159 1578 1278 1630 quae
1305 1560 1455 1622 dicit,
1495 1558 1588 1613 sed

40 1671 84 1715 et
108 1677 196 1730 per
225 1676 288 1717 ea
313 1677 436 1731 qua:
479 1659 645 1724 facit;
696 1658 891 1713 doceat
928 1655 1206 1726 despicere
1246 1652 1492 1722 gloriam,
1535 1659 1594 1705 et

41 1753 150 1805 nihil
180 1743 490 1821 Huiusmodi
518 1752 664 1806 dicet
706 1750 899 1804 mulier
925 1762 1025 1802 nec
1045 1744 1408 1814 concupiscet.
1439 1743 1517 1796 Ae
1546 1742 1593 1795 si

39 1841 299 1910 imaginem
326 1842 619 1909 acciperet,
641 1839 712 1894 ab
745 1839 834 1893 illa
859 1850 1082 1906 vespera
1103 1849 1207 1904 qua
1247 1847 1366 1887 eam
1395 1831 1596 1899 excipit

39 1909 269 1998 thalamo,
291 1947 413 1986 eam
445 1931 638 1986 doceat
679 1928 1105 1998 temperantiam,
1148 1909 1487 1986 modestiam,
1513 1921 1594 1975 le-

38 2025 260 2088 nitatem,
291 2031 352 2077 ut
387 2023 568 2078 statim
597 2021 665 2075 ab
691 2019 935 2083 exordio,
968 2027 1022 2071 et
1059 2017 1129 2071 ah
1163 2016 1293 2084 ipsis
1319 2013 1595 2067 vestibulis

41 2114 244 2168 honeste
268 2115 437 2176 vivat,
466 2112 708 2182 pecunia:
735 2124 972 2164 amorem
994 2106 1255 2175 dejiciens
1280 2123 1294 2158 :
1317 2111 1376 2158 et
1399 2103 1451 2155 in
1473 2100 1595 2169 phi-

37 2205 258 2274 losophia
283 2204 499 2260 erudiat
519 2212 576 2258 et
601 2201 828 2258 suadeat
853 2215 923 2255 ne
960 2200 1031 2253 sit
1053 2199 1103 2252 ei
1128 2211 1320 2250 aurum
1357 2193 1598 2276 pendens

40 2313 91 2349 ex
114 2297 352 2362 auribus,
377 2310 478 2350 nec
507 2311 574 2349 eo
604 2302 828 2350 ornetur
867 2293 919 2346 in
959 2290 1113 2360 genis
1136 2299 1192 2343 et
1219 2288 1383 2352 collo,
1407 2299 1507 2339 nec
1545 2282 1600 2337 id

37 2386 313 2452 repositum
338 2384 536 2440 habeat
561 2385 614 2438 in
646 2383 905 2449 thalamo,
934 2396 1110 2450 neque
1130 2391 1305 2434 vestes
1325 2389 1517 2430 aureas
1545 2385 1602 2429 et

38 2485 404 2546 sumptuosas;
436 2475 532 2530 sed
570 2475 640 2529 sit
665 2475 881 2545 quidem
905 2473 1126 2540 elegans
1145 2480 1387 2533 ornatus,
1413 2477 1470 2522 at
1493 2483 1600 2521 non

36 2565 94 2618 ad
138 2553 390 2634 probrum
418 2577 475 2622 et
501 2566 884 2621 contumeliam
913 2563 1119 2618 recidat
1159 2563 1460 2638 elegantia;
1503 2574 1601 2613 ve—

39 2670 143 2707 rum
170 2657 252 2710 his
271 2656 512 2710 dimissis
536 2656 886 2710 histrionibus
913 2655 967 2708 in
992 2653 1226 2728 scenica,
1239 2666 1370 2705 orna
1385 2650 1601 2705 domum

37 2761 146 2800 cum
175 2748 345 2802 multa
391 2747 673 2803 honestate
715 2762 779 2801 ac
804 2747 1024 2810 decore,
1059 2745 1353 2813 spirantem
1398 2753 1606 2812 tempe-

39 2839 251 2890 rantiam
278 2839 479 2906 potius,
503 2853 662 2907 quam
685 2838 848 2891 alium
878 2851 1096 2892 suavem
1118 2836 1362 2890 odorem.
1388 2833 1469 2888 Ex
1506 2833 1608 2887 hoc

37 2927 169 2978 enim
196 2939 360 2982 erunt
378 2928 486 2982 duo
509 2938 602 2983 aut
632 2929 734 2984 tria
763 2928 904 2983 bona
941 2947 955 2982 :
990 2929 1218 2996 primum
1245 2920 1462 2995 quidem
1500 2939 1606 2978 non

39 3018 228 3071 dolebit
258 3033 481 3089 sponsa,
507 3020 636 3074 dum
668 3021 859 3074 solutis
899 3019 1227 3088 nuptialibus
1256 3017 1503 3071 thalamis
1526 3029 1611 3070 re-

37 3109 312 3166 mittuntur
338 3112 406 3166 ad
443 3113 684 3182 singulos
703 3122 883 3167 vestes
907 3121 963 3166 et
989 3126 1113 3167 vasa
1145 3125 1305 3165 aurea
1329 3118 1385 3164 et
1419 3124 1612 3178 argen-

40 3198 157 3253 tea‘:
189 3190 454 3269 secundo,
480 3188 890 3272 quod'sponsus
930 3217 1041 3257 non
1085 3203 1190 3256 erit
1236 3201 1499 3254 sollicitus
1542 3213 1612 3254 ne

39 3303 276 3357 pereant,
307 3302 362 3347 et
386 3302 444 3346 ut
470 3293 841 3376 custodiantur
869 3309 988 3362 qua:
1013 3303 1138 3347 sunt
1161 3300 1488 3360 comparata.
1517 3290 1612 3346 llis

37 3381 230 3435 accedit
263 3383 512 3448 tertium,
541 3383 684 3452 quod
710 3393 794 3437 est
834 3399 1040 3444 summa
1082 3384 1386 3437 bonorum:
1419 3380 1613 3438 ex.bis

40 3468 159 3525 iisis
184 3472 440 3527 ostendet
483 3482 720 3528 mentem
757 3488 930 3538 suam,
954 3489 1014 3528 se
1056 3475 1206 3527 nullo
1244 3472 1436 3527 horum
1461 3472 1612 3525 dele-

36 3564 179 3626 ctari,
210 3572 271 3615 et
294 3579 355 3617 se
378 3564 541 3618 etiam
569 3575 763 3619 cratera
785 3563 962 3617 omnia
1000 3564 1408 3626 dissoluturum,
1439 3577 1616 3631 neque

37 3669 284 3723 umquam
302 3670 698 3728 concessurum
723 3664 782 3710 ut
823 3656 953 3710 fiant
989 3655 1302 3710 saltationes
1324 3663 1380 3708 et
1417 3669 1615 3708 canan—

38 3755 116 3796 tur
142 3745 412 3814 impudica
439 3747 671 3801 cantica.
705 3746 773 3801 Et
796 3747 910 3801 scio
930 3746 1147 3815 quidem
1171 3759 1260 3799 me
1297 3744 1466 3798 videri
1493 3744 1615 3813 qui-

36 3835 254 3889 busdam
281 3852 404 3892 esse
433 3838 739 3900 ridiculum,
763 3832 852 3906 qui
880 3837 977 3890 has
1020 3837 1166 3906 leges
1194 3835 1398 3900 feram;
1444 3835 1538 3889 sed
1568 3836 1615 3889 si

36 3926 160 3979 mihi
187 3927 553 3992 credideritis,
587 3927 912 3997 procedente
937 3935 1198 3996 tempore,
1218 3936 1274 3981 et
1293 3926 1616 3980 succedente

36 4019 107 4070 rei
150 4021 405 4086 utilitate,
438 4030 567 4076 tunc
610 4022 815 4077 lucrum
849 4021 1072 4075 scietis:
1113 4028 1168 4074 et
1194 4018 1374 4073 efﬂuet
1399 4017 1613 4088 quidem

36 4113 189 4174 risus,
221 4121 281 4168 et
326 4113 616 4168 irridebitis
654 4129 774 4168 eam
802 4129 922 4182 qua:
969 4127 1111 4166 nunc
1140 4120 1223 4167 est
1265 4111 1614 4167 consuetudi-

36 4215 150 4254 nem
173 4218 189 4266 ;
233 4211 293 4257 et
323 4203 573 4258 videbitis
597 4219 660 4258 ea
681 4219 799 4272 quae
829 4218 978 4256 nunc
1003 4202 1157 4268 fiunt,
1180 4216 1300 4256 esse
1327 4216 1615 4269 puerorum

36 4291 404 4370 insipientium
431 4302 484 4347 et
521 4294 758 4347 virorum
790 4293 1096 4357 ebriorum;
1127 4307 1244 4361 quxe
1271 4301 1449 4346 autem
1494 4305 1612 4344 sua-

36 4385 150 4446 deo,
175 4402 303 4441 esse
343 4387 623 4441 modestia:
661 4393 716 4442 et
742 4370 1096 4456 philosophia:
1120 4393 1178 4439 et
1219 4398 1466 4453 supernae
1494 4384 1618 4437 vitae

36 4476 249 4544 agendas
278 4478 572 4532 rationem.
598 4477 736 4544 Quid
780 4491 911 4546 ergo
947 4475 1070 4531 dico
1096 4476 1387 4544 Oportere?
1426 4474 1617 4529 Omnia

36 4572 200 4638 turpia
224 4572 443 4626 cantica
472 4587 591 4641 qua:
614 4581 738 4624 sunt
763 4569 1018 4634 satanica;
1052 4569 1368 4623 lnhonestas
1386 4567 1616 4622 cantile-

36 4678 142 4728 nas,
176 4662 590 4717 immundorum
616 4661 874 4732 juvenum
896 4660 1244 4716 circuitiones
1271 4658 1424 4714 aufer
1461 4673 1490 4711 a
1517 4667 1622 4712 nu-

36 4756 170 4820 ptiis,
203 4764 263 4810 et
305 4755 430 4809 haac
469 4763 722 4825 poterunt
754 4755 1019 4822 castigare
1064 4766 1314 4822 sponsam
1345 4760 1400 4805 et
1429 4749 1620 4804 mode~

36 4858 159 4901 itam
211 4847 478 4904 reddere.
505 4847 698 4903 Statim
742 4847 886 4901 enim
931 4845 1072 4914 apud
1116 4860 1176 4899 se
1215 4843 1615 4899 considerabit:

36 4935 202 5004 Papa,
223 4938 416 5009 qualis
432 4948 517 4992 est
538 4937 624 4991 hic
645 4938 753 4991 vir!
781 4947 862 4992 est
890 4936 1273 5006 philosophus:
1299 4934 1438 4988 hanc
1456 4935 1618 4988 vitam

36 5029 176 5083 nihili
212 5029 412 5093 ducit;
456 5028 524 5082 ad
567 5027 932 5097 procreandos
975 5027 1175 5082 liberos
1216 5035 1271 5080 et
1314 5025 1624 5080 educandos

36 5134 109 5172 me
135 5120 192 5176 in
216 5120 379 5176 edes
400 5119 574 5184 duxit,
607 5129 663 5175 et
700 5119 769 5175 ad
808 5120 1027 5175 domum
1057 5117 1485 5174 custodiendam.
1515 5117 1621 5173 Sed

36 5211 140 5268 hac
177 5218 411 5284 sponsa
439 5222 600 5267 erunt
626 5212 954 5281 injucunda?
985 5212 1063 5266 Ad
1091 5213 1324 5282 primum
1373 5225 1542 5280 iisque
1567 5220 1623 5265 et

36 5303 332 5360 modum
367 5303 542 5366 diem,
562 5320 670 5358 non
699 5313 877 5359 autem
906 5303 1193 5374 deinceps;
1224 5303 1318 5359 sed
1348 5313 1404 5358 et
1437 5304 1618 5357 maxi-

36 5411 161 5450 mam
185 5397 378 5464 capiet
401 5395 756 5464 voluptatem,
796 5411 857 5450 se
898 5396 966 5450 ab
989 5396 1133 5450 omni
1160 5395 1469 5465 suspicione
1492 5394 1624 5448 libe-

36 5500 166 5540 rans.
200 5486 342 5542 Na
381 5487 480 5556 qui
501 5501 685 5555 neque
715 5486 894 5552 tibias,
931 5503 1104 5556 neque
1143 5487 1423 5552 saltantes,
1453 5501 1624 5555 neque

36 5576 222 5635 fractos
237 5589 448 5635 cantus
470 5578 813 5642 sustinuerit,
839 5578 998 5648 idque
1019 5587 1264 5647 tempore
1294 5578 1621 5648 nuptiarum,

36 5671 109 5723 vix
131 5671 248 5740 ipse
264 5671 324 5725 in
346 5669 598 5724 animum
616 5668 888 5724 induxerit
903 5680 961 5723 ut
980 5679 1136 5739 turpe
1151 5669 1350 5738 aliquid
1369 5683 1623 5738 umquam

36 5771 118 5815 aut
155 5761 318 5819 faciat
367 5769 470 5816 aut
495 5761 662 5816 dicat.
711 5760 839 5816 Post
885 5759 988 5817 hoc
1031 5771 1230 5830 autem,
1261 5759 1476 5832 quando
1508 5759 1622 5815 lucc

1690 936 1805 975 rem
1850 936 1956 975 non
2000 925 2109 978 cito
2131 924 2420 992 dissolvas,
2450 927 2593 996 quod
2640 927 2843 996 faciunt
2875 932 2969 986 viri
3000 932 3276 1000 impudici,

1691 1011 1785 1066 sed
1811 1013 2070 1067 extendas
2097 1015 2164 1069 ad
2197 1015 2414 1086 longum
2443 1026 2656 1086 tempus
2682 1038 2695 1073 :
2728 1019 2832 1075 hoc
2861 1022 3004 1075 enim
3038 1023 3129 1076 tibi
3157 1039 3275 1076 ma-

1693 1097 2066 1173 gnum'aﬂ'eret
2092 1108 2318 1162 lucrum.
2335 1109 2552 1165 Interim
2576 1127 2682 1166 non
2712 1114 3006 1178 accusabit,
3021 1131 3120 1170 nec
3143 1131 3279 1185 quc-

1693 1204 1844 1247 retur
1873 1195 1941 1249 de
1964 1197 2029 1249 iis
2052 1213 2174 1268 quae
2203 1209 2259 1253 tu
2290 1202 2565 1256 statueris.

1763 1285 1817 1339 8.
1858 1286 2028 1356 Leges
2071 1304 2200 1359 ergo
2243 1292 2511 1347 constitue
2566 1303 2678 1348 toto
2729 1296 2820 1348 illo
2860 1304 3141 1365 tempore,
3167 1313 3282 1367 quo

1695 1378 1868 1445 pudor
1897 1387 2165 1448 tamquam
2204 1383 2472 1450 quoddam
2504 1386 2710 1441 frenum
2737 1389 2928 1443 animm
2973 1391 3277 1460 impositus,

1696 1481 1801 1520 non
1846 1469 1974 1522 sinit
2013 1470 2080 1524 de
2121 1472 2301 1542 aliquo
2326 1476 2582 1544 conqueri
2608 1518 2622 1537 ,
2657 1466 2756 1531 nec
2782 1493 2844 1532 ea
2875 1496 2994 1548 quae
3027 1482 3160 1535 ﬁunt
3189 1497 3282 1535 re-

1696 1555 1977 1627 darguere.
2002 1560 2132 1615 Nam
2153 1564 2367 1632 quando
2387 1565 2631 1620 ﬁduciam
2658 1576 2712 1622 et
2739 1569 2949 1623 dicendi
2979 1570 3277 1626 libertatem

1696 1647 2131 1719 apprehenderit,
2159 1668 2280 1707 cum
2323 1655 2486 1709 multa
2532 1658 2822 1711 securitate
2867 1662 3044 1714 omnia
3088 1665 3285 1718 evertit

1696 1746 1753 1792 et
1781 1742 2075 1795 confundit.
2109 1742 2332 1810 Quando
2374 1756 2504 1815 ergo
2532 1750 2631 1801 erit
2680 1749 2825 1803 aliud
2876 1761 3081 1820 tempus
3129 1769 3283 1821 a-que

1698 1837 1881 1897 aptum
1928 1831 1994 1884 ad
2037 1831 2338 1901 ﬁngendam
2371 1846 2426 1889 et
2467 1835 2800 1892 formandam
2848 1856 3092 1908 uxorem,
3123 1851 3286 1912 atque

1701 1920 1831 1975 illud
1859 1938 1966 1992 quo
1996 1937 2272 1981 reveretur
2299 1930 2552 1984 maritum
2593 1939 2648 1984 et
2691 1932 2866 1988 adhuc
2910 1935 3061 1989 timet
3105 1946 3158 1990 et
3189 1953 3287 2004 pn-

1701 2009 1832 2065 dore
1857 2013 2165 2068 detinetur!
2187 2014 2337 2072 Tunc
2378 2018 2428 2073 el
2461 2020 2675 2089 impone
2705 2022 2848 2091 leges
2869 2037 3077 2089 omnes,
3107 2034 3162 2078 et
3189 2041 3285 2094 pa-

1701 2101 1862 2167 rebit,
1891 2113 1945 2157 et
1973 2104 2161 2159 lubens
2185 2116 2240 2161 et
2263 2106 2451 2162 invita.
2475 2110 2756 2176 Quomodo
2771 2121 2946 2166 autem
2978 2129 3084 2167 non
3111 2116 3290 2170 solves

1705 2193 2003 2262 pudorem?
2025 2196 2250 2264 Quando
2281 2202 2523 2255 cerneris
2563 2202 2679 2271 ipse
2708 2219 2920 2273 quoque
2962 2220 3069 2260 non
3111 2208 3289 2262 minus

1705 2299 1864 2352 quam
1893 2285 1979 2338 illa
2007 2287 2364 2355 erubescens,
2397 2305 2564 2360 pauca
2595 2292 2810 2362 quidem
2845 2293 3090 2364 loquens,
3121 2314 3291 2366 eaque

1706 2389 1826 2429 cum
1856 2384 2044 2447 magna
2083 2381 2343 2448 gravitate
2375 2393 2430 2436 et
2457 2384 2923 2442 animadversione
2954 2406 2968 2441 :
3001 2398 3123 2443 tunc
3148 2392 3288 2458 apud

1707 2481 1825 2522 eam
1854 2469 2204 2539 philosophia:
2230 2473 2391 2528 verba
2421 2475 2666 2544 depone;
2691 2491 2755 2532 ea
2783 2479 2926 2533 enim
2954 2479 3146 2550 accipit
3178 2484 3295 2534 aui-

1708 2572 1793 2610 ma
1825 2575 1838 2609 :
1866 2558 1932 2612 ad
1975 2559 2388 2628 pulcherrimum
2419 2574 2475 2618 et
2515 2568 2773 2634 optimum
2804 2569 3062 2635 hahitmn,
3091 2587 3284 2642 nempe

1710 2648 2120 2716 pudorem,eam
2153 2654 2426 2723 redige.Si
2454 2657 2638 2722 vultis,
2665 2659 2825 2712 etiam
2853 2664 3098 2730 exempli
3130 2679 3292 2719 causa

1709 2741 1884 2796 dicam
1905 2757 2148 2813 quamam
2167 2745 2241 2799 illi
2259 2747 2439 2802 dicere
2458 2759 2722 2818 oporteat.
2745 2750 2944 2828 Namisi
2967 2736 3160 2808 Paulus
3183 2742 3292 2810 non

1711 2835 1980 2887 recusavit
2004 2833 2204 2898 dicere,
2237 2835 2416 2892 Nolite
2456 2841 2700 2903 fraudare
2731 2843 2942 2897 invicem
2972 2843 3063 2914 (1.
3089 2844 3206 2901 Cor.
3239 2849 3292 2903 7.

1713 2922 1790 2995 5),
1813 2934 1866 2977 et
1887 2927 2143 2994 pronuba:
2165 2921 2330 2981 verba
2360 2938 2440 2982 est
2469 2930 2740 2999 loquutus,
2761 2932 2869 2985 imo
2885 2948 3014 2988 vero
3041 2952 3145 2989 non
3178 2953 3298 3002 pro-

1712 3015 1891 3080 nnbzc,
1921 3017 2015 3070 sed
2041 3019 2332 3086 spiritualis
2358 3021 2549 3074 anima:
2577 3037 2593 3084 ;
2625 3024 2794 3075 multo
2835 3003 3003 3093 magis
3049 3042 3146 3082 nos
3189 3042 3295 3082 non

1713 3106 2078 3160 recusabimus
2103 3107 2300 3162 dicere.
2326 3109 2463 3176 Quid
2490 3120 2572 3164 est
2595 3127 2724 3179 ergo
2745 3114 2792 3165 ei
2819 3111 3140 3170 dicendum?
3163 3118 3297 3171 Cum

1716 3197 1879 3250 multa
1905 3199 2073 3266 gratia
2101 3207 2313 3267 oportet
2337 3203 2383 3254 ei
2412 3201 2594 3256 dicere
2620 3220 2632 3254 :
2659 3202 2788 3268 Nos,
2815 3220 2848 3256 ο
2878 3206 3062 3272 filiola,
3096 3217 3148 3262 te
3177 3212 3301 3265 vita:

1715 3291 1915 3343 sociam
1942 3291 2245 3361 accepimus
2264 3333 2279 3356 ,
2308 3301 2362 3360 et
2389 3303 2439 3347 te
2471 3290 2867 3350 introduximus
2896 3298 2962 3352 ad
2991 3301 3299 3356 societatem

1717 3380 1770 3434 in
1798 3380 1864 3433 iis
1889 3396 2008 3450 quae
2035 3394 2160 3435 sunt
2181 3385 2618 3451 prmstantissima
2646 3399 2700 3440 et
2721 3390 2953 3443 maxime
2975 3394 3299 3453 necessaria,

1718 3483 1912 3540 nempe
1935 3474 1990 3525 in
2021 3471 2310 3526 liberorum
2347 3479 2717 3542 procreatione
2740 3519 2755 3544 ,
2784 3491 2840 3533 et
2879 3483 3069 3536 domus
3093 3499 3220 3537 cura
3248 3495 3305 3539 et

1718 3560 2198 3616 administratione.
2227 3562 2365 3630 Quid
2394 3580 2523 3634 ergo
2545 3575 2596 3619 te
2623 3572 2911 3634 rogamus?
2939 3572 3048 3624 lmo
3072 3588 3195 3628 vere
3216 3591 3305 3626 an-

1720 3660 1804 3706 tea
1831 3652 2051 3720 loquere
2067 3667 2186 3720 qme
2217 3654 2484 3721 pertinent
2507 3655 2573 3709 ad
2597 3657 2934 3713 dilectionem
2966 3681 2978 3714 :
3010 3663 3139 3716 nihil
3161 3665 3302 3718 enim

1719 3757 1872 3811 reque
1899 3741 2105 3797 confert
2129 3743 2194 3797 ad
2224 3746 2654 3813 persuadendum
2681 3749 2908 3803 auditori
2936 3760 2990 3804 ut
3017 3765 3232 3820 accepta
3254 3757 3305 3809 ei
3322 3785 3346 3804 .

1719 3835 1824 3888 sint
1865 3849 1984 3904 qua:
2029 3833 2294 3900 dicuntur,
2335 3845 2496 3906 atque
2525 3839 2664 3892 scire
2690 3841 2832 3909 quod
2872 3857 2934 3897 ea
2965 3842 3211 3899 dicantur
3237 3862 3303 3901 ex

1720 3926 1884 3980 multa
1942 3925 2225 3981 dilectione
2288 3936 2343 3981 et
2398 3928 2790 3984 benevolentia.
2847 3933 3128 3999 Quomodo
3177 3951 3306 4004 ergo

1720 4018 1972 4072 ostendes
1997 4018 2336 4073 dilectionem
2358 4020 2381 4074 2
2407 4020 2474 4081 δί,
2491 4021 2709 4086 dixeris,
2740 4021 2870 4076 Cum
2901 4025 3096 4081 multas
3122 4027 3306 4081 liceret

1721 4112 1966 4180 accipere
1995 4120 2051 4165 et
2084 4111 2305 4166 ditiores
2334 4120 2388 4166 et
2413 4104 2480 4167 ex
2511 4113 2702 4169 illustri
2749 4129 2946 4183 genere
2990 4127 3173 4183 natas,
3200 4136 3303 4173 non

1721 4215 1812 4254 eas
1838 4201 1995 4272 elegi,
2024 4201 2117 4255 sed
2135 4203 2308 4254 amavi
2331 4211 2472 4255 tuam
2503 4203 2625 4255 vitm
2651 4205 2868 4272 agenda,-
2891 4208 3172 4272 rationem,
3207 4208 3305 4260 ho-

1721 4299 1981 4345 nestatem
2005 4332 2022 4356 ,
2056 4291 2400 4352 modestiam,
2437 4295 2864 4360 temperantiam.
2899 4296 3098 4351 Deinde
3127 4301 3304 4352 statim

1722 4381 1791 4435 ah
1819 4379 1902 4436 his
1934 4397 2060 4450 para
2089 4383 2226 4435 viam
2252 4383 2315 4435 ad
2345 4381 2628 4437 dicendum
2660 4384 2727 4436 de
2755 4384 3108 4454 philus0phia,
3137 4399 3192 4444 et
3217 4405 3306 4444 re-

1724 4473 1995 4542 prehende
2015 4473 2224 4527 divitias
2251 4488 2370 4527 cum
2397 4475 2625 4541 quadam
2645 4475 2868 4544 ambage
2896 4486 2950 4529 et
2971 4478 3306 4532 circuitimie.

1725 4563 1854 4618 Nam
1885 4566 1928 4617 si
1951 4566 2247 4618 orationem
2279 4565 2450 4619 solum
2477 4565 2733 4619 extendas
2760 4565 2813 4619 in
2842 4567 3210 4636 vituperandis
3230 4570 3310 4622 ili-

1724 4655 1901 4721 vitiis,
1934 4657 2039 4710 eris
2071 4656 2248 4726 gravis
2288 4667 2342 4709 et
2391 4656 2724 4724 importunus
2757 4675 2770 4711 :
2802 4658 2884 4710 sin
2915 4668 3125 4727 arrepta
3151 4642 3308 4712 occa-

1725 4747 1913 4803 sione.
1946 4747 2122 4800 omnia
2175 4745 2375 4800 efﬁcies
2408 4746 2646 4800 :vidcris
2688 4747 2829 4801 enim
2886 4748 2936 4802 id
2988 4746 3164 4802 facere
3213 4765 3312 4818 pro

1725 4839 2037 4894 defensione
2083 4848 2138 4892 et
2181 4839 2560 4903 excusatione,
2597 4855 2700 4891 non
2751 4850 3020 4909 tamquam
3066 4851 3312 4895 austerus

1726 4935 2009 5004 quispiam,
2039 4931 2461 5000 injucundiisqne
2505 4941 2558 4983 et
2600 4931 2873 4986 illiberalis
2916 4940 2972 4987 et
3019 4935 3310 4999 sordidus;

1728 5025 1822 5079 sed
1852 5023 2064 5094 quando
2092 5038 2157 5076 ex
2187 5022 2251 5075 iis
2276 5037 2394 5091 qua:
2423 5031 2547 5078 sunt
2572 5025 2706 5092 ejus,
2749 5027 3042 5094 sumpseris
3071 5027 3313 5081 occasio-

1728 5129 1850 5170 nem
1875 5157 1890 5179 ,
1922 5114 2081 5169 etiam
2123 5112 2392 5184 gaudebit.
2424 5113 2578 5168 Dices
2621 5130 2749 5183 ergo
2776 5118 2797 5188 (
2823 5116 3126 5172 necessario
3170 5116 3312 5172 enim

1729 5223 1913 5263 rursus
1943 5205 2231 5276 repetenda
2261 5215 2344 5260 est
2371 5207 2540 5259 oratio
2563 5206 2582 5276 )
2602 5223 2617 5262 :
2640 5207 2772 5261 Cum
2797 5208 2982 5262 liceret
3011 5208 3206 5263 ducere
3233 5210 3312 5261 di-

1727 5299 1889 5352 vitem
1931 5306 1986 5351 et
2023 5295 2360 5365 locupletem,
2394 5312 2501 5350 non
2530 5296 2711 5350 induxi
2743 5295 2795 5351 in
2826 5297 3083 5352 animum.
3113 5297 3312 5366 Qnamo

1728 5389 1949 5444 obl-em?
1995 5388 2111 5443 Non
2161 5397 2363 5442 temere
2415 5405 2514 5444 nec
2557 5387 3120 5455 inconsiderate;sed
3168 5373 3314 5446 recte

1728 5482 2017 5536 didiceram
2046 5480 2258 5534 divitias
2279 5480 2475 5533 nullam
2496 5495 2617 5535 esse
2639 5482 3054 5549 possessionem,
3079 5482 3173 5536 sed
3198 5497 3312 5535 rem

1729 5572 2194 5635 contemnendam,
2226 5583 2278 5627 et
2321 5586 2438 5641 qua:
2463 5573 2618 5626 adest
2649 5583 2702 5627 et
2733 5573 3025 5628 latronibus
3059 5558 3113 5629 et
3140 5589 3316 5629 mere-

1731 5665 1953 5720 tricibus
1981 5675 2036 5720 et
2063 5666 2430 5735 sepulcrorum
2460 5665 2824 5718 eﬂ‘ossoribus.

1802 5758 1989 5813 Puella
2029 5775 2260 5829 qua-unm
2305 5758 2498 5829 Optima
2539 5755 2770 5811 habenda
2810 5766 2902 5811 est.
3028 5757 3317 5828 Proliterea

3169 359 3272 413 “6
3355 400 3362 406 .
