4096 6310
716 419 722 426 ’
806 432 909 487 m

811 547 895 600 Itis
922 546 1095 603 missis
1116 547 1236 604 veni
1266 548 1332 605 ad
1363 557 1469 606 tum
1507 553 1702 607 animai
1730 555 2003 620 virtutem,
2031 551 2191 622 quam
2213 556 2382 609 cuivis

809 650 941 689 auro
965 638 1211 706 prmfero.
1241 639 1464 710 Sapiens
1488 643 1630 697 enim
1660 653 1714 719 et
1739 643 1963 712 ingenua
1992 643 2187 713 puella,
2217 644 2384 724 pieta-

812 739 879 784 tis
909 746 1090 785 curam
1117 749 1327 803 gerens,
1357 735 1451 789 toti
1488 736 1600 790 orbi
1642 746 1798 791 terra:
1841 737 2012 804 pretio
2031 742 2117 789 est
2145 736 2382 804 aequipa-

810 822 998 877 randa.
1026 823 1311 892 Propterea
1340 837 1394 880 et
1420 838 1470 881 te
1497 841 1614 880 sum
1641 828 1917 895 amplexus
1955 836 2009 882 et
2037 837 2090 882 te
2116 827 2300 896 diligo,
2328 834 2384 880 et

812 930 945 968 meze
986 916 1146 970 etiam
1174 919 1364 970 anima:
1405 919 1646 986 pra-fero.
1670 919 1810 974 Nihil
1833 929 1916 975 est
1939 919 2080 973 enim
2108 920 2214 972 vita
2242 915 2382 987 prae-

811 1017 960 1067 scus,
989 1019 1190 1074 oroque
1218 1016 1272 1060 et
1308 1009 1492 1060 hortor
1516 1017 1569 1062 et
1597 1011 1773 1062 omnia
1807 1008 1964 1074 facio,
1997 1018 2054 1061 ut
2079 1022 2179 1062 nos
2205 1007 2277 1061 ita
2304 1005 2387 1061 di-

809 1094 898 1159 gni
931 1094 1225 1150 habeantur
1252 1097 1340 1167 qui
1374 1108 1687 1165 przewntent
1732 1113 1948 1167 agamus
1977 1097 2159 1162 vitam,
2193 1106 2252 1152 ut
2278 1097 2386 1152 illic

808 1188 973 1238 etiam
1002 1188 1263 1254 possimus
1294 1188 1346 1242 in
1377 1188 1552 1242 futuro
1576 1190 1772 1243 sreculo
1798 1205 1917 1243 cum
1949 1203 2136 1258 magna
2180 1186 2384 1242 securi-

811 1285 922 1330 tate
947 1277 1104 1331 simul
1135 1280 1356 1334 versari.
1388 1279 1518 1334 Nam
1561 1295 1795 1349 praesens
1821 1279 2033 1349 quidem
2069 1290 2278 1348 tempus
2304 1288 2387 1332 est

815 1367 1007 1433 breve,’
1025 1370 1282 1424 caducum
1300 1382 1353 1425 et
1389 1369 1572 1441 fragile
1599 1389 1612 1425 :
1645 1373 1726 1425 sin
1755 1379 1931 1426 autem
1960 1370 2105 1440 digni
2132 1369 2387 1424 fuerimus

813 1455 976 1510 habiti
1001 1467 1052 1510 ut
1081 1457 1186 1513 Deo
1209 1469 1478 1529 acceptam
1503 1461 1662 1514 vitam
1685 1460 1768 1514 hic
1791 1461 2162 1530 transigamtts.
2177 1473 2389 1526 Semper

814 1547 1014 1600 erimus
1062 1558 1110 1600 et
1154 1564 1275 1602 cum
1301 1549 1514 1603 Christo
1557 1560 1610 1604 et
1650 1566 1774 1605 cum
1803 1550 1956 1605 nobis
2002 1550 2224 1604 invicem
2265 1562 2387 1602 cum

815 1633 1002 1702 majori
1028 1638 1314 1706 voluptate.
1332 1637 1441 1707 Ego
1462 1639 1799 1695 dilectionem
1818 1650 1959 1694 tuam
1977 1637 2200 1708 pralero
2218 1637 2392 1691 omni-

816 1725 950 1792 bus;
981 1743 1151 1796 neque
1172 1739 1252 1782 est
1274 1729 1561 1799 quidquam
1590 1731 1718 1785 mihi
1746 1747 1896 1800 atque
1925 1731 2205 1785 molestum
2231 1743 2389 1798 quam

817 1830 848 1869 a
891 1826 941 1870 te
980 1833 1226 1884 umquam
1259 1818 1520 1874 dissidere
1552 1837 1567 1874 :
1594 1820 1801 1874 etiamsi
1831 1835 1918 1876 me
1945 1829 2192 1890 oporteat
2212 1819 2390 1872 omnia

815 1906 1060 1962 amittere
1079 1950 1094 1970 .
1122 1908 1330 1964 etiamsi
1361 1910 1443 1964 Iro
1473 1927 1595 1966 esse
1636 1913 2008 1982 pauperiorem
2028 1954 2044 1977 ,
2071 1922 2120 1965 et
2151 1920 2391 1966 extrema

816 1996 998 2064 subire
1042 2000 1292 2066 pericula,
1321 2010 1375 2054 et
1402 2001 1610 2069 quidvis
1637 2002 1778 2070 pati,
1811 2001 1939 2057 mihi
1966 2009 2090 2057 sunt
2112 2001 2288 2055 omnia
2319 1999 2394 2054 fec

817 2085 980 2139 renda
1006 2095 1061 2140 et
1091 2089 1386 2155 toleranda,
1419 2089 1591 2146 donec
1619 2104 1672 2146 tu
1703 2094 1756 2147 in
1787 2108 1873 2148 me
1916 2094 2052 2149 bene
2077 2091 2242 2147 fueris
2265 2091 2394 2146 alle-

817 2185 1020 2241 cta;et
1066 2180 1194 2234 mihi
1239 2180 1365 2235 t'unc
1417 2182 1678 2251 optabiles
1719 2193 1878 2239 erunt
1922 2184 2074 2240 liberi
2101 2183 2312 2253 quando
2338 2192 2393 2238 tu

819 2261 1076 2322 benevole
1102 2269 1152 2322 in
1178 2285 1264 2325 me
1281 2271 1465 2325 affecta
1489 2272 1672 2328 fueris.
1691 2274 1965 2343 Oportebit
1988 2283 2166 2328 autem
2187 2283 2238 2328 te
2256 2288 2395 2344 quo-

818 2371 922 2424 que
951 2359 1050 2410 hoc
1090 2357 1282 2413 nam.
1314 2361 1512 2416 Deinde
1538 2362 1772 2418 admisce
1798 2363 2146 2424 etiamverba
2175 2375 2393 2432 aposto-

821 2445 944 2513 lica,
975 2448 1112 2516 quod
1142 2449 1282 2505 Deus
1322 2452 1398 2505 sic
1432 2453 1546 2506 vult
1589 2467 1712 2508 esse
1739 2453 2080 2524 eoujunétam
2125 2455 2268 2510 inter
2296 2469 2395 2508 nos

823 2536 1266 2595 benevolentiam.
1318 2542 1454 2596 Audi
1506 2544 1649 2608 enim
1713 2543 2037 2614 Scripturam
2081 2544 2392 2599 dicentem:

825 2622 1046 2694 Propter
1074 2628 1167 2682 hoc
1193 2631 1436 2699 relinquet
1464 2632 1614 2686 homo
1638 2643 1833 2702 putrem
1857 2644 1908 2688 et
1934 2644 2143 2688 matrem
2165 2675 2181 2700 ,
2208 2644 2258 2688 et
2300 2635 2393 2687 od-

824 2715 1027 2769 Inmtn
1060 2719 1207 2772 uxori
1231 2735 1339 2774 suc
1368 2719 1596 2790 (Ephes.
1622 2723 1676 2777 5.
1717 2723 1778 2777 δι
1813 2723 1852 2791 ).
1881 2719 2031 2777 Nulla
2056 2723 2127 2777 sit
2152 2723 2304 2778 nobis
2323 2724 2396 2778 si-

731 2796 737 2802 ’
825 2806 1061 2860 multatis
1088 2808 1298 2862 occasio
1322 2826 1336 2861 :
1369 2810 1577 2864 valeant
1605 2800 1864 2880 pecuniae.
1894 2825 1948 2867 et
1976 2811 2258 2867 multitudo
2283 2827 2397 2868 ser-

825 2911 1011 2951 vorum
1036 2939 1050 2960 .
1097 2907 1151 2952 et
1194 2899 1422 2955 honores
1467 2904 1678 2957 externi
1706 2920 1720 2957 :
1754 2902 1855 2956 hoc
1883 2903 2010 2958 mihi
2039 2913 2124 2959 est
2149 2905 2396 2960 omnibus

827 2984 1382 3058 pra~ferendumrQuo
1417 3006 1522 3045 non
1557 3006 1707 3058 auro,
1743 2992 1934 3061 quibus
1979 3008 2084 3048 non
2134 2992 2397 3050 thesauris

827 3088 985 3131 erunt
1031 3079 1144 3132 haec
1180 3082 1338 3135 verba
1382 3084 1531 3137 uxori
1579 3085 1744 3153 magis
1786 3074 2199 3140 desiderabilia?
2225 3086 2304 3142 Ne
2333 3087 2400 3142 ti-

825 3184 992 3236 meas,
1019 3187 1084 3225 ne
1129 3173 1342 3241 quando
1367 3173 1558 3228 dilecta
1593 3175 1847 3230 adversus
1873 3185 1925 3231 te
1952 3176 2238 3248 insolescat
2257 3219 2274 3240 ,
2300 3179 2396 3234 sed

825 3258 1079 3316 conﬁtere
1130 3271 1181 3317 te
1223 3281 1339 3317 eam
1392 3265 1630 3335 diligere.
1659 3265 1790 3320 Nam
1827 3267 2137 3323 meretrices
2180 3268 2396 3340 quidem

825 3365 944 3417 qua:
990 3367 1131 3406 nunc
1173 3367 1292 3408 cum
1345 3355 1629 3419 boc,nunc
1677 3371 1803 3412 eum
1847 3357 1938 3412 illo
1981 3359 2397 3429 coniunguntur,

826 3439 1018 3496 merito
1047 3433 1367 3498 extollente}
1394 3445 1649 3500 adversus
1689 3456 1956 3502 amatores
1979 3490 1994 3514 ,
2026 3449 2238 3518 quando
2283 3449 2400 3506 haec

826 3529 987 3584 verba
1031 3531 1293 3588 audierint
1324 3554 1338 3588 :
1366 3536 1559 3591 mulier
1581 3547 1757 3592 autem
1784 3537 1952 3595 libera
1976 3547 2032 3594 et
2057 3540 2229 3610 puella
2252 3541 2394 3611 inge-

825 3633 929 3674 nua
957 3621 1038 3675 his
1065 3623 1242 3678 verbis
1273 3641 1556 3696 numquam
1587 3629 1889 3694 extolletur,
1920 3630 2014 3686 sed
2039 3632 2207 3686 multo
2233 3634 2400 3702 magis

827 3711 909 3766 his
940 3713 1256 3770 iullectetur.
1289 3717 1525 3773 Ostende
1569 3728 1623 3774 te
1670 3721 1846 3790 magni
1895 3720 2072 3778 facere
2115 3737 2237 3778 cum
2286 3725 2400 3793 ipsa

769 3809 780 3816 ’
826 3807 1287 3874 consuetudinem,
1320 3819 1376 3864 et
1396 3811 1554 3865 malle
1583 3820 1633 3867 te
1661 3811 1804 3867 domi
1831 3827 1951 3868 esse
1991 3823 2211 3884 propter
2230 3816 2398 3884 ipsam

820 3905 985 3962 quam
1029 3896 1078 3949 in
1124 3896 1270 3958 foro;
1300 3909 1354 3953 et
1395 3915 1514 3954 eam
1546 3916 1794 3982 praepone
1839 3903 2088 3959 omnibus
2124 3906 2312 3962 amicis
2344 3916 2402 3981 et

827 3985 1027 4050 liberis,
1060 4003 1194 4055 quos
1213 4005 1274 4042 ex
1295 4005 1361 4043 ea
1379 3993 1655 4060 suscepisti
1681 4008 1696 4055 ;
1726 4001 1782 4046 et
1800 3993 1901 4061 ipsi
1921 4009 2132 4066 quoque
2150 4011 2180 4048 a
2207 4006 2258 4051 te
2279 4010 2403 4066 pro-

826 4083 945 4144 pter
965 4075 1130 4143 ipsam
1147 4077 1450 4146 diligantur.
1465 4079 1520 4135 Si
1553 4082 1676 4136 boni
1697 4082 1818 4152 quid
1837 4082 2040 4147 fecerit,
2061 4083 2210 4139 lauda
2231 4095 2285 4141 et
2307 4085 2406 4140 ad-

825 4166 1054 4230 mirare;
1083 4167 1127 4222 si
1153 4169 1276 4234 quid
1302 4171 1572 4240 contingat
1593 4170 1830 4237 absurdi,
1858 4172 2074 4245 etquod
2101 4175 2288 4244 puellis
2310 4190 2401 4232 ac-

825 4257 1006 4313 cidere
1031 4263 1216 4324 soleat,
1236 4262 1399 4317 suade
1425 4275 1478 4318 et
1504 4263 1752 4320 admone.
1769 4264 1925 4320 Omni
1952 4280 2018 4320 ex
2039 4275 2190 4337 parte
2205 4282 2398 4323 accusa

829 4350 1080 4418 pecunias
1113 4361 1168 4406 et
1189 4344 1434 4422 sumptus
1472 4356 1802 4426 magnificos,
1832 4367 1886 4412 et
1911 4358 2046 4414 doce
2081 4374 2198 4414 eam
2236 4375 2399 4415 orna-

828 4449 1066 4494 mentum
1089 4443 1232 4512 quod
1261 4443 1460 4513 paritur
1483 4460 1547 4500 ex
1574 4444 1768 4502 decore
1792 4454 1847 4502 et
1874 4447 2155 4514 modestia,
2183 4459 2238 4505 et
2257 4451 2399 4520 quod

826 4546 891 4585 ex
919 4533 1196 4589 honestate
1225 4551 1240 4586 :
1274 4546 1328 4592 et
1352 4537 1564 4592 assidue
1592 4538 1726 4595 doce
1754 4553 1820 4593 ea
1842 4555 1962 4608 qua:
1990 4541 2288 4596 conferunt.

897 4624 948 4677 9.
995 4623 1134 4678 Uxor
1162 4629 1411 4696 quomodo
1438 4631 1736 4684 erudienda.
1761 4659 1833 4674 -ο
1857 4632 1977 4688 Sint
2023 4647 2210 4702 preces
2247 4636 2398 4691 vobis

823 4729 1172 4778 communes;
1209 4720 1568 4790 numinisque
1611 4729 1697 4776 eat
1737 4721 1806 4775 ad
1853 4723 2181 4779 ecclesiam:
2222 4735 2274 4779 et
2299 4741 2398 4781 eo-

825 4820 944 4858 rum
971 4821 1086 4875 qum
1117 4806 1223 4861 illic
1249 4807 1498 4864 dicuntur
1514 4821 1567 4865 et
1594 4811 1861 4879 leguntur,
1889 4815 2109 4869 maritus
2135 4817 2204 4870 ab
2232 4832 2398 4872 uxore

825 4903 1028 4961 partem
1049 4895 1190 4950 clomi
1217 4897 1391 4968 exigat
1410 4908 1461 4953 et
1485 4900 1570 4954 illa
1587 4916 1616 4955 a
1635 4901 1854 4956 marito.
1867 4902 1921 4958 Si
1953 4905 2144 4973 premit
2172 4920 2398 4977 pauper-

826 4995 941 5050 tas,
965 4988 1166 5054 produc
1205 4988 1259 5044 in
1289 4990 1520 5045 medium
1549 5001 1764 5048 sanctos
1793 4993 1935 5049 viros
1964 4994 2184 5052 Paulo
2214 5005 2270 5052 et
2291 4997 2395 5054 Pe-

825 5083 985 5138 trum.
1003 5077 1094 5147 qui
1119 5077 1172 5133 in
1203 5078 1390 5150 majori
1405 5080 1617 5135 fuerunt
1629 5082 2020 5138 existimatione
2033 5101 2193 5155 quam
2209 5104 2396 5145 omnes

822 5180 976 5235 urges
1001 5175 1056 5221 et
1076 5169 1267 5225 divites
1287 5210 1306 5236 ,
1327 5180 1383 5225 et
1404 5172 1672 5242 qrnomodo
1699 5175 1855 5229 vitam
1895 5188 2118 5246 egerunt
2161 5178 2214 5232 in
2255 5177 2397 5235 fame

821 5270 875 5313 et
903 5259 993 5316 siti
1028 5277 1044 5316 :
1074 5263 1223 5318 crudi
1252 5280 1370 5320 eam
1395 5265 1528 5322 uibil
1557 5265 1609 5322 in
1634 5267 1740 5322 vita
1766 5283 1887 5324 ese
1908 5270 2143 5343 terribile
2169 5281 2393 5340 prater-

822 5365 981 5418 qnatn
1035 5353 1200 5407 Deum
1244 5354 1532 5412 oiendere.
1565 5357 1624 5413 Si
1648 5358 1767 5428 quis
1794 5360 1874 5415 sic
1906 5370 1960 5415 et
2009 5367 2228 5432 propter
2278 5363 2393 5419 hac

821 5454 1041 5498 uxorem
1063 5444 1304 5511 duxerit,
1323 5438 1598 5502 monachis
1626 5465 1733 5504 non
1754 5450 1854 5506 erit
1883 5452 2036 5506 valde
2062 5453 2267 5519 minor,
2295 5470 2393 5510 uec

819 5532 864 5587 is
890 5536 980 5605 qui
1013 5551 1232 5592 uxorem
1261 5538 1432 5605 duxit,
1461 5541 1527 5595 iis
1554 5542 1642 5612 qui
1673 5558 1777 5597 non
1825 5544 2111 5599 duxerunt.
2139 5544 2195 5601 Si
2230 5547 2392 5602 etiam

819 5625 993 5681 lacere
1016 5629 1258 5697 prada,
1282 5640 1338 5686 et
1365 5631 1604 5686 convivia
1625 5634 1896 5690 celebrare
1912 5636 2066 5700 velis,
2087 5637 2289 5691 nullum
2307 5638 2391 5692 in-

817 5713 1398 5786 Mummium
1422 5723 1752 5792 indecorum,
1768 5727 1860 5782 sed
1873 5727 1918 5782 si
1939 5738 2183 5785 sanctum
2206 5745 2391 5800 quem-

817 5809 956 5877 piam
1002 5809 1285 5878 inveneris,
1314 5815 1400 5885 qui
1430 5816 1596 5885 possit
1623 5816 1802 5872 domui
1831 5830 2019 5874 vcstnc
2051 5820 2385 5889 benedicere,

1559 432 1616 492 S.
1657 435 1931 492 JOANNIS
1952 428 2420 498 CllRYSOSTOMl
2460 441 2772 498 AnClllEl‘.
2809 441 3336 501 CONSTANTINOP.

2491 566 2544 609 et
2576 559 2767 623 pedum
2794 559 3032 627 ingressu
3050 561 3224 615 valeat
3247 562 3544 616 universam
3566 561 3763 617 inferre
3785 558 3881 618 Dei
3902 562 4054 617 benc-

2487 643 2796 710 dictionem.
2823 665 2944 703 eum
2969 665 3123 705 voca.
3151 651 3331 706 Dicam
3362 654 3521 707 etiam
3565 651 3710 707 aliud
3741 671 3754 706 :
3785 667 3949 709 nemo
3971 670 4055 706 ve-

2487 745 2654 791 strum
2699 738 2911 793 studeat
2952 755 3173 794 uxorem
3217 741 3414 798 dueere
3452 742 3720 807 ditiorem,
3751 744 3850 798 sed
3890 745 4056 812 potius

2483 830 2881 897 pauperiorem.
2910 830 3026 885 Non
3050 833 3192 887 enim
3221 833 3552 903 ingredietur
3574 833 3805 889 afl'erens
3833 850 3900 890 ex
3927 834 4054 889 divi-

2488 918 2574 970 tiis
2601 927 2799 972 tantam
2824 921 3160 976 occasionem
3202 923 3509 994 voluptatis,
3538 934 3790 995 quantam
3821 927 4055 980 introdu-

2488 1019 2574 1063 cet
2600 1011 2896 1065 molestiam
2935 1027 3004 1069 ex
3040 1011 3281 1082 probris,
3309 1031 3375 1070 ex
3404 1032 3471 1070 eo
3512 1017 3652 1086 qttod
3697 1019 3847 1086 plura
3889 1019 4059 1083 exigat

2489 1115 2648 1169 quam
2674 1100 2929 1168 intulerit,
2958 1113 3023 1157 ex
3048 1106 3404 1169 contumeliis,
3435 1123 3506 1162 ex
3536 1110 3741 1177 magnis
3765 1110 4061 1178 sumptibus

2489 1200 2544 1243 et
2586 1189 2860 1260 impensis,
2902 1208 2970 1246 ex
2999 1194 3174 1249 verbis
3207 1197 3445 1251 molestis
3469 1208 3523 1252 et
3562 1199 3880 1268 importunis
3934 1199 4059 1254 Fur-

2493 1285 2643 1334 tasse.
2671 1272 2814 1334 enim
2857 1279 2998 1336 dicet
3027 1301 3042 1337 :
3071 1283 3210 1338 Nihil
3255 1285 3430 1341 adhuc
3461 1289 3775 1359 consumpsi
3812 1305 3878 1345 ex
3922 1291 4022 1343 tuis
4045 1331 4058 1354 ,
4077 1284 4090 1293 ’

2491 1368 2624 1422 meis
2639 1367 2814 1424 adhuc
2843 1369 3055 1438 induor,
3082 1389 3149 1428 ex
3181 1375 3244 1429 iis
3268 1391 3390 1445 quae
3418 1377 3546 1432 mihi
3575 1379 3842 1434 donarunt
3867 1396 4060 1452 paren-

2494 1465 2593 1512 tes.
2633 1458 2772 1525 Quid
2815 1461 2969 1523 dicis.
3001 1478 3035 1516 ο
3061 1466 3288 1520 mulier?
3316 1468 3418 1521 tuis
3456 1483 3517 1524 es
3560 1469 3733 1525 adhuc
3763 1473 3947 1526 induta
3967 1476 3990 1527 ‘l
4014 1486 4062 1527 et

2493 1549 2617 1618 quid
2657 1551 2757 1607 hoc
2794 1554 2956 1608 verbo
2983 1554 3141 1610 fuerit
3189 1560 3477 1614 miserius?
3507 1577 3702 1631 corpus
3747 1581 3850 1619 non
3904 1565 4064 1620 babes

2495 1642 2788 1711 proprium,
2817 1654 2871 1698 et
2893 1647 3142 1714 pecunias
3169 1649 3333 1704 habes
3361 1653 3642 1722 proprias?
3664 1654 3778 1710 Non
3801 1661 3932 1712 esus
3961 1674 4065 1711 am-

2495 1730 2636 1798 plius
2659 1733 2778 1789 dum
2817 1750 3007 1792 carnes
3051 1749 3170 1808 post
3212 1744 3638 1812 matrimonium,
3666 1748 3759 1804 sed
3789 1748 3914 1802 facti
3944 1751 4066 1803 estis

2497 1821 2550 1875 in
2577 1837 2768 1887 unam;
2797 1836 2852 1879 et
2895 1826 3016 1882 dua:
3057 1841 3182 1884 sunt
3220 1830 3519 1898 facultates,
3546 1850 3652 1890 non
3697 1852 3822 1891 una.
3849 1838 3896 1893 O
3924 1854 4070 1893 amor

2497 1915 2772 1983 pecunia!
2804 1933 2945 1972 unus
2968 1919 3149 1984 homo.
3170 1939 3332 1978 unum
3353 1920 3519 1981 'ambo’
3546 1927 3666 1983 facti
3696 1932 3825 1984 estis
3849 1932 4066 1996 animal,

2496 2014 2553 2059 et
2600 2005 2775 2060 adhuc
2816 2007 2950 2064 dicis
2997 2011 3155 2066 mea?
3186 2014 3580 2071 Exsecrandum
3610 2018 3718 2075 hoc
3751 2022 3976 2075 verbum
4023 2033 4069 2074 ct

2496 2095 2813 2151 sceleratum
2840 2114 2869 2152 a
2899 2099 3111 2156 diabolo
3140 2113 3224 2157 est
3248 2105 3694 2165 invectum.Deus
3718 2113 3898 2166 omnia
3925 2113 4068 2167 nobis

2499 2183 2626 2241 fecit
2666 2192 2991 2257 communia,
3021 2209 3141 2262 qua:
3171 2206 3296 2250 sunt
3325 2197 3407 2251 his
3435 2200 3609 2268 magis
3649 2204 3953 2258 necessaria
3979 2246 3994 2268 ,
4025 2214 4072 2257 et

2499 2277 2614 2332 hare
2638 2295 2746 2334 non
2771 2291 2897 2336 sunt
2923 2287 3276 2342 communia?
3302 2288 3417 2344 Non
3445 2291 3570 2346 licet
3611 2292 3810 2359 dicere,
3839 2293 3956 2349 Lux
3997 2305 4074 2349 est

2497 2385 2638 2438 mea,
2666 2371 2758 2429 Sol
2799 2385 2884 2430 est
2925 2392 3097 2444 meus,
3141 2381 3292 2450 Aqua
3334 2397 3452 2437 mea
3482 2401 3496 2436 :
3525 2399 3645 2453 quae
3681 2394 3806 2455 sunt
3850 2388 4069 2457 majora.

2498 2466 2677 2519 omnia
2725 2466 2880 2522 nobis
2921 2480 3045 2524 sunt
3072 2473 3412 2537 communia,
3448 2477 3685 2543 pecunia:
3735 2487 3917 2533 autem
3973 2494 4072 2533 non

2498 2563 2656 2610 erunt
2683 2570 2996 2616 comites
3017 2560 3042 2613 2
3071 2560 3295 2617 Pereant
3323 2565 3518 2620 millies
3537 2567 3794 2636 pecuniae,
3816 2568 3927 2622 imo
3952 2585 4072 2624 vero

2499 2658 2606 2699 non
2632 2647 2904 2714 pecunia,
2935 2648 3030 2704 sed
3076 2653 3237 2706 animi
3281 2655 3543 2719 instituta,
3565 2672 3685 2726 qua:
3713 2658 3962 2713 nesciunt
4005 2660 4071 2712 uti

2500 2736 2762 2803 pecuniis,
2789 2736 2882 2792 sed
2911 2754 3003 2804 eas
3041 2744 3289 2797 omnibus
3335 2746 3645 2813 praeferunt.
3675 2748 3744 2802 Et
3788 2748 3904 2804 haec
3951 2750 4075 2806 doce

2500 2839 2622 2880 cum
2651 2826 2792 2891 aliis,
2823 2829 2916 2884 sed
2945 2845 3065 2886 cum
3097 2834 3262 2888 multa
3288 2837 3482 2905 gratia.
3514 2837 3644 2892 Nam
3687 2840 3942 2908 quoniam
3972 2843 4072 2912 ipsa

2500 2928 2600 2982 per
2623 2929 2683 2970 se
2710 2916 2775 2970 ad
2804 2920 3051 2974 virtutem
3073 2925 3376 2978 exhortatio
3394 2927 3616 2982 multum
3643 2929 3796 2983 habet
3827 2931 4072 2996 tristitim,

2501 3005 2736 3062 maxime
2749 3008 2887 3077 apud
2905 3011 3133 3079 puellam
3152 3023 3390 3070 teneram
3411 3027 3461 3071 et
3483 3018 3817 3086 juvenculam
3834 3039 3850 3086 ;
3867 3024 4074 3092 quando

2501 3097 2662 3152 verba
2689 3098 2818 3155 tieut
2839 3099 2908 3156 de
2927 3102 3282 3173 philosOpbia,
3309 3109 3528 3164 multam
3551 3111 3791 3181 exeogita
3821 3115 4070 3183 gratiam;

2500 3196 2558 3243 et
2585 3187 2688 3243 hoc
2715 3191 2947 3247 maxime
2971 3208 3036 3249 ex
3060 3194 3201 3250 illius
3222 3199 3396 3252 anima
3423 3201 3717 3255 cxtermina
3748 3213 3802 3257 et
3831 3205 4072 3270 amanda,

2502 3296 2680 3336 meum
2707 3291 2763 3338 et
2787 3293 2956 3340 tuum.
2981 3285 3265 3345 Sidixerit
3284 3331 3300 3355 ,
3329 3291 3443 3346 Mea
3468 3333 3485 3356 ,
3511 3292 3598 3347 die
3621 3310 3637 3346 :
3664 3294 3923 3360 Quanam
3953 3297 4075 3352 dicis

2504 3374 2631 3426 tua?
2659 3377 2841 3429 nescio
2867 3376 3031 3440 enim,
3063 3393 3182 3432 cum
3213 3394 3313 3456 ego
3340 3381 3468 3436 nihil
3501 3383 3724 3438 habeam
3754 3389 4032 3457 proprium
4057 3403 4069 3440 :

2502 3463 2774 3531 quomodo
2800 3479 2931 3535 ergo
2954 3466 3263 3534 dicileea,
3296 3485 3419 3524 cum
3445 3473 3624 3526 omnia
3654 3474 3762 3528 sint
3791 3485 3880 3530 tua
3902 3478 3928 3530 ἲ
3947 3478 4076 3532 Con-

2502 3553 2641 3607 dona
2670 3555 2720 3609 ci
2749 3554 2851 3610 hoc
2874 3557 3118 3612 verbum.
3147 3558 3262 3615 Non
3292 3562 3467 3628 vides,
3494 3565 3634 3634 quod
3657 3566 3709 3619 in
3742 3570 3924 3636 parvis
3952 3586 4074 3639 pue-

2504 3643 2580 3698 ris
2622 3645 2723 3700 boe
2772 3645 3036 3702 facimus?
3059 3649 3274 3719 quando
3318 3652 3476 3708 nobis
3519 3658 3828 3714 tenentibus
3882 3661 4072 3730 aliquid

2506 3749 2638 3804 puer
2665 3737 2941 3806 rapuerit,
2967 3748 3021 3794 et
3047 3740 3160 3795 vult
3189 3742 3392 3813 aliquid
3413 3745 3554 3801 aliud
3582 3749 3823 3820 accipere
3841 3791 3860 3816 ,
3890 3767 4075 3808 conce-

2434 3882 2458 3906 I
2502 3823 2681 3879 dimus
2699 3836 2752 3880 et
2777 3826 3006 3884 dicimus
3038 3846 3052 3882 :
3079 3831 3242 3886 uerte
3270 3843 3416 3890 tuum
3444 3845 3528 3890 est
3557 3837 3661 3893 hoc
3705 3849 3762 3905 et
3788 3840 3944 3897 illud.
3977 3842 4075 3898 lloc

2503 3913 2664 3968 etiam
2692 3913 2947 3972 faciamus
2973 3919 3027 3973 in
3053 3920 3278 3977 muliere
3308 3940 3322 3977 :
3354 3932 3440 3980 est
3467 3927 3610 3981 enim
3641 3944 3794 3984 mens
3823 3934 3943 4000 ejus
3974 3949 4075 3988 ma-

2503 4004 2585 4073 gis
2615 4006 2832 4074 puerilis
2859 4023 2874 4058 :
2907 4018 2962 4063 et
2985 4009 3031 4065 si
3065 4010 3237 4078 dicat,
3266 4013 3410 4083 lea,
3445 4010 3574 4084 die,
3599 4017 3788 4077 Omnia
3815 4035 3946 4079 sunt
3973 4034 4071 4090 tua,

2503 4103 2560 4150 et
2597 4111 2700 4167 ego
2724 4106 2865 4153 tuus.
2893 4097 3008 4156 Non
3033 4112 3118 4157 est
3141 4104 3361 4161 verbum
3402 4107 3745 4179 adulationis,
3776 4115 3872 4170 sed
3900 4117 4072 4171 multa:

2505 4187 2821 4258 pudentis.
2848 4191 2936 4246 Sic
2977 4193 3177 4261 poteris
3217 4197 3336 4264 ejus
3372 4185 3503 4253 iram
3531 4202 3846 4277 reprimere,
3872 4209 4072 4261 exstin-

2501 4296 2666 4350 gnere
2687 4281 2850 4336 animi
2880 4283 3270 4366 aegritudinem.
3298 4287 3555 4365 iistenim
3585 4291 3841 4359 adulatio,
3865 4297 4072 4366 quando

2505 4385 2723 4445 propter
2769 4374 2969 4430 malum
3006 4365 3204 4447 aliquid
3244 4371 3434 4446 lbceris
3476 4383 3783 4440 indecorum
3813 4365 4073 4445 etiillibe-

2503 4464 2654 4532 rale;
2685 4466 2785 4520 hoc
2815 4477 2992 4522 autem
3028 4478 3111 4525 est
3138 4471 3749 4552 maxinta‘._philosopliia.
3782 4479 3875 4534 Dic
3915 4498 4068 4552 ergo,

2503 4554 2617 4626 Ego
2642 4572 2855 4628 quoque
2878 4572 2996 4613 sum
3022 4570 3219 4639 tuus,bo
3243 4550 3422 4618 filiola.
3452 4564 3564 4620 lloc
3590 4569 3718 4622 mihi
3746 4571 3917 4627 suasit
3943 4550 4066 4627 Pan—

2503 4646 2607 4712 lus,
2630 4646 2814 4704 dicens
2840 4666 2855 4703 :
2896 4647 2986 4704 Vir
3013 4646 3209 4721 proprii
3225 4657 3451 4724 corporis
3476 4667 3770 4726 potestatem
3803 4677 3909 4715 non
3934 4665 4070 4717 habet

2502 4737 2579 4808 (ί.
2608 4736 2729 4792 Cor.
2761 4739 2815 4794 7.
2843 4738 2924 4810 ι),
2951 4741 3042 4794 sed
3066 4743 3263 4797 mulier.
3295 4743 3352 4800 Si
3377 4746 3481 4800 mei
3503 4750 3747 4818 corporis
3767 4766 3875 4806 non
3909 4753 4072 4807 hach

2501 4837 2844 4898 potestatem,
2889 4830 2985 4885 sed
3029 4839 3085 4886 tu
3133 4833 3301 4888 multo
3353 4838 3521 4908 magis
3566 4843 3825 4908 pecuniae.
3857 4842 4070 4902 Sedabis

2500 4934 2644 4985 eam,
2676 4921 2720 4973 si
2749 4922 2828 4976 sic
2855 4923 3017 4978 luetis
3036 4924 3309 4995 loquutus,
3330 4928 3597 4986 ﬂammam
3623 4933 4073 5004 exstingues,di.t.

2502 5008 2682 5064 bolum
2727 5010 2924 5082 probro
2963 5013 3472 5082 afficies,ancillam
3507 5023 3676 5092 magis
3713 5039 3832 5080 eam
3875 5027 4068 5092 ἰθείας.

2499 5114 2659 5170 quam
2689 5117 2810 5170 quae
2848 5111 2932 5158 est
2977 5113 3156 5176 empta
3188 5109 3410 5174 pecunia
3435 5125 3454 5174 ε,
3481 5109 3562 5164 bis
3590 5113 3926 5172 νει-Μοίρι
3964 5120 4070 5174 alli-

2498 5191 2668 5260 gabis.
2715 5193 3074 5261 Quamobrem
3115 5214 3185 5253 ex
3228 5198 3295 5255 iis
3332 5215 3453 5272 quae
3495 5201 3752 5273 loqueris,
3775 5204 3916 5264 doce
3961 5226 4068 5264 eam

2499 5298 2786 5355 numquam
2811 5284 3029 5352 dicere,
3056 5286 3226 5344 leum
3261 5299 3316 5345 et
3355 5301 3522 5346 tuum.
3551 5290 3661 5348 Nec
3689 5309 3806 5350 ea
3837 5296 4069 5355 inconsi-

2498 5371 2684 5430 derate
2707 5390 2867 5432 voces
2890 5416 2907 5441 ,
2932 5377 3028 5434 sed
3064 5393 3187 5434 cum
3214 5379 3507 5447 blanditiis,
3535 5398 3657 5440 cum
3699 5385 3936 5454 honore,
3955 5406 4068 5446 eum

2500 5465 2663 5519 uiulta
2704 5464 3014 5523 dilectione.
3042 5467 3253 5524 linunra
3293 5486 3411 5526 eam
3432 5514 3449 5537 ,
3475 5483 3530 5529 et
3559 5491 3665 5529 non
3694 5493 3833 5547 opus
3861 5478 4068 5537 habebit

2500 5564 2557 5609 ut
2585 5555 2877 5612 honoretur
2905 5558 2974 5613 ab
2998 5559 3115 5614 aliis
3143 5576 3158 5615 :
3190 5576 3299 5616 non
3322 5563 3497 5632 egebit
3526 5565 3692 5635 gloria
3712 5569 3781 5622 ab
3802 5570 3926 5624 aliis
3954 5571 4067 5626 dan-

2498 5643 2585 5710 da,
2616 5645 2662 5699 si
2682 5660 2744 5700 ea
2772 5645 2976 5703 fruatur
2999 5664 3102 5720 qua
3138 5659 3193 5704 tu
3219 5667 3339 5707 eam
3364 5653 3629 5711 affeceris.
3661 5657 4065 5733 Eant'prapene

2497 5735 2744 5792 omnibus
2762 5776 2780 5802 ,
2808 5748 3028 5810 propter
3047 5740 3248 5808 otnuis,
3281 5752 3335 5798 et
3377 5753 3594 5815 propter
3622 5747 4062 5817 pulchritudinem

2497 5835 2552 5878 et
2578 5826 2912 5894 sapientiam,
2943 5841 2993 5883 et
3023 5845 3142 5885 eam
3163 5846 3292 5887 orna
3317 5834 3580 5890 laudibus.
3615 5838 3685 5892 Ita
3709 5847 3758 5892 et
3783 5845 4064 5908 pursued»
