4096 6310
198 356 298 412 1ιῦ

203 472 286 524 bis
325 481 383 525 ιιι
413 471 544 525 nulli
594 480 850 527 extraneo
895 471 1130 526 animum
1183 468 1456 535 adhibeat,
1504 468 1600 524 sed
1651 468 1783 523 alias

201 578 389 617 omnes
413 563 657 618 irrideat.
690 563 834 618 Doce
873 561 964 616 Dei
995 563 1238 616 timorem
1263 602 1280 626 ,
1331 570 1388 616 et
1420 561 1598 614 omnia
1643 570 1783 614 tant-

202 637 362 724 quam
387 669 418 706 a
447 653 596 708 fonte
622 653 843 707 allluent
870 694 885 718 ,
913 654 1122 722 eritque
1160 652 1352 719 domus
1392 653 1594 715 referta
1629 651 1782 708 bonis

202 743 702 807 innumerabilibus.
727 741 784 796 Si
807 742 1223 812 incorruptibilia
1249 756 1572 811 quzeramus,
1598 756 1782 795 corru-

203 832 406 901 ptibilia
448 847 662 911 quoque
705 832 1031 892 advenient:
1064 831 1284 898 Quwrite
1355 831 1500 886 enim
1526 871 1541 896 ,
1573 831 1781 901 inquit],

199 923 421 992 primm
465 938 674 992 regnant
720 921 832 986 Dei,
867 933 910 975 et
954 921 1062 976 Ιιωο
1097 922 1267 974 omnia
1305 921 1610 993 adﬁcientur
1644 922 1783 989 vobis

200 1011 417 1075 (lauit.
438 1015 491 1067 6.
519 1014 634 1081 33).
651 1013 848 1082 Quales
873 1011 1090 1081 putandi
1113 1021 1238 1066 sunt
1263 1012 1356 1066 lilii
1386 1013 1566 1067 talium
1590 1027 1784 1083 paren»

199 1101 356 1155 tum?
386 1105 574 1172 quales
601 1112 1019 1158 consentaneum
1061 1112 1145 1158 est
1181 1117 1304 1157 esse
1341 1103 1570 1170 famulos
1597 1103 1780 1174 talium

196 1193 578 1250 dominorum?
604 1196 791 1265 quales
837 1209 933 1250 cos
978 1195 1304 1264 omnes,qu
1343 1194 1448 1266 iilis
1495 1198 1781 1264 appropin-

196 1283 406 1350 quant?
429 1299 606 1337 annon
633 1285 905 1353 continget
929 1299 1026 1348 eos
1048 1298 1259 1366 quoque
1277 1298 1398 1347 esse
1416 1284 1603 1353 plenos
1627 1284 1782 1338 bouis

196 1374 711 1447 innumerabilibus?
740 1374 869 1446 Nam
906 1376 1134 1449 maxima
1161 1390 1228 1438 ex
1269 1385 1420 1446 parte
1448 1391 1512 1430 ex
1541 1376 1781 1430 moribus

1584 1585 1928 1657 HOMILIA
1958 1557 2138 1661 m

192 1730 322 1802 Car.
343 1730 396 1798 6.
415 1749 463 1794 ν.
493 1721 544 1791 ι.
567 1730 712 1795 Filii,
729 1733 922 1790 obea‘itc
939 1733 1230 1802 parentibus
1248 1728 1421 1787 restria
1444 1733 1495 1786 in
1525 1731 1772 1807 Domino:

265 1823 362 1889 ~lict:
389 1822 520 1876 enim
533 1824 733 1893 justum
757 1833 851 1876 est.
875 1822 930 1876 2.
971 1821 1182 1885 Honora
1199 1833 1403 1890 patrem
1432 1834 1573 1888 tuam
1597 1832 1645 1875 et
1666 1839 1771 1890 ma-

265 1923 392 1965 trent
423 1923 563 1966 tuam
585 1915 767 1982 ,‘quod
802 1923 873 1966 est
910 1914 1206 1986 mandatiin;
1231 1915 1452 1981 primum
1475 1915 1526 1971 in
1557 1915 1774 1989 promis-

263 2003 406 2070 sione
436 2044 452 2067 ,
489 2005 544 2059 3.
591 2012 646 2064 ιιι
685 2005 806 2065 bene
846 2007 937 2074 tibi
973 2006 1038 2060 sit
1061 2045 1078 2070 ,
1113 2015 1160 2059 ct
1198 2006 1270 2060 sis
1313 2005 1570 2079 longincus
1621 2019 1774 2074 super

263 2105 470 2152 terrain.

265 2188 291 2240 ί
305 2227 319 2240 .
338 2187 794 2253 Quemadmodum
811 2187 1072 2259 quispiam
1089 2203 1283 2258 corpus
1297 2190 1522 2259 fingens,
1541 2189 1769 2260 primum

191 2275 409 2346 quidem
433 2278 580 2346 ponit
607 2287 770 2348 caput
798 2319 816 2344 ,
847 2278 1041 2334 deinde
1065 2280 1261 2334 collum
1286 2319 1303 2357 π
1331 2279 1526 2334 deinde
1558 2278 1723 2347 pedes
1753 2294 1768 2352 ς

189 2369 266 2428 ita
309 2369 472 2422 etiam
515 2369 703 2424 beatus
747 2369 945 2431 Paulus
983 2369 1224 2453 procedit
1269 2369 1322 2443 in
1368 2384 1463 2426 sua
1502 2370 1768 2430 oratione.

188 2460 337 2513 Dixit
374 2460 444 2514 de
485 2460 604 2527 viro
633 2504 649 2526 ,
679 2461 822 2534 dixit
861 2461 926 2516 de
962 2462 1222 2541 muliere,
1253 2463 1342 2541 qui
1386 2471 1468 2526 est
1505 2461 1771 2520 secundus

187 2549 562 2620 principatus:
585 2551 702 2620 jam
727 2554 902 2623 pergit
926 2537 1234 2624 adtertium
1260 2537 1282 2617 ς’
1309 2553 1353 2607 is
1383 2561 1562 2606 autem
1591 2561 1676 2606 est
1703 2551 1762 2603 ti-

187 2638 406 2698 liorum.
432 2639 566 2706 Nam
592 2643 740 2705 uxori
763 2643 978 2712 quidem
1002 2644 1229 2712 imperat
1254 2645 1497 2707 maritus,
1527 2642 1650 2713 (iiiis
1675 2657 1772 2707 au-

188 2737 300 2784 tem
335 2737 391 2783 et
431 2730 514 2783 vir
557 2738 612 2784 et
656 2733 868 2787 mulier.
915 2723 1050 2800 Vide
1089 2749 1219 2803 ergo
1261 2734 1388 2803 quid
1430 2734 1608 2797 dicat:
1646 2733 1794 2811 Filii,

186 2819 385 2882 pbedite
424 2822 716 2890 parentibus
762 2825 935 2879 vestris
981 2827 1034 2884 in
1073 2823 1296 2880 Domino
1328 2842 1346 2879 :
1373 2827 1468 2879 hoc
1517 2828 1651 2880 enim
1696 2837 1768 2882 est

184 2908 409 2984 primum
441 2921 746 2981 praceptnm
767 2914 820 2968 in
844 2915 1277 2987 promissionilms.
1303 2915 1443 2969 Nihil
1474 2915 1564 2970 hic
1593 2917 1764 2985 l0qui-

170 3006 276 3060 ‘tur
293 2997 363 3052 de
382 2997 618 3063 Christo,
634 3000 765 3062 nihil
789 3002 857 3056 de
881 3002 1108 3058 excelsis
1129 3019 1144 3068 ;
1172 3003 1344 3071 adhuc
1365 3003 1507 3067 enim
1535 3004 1768 3074 loquitur

181 3105 306 3142 cum
339 3092 543 3154 teneris
573 3092 844 3153 mentibus
876 3111 890 3147 :
922 3103 974 3147 et
1006 3093 1124 3148 ideo
1164 3079 1380 3160 brevem
1412 3095 1541 3165 facit
1567 3096 1762 3158 exhor-

183 3180 442 3236 tationem
473 3223 490 3248 ,
516 3191 702 3256 utpote
743 3183 889 3254 quod
930 3200 1037 3239 non
1082 3185 1290 3272 possint
1317 3185 1467 3253 pueri
1501 3187 1762 3255 prolixam

178 3274 399 3342 assequi
449 3274 766 3336 orationem.
809 3275 1096 3344 Propterea
1145 3291 1246 3334 nec
1284 3276 1485 3346 aliquid
1529 3276 1658 3330 dicit
1695 3275 1764 3331 de

179 3375 395 3430 regno;
424 3377 532 3426 non
559 3372 642 3418 est
671 3361 812 3419 enim
855 3365 996 3420 illius
1041 3366 1214 3420 aetatis
1256 3365 1372 3430 haec
1399 3365 1586 3428 audire
1619 3384 1634 3432 ;
1667 3365 1761 3422 sed

177 3467 302 3520 quze
331 3453 568 3522 maxime
591 3454 738 3525 cupit
763 3455 952 3519 audire
975 3457 1198 3526 puerilis
1225 3457 1458 3525 animus,
1488 3472 1550 3514 ea
1582 3457 1717 3524 dixit
1741 3497 1758 3524 ,

177 3559 374 3615 nempe
395 3545 539 3615 quod
563 3545 666 3602 erit
688 3547 986 3627 longaevus.
1016 3547 1071 3606 Si
1093 3549 1212 3624 quis
1235 3549 1379 3608 enim
1403 3549 1639 3618 inquirit,
1665 3564 1762 3604 cur

173 3636 250 3700 de
267 3630 435 3706 regno
452 3653 558 3691 non
573 3637 846 3704 disseruit,
872 3639 967 3703 sed
987 3640 1066 3694 eis
1092 3628 1269 3709 posuit
1291 3639 1597 3704 mandatum
1616 3640 1758 3709 quod

175 3725 342 3792 situm
373 3736 459 3792 est
484 3727 538 3796 in
564 3728 720 3798 lege;
749 3727 990 3797 dicemus
1016 3730 1094 3784 cis
1134 3729 1186 3784 id
1224 3725 1418 3795 iecisse
1449 3739 1506 3784 ut
1535 3731 1621 3799 qui
1650 3731 1759 3791 sint

175 3806 498 3886 pueriliores
521 3861 537 3884 ,
571 3828 628 3874 ut
657 3821 746 3890 qui
775 3823 909 3884 sciat
932 3822 1075 3894 quod
1101 3824 1217 3885 viro
1242 3833 1296 3878 et
1321 3823 1544 3878 muliere
1577 3825 1646 3877 ita
1671 3823 1753 3876 af-

174 3905 331 3975 fectis
370 3909 756 3978 congenienter
792 3909 894 3981 legi
938 3927 1096 3981 quam
1140 3914 1259 3967 tulit
1285 3951 1309 3977 ,,
1330 3927 1436 3966 non
1465 3921 1544 3990 est
1577 3908 1752 3988 magni

175 3997 378 4065 laboris
404 4000 660 4068 puerulos
680 4001 967 4069 subjicere.
999 4001 1226 4074 Quando
1252 4003 1396 4057 enim
1426 4018 1516 4072 res
1544 4004 1750 4068 initium

171 4087 442 4157 acceperit
464 4098 518 4142 et
537 4087 942 4162 fundamentum
977 4091 1195 4156 bonum,
1213 4093 1549 4164 validumque
1578 4104 1632 4152 et
1651 4096 1750 4158 bo-

175 4190 388 4234 uestum
413 4223 426 4245 ,
458 4183 640 4251 omnia
666 4180 921 4256 deinceps
954 4184 1036 4238 via
1077 4193 1132 4239 et
1160 4185 1280 4257 lege
1308 4185 1602 4254 procedunt
1629 4200 1751 4240 cum

173 4273 342 4327 multa
388 4264 682 4334 facilitate:
710 4283 794 4341 est
835 4276 977 4344 enim
1022 4275 1294 4336 difﬁcilius
1329 4277 1514 4346 jacere
1555 4275 1749 4349 {unda-

172 4372 414 4417 mentum
434 4405 452 4430 ,
483 4372 540 4426 et
577 4364 746 4432 basim
772 4365 1038 4434 subjicere
1067 4358 1314 4424 validam.
1339 4366 1467 4438 Filii
1491 4410 1508 4435 ,
1539 4368 1706 4438 inquit
1732 4409 1749 4432 ,

169 4455 372 4517 caedite
399 4456 694 4523 parentibus.
732 4459 910 4511 vestris
947 4459 1002 4512 in
1035 4458 1295 4523 Domino;
1337 4459 1440 4526 hoc
1487 4469 1570 4515 est
1614 4475 1747 4514 con-

167 4556 430 4616 gruenter
458 4545 704 4612 Domino.
733 4547 877 4603 Deus
895 4551 1058 4613 enim,
1092 4551 1282 4618 inquit.
1315 4551 1390 4605 sic
1409 4550 1590 4620 jussit.
1610 4550 1743 4618 Quid

171 4652 320 4702 vero,
355 4638 400 4690 si
418 4637 682 4706 iusserint
712 4639 945 4698 absurda
985 4649 1041 4694 et
1077 4656 1181 4699 non
1218 4640 1489 4712 honesta?
1517 4641 1749 4714 Maxime

166 4726 389 4795 quidem
414 4743 702 4795 numquam
733 4737 886 4805 pater
917 4729 1160 4801 prmeipit
1183 4730 1415 4791 absurda
1443 4738 1496 4786 et
1525 4731 1749 4792 inhone-

163 4826 274 4880 sta,
304 4817 517 4884 etiamsi
556 4818 670 4887 ipse
708 4818 780 4874 sit
807 4819 983 4885 minus
1024 4819 1324 4876 honestus:
1367 4830 1619 4875 ceterum
1669 4823 1747 4877 sic

162 4923 384 4978 quoque
422 4908 667 4980 adhibuit
697 4912 1009 4977 "cautionem
1033 4953 1049 4978 ,
1091 4912 1280 4972 dicens
1311 4929 1326 4967 :
1352 4912 1421 4966 In
1475 4911 1698 4982 Domino
1727 4933 1744 4968 :

135 5006 138 5008 '
164 5001 274 5053 hoc
301 5005 382 5052 est
403 5009 421 5064 ;
444 4999 498 5053 in
526 5001 595 5054 iis
613 5002 665 5054 in
686 5001 882 5070 quibus
912 5002 1078 5057 Deum
1111 5019 1218 5057 non
1245 5003 1508 5065 oﬂ‘endas.
1539 5005 1672 5068 Nam
1700 5008 1745 5061 si

160 5091 238 5144 sit
263 5090 486 5156 Graeci
512 5101 606 5153 aut
634 5079 938 5165 hereticus,
972 5109 1076 5148 non
1107 5095 1294 5163 utique
1313 5096 1602 5165 parendum
1628 5107 1744 5167 est:

162 5197 254 5235 res
282 5182 428 5236 enim
459 5197 566 5236 non
591 5192 676 5242 est
702 5183 754 5237 in
783 5183 1032 5256 Domino.
1057 5184 1339 5253 Quomodo
1368 5195 1548 5250 autem
1568 5187 1700 5252 dicil
1728 5230 1744 5253 ν

163 5271 320 5339 Quod
343 5281 417 5326 eat
436 5273 658 5342 primum
680 5274 971 5345 mandatam
991 5276 1017 5330 2
1045 5265 1276 5346 primum
1308 5287 1394 5338 est
1417 5279 1561 5334 enim
1591 5278 1739 5352 illud,

163 5359 292 5414 Non
323 5361 689 5436 macteris,
731 5371 790 5420 et
820 5404 836 5432 ,
870 5364 991 5433 Non
1016 5365 1230 5420 occides.
1262 5366 1377 5431 Non
1410 5367 1580 5436 ipsum
1606 5369 1745 5424 dixit

159 5451 397 5523 print
438 5453 796 5519 ordine,-sed
851 5446 1230 5524 promissione.
1279 5457 1387 5512 Illis
1430 5459 1587 5528 igitur
1636 5475 1742 5519 non

158 5529 485 5615 proponitur
503 5557 713 5600 merces
736 5587 752 5610 ,
781 5555 836 5599 ut
861 5561 981 5622 qua:
999 5549 1288 5618 constituta
1315 5550 1422 5603 sint
1451 5550 1519 5605 de
1545 5552 1697 5607 malis
1723 5592 1739 5617 ,

152 5641 216 5689 et
243 5631 313 5687 de
331 5647 555 5693 recessu
580 5650 613 5691 ι
636 5637 824 5712 malis;
852 5639 905 5710 in
934 5638 1018 5694 his
1048 5651 1224 5696 autem
1252 5682 1269 5706 ,
1303 5636 1489 5712 utpote
1514 5658 1637 5698 cum
1669 5646 1739 5700 sit

155 5721 424 5793 bonomm
454 5725 716 5801 operatio,
731 5727 941 5797 ponitur
965 5730 1124 5788 etiam
1155 5732 1454 5800 promissio.
1480 5732 1612 5799 Vide
1638 5749 1738 5804 aur

469 5872 480 5880 ι
505 5831 778 5903 Panos.
823 5833 941 5898 Gn.
989 5837 1181 5921 ωιη,

1018 374 1022 377 ’
1072 353 1139 412 ΙΝ
1180 356 1389 412 ΕΡΙΒΤ.
1433 356 1523 410 AD
1562 356 1799 411 EPIIES.
1840 357 2124 451 (JAP..YI.
2167 361 2394 435 IIOMIL.
2440 367 2584 438 XXI.

3382 378 3478 446 iac

1888 469 2230 529 dominorum
2259 480 2400 533 servi
2443 496 2623 537 mures
2652 497 2778 548 suos
2800 497 3151 555 componunt,
3183 497 3236 542 ct
3261 489 3472 544 assimi-

1887 560 2067 618 lantur
2099 579 2286 620 eorum
2316 567 2642 626 desideriis:
2673 575 2859 629 eadem
2899 585 3112 640 amant,
3143 576 3331 632 eadem
3356 595 3476 650 quae

1889 650 2176 715 didicerint
2203 656 2510 727 loquuntur,
2544 661 2595 716 in
2640 663 2827 724 iisdem
2859 675 3162 750 \‘Iersautur.
3193 667 3250 743 Si
3272 669 3351 724 sic
3377 685 3478 722 nos

1889 741 2034 810 ipsos
2058 749 2462 816 componamus,
2486 761 2538 806 et
2564 754 2854 828 scripturis
2874 741 3233 824 attendamus,
3249 758 3476 830 plurima

1886 833 1954 888 ab
1980 834 2087 902 illis
2112 837 2445 897 docebimur.
2477 843 2548 907 Ita
2576 848 2882 915 poterimus
2901 849 3011 904 Deo
3043 850 3253 920 placere
3273 891 3290 917 ,
3320 863 3374 916 et
3397 861 3478 907 to-

1889 933 1995 989 tam
2022 928 2182 984 vitam
2208 944 2533 1000 prasentem
2575 953 2697 993 cum
2732 940 2924 1000 virtute
2964 931 3280 1015 transigere,
3307 930 3363 1000 ei
3388 960 3475 999 as-

1887 1016 2035 1108 sequi
2085 1016 2222 1106 bona
2273 1024 2533 1095 promissa
2591 1027 2657 1082 iis
2701 1030 2787 1099 qui
2841 1030 3015 1099 ipsum
3063 1031 3474 1108 diiiguutzqum

1888 1103 2103 1161 utinamf
2117 1123 2215 1170 nos
2251 1125 2445 1168 omnes
2470 1130 2884 1192 consequamur,
2919 1137 3013 1189 per
3040 1103 3268 1191 gratiam
3293 1134 3346 1182 et
3372 1103 3466 1180 beo

1888 1195 2200 1264 nignitatem
2225 1201 2433 1258 Domini
2464 1209 2631 1271 nostri
2653 1210 2780 1264 Jesu
2806 1212 3028 1284 Christi,
3049 1215 3133 1280 cui
3163 1231 3283 1290 cum
3315 1216 3484 1272 Patre

1885 1294 1939 1341 et
1984 1286 2186 1356 Spiritu
2215 1303 2400 1350 sancto
2438 1297 2636 1368 gloria,
2669 1302 2982 1372 imperium.
3014 1286 3226 1374 honor,
3253 1323 3392 1362 nunc
3418 1319 3475 1363 ct

1884 1391 2118 1448 semper,
2144 1393 2204 1473 et.
2223 1384 2272 1458 in
2301 1387 2491 1452 saecula
2519 1391 2860 1457 seculorum.
2885 1395 3076 1450 Amen.
3116 1384 3120 1387 ’
3213 1380 3222 1388 ’

2769 1537 2880 1559 ,_T:

1884 1744 1989 1800 12m
2011 1745 2280 1809 quomodo
2307 1744 2476 1802 basim
2503 1741 2872 1818 admirabilem
2905 1756 3139 1825 posuerit
3169 1756 3266 1822 yia:
3297 1757 3494 1819 virtn-_

1883 1829 1950 1884 tis
1977 1870 1992 1896 ,
2023 1847 2217 1903 nempe
2248 1836 2300 1889 in
2334 1851 2584 1906 parentes
2614 1843 2873 1905 honorem
2906 1856 2959 1899 ct
2989 1848 3382 1912 reverentiam;
3411 1859 3466 1902 et

1876 1916 1997 1986 jure
2015 1923 2252 1991 quidem.
2283 1926 2414 1982 Cum
2445 1931 2757 2000 abduxisset
2784 1949 2813 1988 a
2845 1937 3000 2008 malis
3025 1939 3330 1993 actionibus
3358 1981 3373 2004 ,
3405 1951 3462 1993 rt

1883 2008 2019 2085 bona
2044 2023 2189 2068 esset
2210 2016 2566 2086 ingressurus.
2600 2022 2702 2081 hoc
2732 2026 2957 2094 primum
2981 2028 3176 2096 posuit.
3203 2029 3458 2090 liquorem

1881 2097 1932 2189 in
1964 2114 2232 2179 parentes,
2265 2111 2517 2177 quoniam
2548 2122 2604 2172 et
2631 2125 2754 2176 ante
2784 2118 2963 2172 omnia
2993 2119 3092 2187 ipsi
3134 2129 3255 2189 post
3295 2121 3458 2175 Deum

1881 2188 2095 2253 [uerunt
2122 2206 2374 2254 auctores
2403 2201 2543 2268 vitm.
2575 2203 2753 2270 Quare
2781 2207 2972 2266 merito
3001 2188 3157 2278 primi
3195 2211 3458 2287 bonorum

1880 2291 2184 2344 nostrorum
2226 2287 2454 2344 fructum
2507 2297 2844 2365 perceperint
2865 2339 2880 2362 ,
2908 2309 2965 2354 et
2994 2308 3119 2369 tunc
3145 2301 3235 2374 alii
3274 2317 3462 2370 omnes

1880 2370 2145 2438 homines.
2173 2376 2304 2432 Nam
2333 2379 2377 2434 si
2405 2383 2526 2451 quis
2555 2383 2655 2440 hoc
2676 2403 2782 2459 non
2812 2387 3023 2447 haheat.
3053 2370 3342 2461 numquam
3360 2393 3464 2446 erit

1877 2461 2049 2517 bonus
2067 2476 2123 2519 et
2142 2481 2325 2536 mquus
2353 2470 2406 2524 in
2428 2478 2890 2548 egtmneqs._Cum
2912 2494 3040 2549 ergo
3066 2479 3188 2545 ﬁliis
3203 2482 3461 2544 suasisset

1876 2568 1996 2623 qua:
2021 2559 2306 2625 oportebat
2332 2603 2347 2626 ,
2380 2567 2572 2628 transit
2600 2567 2670 2621 ad
2695 2580 2947 2641 parentes
2977 2612 2992 2635 ,
3025 2579 3080 2625 et
3107 2571 3277 2628 dicit:
3308 2572 3361 2626 4.
3393 2573 3457 2626 Et

1877 2653 1982 2711 vas,
2015 2659 2201 2718 patres,
2232 2652 2384 2706 nolite
2407 2654 2476 2707 ad
2503 2657 2634 2716 iram
2665 2675 2937 2728 provocare
2959 2662 3095 2729 ﬁlios
3123 2673 3343 2730 vestros;
3368 2664 3458 2718 ml

1876 2737 2084 2827 educate
2111 2739 2226 2802 illos
2260 2742 2315 2795 in
2354 2744 2624 2814 disciplina
2651 2757 2698 2804 et
2722 2752 3034 2820 correptione
3080 2752 3304 2827 Domini.
3339 2752 3455 2808 Non

1873 2826 2004 2880 dicit
2031 2869 2048 2893 ,
2096 2829 2201 2891 Eos
2227 2831 2436 2903 diligite
2469 2853 2484 2901 ;
2524 2836 2626 2896 hoc
2654 2841 2799 2910 enim
2829 2842 2908 2898 eis
2937 2843 3026 2912 vel
3055 2845 3235 2901 invitis
3265 2855 3453 2900 natura

1873 2916 2112 2982 attrahit,
2141 2928 2197 2973 et
2218 2922 2558 2999 superﬂuum,
2576 2937 2723 2984 esset
2745 2930 2814 2986 de
2842 2932 2920 2986 eis
2949 2932 3122 3008 legem
3150 2934 3292 2996 ferre
3316 2951 3330 2988 :
3358 2933 3457 2989 sed

1871 3006 1996 3073 quid
2025 3007 2196 3075 dicit?
2237 3010 2414 3068 Nolite
2438 3033 2714 3084 provocare
2741 3022 2809 3075 ad
2831 3023 2963 3096 iram
2991 3006 3127 3094 ﬁlias
3147 3036 3337 3092 vestros
3357 3043 3376 3090 ,'
3399 3037 3457 3082 ut

1873 3097 2019 3150 multi
2033 3097 2230 3162 faciunt
2243 3116 2336 3157 eos
2351 3101 2736 3171 exheredantes
2753 3122 2808 3166 et
2823 3113 3213 3184 abdicantes.sl
3225 3131 3318 3172 eos
3338 3132 3459 3188 Bra-

1872 3198 2056 3242 vantes
2097 3199 2151 3245 et
2179 3205 2486 3271 prementes
2515 3239 2530 3263 ,
2558 3215 2664 3254 non
2694 3211 2753 3256 ut
2780 3203 2978 3267 liberos
3003 3190 3146 3271 ,sed
3179 3217 3448 3277 tamquam

1870 3280 2152 3350 mancipia.
2185 3284 2473 3362 PrOpterea
2497 3289 2627 3344 dicit
2651 3332 2666 3355 ,
2705 3290 2888 3357 Nolite
2917 3303 3192 3364 provocare
3218 3299 3289 3356 ad
3313 3299 3446 3354 iram

1867 3368 2004 3456 filios
2028 3382 2237 3442 vegtros.
2271 3376 2472 3442 Deinde
2514 3381 2673 3451 quod
2694 3393 2780 3439 est
2808 3394 2971 3455 caput
3010 3395 3066 3441 et
3093 3404 3302 3456 summa
3331 3405 3449 3444 om-

1867 3452 2053 3529 nium,
2086 3457 2320 3525 ostendit
2346 3463 2615 3530 quomodo
2642 3464 2750 3519 sint
2776 3452 3040 3536 obedituri
3073 3510 3089 3534 ,
3126 3452 3246 3526 tota
3287 3488 3446 3528 cau~a

1866 3539 2091 3607 deducta
2115 3545 2181 3599 ad
2212 3559 2372 3617 caput
2398 3559 2453 3606 et
2484 3552 2690 3626 iuitipm
2719 3573 2732 3609 :
2758 3566 2814 3618 et
2839 3557 2978 3626 sicut
3002 3561 3310 3617 ostenderat
3335 3580 3450 3618 ma—

1864 3630 2022 3704 ritum
2051 3649 2172 3691 esse
2199 3651 2414 3703 causam
2451 3650 2508 3695 ut
2552 3643 2768 3716 obediat
2796 3662 2931 3718 uxor
2960 3660 3065 3722 ,_et
3107 3649 3230 3706 ideo
3262 3652 3446 3707 multis

1863 3735 1984 3787 cum
2013 3737 2077 3776 eo
2109 3726 2256 3794 agit,
2286 3727 2581 3803 adhortans
2635 3742 2694 3796 ut
2736 3749 2854 3803 eam
2899 3739 3134 3806 attrahat
3167 3744 3447 3812 tyrannide

1863 3812 2202 3890 dilectionis;
2235 3819 2306 3873 ita
2351 3822 2439 3877 hic
2477 3839 2690 3895 quoque
2716 3830 2905 3884 rursus
2934 3831 2982 3886 ei
3010 3845 3228 3889 causam
3261 3837 3448 3892 tribuit

1863 3905 2050 3997 dicens
2083 3925 2095 3960 :
2129 3910 2234 3965 Sed
2260 3912 2472 3986 pdupate
2506 3915 2622 3983 illos
2659 3919 2713 3972 in
2753 3918 3027 3995 disciplina
3053 3934 3099 3978 et
3125 3929 3443 3997 part-entiam

1864 3994 2093 4093 meini.
2120 3999 2282 4093 Vides
2308 4005 2469 4093 quod,
2504 4007 2549 4059 si
2581 4008 2758 4064 adsint
2783 4011 3120 4093 spiritualia,
3153 3994 3444 4086 sequentur

1862 4089 2022 4154 etiam
2053 4092 2286 4159 carnalia
2310 4094 2333 4145 ?
2360 4091 2452 4148 Vis
2481 4094 2645 4151 illium
2673 4114 2797 4155 esse
2824 4089 3163 4182 obedientem
3195 4108 3219 4158 τ
3245 4109 3311 4163 ab
3335 4110 3440 4163 ini-

1863 4185 1937 4238 tio
1963 4201 2084 4246 eum
2104 4187 2289 4242 .educa
2323 4188 2376 4243 in
2403 4190 2685 4261 disciplina
2713 4203 2768 4249 et
2790 4195 3157 4270 admonitione
3184 4200 3395 4257 Domini
3425 4221 3440 4260 :

1862 4294 1930 4333 ne
1953 4279 2228 4334 existimes
2255 4296 2374 4337 esse
2400 4299 2856 4353 supervacaneum
2880 4330 2895 4355 ,
2930 4289 3072 4367 quod
3095 4293 3210 4362 ipse
3234 4293 3444 4350 divinas

1853 4363 2286 4434 Literasaudiat:
2314 4390 2436 4430 nam
2464 4378 2571 4432 illic
2601 4381 2702 4435 hoc
2721 4381 2949 4447 primum
2971 4363 3210 4458 audient,
3233 4387 3444 4443 Honora

1858 4470 2052 4529 patrem
2079 4473 2126 4516 et
2152 4474 2383 4520 matrem.
2410 4469 2835 4547 Itaquepropter
2865 4484 2916 4536 te
2943 4475 3047 4547 hoc
3074 4478 3151 4532 ﬁt.
3169 4479 3249 4534 Ne
3271 4480 3437 4546 diras,

1858 4551 1971 4608 lloc
1987 4564 2069 4609 est
2092 4557 2474 4612 monachorum
2497 4577 2512 4626 ;
2532 4542 2666 4615 n‘um
2680 4579 2780 4633 ego
2793 4581 2914 4620 eum
2940 4568 3077 4623 facio
3095 4572 3440 4626 monachum?

1855 4643 1970 4703 Non
1993 4654 2076 4699 est
2098 4661 2318 4708 necesse
2340 4656 2399 4702 ut
2420 4650 2508 4704 liat
2535 4655 2852 4718 monachus.
2877 4655 3015 4724 Quid
3033 4658 3085 4713 id
3107 4661 3281 4727 times,
3298 4665 3440 4732 quod

1854 4745 1938 4804 est
1959 4737 2126 4791 multo
2151 4734 2300 4793 luero
2327 4741 2543 4809 plenum
2566 4744 2590 4797 ?
2615 4744 2723 4801 Fac
2751 4743 2888 4802 eum
2906 4749 3294 4820 Christianum.
3323 4755 3438 4809 Ma—

1857 4825 1997 4880 xime
2023 4827 2165 4890 enim
2196 4830 2480 4886 mundanis
2503 4874 2519 4898 ,
2568 4850 2763 4905 nempe
2787 4839 3136 4901 smcularibus
3169 4884 3184 4909 ,
3217 4859 3440 4900 necesse

1857 4926 1939 4969 est
1972 4916 2183 4980 discere
2222 4934 2340 4990 qua:
2370 4921 2478 4976 illic
2506 4932 2631 4989 sunt
2657 4925 2980 4990 documenta
3005 4973 3021 4996 ,
3057 4934 3226 5003 magis
3251 4943 3438 4989 autem

1856 5008 2058 5076 pueris.
2090 5008 2250 5066 Multa
2277 5020 2359 5064 cst
2383 5012 2527 5077 enim
2552 5013 2605 5068 in
2635 5017 2723 5077 illa
2747 5027 2903 5083 aetate
2922 5021 3219 5090 ignorantia
3243 5040 3258 5088 ;
3281 5027 3437 5096 igno-

1855 5099 2043 5156 rantia:
2070 5110 2247 5156 autem
2278 5102 2337 5157 lit
2361 5107 2599 5160 acceSsio
2634 5109 2793 5179 etiam
2831 5127 2898 5175 ex
2938 5115 3155 5184 scriptis
3181 5126 3435 5173 externo-

1854 5205 1971 5244 rum
2000 5205 2015 5254 ;
2044 5192 2257 5266 quando
2287 5209 2383 5263 per
2418 5211 2480 5250 ea
2509 5196 2800 5271 didicerim.
2834 5217 2928 5260 eos
2955 5205 3043 5278 qui
3086 5216 3212 5262 sunt
3237 5207 3433 5266 heroes

1854 5279 2039 5340 haberi
2066 5283 2116 5335 in
2140 5283 2514 5365 admiratione,
2541 5303 2661 5352 cum
2681 5291 2944 5349 sintservi
2969 5295 3130 5350 animi
3157 5299 3432 5368 perturba-

1852 5372 2055 5436 tionum
2083 5381 2138 5427 et
2168 5375 2440 5442 vitiorum,
2469 5387 2525 5435 et
2552 5379 2782 5447 mortem
2812 5383 3034 5438 timeant
3066 5402 3080 5438 :
3114 5376 3434 5446 nt‘Acbilles

1851 5468 2063 5532 quando
2084 5478 2206 5520 eum
2231 5466 2475 5534 pmnitet,
2495 5468 2710 5538 quando
2737 5471 2964 5528 moritur
2985 5490 3080 5544 pro
3103 5478 3426 5545 concubina;

1851 5553 2067 5635 quando
2099 5556 2237 5609 alius
2257 5565 2340 5610 est
2367 5558 2553 5617 ebrius
2579 5600 2597 5626 ,
2627 5569 2686 5616 et
2711 5562 2876 5617 multa
2904 5565 3010 5620 alia
3036 5565 3321 5638 ejusmodi.
3353 5571 3432 5626 Illi

1851 5662 1980 5717 ergo
2008 5662 2142 5715 Opus
2165 5658 2248 5701 est
2285 5649 2367 5702 his
2395 5651 2824 5710 medicamentis.

1919 5737 1974 5793 2.
1999 5737 2279 5804 Quomodo
2309 5739 2451 5800 enim
2480 5735 2587 5796 non
2614 5753 2698 5800 est
2721 5744 3018 5802 absurdum
3045 5747 3112 5806 ad
3137 5757 3280 5804 artes
3309 5751 3429 5821 qui.

3039 5860 3114 5922 10
