4096 6310
678 381 773 437 ιντι

676 500 798 550 dem
826 492 1061 558 ntittr're,
1075 502 1132 548 ct
1146 490 1414 547 adludunt
1443 489 1759 553 literarium,
1783 495 1840 540 ct
1862 497 1958 554 pro
1981 494 2050 536 eo
2071 477 2254 534 omnia

679 587 857 642 facere
886 602 904 649 ς
935 585 990 641 in
1017 583 1296 653 disciplina
1344 590 1522 638 autem
1549 588 1606 635 et
1628 578 1721 634 Dei
1746 561 2114 639 admonitione
2128 584 2262 641 pne--

675 692 766 733 ros
787 691 892 731 non
919 671 1151 730 educare
1172 674 1198 728 2
1225 673 1517 743 Propterea
1544 684 1643 725 nos
1669 668 1829 740 primi
1855 666 2056 721 fructus
2083 661 2260 734 perci—

678 770 893 839 pimus,
918 767 1151 822 audaces
1172 805 1190 831 ,
1207 764 1676 833 “intemperantes,
1703 756 2078 828 immorigeros
2094 794 2111 821 .
2138 764 2259 811 Inr-

676 857 878 922 didos,
922 864 978 912 et
1007 854 1323 910 illiberalis
1365 852 1577 907 alentes
1629 850 1790 904 ﬂlios.
1843 846 1922 903 Ne
1971 859 2102 915 ergo
2152 842 2255 897 hoc

676 948 954 1013 eiciamus,
983 945 1079 1001 sed
1107 943 1230 1000 huic
1257 943 1414 1000 beato
1440 953 1721 1012 pareamus
1743 935 1986 995 suadenti
2011 952 2026 990 :
2052 932 2254 991 educe-

675 1053 912 1101 nmseos
956 1039 1008 1092 in
1049 1034 1345 1107 disciplina
1371 1045 1426 1090 et
1460 1032 1830 1095 adnuonitinne
1876 1022 2251 1085 Domini:de-

678 1145 798 1184 nius
834 1128 920 1184 eis
942 1126 1246 1197 exemplum
1274 1164 1295 1191 ,
1320 1125 1392 1180 ab
1439 1125 1657 1179 ineunte
1697 1128 1855 1176 aetate
1879 1126 2131 1174 curantes
2155 1127 2252 1169 eos

675 1221 985 1277 incumbere
1036 1216 1255 1274 lectioni
1305 1214 1737 1284 Seripturarum,
1776 1210 1874 1266 llei
1924 1207 2097 1264 mihi!
2134 1204 2251 1259 hate

646 1310 887 1366 -assidne
933 1308 1119 1364 dicens
1173 1305 1362 1361 videor
1405 1304 1677 1369 delirare;
1722 1308 2088 1357 verumtamen
2142 1309 2251 1351 non

669 1401 895 1457 cessabo
920 1398 1096 1455 facere
1122 1396 1266 1468 quod
1293 1407 1610 1452 est-meum.
1652 1394 1762 1460 Cur
1783 1433 1800 1454 ,
1827 1390 1915 1445 dic
1938 1388 2068 1444 mihi
2095 1428 2111 1453 ,
2141 1401 2248 1441 non

672 1491 898 1547 imitaris
917 1483 1129 1546 veteres
1150 1490 1175 1541 τ
1204 1487 1433 1544 Maxime
1458 1501 1575 1549 vos,
1599 1483 1874 1563 mulieres,
1902 1479 2024 1534 illas
2051 1475 2248 1533 mulieo

670 1598 760 1639 res
788 1582 1126 1638 admirandas
1147 1579 1489 1635 :emnlatnini.
1511 1575 1770 1646 Peperisti
1793 1573 1959 1628 ﬂlium
1984 1572 2009 1625 2
2037 1569 2249 1624 imitare

670 1675 880 1729 Annam
909 1712 926 1739 ,
953 1673 1099 1727 disce
1120 1670 1251 1743 quid
1282 1670 1370 1724 illa
1395 1667 1589 1726 fecerit
1616 1682 1632 1731 ;
1661 1680 1784 1721 eum
1816 1663 1996 1718 statim
2025 1658 2250 1715 deduxit

668 1765 722 1820 in
753 1765 1028 1834 templum.
1051 1764 1315 1831 Qumnam
1333 1771 1572 1817 vestrum
1596 1773 1703 1815 non
1729 1755 1976 1813 maluerit
2001 1767 2161 1808 suum
2192 1752 2249 1805 li-

670 1855 796 1911 lium
854 1871 974 1912 esse
1020 1854 1551 1924 Samuelem,quam
1602 1849 1796 1904 millies
1848 1861 2029 1917 regem
2081 1842 2247 1899 totius

668 1949 817 2004 orbis
845 1950 1050 2004 teme?
1081 1947 1147 2002 Et
1171 1945 1463 2018 quomodo,
1494 1937 1702 2014 inquit,
1740 1941 1852 1995 lieri
1883 1948 2057 2011 potest
2093 1947 2150 1992 ut
2176 1937 2248 1990 sit

669 2040 833 2095 talis?
860 2039 1036 2109 Quare
1061 2054 1169 2095 non
1197 2049 1375 2110 potest
1396 2038 1512 2092 ﬂeri
1533 2036 1559 2087 7
1583 2034 1847 2102 Quoniam
1874 2048 1978 2086 non
2013 2031 2117 2094 vis,
2148 2027 2246 2083 nec

666 2145 788 2185 eum
818 2129 982 2197 tradis
1008 2129 1074 2184 iis
1102 2129 1189 2200 qui
1225 2137 1451 2200 passnnt
1470 2141 1592 2180 eum
1617 2122 2001 2180 talenri'acere.
2030 2118 2098 2175 Et
2126 2119 2247 2189 quis

667 2221 713 2276 is
738 2230 838 2286 est,
872 2221 1087 2291 inquit?
1118 2221 1258 2275 Dens
1285 2238 1299 2275 :
1329 2234 1449 2274 nam
1478 2217 1591 2287 ipsa
1624 2213 1843 2270 illum‘ei
1869 2210 2105 2267 tradidit.
2133 2208 2242 2263 Ne-

666 2325 781 2397 que
807 2311 947 2365 enim
974 2308 1091 2366 llcli
1116 2318 1235 2365 erat
1260 2324 1329 2364 ex
1354 2308 1419 2363 iis
1440 2310 1530 2379 qui
1561 2304 2094 2373 ailutodnm‘possent
2118 2313 2239 2354 eum

669 2393 868 2471 lingere
894 2410 945 2456 et
973 2400 1261 2456 eﬂ‘ormare
1293 2415 1306 2452 :
1340 2397 1609 2468 quomodo
1639 2396 1783 2450 enim
1814 2434 1832 2459 ,
1874 2393 1964 2462 qui
1993 2406 2092 2446 nec
2117 2404 2243 2444 suos

668 2489 835 2558 potuit
877 2487 1184 2544 tilios?sed
1231 2486 1364 2542 ﬁdes
1408 2485 1646 2541 mulieris
1690 2494 1745 2538 et
1788 2480 2034 2537 alacritas
2079 2478 2241 2532 animi

667 2590 833 2636 totum
864 2573 1060 2636 effecit.
1093 2580 1328 2636 Primum
1358 2579 1567 2648 peperit
1597 2586 1654 2630 et
1674 2576 1875 2638 solum,
1904 2582 1959 2627 et
1980 2587 2078 2626 nec
2106 2571 2244 2624 scie-

668 2672 757 2727 bat
783 2687 850 2726 an
879 2673 1014 2728 alios
1036 2683 1182 2727 esset
1212 2671 1466 2740 paritura.
1489 2669 1674 2738 Neque
1702 2667 1874 2730 dixit,
1908 2660 2243 2731 Evspectnlio
2276 2694 2309 2725 ,τ

663 2756 799 2817 duu‘t4
818 2770 1025 2817 crescat
1052 2762 1247 2827 infans,
1280 2771 1336 2815 ut
1365 2767 1543 2814 utatur
1571 2759 1733 2812 rebus
1760 2771 1878 2824 qua:
1909 2754 1973 2808 ad
2005 2756 2140 2806 hanc
2159 2751 2241 2804 vi-

666 2862 773 2907 tam
803 2854 1069 2922 pertinent
1103 2869 1117 2906 :
1144 2849 1437 2906 coacedam
1469 2858 1525 2903 ιιι
1556 2850 1669 2919 ipse
1699 2863 1883 2918 parum
1919 2852 2161 2898 versetur
2189 2843 2239 2896 in

666 2955 823 2999 :rtate
865 2944 1053 3014 puerili
1085 2961 1098 2997 :
1128 2942 1220 2998 sed
1267 2942 1350 2996 his
1380 2940 1629 2996 omnibus
1673 2938 1993 3008 propulsans
2018 2976 2031 2997 ,
2064 2934 2114 2988 in
2144 2934 2244 2988 hoc

668 3034 783 3088 Solo
815 3034 933 3096 fuit,
958 3031 1225 3102 quomodo
1246 3030 1313 3084 ab
1332 3031 1481 3084 initio
1499 3030 1672 3097 imago
1697 3025 1984 3097 spiritualis
2013 3024 2121 3078 Deo
2145 3021 2242 3077 de-

666 3124 935 3178 dicaretur
961 3123 1040 3192 (l.
1074 3120 1198 3192 Reg.
1234 3119 1315 3190 Ξ).
1348 3117 1559 3174 Pudore
1583 3115 1877 3171 alﬂciamur
1908 3114 2006 3168 viri
2036 3112 2103 3166 de
2129 3126 2247 3165 mu-

669 3216 816 3271 lieris
864 3213 1193 3285 philosorihia
1228 3227 1240 3263 :
1276 3226 1399 3266 eum
1433 3210 1542 3264 Deo
1568 3207 1756 3263 obtulit
1785 3246 1800 3272 ,
1849 3216 1903 3260 et
1947 3205 2053 3260 illic
2094 3203 2235 3257 sivit.

672 3307 965 3375 Propterea
985 3304 1142 3358 etiam
1162 3300 1496 3373 splendidius
1507 3298 1705 3353 factum
1727 3294 2243 3358 estmatrimonium,

670 3398 792 3469 qttia
818 3397 963 3467 prius
980 3393 1272 3464 spiritualia
1302 3390 1568 3463 quaesivit,
1591 3387 1715 3459 quia
1728 3386 1922 3442 obtulit
1966 3383 2245 3455 primitias:

671 3498 950 3559 pmpterea
982 3484 1170 3541 fertilis
1199 3483 1295 3538 fuit
1324 3481 1441 3552 ejus
1467 3489 1649 3535 uterus
1673 3519 1689 3546 ,
1717 3487 1774 3532 et
1802 3476 1937 3531 alios
1969 3474 2149 3529 habuit
2173 3471 2239 3525 iis

674 3581 777 3638 lios
809 3599 822 3633 :
856 3585 1137 3648 propterea
1179 3584 1234 3629 et
1263 3574 1315 3628 in
1348 3571 1547 3628 mundo
1573 3585 1696 3625 eum
1728 3567 1861 3622 vidit
1890 3565 2172 3621 ﬂorentem
2196 3573 2252 3618 et

676 3672 728 3725 in
757 3671 894 3725 bona
916 3683 1036 3722 esse
1053 3664 1472 3739 existimatione.
1498 3663 1551 3718 Si
1566 3663 1707 3718 enim
1732 3659 1977 3714 homines
2004 3657 2250 3728 honorati

676 3762 912 3818 vicissim
930 3760 1212 3825 honorant,
1230 3772 1410 3813 annon
1435 3755 1602 3811 mult'o
1618 3760 1784 3824 magis
1808 3753 1969 3817 Deus,
1986 3751 2072 3822 qui
2091 3750 2251 3805 etiam

678 3856 801 3909 licet
823 3867 928 3907 non
958 3851 1251 3905 honoratus
1278 3850 1380 3903 hoc
1407 3847 1576 3902 facit?
1606 3846 2105 3915 Quousque_snmus
2136 3834 2256 3896 car-

681 3963 777 4002 nes
796 3930 820 4000 ξ’
846 3958 1123 4014 quousque
1144 3944 1194 3997 in
1222 3950 1419 3996 terram
1440 3938 1823 3995 incurvatnur?
1844 3937 2030 3991 Omnia
2054 3951 2082 3990 a
2102 3936 2256 3990 nobis

685 4045 1071 4107 pnslpOItattltll‘
1090 4048 1235 4090 curre
1263 4032 1493 4089 ﬁliorum
1516 4072 1532 4101 ,
1563 4041 1619 4089 et
1648 4045 1837 4086 eorum
1865 4028 2169 4084 cducatioui
2202 4028 2256 4082 in

686 4128 960 4196 disciplina
991 4135 1043 4181 el
1071 4124 1438 4180 admonitione
1465 4122 1697 4179 Domini.
1749 4121 1803 4176 Si
1843 4120 1910 4175 ab
1939 4120 2091 4174 initio
2116 4119 2256 4173 didi-

688 4218 823 4273 rei-it
861 4229 982 4269 esse
1020 4212 1369 4284 philosoplms
1397 4252 1415 4278 ,
1446 4211 1729 4281 acquisivit
1773 4208 1986 4263 divitias
2029 4206 2261 4277 majores

690 4304 967 4377 quibusvis
985 4302 1204 4371 divitiis,
1235 4312 1290 4357 et
1315 4301 1674 4373 potentiorem
1700 4299 1948 4369 gloriam.
1970 4296 2112 4352 Nihil
2145 4305 2260 4351 tan-

687 4410 800 4451 tum
831 4395 1029 4451 el‘lieies
1057 4394 1258 4451 docens
1288 4403 1460 4449 artem
1487 4402 1553 4448 et
1577 4390 1911 4460 disciplinam
1943 4399 2217 4443 externam
2243 4428 2261 4455 ,

694 4505 787 4559 per
833 4503 990 4557 quant
1036 4486 1278 4557 acquiret
1305 4483 1519 4540 divitias
1550 4522 1568 4547 ,
1599 4498 1759 4552 quam
1789 4484 1833 4537 si
1862 4497 1984 4535 cum
2014 4480 2262 4535 docueris

691 4592 857 4636 artem
890 4596 985 4650 per
1007 4595 1168 4650 quam
1194 4577 1457 4647 despiciet
1484 4574 1720 4632 divitias.
1751 4574 1809 4629 Si
1841 4573 1973 4628 velis
2016 4587 2140 4627 eum
2179 4571 2263 4626 di-

697 4674 857 4729 vitem
884 4676 1081 4736 facere,
1104 4673 1182 4724 sic
1204 4667 1381 4723 facito.
1411 4665 1508 4721 Est
1534 4667 1677 4721 enim
1704 4664 1857 4718 dives
1878 4676 1984 4718 non
2015 4662 2104 4731 qui
2132 4662 2266 4716 mul-

692 4768 759 4817 tis
785 4770 905 4831 eget
932 4759 1133 4816 divitiis
1162 4799 1176 4822 ,
1214 4766 1268 4812 et
1293 4755 1474 4810 multis
1500 4764 1581 4810 est
1605 4751 1966 4808 circumdatus
1995 4792 2011 4818 ,
2042 4751 2136 4806 sed
2174 4753 2263 4820 qui

671 4853 892 4934 .tmllius
924 4852 1140 4920 indiget.
1169 4849 1281 4905 Hoc
1305 4848 1443 4903 doce
1469 4846 1658 4910 lilium,
1693 4847 1794 4900 hoc
1818 4843 1971 4900 crudi
1999 4860 2013 4896 :
2045 4844 2127 4898 hie
2159 4858 2273 4897 ma-

698 4945 853 4997 λὶιιιω
884 4951 1005 4997 sunt
1029 4938 1248 4994 divitias.
1282 4935 1359 4992 Ne
1383 4950 1592 5006 qnzeras
1619 4934 1889 5005 quomodo
1913 4948 2035 4988 eum
2079 4931 2272 4987 reddas

697 5028 980 5092 ﬂorentem
1000 5043 1055 5088 et
1081 5046 1286 5101 magum
1307 5029 1714 5084 existimationis
1742 5028 1793 5082 in
1814 5024 2074 5081 doctrinis
2093 5032 2273 5078 exter-

702 5132 784 5184 nis
803 5168 819 5193 ,
847 5136 903 5182 et
928 5124 1119 5182 reddas
1149 5123 1314 5193 gloria
1338 5122 1634 5191 insignem;
1662 5117 1758 5173 sed
1782 5132 1908 5171 cura
1942 5125 2002 5170 ut
2026 5130 2148 5168 eum
2176 5112 2273 5167 do-

700 5234 822 5275 ceas
841 5217 1118 5286 despicere
1145 5214 1300 5284 hpjus
1326 5212 1451 5266 vitae
1476 5210 1699 5281 gloriam
1734 5224 1749 5262 :
1780 5207 1903 5261 inde
1928 5204 2019 5259 liet
2038 5202 2276 5274 splendi-

706 5311 825 5366 dior
851 5317 906 5363 et
933 5307 1105 5378 gloria
1131 5305 1409 5361 illustrior.
1436 5303 1560 5359 llaec
1580 5311 1635 5356 et
1664 5300 1881 5371 pauperi
1910 5308 1961 5353 et
1984 5298 2130 5351 diviti
2154 5296 2278 5350 licet

706 5402 882 5456 facere
908 5421 921 5454 ;
950 5399 1062 5455 huic
1096 5413 1202 5452 non
1227 5412 1259 5450 a
1289 5397 1508 5451 doctore
1531 5393 1689 5448 discit
1713 5392 1904 5461 aliquis
1930 5429 1947 5454 ,
1979 5403 2153 5455 neque
2183 5400 2278 5456 per

705 5502 896 5557 artem,
926 5487 1020 5545 sed
1047 5504 1142 5560 per
1161 5488 1338 5542 divina
1360 5486 1587 5555 eloquia.
1615 5482 1729 5538 Non
1754 5495 1962 5552 quit-ras
1988 5488 2041 5533 ut
2071 5478 2281 5545 longam

706 5583 795 5639 hic
816 5583 955 5638 vivat
975 5581 1155 5645 vitam,
1178 5578 1270 5634 sed
1291 5586 1347 5632 ut
1369 5577 1474 5631 iliic
1498 5573 1756 5630 ialinitani
1778 5580 1832 5626 et
1855 5584 1974 5639 qua:
1992 5582 2280 5636 numquam

706 5679 936 5733 desinat.
966 5674 1151 5744 Magna
1197 5672 1271 5727 illi
1319 5671 1636 5739 largiremon
1666 5681 1823 5735 parva
1853 5682 1867 5719 :
1898 5662 2020 5717 audi
2054 5660 2278 5714 Paulum

710 5770 1013 5832 dicentem,
1049 5764 1270 5819 Educatr
1299 5780 1380 5816 eos
1423 5763 1473 5815 in
1523 5758 1791 5827 disciplina
1839 5765 1885 5808 et
1930 5752 2283 5806 admonitione

1366 376 1422 434 s.
1460 366 1736 433 missis
1769 360 2243 429 cnnvsusrout
2279 344 2594 419 Αιιιίιιιειί.
2632 314 3162 421 coxsraa'rtsor.

3840 358 3945 418 l5!

2364 474 2589 530 Dondm’.
2621 476 2699 530 Ne
2731 478 2966 534 studium
2993 480 3158 549 ponas
3203 487 3261 535 ut
3285 493 3413 535 cum
3623 487 3897 533 oratorem
3921 482 3940 539 4

2357 565 2454 621 sed
2476 562 2627 621 crudi
2653 576 2711 621 ut
2734 569 2802 623 sit
2827 566 3199 638 philosophus.
3222 564 3355 625 Nam
3374 566 3421 623 si
3446 565 3576 623 illud
3592 567 3809 638 quidem
3829 580 3943 622 non

2356 655 2465 723 sit,
2495 654 2631 714 nihil
2667 667 2755 714 est
2798 657 2978 714 damni
3005 674 3023 722 ;
3050 659 3095 713 si
3150 656 3454 714 hocautetn
3490 640 3679 723 absit,
3724 659 3938 714 ιωιιηιι

2355 746 2458 802 crit
2507 746 2713 802 lucrum
2755 747 3041 804 rhetorica:
3067 748 3414 820 quantumvis
3439 747 3640 803 multa.
3669 746 3819 818 Opus
3854 755 3937 802 est

2357 836 2615 901 moribus,
2639 853 2742 890 non
2770 837 2980 894 dicendi
3010 838 3259 894 faottltate
3288 854 3304 904 ;
3332 836 3745 894 vitre‘modestia
3776 875 3794 901 .
3825 851 3936 892 non

2358 927 2611 981 orationis
2654 928 2989 983 vehementia
3018 943 3035 993 ;
3066 928 3259 995 factis,
3291 942 3399 984 non
3428 929 3627 983 verbis.
3670 925 3797 983 liae
3840 942 3934 982 reo

2352 1031 2512 1086 gnum
2555 1018 2846 1101 conciliant
2871 1058 2889 1085 ,
2922 1012 3037 1074 hate
3064 1018 3269 1072 donant
3295 1018 3460 1073 etiam
3483 1032 3605 1088 qua
3633 1026 3758 1073 sunt
3800 1031 3934 1072 vero

2354 1106 2510 1159 bona.
2538 1105 2617 1160 Ne
2644 1105 2878 1178 linguam
2903 1121 3088 1175 acuas,
3115 1106 3211 1163 sed
3233 1122 3501 1179 expurges
3521 1108 3779 1162 animam.
3806 1105 3930 1162 Non

2355 1193 2467 1249 inec
2504 1194 2626 1251 dico
2656 1196 2945 1265 prohibens
2970 1197 3208 1265 erudire,
3230 1197 3325 1253 sed
3352 1196 3641 1269 prohibens
3663 1196 3772 1252 illis
3795 1196 3933 1252 solis

2352 1285 2606 1340 adhibere
2633 1288 2891 1343 auintmn.
2919 1286 2996 1343 Ne
3023 1288 3299 1344 existimes
3328 1286 3470 1359 quod
3490 1287 3620 1342 solis
3648 1286 3931 1343 monachis

2351 1390 2488 1443 opus
2505 1376 2575 1430 sit
2601 1375 2685 1431 his
2701 1376 3058 1442 documentis,
3072 1391 3189 1447 qua:
3208 1385 3491 1432 sumuntur
3508 1390 3575 1431 ex
3595 1374 3888 1445 Scripturis
3907 1391 3929 1437 :

2349 1469 2579 1523 maxime
2607 1470 2748 1524 enim
2780 1468 2864 1523 his
2884 1484 3019 1539 opus
3036 1478 3121 1526 est
3150 1470 3216 1525 iis
3236 1470 3435 1541 pueris,
3466 1470 3556 1540 qui
3575 1472 3780 1525 rentuci
3799 1477 3928 1523 sunt

2349 1558 2415 1610 ad
2435 1557 2582 1617 hanc
2608 1560 2792 1615 mundi
2820 1561 3005 1615 vitam.
3044 1559 3116 1618 υι
3136 1561 3289 1617 enirn
3315 1560 3468 1615 navis
3486 1561 3847 1616 .imtrncsioue
3871 1569 3928 1615 et

2346 1650 2786 1718 gubernatoreet
2812 1660 3093 1707 nautarum
3129 1651 3280 1722 justo
3304 1660 3363 1707 et
3384 1650 3660 1722 completo
3698 1665 3927 1707 numero

2350 1755 2453 1794 non
2481 1740 2675 1811 indiget
2705 1740 2757 1796 is"
2776 1743 2865 1812 qui
2894 1752 3152 1812 perpetuo
3174 1752 3281 1798 stat
3306 1742 3362 1797 in
3388 1751 3545 1814 portu
3568 1782 3585 1807 ,
3632 1742 3725 1798 sed
3754 1743 3801 1796 is
3830 1741 3923 1812 qui

2347 1844 2560 1901 semper
2587 1843 2829 1887 versatur
2855 1834 2908 1889 in
2936 1834 3071 1888 mari
3115 1849 3129 1887 :
3172 1834 3245 1889 ita
3276 1835 3436 1889 etiam
3478 1832 3780 1889 mundanus
3826 1848 3923 1886 seu

2345 1924 2619 1976 saecularis
2664 1934 2719 1978 et
2763 1924 3078 1980 monachus.
3109 1923 3241 1981 Nam
3283 1924 3370 1979 hic
3408 1924 3625 1995 quidem
3651 1933 3732 1978 est
3759 1922 3924 1979 veluti

2348 2014 2399 2068 in
2450 2026 2604 2082 portu
2645 2030 2808 2085 agens
2855 2015 3018 2070 vitam
3070 2014 3520 2085 ntdlis'agitatant
3547 2014 3793 2069 ﬂuetibus
3822 2054 3838 2076 .
3870 2022 3926 2067 et

2346 2104 2526 2173 procul
2554 2119 2584 2156 a
2613 2106 2837 2173 negotiis
2865 2145 2879 2170 ,
2913 2115 2969 2159 et
2995 2104 3065 2158 ab
3093 2105 3238 2159 omni
3273 2104 3504 2174 procella
3537 2103 3799 2158 liberam:
3836 2102 3926 2155 ille

2353 2201 2530 2248 autem
2560 2204 2816 2263 perpetuo
2843 2194 2951 2264 agit
2976 2196 3026 2249 in
3059 2194 3248 2265 pelago
3277 2204 3330 2249 et
3359 2195 3412 2249 in
3439 2194 3621 2250 medio
3643 2194 3775 2248 mari
3804 2209 3927 2247 ver-

2343 2296 2531 2365 satur;
2562 2302 2683 2341 eum
2712 2286 2893 2342 multis
2932 2288 3107 2358 iisque
3153 2288 3456 2357 ingentibus
3475 2301 3718 2357 pugnans
3744 2285 3925 2341 ﬂucti-

2345 2376 2459 2434 bus.
2490 2383 2544 2429 et
2573 2376 2626 2429 si-
2648 2376 2761 2446 ipse
2792 2392 2898 2431 non
2926 2391 3061 2447 Oplls
3091 2375 3252 2431 habet
3279 2416 3294 2441 ,
3325 2387 3569 2446 paratum
3599 2385 3775 2431 tamen
3798 2388 3927 2430 esse

2344 2473 2553 2534 Oportet
2578 2474 2634 2520 ιιι
2654 2466 2878 2526 aliorum
2911 2467 3128 2535 linguas
3148 2466 3412 2520 obstruat.

2415 2558 2469 2611 5.
2502 2557 2645 2611 Aula:
2669 2559 2821 2625 regite
2842 2555 3414 2623 vitim—Quamobrem
3435 2571 3540 2624 quo
3561 2553 3719 2611 fuerit
3743 2553 3794 2609 in
3822 2553 3925 2609 hac

2345 2648 2448 2700 vita
2471 2648 2685 2717 majoris
2706 2640 3112 2703 existimationis
3134 2689 3150 2712 ,
3177 2664 3244 2702 eo
3273 2647 3442 2718 magis
3465 2647 3514 2702 ei
3545 2661 3679 2715 opus
3706 2656 3789 2701 est
3822 2645 3926 2698 hac

2343 2734 2794 2790 cruditione.Nam
2813 2738 2911 2790 etsi
2935 2736 3106 2790 alatur
3122 2736 3173 2790 iit
3193 2737 3309 2791 aula
3328 2736 3489 2807 regia,
3512 2735 3661 2789 multi
3678 2743 3798 2789 sunt
3817 2734 3925 2789 illic

2344 2836 2397 2878 et
2413 2826 2582 2881 Grmci
2597 2838 2645 2880 et
2667 2826 2988 2896 philosOphi,
3003 2837 3056 2881 et
3067 2828 3135 2880 ob
3150 2833 3463 2897 praesentem
3475 2826 3694 2895 gloriam
3713 2823 3921 2888 tumidi,

2348 2928 2614 2986 tamquam
2639 2919 2689 2972 in
2719 2917 2835 2972 loco
2855 2918 2943 2987 qui
2965 2917 3284 2985 sitrepletus
3301 2914 3625 2987 hydropicis.
3644 2913 3772 2968 Tale
3795 2912 3923 2982 quid

2345 3017 2427 3063 est
2443 3008 2559 3062 aula
2578 3008 2722 3077 regia
2747 3025 2762 3059 ι
2785 3022 2973 3062 omnes
2993 3017 3114 3075 sunt
3135 3006 3298 3061 inﬂati
3316 3015 3370 3061 et
3396 3003 3579 3075 tumidi
3599 3020 3615 3071 ;
3637 3005 3726 3073 qui
3747 3014 3924 3057 autem

2348 3116 2453 3154 non
2485 3108 2627 3165 sunt,
2655 3098 2886 3154 studium
2915 3106 3117 3168 ponunt
3143 3105 3199 3152 ut
3229 3097 3375 3150 ﬂant.
3398 3094 3580 3165 Cogita
3605 3108 3734 3165 ergo
3759 3106 3928 3163 Quan-

2348 3198 2460 3244 tum
2477 3190 2566 3254 sit,
2585 3189 2752 3243 lilium
2779 3197 2926 3243 tuum
2957 3187 3081 3242 illuc
3102 3187 3420 3249 ineressum,
3440 3176 3928 3253 ingredi'tamquam

2348 3281 2605 3349 Optimum
2634 3289 2687 3334 et
2716 3277 3219 3349 prmstantissimum
3264 3274 3550 3340 medicum,
3578 3286 3701 3327 cum
3734 3272 3931 3325 instru-

2350 3372 2541 3425 ntcntis
2565 3385 2684 3441 quae
2712 3369 2916 3440 possint
2936 3365 3351 3435 uniuscujusque
3379 3372 3642 3417 tumorem
3692 3357 3930 3427 compri-

2351 3476 2498 3516 tnere
2518 3500 2533 3524 ,
2562 3470 2617 3515 et
2644 3459 2709 3513 ad
2737 3472 3173 3528 unumquemque
3197 3447 3455 3509 aecedere
3479 3460 3534 3508 cl
3561 3450 3851 3513 disserere,
3878 3454 3934 3501 et

2350 3564 2543 3621 corpus
2564 3548 2704 3620 quod
2732 3549 2935 3604 laborat
2959 3561 3146 3602 sanum
3177 3544 3351 3599 facere
3369 3584 3385 3612 ,
3413 3541 3805 3597 medicamenta
3835 3538 3934 3591 ini-

2354 3650 2637 3712 poueutent
2665 3655 2730 3695 ex
2760 3639 3071 3709 Scripturis,
3093 3646 3148 3692 et
3174 3633 3521 3711 philosophia;
3565 3630 3934 3686 infundentein

2353 3729 2536 3787 verba.
2567 3729 2854 3785 Monachus
2879 3728 3023 3783 enim
3052 3742 3172 3780 cum
3202 3739 3308 3794 quo
3337 3722 3605 3778 disseret?
3628 3735 3750 3773 cuin
3782 3732 3936 3775 muro

2329 3831 2409 3877 .et
2431 3821 2613 3877 tecto?
2637 3836 2703 3876 an
2725 3836 2846 3874 cum
2876 3817 3103 3872 desertis
3126 3827 3179 3870 et
3206 3813 3547 3870 uelitaribus?
3571 3828 3638 3866 an
3666 3826 3789 3866 cum
3818 3810 3938 3863 avi-

2357 3915 2457 3969 bus
2483 3925 2537 3969 ct
2561 3911 2879 3967 arboribus?
2907 3891 3178 3979 Ejusmodi
3206 3922 3334 3977 ergo
3359 3904 3600 3960 doctrina
3624 3919 3730 3957 non
3753 3908 3837 3957 est
3858 3900 3930 3955 iiii

2357 4005 2641 4061 admodum
2686 4002 3023 4067 necessaria;
3071 3995 3296 4055 conatur
3326 4008 3504 4053 tamen
3546 3994 3647 4049 hac
3684 3992 3739 4049 in
3783 4008 3843 4048 re
3870 4006 3931 4048 se

2360 4108 2503 4154 recte
2531 4110 2739 4166 gerere,
2773 4109 2876 4148 non
2906 4104 2963 4147 ut
2988 4092 3124 4146 alios
3151 4098 3357 4144 tantum
3382 4084 3612 4153 erudiat,
3643 4082 3739 4139 sed
3769 4092 3827 4137 ut
3854 4096 3940 4137 sc-

2361 4191 2555 4261 ipsuin.
2581 4185 2691 4241 liae
2714 4199 2844 4255 ergo
2865 4183 3108 4238 doctrina
3134 4180 3364 4235 maxime
3390 4191 3526 4248 epos
3554 4184 3637 4230 est
3660 4173 3744 4239 iis,
3768 4173 3860 4244 qui
3891 4171 3942 4226 in

2365 4279 2464 4333 hac
2492 4277 2595 4331 vita
2620 4283 2899 4330 versantur
2932 4289 2948 4328 :
2975 4273 3076 4326 iste
3104 4270 3246 4325 enim
3278 4267 3533 4339 peccandi
3561 4263 3825 4334 majorem
3855 4262 3947 4315 ha-

2364 4370 2454 4426 bet
2487 4367 2859 4423 necessitatem
2886 4377 3043 4435 quam
3072 4362 3181 4416 ille.
3207 4359 3263 4414 Si
3286 4358 3368 4414 vis
3389 4366 3566 4413 autem
3595 4366 3945 4425 cognoscere,

2365 4461 2523 4514 etiam
2550 4457 2605 4512 in
2633 4453 2830 4511 untndo
2852 4454 2969 4524 ipso
2993 4451 3096 4508 erit
3122 4450 3319 4522 aptior.
3343 4448 3544 4503 Omnes
3563 4445 3705 4502 enim
3731 4457 3799 4498 ex
3827 4456 3947 4496 ver-

2369 4552 2448 4606 bis
2474 4550 2578 4604 illis
2603 4564 2727 4604 eum
2755 4546 3162 4619 reverebantur,
3188 4536 3405 4612 quando
3428 4536 3663 4594 viderint
3689 4535 3865 4606 ipsum
3892 4532 3944 4585 in

2370 4642 2488 4712 igne
2512 4655 2616 4694 non
2644 4641 2748 4703 uri,
2771 4652 2943 4707 neque
2972 4636 3325 4705 principatum
3368 4627 3748 4699 concupiscere
3778 4640 3795 4678 :
3822 4630 3948 4678 tunc

2370 4745 2529 4790 etum
2572 4733 2718 4786 illum
2771 4738 3150 4799 consequetur,
3178 4721 3393 4795 quando
3417 4736 3526 4777 non
3548 4715 3881 4788 concupierit
3901 4723 3955 4769 et

2372 4823 2485 4893 regi
2516 4822 2617 4876 erit
2652 4821 2819 4890 magis
2846 4817 3189 4873 reverendus.
3231 4813 3349 4869 Non
3379 4819 3556 4884 potest
3581 4808 3725 4866 enim
3753 4808 3872 4863 licri
3902 4814 3956 4860 ιιι

2378 4920 2425 4973 is
2450 4920 2624 4971 lateat.
2652 4914 2786 4970 Nam
2811 4915 2944 4966 inter
2961 4909 3159 4964 multos
3187 4919 3350 4961 sanos
3372 4903 3555 4958 latebit
3579 4902 3623 4955 is
3647 4899 3736 4969 qui
3763 4907 3847 4955 est
3864 4912 3955 4951 sa-

2378 5023 2498 5072 nus,
2527 5007 2664 5059 inter
2696 5004 2887 5056 multos
2912 5011 3088 5054 autem
3128 5005 3357 5067 a'grotos
3393 4991 3607 5064 quando
3639 4990 3803 5044 luerit
3827 4999 3957 5042 unus

2378 5116 2561 5163 satius,
2589 5098 2699 5150 cito
2746 5096 2906 5148 etiam
2952 5092 3091 5145 fatua
3139 5085 3412 5159 perveniet
3435 5084 3503 5138 ad
3532 5098 3689 5137 aures
3713 5080 3875 5151 regis,
3905 5088 3956 5133 et

2381 5192 2637 5264 praeliciet
2678 5201 2800 5239 eum
2846 5183 3029 5238 multis
3075 5178 3340 5249 gentibus.
3368 5174 3497 5231 limo
3538 5186 3668 5242 ergo
3709 5172 3956 5230 scientes,

2382 5259 2603 5340 educite
2631 5281 2769 5333 lilios
2794 5281 2847 5331 in
2872 5273 3152 5344 disciplina
3175 5279 3232 5327 et
3251 5267 3613 5324 admonitione
3640 5259 3873 5318 Domini.
3903 5260 3964 5311 At

2381 5386 2463 5431 est
2487 5360 2751 5444 quispiam
2782 5366 3023 5438 pauper?
3049 5366 3127 5421 Sit
3173 5364 3363 5418 iterum
3412 5371 3648 5429 pauper;
3677 5353 3772 5409 sed
3806 5350 3983 5407 nihilo

2325 5482 2332 5489 '
2384 5477 2466 5524 est
2497 5466 2652 5519 vilior
2679 5474 2729 5517 et
2755 5459 3014 5530 abiectior
3042 5473 3107 5512 eo
3136 5455 3228 5526 qui
3255 5462 3493 5509 versatur
3530 5449 3586 5505 in
3625 5446 3803 5517 regia.
3842 5458 3953 5499 cuin

2388 5575 2492 5615 non
2514 5559 2580 5613 sit
2604 5558 2654 5610 iu
2678 5554 2850 5623 regia;
2875 5552 2969 5606 sed
3000 5547 3277 5604 habebitur
3297 5545 3352 5601 in
3371 5540 3749 5601 admiratione,
3773 5545 3832 5592 et
3856 5533 3953 5589 cito

2388 5652 2561 5706 veniet
2603 5648 2762 5702 etiam
2803 5645 2868 5698 ad
2912 5642 3305 5713 principatum,
3332 5635 3421 5705 qui
3470 5642 3555 5687 est
3601 5627 3963 5686 voluntarius.

2394 5764 2498 5802 non
2526 5752 2707 5799 autem
2739 5740 2826 5809 qui
2861 5736 3018 5791 datur
3045 5732 3326 5788 electione.
3357 5728 3411 5783 Si
3440 5726 3587 5782 enim
3612 5722 3787 5780 Graeci
3814 5762 3831 5787 ,
3856 5731 3963 5775 cum
