4096 6310
169 373 263 433 155
1041 370 1109 430 ιιι
1145 370 1360 427 EPIST.
1401 367 1493 422 AD
1531 359 1700 420 nent

1814 359 1967 416 CAP.
2010 361 2098 416 Vl.
2137 361 2368 419 HOIIL.
2404 362 2546 419 XXI.
3333 365 3446 425 ξῦδ

168 498 263 551 sint
292 494 390 549 viri
417 490 744 550 triobolares
770 500 826 548 et
851 503 1034 557 canes,
1052 490 1154 543 hac
1182 494 1429 554 suscepta
1470 480 1743 536 triobolari
1847 493 1968 530 esse
1995 479 2222 546 patriam
2247 495 2263 532 :
2292 477 2544 547 Egredere
2569 476 2736 542 enim,
2765 473 2992 544 audivit,
3019 493 3086 532 ea:
3109 485 3245 532 terra
3273 489 3361 532 tuo
3388 491 3439 534 et

170 586 490 656 philosophia
515 587 535 656 (
556 586 681 640 talis
724 593 810 640 est
853 583 995 638 enim
1037 580 1224 636 Graeca
1247 579 1266 647 )
1286 618 1302 642 ,
1340 579 1449 630 imo
1479 589 1606 628 vero
1635 587 1742 625 non
1845 584 1910 621 ea:
1935 569 2233 638 cognatione
2256 577 2346 621 tua
2370 569 2389 634 (
2407 567 2536 622 Gen.
2565 566 2654 622 li.
2686 568 2712 623 i
2741 568 2796 637 );
2835 577 2893 624 et
2929 569 3110 623 statim
3139 580 3223 624 est
3247 584 3435 640 egres-

168 679 289 747 ipsa,
305 678 399 733 sed
420 678 542 746 ejus
563 679 781 732 nomine
799 692 815 741 ;
839 675 1008 729 induti
1027 672 1192 743 pallio
1205 678 1261 724 et
1279 669 1485 723 alentes
1503 679 1736 728 comam,
1844 673 1956 713 sus.
1983 659 2100 714 Non
2126 659 2227 714 fuit
2250 659 2432 714 domui
2461 659 2709 728 alligatus
2735 678 2751 714 :
2778 675 2964 714 revera
2992 660 3139 715 enim
3161 676 3269 715 non
3290 672 3437 717 esset

167 771 348 824 multos
389 769 605 839 pudore
645 766 891 823 afficiunt
916 784 930 817 :
962 773 1161 835 quanto
1191 764 1358 832 magis
1387 762 1476 831 qui
1505 769 1589 815 est
1614 771 1742 814 vere
1843 765 2120 818 egressus;
2149 765 2256 804 non
2281 749 2532 804 amicitia:
2557 748 2986 813 consuetudinis,
3018 764 3125 803 non
3154 749 3250 804 ulti
3276 750 3434 804 alteri

168 858 543 926 philosophus?
567 857 626 912 Si
653 857 819 912 falsus
847 856 1079 921 habitus,
1097 854 1142 908 si
1171 850 1522 922 philosOphia:
1549 848 1738 903 umbra
1845 843 1945 896 rei.
1977 841 2148 896 Porro
2174 841 2408 896 maxime
2443 841 2684 895 omnium
2724 840 2949 910 gloriam
2986 839 3233 909 despexit
3257 850 3314 894 et
3342 855 3436 908 pc-

162 966 411 1020 appareus
435 952 514 1004 ita
537 950 746 1005 extollit
771 967 786 1002 :
813 947 938 1018 quid
957 989 974 1014 ,
1003 948 1048 1002 si
1077 960 1254 1000 veram
1282 953 1336 998 et
1361 943 1623 996 sinceram
1649 939 1736 993 di-
1840 935 2030 990 cuuias
2060 953 2074 988 :
2100 933 2350 990 confecto
2381 935 2526 989 enim
2563 934 2725 1002 bello,
2755 933 2993 1003 fusisque
3020 948 3084 986 ac
3113 932 3308 1002 iugatis
3335 931 3434 985 ho-

163 1041 369 1109 ligamus
391 1041 788 1110 philosophiam
803 1040 828 1091 ?
842 1053 1020 1105 annon
1039 1051 1227 1091 omnes
1245 1033 1462 1090 colent?
1480 1046 1657 1086 annon
1679 1039 1734 1085 et
1837 1025 2032 1090 stibus,
2060 1039 2184 1080 cum
2209 1037 2490 1096 rogaretur
2515 1025 2760 1094 accipere
2783 1024 2978 1094 spolia,
3007 1024 3292 1078 recusavit.
3321 1021 3430 1078 Sed

163 1135 338 1187 domos
360 1141 418 1187 et
446 1146 647 1186 uxores
674 1140 730 1185 et
753 1130 950 1184 liberos
980 1129 1046 1182 iis
1073 1127 1162 1197 qui
1187 1135 1311 1182 sunt
1335 1123 1596 1194 ejusmodi
1620 1131 1731 1175 tra-
1837 1116 1954 1185 ejus
1984 1116 2125 1171 filius
2153 1133 2342 1171 rursus
2371 1132 2478 1172 non
2507 1117 2806 1170 habebatur
2830 1116 2884 1168 in
2914 1115 3270 1169 admiratione
3302 1129 3428 1183 [που

1836 1217 1960 1278 pter
1988 1209 2264 1277 pecunias,
2293 1208 2392 1262 sed
2429 1214 2654 1278 propter
2680 1205 3130 1276 hospitalitatem;
3164 1220 3270 1258 non
3300 1221 3426 1274 pro-

1833 1309 1953 1368 pter
1979 1299 2181 1354 liberos
2203 1340 2221 1364 ,
2248 1299 2345 1354 sed
2384 1307 2603 1368 propter
2625 1298 2990 1360 obdicntiam
3014 1315 3030 1363 ;
3059 1313 3166 1351 non
3203 1306 3428 1367 propter

1832 1407 2056 1445 uxorem
2082 1431 2098 1454 ,
2125 1390 2219 1444 sed
2249 1401 2470 1459 propter
2503 1390 2842 1444 sterilitatem
2873 1388 2927 1442 in
2958 1403 3145 1443 uxore.
3176 1389 3424 1443 Praesen-

1833 1492 1939 1538 tem
1982 1485 2144 1536 vitam
2175 1482 2308 1536 nihil
2344 1482 2614 1537 ducebant
2635 1523 2651 1548 ,
2685 1483 2926 1552 pecunia:
2956 1498 3062 1536 non
3093 1481 3383 1535 studebant
3402 1522 3422 1548 ,

1826 1575 2008 1627 omnia
2048 1572 2438 1644 deSpiciebaijt.
2484 1573 2616 1627 Nam
2642 1615 2658 1636 ,
2690 1574 2778 1627 die
2817 1572 2945 1626 mihi
2971 1615 2987 1637 ,
3015 1589 3260 1642 qua-nam
3296 1580 3424 1625 sunt

163 1223 279 1277 dent
302 1232 358 1278 et
385 1223 729 1277 committent
765 1236 885 1276 cum
930 1220 1096 1273 multa
1141 1216 1463 1272 securitate?
1489 1213 1593 1268 Sed
1625 1227 1732 1266 non

162 1324 264 1376 est,
289 1330 396 1366 non
441 1322 532 1368 est
568 1328 711 1366 nunc
737 1310 1001 1380 ejusmodi
1030 1309 1376 1378 philosophus
1404 1325 1418 1359 :
1450 1315 1728 1374 propterea

163 1419 252 1458 nec
273 1405 578 1472 exemplum
605 1404 729 1457 licet
753 1403 1012 1456 invenire.
1035 1399 1166 1455 Nam
1194 1407 1320 1451 sunt
1344 1396 1561 1466 quidem
1590 1396 1730 1448 inter

163 1495 459 1556 monachos,
496 1498 635 1548 inter
659 1491 957 1546 mundanus
983 1502 1160 1544 autem
1185 1504 1281 1542 seu
1309 1487 1592 1540 saeculares
1619 1499 1725 1536 non

160 1593 275 1638 sunt
295 1585 545 1652 amplius.
577 1584 644 1638 Et
675 1582 817 1653 quod
856 1583 964 1636 sint
995 1583 1134 1634 inter
1164 1579 1476 1640 monachos,
1505 1582 1728 1643 possunt

159 1675 300 1728 multi
325 1675 570 1742 produci,
599 1674 774 1727 dicam
815 1683 989 1726 tamen
1020 1685 1182 1724 unum
1211 1684 1276 1723 ex
1306 1667 1510 1720 multis.

217 1753 414 1819 Iuliani
438 1766 676 1818 monachi
696 1762 1127 1818 Μαῖρα-δεξιὴ
1151 1763 1332 1828 utique
1353 1767 1408 1812 et
1425 1755 1722 1818 audivistis,

155 1866 204 1909 et
230 1853 428 1910 vidistis
451 1857 613 1910 etiam
640 1854 902 1917 nonnulli,
929 1854 1100 1906 vimm
1131 1867 1289 1922 quem
1313 1864 1432 1904 sum
1449 1847 1721 1910 dicturus;

149 1947 408 2001 lulianum
430 1947 558 2001 dico
586 1947 739 2001 illum
764 1942 1156 1999 admirandum.
1204 1941 1304 1996 llic
1327 1948 1445 1995 erat
1467 1938 1720 2002 rusticus,

152 2038 356 2090 humilis
377 2047 436 2092 et
464 2037 650 2090 humili
682 2036 800 2091 loco
821 2046 996 2100 natus,
1025 2044 1081 2090 et
1109 2048 1208 2088 nec
1241 2041 1479 2087 externa:
1505 2020 1720 2098 quidem

147 2129 452 2181 eruditionis
478 2129 699 2182 omnino
730 2129 954 2196 peritus,
974 2126 1069 2180 sed
1099 2141 1204 2178 non
1235 2124 1358 2178 ficta
1396 2130 1452 2177 et
1474 2121 1718 2176 simulata

147 2220 472 2288 philosophia
499 2220 769 2288 repletus.
801 2216 916 2272 Ifoc
945 2216 1277 2286 ingrediente
1313 2215 1556 2268 civitates
1580 2211 1601 2282 (
1619 2211 1721 2264 hoc

143 2321 309 2365 autem
339 2326 466 2365 raro
487 2311 645 2364 ﬁebat
661 2311 702 2379 ),
725 2325 897 2378 neque
917 2303 1222 2362 oratoribus
1244 2319 1416 2374 neque
1439 2303 1715 2373 sophistis,

147 2417 306 2470 neque
355 2401 470 2454 ullo
518 2401 625 2454 alio
671 2399 1034 2470 ingrediente,
1073 2405 1253 2450 tantus
1292 2396 1452 2450 fiebat
1492 2407 1720 2462 concur-

147 2506 248 2544 sus.
275 2493 410 2557 Quid
437 2501 618 2545 autem
644 2490 810 2544 dico?
839 2505 1017 2543 nonne
1044 2503 1241 2542 nomen
1271 2486 1388 2553 ejus
1413 2498 1558 2538 nunc
1578 2497 1714 2552 quo-

1828 1667 2024 1736 planta-
2048 1669 2266 1737 optimae
2290 1675 2346 1721 et
2377 1667 2872 1736 przestantissimae?
2901 1681 3080 1720 anno
3105 1681 3186 1720 ea:
3209 1682 3328 1734 qua:
3351 1681 3419 1719 ex

1826 1777 1888 1816 se
1913 1761 2114 1816 habent
2138 1761 2302 1826 vires,
2329 1771 2383 1816 et
2411 1777 2510 1814 nec
2537 1759 2798 1814 imbribus
2823 1775 2924 1814 nec
2944 1759 3291 1828 grandinibus
3317 1772 3420 1812 nec

1826 1861 2106 1906 venton
2134 1853 2358 1920 impetu,
2382 1867 2558 1919 neque
2583 1851 2687 1905 ulla
2709 1851 2811 1904 alia
2837 1849 3104 1916 ejusmodi
3127 1857 3418 1917 tempesta-

1827 1950 1938 1996 tum
1970 1942 2238 1996 lzcduntur
2278 1942 2680 2012 inzequalitate,
2717 1941 2814 1996 sed
2854 1948 3000 1994 stant
3040 1940 3200 1994 nuda
3231 1941 3415 1994 ornuia

1823 2033 2212 2103 despicientes,
2243 2044 2299 2089 et
2327 2050 2501 2104 neque
2536 2033 2691 2088 vallis
2731 2046 2904 2103 neque
2945 2032 3199 2087 maceriis
3239 2026 3416 2103 neque

1822 2126 1993 2194 septis
2021 2125 2259 2195 indigent
2279 2126 2306 2177 ?
2328 2118 2475 2179 Talis
2496 2134 2577 2180 est
2620 2123 2995 2193 philosophus,
3026 2124 3158 2178 tales
3193 2123 3301 2178 illa:
3328 2123 3414 2178 di-

1823 2215 1964 2269 vitia:
1994 2233 2010 2268 :
2036 2214 2166 2269 nihil
2195 2214 2375 2280 habet,
2404 2224 2460 2269 et
2489 2214 2648 2268 habet
2673 2216 2853 2269 omnia
2880 2229 2895 2279 ;
2926 2215 3107 2268 omnia
3147 2214 3329 2279 habet,
3356 2224 3415 2269 et

1818 2310 1953 2363 nihil
1979 2309 2160 2363 habet.
2189 2309 2370 2363 Ilurus
2400 2309 2546 2362 enim
2570 2323 2677 2362 non
2704 2315 2791 2362 est
2817 2307 3159 2370 intrinsecus,
3185 2306 3280 2361 sed
3308 2322 3409 2361 ex-

1821 2401 2086 2454 trinsecus
2109 2417 2124 2463 ;
2150 2400 2320 2453 vallus
2343 2413 2450 2452 non
2473 2407 2558 2454 est
2578 2407 2803 2464 naturae,
2825 2397 2920 2453 sed
2943 2407 3025 2452 est
3047 2397 3406 2451 extrinsecus.

1817 2491 1955 2558 Quid
1982 2470 2144 2545 vero?
2165 2491 2482 2560 die,qu:eso,
2509 2490 2780 2560 quodnam
2810 2505 3007 2559 contus
3031 2501 3114 2545 est
3136 2489 3408 2544 validum?

1819 2583 1942 2638 idne
1978 2583 2120 2654 quod
2154 2593 2239 2638 est
2277 2599 2498 2647 sanum,
2530 2593 2584 2637 et
2610 2599 2784 2652 neque
2813 2583 2990 2647 fame,
3020 2598 3200 2651 neque
3229 2583 3407 2652 reple-

1817 2676 1982 2742 tione,
2007 2690 2180 2746 neque
2201 2674 2416 2745 frigore,
2435 2689 2614 2744 neque
2631 2682 2766 2727 mnu
2785 2683 3122 2742 expugnatur
3141 2692 3155 2726 :
3173 2688 3240 2726 an
3261 2671 3405 2742 quod

143 2763 275 2816 Deus
299 2763 433 2818 nihil
461 2763 617 2817 nobis
645 2763 766 2816 boni
801 2762 1064 2831 promisit,
1094 2763 1146 2814 in
1186 2775 1293 2828 quo
1317 2774 1417 2814 nos
1442 2758 1575 2811 dixit
1593 2771 1715 2812 esse
1807 2767 2071 2820 θάνοι-ειη
2100 2765 2214 2819 haec
2238 2765 2417 2819 omnia
2444 2776 2497 2818 ci
2527 2779 2729 2818 mensa:
2767 2763 3121 2818 structoribus
3145 2770 3203 2816 et
3229 2773 3407 2817 texto-

141 2854 399 2923 buspites;
428 2857 725 2926 cogitemus
751 2856 803 2908 in
833 2855 980 2908 ctelis
1025 2862 1222 2923 quanta
1265 2861 1428 2907 erunt
1458 2852 1594 2905 bona
1622 2865 1710 2906 re-
1813 2858 1962 2911 ribus
1985 2866 2042 2912 et
2068 2858 2414 2913 venatoribus
2439 2866 2492 2910 et
2517 2857 2741 2910 medicis
2770 2855 2972 2924 indiget
2997 2865 3050 2908 ut
3072 2856 3148 2908 sit
3173 2870 3360 2908 sarmm
3379 2858 3406 2909 Υ

142 2949 296 3013 posita
327 2967 341 3002 :
371 2948 420 3002 si
445 2949 533 3001 ubi
560 2956 714 3002 erant
741 2947 983 3012 advenae,
1013 2956 1216 2999 tantum
1259 2955 1582 3015 acceperunt
1609 2943 1710 2996 ho-
1813 2948 1905 3002 Ille
1931 2957 2014 3001 est
2040 2949 2213 3012 dives,
2242 2948 2330 3016 qui
2361 2963 2489 3000 vere
2520 2946 2893 3016 philosophus,
2925 2945 3074 2999 nullo
3101 2944 3290 2998 horum
3321 2947 3404 2998 ia-

139 3054 340 3103 uorem;
384 3039 474 3092 ubi
517 3027 642 3091 sunt
690 3037 966 3101 civitates,
1009 3045 1262 3105 quantam
1311 3041 1710 3103 consequentur
1810 3039 1974 3108 diget.
2017 3039 2309 3107 Propterea
2336 3038 2549 3092 dicebat
2592 3037 2679 3092 hic
2718 3037 2943 3104 beatus,
2974 3035 3400 3092 Edaeetemin

135 3130 386 3194 gloriam?
412 3130 456 3182 si
485 3129 573 3182 ubi
602 3129 847 3197 promisit
884 3126 1253 3192 afflictionem,
1287 3134 1462 3178 tantus
1488 3132 1571 3177 est
1594 3122 1708 3176 cnl-
1809 3130 2082 3194 αῑεεὶριξιια
2115 3139 2162 3183 ει
2209 3126 2418 3182 Domini
2455 3129 2818 3191 admonitione,
2859 3128 2936 3183 Ne
2974 3143 3106 3198 ergo
3137 3129 3308 3182 vallos
3343 3123 3417 3183 ct

135 3227 246 3281 tus;
272 3218 357 3272 ubi
388 3218 526 3272 bona
559 3233 686 3272 vere
721 3226 806 3271 est
839 3217 1130 3286 pollicitus,
1159 3212 1359 3285 quanta
1383 3213 1489 3267 erit
1513 3213 1700 3282 quies!

1808 3231 1958 3290 septa
1999 3221 2334 3275 extrinsecus
2371 3221 2788 3289 cimumponatis
2817 3236 2832 3271 :
2862 3219 2965 3273 hoc
2987 3220 3131 3273 enim
3158 3202 3283 3273 sunt
3310 3204 3425 3274 dio.

133 3309 226 3362 Sed
251 3310 407 3364 vultis
449 3310 746 3365 mundanas
781 3309 944 3364 etiam
983 3325 1080 3364 seu
1124 3309 1411 3362 s:eculares
1448 3305 1704 3360 ostendu-
1808 3306 1967 3375 vitia),
1997 3310 2100 3366 hoc
2122 3319 2208 3365 est
2230 3310 2420 3380 gloria.
2447 3308 2674 3376 Quando
2696 3310 2840 3363 enim
2864 3324 2927 3363 ea
2952 3308 3274 3375 deciderint,
3302 3308 3398 3362 de-

133 3403 273 3457 mus?
307 3402 460 3457 Nunc
482 3403 698 3472 quidem
727 3419 834 3456 non
864 3401 1154 3457 habemus:
1185 3416 1305 3454 nam
1335 3410 1459 3454 sunt
1483 3399 1700 3468 quidem
1804 3401 1990 3455 cidunt
2013 3412 2214 3466 autem,
2239 3402 2419 3469 planta
2443 3408 2528 3453 est
2565 3399 2729 3464 nuda,
2759 3407 2817 3454 et
2843 3406 3165 3478 expugnato
3198 3397 3394 3463 facilis,

133 3494 346 3549 fortasse
383 3496 639 3549 mundani
668 3496 790 3552 boni
817 3504 873 3548 et
899 3494 1070 3563 probi,
1099 3493 1192 3547 sed
1222 3494 1310 3562 qui
1340 3481 1407 3546 ad
1436 3505 1698 3545 summam
1805 3503 1863 3547 ut
1885 3509 2005 3564 quae
2031 3493 2303 3562 prater-ito
2328 3501 2570 3558 tempore
2591 3506 2704 3545 non
2726 3491 2899 3545 solum
2922 3489 3056 3543 nihil
3083 3490 3212 3544 lucri
3237 3503 3394 3543 acce-

1801 3586 1962 3653 perit,
1988 3583 2085 3638 sed
2111 3585 2272 3638 etiam
2298 3582 2496 3636 damno
2522 3583 2602 3636 sic
2626 3579 2818 3635 aﬂ‘ecta
2848 3599 2864 3635 :
2893 3580 2973 3634 illi
3009 3580 3152 3634 enim
3186 3579 3311 3634 valli
3335 3588 3393 3634 et

1799 3686 1947 3745 septa
1997 3691 2118 3746 qua:
2173 3675 2458 3745 prohibent
2505 3674 2790 3742 quominu
2839 3673 3080 3728 decertet
3128 3672 3387 3726 adversus

1801 3768 2028 3822 insultas
2056 3777 2335 3823 ventorum
2358 3810 2374 3833 ,
2414 3767 2654 3823 efﬁciunt
2688 3778 2745 3821 ut
2782 3782 2925 3821 nunc
2964 3775 3189 3836 repente
3225 3765 3387 3819 simul

1795 3862 2061 3916 concidat.

1870 3953 2072 4007 Dioitie
2097 3954 2424 4022 quantum
2450 3955 2660 4008 fodant
2685 3983 2758 3993 —
2779 3952 2945 4023 Magis
2973 3951 3152 4020 itaque
3186 3949 3387 4004 lzedunt
3440 4021 3443 4024 ι

1795 4046 2014 4110 divitia,
2044 4053 2104 4099 ut
2129 4061 2249 4114 qua:
2273 4044 2503 4099 reddant
2530 4046 2820 4114 imparatos
2844 4052 2900 4097 et
2925 4041 3147 4097 minime
3174 4041 3384 4096 excrci-

1792 4145 1936 4190 tatos
1961 4137 2220 4191 adversus
2247 4125 2371 4192 vita:
2399 4137 2610 4204 iniquos
2630 4151 2813 4189 casus.
2845 4134 3005 4188 Tales
3030 4148 3160 4203 ergo
3188 4133 3382 4186 redda-

1789 4243 1913 4282 mus
1935 4228 2095 4292 filios,
2117 4238 2175 4281 ut
2198 4230 2406 4296 possint
2426 4228 2685 4282 adversus
2699 4221 2883 4279 omnia
2907 4225 3182 4286 resistere,
3208 4238 3383 4290 neijue

1793 4336 1928 4374 nova
1951 4330 2013 4374 et
2045 4320 2219 4374 aliena
2261 4319 2546 4374 videantur
2578 4335 2699 4388 quae
2742 4319 3022 4372 incurrunt
3048 4333 3064 4370 :
3087 4315 3380 4371 educenms

1791 4412 1843 4465 in
1869 4411 2147 4479 disciplina
2168 4420 2224 4465 et
2241 4410 2611 4464 admonitione
2640 4409 2846 4462 Domini
2871 4450 2887 4471 ,
2919 4417 2974 4461 et
3001 4421 3190 4477 magna
3218 4405 3376 4460 nobis

1789 4511 2080 4572 reponetur
2103 4517 2331 4556 merces.
2358 4501 2491 4555 Nam
2512 4502 2556 4555 si
2581 4503 2823 4555 homines
2849 4499 2939 4568 qui
2966 4513 3152 4566 regum
3179 4495 3380 4551 faciunt

1789 4594 2092 4659 simulacra,
2122 4601 2176 4646 et
2203 4593 2425 4662 pingunt
2449 4593 2726 4660 imagines,
2755 4599 2959 4642 tantum
2997 4588 3258 4642 honorem
3283 4601 3374 4640 as.

1787 4694 2084 4754 sequuntur
2110 4702 2125 4736 :
2157 4697 2257 4737 nos
2284 4683 2375 4752 qui
2407 4683 2606 4752 regiam
2634 4695 2889 4735 ornamus
2925 4680 3211 4748 imaginem
3241 4677 3373 4749 (Del

144 2596 238 2646 que
261 2581 460 2635 clarius
487 2581 803 2634 decantatur
840 2595 1000 2648 quam
1046 2578 1357 2648 quorumvis
1397 2591 1583 2645 regum
1605 2577 1630 2627 ?
1655 2573 1713 2630 Si

142 2681 307 2725 autem
343 2671 461 2726 haec
500 2673 634 2726 fiunt
667 2675 721 2726 in
760 2672 862 2726 hoc
906 2670 1134 2737 mundo,
1165 2671 1218 2724 in
1265 2669 1467 2724 mundo
1512 2669 1563 2721 in
1603 2681 1714 2737 quo

133 3601 229 3639 non
266 3587 586 3656 perveniunt
628 3587 1038 3656 philosophiam.
1067 3585 1425 3652 Quamobrem
1454 3599 1518 3638 ex
1551 3593 1700 3637 vete-

131 3674 264 3730 ribus
303 3684 359 3731 et
396 3677 595 3731 sanctis
639 3676 814 3730 dicam
853 3676 1005 3730 vobis
1045 3675 1310 3744 exempla.
1342 3675 1511 3741 Quam
1543 3673 1696 3728 multi

128 3765 209 3832 qui
234 3781 426 3821 uxores
468 3767 767 3834 habebant,
806 3775 862 3821 et
896 3766 1036 3820 ﬁlios
1061 3767 1298 3831 alebant,
1334 3766 1464 3819 nihil
1493 3767 1693 3828 minus,

133 3856 290 3923 nihil,
339 3859 588 3927 inquam,
635 3858 815 3912 minus
865 3857 1168 3911 habuerunt
1216 3872 1375 3926 quam
1423 3857 1514 3926 qui
1570 3856 1695 3910 dicti

129 3950 282 4001 sunt?
305 3950 412 4004 Sed
446 3963 589 4003 nunc
629 3965 734 4003 non
775 3949 900 4002 licet
939 3958 1156 4017 prapter
1194 3947 1481 4001 instantem
1506 3962 1697 4000 neces-

127 4041 355 4104 sitatcm,
399 4041 545 4095 sicut
582 4040 714 4094 dicit
755 4039 840 4092 hic
881 4040 1088 4103 beatus.
1142 4037 1311 4103 Quem
1355 4052 1486 4108 ergo
1532 4037 1694 4091 vultis

125 4131 324 4186 dicam?
346 4132 482 4199 Noe,
509 4147 578 4186 an
602 4131 912 4186 Abraham?
939 4146 1008 4184 an
1038 4131 1194 4199 hujus
1225 4129 1485 4192 filium,an
1516 4129 1694 4181 illius?

126 4239 184 4277 an
220 4223 414 4295 Ioseph
437 4226 462 4278 ?
491 4223 598 4280 Sed
627 4224 788 4278 vultis
808 4224 1090 4278 veniamus
1118 4221 1186 4276 ad
1215 4219 1547 4290 prephetas?
1575 4219 1691 4274 lo-

125 4333 245 4384 sem,
271 4311 507 4389 inquam,
542 4319 752 4372 Isaiam.

185 4412 233 4465 ι.
259 4412 362 4468 Sed
381 4456 397 4479 ,
428 4414 474 4467 si
507 4411 704 4476 vultis,
733 4412 1029 4466 orationem
1059 4409 1389 4464 attrahamus
1417 4410 1482 4462 ad
1521 4408 1690 4463 Abra-

129 4503 268 4565 ham,
295 4520 454 4573 quem
496 4505 727 4559 maxime
763 4519 951 4558 omnes
993 4503 1148 4556 nobis
1187 4517 1400 4570 semper
1435 4502 1686 4557 afferunt.

126 4593 296 4647 Annon
321 4595 550 4649 habebat
571 4612 816 4659 uxorem,
838 4595 1024 4649 annon'
1043 4593 1274 4649 liberos?
1297 4611 1395 4664 ego
1414 4594 1558 4649 enim
1586 4594 1689 4649 hoc

126 4685 258 4739 vobis
291 4687 414 4741 dico
437 4729 454 4753 ,
493 4688 635 4756 quod
675 4703 772 4741 vos
813 4687 988 4741 nobis.
1034 4685 1272 4740 llabebat
1304 4701 1562 4752 uxorem;
1591 4685 1686 4741 sed

125 4788 216 4828 non
243 4779 488 4844 quondam
518 4779 748 4833 habebat
776 4795 1020 4838 uxorem.
1047 4788 1164 4832 erat
1189 4778 1522 4832 admirabilis
1549 4796 1563 4831 :
1591 4778 1688 4832 ba-

125 4863 265 4918 bebat
291 4867 570 4934 pecunias:
591 4870 686 4923 sed
719 4885 823 4922 non
854 4869 980 4938 quia
1011 4870 1265 4937 pecunias
1292 4869 1541 4932 habebat,
1574 4869 1688 4938 pla-

120 4958 216 5011 cuit
238 4959 342 5014 Dm
363 4981 380 5016 :
408 4960 642 5015 habebat
669 4961 804 5015 filios
827 4979 841 5024 ;
870 4961 965 5014 sed
991 4976 1096 5014 non
1124 4962 1242 5030 quia
1271 4961 1407 5014 ﬁlios
1435 4961 1682 5026 habebat,

122 5050 417 5106 censebatur
460 5052 648 5107 beatus
676 5069 690 5104 :
722 5060 992 5107 trecentos
1029 5052 1213 5106 decem
1252 5064 1305 5106 et
1343 5062 1467 5106 octo
1501 5051 1684 5105 habuit

122 5150 292 5194 Venias
315 5160 330 5204 ;
358 5142 454 5197 sed
486 5159 592 5196 non
626 5143 746 5196 ideo
773 5143 1067 5197 habebatur
1096 5144 1151 5196 in
1179 5143 1550 5197 admiratione.
1577 5142 1681 5198 Sed

121 5229 190 5281 vis
224 5234 359 5287 scire
397 5234 666 5288 undenam
710 5233 1036 5288 haberetur?
1066 5235 1143 5288 Ex
1187 5234 1584 5303 hospitalitate,
1615 5251 1681 5289 ex

121 5324 337 5386 pecunia:
364 5324 642 5394 despectu,
670 5341 734 5380 ex
777 5327 1032 5380 modestia
1060 5339 1116 5380 et
1145 5328 1513 5396 temperantia.
1543 5327 1681 5394 Quid

118 5411 262 5476 enim.
289 5414 606 5484 die,qu:eso,
639 5415 976 5485 philosophi?
990 5433 1176 5476 annon
1217 5419 1465 5482 lecunias
1490 5429 1544 5473 et
1567 5419 1682 5488 glo-

119 5500 235 5554 riam
255 5503 552 5573 despicere,
581 5507 775 5560 invidia
800 5516 864 5562 ει·
880 5510 1067 5577 quavis
1091 5509 1252 5562 animi
1280 5511 1679 5578 perturbatiOne

117 5598 163 5642 et
197 5595 502 5660 egritudine
543 5612 666 5650 esse
706 5600 1080 5667 superiorem?
1123 5602 1238 5670 Age
1278 5616 1408 5671 ergo
1452 5615 1575 5655 eum
1622 5600 1676 5655 in

119 5682 325 5739 Icilium
349 5687 639 5742 adductum
660 5704 939 5755 exuamus,
963 5701 1018 5745 et
1042 5676 1192 5745 vobis
1211 5685 1557 5748 nsieudamus
1580 5709 1677 5748 cu-

115 5767 319 5834 llﬂlodi
344 5787 491 5834 esset
519 5779 889 5854 philosophus.
920 5783 1160 5840 Primum
1180 5783 1320 5841 nihil
1336 5786 1674 5857 existimabat

1785 4776 1929 4828 enim
1961 4776 2136 4845 imago
2161 4785 2252 4845 est
2272 4774 2492 4842 homo),
2525 4787 2629 4825 non
2658 4771 2815 4825 bonis
2855 4770 3095 4824 l‘ruemur
3123 4773 3374 4824 innume-

1788 4865 2075 4932 rabilibus,
2103 4865 2156 4920 id
2197 4865 2483 4920 reddentes
2518 4862 2660 4931 quod
2701 4872 2784 4916 est
2821 4861 2888 4915 ad
2922 4859 3372 4914 similitudinem?

1787 4956 1918 5009 Nam
1943 4957 2045 5011 hoc
2069 4965 2152 5010 est
2177 4955 2375 5019 simile,
2407 4954 2572 5008 virtus
2597 4953 2808 5017 animae,
2838 4951 3053 5021 quando
3082 4951 3219 5004 filios
3245 4965 3372 5004 eru-

1785 5049 2043 5105 dierimus
2076 5059 2133 5104 ut
2174 5050 2282 5103 sint
2321 5047 2446 5102 boni
2468 5087 2488 5115 ,
2517 5041 2731 5116 quando
2771 5054 2829 5098 ιιι
2870 5059 2974 5097 non
3003 5044 3108 5096 sint
3127 5043 3202 5096 ad
3234 5043 3367 5096 iram

1788 5141 2014 5209 prompti
2039 5183 2054 5203 ,
2082 5139 2298 5209 quando
2326 5147 2384 5192 ut
2411 5153 2517 5192 non
2546 5139 2652 5190 sint
2681 5135 2888 5204 injuria:
2915 5147 3220 5195 memores;
3254 5131 3370 5186 hate

1784 5236 2115 5284 omnia'sunt
2143 5231 2252 5285 Deo
2283 5230 2494 5299 propria
2525 5247 2538 5280 :
2561 5226 2774 5298 quando
2797 5238 2858 5280 ιιι
2885 5225 2994 5279 sint
3019 5223 3242 5279 benefici
3261 5263 3277 5287 ,
3311 5232 3370 5276 ιιι

1783 5325 1890 5377 sint
1919 5322 2168 5391 benigni,
2198 5322 2413 5391 quando
2441 5320 2798 5375 erudierimus
2828 5316 2978 5370 nihili
3003 5315 3200 5368 ducant
3225 5317 3368 5380 prie-

1781 5419 1974 5470 sentin.
2007 5416 2119 5469 lloc
2147 5430 2277 5484 ergo
2307 5425 2549 5467 nostmm
2575 5414 2646 5468 sit
2674 5425 2828 5480 npus,
2861 5424 2960 5464 nos
2990 5409 3134 5477 ipsos
3163 5414 3218 5460 et
3245 5407 3368 5459 illos

1782 5511 1986 5578 fingere
2009 5517 2074 5562 ac
2101 5522 2424 5574 componere
2454 5515 2511 5559 ut
2537 5513 2772 5572 oportet.
2805 5503 3014 5570 Alioqui
3041 5516 3143 5568 qna
3175 5498 3366 5552 fiducia

1780 5603 2036 5655 stabimus
2070 5610 2198 5654 ante
2237 5599 2465 5654 tribunal
2491 5596 2731 5652 Christi?
2755 5595 2889 5649 Nam
2923 5596 2968 5648 si
3005 5593 3254 5661 indiguus
3282 5601 3369 5646 est

1777 5694 2084 5764 episcopatu
2109 5691 2200 5761 qui
2227 5689 2367 5744 filios
2388 5689 2549 5743 habet
2574 5704 2680 5740 non
2707 5685 2971 5751 subditos,
3000 5685 3168 5740 multo
3194 5683 3396 5753 magis--

1778 5798 1941 5853 regno
1958 5781 2242 5837 caelorum.
2273 5780 2410 5849 Quid
2444 5779 2611 5835 dicis?
2640 5780 2685 5834 si
2721 5778 2979 5833 habemus
3008 5791 3232 5831 uxorem
3257 5774 3366 5828 im-
