4096 6310
610 295 705 347 ιιλε

1338 295 1395 351 5.
1427 290 1711 349 ιυιξικιδ
1743 289 2212 347 ωειιιδοδτυιιι
2251 291 2567 362 ΑΒΕΗΙΕΡ.
2605 293 3137 353 ευΝδτΑΝτιΝοιι.

605 409 904 464 mulcatam
925 448 942 474 ,
968 416 1025 463 et
1048 408 1094 462 si
1121 406 1289 468 lilios.
1318 406 1603 462 reddenda:
1633 406 1823 459 rationi
1855 405 2056 460 erimus
2083 403 2181 457 ob-

3774 298 3886 355 158

2289 420 2410 461 esse
2434 406 2717 472 sollicitos,
2744 422 2899 472 opem
2931 409 3104 473 teret;
3135 408 3218 463 siu
3257 409 3456 465 nullam
3487 408 3684 466 habere
3710 410 3884 481 huius

607 499 786 552 noxii?
811 495 1057 562 Iasiae,
1087 497 1189 554 isi
1214 507 1398 553 exacte
1423 507 1478 553 et
1503 506 1751 552 accurate
1780 494 2182 566 praestiterimus
2289 497 2366 550 rei
2409 496 2706 564 rationem,
2742 485 2960 552 matrum
2995 512 3103 554 non
3139 500 3392 569 porriget.
3420 491 3535 556 Non
3564 501 3708 556 enim
3730 502 3878 557 dor-

605 607 723 657 qua:
748 597 874 642 sunt
898 604 930 642 a
957 588 1114 643 nobis
1155 589 1453 658 praestanda
1482 606 1497 642 :
1529 605 1635 642 non
1660 587 1802 641 enim
1833 587 2042 655 propria
2070 584 2179 638 vir-

602 692 687 734 tus
714 680 868 741 nobis
893 678 1093 734 suaicit
1117 679 1182 733 ad
1201 679 1456 734 salutem.
1478 679 1610 733 Nam
1634 677 1681 730 si
1708 677 1794 746 qui
1822 693 1980 729 llllllttl
2006 676 2178 730 talen-

601 787 714 826 tum
742 790 850 828 non
878 774 1155 843 deponens
1195 772 1325 826 nihil
1363 784 1445 827 est
1485 772 1720 826 luci-mus
1741 809 1758 834 ,
1789 767 1884 823 sed
1911 767 2073 823 etiam
2100 767 2179 821 sic

600 865 837 933 punitur,
857 874 944 919 est
971 865 1310 936 perspicuum
1331 863 1473 934 quod
1499 862 1666 916 virtus
1693 860 1905 930 pt'oprizt
1933 872 2039 911 non
2066 857 2176 910 sul"-

602 955 710 1009 tieit
736 954 805 1009 ad
830 955 1054 1010 salutem
1079 997 1096 1020 ,
1119 955 1216 1009 sed
1245 953 1465 1008 alterius
1503 952 1662 1007 etiam
1695 951 1888 1004 virtute
1910 963 2043 1017 opus
2071 957 2174 999 est.

599 1044 842 1113 linguam
859 1063 990 1116 ergo
1012 1061 1195 1101 curam
1219 1060 1468 1115 get-alnus
1485 1053 1540 1099 et
1559 1057 1784 1098 uxorum
1809 1049 1865 1095 et
1887 1039 2172 1092 liberorum

597 1147 652 1190 et
679 1138 998 1194 famulorum
1029 1149 1086 1194 et
1110 1136 1279 1193 mistri
1303 1139 1570 1208 ipsorum.
1594 1144 1653 1192 et
1690 1136 1744 1189 in
1775 1133 1932 1188 ntibis
1963 1131 2097 1201 ipsis
2118 1139 2174 1185 et

598 1229 703 1287 illis
725 1229 1111 1301 componendis
1137 1229 1302 1284 Deum
1330 1243 1600 1299 rogemus,
1627 1238 1682 1281 ut
1705 1225 1772 1279 ad
1791 1241 1910 1279 eam
1933 1238 2048 1278 rem
2076 1238 2173 1275 no-

597 1320 677 1372 bis
701 1337 856 1390 opem
886 1322 1021 1376 {erat
1069 1319 1126 1376 Si
1156 1321 1347 1378 viderit
1389 1335 1488 1374 nos
1524 1322 1624 1373 hoc
1661 1333 1849 1371 eui-are
1883 1327 1936 1371 et
1964 1315 2033 1370 de
2068 1313 2168 1367 hoe

1773 1434 2021 1450 ,ρ’-,σ--οο

1690 1440 1769 1450 ...-

599 1441 1002 1454 Μ*

1007 1445 1069 1452 ...-

1074 1444 1264 1453 —-———.—

1277 1444 1411 1453 -ισ-ο---
1427 1446 1484 1452 ..--

2283 587 2575 642 sitientibus
2601 586 2757 642 uoltis
2780 589 2875 643 dat
2900 590 3154 644 auxilium
3170 589 3348 655 Deus,
3377 593 3471 647 sed
3493 593 3628 662 ipsis
3650 609 3881 664 quintae

2283 678 2647 734 lalxirantibus
2678 695 2693 733 :
2720 694 2842 733 nam
2883 679 3097 750 adjutor
3140 695 3247 736 non
3281 692 3364 736 est
3401 683 3591 744 otiosi,
3623 684 3717 738 sed
3741 684 3880 753 ejus

2281 769 2371 838 qui
2389 768 2505 839 ipse
2521 785 2734 840 quemne
2750 781 3025 841 operatur.
3046 771 3243 828 Potens
3263 781 3347 830 est
3363 785 3544 830 autem
3567 776 3706 831 Deus
3724 791 3876 846 opus

2282 876 2377 930 per
2402 875 2462 916 se
2486 860 2552 916 ad
2580 861 2829 918 edoctum
2857 861 3154 930 deducere,
3183 874 3242 919 ut
3271 879 3461 921 matres
3490 867 3635 939 digni
3661 868 3874 924 habea-

2280 966 2400 1004 mur
2423 951 2516 1022 qui
2543 951 2682 1007 bona
2713 953 2972 1022 prtunissa
2997 968 3409 1025 consequamur,
3440 971 3536 1026 per
3556 960 3775 1029 gratiam
3804 970 3873 1014 et

2281 1039 2659 1112 benignitatem
2704 1044 2912 1100 Domini
2949 1046 3121 1101 nostri
3162 1045 3289 1102 Jesu
3331 1047 3568 1108 Christi.
3605 1051 3691 1106 cui
3726 1065 3869 1107 cum

2278 1132 2437 1187 Patre
2454 1143 2508 1188 et
2526 1132 2726 1203 Spiritu
2749 1144 2941 1190 saneto
2954 1136 3146 1205 gloria,
3169 1137 3478 1207 imperium,
3500 1141 3689 1208 honor,
3714 1157 3870 1196 nrtsic

2276 1233 2331 1279 et
2357 1239 2591 1294 semper,
2616 1234 2669 1280 et
2697 1226 2747 1279 in
2773 1227 2970 1282 smcula
2992 1228 3336 1284 seculorum.
3363 1232 3556 1285 Amen.

3227 1433 3832 1448 ..Μαι-...-
3836 1438 3868 1452 ο

2005 1492 2354 1556 HOMILM
2405 1491 2617 1553 XXII.

585 1644 720 1701 Car.
742 1647 797 1701 li.
827 1661 877 1707 ν.
905 1648 960 1703 5.
991 1647 1155 1708 Serui,
1183 1645 1377 1701 obedite
1398 1645 1614 1700 demittis
1643 1642 1931 1697 cartmlibus
1959 1655 2072 1692 cum
2098 1641 2164 1688 ti-

658 1751 799 1790 more
829 1746 880 1790 et
917 1747 1164 1804 tremore,
1201 1736 1255 1790 in
1292 1735 1611 1806 simplicitate
1636 1732 1803 1787 cordis
1828 1730 1976 1785 vestri
1992 1769 2008 1792 ,
2042 1729 2169 1782 sicut

657 1827 860 1882 Christo
887 1843 908 1881 :
930 1826 984 1882 ϐ.
1011 1845 1112 1884 non
1133 1829 1204 1882 ad
1224 1829 1424 1883 oculum
1444 1829 1707 1881 servientes
1724 1827 1867 1893 quasi
1887 1821 2168 1876 hominibus

655 1919 908 1988 placentes
927 1961 943 1986 ,
967 1921 1057 1974 sed
1085 1930 1141 1974 ut
1168 1921 1298 1974 servi
1326 1919 1512 1973 Christi
1527 1960 1546 1984 ,
1582 1918 1821 1988 facientes
1862 1915 2166 1967 uoluntatem

658 2008 758 2063 Dei
780 2025 846 2063 ea:
869 2009 1060 2075 animo,
1085 2010 1138 2062 7.
1161 2026 1277 2063 cuiu
1303 2011 1443 2063 boue
1459 2010 1712 2063 voluntate
1728 2007 2012 2066 seruientes,
2037 2003 2167 2054 sicut

656 2099 879 2154 Domino
914 2110 962 2154 et
1008 2117 1111 2154 non
1151 2101 1473 2163 hominibus;
1503 2099 1557 2152 8.
1597 2097 1805 2152 scietttrs
1832 2094 1969 2162 quod
2001 2108 2161 2147 unus-

653 2193 864 2262 quisque
902 2192 1249 2263 quodcumque
1282 2192 1462 2259 fecerit
1505 2192 1687 2245 bonum
1709 2229 1728 2254 ,
1767 2190 1862 2243 hoc
1901 2186 2104 2254 recipiet
2129 2203 2164 2239 tt

657 2281 900 2350 Domino,
925 2285 1031 2338 sive
1053 2300 1243 2348 servus,
1259 2286 1366 2339 sire
1380 2283 1524 2337 liber.

660 2369 709 2421 l.
742 2363 817 2421 De
836 2382 1095 2422 servorum
1123 2368 1319 2439 oﬁeiis.
1344 2396 1418 2411 --
1442 2367 1555 2422 Non
1581 2367 1755 2422 solum
1795 2365 1973 2435 itaque
1999 2364 2160 2417 mari.

582 2468 665 2512 lus
684 2501 702 2525 ,
732 2473 907 2530 neque
933 2475 1069 2517 uxor
1087 2500 1105 2525 ,
1135 2475 1325 2530 neque
1350 2460 1477 2524 lilii,
1509 2460 1602 2513 sed
1634 2451 1922 2513 servorutn'
1948 2472 2161 2526 quoque
2209 2453 2212 2457 ’

582 2553 749 2605 Virtus
780 2552 990 2606 confert
1027 2552 1091 2604 ad
1135 2551 1350 2607 domum
1382 2552 1808 2607 constituendam
1847 2562 1902 2605 et
1929 2550 2158 2604 admini-

571 2641 875 2696 strandum.
917 2641 1205 2711 Propterea
1238 2644 1424 2698 beatus
1456 2645 1651 2698 Paulus
1677 2658 1746 2698 ne
1783 2643 1920 2697 bane
1943 2642 2157 2712 quidem

579 2743 785 2801 partem
811 2735 1040 2804 neglexit
1064 2750 1079 2800 ;
1110 2733 1206 2789 sed
1234 2744 1504 2803 postremo
1526 2734 1741 2805 quidem
1765 2734 1832 2788 ad
1862 2735 1980 2788 eam
2007 2749 2160 2787 acce-

576 2823 676 2885 dit,
697 2824 949 2894 quoniam
972 2824 1229 2894 dignitate
1248 2840 1460 2916 tutoque
1485 2826 1585 2880 sita
1607 2833 1691 2880 est
1715 2832 2003 2894 postrema.
2028 2823 2157 2878 Nolo

579 2913 648 2971 tis
671 2929 852 2969 autem
878 2931 1001 2970 eum
1030 2915 1110 2970 eis
1136 2913 1405 2986 agitfuon
1445 2925 1712 2985 tamquam
1739 2929 1861 2970 cum
1890 2914 2031 2976 liliis,
2060 2913 2156 2968 sed

579 3006 750 3061 multo
772 3005 1062 3075 perfectius
1080 3023 1095 3060 :
1115 3022 1223 3063 non
1241 3006 1383 3061 enim
1404 3007 1498 3062 dat
1517 3005 1602 3061 hic
1619 3005 1699 3060 eis
1725 3005 2152 3076 promissionem,

575 3095 671 3150 sed
697 3097 753 3151 in
778 3097 977 3152 futuro.
1001 3097 1250 3168 Scientes,
1273 3097 1461 3168 inquit,
1486 3098 1623 3167 quod
1641 3097 1981 3166 unusquisque
1995 3097 2156 3163 quod-

576 3203 789 3256 euntque
802 3189 975 3260 fecerit
993 3190 1180 3243 bonum
1200 3189 1276 3244 rel
1295 3189 1505 3252 malum,
1527 3189 1622 3243 hoc
1644 3189 1850 3257 recipiet
1868 3205 1900 3241 α
1916 3185 2153 3244 Domino.

579 3277 776 3346 Etiam
796 3278 956 3350 docet
991 3278 1374 3350 philosophari.
1403 3277 1535 3333 Nam
1564 3280 1662 3334 etsi
1693 3279 2009 3333 auctoritate
2031 3286 2156 3332 sunt

579 3368 814 3425 iuitwres
833 3368 978 3432 liliis,
999 3369 1081 3424 sui
1099 3357 1275 3424 tamen
1297 3369 1549 3440 opinione
1569 3377 1692 3424 sunt
1714 3369 1963 3438 majores.
1983 3367 2151 3432 Servi,

579 3460 788 3531 inquit,
821 3461 1019 3516 obedite
1053 3461 1273 3516 dominis
1312 3462 1619 3516 carnalibus.
1656 3461 1880 3517 δίωτοι-ο
1909 3460 2150 3515 aﬂ'ectam

578 3551 756 3604 statim
800 3552 973 3605 erexit
1009 3551 1277 3617 animam,
1308 3562 1362 3605 et
1388 3553 1565 3606 sitim
1601 3562 1685 3606 est
1716 3552 2042 3609 wtisolatns.
2077 3550 2155 3606 Ne

577 3641 778 3704 doleas,
802 3642 994 3712 inquit,
1020 3644 1161 3711 quod
1188 3643 1362 3696 minus
1386 3643 1580 3697 habeas
1601 3659 1757 3709 quam
1777 3658 1913 3697 uxor
1936 3652 1991 3695 et
2015 3642 2108 3695 lilii
2135 3660 2149 3696 :

575 3732 748 3785 solum
773 3741 852 3786 est
881 3748 1076 3786 nomen
1117 3732 1423 3795 servitutis;
1459 3732 1677 3793 carnale
1709 3741 1791 3787 est
1820 3732 2148 3796 dominium,

579 3824 873 3892 temporale
901 3832 955 3876 et
981 3824 1147 3877 breve
1173 3838 1188 3873 :
1221 3823 1473 3894 quidquid
1503 3824 1646 3878 enim
1682 3834 1760 3876 est
1801 3821 2045 3885 carnale,
2071 3830 2156 3877 est

579 3915 834 3968 caducum
873 3924 927 3968 et
966 3930 1070 3968 non
1108 3913 1436 3968 diuturnum.
1467 3913 1596 3968 Cum
1630 3914 1840 3978 timore,
1873 3906 2078 3982 influit,
2106 3922 2153 3965 et

580 3997 809 4058 tremore.
846 4003 1005 4058 Vides
1031 4003 1172 4071 quod
1209 4018 1313 4058 non
1339 4003 1585 4058 etnndem
1616 4005 1857 4057 timorem
1885 4003 2061 4071 exegit
2084 4001 2154 4056 ab

579 4110 747 4149 uxore
783 4102 839 4149 et
880 4094 1085 4148 servis?
1114 4092 1244 4147 Nam
1287 4094 1394 4148 illic
1438 4094 1653 4162 quidem
1696 4093 1831 4147 dixit
1867 4092 2112 4147 absolute
2135 4133 2150 4158 ,

584 4183 774 4240 Mulier
808 4185 980 4238 timeat
1021 4185 1258 4238 utar-itum
1289 4200 1308 4238 :
1336 4183 1421 4238 bic
1458 4195 1633 4238 autem
1674 4200 1795 4238 cum
1833 4183 2151 4249 intcusione,

579 4273 708 4330 Cum
746 4275 926 4328 timore
961 4285 1009 4328 et
1042 4284 1275 4328 tremore.
1320 4273 1387 4328 lu
1421 4276 1741 4345 simplicitate
1768 4275 1935 4328 cordis
1965 4274 2113 4327 vestri
2129 4313 2151 4337 ,

579 4368 708 4421 sicut
727 4365 948 4419 Christo.
979 4365 1091 4420 lloe
1108 4365 1241 4421 dicit
1265 4365 1590 4436 frequenter.
1613 4367 1749 4434 Quid
1771 4367 1926 4432 dicis,
1947 4383 1979 4420 ο
2001 4366 2156 4420 beate

582 4455 786 4510 'l‘aule?
811 4467 894 4511 est
921 4455 1103 4521 frater,
1134 4457 1319 4512 eadem
1345 4467 1429 4512 est
1449 4467 1827 4526 consequutus,
1858 4467 1941 4512 est
1977 4457 2030 4510 in
2057 4472 2153 4512 eo-

580 4547 703 4600 dem
733 4561 996 4617 corpore;
1025 4547 1134 4605 imo
1170 4547 1338 4606 lactus
1374 4558 1459 4606 cst
1485 4531 1650 4603 frater
1673 4563 1780 4602 non
1811 4549 1889 4602 sui
1916 4547 2154 4614 domini,

583 4636 675 4690 sed
712 4636 851 4692 adeo
879 4637 997 4692 Filii
1029 4638 1161 4704 Dei;
1190 4639 1381 4693 fruitur
1408 4639 1595 4692 iisdem
1624 4640 1890 4700 omnibus,
1917 4649 1968 4693 et
1999 4633 2154 4704 dicis,

585 4729 794 4789 Occdite
811 4729 1031 4785 dominis
1049 4732 1338 4792 carnalibus
1357 4747 1477 4787 cum
1496 4732 1674 4792 timore
1690 4740 1739 4788 et
1761 4740 1976 4786 tremore
1988 4732 2015 4784 .’
2039 4729 2160 4784 Pro-

588 4835 766 4885 pterea
790 4821 957 4886 enim,
978 4820 1174 4892 inquit,
1201 4822 1343 4876 dico.
1377 4820 1506 4890 Nam
1534 4821 1578 4876 si
1601 4820 1783 4890 iubeo,
1813 4821 2003 4890 inquit,
2029 4819 2162 4876 libe-

585 4925 676 4964 ros
697 4910 921 4966 invicem
941 4910 1352 4981 essesubiectos
1379 4922 1595 4981 promer
1613 4912 1858 4966 timorem
1885 4911 1997 4979 Dei,
2024 4911 2162 4967 sicut

511 5008 518 5013 ’
581 5000 794 5055 dicebat
808 5001 1074 5071 superius,
1097 5001 1324 5073 Subjeeti
1343 5002 1550 5062 invicem
1569 5003 1620 5056 in
1638 5003 1815 5057 timore
1831 5001 1921 5056 Dei
1943 5002 2156 5071 (Ephes.

583 5093 640 5154 5.
670 5093 798 5162 2i);
823 5093 870 5148 si
890 5092 1057 5161 iubeo
1086 5108 1305 5150 uxorem
1335 5093 1524 5148 timere
1557 5094 1834 5158 maritum,
1863 5094 2072 5148 etiamsi
2097 5109 2159 5147 ea

586 5187 657 5239 sit
699 5200 795 5254 par
833 5186 1077 5240 honore:
1105 5187 1274 5244 multo
1300 5187 1466 5256 magis
1494 5201 1729 5246 servum.
1763 5185 1884 5241 Non
1911 5198 1993 5241 est
2019 5189 2161 5244 enim

588 5278 690 5330 hoc
716 5276 1047 5346 ignobilitas,
1065 5277 1168 5331 sed
1209 5277 1375 5346 prima
1404 5278 1652 5333 nobilitas
1669 5320 1685 5344 ,
1711 5278 1852 5335 scire
1877 5294 1996 5334 esse
2025 5279 2163 5333 inl'e-

589 5370 811 5435 tinum,
837 5378 894 5424 et
922 5370 1162 5426 modeste
1185 5386 1245 5424 se
1269 5385 1479 5441 gerere.
1510 5380 1564 5424 ιιι
1587 5372 1780 5429 crdere
1806 5387 2068 5440 prosumo.
2099 5372 2165 5433 Et

591 5464 744 5518 liberi
775 5461 960 5518 liberis
990 5477 1124 5547 cuni
1143 5463 1309 5518 multo
1335 5464 1524 5518 timore
1548 5474 1602 5517 et
1632 5473 1864 5519 tremore
1902 5464 2158 5518 serviunt.

596 5553 655 5603 lu
695 5551 1019 5622 sintplicitate
1044 5554 1243 5615 cordis,
1273 5555 1460 5624 inquit.
1502 5553 1667 5611 Recte
1704 5555 1864 5617 dixit:
1907 5557 2158 5625 quoniam

595 5643 708 5701 beri
754 5651 928 5710 potest
963 5654 1021 5698 ut
1057 5645 1317 5700 serviatur
1339 5660 1462 5701 cum
1489 5647 1684 5702 liotore
1717 5656 1770 5700 et
1806 5655 2038 5700 tremore
2061 5687 2077 5710 ,
2107 5654 2160 5700 at

593 5752 697 5797 που
726 5752 793 5800 es
815 5736 1201 5805 benevolum,
1234 5738 1327 5796 sed
1357 5749 1640 5813 utcumque
1658 5739 1800 5795 licet.
1826 5737 1938 5793 Non
1967 5739 2160 5794 attitu-

2276 1635 2625 1689 advertuntur
2667 1637 2809 1692 enim
2848 1639 2994 1693 inuiti
3045 1641 3209 1695 multa
3249 1657 3411 1710 prave
3462 1655 3710 1713 gerentes
3755 1649 3862 1700 3d-

2277 1739 2460 1778 vei-sus
2502 1724 2771 1780 dominos.
2817 1727 2982 1795 Igitur
3020 1729 3157 1784 hanc
3201 1746 3420 1801 quoque
3455 1748 3672 1801 pravam
3715 1737 3859 1789 milii.

2275 1816 2562 1880 nequitiam
2585 1858 2599 1879 ,
2628 1815 2814 1871 dicens
2833 1860 2850 1885 ,
2889 1817 2952 1871 In
2988 1821 3310 1889 simplicitate
3339 1824 3509 1883 cordis
3546 1825 3694 1878 vestri
3715 1826 3857 1878 sicut

2274 1905 2512 1960 Domino.
2559 1907 2679 1961 Non
2719 1912 2787 1961 ad
2825 1910 3029 1962 oculum
3068 1914 3336 1966 servientes
3375 1916 3521 1982 quasi
3563 1915 3857 1969 hominibus

2274 1998 2544 2064 placentes,
2575 1999 2667 2052 sed
2691 2009 2742 2052 ut
2767 2001 2898 2052 serti
2924 2000 3133 2066 Christi,
3160 2002 3400 2072 facientes
3420 2006 3724 2058 roluutatem
3754 2006 3858 2059 Dei

2267 2107 2335 2143 ex
2361 2092 2549 2153 animo,
2574 2109 2695 2144 cum
2720 2091 3060 2146 benevolentia
3091 2095 3354 2149 servientes
3377 2097 3504 2149 sicut
3535 2095 3771 2160 Domino,
3798 2108 3856 2150 et

2270 2198 2370 2234 non
2400 2182 2702 2238 hominibus.
2737 2183 2897 2238 Vides
2923 2201 3081 2255 quam
3103 2186 3286 2240 multis
3310 2201 3448 2257 opus
3483 2188 3726 2242 imbuerit
3746 2230 3761 2249 .
3788 2199 3857 2242 nt

2268 2270 2373 2326 hoc
2399 2272 2594 2326 bonum
2622 2283 2678 2326 et
2707 2273 2987 2329 honestum
3016 2276 3298 2341 insereret,
3323 2277 3454 2332 Cum
3485 2278 3852 2344 benevolentia,

2270 2363 2516 2433 inquam,
2560 2374 2608 2416 et
2647 2380 2714 2418 ea:
2749 2365 2968 2420 animo!
3010 2364 3142 2420 Nam
3183 2366 3311 2421 illud
3351 2367 3564 2437 quidem
3608 2369 3853 2423 videmus

2269 2454 2464 2507 multos
2498 2453 2756 2511 exhibere
2798 2455 3030 2510 dominis
3049 2495 3066 2519 ,
3094 2453 3224 2511 Cutis
3259 2461 3440 2510 timore
3461 2499 3474 2519 ,
3519 2457 3730 2524 inquam
3751 2500 3767 2521 ,
3796 2471 3854 2512 et

2267 2553 2520 2608 tranare;
2559 2554 2610 2598 et
2657 2547 2721 2598 ad
2765 2545 2891 2598 illud
2936 2546 3100 2599 multa
3141 2547 3381 2601 «alliciunt
3410 2551 3565 2601 mium
3592 2548 3790 2602 domini
3831 2567 3845 2600 :

2267 2635 2370 2687 Sed
2398 2635 2640 2698 ostende,
2675 2637 2862 2707 inquit,
2894 2647 2947 2691 te
2969 2637 3176 2692 servire
3209 2648 3476 2707 tamquam
3499 2640 3696 2693 Christi
3723 2653 3850 2694 ser-

2267 2741 2413 2788 vum,
2439 2741 2543 2779 non
2572 2735 2840 2794 tamquam
2863 2724 3097 2780 hominis
3128 2745 3144 2780 :
3172 2727 3255 2781 lac
3275 2737 3330 2779 ut
3350 2727 3490 2795 quod
3513 2744 3542 2780 a
3566 2738 3619 2782 te
3643 2729 3852 2800 geritur

2265 2814 2333 2868 sit
2363 2824 2509 2868 tuum
2535 2829 2671 2884 opus
2694 2856 2708 2880 ,
2736 2831 2844 2870 non
2885 2815 3241 2870 necessitatis.
3269 2815 3425 2871 Sicut
3450 2817 3498 2870 ei
3524 2818 3614 2886 qui
3638 2817 3710 2870 ab
3736 2817 3852 2872 alio

2266 2906 2403 2960 male
2431 2907 2626 2973 patitur
2651 2906 2840 2963 suadet
2859 2947 2879 2973 ,
2904 2917 2960 2961 et
2984 2907 3140 2961 docet
3175 2923 3274 2977 per
3297 2923 3360 2962 ea
3391 2924 3510 2978 qua:
3533 2907 3729 2964 deinde
3751 2924 3848 2966 se-

2261 3009 2534 3069 quuntur.
2562 3008 2619 3054 ut
2642 3013 2798 3054 suum
2819 3013 2946 3055 esse
2975 2998 3136 3053 faciat
3162 2998 3304 3070 quod
3346 3009 3492 3054 recte
3527 3001 3761 3070 geritur,
3789 3011 3852 3056 ct

2261 3105 2382 3144 esse
2427 3090 2580 3145 liberi
2627 3090 2711 3143 sui
2751 3090 2957 3144 arbitrii
2991 3107 3005 3143 :
3040 3089 3110 3144 ita
3138 3100 3193 3144 et
3224 3089 3385 3144 hunc.
3422 3089 3556 3145 Nam
3590 3093 3714 3160 quia
3751 3095 3848 3162 qui

2263 3179 2534 3232 maxillam
2575 3180 2876 3254 percussit,
2904 3196 3013 3235 non
3037 3181 3106 3234 ad
3134 3182 3238 3234 hoc
3264 3181 3410 3235 venit
3429 3196 3499 3236 ex
3523 3192 3703 3237 mente
3724 3184 3847 3251 ejus

2260 3269 2349 3339 qui
2389 3278 2472 3325 est
2505 3285 2790 3338 percussus
2811 3311 2827 3334 ,
2853 3272 2948 3325 sed
2987 3287 3017 3324 a
3053 3286 3148 3326 sua
3189 3272 3485 3342 pravitate,
3521 3273 3648 3342 quid
3677 3274 3849 3330 dicit?

2262 3360 2443 3413 Prtebe
2477 3360 2557 3414 illi
2577 3369 2626 3414 et
2652 3360 2864 3415 alterum
2892 3360 3110 3432 (Ilattlt.
3138 3362 3202 3417 5.-
3221 3362 3356 3432 59);
3385 3363 3674 3420 ostenderas
3697 3368 3845 3433 quod

2262 3466 2366 3504 non
2397 3451 2594 3506 invitus
2621 3466 2740 3506 eam
2769 3451 2978 3521 alapam
3022 3452 3360 3507 sustinueris.
3383 3451 3523 3507 Nam
3549 3455 3640 3522 qui
3678 3456 3748 3509 ad
3793 3457 3846 3510 id

2258 3542 2400 3610 quod
2425 3551 2509 3596 est
2537 3542 2677 3597 male
2703 3556 2918 3612 passum
2943 3557 3100 3609 esse,
3126 3543 3327 3597 allatim
3353 3543 3516 3599 etiam
3550 3559 3841 3614 solverem-

2258 3635 2435 3703 gavit;
2465 3635 2515 3688 id
2541 3634 2684 3703 quod
2711 3650 2818 3689 non
2851 3645 2967 3690 erat
3004 3649 3162 3689 suum
3185 3676 3199 3696 .
3229 3651 3384 3689 suum
3428 3650 3551 3691 esse
3587 3637 3706 3690 fecit
3725 3679 3742 3702 ,
3777 3654 3846 3692 eo

2258 3724 2402 3796 quod
2429 3726 2584 3782 alteri
2608 3726 2835 3780 maxillae
2859 3726 2931 3780 sit
2954 3725 3149 3780 inﬂicta
3174 3727 3351 3796 alapa,
3373 3742 3479 3782 non
3504 3727 3675 3780 solum
3698 3729 3845 3796 quod

2261 3819 2461 3873 tulerit.
2490 3817 2604 3872 Hoc
2631 3819 2774 3873 enim
2809 3817 3035 3873 fortasse
3062 3818 3328 3874 videbitur
3350 3821 3511 3874 etiam
3535 3836 3660 3880 esse
3687 3820 3848 3875 tinto-

2261 3909 2371 3973 ris;
2410 3908 2542 3963 illud
2575 3917 2752 3963 autem
2791 3909 2974 3962 multa
3010 3917 3095 3963 est
3137 3907 3509 3980 philosophiae.
3548 3909 3844 3964 Ostendisti

2261 3999 2419 4070 igitur
2447 3998 2588 4070 quod
2623 3999 2725 4056 hoc
2752 4001 2913 4055 etiam
2943 4001 3130 4056 tuleris
3173 4012 3391 4071 propter
3426 4002 3843 4072 philosophiam.

2260 4093 2444 4162 Itaque
2469 4108 2610 4148 ιιιιιιο
2633 4107 2845 4164 quoque
2869 4094 3113 4157 ostende.
3144 4095 3286 4164 quod
3313 4108 3505 4166 sponte
3535 4097 3677 4151 teras
3703 4095 3846 4151 hanc

2260 4187 2570 4241 servitutem
2591 4227 2609 4252 ,
2636 4202 2743 4242 non
2766 4197 2829 4240 ut
2854 4186 3158 4243 hominibus
3187 4188 3416 4258 placeas.
3443 4189 3544 4256 Qui
3573 4205 3704 4259 ergo
3729 4199 3845 4244 stu-

2261 4277 2351 4331 det
2366 4275 2670 4332 hominibus
2696 4276 2927 4347 placere,
2954 4292 3059 4333 non
3081 4286 3167 4334 est
3189 4293 3376 4334 servus
3394 4279 3625 4344 Christi;
3649 4280 3737 4351 qui
3759 4289 3848 4334 est

2261 4377 2438 4423 autem
2468 4383 2658 4424 servus
2681 4367 2901 4433 Christi,
2932 4385 3040 4424 non
3078 4369 3258 4425 studet
3280 4369 3491 4441 placere
3515 4369 3843 4425 hominibus.

2260 4458 2392 4525 Quis
2418 4458 2585 4521 enim.
2612 4474 2734 4514 cum
2769 4458 2842 4512 sit
2874 4458 2967 4516 Dei
3010 4475 3234 4528 servus,
3262 4461 3370 4514 ruit
3399 4461 3705 4516 hominibus
3731 4463 3847 4533 pia-

2261 4565 2386 4607 cere
2401 4553 2427 4603 ἲ
2449 4559 2505 4604 et
2531 4550 2652 4620 quis
2691 4549 2991 4605 hominibus
3007 4552 3248 4619 placens,
3274 4560 3448 4621 potest
3467 4567 3588 4606 esse
3611 4552 3708 4606 Dei
3730 4568 3851 4607 scr-

2266 4643 2395 4697 vus?
2417 4642 2502 4696 Ea:
2526 4643 2717 4708 animo,
2750 4643 2954 4711 inquit,
2978 4659 3095 4696 cuiu
3117 4643 3249 4697 bona
3277 4644 3530 4697 uoluntate
3553 4644 3844 4698 servientes.

2265 4734 2428 4788 Recte
2452 4733 2529 4787 sic
2550 4732 2680 4787 dixit
2698 4751 2712 4787 :
2732 4749 2853 4787 nam
2873 4733 3124 4802 quoniam
3143 4743 3198 4789 et
3221 4733 3273 4788 in
3295 4734 3635 4802 simplicitate
3656 4735 3846 4788 son-iri

2267 4835 2464 4897 potest,
2480 4835 2535 4880 et
2559 4839 2665 4879 non
2688 4840 2850 4896 prave
2872 4841 2936 4879 ac
2952 4826 3201 4893 maligne,
3217 4823 3312 4880 sed
3334 4841 3442 4878 non
3470 4823 3591 4879 totis
3621 4825 3848 4889 viribus,

2266 4916 2360 4970 sed
2383 4926 2584 4969 tantum
2612 4914 2822 4984 impleri
2837 4915 2977 4985 quod
2997 4916 3222 4971 debeant
3248 4934 3263 4970 :
3287 4925 3570 4985 propterea
3585 4915 3738 4981 dicit,
3768 4916 3848 4970 Es

2267 5008 2428 5062 anitni
2456 5007 2728 5062 alacritate
2751 5048 2766 5072 ,
2799 5023 2904 5060 non
2934 5023 2999 5060 es
3040 5007 3488 5073 necessitate;es
3531 5007 3700 5063 libera
3737 5010 3855 5062 elc-

2268 5100 2465 5164 ctione,
2486 5115 2591 5153 non
2607 5114 2673 5155 es
2698 5099 2975 5163 puritate.
2991 5098 3048 5153 Si
3069 5100 3148 5153 sic
3169 5099 3395 5164 simias,
3417 5115 3523 5153 nou
3544 5115 3605 5155 es
3623 5114 3848 5155 servus:

2265 5191 2314 5244 (si
2337 5207 2403 5247 ex
2426 5190 2592 5245 liberto
2616 5190 2838 5245 arbitrio
2867 5199 2921 5243 ei
2942 5190 3202 5256 instituto,
3223 5190 3270 5245 si
3291 5206 3414 5246 cum
3450 5190 3850 5254 benevolentia,

2271 5297 2320 5338 ιι
2337 5296 2402 5338 ex
2429 5299 2626 5347 autum,
2649 5283 2694 5338 si
2716 5292 2930 5352 propter
2955 5281 3249 5338 Christum.
3279 5275 3592 5338 llauc‘eniin
3615 5285 3854 5337 servitu-

2272 5385 2379 5435 tem
2401 5377 2567 5430 servit
2601 5375 2762 5429 etiam
2792 5375 2988 5430 Paulus
3026 5374 3118 5430 ille
3155 5374 3320 5441 liber,
3341 5385 3398 5430 et
3419 5375 3616 5429 clamat
3639 5375 3851 5434 dicens.

2274 5462 2396 5520 Non
2421 5466 2552 5520 cuius
2577 5481 2668 5519 uos
2695 5468 2832 5534 ipes
2871 5455 3206 5534 pris-dicamus
3227 5505 3244 5530 ,
3271 5465 3361 5518 sed
3389 5464 3646 5519 Christum
3671 5465 3853 5518 Iesum

2275 5556 2567 5620 Dominum,
2581 5572 2680 5610 nos
2702 5565 2868 5608 autem
2885 5555 3019 5624 ipsos
3040 5571 3210 5618 serens
3235 5565 3419 5610 vestros
3435 5565 3651 5625 propter
3673 5554 3854 5608 Iesum

2274 5646 2352 5720 (ε.
2384 5647 2502 5701 σον.
2531 5646 2584 5702 ι.
2613 5645 2694 5715 5).
3663 5648 3675 5653 -

2345 5739 2400 5792 2.
2452 5737 2582 5792 Vide
2609 5734 2878 5807 quomodo
2907 5733 3002 5790 tibi
3045 5733 3219 5791 aultu't
3260 5733 3651 5806 ignobilitatem
3677 5729 3847 5787 smi—
