4096 6310
106 395 194 457 157

98 516 238 569 tutis.
283 512 434 568 Sicut
480 509 626 565 enim
672 508 758 572 is,
787 506 870 561 cui
917 514 1042 559 sunt
1082 505 1276 559 ablata:
1307 502 1545 570 pecunia:
1569 541 1585 567 ,
1614 500 1662 554 si

98 609 248 659 etiam
275 604 406 658 alias
432 600 646 656 dederit
682 599 734 653 ei
777 598 866 668 qui
895 596 1145 660 abstulit,
1175 611 1282 649 non
1313 592 1544 648 refertur
1585 592 1668 645 in-

97 705 178 751 ter
219 711 308 750 eos
335 692 530 763 quibus
577 699 662 744 est
687 687 959 752 ablatum,
1002 685 1097 740 sed
1141 685 1280 738 inter
1321 682 1574 736 liberales
1611 689 1668 734 et

98 783 425 854 magniﬁcos;
453 795 562 835 non
600 780 740 832 inter
761 792 857 832 eos
880 778 971 846 qui
1009 775 1148 828 male
1172 783 1297 827 sunt
1324 773 1502 826 allecti
1528 810 1544 833 ,
1571 769 1666 824 sed

102 878 233 928 inter
255 887 349 928 eos
372 871 462 941 qui
489 871 625 924 bene
639 868 844 922 l’a‘ciu'nt
864 885 879 932 ;
898 877 952 922 et
978 866 1097 935 plus
1121 865 1300 933 probri
1323 864 1375 917 in
1396 879 1517 917 cum
1539 877 1666 915 con-

98 966 251 1035 gessit
275 963 412 1033 quod
461 962 702 1027 donarit,
752 973 910 1030 quam
954 957 1152 1027 probro
1181 958 1297 1025 ipse
1335 955 1406 1008 sit
1447 952 1668 1008 allectus

98 1056 228 1124 quod
254 1055 353 1124 ipsi
389 1054 462 1108 sit
483 1053 725 1106 ablatum
752 1069 764 1104 :
796 1051 866 1104 ita
898 1050 984 1102 hic
1023 1064 1236 1117 quoque
1258 1064 1323 1101 cx
1371 1045 1665 1099 abundanti

97 1147 390 1217 erogatione
433 1143 717 1213 apparebit
759 1143 926 1196 etiam
967 1139 1281 1195 excelsioris
1350 1139 1557 1200 animi,
1612 1145 1668 1191 et

99 1239 376 1293 ostendens
405 1237 546 1306 quod
574 1235 814 1303 rapinam
854 1249 961 1286 non
991 1233 1220 1288 senserit
1245 1273 1259 1296 ,
1290 1232 1436 1285 illum
1465 1230 1669 1299 pudore

96 1329 303 1382 afﬁciet.
331 1326 473 1395 Ergo
504 1333 722 1393 propter
749 1319 1025 1376 Christum
1067 1321 1364 1382 serviamus
1391 1319 1626 1393 dominis
1645 1357 1663 1384 ,

97 1420 330 1480 'Scieutes,
364 1416 556 1486 inquit,
582 1413 719 1479 quod
737 1400 1082 1481 unusquisque
1100 1411 1234 1480 quod
1257 1411 1430 1478 fecerit
1455 1410 1661 1474 bonum,

95 1513 185 1562 nec
223 1509 425 1576 recipiet
469 1524 502 1559 ει
544 1505 770 1558 Domino
794 1547 808 1566 ,
841 1505 943 1556 sive
980 1512 1152 1556 servus
1179 1543 1194 1567 ,
1224 1502 1327 1555 sibe
1351 1501 1500 1554 liber.
1531 1499 1662 1552 Nam

95 1600 478 1668 quoniam-crat
501 1596 794 1650 verisimile
833 1591 1032 1650 multos
1061 1593 1309 1648 domhos
1331 1633 1347 1658 ,
1391 1605 1512 1645 cum
1557 1589 1664 1642 sint

101 1691 359 1756 inﬁdeles,
388 1689 596 1760 pudore
634 1703 739 1740 non
763 1685 940 1750 ‘al‘ﬁci;
974 1698 1075 1745 nec
1113 1696 1303 1740 servos
1331 1680 1660 1736 remunerari

95 1793 305 1850 propter
330 1779 732 1851 obedientiam;
766 1777 888 1831 vide
929 1775 1198 1844 quomodo
1236 1787 1332 1827 eos
1375 1774 1446 1826 sit
1469 1781 1663 1826 conso-

101 1877 226 1927 latus
245 1915 260 1938 ,
289 1882 343 1925 ut
376 1878 683 1939 suspectam
726 1884 832 1944 non
862 1868 1097 1921 habeam
1122 1865 1614 1919 remunerationem
1641 1884 1701 1928 -,--

98 1965 180 2019 sed
223 1964 374 2018 valde
401 1961 675 2017 conﬁdant
699 1952 1253 2027 tle-compensatione.
1297 1954 1366 2010 Ut
1393 1955 1536 2009 enim
1567 1953 1659 2022 qui

97 2055 344 2110 beneﬁcio
381 2053 692 2107 afﬁciuntur
713 2093 730 2118 ,
761 2050 975 2120 quando
1004 2065 1110 2104 non
1155 2050 1394 2103 referunt
1433 2047 1657 2116 gratiam

95 2142 514 2198 benefactoribus
537 2167 557 2208 ,
587 2142 667 2195 eis
717 2141 884 2194 Deum
931 2139 1131 2192 faciunt
1178 2136 1474 2192 debitorem
1521 2152 1536 2188 :
1587 2136 1657 2188 ita

96 2237 244 2286 etiam
287 2233 529 2299 demini,
558 2234 604 2286 si
645 2247 674 2283 a
708 2241 761 2285 te
800 2230 1062 2286 beneﬁcio
1106 2229 1283 2284 allecti
1314 2228 1406 2282 tibi
1431 2229 1656 2297 gratiam

98 2339 191 2375 non
217 2322 488 2388 referant,
518 2322 690 2390 magis
721 2322 958 2375 referunt
977 2363 994 2386 ,
1039 2320 1132 2373 tibi
1160 2319 1458 2373 debitorem
1490 2318 1655 2370 Deum

94 2415 484 2468 constituentes.
507 2412 565 2466 9.
584 2401 1202 2480 Etsos,dotnim,e_adem
1227 2411 1377 2478 facite
1399 2409 1523 2462 illis.
1551 2407 1658 2460 Ee-

92 2504 231 2565 dent,
259 2501 548 2572 quamam?
574 2501 783 2556 Servite
807 2516 932 2554 cum
979 2500 1380 2560 benevolentia,
1424 2498 1518 2551 sed
1549 2513 1654 2550 non

94 2593 244 2653 dixit,
286 2593 503 2646 Servit'e
523 2617 542 2656 δ
574 2591 782 2645 etiamsi
835 2592 1054 2656 dicens,
1085 2590 1275 2643 Eadem
1297 2631 1313 2653 ,
1357 2590 1460 2642 hoc
1487 2589 1656 2654 signi-

97 2686 317 2738 ﬁcaverit
341 2703 354 2738 :
387 2700 510 2738 nam
537 2684 789 2738 dominus
816 2698 1029 2753 quoque
1055 2681 1242 2736 servit.
1269 2681 1348 2735 Ne
1385 2690 1654 2741 tamquam

88 2775 352 2829 'studentts
381 2775 596 2844 placere
622 2774 935 2827 hominibus
959 2815 975 2839 ,
999 2774 1198 2842 inquit,
1225 2788 1348 2825 cum
1380 2772 1571 2826 timore
1595 2780 1656 2825 ‘et

91 2875 346 2930 tremore,
381 2866 432 2918 id
466 2874 582 2929 est,
613 2881 737 2933 erga
785 2864 955 2918 Deum
977 2906 994 2930 ,
1037 2866 1286 2918 timentes
1313 2877 1384 2917 ne
1410 2863 1531 2932 quis
1557 2879 1656 2914 vos

92 2967 289 3008 accuset
345 2966 566 3024 propter
624 2963 856 3009 vestram
909 2957 982 3022 in.
1015 2969 1202 3008 servos
1252 2954 1652 3023 negligentiam.

92 3032 401 3098 Retnittentes
429 3046 617 3098 minas.
647 3044 763 3097 Non
792 3044 1108 3114 importuni,
1142 3044 1314 3111 inquit
1338 3084 1352 3106 ,
1383 3053 1435 3096 et
1461 3050 1676 3108 graves

86 3143 268 3188 estote.
310 3136 540 3188 Scientes
571 3134 705 3202 quod
747 3144 907 3186 vester
951 3143 998 3186 et
1042 3133 1248 3186 illorum
1285 3131 1536 3183 Dominus
1577 3137 1656 3183 est

90 3226 139 3275 in
164 3225 289 3278 ccli:
310 3223 531 3293 (Hal-tit.
559 3210 613 3277 ῗ.
635 3222 692 3275 2.
720 3232 766 3276 et
792 3224 878 3277 18.
907 3221 1022 3290 52).
1047 3222 1235 3290 Papm,
1263 3233 1517 3289 quantum
1539 3225 1653 3274 rem

94 3313 466 3384 subindicavit!
497 3311 769 3382 quomodo
809 3311 1033 3365 terruit!
1069 3312 1180 3364 Hoc
1208 3319 1291 3363 est
1317 3352 1330 3374 ,
1362 3311 1477 3376 Qua
1501 3324 1655 3362 men-

91 3409 206 3456 Sura
231 3405 432 3458 metiris
456 3443 472 3467 ,
503 3402 695 3456 eadem
729 3403 820 3454 tibi
867 3401 1122 3456 reddetur
1149 3414 1420 3454 mensura.
1451 3399 1528 3452 Ne
1553 3415 1653 3452 au-

86 3494 196 3547 ‘dias
218 3535 234 3559 ,
255 3493 410 3549 Serve
435 3509 652 3562 nequam
671 3535 688 3559 ,
717 3508 866 3547 omne
905 3494 1038 3549 illud
1059 3494 1284 3546 debitum
1323 3493 1495 3546 remisi
1543 3492 1652 3546 tibi.

97 3586 152 3636 1ιί
181 3602 504 3653 personarum
529 3587 754 3654 acceptio
779 3595 881 3639 non
912 3596 989 3638 cst
1024 3586 1165 3654 apud
1187 3601 1326 3638 eum.
1356 3585 1435 3638 Ne
1463 3586 1654 3638 existi-

90 3692 196 3731 mes
216 3719 231 3743 ,
259 3678 427 3747 inquit
452 3719 468 3741 ,
496 3677 639 3746 quod
661 3693 780 3746 quae
810 3678 862 3731 in
890 3679 1106 3731 scﬂum
1134 3679 1269 3731 ﬁunt
1288 3719 1303 3743 ,
1339 3677 1575 3731 remittet
1599 3682 1657 3731 ut

95 3767 140 3819 in
166 3782 368 3821 servum
410 3767 574 3822 facta.
605 3766 737 3820 Nam
781 3778 1020 3828 externa:
1064 3767 1279 3836 quidem
1310 3769 1454 3836 leges
1481 3769 1658 3822 sciunt

98 3860 266 3914 horum
296 3876 557 3929 generum
587 3859 980 3923 diﬁ'érentiam',
1015 3868 1073 3913 ut
1102 3869 1222 3928 qua:
1247 3861 1356 3913 sint
1380 3861 1530 3929 leges
1553 3860 1654 3914 bo-

94 3952 274 4004 minum
304 3970 318 4004 :
347 3952 433 4007 lex
482 3962 662 4006 autem
695 3952 905 4005 Domini
929 3954 1236 4006 communis
1264 3954 1478 4020 nullam
1510 3954 1658 4008 novit

90 4040 450 4104 tliﬂerentiam,
483 4052 545 4096 ut
568 4043 658 4111 qui
677 4043 1035 4097 communiter
1057 4044 1310 4097 omnibus
1333 4044 1651 4110 benefaciat,

93 4139 143 4184 'et
166 4135 407 4186 omnibus
433 4133 622 4186 eadem
654 4134 944 4202 impertiat.

158 4209 233 4276 Ea:
259 4234 463 4292 peccato
489 4224 680 4293 factum
719 4211 892 4276 ιιιᾜίἱί
916 4224 1024 4277 lteri
1047 4265 1062 4289 ,
1209 4227 1339 4279 servi
1363 4236 1545 4279 essent.
1597 4226 1654 4281 Si

96 4315 199 4382 quis
219 4325 392 4369 autem
421 4326 575 4384 roget
601 4315 866 4370 undenam
904 4317 1171 4380 servitus,
1200 4327 1253 4370 et
1290 4334 1386 4371 cur
1411 4319 1653 4387 ingressa

91 4411 165 4458 ‘est
185 4406 233 4458 in
256 4407 416 4459 vitam
440 4407 728 4460 humanam
746 4405 888 4478 (scio
927 4409 1070 4462 enim
1093 4409 1292 4462 multos
1328 4418 1384 4464 et
1405 4409 1652 4464 lubenter

96 4493 197 4549 inec
209 4511 414 4566 rogare,
436 4505 491 4551 et
509 4498 646 4551 velle
667 4496 930 4568 discere);
949 4514 1050 4569 ego
1071 4500 1221 4553 vobis
1245 4500 1438 4554 dicam.
1461 4503 1652 4555 Avari-

99 4585 157 4635 tia
180 4587 378 4654 peperit
397 4587 736 4649 servitutem,
749 4603 956 4642 necnon
976 4590 1168 4643 invidia
1188 4598 1242 4644 et
1261 4591 1650 4646 insatiabilitas.

97 4673 208 4728 Nam
234 4675 348 4731 Noe
399 4693 506 4731 non
534 4677 727 4742 habuit
746 4689 960 4733 Servum
983 4723 998 4747 ,
1044 4698 1217 4752 neque
1263 4670 1398 4737 Abel
1428 4725 1443 4748 ,
1476 4687 1652 4755 neque

99 4764 206 4818 Scth
223 4809 238 4834 ,
258 4782 360 4822 nec
386 4769 420 4822 ii
448 4768 541 4838 qui
565 4770 781 4823 fuerunt
814 4776 1016 4840 postea.
1043 4770 1325 4828 Peccatum
1372 4790 1489 4828 eam
1511 4777 1516 4782 ’
1535 4791 1649 4830 rem

101 4862 316 4927 peperit,
342 4861 664 4916 contumelia
687 4863 740 4915 in
763 4866 1033 4933 parentes.
1056 4865 1288 4920 Audiant
1313 4867 1416 4920 'ﬁlii
1441 4883 1502 4922 se
1529 4883 1651 4938 esse

97 4949 259 5018 dignos
303 4952 393 5022 qui
424 4951 555 5006 ﬁant
592 4955 778 5018 servi,
809 4955 1023 5024 quando
1054 4958 1106 5010 in
1151 4966 1403 5026 parentes
1451 4959 1652 5015 fuerint

98 5042 290 5110 ingrati.
325 5045 428 5110 Qui
458 5055 542 5100 est
584 5047 883 5115 ejuStnodi,
927 5050 1028 5103 sibi
1071 5051 1291 5106 abstulit
1317 5053 1651 5111 nobilitatem

95 5138 328 5202 generis:
357 5152 481 5191 nam
511 5139 602 5207 qui
623 5141 1182 5209 patrem'coufumelia
1209 5145 1372 5200 allicit
1391 5189 1406 5211 ,
1435 5161 1540 5202 non
1566 5158 1653 5208 est

99 5228 304 5297 amplius
332 5228 492 5283 ﬁlius.
539 5229 596 5284 Si
626 5245 756 5284 vero
785 5232 876 5301 qui
924 5244 1128 5303 patrem
1161 5238 1479 5293 :ontume'lia
1525 5239 1636 5292 alii;

96 5316 168 5378 cit,
190 5332 296 5374 non
315 5330 398 5374 est
416 5319 596 5386 ﬁlius;
619 5325 709 5390 qui
729 5323 1056 5378 contumelia
1084 5326 1246 5380 allicit
1265 5342 1388 5382 eum
1410 5329 1500 5398 qui
1526 5343 1651 5385 vero

92 5415 161 5460 est
191 5420 344 5480 pater
387 5422 578 5466 noster
601 5453 618 5476 ,
649 5413 924 5480 quomodo
943 5415 1048 5467 erit
1073 5414 1252 5470 ﬁlius?
1299 5418 1572 5474 descendit
1619 5437 1648 5475 a

97 5503 278 5562 generis
299 5502 585 5557 nobilitate
602 5541 618 5566 ,
643 5513 887 5558 naturam
909 5503 1087 5560 aﬁecit
1117 5510 1460 5563 contumelia.
1494 5510 1652 5565 Dein-

93 5588 150 5668 tle
169 5601 215 5646 et
237 5593 381 5649 bella
405 5602 462 5648 et
491 5593 680 5663 pr.clia»
701 5605 960 5664 ceperunt
987 5599 1252 5666 captivos.
1286 5603 1354 5652 At
1380 5600 1647 5655 Abraham

94 5674 248 5739 hbuit
295 5701 528 5751 servos,
573 5686 763 5755 inquit.
790 5686 899 5741 Sed
952 5703 1056 5742 non
1102 5704 1232 5744 usus
1256 5701 1340 5745 est
1369 5703 1426 5745 ut
1453 5694 1648 5748 servis.

100 5759 209 5830 "ide
249 5777 524 5848 quomodo
570 5778 752 5832 omnia
802 5779 958 5848 capiti
1016 5791 1285 5852 tamquam
1339 5783 1651 5854 appeudcns

922 390 990 446 IN
1028 389 1244 446 EPIST.
1286 388 1378 444 AD
1417 382 1658 443 senis.
1696 385 1852 442 cae.
1900 345 2002 443 vt.
2029 381 2260 444 HDMIL.
2301 389 2466 445 χχιι.

1768 501 1987 571 adaptet
2013 523 2026 556 :
2053 519 2278 560 uxorem
2298 547 2314 570 ,
2338 505 2412 561 Ut
2437 517 2592 572 eam,
2623 507 2824 578 inquit,
2848 510 3066 581 diligat;
3097 500 3254 580 ﬁlios,
3283 515 3352 572 Ut

1769 593 2119 646 cosenutriat
2147 595 2198 647 in
2220 594 2503 664 disciplina
2541 606 2599 652 ct
2627 600 2994 656 admonitione
3021 603 3228 662 D‘otnini
3253 621 3270 670 ς
3299 617 3354 660 et

1769 695 1973 746 servos,
2008 683 2240 738 Seianus
2282 685 2420 753 qaut!
2445 699 2610 741 vester
2655 705 2854 760 quoque
2900 690 3157 754 Dominus
3176 705 3250 748 est
3275 697 3351 749 ’ὅτι

1766 777 1924 830 caelis.
1959 775 2050 832 Sic
2069 818 2084 842 ,
2129 778 2340 846 inquit,
2368 782 2464 833 ros
2503 797 2751 851 quoque,
2789 795 2844 835 ut
2865 784 2974 852 ..ιιιιί
3015 785 3134 839 sitis
3159 789 3300 841 servi
3329 829 3347 854 ,

1765 865 1885 917 sitis
1903 865 2114 934 benigni
2133 876 2186 919 et
2208 868 2500 922 clementes
2516 880 2566 922 et
2589 872 2836 940 propensi
2858 873 2923 924 ad
2947 873 3351 941 ignosmudum.

1767 953 1825 1007 Si
1855 965 2032 1008 autem
2063 956 2222 1008 vultis
2261 957 2480 1022 audire,
2510 945 2698 1013 eadem
2741 962 2986 1016 dicemus
3023 963 3092 1017 de
3133 965 3304 1018 servis
3331 1006 3353 1034 ,

1766 1055 1886 1115 quae
1909 1047 2057 1116 prius
2085 1049 2319 1103 diximus
2347 1051 2416 1102 de
2444 1049 2569 1104 ﬁliis
2593 1068 2607 1103 :
2657 1052 2852 1106 Docete
2879 1067 2976 1108 eos
3002 1069 3127 1110 esse
3153 1058 3270 1124 pios
3297 1059 3353 1111 et

1766 1136 2082 1205 religiosos;
2107 1145 2163 1190 et
2187 1140 2407 1192 omnino
2431 1149 2734 1209 sequuntur
2759 1143 2962 1195 omnia.
2988 1144 3139 1198 Nunc
3169 1158 3348 1202 autem

1765 1225 2074 1283 asccudens
2091 1229 2356 1298 quispiam
2383 1230 2434 1284 itt
2470 1232 2739 1286 theatrum
2769 1275 2784 1298 ,
2813 1243 2864 1286 et
2912 1237 3113 1289 vadens
3140 1237 3206 1290 ad
3239 1238 3354 1292 bal-

1767 1332 1925 1370 neum
1951 1359 1967 1383 ,
1999 1329 2184 1372 secum
2243 1319 2409 1373 trahit
2455 1335 2644 1375 omnes
2695 1338 2930 1391 pueros;
2963 1343 3014 1378 tn
3063 1330 3348 1382 ecclesiam

1764 1421 1943 1464 autem
1975 1425 2081 1464 non
2111 1411 2238 1464 item
2256 1453 2278 1474 .,
2313 1417 2490 1481 neque
2529 1415 2674 1484 cogit
2700 1429 2796 1470 eos
2823 1416 3012 1471 adesse
3057 1429 3110 1470 et
3137 1421 3347 1473 audire.

1765 1499 2046 1566 Quomodo
2065 1511 2258 1556 autem
2275 1504 2456 1558 audiet
2480 1520 2688 1569 servus,
2713 1522 2835 1560 cum
2864 1509 2922 1561 tu
2952 1509 3202 1570 dominus
3227 1512 3352 1567 aliis

1765 1591 2009 1643 animum
2039 1592 2336 1646 adhibeas?
2361 1594 2550 1648 Emisti
2575 1621 2591 1660 δ
2616 1599 2938 1664 comparasti
2970 1612 3182 1653 servum
3205 1601 3229 1652 ?
3253 1602 3351 1654 im-

1763 1695 1893 1749 pera
1920 1682 1968 1733 ei
2000 1697 2118 1750 qua:
2145 1696 2210 1736 ex
2237 1684 2349 1737 Deo
2379 1693 2540 1751 sunt,
2572 1695 2631 1759 ut
2660 1687 2732 1740 sit
2761 1688 2907 1741 utilis
2939 1689 2991 1741 iu
3019 1705 3347 1759 conservos,

1764 1779 1821 1822 ut
1853 1770 2066 1823 virtutis
2099 1785 2348 1840 magnam
2377 1771 2570 1827 habeat
2590 1757 2882 1830 ~rationem.
2917 1757 3352 1851 Uniuscnjusque

1760 1857 1954 1917 domus
1983 1870 2067 1914 est
2109 1861 2298 1914 civitas
2318 1901 2335 1926 ,
2368 1863 2735 1934 unusquisque
2759 1872 2842 1918 est
2870 1865 3122 1938 princeps
3163 1880 3217 1924 et
3262 1888 3347 1926 re—

1758 1957 1878 2004 ctor
1901 1963 2014 2004 suae
2051 1950 2262 2006 domus.
2311 1952 2380 2006 Et
2410 1953 2463 2008 id
2487 1955 2706 2024 quidem
2735 1967 2818 2010 est
2849 1945 3072 2029 evidens
3102 1961 3155 2014 in
3183 1963 3347 2018 domo

1759 2039 1980 2094 divitum
2001 2073 2018 2106 ,
2054 2041 2140 2094 ubi
2167 2052 2293 2095 sunt
2317 2052 2371 2097 et
2398 2045 2509 2113 agri
2541 2054 2595 2098 et
2621 2058 2999 2114 procuratores
3023 2061 3077 2105 et
3105 2053 3345 2121 pra-fecti

1758 2144 1918 2200 supra
1949 2132 2268 2200 prml'ectos:
2299 2150 2399 2203 ego
2418 2146 2596 2192 autem
2619 2138 2782 2191 etiam
2805 2139 3024 2194 domum
3049 2157 3344 2212 pauperum

1756 2221 1879 2276 dico
1904 2238 2026 2278 esse
2052 2225 2344 2279 civitatem.
2373 2226 2512 2282 Sunt
2542 2230 2686 2283 enim
2718 2230 2806 2284 hic
2832 2246 3046 2302 quoque
3075 2236 3346 2305 principa-

1759 2320 2101 2383 tusz'utputa,
2135 2319 2355 2370 maritus
2388 2319 2742 2388 principatum
2773 2323 2978 2378 obtinet
3008 2327 3060 2380 in
3097 2344 3339 2393 uxorem,

1757 2412 1893 2458 uror
1907 2406 1957 2458 in
1969 2420 2170 2472 servos,
2191 2407 2330 2472 servi
2348 2409 2399 2462 in
2417 2425 2610 2464 uxores
2625 2427 2768 2464 suas:
2787 2429 2972 2467 rursus
2989 2415 3083 2469 viri
3102 2427 3154 2471 et
3169 2420 3351 2474 mulie-

1758 2511 1844 2548 res
1865 2496 1918 2548 in
1945 2512 2159 2566 pueros;
2181 2500 2372 2553 Annon
2391 2501 2484 2554 tibi
2516 2501 2729 2556 videtur
2747 2518 2869 2558 esse
2889 2506 3051 2560 veluti
3078 2523 3170 2562 rex
3200 2511 3348 2579 quis-

1757 2588 1919 2655 piant,
1937 2603 2058 2641 cum
2080 2597 2157 2643 tot
2174 2589 2365 2644 habeat
2376 2590 2477 2645 sibi
2495 2593 2764 2670 subjectos
2782 2596 3083 2667 principes;
3103 2610 3158 2654 et
3177 2616 3345 2670 opor-

1759 2688 1872 2735 teat
1897 2693 2020 2735 cum
2049 2696 2170 2735 esse
2198 2682 2446 2735 omnium
2488 2669 2869 2752 peritissimum
2907 2669 3346 2748 administrandae

1753 2769 1948 2824 domus
1966 2779 2021 2823 et
2041 2772 2300 2825 civitatis?
2321 2772 2453 2828 Nam
2471 2775 2837 2843 quiscit-varie
2855 2787 2911 2834 et
2928 2781 3238 2838 differenter
3261 2785 3346 2840 his

1758 2864 1854 2929 uti,
1874 2864 1976 2918 scit
1996 2870 2155 2932 aptos
2181 2867 2380 2935 eligere
2403 2869 2694 2937 principes,
2716 2880 2771 2924 et
2789 2872 3002 2940 quidem
3025 2874 3180 2944 eliget
3202 2892 3344 2945 prte-

1755 2955 1951 3007 claros.
1983 2955 2125 3024 Ergo
2163 2972 2298 3027 uxor
2321 2958 2429 3010 erit
2454 2959 2600 3012 domi
2637 2974 2732 3014 rex
2759 2962 2899 3016 alius
2924 3003 2940 3027 ,
2971 2964 3190 3034 dempto
3220 2966 3342 3020 dia.
3387 3012 3389 3016 .

1756 3045 2012 3097 demate:
2061 3046 2154 3113 qui
2203 3048 2305 3099 scit
2351 3046 2492 3100 lumc
2521 3065 2698 3118 regem
2729 3052 2968 3120 eligere,
3014 3055 3118 3108 alia
3163 3059 3344 3113 omnia

1761 3143 1910 3189 recte
1953 3143 2104 3204 reget
2138 3146 2191 3189 et
2221 3137 2576 3205 dis'penSabit.
2607 3141 2696 3196 10.
2729 3140 2808 3195 De
2859 3155 3040 3199 calere
3063 3186 3078 3212 ,
3120 3148 3294 3218 inquit
3319 3180 3343 3217 ι

1763 3228 1969 3295 fratres,
1998 3228 2368 3296 confortamini'
2388 3230 2440 3279 in
2469 3227 2712 3284 Domino.
2741 3227 2967 3299 Quando
2998 3236 3232 3292 ﬁnienda
3257 3248 3346 3295 est

1762 3318 1936 3370 oratio
1963 3358 1977 3379 ,
2008 3317 2109 3369 hoc
2135 3319 2294 3370 modo
2316 3328 2534 3388 semper
2558 3323 2743 3378 utitur.

1829 3408 1884 3462 3.
1925 3408 2116 3460 Annon
2149 3417 2294 3463 recte
2318 3410 2561 3464 dicebam
2589 3413 2658 3466 ab
2683 3415 2836 3480 initio
2857 3448 2874 3483 δ
2906 3419 3346 3488 qttod‘uniuscué-

1754 3497 1946 3567 jusque
1970 3497 2162 3552 domus
2202 3500 2271 3552 sit
2298 3499 2504 3569 integer
2527 3505 2836 3561 exercitus?
2868 3508 3009 3584 Ecce
3037 3515 3185 3568 enim
3227 3531 3348 3570 our-

1759 3591 1915 3644 nibus
1939 3592 2244 3647 constitutis
2276 3594 2657 3664 principatibus
2677 3614 2817 3664 ,-cos
2855 3602 3110 3675 deinceps
3136 3619 3310 3663 armat
3328 3649 3344 3675 ,

1757 3691 1814 3734 et
1860 3681 2042 3736 educit
2067 3683 2134 3736 a‘d
2167 3684 2390 3739 bellom.
2431 3686 2565 3741 Nam
2594 3689 2639 3742 si
2683 3706 2843 3746 nemo
2871 3696 3096 3764 arripiat
3124 3700 3346 3756 alterius

1761 3772 2114 3841 principatum
2135 3814 2151 3837 ,
2179 3776 2274 3829 sed
2307 3780 2670 3848 unusquisque
2712 3794 2927 3838 maneat
2954 3787 3007 3839 itt
3041 3788 3160 3844 loco
3199 3806 3299 3844 suo
3321 3824 3338 3858 -,

1756 3865 1935 3918 Omnia
1966 3874 2109 3920 recte
2158 3867 2451 3922 habebunt.
2481 3871 2880 3941 Confertamini,
2914 3877 3113 3947 inquit,
3153 3883 3207 3934 iu
3234 3882 3346 3936 Da-

1760 3958 1898 4009 mino
1917 3987 1935 4023 δ
1963 3968 2010 4011 et
2051 3958 2104 4011 iu
2128 3961 2355 4029 patentia
2395 3964 2590 4016 virtutis
2616 3967 2728 4034 ejus
2748 3982 2768 4022 :
2794 3966 2898 4022 ltoc
2926 3981 3040 4030 est.
3070 3972 3122 4025 in
3153 3987 3251 4042 8pc
3291 3977 3344 4031 in

1763 4047 1938 4115 ipsum
1970 4063 2067 4117 per
2093 4049 2211 4118 ejus
2239 4052 2520 4105 auxilium.
2549 4053 2679 4107 Nam
2703 4058 2954 4124 quoniam
2987 4061 3154 4116 multa
3183 4064 3347 4133 jussit

1761 4153 1880 4206 qua
1908 4138 2025 4192 ﬁeri
2051 4135 2351 4219 oporteret,
2381 4141 2585 4209 Nolite,
2615 4145 2821 4214 inquit,
2854 4149 3044 4205 timere
3062 4193 3077 4217 ,
3108 4167 3259 4221 Spem
3287 4157 3343 4211 in

1764 4227 2047 4282 Dominum
2078 4229 2331 4299 conjicite
2352 4272 2368 4296 ,
2401 4242 2454 4286 et
2483 4233 2662 4287 omnia
2693 4235 2881 4291 reddet
2908 4238 3103 4295 facilia.
3145 4244 3234 4298 ll.
3272 4240 3345 4302 Et

1759 4317 1958 4371 induite
1983 4335 2070 4372 vos
2115 4331 2430 4374 armaturam
2473 4322 2592 4389 Dei,
2625 4334 2681 4377 ut
2705 4328 2910 4395 possitis
2936 4339 3074 4384 stare
3100 4334 3344 4391 adversus

1759 4409 1975 4500 insidias
1999 4410 2208 4464 diaboli.
2239 4412 2370 4493 Non.
2397 4413 2564 4478 dixit,
2595 4416 2869 4473 Adversus
2898 4428 3133 4490 pugnas,
3165 4441 3363 4500 neque,

1759 4492 2018 4555 adversus
2045 4502 2184 4556 bella
2210 4545 2225 4568 ,
2251 4504 2347 4558 sed
2366 4492 2387 4567 ν.
2422 4504 2675 4561 Adversus
2715 4510 2927 4565 insidias
2947 4531 2966 4565 :
2998 4526 3172 4586 neque
3195 4492 3340 4573 enim

1761 4595 1973 4649 incaute
1997 4603 2053 4650 et
2074 4606 2260 4665 aperte
2280 4597 2556 4652 nobiscum
2580 4597 2776 4654 bellum
2797 4604 2937 4670 gerit
2957 4605 3223 4671 inimicus.
3246 4613 3344 4668 sed

1760 4703 1823 4741 ex
1873 4687 2100 4741 insidiis.
2136 4684 2391 4754 'Qnid’est
2415 4699 2594 4744 autem
2620 4695 2881 4756 μιθοδιεαῖ
2923 4688 3218 4756 uiscatos“.
3259 4714 3345 4759 est

1759 4777 2008 4846 decipere
2023 4803 2046 4843 -,
2075 4785 2132 4831 et
2159 4782 2256 4847 per
2282 4777 2561 4834 machinas
2600 4795 2793 4848 capere
2819 4800 2834 4836 :
2863 4785 3006 4853 quod
3035 4789 3251 4857 quidem
3280 4789 3344 4848 ﬁt

1759 4876 1815 4922 ct
1855 4869 1908 4922 in
1934 4868 2218 4931 artibus-,et
2248 4870 2302 4921 in
2328 4868 2676 4934 orationibus,
2705 4872 2821 4925 etin
2867 4873 3022 4928 factis
3047 4920 3060 4938 .
3093 4890 3148 4934 et
3175 4881 3228 4934 in
3260 4882 3347 4936 lu-

1755 4971 1846 5016 cta
1867 5002 1883 5024 ,
1913 4975 2011 5029 per
2036 4974 2132 5013 eos
2151 4959 2242 5028 qui
2269 4972 2370 5014 nos
2392 4960 2675 5015 seducunt.
2710 4958 2948 5032 Exempli
2973 4981 3136 5039 causa
3163 4970 3286 5026 dico
3322 4991 3340 5028 :

1761 5068 2051 5123 numquam
2076 5062 2257 5120 aperta
2303 5054 2555 5121 proponit
2584 5065 2799 5123 peccata
2824 5073 2841 5110 :
2870 5074 2975 5112 non
3005 5060 3135 5116 dicit
3165 5064 3342 5127 idolo-
3397 5043 3402 5050 l

1760 5143 1972 5198 latriam
2003 5158 2099 5197 seu
2141 5144 2342 5197 cultum
2374 5143 2639 5198 idolorum
2659 5186 2677 5211 ,
2722 5147 2816 5201 sed
2846 5149 3004 5205 aliter
3043 5152 3095 5206 id
3127 5155 3345 5211 instruit

1759 5253 1826 5292 ex
1874 5235 2116 5303 insidiis,
2163 5236 2268 5291 hoc
2310 5247 2428 5303 est,
2471 5237 2811 5306 probabilem
2863 5242 3093 5298 reddens
3145 5250 3348 5303 oratio-

1761 5343 1882 5382 nem
1908 5369 1923 5392 ,
1955 5338 2012 5381 et
2063 5336 2220 5381 utens
2270 5327 2579 5384 involucris.
2608 5329 2721 5384 Hoc
2762 5347 2892 5401 ergo
2939 5337 3100 5390 modo
3133 5340 3343 5394 excita-

1759 5419 1836 5472 vit
1879 5419 2114 5485 milites,
2143 5427 2199 5472 et
2247 5418 2424 5474 eﬂ'ecit
2452 5430 2511 5473 ιιι
2554 5431 2736 5475 essent
2773 5424 2978 5490 sobrii,
3010 5431 3345 5496 persuadens

1762 5518 1817 5562 et
1845 5509 2047 5562 docens
2074 5509 2319 5576 prazlium
2349 5511 2507 5564 nobis
2538 5511 2826 5567 ineundum
2852 5517 3114 5574 adversus
3145 5523 3220 5575 rei
3239 5524 3356 5580 bet-

1757 5600 1877 5654 licze
1899 5601 2128 5671 peritum
2154 5610 2208 5654 et
2234 5615 2339 5654 non
2363 5603 2572 5657 incaute
2599 5619 2698 5658 nec
2721 5619 2908 5675 aperte
2930 5610 3126 5664 bellum
3151 5630 3347 5682 geren-

1759 5703 1890 5760 tem,
1913 5692 2007 5747 sed
2035 5709 2100 5746 ex
2129 5693 2334 5748 insidiis
2359 5703 2414 5749 et
2441 5697 2742 5752 methodica
2769 5700 2996 5756 ratione.
3027 5701 3096 5756 Et
3115 5706 3343 5774 primum

1759 5787 1827 5840 ab
1849 5785 1965 5854 ejus
1993 5795 2129 5851 arte,
2162 5787 2399 5840 secundo
2426 5803 2452 5840 a
2490 5796 2674 5842 natura
2705 5798 2758 5844 et
2786 5790 3126 5849 multitudine
3148 5797 3345 5854 excitat
