4096 6310
744 329 846 384 lii!)

1462 324 1519 378 S.
1557 319 1831 378 JOANNlS
1851 311 2335 375 αιιιγεοετυω
2375 312 2692 374 “lculi-3P.
2730 317 3261 375 CONSTANTINOP.

3893 324 3987 379 160

741 440 1050 509 discipuios.
1086 435 1286 492 Nolens
1327 433 1560 502 dejicere
1589 433 1815 497 milites,
1836 431 1932 500 qui
1961 443 2144 485 secum
2168 433 2317 480 stant
2422 427 2566 481 rint:
2599 443 2721 482 nam
2758 429 2910 485 multi
2937 429 3075 486 hanc
3099 431 3276 500 adepti
3306 433 3579 489 victoriam
3621 451 3804 509 rursus
3842 441 3985 504 essi-

744 502 1005 586 odversus
1036 531 1238 602 ipsum,
1270 525 1362 580 sed
1389 525 1629 579 excitare
1653 534 1706 578 et
1731 524 1938 592 erigere
1958 560 1976 585 ,
2005 519 2140 574 dixit
2172 528 2316 572 astu-
2414 517 2631 574 deruut.
2663 521 2943 588 Omnibus,
2972 522 3141 593 inquit
3163 564 3177 587 ,
3197 526 3444 594 confectis
3468 543 3488 581 :
3515 541 3620 582 non
3767 502 3982 598 quidem

747 625 851 677 tias
889 631 950 676 et
989 619 1204 674 subtilia
1254 617 1484 686 cogitata
1505 655 1520 679 ,
1553 624 1606 670 et
1652 613 1829 668 eﬂecit
1872 621 1930 666 ut
1975 612 2082 666 sint
2125 607 2312 662 sobrii.

749 710 882 768 Nam
924 711 971 766 si
1010 710 1182 764 solum
1211 707 1440 762 narratis
1469 721 1652 761 eorum
1703 703 1902 757 viribus
1939 701 2098 756 linem
2139 699 2311 768 impo-

743 805 941 860 suisset
977 801 1204 858 orationi
1229 839 1246 865 ,
1265 815 1360 854 eos
1387 797 1703 868 deiecisset:
1734 795 1778 850 si
1805 803 1981 848 autem
2003 803 2058 847 et
2078 802 2233 847 antea
2260 797 2313 844 et

739 905 922 965 pos-tu
944 890 1180 949 ostinulit
1203 906 1326 946 eum
1350 902 1506 960 posse
1527 887 1644 955 capi
1671 895 1728 941 et
1749 883 2059 955 expugnari,
2076 896 2172 938 eos
2200 896 2314 933 ma-

745 986 830 1054 gis
854 983 1073 1037 excitat.
1123 979 1256 1036 Nam
1295 980 1433 1033 vires
1472 975 1899 1032 adversariorum
1937 989 2047 1043 quo
2087 988 2118 1026 a
2159 970 2312 1026 nobis

740 1073 977 1143 apertius
1022 1068 1396 1126 renuntiantur
1441 1067 1670 1129 nostris,
1701 1081 1768 1119 eo
1824 1073 2038 1119 nostros
2079 1060 2311 1115 reddunt

733 1162 1124 1234 diligentiores.
1183 1159 1270 1216 13.
1323 1158 1605 1226 Quoniam,
1651 1156 1858 1224 inquit,
1905 1171 2005 1209 non
2049 1162 2120 1207 est
2169 1151 2310 1206 nobis

737 1255 1025 1312 colluctatio
1052 1251 1290 1307 adversus
1315 1250 1609 1319 sanguinein
1651 1255 1698 1301 et
1723 1260 1927 1300 corneus
1945 1285 1964 1309 ,
1993 1238 2087 1298 sed
2123 1243 2307 1296 adrer-

735 1364 824 1402 sns
847 1344 1099 1418 principes
1117 1353 1163 1396 et
1195 1349 1461 1410 potestates
1481 1379 1496 1403 ,
1522 1338 1761 1391 adversus
1787 1334 1964 1388 utendi
1988 1343 2204 1401 rectqm
2229 1339 2304 1383 te-

737 1439 1002 1490 nebrarum
1019 1433 1199 1485 Icarum
1217 1471 1235 1498 ,
1255 1439 1431 1484 eorum
1449 1426 1742 1496 spiritantia
1770 1425 2005 1492 nequitia:
2019 1423 2075 1476 in
2097 1419 2309 1475 celesti-

736 1531 845 1582 bus.
876 1524 1161 1595 Postquam
1184 1538 1215 1576 a
1233 1534 1436 1593 genere
1463 1534 1647 1589 pugni:
1676 1517 1920 1572 hortatus
1947 1523 2030 1570 est
2049 1553 2064 1578 ,
2098 1511 2296 1566 deinde

734 1634 763 1670 a
811 1615 1042 1685 paeanis
1081 1611 1366 1684 propositis
1403 1623 1498 1664 eos
1537 1609 1758 1663 excitat.
1801 1602 2126 1672 Quomodo?
2168 1600 2306 1656 Cum

733 1706 960 1762 dixisset
987 1704 1168 1758 hostes
1209 1716 1333 1756 esse
1380 1702 1756 1762 vehementes,
1785 1695 2058 1766 subiunxit
2083 1709 2180 1749 eos
2205 1707 2306 1749 nos

740 1797 947 1866 tongnis
964 1795 1189 1864 privare.
1209 1791 1533 1859 Quibusnam
1549 1788 1574 1842 ?
1589 1788 1766 1859 Pugna
1790 1788 1944 1842 estin
1960 1785 2259 1841 celestibus
2283 1801 2301 1838 :

738 1907 844 1943 nun
867 1895 1102 1943 certatur
1129 1899 1224 1954 pro
1265 1881 1500 1953 pecuniis
1524 1921 1539 1945 ,
1568 1895 1673 1934 non
1704 1894 1800 1948 pro
1832 1877 2028 1947 gloria,
2059 1875 2155 1930 sed
2184 1889 2306 1930 cer-

735 1989 876 2033 tatur
903 1993 973 2032 ue
1021 1974 1324 2046 redigamur
1373 1973 1424 2026 in
1456 1969 1778 2026 servitutem
1826 1977 1880 2024 et
1921 1967 2300 2036 captivitatem.

731 2069 1087 2138 Quamobrem
1131 2062 1419 2120 inimicitia:
1460 2070 1586 2117 sunt
1628 2058 2140 2115 irreconciliabiles:
2169 2070 2303 2110 con-

733 2160 901 2214 tentio
927 2168 981 2212 et
1011 2170 1181 2226 pnigea
1207 2163 1290 2210 est
1323 2150 1693 2206 vehementior
1715 2189 1734 2215 ,
1762 2148 1972 2219 quando
1999 2162 2094 2217 pro
2137 2146 2303 2202 rebus

736 2254 938 2319 magnis
963 2246 1246 2316 suscipitur
1268 2263 1282 2298 :
1311 2243 1440 2299 illud
1471 2244 1608 2296 enim
1632 2281 1648 2306 ,
1693 2238 1760 2294 Iit
1787 2238 2068 2294 calcaribus
2091 2278 2107 2304 ,
2133 2236 2300 2306 signi-

735 2344 860 2394 llcat
880 2380 896 2405 ,
928 2334 1382 2408 procaslestibus.
1430 2330 1545 2387 Non
1578 2339 1636 2385 ut
1675 2330 1773 2399 ipsi
1817 2328 2092 2383 victoriam
2121 2324 2298 2396 adepti

733 2430 930 2499 aiiquid
959 2437 1385 2496 cuiust-quatitur,
1416 2423 1509 2479 sed
1529 2433 1589 2476 ut
1614 2437 1709 2474 nos
1737 2420 1962 2489 privent.
1995 2416 2062 2474 Ut
2083 2417 2130 2472 si
2156 2417 2303 2471 dice-

735 2530 849 2584 ret,
877 2527 1086 2590 pactum
1139 2525 1458 2571 conuentum
1506 2521 1588 2567 est
1637 2512 1688 2565 in
1732 2509 1911 2577 aliquo
1935 2547 1950 2572 ,
1985 2506 2110 2562 illud
2138 2505 2191 2559 in
2219 2513 2302 2560 est

733 2625 858 2680 pro,
888 2617 942 2663 et
971 2608 1022 2661 in
1062 2613 1145 2662 est
1171 2615 1395 2675 prapter.
1427 2600 1559 2656 Vide
1603 2597 1869 2671 quomodo
1913 2597 2054 2651 vires
2099 2594 2300 2649 inimici

731 2714 830 2754 nos
875 2700 1143 2757 excitant.
1192 2704 1248 2751 et
1291 2693 1494 2749 faciunt
1522 2702 1576 2747 ut
1607 2692 1773 2745 simus
1799 2680 2007 2754 sobrii,
2044 2700 2116 2742 eo
2158 2684 2301 2755 quod

647 2835 652 2844 .
729 2790 959 2844 sciamus
991 2787 1058 2841 de
1086 2786 1248 2841 rebus
1276 2784 1480 2853 magnis
1509 2795 1631 2836 esse
1659 2779 1947 2850 periculum
1967 2816 1983 2841 ,
2011 2787 2065 2831 et
2087 2775 2156 2831 de
2183 2789 2298 2829 ma-

728 2880 849 2950 gnis
876 2880 988 2934 fore
1020 2878 1296 2933 victoriam
1322 2893 1336 2928 :
1367 2873 1543 2929 studet
1565 2872 1704 2926 enim
1736 2884 1835 2924 nos
1860 2884 1890 2924 e
1913 2866 2047 2922 ca-lo
2075 2865 2293 2935 ejicere.

729 2973 999 3038 Quos-tam
1045 2969 1173 3023 dicit
1199 2964 1469 3038 principes
1505 2973 1560 3018 et
1590 2969 1876 3031 potestates
1907 2967 1965 3013 et
2004 2955 2187 3011 mundi
2214 2969 2300 3011 reo

730 3076 908 3118 ctores
934 3061 1095 3131 hujus
1119 3059 1299 3114 surculi
1331 3055 1666 3111 tenebrarum
1696 3055 1879 3105 liarunt
1899 3051 1924 3102 2'
1947 3061 2298 3119 quarumnam

730 3150 1114 3218 tenebrarum?
1145 3145 1399 3218 numquid
1431 3142 1644 3198 noctis?
1671 3140 2046 3208 Nequaquam,
2073 3137 2168 3190 sed
2198 3150 2297 3190 ne-

729 3245 954 3314 quitim;
998 3241 1223 3295 Eminus
1265 3242 1448 3298 enirn,
1497 3233 1695 3304 inquit,
1737 3225 2020 3300 aliquando
2063 3225 2300 3281 tenebra

729 3333 944 3404 (ἔρια.
976 3333 1030 3388 5.
1060 3332 1153 3401 8);
1183 3326 1468 3400 nequitiam
1512 3325 1693 3380 dict-ns
1718 3330 1773 3376 et
1813 3319 2149 3390 prasitatem,
2182 3331 2299 3386 qu:e

728 3424 884 3480 estin
907 3421 1009 3477 vita
1031 3418 1300 3492 presenti.
1322 3416 1436 3472 Non
1458 3413 1675 3470 habebit
1692 3412 1832 3467 enim
1855 3410 2078 3466 ulterius
2096 3408 2292 3474 locum,

730 3532 836 3572 non
861 3515 916 3569 in
939 3514 1073 3570 celo
1093 3553 1109 3578 ,
1141 3527 1246 3566 non
1274 3510 1326 3566 in
1358 3505 1553 3563 sarculo
1579 3505 1778 3560 futuro.

805 3605 1031 3662 "nudus
1058 3604 1113 3657 in
1161 3601 1432 3669 Scriptura
1479 3596 1638 3650 titulos
1666 3593 1892 3648 homines
1919 3588 2193 3661 aliquando
2222 3588 2297 3642 si-

729 3698 960 3769 gniﬁcat.
995 3722 1067 3736 -
1091 3692 1198 3748 Eos
1224 3699 1400 3744 autem
1425 3687 1557 3742 dicit
1580 3684 1758 3738 mundi
1788 3693 2024 3738 rectores
2047 3720 2062 3746 ,
2095 3695 2200 3733 non
2241 3687 2300 3734 ut

728 3789 820 3857 qui
851 3786 902 3839 in
943 3781 1142 3839 mundo
1171 3774 1443 3835 obtineant
1471 3777 1829 3836 dominatum,
1859 3772 1953 3827 sed
1999 3771 2141 3842 quod
2182 3785 2297 3824 nia-

733 3879 906 3931 lorum
936 3887 1158 3943 oin-rum
1185 3870 1292 3924 sint
1315 3881 1506 3923 causa.
1553 3865 1682 3918 Nam
1715 3863 2136 3918 hunc-mundum
2163 3860 2300 3914 solet
2332 3877 2337 3881 ·

730 3966 1002 4036 Sen'ptura
1047 3959 1316 4031 appellare
1360 3955 1647 4011 sceleratas
1688 3953 1960 4014 actiones;
1989 3948 2298 4019 utqunndo

730 4055 861 4112 dicit
883 4052 1129 4109 Christus
1155 4090 1170 4114 ,
1213 4048 1311 4101 Vos
1338 4062 1440 4101 non
1467 4044 1585 4099 estis
1613 4059 1676 4098 ea:
1701 4043 1797 4097 hoc
1818 4041 2026 4106 mundo,
2057 4039 2186 4094 sicut
2205 4055 2296 4108 ego

734 4163 835 4200 non
860 4161 972 4200 sum
1001 4160 1062 4197 ex
1090 4140 1299 4195 oomdo.
1330 4136 1514 4192 Nonne
1561 4144 1712 4191 erant
1740 4149 1802 4189 es
1851 4119 2090 4188 mundo?
2119 4144 2296 4186 nonne

729 4248 894 4290 carne
921 4242 1072 4288 erant
1094 4227 1443 4285 circumdati?
1471 4240 1646 4280 nonne
1680 4231 1833 4280 erant
1856 4239 1921 4278 ex
1952 4222 2018 4277 iis
2045 4221 2135 4291 qui
2171 4227 2298 4276 sunt

730 4327 783 4380 in
810 4323 1046 4379 mundo?
1087 4321 1154 4376 Et
1197 4334 1419 4374 rursus:
1470 4315 1692 4370 Hmidas
1722 4331 1800 4368 me
1840 4314 1988 4367 odit:
2016 4329 2101 4367 res
2128 4323 2296 4364 autem

729 4434 829 4470 non
859 4424 1015 4484 potest
1041 4413 1204 4466 odisse
1231 4409 1405 4479 (Joau.
1433 4408 1517 4464 ιτ.
1555 4406 1633 4462 lt.
1657 4415 1701 4459 et
1731 4407 1783 4460 7.
1809 4403 2086 4476 7);.malas
2111 4416 2296 4458 rursus

729 4509 913 4563 dicens
941 4506 1197 4560 actiones.
1233 4501 1323 4556 Vel
1364 4501 1616 4555 innndum
1659 4498 1745 4554 bic
1769 4499 1902 4554 dicit
1925 4499 2094 4553 malos
2122 4497 2296 4553 bomio

731 4612 862 4660 nes;
889 4595 1159 4648 mones
1183 4592 1323 4646 enim
1369 4591 1423 4645 in
1450 4604 1543 4645 eos
1584 4593 1752 4659 magis
1781 4589 2108 4643 dominatum
2149 4587 2294 4642 obti-

729 4698 876 4743 nent.
903 4685 1093 4740 Contra
1121 4681 1410 4752 spiritantia
1434 4681 1683 4752 nequitia,
1706 4681 1894 4751 inquit,
1921 4679 1974 4733 iu
1993 4680 2292 4734 relations.

731 4776 1004 4845 Principes
1025 4772 1160 4829 dicit
1179 4783 1234 4828 et
1261 4780 1588 4843 potestates;
1629 4771 1766 4826 sicut
1792 4771 1951 4825 etiam
1977 4771 2031 4825 in
2060 4770 2282 4825 caelesti-

729 4869 830 4923 bus
877 4875 1000 4922 sunt
1047 4864 1266 4930 throni,
1296 4863 1721 4929 dominationes,
1750 4862 2108 4934 principatus.
2142 4871 2292 4931 pote-

679 5013 689 5027 ._
732 4968 913 5012 states.
944 4956 1032 5012 i3.
1068 4954 1364 5026 Propterea,
1394 4954 1585 5024 inquit,
1611 4955 2157 5024 accipite-armaturam
2171 4951 2290 5015 Dei,

732 5059 787 5105 ut
817 5048 1017 5119 possitis
1053 5048 1283 5103 resistere
1319 5047 1370 5100 in
1394 5047 1476 5101 die
1502 5046 1638 5099 malo
1660 5087 1673 5110 ,
1702 5056 1750 5100 et
1789 5044 1841 5098 in
1871 5045 2101 5100 omnibus
2127 5047 2294 5115 perfe-

728 5141 794 5194 rti
841 5149 994 5193 stare.
1048 5138 1197 5193 Diem
1239 5137 1436 5193 malum
1478 5137 1604 5192 dicit
1647 5138 1807 5191 vitam
1855 5145 2170 5206 przesentem
2196 5153 2210 5189 :
2239 5144 2296 5191 et

730 5232 926 5286 malum
952 5229 1202 5284 sa'eulntn
1235 5227 1336 5283 hoc
1359 5226 1486 5282 dicit
1511 5267 1524 5293 ,
1545 5243 1611 5282 ex
1640 5227 1794 5281 malis
1818 5242 1936 5296 qum.
1965 5225 2016 5280 in
2047 5240 2112 5280 eo
2140 5224 2291 5280 ilunt.

730 5320 784 5377 id
815 5329 896 5377 est
916 5361 930 5383 .
959 5336 1170 5389 semper
1199 5319 1388 5373 annali
1425 5327 1619 5373 estote.
1664 5315 1732 5370 Et
1771 5317 2000 5371 omnibus
2029 5357 2045 5382 ,
2078 5315 2246 5386 inquit
2273 5356 2292 5382 ,

733 5411 1006 5480 confectis;
1048 5412 1152 5466 hoc
1187 5419 1269 5464 est
1287 5448 1304 5475 ,
1352 5409 1583 5464 devictis
1610 5407 1752 5462 vitiis
1777 5448 1793 5472 ,
1823 5407 2070 5461 absurdis
2096 5422 2295 5461 concu-

728 5503 998 5571 piscentiis
1014 5542 1032 5568 ,
1060 5512 1115 5558 et
1141 5501 1390 5556 militibus
1409 5515 1528 5570 quae
1553 5499 1707 5554 nobis
1726 5498 1952 5554 adurunt
1972 5497 2293 5552 molestiam.

728 5591 845 5649 Non
873 5593 1007 5647 dixit
1031 5594 1201 5648 solum
1235 5592 1409 5647 facere
1429 5632 1444 5654 .
1467 5590 1559 5647 sed
1592 5591 1874 5662 perlicere;
1896 5598 1956 5642 ttt
1984 5604 2090 5643 non
2119 5588 2295 5644 solum

724 5683 789 5739 de
819 5685 994 5740 medio
1028 5685 1207 5739 tollant
1234 5725 1249 5748 ,
1283 5682 1376 5738 sed
1405 5681 1566 5739 etiam
1592 5688 1734 5738 stent
1759 5691 2036 5751 postquam
2067 5672 2298 5736 sustule-

2411 611 2698 676 con'fecto,
2745 613 2837 667 illo
2888 611 3014 668 vero
3061 630 3167 670 non
3199 633 3214 670 :
3241 629 3385 672 stare
3427 619 3567 674 enim
3611 632 3820 690 oportet
3867 635 3984 694 post

2412 699 2705 803 victoriam.
2728 703 2939 772 Dejecta
2957 706 3500 776 suntaliqnando,sed
3523 727 3644 783 qua
3668 712 3984 780 dejicith

2412 792 2774 848 reviviscunt:
2812 794 2914 848 nisi
2941 796 3248 850 steterimus
3267 837 3286 860 ,
3333 799 3495 854 etiam
3526 815 3646 871 qua
3675 803 3982 860 ceciderunt

2413 891 2713 951 mulgth
2739 881 2917 937 θυμω
2934 893 3158 952 stamus,
3177 885 3383 956 deiecta
3402 899 3557 945 sunt:
3573 891 3745 948 deinec
3759 909 3866 950 non
3881 899 3982 951 eir-

2409 969 2763 1039 cumagimur,
2778 971 2871 1029 ille
2883 989 2989 1028 non
3007 976 3253 1046 resurgit.
3273 974 3558 1036 Induamnr
3575 993 3845 1040 armatura
3865 985 3980 1043 Dei.

2479 1058 2533 1115 4.
2571 1058 2730 1115 Vides
2764 1062 3035 1130 quomodo
3071 1075 3272 1120 metum
3315 1067 3593 1126 ademerit.
3626 1071 3760 1127 Nam
3789 1076 3835 1129 si
3863 1075 3975 1131 ﬁeri

2410 1157 2581 1216 potest
2604 1156 2665 1202 ut
2687 1150 3033 1207 conﬁdamus
3053 1161 3106 1207 et
3124 1163 3347 1221 stemus,
3371 1171 3472 1212 cur
3493 1159 3692 1230 refugis
3707 1177 3939 1233 mnam
3957 1167 3982 1218 t

2406 1237 2498 1292 Sta
2529 1239 2708 1295 hostes
2735 1241 3048 1310 eoitﬂcieus,
3078 1253 3133 1299 et
3161 1246 3353 1310 vicisti.
3385 1247 3450 1302 Et
3479 1265 3548 1305 ne
3588 1251 3979 1322 ntireris,quod

2409 1336 2553 1382 tanta
2591 1327 2659 1384 de
2698 1329 2931 1386 hostium
2961 1333 3164 1389 viribus
3200 1347 3474 1393 recenseat
3499 1354 3516 1396 :
3544 1355 3666 1396 eam
3697 1358 3980 1400 recensere

2409 1417 2550 1472 vires
2579 1417 2937 1488 inimicorum,
2965 1438 3072 1476 non
3099 1433 3302 1479 metum
3327 1425 3483 1482 ,σαι
3501 1436 3558 1485 et
3582 1429 3852 1492 tim.
3882 1435 3977 1489 sed

2406 1506 2666 1578 ignaviam
2698 1511 2905 1567 excutit
2942 1521 2998 1568 et
3033 1513 3354 1570 socordiam.
3399 1516 3471 1571 Ut
3496 1520 3736 1589 possitis,
3768 1523 3939 1591 inquit
3959 1557 3978 1591 ,-

2405 1601 2632 1654 resistere
2668 1600 2720 1654 in
2758 1602 2841 1655 die
2875 1604 3033 1658 mulo.
3075 1607 3122 1662 Δ
3155 1615 3397 1676 tempore
3438 1610 3600 1665 etiam
3645 1616 3973 1669 consolatur.

2404 1687 2656 1760 Tempus.
2686 1690 2876 1760 inquit,
2913 1701 2998 1749 est
3025 1694 3189 1751 breve
3217 1712 3232 1749 :
3264 1715 3429 1766 quare
3453 1711 3664 1771 oportet
3686 1712 3834 1760 stare
3866 1722 3881 1758 :
3910 1720 3978 1761 ne

2401 1777 2595 1834 defessi
2623 1778 2740 1834 sitis
2765 1791 2887 1851 post
2911 1783 3136 1840 cedem.
3162 1785 3220 1841 Si
3245 1798 3327 1840 est
3350 1803 3479 1860 ergo
3505 1788 3702 1847 bellum
3726 1831 3742 1856 ,
3767 1794 3816 1848 si
3838 1795 3978 1851 tales

2402 1877 2529 1924 sunt
2551 1871 2715 1939 acies,
2734 1873 2786 1927 si
2815 1873 3115 1946 incorporei
3139 1877 3427 1948 principes,
3444 1881 3489 1936 si
3512 1884 3691 1940 undi
3713 1895 3972 1955 lectores,

2403 1958 2449 2014 si
2474 1960 2766 2030 spirituatia
2792 1963 3074 2034 nequitia;
3102 1969 3391 2036 quomodo,
3425 1971 3737 2041 diuquam,
3765 1975 3975 2034 deliciis

2403 2049 2686 2122 italulgesl
2712 2054 2982 2124 quomodo
3005 2071 3064 2111 es
3089 2057 3379 2116 dissolutus
3400 2061 3424 2115 2
3450 2066 3716 2132 quomodo
3741 2067 3975 2125 inermes

2401 2152 2657 2209 superate
2709 2143 3049 2212 poterimus?
3104 2144 3230 2202 Haec
3271 2152 3631 2222 unusquisque
3674 2153 3778 2210 sibi
3832 2157 3978 2213 dicat

2400 2230 2657 2300 quotidie,
2686 2233 2896 2302 quando
2916 2236 2966 2289 ei
2995 2234 3297 2293 dominatur
3321 2239 3419 2306 ira,
3445 2240 3658 2311 quando
3686 2245 3972 2316 cupiditas,

2401 2322 2612 2388 quando
2638 2323 2830 2393 quan-lt
2870 2324 3009 2380 hanc
3053 2328 3270 2384 mollem
3300 2331 3461 2385 vitam
3491 2333 3748 2390 lubricam
3788 2348 3846 2392 et
3895 2339 3976 2394 iu-

2401 2420 2752 2467 constantem.
2782 2414 2977 2469 Audiat
3001 2404 3222 2471 beatum.
3253 2416 3473 2474 Paulum
3513 2421 3802 2491 dicentem,
3852 2425 3975 2481 Non

2398 2511 2473 2556 est
2497 2502 2641 2558 nobis
2669 2503 2958 2560 colluctatio
2984 2506 3223 2562 adversus
3244 2509 3540 2578 sanguinein
3564 2522 3612 2566 et
3637 2529 3861 2582 man,
3882 2520 3973 2572 sed

2400 2593 2638 2648 adversus
2677 2595 2952 2678 principes,
2998 2597 3237 2653 adversus
3279 2609 3571 2666 potestates.
3616 2601 3727 2658 [ioc
3775 2607 3974 2662 bellum

2400 2682 2693 2772 estsensili
2730 2684 2947 2753 gravius
2968 2724 2982 2749 ,
3017 2701 3191 2755 pugna
3223 2688 3607 2745 vehementior.
3625 2693 3820 2765 Cogita
3843 2711 3977 2767 ergo

2399 2781 2653 2841 quantinu
2697 2783 2907 2845 tempus
2947 2775 3048 2829 iste
3090 2776 3352 2842 luctatur,
3400 2796 3497 2848 pro
3521 2798 3630 2851 quo
3658 2796 3890 2854 pugnat,
3923 2798 3980 2845 et

2396 2871 2516 2917 esto
2541 2864 2766 2920 cautior.
2803 2864 2973 2919 Etiam
2991 2905 3005 2928 ,
3036 2866 3278 2937 inquies;
3313 2869 3408 2923 sed
3433 2873 3757 2941 oportuisset
3782 2877 3978 2934 citabo-

2399 2952 2506 3007 lum
2527 2952 2594 3008 de
2623 2954 2798 3008 medio
2829 2955 2968 3019 tolli,
2995 2965 3048 3010 et
3067 2970 3256 3012 omnes
3283 2957 3412 3012 salvi
3446 2969 3646 3015 essent.
3677 2961 3805 3020 llaec
3833 2982 3976 3036 pra:-

2400 3042 2623 3098 teodunt
2661 3043 2875 3114 quidam
2902 3045 3155 3100 socordes
3183 3053 3239 3102 et
3257 3046 3462 3116 ignavi.
3489 3049 3624 3106 Cum
3655 3064 3935 3123 oporteret
3959 3100 3974 3125 ,

2398 3147 2431 3187 ο
2460 3131 2639 3203 homo,
2675 3143 2726 3186 te
2753 3142 2910 3203 agere
2931 3134 3128 3203 gratias
3152 3136 3310 3206 quod,
3341 3138 3386 3191 si
3408 3138 3558 3205 velis,
3586 3157 3707 3196 eum
3727 3158 3974 3214 superes,

2399 3233 2585 3280 contra
2615 3226 2778 3280 etiam
2804 3241 3109 3288 succenses,
3139 3227 3298 3282 verba
3325 3229 3549 3300 loquens
3576 3232 3858 3302 cujusdau
3883 3239 3979 3293 de.

2398 3313 2530 3369 sidis
2552 3321 2609 3368 et
2634 3315 2956 3371 somnolenti
2997 3315 3199 3370 militis.
3243 3316 3417 3384 Nosti,
3462 3320 3511 3375 si
3553 3323 3704 3389 relis,
3738 3325 3980 3386 rationes

2398 3402 2592 3474 quibus
2610 3402 3064 3474 apprehenditur:
3089 3404 3323 3476 undique
3349 3407 3716 3480 circumspice,
3742 3413 3976 3484 teipsum

2400 3492 2565 3548 muni.
2599 3492 2713 3546 Non
2739 3502 2824 3547 est
2849 3493 3024 3548 solum
3056 3509 3229 3565 pugna
3259 3496 3516 3554 adversus
3539 3499 3813 3557 diabolum
3832 3545 3849 3569 ,
3881 3506 3977 3561 sed

2399 3585 2558 3640 etiam
2607 3585 2862 3640 adversus
2906 3585 3048 3640 illius
3091 3593 3398 3662 potestates.
3435 3590 3714 3656 Quomodo
3736 3607 3873 3663 ergo
3899 3595 3980 3651 tu.

2398 3673 2659 3728 etabimur
2685 3687 2806 3726 cum
2836 3673 3107 3728 tenebris?
3141 3674 3197 3729 Si
3225 3674 3317 3730 lux
3345 3676 3466 3732 facti
3496 3677 3776 3735 fuerimus.
3823 3684 3978 3752 Quo-

2400 3763 2559 3819 modo
2594 3779 2714 3818 eum
2742 3763 3110 3832 spiritualibns
3146 3766 3396 3835 nequitim
3417 3767 3441 3820 ?
3466 3768 3520 3822 Si
3553 3767 3673 3824 facti
3717 3771 3979 3830 fuerimus

2399 3855 2545 3910 boni.
2577 3855 2726 3909 Bono
2748 3856 2891 3910 enim
2920 3857 3251 3912 contrarium
3277 3867 3359 3912 est
3389 3859 3622 3927 nequitia
3641 3870 3695 3917 et
3713 3866 3974 3934 pravitas,

2398 3955 2453 4001 et
2481 3945 2566 4001 lux
2597 3945 2809 4014 expellit
2855 3947 3101 4002 tenebras
3129 3964 3142 4002 :
3169 3948 3310 4017 quod
3349 3949 3391 4003 si
3430 3950 3525 4017 ipsi
3556 3968 3765 4023 quoque
3804 3957 3978 4012 simus

2401 4037 2631 4093 latebra
2656 4077 2673 4101 ,
2723 4036 2955 4099 omnino,
2980 4037 3258 4108 capiemur
3298 4048 3351 4092 et
3389 4041 3778 4108 superabimur.
3825 4046 3976 4113 Quo-

2400 4125 2559 4182 modo
2603 4141 2731 4197 ergo
2777 4126 2923 4198 ipsos
2965 4127 3456 4201 superabiuiustb‘i
3501 4131 3641 4200 quod
3669 4132 3742 4187 illi
3770 4145 3905 4191 sunt
3947 4152 3976 4190 a

2398 4228 2605 4284 natura,
2637 4217 2810 4273 edenti
2845 4217 3101 4274 fuerimus
3125 4233 3209 4273 ἐι
3252 4219 3422 4276 libero
3458 4222 3679 4278 arbitrio
3715 4234 3769 4280 et
3809 4228 3978 4282 animi

2398 4311 2658 4375 instituto,
2684 4324 2877 4379 nempe
2915 4318 3064 4365 extra
3103 4325 3318 4366 carnem
3342 4321 3395 4367 et
3417 4314 3748 4386 sanguinein,
3772 4317 3854 4371 sic
3882 4333 3976 4373 eos

2397 4401 2668 4473 capiemus
2692 4411 2746 4456 et
2775 4401 3069 4456 vincemus.
3109 4400 3238 4456 Nam
3267 4403 3518 4472 quoniam
3562 4415 3643 4460 est
3686 4408 3977 4464 verisimile

2399 4495 2544 4563 ipsos
2563 4509 2593 4547 a
2614 4492 2796 4547 multis
2809 4493 3019 4562 agitari,
3041 4492 3117 4548 Ne
3139 4493 3476 4560 existimetis,
3498 4496 3688 4565 inquit,
3705 4498 3849 4564 quod
3876 4500 3974 4569 ipsi

2399 4586 2673 4641 nobiscum
2703 4585 2899 4640 bellum
2927 4595 3115 4655 gerant
3143 4601 3157 4640 :
3189 4587 3279 4656 qui
3308 4588 3358 4639 in
3388 4588 3517 4657 ipsis
3544 4601 3838 4657 operantur
3861 4592 3975 4646 du:-

2399 4692 2584 4732 mooes
2605 4685 2748 4741 sunt,
2776 4677 2865 4746 qui
2893 4676 3087 4731 bellum
3113 4687 3307 4747 gerunt.
3338 4695 3353 4731 :
3382 4677 3639 4733 adversus
3668 4680 3791 4734 illos
3820 4683 3977 4738 nobis

2398 4778 2481 4823 est
2507 4782 2700 4838 pugna.
2737 4766 2849 4820 Duo
2870 4775 3051 4822 autem
3081 4781 3148 4822 es
3177 4766 3258 4822 Itis
3298 4766 3484 4833 eltlcit,
3518 4779 3574 4824 ut
3614 4770 3701 4840 qui
3741 4781 3798 4826 et
3831 4773 3976 4842 ipsos

2397 4860 2587 4916 reddat
2621 4858 2932 4914 audaciores
2974 4859 3236 4914 adversus
3272 4873 3367 4914 eos
3409 4860 3499 4931 qui
3539 4876 3600 4917 se
3639 4875 3971 4933 oppugnant,

2400 4950 2718 5020 illorumque
2748 4949 2984 5004 animum
3022 4964 3205 5003 contra
3235 4948 3417 5004 hostes
3440 4950 3625 5021 erigat.
3652 4949 3720 5006 Et
3742 4967 3975 5022 quanam

2397 5043 2464 5099 de
2484 5058 2646 5099 causa
2671 5042 2823 5098 nobis
2851 5057 3023 5113 pugna
3052 5041 3310 5098 adversus
3339 5058 3433 5098 eos
3455 5053 3641 5099 exorta
3675 5045 3799 5100 est?
3826 5046 3975 5117 Quo-

2401 5134 2543 5187 niam
2596 5133 2647 5187 in
2708 5133 2849 5188 bello
2900 5133 3098 5187 sociam
3146 5130 3404 5187 habemus
3459 5133 3928 5206 inexpugnabilem
3964 5179 3977 5199 .

2401 5239 2592 5292 netnpe
2629 5222 2853 5293 spiritus
2895 5221 3153 5293 gratiam,
3185 5236 3304 5278 eam
3348 5235 3516 5286 artem
3561 5224 3877 5289 didicimus,
3925 5236 3980 5279 ut

2401 5315 2655 5369 adversus
2680 5314 3049 5368 hominesnon
3073 5314 3338 5381 possimus
3369 5314 3578 5380 luctari,
3600 5315 3696 5371 sed
3717 5316 3980 5373 adversus

2400 5405 2769 5462 diciiioncs.'5i
2801 5417 2979 5460 autem
3001 5407 3244 5465 velimus.
3274 5421 3341 5461 ne
3371 5406 3690 5462 luctaliimnr
3707 5409 3928 5480 quidem
3960 5427 3976 5466 :

2403 5513 2522 5551 nam
2553 5497 2694 5551 Lucta
2735 5505 2819 5550 est
2855 5498 3106 5565 quoniam
3148 5496 3410 5551 volumus.
3451 5497 3580 5567 Ejus
3613 5497 3758 5554 enim
3791 5501 3886 5570 qui
3931 5502 3979 5556 in

2403 5587 2558 5642 nobis
2587 5586 2846 5641 inhabitat
2875 5595 3018 5640 tanta
3046 5595 3132 5641 est
3166 5587 3356 5655 virtus,
3385 5596 3443 5642 ut
3464 5588 3604 5642 dicat
3648 5605 3665 5643 :
3707 5588 3843 5645 Ecce
3866 5591 3978 5645 dedi

2397 5680 2537 5733 mn
2563 5668 2854 5756 potestatem
2882 5677 3113 5733 micant“
3134 5693 3287 5747 super
3319 5688 3571 5750 serpentes
3597 5690 3645 5735 et
3667 5681 3977 5752 scorpiones.
