  <div class='ocr_page' id='page_1' title='image "/cluster/home/n/w/nwhite01/storage/ocr_20150623/62/pst.000005712625/168.png"; bbox 0 0 4096 6310; ppageno 0'>
   <div class='ocr_carea' id='block_1_1' title="bbox 127 389 1698 452">
    <p class='ocr_par' dir='ltr' id='par_1_1' title="bbox 127 389 1690 448">
     <span class='ocr_line' id='line_1_1' title="bbox 127 389 1690 448; baseline -0.001 -5"><span class='ocrx_word' id='word_1_1' title='bbox 127 392 210 448; x_wconf 73' lang='grc'><strong>161</strong></span> <span class='ocrx_word' id='word_1_2' title='bbox 965 391 1030 447; x_wconf 73' lang='lat' dir='ltr'><strong>IN</strong></span> <span class='ocrx_word' id='word_1_3' title='bbox 1068 391 1280 446; x_wconf 78' lang='lat' dir='ltr'><strong>EPIST.</strong></span> <span class='ocrx_word' id='word_1_4' title='bbox 1324 392 1414 444; x_wconf 77' lang='lat' dir='ltr'><strong>AD</strong></span> <span class='ocrx_word' id='word_1_5' title='bbox 1452 389 1690 444; x_wconf 74' lang='lat' dir='ltr'><strong>EPIIES.</strong></span> 
     </span>
    </p>
   </div>
   <div class='ocr_carea' id='block_1_2' title="bbox 1803 389 2494 452">
    <p class='ocr_par' dir='ltr' id='par_1_2' title="bbox 1803 389 2494 452">
     <span class='ocr_line' id='line_1_2' title="bbox 1803 389 2494 452; baseline 0.007 -9"><span class='ocrx_word' id='word_1_6' title='bbox 1803 389 1888 447; x_wconf 74' lang='grc' dir='ltr'>ιιι.</span> <span class='ocrx_word' id='word_1_7' title='bbox 1931 391 2017 448; x_wconf 66' lang='grc' dir='ltr'><strong>τι.</strong></span> <span class='ocrx_word' id='word_1_8' title='bbox 2060 394 2286 449; x_wconf 66' lang='grc' dir='ltr'><strong>ΙΙΟΜΙΙ..</strong></span> <span class='ocrx_word' id='word_1_9' title='bbox 2331 398 2494 452; x_wconf 71' lang='lat' dir='ltr'><strong>XXII.</strong></span> 
     </span>
    </p>
   </div>
   <div class='ocr_carea' id='block_1_3' title="bbox 121 499 1684 576">
    <p class='ocr_par' dir='ltr' id='par_1_3' title="bbox 121 499 1684 576">
     <span class='ocr_line' id='line_1_3' title="bbox 121 499 1684 576; baseline -0.007 -15"><span class='ocrx_word' id='word_1_10' title='bbox 121 520 161 561; x_wconf 86' lang='lat' dir='ltr'><strong>st</strong></span> <span class='ocrx_word' id='word_1_11' title='bbox 184 522 332 576; x_wconf 67' lang='lat' dir='ltr'><strong>super</strong></span> <span class='ocrx_word' id='word_1_12' title='bbox 353 521 558 561; x_wconf 58' lang='lat' dir='ltr'><strong>omnem</strong></span> <span class='ocrx_word' id='word_1_13' title='bbox 587 513 876 574; x_wconf 77' lang='lat' dir='ltr'><strong>potestatein</strong></span> <span class='ocrx_word' id='word_1_14' title='bbox 900 505 1090 558; x_wconf 72' lang='lat' dir='ltr'><strong>inimici</strong></span> <span class='ocrx_word' id='word_1_15' title='bbox 1119 503 1266 574; x_wconf 74' lang='lat' dir='ltr'><strong>(Luc.</strong></span> <span class='ocrx_word' id='word_1_16' title='bbox 1303 503 1386 555; x_wconf 83' lang='grc' dir='ltr'><strong>ιο.</strong></span> <span class='ocrx_word' id='word_1_17' title='bbox 1423 502 1530 569; x_wconf 83' lang='lat' dir='ltr'><strong>l9).</strong></span> <span class='ocrx_word' id='word_1_18' title='bbox 1554 499 1684 554; x_wconf 89' lang='lat' dir='ltr'><strong>0m-</strong></span> 
     </span>
    </p>
   </div>
   <div class='ocr_carea' id='block_1_4' title="bbox 108 590 1688 665">
    <p class='ocr_par' dir='ltr' id='par_1_4' title="bbox 108 590 1688 665">
     <span class='ocr_line' id='line_1_4' title="bbox 108 590 1688 665; baseline -0.005 -15"><span class='ocrx_word' id='word_1_19' title='bbox 108 610 234 649; x_wconf 70' lang='lat' dir='ltr'><strong>m</strong></span> <span class='ocrx_word' id='word_1_20' title='bbox 263 596 416 650; x_wconf 79' lang='lat' dir='ltr'><strong>nobis</strong></span> <span class='ocrx_word' id='word_1_21' title='bbox 456 594 608 649; x_wconf 89' lang='lat' dir='ltr'><strong>dedit</strong></span> <span class='ocrx_word' id='word_1_22' title='bbox 642 603 999 665; x_wconf 71' lang='lat' dir='ltr'><strong>potestatem,</strong></span> <span class='ocrx_word' id='word_1_23' title='bbox 1043 601 1097 648; x_wconf 92' lang='lat' dir='ltr'><strong>et</strong></span> <span class='ocrx_word' id='word_1_24' title='bbox 1122 591 1350 646; x_wconf 84' lang='lat' dir='ltr'><strong>luctandi</strong></span> <span class='ocrx_word' id='word_1_25' title='bbox 1379 600 1435 644; x_wconf 88' lang='lat' dir='ltr'><strong>et</strong></span> <span class='ocrx_word' id='word_1_26' title='bbox 1461 605 1567 644; x_wconf 88' lang='lat' dir='ltr'><strong>non</strong></span> <span class='ocrx_word' id='word_1_27' title='bbox 1607 590 1688 642; x_wconf 90' lang='lat' dir='ltr'><strong>lu-</strong></span> 
     </span>
    </p>
   </div>
   <div class='ocr_carea' id='block_1_5' title="bbox 120 682 1685 755">
    <p class='ocr_par' dir='ltr' id='par_1_5' title="bbox 120 682 1685 755">
     <span class='ocr_line' id='line_1_5' title="bbox 120 682 1685 755; baseline -0.004 -15"><span class='ocrx_word' id='word_1_28' title='bbox 120 687 286 740; x_wconf 82' lang='lat' dir='ltr'><strong>ctandi</strong></span> <span class='ocrx_word' id='word_1_29' title='bbox 329 705 346 740; x_wconf 89' lang='lat'><strong>:</strong></span> <span class='ocrx_word' id='word_1_30' title='bbox 377 687 472 740; x_wconf 85' lang='lat' dir='ltr'><strong>sed</strong></span> <span class='ocrx_word' id='word_1_31' title='bbox 518 687 772 755; x_wconf 82' lang='lat' dir='ltr'><strong>quoniam</strong></span> <span class='ocrx_word' id='word_1_32' title='bbox 800 700 902 740; x_wconf 86' lang='lat' dir='ltr'><strong>nos</strong></span> <span class='ocrx_word' id='word_1_33' title='bbox 939 699 1126 739; x_wconf 86' lang='lat' dir='ltr'><strong>sumus</strong></span> <span class='ocrx_word' id='word_1_34' title='bbox 1153 684 1286 752; x_wconf 92' lang='lat' dir='ltr'><strong>pigri</strong></span> <span class='ocrx_word' id='word_1_35' title='bbox 1330 693 1393 737; x_wconf 84' lang='lat' dir='ltr'><strong>et.</strong></span> <span class='ocrx_word' id='word_1_36' title='bbox 1425 682 1645 736; x_wconf 76' lang='lat' dir='ltr'><strong>hebetes</strong></span> <span class='ocrx_word' id='word_1_37' title='bbox 1668 721 1685 746; x_wconf 90' lang='lat'><strong>,</strong></span> 
     </span>
    </p>
   </div>
   <div class='ocr_carea' id='block_1_6' title="bbox 120 773 1685 843">
    <p class='ocr_par' dir='ltr' id='par_1_6' title="bbox 120 773 1685 843">
     <span class='ocr_line' id='line_1_6' title="bbox 120 773 1685 843; baseline -0.004 -15"><span class='ocrx_word' id='word_1_38' title='bbox 120 791 230 828; x_wconf 87' lang='lat' dir='ltr'><strong>cum</strong></span> <span class='ocrx_word' id='word_1_39' title='bbox 251 776 328 829; x_wconf 82' lang='lat' dir='ltr'><strong>eis</strong></span> <span class='ocrx_word' id='word_1_40' title='bbox 352 775 642 830; x_wconf 80' lang='lat' dir='ltr'><strong>luctamur.</strong></span> <span class='ocrx_word' id='word_1_41' title='bbox 667 775 800 829; x_wconf 81' lang='lat' dir='ltr'><strong>Nam</strong></span> <span class='ocrx_word' id='word_1_42' title='bbox 821 775 962 843; x_wconf 84' lang='lat' dir='ltr'><strong>quod</strong></span> <span class='ocrx_word' id='word_1_43' title='bbox 984 775 1182 830; x_wconf 81' lang='lat' dir='ltr'><strong>Paulus</strong></span> <span class='ocrx_word' id='word_1_44' title='bbox 1207 789 1314 827; x_wconf 87' lang='lat' dir='ltr'><strong>non</strong></span> <span class='ocrx_word' id='word_1_45' title='bbox 1342 773 1405 826; x_wconf 86' lang='lat' dir='ltr'><strong>sit</strong></span> <span class='ocrx_word' id='word_1_46' title='bbox 1437 773 1685 833; x_wconf 89' lang='lat' dir='ltr'><strong>luctatus,</strong></span> 
     </span>
    </p>
   </div>
   <div class='ocr_carea' id='block_1_7' title="bbox 119 863 1691 932">
    <p class='ocr_par' dir='ltr' id='par_1_7' title="bbox 119 863 1691 932">
     <span class='ocr_line' id='line_1_7' title="bbox 119 863 1691 932; baseline -0.004 -13"><span class='ocrx_word' id='word_1_47' title='bbox 119 867 233 920; x_wconf 87' lang='lat' dir='ltr'><strong>andi</strong></span> <span class='ocrx_word' id='word_1_48' title='bbox 283 881 407 920; x_wconf 82' lang='lat' dir='ltr'><strong>eum</strong></span> <span class='ocrx_word' id='word_1_49' title='bbox 453 867 746 932; x_wconf 85' lang='lat' dir='ltr'><strong>dicentem,</strong></span> <span class='ocrx_word' id='word_1_50' title='bbox 807 867 934 932; x_wconf 75' lang='lat' dir='ltr'><strong>Quii</strong></span> <span class='ocrx_word' id='word_1_51' title='bbox 981 882 1073 918; x_wconf 80' lang='lat' dir='ltr'><strong>nos</strong></span> <span class='ocrx_word' id='word_1_52' title='bbox 1122 863 1373 932; x_wconf 73' lang='lat' dir='ltr'><strong>separabit</strong></span> <span class='ocrx_word' id='word_1_53' title='bbox 1411 880 1443 915; x_wconf 79' lang='grc' dir='ltr'><strong>ιι</strong></span> <span class='ocrx_word' id='word_1_54' title='bbox 1481 864 1691 916; x_wconf 82' lang='lat' dir='ltr'><strong>caritate</strong></span> 
     </span>
    </p>
   </div>
   <div class='ocr_carea' id='block_1_8' title="bbox 119 957 1688 1027">
    <p class='ocr_par' dir='ltr' id='par_1_8' title="bbox 119 957 1688 1027">
     <span class='ocr_line' id='line_1_8' title="bbox 119 957 1688 1027; baseline -0.002 -18"><span class='ocrx_word' id='word_1_55' title='bbox 119 957 296 1010; x_wconf 65' lang='lat' dir='ltr'><strong>Christi</strong></span> <span class='ocrx_word' id='word_1_56' title='bbox 317 957 344 1009; x_wconf 82' lang='lat'><strong>.’</strong></span> <span class='ocrx_word' id='word_1_57' title='bbox 385 957 665 1022; x_wconf 71' lang='lat' dir='ltr'><strong>tribulatio,</strong></span> <span class='ocrx_word' id='word_1_58' title='bbox 706 975 774 1010; x_wconf 72' lang='lat' dir='ltr'><strong>an</strong></span> <span class='ocrx_word' id='word_1_59' title='bbox 820 959 1075 1027; x_wconf 80' lang='lat' dir='ltr'><strong>angustia,</strong></span> <span class='ocrx_word' id='word_1_60' title='bbox 1123 975 1191 1009; x_wconf 87' lang='lat' dir='ltr'><strong>an</strong></span> <span class='ocrx_word' id='word_1_61' title='bbox 1241 958 1577 1024; x_wconf 77' lang='lat' dir='ltr'><strong>persequutio,</strong></span> <span class='ocrx_word' id='word_1_62' title='bbox 1621 971 1688 1007; x_wconf 80' lang='lat' dir='ltr'><strong>tm</strong></span> 
     </span>
    </p>
   </div>
   <div class='ocr_carea' id='block_1_9' title="bbox 119 1043 1690 1117">
    <p class='ocr_par' dir='ltr' id='par_1_9' title="bbox 119 1043 1690 1117">
     <span class='ocr_line' id='line_1_9' title="bbox 119 1043 1690 1117; baseline -0.001 -15"><span class='ocrx_word' id='word_1_63' title='bbox 119 1047 334 1110; x_wconf 68' lang='lat' dir='ltr'><strong>auditos,</strong></span> <span class='ocrx_word' id='word_1_64' title='bbox 377 1064 444 1103; x_wconf 71' lang='lat' dir='ltr'><strong>an</strong></span> <span class='ocrx_word' id='word_1_65' title='bbox 470 1048 782 1114; x_wconf 69' lang='lat' dir='ltr'><strong>purissimis,</strong></span> <span class='ocrx_word' id='word_1_66' title='bbox 821 1064 889 1100; x_wconf 76' lang='lat' dir='ltr'><strong>an</strong></span> <span class='ocrx_word' id='word_1_67' title='bbox 917 1047 1119 1117; x_wconf 73' lang='lat' dir='ltr'><strong>gladius</strong></span> <span class='ocrx_word' id='word_1_68' title='bbox 1144 1049 1161 1113; x_wconf 97' lang='lat'><strong>(</strong></span> <span class='ocrx_word' id='word_1_69' title='bbox 1186 1045 1335 1105; x_wconf 80' lang='lat' dir='ltr'><strong>Rom.</strong></span> <span class='ocrx_word' id='word_1_70' title='bbox 1368 1046 1420 1099; x_wconf 91' lang='lat'><strong>8.</strong></span> <span class='ocrx_word' id='word_1_71' title='bbox 1451 1044 1596 1114; x_wconf 69' lang='lat'><strong>35)?</strong></span> <span class='ocrx_word' id='word_1_72' title='bbox 1623 1043 1690 1100; x_wconf 80' lang='grc' dir='ltr'>Ει</span> 
     </span>
    </p>
   </div>
   <div class='ocr_carea' id='block_1_10' title="bbox 121 1135 1689 1208">
    <p class='ocr_par' dir='ltr' id='par_1_10' title="bbox 121 1135 1689 1208">
     <span class='ocr_line' id='line_1_10' title="bbox 121 1135 1689 1208; baseline -0.001 -18"><span class='ocrx_word' id='word_1_73' title='bbox 121 1153 296 1192; x_wconf 78' lang='lat' dir='ltr'><strong>rursus</strong></span> <span class='ocrx_word' id='word_1_74' title='bbox 318 1139 447 1208; x_wconf 34' lang='lat' dir='ltr'><strong>audi.</strong></span> <span class='ocrx_word' id='word_1_75' title='bbox 469 1155 591 1192; x_wconf 86' lang='lat' dir='ltr'><strong>eum</strong></span> <span class='ocrx_word' id='word_1_76' title='bbox 617 1139 909 1204; x_wconf 80' lang='lat' dir='ltr'><strong>dicentem,</strong></span> <span class='ocrx_word' id='word_1_77' title='bbox 941 1137 1075 1190; x_wconf 78' lang='lat' dir='ltr'><strong>Deus</strong></span> <span class='ocrx_word' id='word_1_78' title='bbox 1101 1146 1322 1190; x_wconf 85' lang='lat' dir='ltr'><strong>conteret</strong></span> <span class='ocrx_word' id='word_1_79' title='bbox 1346 1147 1577 1189; x_wconf 78' lang='lat' dir='ltr'><strong>satanant</strong></span> <span class='ocrx_word' id='word_1_80' title='bbox 1596 1135 1689 1189; x_wconf 75' lang='lat' dir='ltr'><strong>salt</strong></span> 
     </span>
    </p>
   </div>
   <div class='ocr_carea' id='block_1_11' title="bbox 120 1226 1690 1299">
    <p class='ocr_par' dir='ltr' id='par_1_11' title="bbox 120 1226 1690 1299">
     <span class='ocr_line' id='line_1_11' title="bbox 120 1226 1690 1299; baseline -0.002 -16"><span class='ocrx_word' id='word_1_81' title='bbox 120 1231 318 1295; x_wconf 70' lang='lat' dir='ltr'><strong>pedibus</strong></span> <span class='ocrx_word' id='word_1_82' title='bbox 343 1231 519 1283; x_wconf 72' lang='lat' dir='ltr'><strong>uostris</strong></span> <span class='ocrx_word' id='word_1_83' title='bbox 545 1229 644 1282; x_wconf 88' lang='lat' dir='ltr'><strong>cito</strong></span> <span class='ocrx_word' id='word_1_84' title='bbox 671 1229 692 1298; x_wconf 94' lang='lat'><strong>(</strong></span> <span class='ocrx_word' id='word_1_85' title='bbox 717 1230 866 1283; x_wconf 80' lang='lat' dir='ltr'><strong>Rom.</strong></span> <span class='ocrx_word' id='word_1_86' title='bbox 899 1230 987 1290; x_wconf 81' lang='lat' dir='ltr'><strong>l6,</strong></span> <span class='ocrx_word' id='word_1_87' title='bbox 1015 1229 1088 1283; x_wconf 68' lang='grc'><strong>90</strong></span> <span class='ocrx_word' id='word_1_88' title='bbox 1180 1229 1328 1281; x_wconf 89' lang='lat' dir='ltr'><strong>Illum</strong></span> <span class='ocrx_word' id='word_1_89' title='bbox 1359 1229 1504 1282; x_wconf 84' lang='lat' dir='ltr'><strong>enim</strong></span> <span class='ocrx_word' id='word_1_90' title='bbox 1527 1226 1690 1280; x_wconf 81' lang='lat' dir='ltr'><strong>hahe-</strong></span> 
     </span>
    </p>
   </div>
   <div class='ocr_carea' id='block_1_12' title="bbox 123 1319 1686 1386">
    <p class='ocr_par' dir='ltr' id='par_1_12' title="bbox 123 1319 1686 1386">
     <span class='ocr_line' id='line_1_12' title="bbox 123 1319 1686 1386; baseline -0.002 -14"><span class='ocrx_word' id='word_1_91' title='bbox 123 1322 200 1372; x_wconf 94' lang='lat' dir='ltr'><strong>bat</strong></span> <span class='ocrx_word' id='word_1_92' title='bbox 238 1321 543 1383; x_wconf 87' lang='lat' dir='ltr'><strong>subditum;</strong></span> <span class='ocrx_word' id='word_1_93' title='bbox 575 1329 629 1372; x_wconf 86' lang='lat' dir='ltr'><strong>et</strong></span> <span class='ocrx_word' id='word_1_94' title='bbox 656 1321 777 1374; x_wconf 87' lang='lat' dir='ltr'><strong>ideo</strong></span> <span class='ocrx_word' id='word_1_95' title='bbox 806 1320 1037 1379; x_wconf 79' lang='lat' dir='ltr'><strong>dicebat.</strong></span> <span class='ocrx_word' id='word_1_96' title='bbox 1088 1319 1341 1386; x_wconf 66' lang='lat' dir='ltr'><strong>Principio</strong></span> <span class='ocrx_word' id='word_1_97' title='bbox 1369 1320 1457 1372; x_wconf 80' lang='lat' dir='ltr'><strong>tibi</strong></span> <span class='ocrx_word' id='word_1_98' title='bbox 1497 1321 1551 1370; x_wconf 85' lang='lat' dir='ltr'><strong>in</strong></span> <span class='ocrx_word' id='word_1_99' title='bbox 1591 1333 1686 1370; x_wconf 84' lang='lat' dir='ltr'><strong>no-</strong></span> 
     </span>
    </p>
   </div>
   <div class='ocr_carea' id='block_1_13' title="bbox 122 1407 1689 1474">
    <p class='ocr_par' dir='ltr' id='par_1_13' title="bbox 122 1407 1689 1474">
     <span class='ocr_line' id='line_1_13' title="bbox 122 1407 1689 1474; baseline -0.003 -12"><span class='ocrx_word' id='word_1_100' title='bbox 122 1411 244 1462; x_wconf 63' lang='lat' dir='ltr'><strong>mine</strong></span> <span class='ocrx_word' id='word_1_101' title='bbox 267 1407 489 1462; x_wconf 71' lang='lat' dir='ltr'><strong>Domini</strong></span> <span class='ocrx_word' id='word_1_102' title='bbox 525 1408 652 1462; x_wconf 72' lang='lat' dir='ltr'><strong>Iesu</strong></span> <span class='ocrx_word' id='word_1_103' title='bbox 693 1418 750 1460; x_wconf 79' lang='lat' dir='ltr'><strong>ut</strong></span> <span class='ocrx_word' id='word_1_104' title='bbox 782 1413 845 1462; x_wconf 71' lang='lat' dir='ltr'><strong>sb</strong></span> <span class='ocrx_word' id='word_1_105' title='bbox 870 1426 929 1462; x_wconf 77' lang='lat' dir='ltr'><strong>ea</strong></span> <span class='ocrx_word' id='word_1_106' title='bbox 966 1426 1113 1462; x_wconf 69' lang='lat' dir='ltr'><strong>exeas</strong></span> <span class='ocrx_word' id='word_1_107' title='bbox 1143 1409 1281 1474; x_wconf 80' lang='lat' dir='ltr'><strong>(Act.</strong></span> <span class='ocrx_word' id='word_1_108' title='bbox 1316 1408 1404 1461; x_wconf 79' lang='grc'><strong>16.</strong></span> <span class='ocrx_word' id='word_1_109' title='bbox 1433 1407 1541 1474; x_wconf 74' lang='grc'><strong>18).</strong></span> <span class='ocrx_word' id='word_1_110' title='bbox 1577 1407 1689 1459; x_wconf 90' lang='lat' dir='ltr'><strong>Iloc</strong></span> 
     </span>
    </p>
   </div>
   <div class='ocr_carea' id='block_1_14' title="bbox 121 1499 1686 1570">
    <p class='ocr_par' dir='ltr' id='par_1_14' title="bbox 121 1499 1686 1570">
     <span class='ocr_line' id='line_1_14' title="bbox 121 1499 1686 1570; baseline -0.002 -17"><span class='ocrx_word' id='word_1_111' title='bbox 121 1509 288 1554; x_wconf 88' lang='lat' dir='ltr'><strong>autem</strong></span> <span class='ocrx_word' id='word_1_112' title='bbox 318 1516 424 1553; x_wconf 84' lang='lat' dir='ltr'><strong>non</strong></span> <span class='ocrx_word' id='word_1_113' title='bbox 453 1510 537 1553; x_wconf 84' lang='lat' dir='ltr'><strong>est</strong></span> <span class='ocrx_word' id='word_1_114' title='bbox 563 1502 835 1556; x_wconf 78' lang='lat' dir='ltr'><strong>luctantis.</strong></span> <span class='ocrx_word' id='word_1_115' title='bbox 867 1500 997 1554; x_wconf 80' lang='lat' dir='ltr'><strong>Nam</strong></span> <span class='ocrx_word' id='word_1_116' title='bbox 1027 1501 1116 1570; x_wconf 91' lang='lat' dir='ltr'><strong>qui</strong></span> <span class='ocrx_word' id='word_1_117' title='bbox 1150 1502 1376 1553; x_wconf 86' lang='lat' dir='ltr'><strong>luctatur</strong></span> <span class='ocrx_word' id='word_1_118' title='bbox 1397 1540 1412 1560; x_wconf 87' lang='lat'><strong>.</strong></span> <span class='ocrx_word' id='word_1_119' title='bbox 1451 1499 1686 1551; x_wconf 90' lang='lat' dir='ltr'><strong>nondum</strong></span> 
     </span>
    </p>
   </div>
   <div class='ocr_carea' id='block_1_15' title="bbox 122 1590 1686 1660">
    <p class='ocr_par' dir='ltr' id='par_1_15' title="bbox 122 1590 1686 1660">
     <span class='ocr_line' id='line_1_15' title="bbox 122 1590 1686 1660; baseline 0.001 -20"><span class='ocrx_word' id='word_1_120' title='bbox 122 1591 275 1656; x_wconf 90' lang='lat' dir='ltr'><strong>vicit;</strong></span> <span class='ocrx_word' id='word_1_121' title='bbox 306 1594 395 1660; x_wconf 81' lang='lat' dir='ltr'><strong>qui</strong></span> <span class='ocrx_word' id='word_1_122' title='bbox 422 1600 603 1644; x_wconf 84' lang='lat' dir='ltr'><strong>autem</strong></span> <span class='ocrx_word' id='word_1_123' title='bbox 633 1593 794 1655; x_wconf 84' lang='lat' dir='ltr'><strong>vicit,</strong></span> <span class='ocrx_word' id='word_1_124' title='bbox 833 1607 944 1648; x_wconf 86' lang='lat' dir='ltr'><strong>non</strong></span> <span class='ocrx_word' id='word_1_125' title='bbox 983 1591 1217 1644; x_wconf 82' lang='lat' dir='ltr'><strong>luctatur</strong></span> <span class='ocrx_word' id='word_1_126' title='bbox 1257 1590 1487 1658; x_wconf 80' lang='lat' dir='ltr'><strong>amplius</strong></span> <span class='ocrx_word' id='word_1_127' title='bbox 1518 1607 1531 1640; x_wconf 93' lang='lat'>:</span> <span class='ocrx_word' id='word_1_128' title='bbox 1566 1605 1686 1646; x_wconf 87' lang='lat' dir='ltr'><strong>nam</strong></span> 
     </span>
    </p>
   </div>
   <div class='ocr_carea' id='block_1_16' title="bbox 121 1682 1689 1755">
    <p class='ocr_par' dir='ltr' id='par_1_16' title="bbox 121 1682 1689 1755">
     <span class='ocr_line' id='line_1_16' title="bbox 121 1682 1689 1755; baseline 0.001 -21"><span class='ocrx_word' id='word_1_129' title='bbox 121 1698 232 1734; x_wconf 83' lang='lat' dir='ltr'><strong>eum</strong></span> <span class='ocrx_word' id='word_1_130' title='bbox 276 1682 539 1755; x_wconf 78' lang='lat' dir='ltr'><strong>subjecit,</strong></span> <span class='ocrx_word' id='word_1_131' title='bbox 581 1691 636 1736; x_wconf 90' lang='lat' dir='ltr'><strong>et</strong></span> <span class='ocrx_word' id='word_1_132' title='bbox 663 1684 931 1749; x_wconf 82' lang='lat' dir='ltr'><strong>captivum</strong></span> <span class='ocrx_word' id='word_1_133' title='bbox 967 1683 1215 1737; x_wconf 80' lang='lat' dir='ltr'><strong>reddidit.</strong></span> <span class='ocrx_word' id='word_1_134' title='bbox 1253 1683 1439 1734; x_wconf 78' lang='lat' dir='ltr'><strong>Petrus</strong></span> <span class='ocrx_word' id='word_1_135' title='bbox 1477 1695 1689 1749; x_wconf 79' lang='lat' dir='ltr'><strong>quoque</strong></span> 
     </span>
    </p>
   </div>
   <div class='ocr_carea' id='block_1_17' title="bbox 121 1771 1708 1841">
    <p class='ocr_par' dir='ltr' id='par_1_17' title="bbox 121 1771 1708 1841">
     <span class='ocr_line' id='line_1_17' title="bbox 121 1771 1708 1841; baseline -0.001 -15"><span class='ocrx_word' id='word_1_136' title='bbox 121 1788 221 1826; x_wconf 86' lang='lat' dir='ltr'><strong>non</strong></span> <span class='ocrx_word' id='word_1_137' title='bbox 249 1773 554 1826; x_wconf 62' lang='lat' dir='ltr'><strong>luctabitur</strong></span> <span class='ocrx_word' id='word_1_138' title='bbox 586 1787 707 1827; x_wconf 89' lang='lat' dir='ltr'><strong>cum</strong></span> <span class='ocrx_word' id='word_1_139' title='bbox 735 1772 985 1833; x_wconf 81' lang='lat' dir='ltr'><strong>diabolo.</strong></span> <span class='ocrx_word' id='word_1_140' title='bbox 1033 1773 1126 1826; x_wconf 88' lang='lat' dir='ltr'><strong>sed</strong></span> <span class='ocrx_word' id='word_1_141' title='bbox 1164 1773 1303 1841; x_wconf 86' lang='lat' dir='ltr'><strong>quod</strong></span> <span class='ocrx_word' id='word_1_142' title='bbox 1343 1781 1460 1825; x_wconf 88' lang='lat' dir='ltr'><strong>erat</strong></span> <span class='ocrx_word' id='word_1_143' title='bbox 1497 1771 1708 1826; x_wconf 64' lang='lat' dir='ltr'><strong>inelius</strong></span> 
     </span>
    </p>
   </div>
   <div class='ocr_carea' id='block_1_18' title="bbox 121 1863 1683 1933">
    <p class='ocr_par' dir='ltr' id='par_1_18' title="bbox 121 1863 1683 1933">
     <span class='ocr_line' id='line_1_18' title="bbox 121 1863 1683 1933; baseline -0.003 -17"><span class='ocrx_word' id='word_1_144' title='bbox 121 1881 270 1933; x_wconf 80' lang='lat' dir='ltr'><strong>quam</strong></span> <span class='ocrx_word' id='word_1_145' title='bbox 299 1865 515 1929; x_wconf 81' lang='lat' dir='ltr'><strong>luctari,</strong></span> <span class='ocrx_word' id='word_1_146' title='bbox 538 1863 590 1919; x_wconf 90' lang='lat' dir='ltr'><strong>id</strong></span> <span class='ocrx_word' id='word_1_147' title='bbox 611 1863 856 1919; x_wconf 73' lang='lat' dir='ltr'><strong>faciebat.</strong></span> <span class='ocrx_word' id='word_1_148' title='bbox 888 1865 1098 1918; x_wconf 77' lang='lat' dir='ltr'><strong>Fideles</strong></span> <span class='ocrx_word' id='word_1_149' title='bbox 1117 1865 1288 1928; x_wconf 64' lang='lat' dir='ltr'><strong>inuiti,</strong></span> <span class='ocrx_word' id='word_1_150' title='bbox 1310 1865 1683 1930; x_wconf 73' lang='lat' dir='ltr'><strong>obsequentes,</strong></span> 
     </span>
    </p>
   </div>
   <div class='ocr_carea' id='block_1_19' title="bbox 119 1955 1689 2034">
    <p class='ocr_par' dir='ltr' id='par_1_19' title="bbox 119 1955 1689 2034">
     <span class='ocr_line' id='line_1_19' title="bbox 119 1955 1689 2034; baseline 0.001 -26"><span class='ocrx_word' id='word_1_151' title='bbox 119 1955 476 2010; x_wconf 83' lang='lat' dir='ltr'><strong>catechumeui</strong></span> <span class='ocrx_word' id='word_1_152' title='bbox 526 1972 593 2010; x_wconf 78' lang='lat' dir='ltr'><strong>ex</strong></span> <span class='ocrx_word' id='word_1_153' title='bbox 638 1970 829 2034; x_wconf 80' lang='lat' dir='ltr'><strong>magna</strong></span> <span class='ocrx_word' id='word_1_154' title='bbox 871 1955 1359 2034; x_wconf 66' lang='lat' dir='ltr'><strong>supcrabnnilantia</strong></span> <span class='ocrx_word' id='word_1_155' title='bbox 1406 1955 1496 2006; x_wconf 88' lang='lat' dir='ltr'><strong>illo</strong></span> <span class='ocrx_word' id='word_1_156' title='bbox 1533 1962 1689 2026; x_wconf 80' lang='lat' dir='ltr'><strong>erant</strong></span> 
     </span>
    </p>
   </div>
   <div class='ocr_carea' id='block_1_20' title="bbox 117 2032 1688 2116">
    <p class='ocr_par' dir='ltr' id='par_1_20' title="bbox 117 2032 1688 2116">
     <span class='ocr_line' id='line_1_20' title="bbox 117 2032 1688 2116; baseline -0.003 -15"><span class='ocrx_word' id='word_1_157' title='bbox 117 2051 439 2116; x_wconf 74' lang='lat' dir='ltr'><strong>superiores.</strong></span> <span class='ocrx_word' id='word_1_158' title='bbox 472 2048 538 2101; x_wconf 84' lang='lat' dir='ltr'><strong>Et</strong></span> <span class='ocrx_word' id='word_1_159' title='bbox 563 2032 686 2101; x_wconf 85' lang='lat' dir='ltr'><strong>ideo</strong></span> <span class='ocrx_word' id='word_1_160' title='bbox 714 2032 940 2101; x_wconf 62' lang='lat' dir='ltr'><strong>dicebat-</strong></span> <span class='ocrx_word' id='word_1_161' title='bbox 964 2047 1150 2100; x_wconf 84' lang='lat' dir='ltr'><strong>beatus</strong></span> <span class='ocrx_word' id='word_1_162' title='bbox 1177 2047 1388 2102; x_wconf 79' lang='lat' dir='ltr'><strong>Paulus.</strong></span> <span class='ocrx_word' id='word_1_163' title='bbox 1418 2045 1537 2098; x_wconf 81' lang='lat' dir='ltr'><strong>Non</strong></span> <span class='ocrx_word' id='word_1_164' title='bbox 1557 2047 1688 2097; x_wconf 82' lang='lat' dir='ltr'><strong>enim</strong></span> 
     </span>
    </p>
   </div>
   <div class='ocr_carea' id='block_1_21' title="bbox 123 2136 1691 2210">
    <p class='ocr_par' dir='ltr' id='par_1_21' title="bbox 123 2136 1691 2210">
     <span class='ocr_line' id='line_1_21' title="bbox 123 2136 1691 2210; baseline 0.003 -21"><span class='ocrx_word' id='word_1_165' title='bbox 123 2141 404 2208; x_wconf 74' lang='lat' dir='ltr'><strong>ignoramus</strong></span> <span class='ocrx_word' id='word_1_166' title='bbox 445 2136 772 2210; x_wconf 72' lang='lat' dir='ltr'><strong>cogitationes</strong></span> <span class='ocrx_word' id='word_1_167' title='bbox 810 2141 924 2209; x_wconf 81' lang='lat' dir='ltr'><strong>ejus</strong></span> <span class='ocrx_word' id='word_1_168' title='bbox 954 2139 1049 2208; x_wconf 73' lang='grc'><strong>(2.</strong></span> <span class='ocrx_word' id='word_1_169' title='bbox 1091 2140 1210 2193; x_wconf 82' lang='lat' dir='ltr'><strong>Cor.</strong></span> <span class='ocrx_word' id='word_1_170' title='bbox 1259 2140 1312 2192; x_wconf 77' lang='lat'><strong>9..</strong></span> <span class='ocrx_word' id='word_1_171' title='bbox 1364 2141 1421 2193; x_wconf 85' lang='lat' dir='ltr'><strong>ll</strong></span> <span class='ocrx_word' id='word_1_172' title='bbox 1450 2141 1492 2206; x_wconf 94' lang='lat'><strong>).</strong></span> <span class='ocrx_word' id='word_1_173' title='bbox 1539 2138 1691 2194; x_wconf 86' lang='lat' dir='ltr'><strong>Unde</strong></span> 
     </span>
    </p>
   </div>
   <div class='ocr_carea' id='block_1_22' title="bbox 124 2231 1690 2299">
    <p class='ocr_par' dir='ltr' id='par_1_22' title="bbox 124 2231 1690 2299">
     <span class='ocr_line' id='line_1_22' title="bbox 124 2231 1690 2299; baseline 0.002 -18"><span class='ocrx_word' id='word_1_174' title='bbox 124 2232 271 2282; x_wconf 77' lang='lat' dir='ltr'><strong>etiam</strong></span> <span class='ocrx_word' id='word_1_175' title='bbox 299 2245 421 2283; x_wconf 88' lang='lat' dir='ltr'><strong>eum</strong></span> <span class='ocrx_word' id='word_1_176' title='bbox 467 2233 697 2287; x_wconf 80' lang='lat' dir='ltr'><strong>maxime</strong></span> <span class='ocrx_word' id='word_1_177' title='bbox 741 2233 1029 2299; x_wconf 79' lang='lat' dir='ltr'><strong>superavit.</strong></span> <span class='ocrx_word' id='word_1_178' title='bbox 1079 2232 1143 2284; x_wconf 86' lang='lat' dir='ltr'><strong>Et</strong></span> <span class='ocrx_word' id='word_1_179' title='bbox 1184 2246 1370 2285; x_wconf 90' lang='lat' dir='ltr'><strong>rursus</strong></span> <span class='ocrx_word' id='word_1_180' title='bbox 1406 2231 1529 2285; x_wconf 86' lang='lat' dir='ltr'><strong>audi</strong></span> <span class='ocrx_word' id='word_1_181' title='bbox 1569 2248 1690 2285; x_wconf 87' lang='lat' dir='ltr'><strong>eum</strong></span> 
     </span>
    </p>
   </div>
   <div class='ocr_carea' id='block_1_23' title="bbox 125 2320 1692 2393">
    <p class='ocr_par' dir='ltr' id='par_1_23' title="bbox 125 2320 1692 2393">
     <span class='ocr_line' id='line_1_23' title="bbox 125 2320 1692 2393; baseline 0 -21"><span class='ocrx_word' id='word_1_182' title='bbox 125 2321 401 2384; x_wconf 81' lang='lat' dir='ltr'><strong>dicentem,</strong></span> <span class='ocrx_word' id='word_1_183' title='bbox 436 2320 556 2378; x_wconf 70' lang='lat' dir='ltr'><strong>Non</strong></span> <span class='ocrx_word' id='word_1_184' title='bbox 591 2333 665 2374; x_wconf 77' lang='lat' dir='ltr'><strong>est</strong></span> <span class='ocrx_word' id='word_1_185' title='bbox 687 2323 872 2374; x_wconf 80' lang='lat' dir='ltr'><strong>mirum</strong></span> <span class='ocrx_word' id='word_1_186' title='bbox 892 2363 908 2385; x_wconf 91' lang='lat'><strong>,</strong></span> <span class='ocrx_word' id='word_1_187' title='bbox 936 2323 979 2374; x_wconf 89' lang='lat' dir='ltr'><strong>si</strong></span> <span class='ocrx_word' id='word_1_188' title='bbox 1009 2323 1224 2375; x_wconf 74' lang='lat' dir='ltr'><strong>ministri</strong></span> <span class='ocrx_word' id='word_1_189' title='bbox 1251 2323 1389 2375; x_wconf 87' lang='lat' dir='ltr'><strong>illius</strong></span> <span class='ocrx_word' id='word_1_190' title='bbox 1414 2325 1692 2393; x_wconf 80' lang='lat' dir='ltr'><strong>transﬁgu-</strong></span> 
     </span>
    </p>
   </div>
   <div class='ocr_carea' id='block_1_24' title="bbox 124 2412 1691 2484">
    <p class='ocr_par' dir='ltr' id='par_1_24' title="bbox 124 2412 1691 2484">
     <span class='ocr_line' id='line_1_24' title="bbox 124 2412 1691 2484; baseline 0.005 -22"><span class='ocrx_word' id='word_1_191' title='bbox 124 2421 292 2463; x_wconf 74' lang='lat' dir='ltr'><strong>rantur</strong></span> <span class='ocrx_word' id='word_1_192' title='bbox 319 2422 574 2481; x_wconf 77' lang='lat' dir='ltr'><strong>tarnquans</strong></span> <span class='ocrx_word' id='word_1_193' title='bbox 604 2413 821 2465; x_wconf 84' lang='lat' dir='ltr'><strong>ministri</strong></span> <span class='ocrx_word' id='word_1_194' title='bbox 835 2413 1058 2481; x_wconf 80' lang='lat' dir='ltr'><strong>justitite</strong></span> <span class='ocrx_word' id='word_1_195' title='bbox 1082 2412 1157 2484; x_wconf 73' lang='lat'><strong>(9..</strong></span> <span class='ocrx_word' id='word_1_196' title='bbox 1188 2413 1307 2467; x_wconf 84' lang='lat' dir='ltr'><strong>Cor.</strong></span> <span class='ocrx_word' id='word_1_197' title='bbox 1337 2415 1423 2468; x_wconf 77' lang='lat' dir='ltr'><strong>ll.</strong></span> <span class='ocrx_word' id='word_1_198' title='bbox 1453 2416 1541 2483; x_wconf 78' lang='grc'><strong>15)</strong></span> <span class='ocrx_word' id='word_1_199' title='bbox 1577 2434 1590 2468; x_wconf 95' lang='lat'><strong>:</strong></span> <span class='ocrx_word' id='word_1_200' title='bbox 1621 2416 1691 2470; x_wconf 78' lang='lat' dir='ltr'><strong>ita</strong></span> 
     </span>
    </p>
   </div>
   <div class='ocr_carea' id='block_1_25' title="bbox 129 2504 1690 2572">
    <p class='ocr_par' dir='ltr' id='par_1_25' title="bbox 129 2504 1690 2572">
     <span class='ocr_line' id='line_1_25' title="bbox 129 2504 1690 2572; baseline 0.007 -23"><span class='ocrx_word' id='word_1_201' title='bbox 129 2511 339 2554; x_wconf 83' lang='lat' dir='ltr'><strong>noverat</strong></span> <span class='ocrx_word' id='word_1_202' title='bbox 374 2517 589 2556; x_wconf 86' lang='lat' dir='ltr'><strong>omnem</strong></span> <span class='ocrx_word' id='word_1_203' title='bbox 631 2519 881 2572; x_wconf 80' lang='lat' dir='ltr'><strong>pugnam,</strong></span> <span class='ocrx_word' id='word_1_204' title='bbox 931 2513 985 2557; x_wconf 90' lang='lat' dir='ltr'><strong>et</strong></span> <span class='ocrx_word' id='word_1_205' title='bbox 1027 2504 1158 2560; x_wconf 74' lang='lat' dir='ltr'><strong>nillil</strong></span> <span class='ocrx_word' id='word_1_206' title='bbox 1185 2520 1306 2558; x_wconf 90' lang='lat' dir='ltr'><strong>eum</strong></span> <span class='ocrx_word' id='word_1_207' title='bbox 1334 2505 1549 2560; x_wconf 88' lang='lat' dir='ltr'><strong>latebat.</strong></span> <span class='ocrx_word' id='word_1_208' title='bbox 1589 2507 1690 2570; x_wconf 80' lang='lat' dir='ltr'><strong>Et,</strong></span> 
     </span>
    </p>
   </div>
   <div class='ocr_carea' id='block_1_26' title="bbox 129 2591 1695 2664">
    <p class='ocr_par' dir='ltr' id='par_1_26' title="bbox 129 2591 1695 2664">
     <span class='ocr_line' id='line_1_26' title="bbox 129 2591 1695 2664; baseline 0.004 -22"><span class='ocrx_word' id='word_1_209' title='bbox 129 2591 414 2660; x_wconf 66' lang='lat' dir='ltr'><strong>Hgsterium</strong></span> <span class='ocrx_word' id='word_1_210' title='bbox 466 2593 636 2656; x_wconf 72' lang='lat' dir='ltr'><strong>atina,</strong></span> <span class='ocrx_word' id='word_1_211' title='bbox 687 2593 898 2662; x_wconf 78' lang='lat' dir='ltr'><strong>inquit,</strong></span> <span class='ocrx_word' id='word_1_212' title='bbox 958 2595 1072 2663; x_wconf 82' lang='lat' dir='ltr'><strong>jam</strong></span> <span class='ocrx_word' id='word_1_213' title='bbox 1127 2607 1367 2664; x_wconf 74' lang='lat' dir='ltr'><strong>operatur</strong></span> <span class='ocrx_word' id='word_1_214' title='bbox 1415 2596 1695 2664; x_wconf 78' lang='lat' dir='ltr'><strong>iniquitatis</strong></span> 
     </span>
    </p>
   </div>
   <div class='ocr_carea' id='block_1_27' title="bbox 127 2680 1692 2754">
    <p class='ocr_par' dir='ltr' id='par_1_27' title="bbox 127 2680 1692 2754">
     <span class='ocr_line' id='line_1_27' title="bbox 127 2680 1692 2754; baseline 0.002 -19"><span class='ocrx_word' id='word_1_215' title='bbox 127 2682 197 2748; x_wconf 77' lang='grc' dir='ltr'><strong>(Ξ.</strong></span> <span class='ocrx_word' id='word_1_216' title='bbox 226 2680 401 2736; x_wconf 73' lang='lat' dir='ltr'><strong>Thess.</strong></span> <span class='ocrx_word' id='word_1_217' title='bbox 427 2683 482 2736; x_wconf 75' lang='lat'><strong>2.</strong></span> <span class='ocrx_word' id='word_1_218' title='bbox 512 2683 586 2748; x_wconf 88' lang='lat'><strong>7).</strong></span> <span class='ocrx_word' id='word_1_219' title='bbox 621 2682 728 2738; x_wconf 82' lang='lat' dir='ltr'><strong>Sed</strong></span> <span class='ocrx_word' id='word_1_220' title='bbox 756 2683 1016 2739; x_wconf 85' lang='lat' dir='ltr'><strong>adversus</strong></span> <span class='ocrx_word' id='word_1_221' title='bbox 1043 2700 1140 2740; x_wconf 90' lang='lat' dir='ltr'><strong>nos</strong></span> <span class='ocrx_word' id='word_1_222' title='bbox 1166 2686 1313 2754; x_wconf 84' lang='lat' dir='ltr'><strong>ipsos</strong></span> <span class='ocrx_word' id='word_1_223' title='bbox 1326 2696 1415 2741; x_wconf 71' lang='lat' dir='ltr'><strong>&#39;est</strong></span> <span class='ocrx_word' id='word_1_224' title='bbox 1433 2687 1692 2741; x_wconf 63' lang='lat' dir='ltr'><strong>colluctav</strong></span> 
     </span>
    </p>
   </div>
   <div class='ocr_carea' id='block_1_28' title="bbox 127 2771 1694 2842">
    <p class='ocr_par' dir='ltr' id='par_1_28' title="bbox 127 2771 1694 2842">
     <span class='ocr_line' id='line_1_28' title="bbox 127 2771 1694 2842; baseline 0.003 -18"><span class='ocrx_word' id='word_1_225' title='bbox 127 2775 214 2824; x_wconf 88' lang='lat' dir='ltr'><strong>tio.</strong></span> <span class='ocrx_word' id='word_1_226' title='bbox 231 2771 370 2826; x_wconf 76' lang='lat' dir='ltr'><strong>Nam</strong></span> <span class='ocrx_word' id='word_1_227' title='bbox 395 2773 516 2826; x_wconf 77' lang='lat' dir='ltr'><strong>audi</strong></span> <span class='ocrx_word' id='word_1_228' title='bbox 544 2789 668 2826; x_wconf 91' lang='lat' dir='ltr'><strong>eum</strong></span> <span class='ocrx_word' id='word_1_229' title='bbox 695 2790 882 2828; x_wconf 86' lang='lat' dir='ltr'><strong>rursus</strong></span> <span class='ocrx_word' id='word_1_230' title='bbox 909 2775 1194 2842; x_wconf 82' lang='lat' dir='ltr'><strong>dicentem,</strong></span> <span class='ocrx_word' id='word_1_231' title='bbox 1224 2775 1397 2830; x_wconf 84' lang='lat' dir='ltr'><strong>Certus</strong></span> <span class='ocrx_word' id='word_1_232' title='bbox 1417 2793 1528 2833; x_wconf 82' lang='lat' dir='ltr'><strong>sum</strong></span> <span class='ocrx_word' id='word_1_233' title='bbox 1558 2777 1694 2842; x_wconf 72' lang='lat' dir='ltr'><strong>mind</strong></span> 
     </span>
    </p>
   </div>
   <div class='ocr_carea' id='block_1_29' title="bbox 130 2865 1692 2936">
    <p class='ocr_par' dir='ltr' id='par_1_29' title="bbox 130 2865 1692 2936">
     <span class='ocr_line' id='line_1_29' title="bbox 130 2865 1692 2936; baseline 0.002 -21"><span class='ocrx_word' id='word_1_234' title='bbox 130 2877 276 2931; x_wconf 63' lang='lat' dir='ltr'><strong>nque</strong></span> <span class='ocrx_word' id='word_1_235' title='bbox 299 2865 499 2933; x_wconf 71' lang='lat' dir='ltr'><strong>angeli,</strong></span> <span class='ocrx_word' id='word_1_236' title='bbox 530 2881 691 2936; x_wconf 75' lang='lat' dir='ltr'><strong>neque</strong></span> <span class='ocrx_word' id='word_1_237' title='bbox 714 2865 1047 2932; x_wconf 78' lang='lat' dir='ltr'><strong>principatus,</strong></span> <span class='ocrx_word' id='word_1_238' title='bbox 1078 2883 1236 2936; x_wconf 76' lang='lat' dir='ltr'><strong>neque</strong></span> <span class='ocrx_word' id='word_1_239' title='bbox 1274 2876 1540 2935; x_wconf 85' lang='lat' dir='ltr'><strong>potestates</strong></span> <span class='ocrx_word' id='word_1_240' title='bbox 1558 2908 1571 2929; x_wconf 92' lang='lat'><strong>,</strong></span> <span class='ocrx_word' id='word_1_241' title='bbox 1601 2883 1692 2918; x_wconf 88' lang='lat' dir='ltr'><strong>ne-</strong></span> 
     </span>
    </p>
   </div>
   <div class='ocr_carea' id='block_1_30' title="bbox 124 2956 1695 3026">
    <p class='ocr_par' dir='ltr' id='par_1_30' title="bbox 124 2956 1695 3026">
     <span class='ocr_line' id='line_1_30' title="bbox 124 2956 1695 3026; baseline 0.001 -20"><span class='ocrx_word' id='word_1_242' title='bbox 124 2970 219 3018; x_wconf 71' lang='lat' dir='ltr'><strong>que</strong></span> <span class='ocrx_word' id='word_1_243' title='bbox 237 2956 473 3018; x_wconf 67' lang='lat' dir='ltr'><strong>uirtutes,</strong></span> <span class='ocrx_word' id='word_1_244' title='bbox 509 2971 672 3024; x_wconf 73' lang='lat' dir='ltr'><strong>neque</strong></span> <span class='ocrx_word' id='word_1_245' title='bbox 698 2957 964 3021; x_wconf 79' lang='lat' dir='ltr'><strong>instantia,</strong></span> <span class='ocrx_word' id='word_1_246' title='bbox 991 2973 1148 3026; x_wconf 82' lang='lat' dir='ltr'><strong>neque</strong></span> <span class='ocrx_word' id='word_1_247' title='bbox 1184 2962 1379 3026; x_wconf 75' lang='lat' dir='ltr'><strong>futura,</strong></span> <span class='ocrx_word' id='word_1_248' title='bbox 1411 2973 1568 3025; x_wconf 80' lang='lat' dir='ltr'><strong>neque</strong></span> <span class='ocrx_word' id='word_1_249' title='bbox 1591 2957 1695 3015; x_wconf 81' lang='lat' dir='ltr'><strong>alia</strong></span> 
     </span>
    </p>
   </div>
   <div class='ocr_carea' id='block_1_31' title="bbox 127 3046 1693 3120">
    <p class='ocr_par' dir='ltr' id='par_1_31' title="bbox 127 3046 1693 3120">
     <span class='ocr_line' id='line_1_31' title="bbox 127 3046 1693 3120; baseline 0.001 -22"><span class='ocrx_word' id='word_1_250' title='bbox 127 3056 349 3098; x_wconf 66' lang='lat' dir='ltr'><strong>natura</strong></span> <span class='ocrx_word' id='word_1_251' title='bbox 371 3049 552 3115; x_wconf 80' lang='lat' dir='ltr'><strong>poterit</strong></span> <span class='ocrx_word' id='word_1_252' title='bbox 575 3065 668 3101; x_wconf 81' lang='lat' dir='ltr'><strong>nos</strong></span> <span class='ocrx_word' id='word_1_253' title='bbox 691 3065 930 3116; x_wconf 83' lang='lat' dir='ltr'><strong>separare</strong></span> <span class='ocrx_word' id='word_1_254' title='bbox 957 3067 987 3100; x_wconf 90' lang='lat' dir='ltr'><strong>a</strong></span> <span class='ocrx_word' id='word_1_255' title='bbox 1016 3050 1281 3109; x_wconf 78' lang='lat' dir='ltr'><strong>dilectione</strong></span> <span class='ocrx_word' id='word_1_256' title='bbox 1308 3046 1496 3102; x_wconf 76' lang='lat' dir='ltr'><strong>Christi</strong></span> <span class='ocrx_word' id='word_1_257' title='bbox 1515 3048 1693 3120; x_wconf 81' lang='lat' dir='ltr'><strong>(Rom,</strong></span> 
     </span>
    </p>
   </div>
   <div class='ocr_carea' id='block_1_32' title="bbox 126 3138 1698 3208">
    <p class='ocr_par' dir='ltr' id='par_1_32' title="bbox 126 3138 1698 3208">
     <span class='ocr_line' id='line_1_32' title="bbox 126 3138 1698 3208; baseline 0.002 -18"><span class='ocrx_word' id='word_1_258' title='bbox 126 3138 179 3190; x_wconf 68' lang='grc' dir='ltr'><strong>θ.</strong></span> <span class='ocrx_word' id='word_1_259' title='bbox 206 3139 291 3192; x_wconf 80' lang='lat'><strong>&#39;58.</strong></span> <span class='ocrx_word' id='word_1_260' title='bbox 319 3139 432 3208; x_wconf 72' lang='lat'><strong>39).</strong></span> <span class='ocrx_word' id='word_1_261' title='bbox 464 3138 581 3193; x_wconf 81' lang='lat' dir='ltr'><strong>Non</strong></span> <span class='ocrx_word' id='word_1_262' title='bbox 612 3139 785 3205; x_wconf 77' lang='lat' dir='ltr'><strong>dixit,</strong></span> <span class='ocrx_word' id='word_1_263' title='bbox 832 3143 872 3194; x_wconf 75' lang='grc' dir='ltr'>Α</span> <span class='ocrx_word' id='word_1_264' title='bbox 917 3139 1128 3192; x_wconf 85' lang='lat' dir='ltr'><strong>Christo</strong></span> <span class='ocrx_word' id='word_1_265' title='bbox 1148 3181 1164 3204; x_wconf 93' lang='lat'><strong>,</strong></span> <span class='ocrx_word' id='word_1_266' title='bbox 1214 3140 1329 3200; x_wconf 83' lang='lat' dir='ltr'><strong>sed,</strong></span> <span class='ocrx_word' id='word_1_267' title='bbox 1352 3142 1391 3192; x_wconf 84' lang='lat' dir='ltr'><strong><em>A</em></strong></span> <span class='ocrx_word' id='word_1_268' title='bbox 1433 3141 1698 3194; x_wconf 80' lang='lat' dir='ltr'><strong>dilectione</strong></span> 
     </span>
    </p>
   </div>
   <div class='ocr_carea' id='block_1_33' title="bbox 132 3220 1697 3300">
    <p class='ocr_par' dir='ltr' id='par_1_33' title="bbox 132 3220 1697 3300">
     <span class='ocr_line' id='line_1_33' title="bbox 132 3220 1697 3300; baseline 0.003 -19"><span class='ocrx_word' id='word_1_269' title='bbox 132 3220 312 3282; x_wconf 66' lang='lat' dir='ltr'><strong>Christi</strong></span> <span class='ocrx_word' id='word_1_270' title='bbox 338 3245 358 3282; x_wconf 89' lang='lat'><strong><em>:</em></strong></span> <span class='ocrx_word' id='word_1_271' title='bbox 385 3245 506 3284; x_wconf 81' lang='lat' dir='ltr'><strong>nam</strong></span> <span class='ocrx_word' id='word_1_272' title='bbox 537 3230 690 3282; x_wconf 91' lang='lat' dir='ltr'><strong>multi</strong></span> <span class='ocrx_word' id='word_1_273' title='bbox 729 3240 854 3283; x_wconf 86' lang='lat' dir='ltr'><strong>sunt</strong></span> <span class='ocrx_word' id='word_1_274' title='bbox 880 3229 1011 3283; x_wconf 90' lang='lat' dir='ltr'><strong>uniti</strong></span> <span class='ocrx_word' id='word_1_275' title='bbox 1034 3229 1252 3287; x_wconf 84' lang='lat' dir='ltr'><strong>Christo</strong></span> <span class='ocrx_word' id='word_1_276' title='bbox 1273 3271 1287 3294; x_wconf 88' lang='lat'><strong>,</strong></span> <span class='ocrx_word' id='word_1_277' title='bbox 1319 3232 1493 3300; x_wconf 83' lang='lat' dir='ltr'><strong>ipsum</strong></span> <span class='ocrx_word' id='word_1_278' title='bbox 1519 3241 1697 3286; x_wconf 89' lang='lat' dir='ltr'><strong>autem</strong></span> 
     </span>
    </p>
   </div>
   <div class='ocr_carea' id='block_1_34' title="bbox 121 3317 1699 3391">
    <p class='ocr_par' dir='ltr' id='par_1_34' title="bbox 121 3317 1699 3391">
     <span class='ocr_line' id='line_1_34' title="bbox 121 3317 1699 3391; baseline 0.002 -20"><span class='ocrx_word' id='word_1_279' title='bbox 121 3332 232 3381; x_wconf 72' lang='lat' dir='ltr'><strong>non</strong></span> <span class='ocrx_word' id='word_1_280' title='bbox 259 3318 561 3388; x_wconf 70' lang='lat' dir='ltr'><strong>diligentes.</strong></span> <span class='ocrx_word' id='word_1_281' title='bbox 589 3317 704 3371; x_wconf 81' lang='lat' dir='ltr'><strong>Non</strong></span> <span class='ocrx_word' id='word_1_282' title='bbox 731 3319 905 3372; x_wconf 80' lang='lat' dir='ltr'><strong>solum</strong></span> <span class='ocrx_word' id='word_1_283' title='bbox 926 3360 942 3382; x_wconf 86' lang='lat'><strong>,</strong></span> <span class='ocrx_word' id='word_1_284' title='bbox 978 3319 1186 3391; x_wconf 85' lang='lat' dir='ltr'><strong>inquit,</strong></span> <span class='ocrx_word' id='word_1_285' title='bbox 1216 3333 1322 3373; x_wconf 90' lang='lat' dir='ltr'><strong>non</strong></span> <span class='ocrx_word' id='word_1_286' title='bbox 1355 3321 1699 3389; x_wconf 79' lang='lat' dir='ltr'><strong>persuadebis</strong></span> 
     </span>
    </p>
   </div>
   <div class='ocr_carea' id='block_1_35' title="bbox 135 3407 1698 3481">
    <p class='ocr_par' dir='ltr' id='par_1_35' title="bbox 135 3407 1698 3481">
     <span class='ocr_line' id='line_1_35' title="bbox 135 3407 1698 3481; baseline 0.004 -23"><span class='ocrx_word' id='word_1_287' title='bbox 135 3415 190 3459; x_wconf 92' lang='lat' dir='ltr'><strong>t</strong></span> <span class='ocrx_word' id='word_1_288' title='bbox 210 3423 392 3476; x_wconf 80' lang='lat' dir='ltr'><strong>negem</strong></span> <span class='ocrx_word' id='word_1_289' title='bbox 412 3450 428 3471; x_wconf 85' lang='lat'><strong>,</strong></span> <span class='ocrx_word' id='word_1_290' title='bbox 458 3407 554 3461; x_wconf 79' lang='lat' dir='ltr'><strong>sed</strong></span> <span class='ocrx_word' id='word_1_291' title='bbox 583 3422 684 3461; x_wconf 78' lang='lat' dir='ltr'><strong>nec</strong></span> <span class='ocrx_word' id='word_1_292' title='bbox 707 3418 765 3462; x_wconf 87' lang='lat' dir='ltr'><strong>ut</strong></span> <span class='ocrx_word' id='word_1_293' title='bbox 791 3423 913 3481; x_wconf 88' lang='lat' dir='ltr'><strong>eum</strong></span> <span class='ocrx_word' id='word_1_294' title='bbox 945 3409 1120 3462; x_wconf 90' lang='lat' dir='ltr'><strong>minus</strong></span> <span class='ocrx_word' id='word_1_295' title='bbox 1146 3408 1384 3479; x_wconf 83' lang='lat' dir='ltr'><strong>diligam.</strong></span> <span class='ocrx_word' id='word_1_296' title='bbox 1421 3410 1477 3465; x_wconf 90' lang='lat' dir='ltr'><strong>Si</strong></span> <span class='ocrx_word' id='word_1_297' title='bbox 1517 3421 1698 3465; x_wconf 85' lang='lat' dir='ltr'><strong>autem</strong></span> 
     </span>
    </p>
   </div>
   <div class='ocr_carea' id='block_1_36' title="bbox 135 3497 1698 3570">
    <p class='ocr_par' dir='ltr' id='par_1_36' title="bbox 135 3497 1698 3570">
     <span class='ocr_line' id='line_1_36' title="bbox 135 3497 1698 3570; baseline 0.004 -21"><span class='ocrx_word' id='word_1_298' title='bbox 135 3510 370 3566; x_wconf 76' lang='lat' dir='ltr'><strong>superna:</strong></span> <span class='ocrx_word' id='word_1_299' title='bbox 388 3499 614 3552; x_wconf 79' lang='lat' dir='ltr'><strong>virtutes</strong></span> <span class='ocrx_word' id='word_1_300' title='bbox 642 3497 746 3552; x_wconf 77' lang='lat' dir='ltr'><strong>hoc</strong></span> <span class='ocrx_word' id='word_1_301' title='bbox 772 3514 879 3552; x_wconf 89' lang='lat' dir='ltr'><strong>non</strong></span> <span class='ocrx_word' id='word_1_302' title='bbox 909 3499 1236 3568; x_wconf 83' lang='lat' dir='ltr'><strong>potuissent,</strong></span> <span class='ocrx_word' id='word_1_303' title='bbox 1265 3502 1386 3570; x_wconf 88' lang='lat' dir='ltr'><strong>quis</strong></span> <span class='ocrx_word' id='word_1_304' title='bbox 1411 3501 1549 3554; x_wconf 88' lang='lat' dir='ltr'><strong>alius</strong></span> <span class='ocrx_word' id='word_1_305' title='bbox 1576 3517 1698 3555; x_wconf 89' lang='lat' dir='ltr'><strong>eum</strong></span> 
     </span>
    </p>
   </div>
   <div class='ocr_carea' id='block_1_37' title="bbox 137 3587 1703 3644">
    <p class='ocr_par' dir='ltr' id='par_1_37' title="bbox 137 3587 1703 3644">
     <span class='ocr_line' id='line_1_37' title="bbox 137 3587 1703 3644; baseline 0.003 -4"><span class='ocrx_word' id='word_1_306' title='bbox 137 3592 572 3644; x_wconf 75' lang='lat' dir='ltr'><strong>transmutasset‘l</strong></span> <span class='ocrx_word' id='word_1_307' title='bbox 607 3587 724 3641; x_wconf 80' lang='lat' dir='ltr'><strong>Non</strong></span> <span class='ocrx_word' id='word_1_308' title='bbox 758 3588 859 3642; x_wconf 89' lang='lat' dir='ltr'><strong>hoc</strong></span> <span class='ocrx_word' id='word_1_309' title='bbox 887 3600 1064 3643; x_wconf 87' lang='lat' dir='ltr'><strong>autem</strong></span> <span class='ocrx_word' id='word_1_310' title='bbox 1103 3589 1232 3642; x_wconf 82' lang='lat' dir='ltr'><strong>dicit</strong></span> <span class='ocrx_word' id='word_1_311' title='bbox 1275 3605 1340 3643; x_wconf 89' lang='lat' dir='ltr'><strong>ac</strong></span> <span class='ocrx_word' id='word_1_312' title='bbox 1379 3592 1422 3644; x_wconf 90' lang='lat' dir='ltr'><strong>si</strong></span> <span class='ocrx_word' id='word_1_313' title='bbox 1465 3593 1571 3644; x_wconf 66' lang='lat' dir='ltr'><strong>illa:</strong></span> <span class='ocrx_word' id='word_1_314' title='bbox 1602 3592 1703 3644; x_wconf 85' lang='lat' dir='ltr'><strong>hoc</strong></span> 
     </span>
    </p>
   </div>
   <div class='ocr_carea' id='block_1_38' title="bbox 139 3680 1700 3752">
    <p class='ocr_par' dir='ltr' id='par_1_38' title="bbox 139 3680 1700 3752">
     <span class='ocr_line' id='line_1_38' title="bbox 139 3680 1700 3752; baseline 0.003 -21"><span class='ocrx_word' id='word_1_315' title='bbox 139 3681 542 3749; x_wconf 76' lang='lat' dir='ltr'><strong>aggrederetur</strong></span> <span class='ocrx_word' id='word_1_316' title='bbox 563 3723 580 3746; x_wconf 94' lang='lat'><strong>,</strong></span> <span class='ocrx_word' id='word_1_317' title='bbox 612 3680 707 3734; x_wconf 87' lang='lat' dir='ltr'><strong>sed</strong></span> <span class='ocrx_word' id='word_1_318' title='bbox 743 3696 847 3750; x_wconf 85' lang='lat' dir='ltr'><strong>per</strong></span> <span class='ocrx_word' id='word_1_319' title='bbox 888 3681 1247 3752; x_wconf 75' lang='lat' dir='ltr'><strong>hypotbesim.</strong></span> <span class='ocrx_word' id='word_1_320' title='bbox 1277 3682 1344 3735; x_wconf 85' lang='lat' dir='ltr'><strong>Et</strong></span> <span class='ocrx_word' id='word_1_321' title='bbox 1373 3683 1512 3744; x_wconf 16' lang='lat' dir='ltr'><strong>ideo,</strong></span> <span class='ocrx_word' id='word_1_322' title='bbox 1532 3683 1660 3736; x_wconf 89' lang='lat' dir='ltr'><strong>dicit</strong></span> <span class='ocrx_word' id='word_1_323' title='bbox 1682 3724 1700 3748; x_wconf 95' lang='lat'><strong>,</strong></span> 
     </span>
    </p>
   </div>
   <div class='ocr_carea' id='block_1_39' title="bbox 141 3769 1704 3840">
    <p class='ocr_par' dir='ltr' id='par_1_39' title="bbox 141 3769 1704 3840">
     <span class='ocr_line' id='line_1_39' title="bbox 141 3769 1704 3840; baseline 0.001 -15"><span class='ocrx_word' id='word_1_324' title='bbox 141 3772 306 3825; x_wconf 63' lang='lat' dir='ltr'><strong>Certa</strong></span> <span class='ocrx_word' id='word_1_325' title='bbox 323 3788 453 3836; x_wconf 74' lang='grc' dir='ltr'>ιιιιιι,</span> <span class='ocrx_word' id='word_1_326' title='bbox 486 3786 604 3836; x_wconf 80' lang='lat' dir='ltr'><strong>seu,</strong></span> <span class='ocrx_word' id='word_1_327' title='bbox 638 3771 737 3826; x_wconf 84' lang='lat' dir='ltr'><strong>Est</strong></span> <span class='ocrx_word' id='word_1_328' title='bbox 764 3769 891 3824; x_wconf 87' lang='lat' dir='ltr'><strong>mibi</strong></span> <span class='ocrx_word' id='word_1_329' title='bbox 923 3785 1257 3839; x_wconf 73' lang='lat' dir='ltr'><strong>persuasum.</strong></span> <span class='ocrx_word' id='word_1_330' title='bbox 1290 3771 1456 3840; x_wconf 82' lang='lat' dir='ltr'><strong>Igitur</strong></span> <span class='ocrx_word' id='word_1_331' title='bbox 1480 3788 1586 3825; x_wconf 90' lang='lat' dir='ltr'><strong>non</strong></span> <span class='ocrx_word' id='word_1_332' title='bbox 1617 3773 1704 3827; x_wconf 87' lang='lat' dir='ltr'><strong>lu-</strong></span> 
     </span>
    </p>
   </div>
   <div class='ocr_carea' id='block_1_40' title="bbox 141 3862 1702 3934">
    <p class='ocr_par' dir='ltr' id='par_1_40' title="bbox 141 3862 1702 3934">
     <span class='ocr_line' id='line_1_40' title="bbox 141 3862 1702 3934; baseline 0.003 -20"><span class='ocrx_word' id='word_1_333' title='bbox 141 3863 398 3926; x_wconf 79' lang='lat' dir='ltr'><strong>ctabatur,</strong></span> <span class='ocrx_word' id='word_1_334' title='bbox 427 3862 525 3916; x_wconf 81' lang='lat' dir='ltr'><strong>sed</strong></span> <span class='ocrx_word' id='word_1_335' title='bbox 553 3863 930 3934; x_wconf 64' lang='lat' dir='ltr'><strong>tamemtimet</strong></span> <span class='ocrx_word' id='word_1_336' title='bbox 968 3865 1086 3932; x_wconf 87' lang='lat' dir='ltr'><strong>ejus</strong></span> <span class='ocrx_word' id='word_1_337' title='bbox 1119 3863 1366 3916; x_wconf 81' lang='lat' dir='ltr'><strong>astutias.</strong></span> <span class='ocrx_word' id='word_1_338' title='bbox 1400 3865 1536 3920; x_wconf 88' lang='lat' dir='ltr'><strong>Audi</strong></span> <span class='ocrx_word' id='word_1_339' title='bbox 1559 3865 1702 3919; x_wconf 90' lang='lat' dir='ltr'><strong>enim</strong></span> 
     </span>
    </p>
   </div>
   <div class='ocr_carea' id='block_1_41' title="bbox 143 3951 1708 4030">
    <p class='ocr_par' dir='ltr' id='par_1_41' title="bbox 143 3951 1708 4030">
     <span class='ocr_line' id='line_1_41' title="bbox 143 3951 1708 4030; baseline 0.004 -26"><span class='ocrx_word' id='word_1_340' title='bbox 143 3967 252 4005; x_wconf 86' lang='lat' dir='ltr'><strong>eum</strong></span> <span class='ocrx_word' id='word_1_341' title='bbox 279 3952 566 4030; x_wconf 76' lang='lat' dir='ltr'><strong>dicentem,</strong></span> <span class='ocrx_word' id='word_1_342' title='bbox 613 3951 791 4007; x_wconf 72' lang='lat' dir='ltr'><strong>Timeo</strong></span> <span class='ocrx_word' id='word_1_343' title='bbox 829 3954 965 4007; x_wconf 86' lang='lat' dir='ltr'><strong>enim</strong></span> <span class='ocrx_word' id='word_1_344' title='bbox 1006 3970 1089 4020; x_wconf 88' lang='lat' dir='ltr'><strong>ne,</strong></span> <span class='ocrx_word' id='word_1_345' title='bbox 1139 3957 1270 4030; x_wconf 82' lang='lat' dir='ltr'><strong>sicut</strong></span> <span class='ocrx_word' id='word_1_346' title='bbox 1304 3971 1508 4022; x_wconf 80' lang='lat' dir='ltr'><strong>serpens</strong></span> <span class='ocrx_word' id='word_1_347' title='bbox 1546 3955 1708 4011; x_wconf 80' lang='lat' dir='ltr'><strong>anm</strong></span> 
     </span>
    </p>
   </div>
   <div class='ocr_carea' id='block_1_42' title="bbox 145 4029 1708 4113">
    <p class='ocr_par' dir='ltr' id='par_1_42' title="bbox 145 4029 1708 4113">
     <span class='ocr_line' id='line_1_42' title="bbox 145 4029 1708 4113; baseline 0.004 -19"><span class='ocrx_word' id='word_1_348' title='bbox 145 4029 339 4096; x_wconf 70' lang='lat' dir='ltr'><strong>m1</strong></span> <span class='ocrx_word' id='word_1_349' title='bbox 354 4045 542 4097; x_wconf 79' lang='lat' dir='ltr'><strong>astutia</strong></span> <span class='ocrx_word' id='word_1_350' title='bbox 566 4059 660 4096; x_wconf 77' lang='lat' dir='ltr'><strong>sua</strong></span> <span class='ocrx_word' id='word_1_351' title='bbox 678 4085 694 4108; x_wconf 95' lang='lat'><strong>,</strong></span> <span class='ocrx_word' id='word_1_352' title='bbox 724 4045 798 4096; x_wconf 88' lang='lat' dir='ltr'><strong>ita</strong></span> <span class='ocrx_word' id='word_1_353' title='bbox 825 4053 1215 4113; x_wconf 81' lang='lat' dir='ltr'><strong>corrumpantur</strong></span> <span class='ocrx_word' id='word_1_354' title='bbox 1242 4029 1416 4100; x_wconf 62' lang='lat' dir='ltr'><strong>iensus</strong></span> <span class='ocrx_word' id='word_1_355' title='bbox 1444 4047 1594 4100; x_wconf 80' lang='lat' dir='ltr'><strong>vestri</strong></span> <span class='ocrx_word' id='word_1_356' title='bbox 1617 4089 1632 4111; x_wconf 93' lang='lat'><strong>,</strong></span> <span class='ocrx_word' id='word_1_357' title='bbox 1657 4057 1708 4104; x_wconf 79' lang='lat' dir='ltr'><strong>rt</strong></span> 
     </span>
    </p>
   </div>
   <div class='ocr_carea' id='block_1_43' title="bbox 143 4131 1704 4206">
    <p class='ocr_par' dir='ltr' id='par_1_43' title="bbox 143 4131 1704 4206">
     <span class='ocr_line' id='line_1_43' title="bbox 143 4131 1704 4206; baseline 0.003 -20"><span class='ocrx_word' id='word_1_358' title='bbox 143 4137 367 4187; x_wconf 69' lang='lat' dir='ltr'><strong>excidat</strong></span> <span class='ocrx_word' id='word_1_359' title='bbox 393 4152 426 4187; x_wconf 82' lang='grc' dir='ltr'><strong>ιι</strong></span> <span class='ocrx_word' id='word_1_360' title='bbox 451 4133 779 4204; x_wconf 77' lang='lat' dir='ltr'><strong>simplicitate</strong></span> <span class='ocrx_word' id='word_1_361' title='bbox 799 4143 914 4204; x_wconf 61' lang='lat' dir='ltr'><strong>qua</strong></span> <span class='ocrx_word' id='word_1_362' title='bbox 950 4145 1023 4188; x_wconf 82' lang='lat' dir='ltr'><strong>est</strong></span> <span class='ocrx_word' id='word_1_363' title='bbox 1048 4137 1100 4187; x_wconf 88' lang='lat' dir='ltr'><strong>in</strong></span> <span class='ocrx_word' id='word_1_364' title='bbox 1129 4133 1329 4190; x_wconf 75' lang='lat' dir='ltr'><strong>Christo</strong></span> <span class='ocrx_word' id='word_1_365' title='bbox 1355 4131 1431 4206; x_wconf 76' lang='lat'><strong>(‘2.</strong></span> <span class='ocrx_word' id='word_1_366' title='bbox 1465 4136 1584 4191; x_wconf 83' lang='lat' dir='ltr'><strong>Cor.</strong></span> <span class='ocrx_word' id='word_1_367' title='bbox 1615 4138 1704 4195; x_wconf 80' lang='lat' dir='ltr'><strong>il.</strong></span> 
     </span>
    </p>
   </div>
   <div class='ocr_carea' id='block_1_44' title="bbox 145 4221 1708 4294">
    <p class='ocr_par' dir='ltr' id='par_1_44' title="bbox 145 4221 1708 4294">
     <span class='ocr_line' id='line_1_44' title="bbox 145 4221 1708 4294; baseline 0.002 -17"><span class='ocrx_word' id='word_1_368' title='bbox 145 4221 216 4294; x_wconf 78' lang='lat'><strong>5).</strong></span> <span class='ocrx_word' id='word_1_369' title='bbox 244 4224 411 4278; x_wconf 78' lang='lat' dir='ltr'><strong>Etiam</strong></span> <span class='ocrx_word' id='word_1_370' title='bbox 432 4267 448 4286; x_wconf 86' lang='lat'><strong>,</strong></span> <span class='ocrx_word' id='word_1_371' title='bbox 478 4223 607 4277; x_wconf 81' lang='lat' dir='ltr'><strong>dicit</strong></span> <span class='ocrx_word' id='word_1_372' title='bbox 635 4241 649 4276; x_wconf 89' lang='lat'><strong>:</strong></span> <span class='ocrx_word' id='word_1_373' title='bbox 679 4232 736 4278; x_wconf 88' lang='lat' dir='ltr'><strong>ct</strong></span> <span class='ocrx_word' id='word_1_374' title='bbox 763 4239 861 4292; x_wconf 88' lang='lat' dir='ltr'><strong>pro</strong></span> <span class='ocrx_word' id='word_1_375' title='bbox 895 4225 1075 4294; x_wconf 83' lang='lat' dir='ltr'><strong>seipso</strong></span> <span class='ocrx_word' id='word_1_376' title='bbox 1103 4225 1270 4281; x_wconf 81' lang='lat' dir='ltr'><strong>utitur</strong></span> <span class='ocrx_word' id='word_1_377' title='bbox 1299 4225 1399 4278; x_wconf 89' lang='lat' dir='ltr'><strong>hoc</strong></span> <span class='ocrx_word' id='word_1_378' title='bbox 1431 4227 1594 4282; x_wconf 79' lang='lat' dir='ltr'><strong>verbo</strong></span> <span class='ocrx_word' id='word_1_379' title='bbox 1623 4225 1708 4280; x_wconf 79' lang='lat' dir='ltr'><strong>di-</strong></span> 
     </span>
    </p>
   </div>
   <div class='ocr_carea' id='block_1_45' title="bbox 146 4309 1710 4384">
    <p class='ocr_par' dir='ltr' id='par_1_45' title="bbox 146 4309 1710 4384">
     <span class='ocr_line' id='line_1_45' title="bbox 146 4309 1710 4384; baseline 0.001 -17"><span class='ocrx_word' id='word_1_380' title='bbox 146 4328 281 4379; x_wconf 81' lang='lat' dir='ltr'><strong>cens,</strong></span> <span class='ocrx_word' id='word_1_381' title='bbox 307 4312 483 4367; x_wconf 83' lang='lat' dir='ltr'><strong>Timeo</strong></span> <span class='ocrx_word' id='word_1_382' title='bbox 507 4316 641 4367; x_wconf 78' lang='lat' dir='ltr'><strong>enim</strong></span> <span class='ocrx_word' id='word_1_383' title='bbox 666 4330 729 4366; x_wconf 82' lang='lat' dir='ltr'><strong>ne</strong></span> <span class='ocrx_word' id='word_1_384' title='bbox 747 4317 897 4384; x_wconf 80' lang='lat' dir='ltr'><strong>forte,</strong></span> <span class='ocrx_word' id='word_1_385' title='bbox 927 4331 1042 4367; x_wconf 83' lang='lat' dir='ltr'><strong>cum</strong></span> <span class='ocrx_word' id='word_1_386' title='bbox 1071 4315 1188 4368; x_wconf 85' lang='lat' dir='ltr'><strong>aliis</strong></span> <span class='ocrx_word' id='word_1_387' title='bbox 1214 4314 1575 4384; x_wconf 71' lang='lat' dir='ltr'><strong>prmdieavero,</strong></span> <span class='ocrx_word' id='word_1_388' title='bbox 1598 4309 1710 4384; x_wconf 79' lang='lat' dir='ltr'><strong>ipse</strong></span> 
     </span>
    </p>
   </div>
   <div class='ocr_carea' id='block_1_46' title="bbox 147 4404 1712 4481">
    <p class='ocr_par' dir='ltr' id='par_1_46' title="bbox 147 4404 1712 4481">
     <span class='ocr_line' id='line_1_46' title="bbox 147 4404 1712 4481; baseline 0.002 -23"><span class='ocrx_word' id='word_1_389' title='bbox 147 4409 370 4476; x_wconf 75' lang='lat' dir='ltr'><strong>reprobus</strong></span> <span class='ocrx_word' id='word_1_390' title='bbox 410 4407 596 4477; x_wconf 60' lang='grc' dir='ltr'><em>Φθίαν</em></span> <span class='ocrx_word' id='word_1_391' title='bbox 641 4408 717 4475; x_wconf 88' lang='grc' dir='ltr'><strong>(Ι.</strong></span> <span class='ocrx_word' id='word_1_392' title='bbox 761 4405 880 4460; x_wconf 84' lang='lat' dir='ltr'><strong>Cor.</strong></span> <span class='ocrx_word' id='word_1_393' title='bbox 909 4405 966 4459; x_wconf 79' lang='lat'><strong>9.</strong></span> <span class='ocrx_word' id='word_1_394' title='bbox 1002 4404 1123 4476; x_wconf 76' lang='lat'><strong>27).</strong></span> <span class='ocrx_word' id='word_1_395' title='bbox 1151 4406 1430 4481; x_wconf 80' lang='lat' dir='ltr'><strong>Quomodo</strong></span> <span class='ocrx_word' id='word_1_396' title='bbox 1469 4423 1599 4476; x_wconf 81' lang='lat' dir='ltr'><strong>ergo</strong></span> <span class='ocrx_word' id='word_1_397' title='bbox 1627 4418 1712 4463; x_wconf 83' lang='lat' dir='ltr'><strong>est</strong></span> 
     </span>
    </p>
   </div>
   <div class='ocr_carea' id='block_1_47' title="bbox 149 4498 1342 4568">
    <p class='ocr_par' dir='ltr' id='par_1_47' title="bbox 149 4498 1342 4568">
     <span class='ocr_line' id='line_1_47' title="bbox 149 4498 1342 4568; baseline 0.001 -18"><span class='ocrx_word' id='word_1_398' title='bbox 149 4498 232 4550; x_wconf 85' lang='lat' dir='ltr'><strong>tibi</strong></span> <span class='ocrx_word' id='word_1_399' title='bbox 258 4512 567 4567; x_wconf 73' lang='lat' dir='ltr'><strong>perurasum</strong></span> <span class='ocrx_word' id='word_1_400' title='bbox 593 4498 735 4568; x_wconf 87' lang='lat' dir='ltr'><strong>quod</strong></span> <span class='ocrx_word' id='word_1_401' title='bbox 766 4512 924 4554; x_wconf 90' lang='lat' dir='ltr'><strong>nemo</strong></span> <span class='ocrx_word' id='word_1_402' title='bbox 952 4508 1004 4551; x_wconf 89' lang='lat' dir='ltr'><strong>te</strong></span> <span class='ocrx_word' id='word_1_403' title='bbox 1033 4499 1342 4566; x_wconf 82' lang='lat' dir='ltr'><strong>separabit?</strong></span> 
     </span>
    </p>
   </div>
   <div class='ocr_carea' id='block_1_48' title="bbox 211 4590 1679 4660">
    <p class='ocr_par' dir='ltr' id='par_1_48' title="bbox 211 4590 1679 4660">
     <span class='ocr_line' id='line_1_48' title="bbox 211 4590 1679 4660; baseline 0.001 -16"><span class='ocrx_word' id='word_1_404' title='bbox 211 4591 261 4644; x_wconf 67' lang='grc' dir='ltr'><strong>δ’.</strong></span> <span class='ocrx_word' id='word_1_405' title='bbox 291 4590 450 4644; x_wconf 79' lang='lat' dir='ltr'><strong>Vides</strong></span> <span class='ocrx_word' id='word_1_406' title='bbox 475 4592 615 4660; x_wconf 86' lang='lat' dir='ltr'><strong>quod</strong></span> <span class='ocrx_word' id='word_1_407' title='bbox 642 4590 746 4644; x_wconf 87' lang='lat' dir='ltr'><strong>hoc</strong></span> <span class='ocrx_word' id='word_1_408' title='bbox 770 4591 992 4644; x_wconf 89' lang='lat' dir='ltr'><strong>verbum</strong></span> <span class='ocrx_word' id='word_1_409' title='bbox 1024 4592 1093 4644; x_wconf 89' lang='lat' dir='ltr'><strong>sit</strong></span> <span class='ocrx_word' id='word_1_410' title='bbox 1139 4591 1453 4651; x_wconf 85' lang='lat' dir='ltr'><strong>humilitatis</strong></span> <span class='ocrx_word' id='word_1_411' title='bbox 1492 4605 1546 4649; x_wconf 88' lang='lat' dir='ltr'><strong>et</strong></span> <span class='ocrx_word' id='word_1_412' title='bbox 1591 4611 1679 4646; x_wconf 90' lang='lat' dir='ltr'><strong>mo</strong></span> 
     </span>
    </p>
   </div>
   <div class='ocr_carea' id='block_1_49' title="bbox 149 4680 1708 4749">
    <p class='ocr_par' dir='ltr' id='par_1_49' title="bbox 149 4680 1708 4749">
     <span class='ocr_line' id='line_1_49' title="bbox 149 4680 1708 4749; baseline 0.001 -13"><span class='ocrx_word' id='word_1_413' title='bbox 149 4680 337 4736; x_wconf 60' lang='lat' dir='ltr'><strong>desiit.</strong></span> <span class='ocrx_word' id='word_1_414' title='bbox 359 4680 455 4736; x_wconf 87' lang='lat' dir='ltr'><strong>Ille</strong></span> <span class='ocrx_word' id='word_1_415' title='bbox 480 4680 622 4735; x_wconf 90' lang='lat' dir='ltr'><strong>enim</strong></span> <span class='ocrx_word' id='word_1_416' title='bbox 645 4684 756 4749; x_wconf 83' lang='lat' dir='ltr'><strong>jam</strong></span> <span class='ocrx_word' id='word_1_417' title='bbox 780 4681 971 4738; x_wconf 64' lang='lat' dir='ltr'><strong>uelum</strong></span> <span class='ocrx_word' id='word_1_418' title='bbox 993 4681 1293 4744; x_wconf 82' lang='lat' dir='ltr'><strong>habitabat;</strong></span> <span class='ocrx_word' id='word_1_419' title='bbox 1327 4693 1381 4736; x_wconf 89' lang='lat' dir='ltr'><strong>et</strong></span> <span class='ocrx_word' id='word_1_420' title='bbox 1409 4684 1532 4741; x_wconf 87' lang='lat' dir='ltr'><strong>ideo</strong></span> <span class='ocrx_word' id='word_1_421' title='bbox 1561 4684 1708 4738; x_wconf 89' lang='lat' dir='ltr'><strong>dicc-</strong></span> 
     </span>
    </p>
   </div>
   <div class='ocr_carea' id='block_1_50' title="bbox 149 4768 1706 4845">
    <p class='ocr_par' dir='ltr' id='par_1_50' title="bbox 149 4768 1706 4845">
     <span class='ocr_line' id='line_1_50' title="bbox 149 4768 1706 4845; baseline 0.003 -23"><span class='ocrx_word' id='word_1_422' title='bbox 149 4770 256 4833; x_wconf 82' lang='lat' dir='ltr'><strong>bat,</strong></span> <span class='ocrx_word' id='word_1_423' title='bbox 295 4769 445 4824; x_wconf 71' lang='lat' dir='ltr'><strong>Nihil</strong></span> <span class='ocrx_word' id='word_1_424' title='bbox 628 4769 755 4826; x_wconf 71' lang='lat' dir='ltr'><strong>mihi</strong></span> <span class='ocrx_word' id='word_1_425' title='bbox 779 4770 1010 4824; x_wconf 81' lang='lat' dir='ltr'><strong>conscius</strong></span> <span class='ocrx_word' id='word_1_426' title='bbox 1047 4787 1160 4823; x_wconf 82' lang='lat' dir='ltr'><strong>sunt</strong></span> <span class='ocrx_word' id='word_1_427' title='bbox 1190 4771 1269 4839; x_wconf 87' lang='lat' dir='ltr'><strong>(l.</strong></span> <span class='ocrx_word' id='word_1_428' title='bbox 1296 4768 1418 4825; x_wconf 79' lang='lat' dir='ltr'><strong>Cor.</strong></span> <span class='ocrx_word' id='word_1_429' title='bbox 1446 4774 1500 4826; x_wconf 78' lang='grc'><strong>4.</strong></span> <span class='ocrx_word' id='word_1_430' title='bbox 1533 4772 1589 4842; x_wconf 73' lang='grc'><strong>4)</strong></span> <span class='ocrx_word' id='word_1_431' title='bbox 1613 4791 1630 4836; x_wconf 85' lang='lat'><strong>;</strong></span> <span class='ocrx_word' id='word_1_432' title='bbox 1658 4784 1706 4826; x_wconf 88' lang='lat' dir='ltr'><strong>cl</strong></span> 
     </span>
    </p>
   </div>
   <div class='ocr_carea' id='block_1_51' title="bbox 149 4861 1710 4936">
    <p class='ocr_par' dir='ltr' id='par_1_51' title="bbox 149 4861 1710 4936">
     <span class='ocr_line' id='line_1_51' title="bbox 149 4861 1710 4936; baseline 0.001 -22"><span class='ocrx_word' id='word_1_433' title='bbox 149 4877 338 4928; x_wconf 68' lang='lat' dir='ltr'><strong>rursus,</strong></span> <span class='ocrx_word' id='word_1_434' title='bbox 364 4861 581 4918; x_wconf 75' lang='lat' dir='ltr'><strong>Cursum</strong></span> <span class='ocrx_word' id='word_1_435' title='bbox 609 4863 952 4916; x_wconf 75' lang='lat' dir='ltr'><strong>consummavi</strong></span> <span class='ocrx_word' id='word_1_436' title='bbox 977 4861 1054 4934; x_wconf 73' lang='grc'><strong>(2.</strong></span> <span class='ocrx_word' id='word_1_437' title='bbox 1091 4861 1221 4917; x_wconf 71' lang='lat' dir='ltr'><strong>Tini.</strong></span> <span class='ocrx_word' id='word_1_438' title='bbox 1253 4863 1307 4923; x_wconf 71' lang='grc'><strong>4,</strong></span> <span class='ocrx_word' id='word_1_439' title='bbox 1339 4863 1414 4933; x_wconf 88' lang='grc'><strong>7).</strong></span> <span class='ocrx_word' id='word_1_440' title='bbox 1445 4863 1626 4936; x_wconf 80' lang='lat' dir='ltr'><strong>Quare</strong></span> <span class='ocrx_word' id='word_1_441' title='bbox 1645 4863 1710 4921; x_wconf 86' lang='lat' dir='ltr'><strong>ad</strong></span> 
     </span>
    </p>
   </div>
   <div class='ocr_carea' id='block_1_52' title="bbox 149 4951 1712 5021">
    <p class='ocr_par' dir='ltr' id='par_1_52' title="bbox 149 4951 1712 5021">
     <span class='ocr_line' id='line_1_52' title="bbox 149 4951 1712 5021; baseline 0.002 -15"><span class='ocrx_word' id='word_1_442' title='bbox 149 4951 252 5007; x_wconf 67' lang='lat' dir='ltr'><strong>hac</strong></span> <span class='ocrx_word' id='word_1_443' title='bbox 296 4967 403 5008; x_wconf 91' lang='lat' dir='ltr'><strong>non</strong></span> <span class='ocrx_word' id='word_1_444' title='bbox 445 4953 495 5006; x_wconf 75' lang='lat' dir='ltr'><strong>ei</strong></span> <span class='ocrx_word' id='word_1_445' title='bbox 541 4953 980 5021; x_wconf 88' lang='lat' dir='ltr'><strong>impedimentum</strong></span> <span class='ocrx_word' id='word_1_446' title='bbox 1009 4953 1265 5007; x_wconf 82' lang='lat' dir='ltr'><strong>all&#39;erebat</strong></span> <span class='ocrx_word' id='word_1_447' title='bbox 1307 4954 1570 5019; x_wconf 87' lang='lat' dir='ltr'><strong>diabolus,</strong></span> <span class='ocrx_word' id='word_1_448' title='bbox 1617 4957 1712 5009; x_wconf 91' lang='lat' dir='ltr'><strong>scd</strong></span> 
     </span>
    </p>
   </div>
   <div class='ocr_carea' id='block_1_53' title="bbox 148 5038 1727 5119">
    <p class='ocr_par' dir='ltr' id='par_1_53' title="bbox 148 5038 1727 5119">
     <span class='ocr_line' id='line_1_53' title="bbox 148 5038 1727 5119; baseline 0.002 -22"><span class='ocrx_word' id='word_1_449' title='bbox 148 5043 206 5096; x_wconf 86' lang='lat' dir='ltr'><strong>ad</strong></span> <span class='ocrx_word' id='word_1_450' title='bbox 237 5060 298 5099; x_wconf 72' lang='lat' dir='ltr'><strong>ea</strong></span> <span class='ocrx_word' id='word_1_451' title='bbox 322 5060 445 5115; x_wconf 68' lang='lat' dir='ltr'><strong>qua</strong></span> <span class='ocrx_word' id='word_1_452' title='bbox 471 5056 629 5101; x_wconf 88' lang='lat' dir='ltr'><strong>erant</strong></span> <span class='ocrx_word' id='word_1_453' title='bbox 651 5044 1056 5113; x_wconf 85' lang='lat' dir='ltr'><strong>discipulorum.</strong></span> <span class='ocrx_word' id='word_1_454' title='bbox 1083 5045 1301 5119; x_wconf 81' lang='lat' dir='ltr'><strong>Quare?</strong></span> <span class='ocrx_word' id='word_1_455' title='bbox 1325 5047 1584 5115; x_wconf 80' lang='lat' dir='ltr'><strong>Quoniam</strong></span> <span class='ocrx_word' id='word_1_456' title='bbox 1603 5038 1727 5101; x_wconf 86' lang='lat' dir='ltr'><strong>non</strong></span> 
     </span>
    </p>
   </div>
   <div class='ocr_carea' id='block_1_54' title="bbox 149 5127 1712 5208">
    <p class='ocr_par' dir='ltr' id='par_1_54' title="bbox 149 5127 1712 5208">
     <span class='ocr_line' id='line_1_54' title="bbox 149 5127 1712 5208; baseline 0.003 -18"><span class='ocrx_word' id='word_1_457' title='bbox 149 5150 232 5190; x_wconf 77' lang='lat' dir='ltr'><strong>eos</strong></span> <span class='ocrx_word' id='word_1_458' title='bbox 266 5127 498 5192; x_wconf 80' lang='lat' dir='ltr'><strong>habebat</strong></span> <span class='ocrx_word' id='word_1_459' title='bbox 536 5139 590 5192; x_wconf 92' lang='lat' dir='ltr'><strong>in</strong></span> <span class='ocrx_word' id='word_1_460' title='bbox 640 5147 904 5208; x_wconf 82' lang='lat' dir='ltr'><strong>potestate</strong></span> <span class='ocrx_word' id='word_1_461' title='bbox 942 5139 1116 5192; x_wconf 89' lang='lat' dir='ltr'><strong>solum</strong></span> <span class='ocrx_word' id='word_1_462' title='bbox 1140 5180 1154 5197; x_wconf 88' lang='lat'><strong>.</strong></span> <span class='ocrx_word' id='word_1_463' title='bbox 1197 5140 1290 5192; x_wconf 88' lang='lat' dir='ltr'><strong>sed</strong></span> <span class='ocrx_word' id='word_1_464' title='bbox 1332 5141 1519 5194; x_wconf 79' lang='lat' dir='ltr'><strong>eorum</strong></span> <span class='ocrx_word' id='word_1_465' title='bbox 1551 5142 1712 5194; x_wconf 89' lang='lat' dir='ltr'><strong>etiam</strong></span> 
     </span>
    </p>
   </div>
   <div class='ocr_carea' id='block_1_55' title="bbox 152 5226 1713 5299">
    <p class='ocr_par' dir='ltr' id='par_1_55' title="bbox 152 5226 1713 5299">
     <span class='ocr_line' id='line_1_55' title="bbox 152 5226 1713 5299; baseline 0.004 -21"><span class='ocrx_word' id='word_1_466' title='bbox 152 5226 362 5283; x_wconf 80' lang='lat' dir='ltr'><strong>liberum</strong></span> <span class='ocrx_word' id='word_1_467' title='bbox 392 5229 693 5286; x_wconf 80' lang='lat' dir='ltr'><strong>arbitrium.</strong></span> <span class='ocrx_word' id='word_1_468' title='bbox 725 5229 838 5284; x_wconf 85' lang='lat' dir='ltr'><strong>Illic</strong></span> <span class='ocrx_word' id='word_1_469' title='bbox 861 5239 978 5284; x_wconf 85' lang='lat' dir='ltr'><strong>erat</strong></span> <span class='ocrx_word' id='word_1_470' title='bbox 1003 5230 1290 5299; x_wconf 78' lang='lat' dir='ltr'><strong>superior;</strong></span> <span class='ocrx_word' id='word_1_471' title='bbox 1327 5231 1435 5287; x_wconf 90' lang='lat' dir='ltr'><strong>imo</strong></span> <span class='ocrx_word' id='word_1_472' title='bbox 1461 5247 1587 5284; x_wconf 87' lang='lat' dir='ltr'><strong>vero</strong></span> <span class='ocrx_word' id='word_1_473' title='bbox 1616 5248 1713 5284; x_wconf 76' lang='lat' dir='ltr'><strong>nec</strong></span> 
     </span>
    </p>
   </div>
   <div class='ocr_carea' id='block_1_56' title="bbox 152 5315 1712 5389">
    <p class='ocr_par' dir='ltr' id='par_1_56' title="bbox 152 5315 1712 5389">
     <span class='ocr_line' id='line_1_56' title="bbox 152 5315 1712 5389; baseline 0.004 -21"><span class='ocrx_word' id='word_1_474' title='bbox 152 5315 247 5370; x_wconf 81' lang='lat' dir='ltr'><strong>illic</strong></span> <span class='ocrx_word' id='word_1_475' title='bbox 281 5317 406 5373; x_wconf 86' lang='lat' dir='ltr'><strong>ideo</strong></span> <span class='ocrx_word' id='word_1_476' title='bbox 446 5328 565 5373; x_wconf 82' lang='lat' dir='ltr'><strong>erat</strong></span> <span class='ocrx_word' id='word_1_477' title='bbox 601 5318 867 5387; x_wconf 80' lang='lat' dir='ltr'><strong>superior.</strong></span> <span class='ocrx_word' id='word_1_478' title='bbox 910 5318 1005 5373; x_wconf 88' lang='lat' dir='ltr'><strong>sed</strong></span> <span class='ocrx_word' id='word_1_479' title='bbox 1047 5334 1110 5373; x_wconf 79' lang='lat' dir='ltr'><strong>ex</strong></span> <span class='ocrx_word' id='word_1_480' title='bbox 1141 5320 1384 5372; x_wconf 87' lang='lat' dir='ltr'><strong>socordia</strong></span> <span class='ocrx_word' id='word_1_481' title='bbox 1423 5330 1478 5373; x_wconf 83' lang='lat' dir='ltr'><strong>et</strong></span> <span class='ocrx_word' id='word_1_482' title='bbox 1507 5322 1712 5389; x_wconf 80' lang='lat' dir='ltr'><strong>ignavia</strong></span> 
     </span>
    </p>
   </div>
   <div class='ocr_carea' id='block_1_57' title="bbox 152 5407 1710 5482">
    <p class='ocr_par' dir='ltr' id='par_1_57' title="bbox 152 5407 1710 5482">
     <span class='ocr_line' id='line_1_57' title="bbox 152 5407 1710 5482; baseline 0.004 -23"><span class='ocrx_word' id='word_1_483' title='bbox 152 5419 320 5460; x_wconf 74' lang='lat' dir='ltr'><strong>mm</strong></span> <span class='ocrx_word' id='word_1_484' title='bbox 350 5407 445 5476; x_wconf 86' lang='lat' dir='ltr'><strong>qui</strong></span> <span class='ocrx_word' id='word_1_485' title='bbox 475 5423 582 5461; x_wconf 87' lang='lat' dir='ltr'><strong>non</strong></span> <span class='ocrx_word' id='word_1_486' title='bbox 610 5409 978 5462; x_wconf 71' lang='lat' dir='ltr'><strong>attendebant.</strong></span> <span class='ocrx_word' id='word_1_487' title='bbox 1006 5408 1138 5462; x_wconf 86' lang='lat' dir='ltr'><strong>Nam</strong></span> <span class='ocrx_word' id='word_1_488' title='bbox 1168 5410 1212 5462; x_wconf 87' lang='lat' dir='ltr'><strong>si</strong></span> <span class='ocrx_word' id='word_1_489' title='bbox 1244 5411 1294 5462; x_wconf 87' lang='lat' dir='ltr'><strong>id</strong></span> <span class='ocrx_word' id='word_1_490' title='bbox 1326 5412 1541 5479; x_wconf 87' lang='lat' dir='ltr'><strong>quidem</strong></span> <span class='ocrx_word' id='word_1_491' title='bbox 1571 5413 1710 5482; x_wconf 88' lang='lat' dir='ltr'><strong>quod</strong></span> 
     </span>
    </p>
   </div>
   <div class='ocr_carea' id='block_1_58' title="bbox 151 5501 1710 5575">
    <p class='ocr_par' dir='ltr' id='par_1_58' title="bbox 151 5501 1710 5575">
     <span class='ocr_line' id='line_1_58' title="bbox 151 5501 1710 5575; baseline 0.008 -26"><span class='ocrx_word' id='word_1_492' title='bbox 151 5510 351 5556; x_wconf 69' lang='lat' dir='ltr'><strong>suam</strong></span> <span class='ocrx_word' id='word_1_493' title='bbox 381 5509 498 5555; x_wconf 86' lang='lat' dir='ltr'><strong>erat</strong></span> <span class='ocrx_word' id='word_1_494' title='bbox 530 5501 761 5568; x_wconf 76' lang='lat' dir='ltr'><strong>partium</strong></span> <span class='ocrx_word' id='word_1_495' title='bbox 785 5517 894 5555; x_wconf 81' lang='lat' dir='ltr'><strong>non</strong></span> <span class='ocrx_word' id='word_1_496' title='bbox 918 5501 1224 5570; x_wconf 83' lang='lat' dir='ltr'><strong>implesset,</strong></span> <span class='ocrx_word' id='word_1_497' title='bbox 1258 5514 1350 5558; x_wconf 86' lang='lat' dir='ltr'><strong>aut</strong></span> <span class='ocrx_word' id='word_1_498' title='bbox 1376 5515 1595 5575; x_wconf 84' lang='lat' dir='ltr'><strong>propter</strong></span> <span class='ocrx_word' id='word_1_499' title='bbox 1622 5521 1710 5561; x_wconf 83' lang='lat' dir='ltr'><strong>se-</strong></span> 
     </span>
    </p>
   </div>
   <div class='ocr_carea' id='block_1_59' title="bbox 151 5590 1708 5665">
    <p class='ocr_par' dir='ltr' id='par_1_59' title="bbox 151 5590 1708 5665">
     <span class='ocr_line' id='line_1_59' title="bbox 151 5590 1708 5665; baseline 0.007 -25"><span class='ocrx_word' id='word_1_500' title='bbox 151 5590 374 5654; x_wconf 74' lang='lat' dir='ltr'><strong>gnitiem.</strong></span> <span class='ocrx_word' id='word_1_501' title='bbox 417 5601 515 5648; x_wconf 75' lang='lat' dir='ltr'><strong>aut</strong></span> <span class='ocrx_word' id='word_1_502' title='bbox 563 5601 782 5660; x_wconf 76' lang='lat' dir='ltr'><strong>propter</strong></span> <span class='ocrx_word' id='word_1_503' title='bbox 827 5593 1028 5662; x_wconf 87' lang='lat' dir='ltr'><strong>aliquid</strong></span> <span class='ocrx_word' id='word_1_504' title='bbox 1072 5593 1215 5648; x_wconf 85' lang='lat' dir='ltr'><strong>aliud</strong></span> <span class='ocrx_word' id='word_1_505' title='bbox 1255 5595 1561 5665; x_wconf 84' lang='lat' dir='ltr'><strong>&#39;ejusmodi,</strong></span> <span class='ocrx_word' id='word_1_506' title='bbox 1614 5598 1708 5651; x_wconf 88' lang='lat' dir='ltr'><strong>illo</strong></span> 
     </span>
    </p>
   </div>
   <div class='ocr_carea' id='block_1_60' title="bbox 153 5672 1706 5754">
    <p class='ocr_par' dir='ltr' id='par_1_60' title="bbox 153 5672 1706 5754">
     <span class='ocr_line' id='line_1_60' title="bbox 153 5672 1706 5754; baseline 0.012 -27"><span class='ocrx_word' id='word_1_507' title='bbox 153 5672 319 5734; x_wconf 80' lang='lat' dir='ltr'><strong>luisset</strong></span> <span class='ocrx_word' id='word_1_508' title='bbox 343 5680 592 5747; x_wconf 78' lang='lat' dir='ltr'><strong>superior</strong></span> <span class='ocrx_word' id='word_1_509' title='bbox 623 5699 642 5732; x_wconf 86' lang='lat'><strong>:</strong></span> <span class='ocrx_word' id='word_1_510' title='bbox 669 5680 714 5736; x_wconf 85' lang='lat' dir='ltr'><strong>si</strong></span> <span class='ocrx_word' id='word_1_511' title='bbox 734 5690 917 5741; x_wconf 86' lang='lat' dir='ltr'><strong>autem</strong></span> <span class='ocrx_word' id='word_1_512' title='bbox 943 5683 1058 5753; x_wconf 82' lang='lat' dir='ltr'><strong>ipse</strong></span> <span class='ocrx_word' id='word_1_513' title='bbox 1089 5683 1305 5754; x_wconf 82' lang='lat' dir='ltr'><strong>quidem</strong></span> <span class='ocrx_word' id='word_1_514' title='bbox 1332 5685 1562 5746; x_wconf 76' lang='lat' dir='ltr'><strong>iaciebat</strong></span> <span class='ocrx_word' id='word_1_515' title='bbox 1584 5703 1706 5745; x_wconf 82' lang='lat' dir='ltr'><strong>om-</strong></span> 
     </span>
    </p>
   </div>
   <div class='ocr_carea' id='block_1_61' title="bbox 154 5758 1698 5848">
    <p class='ocr_par' dir='ltr' id='par_1_61' title="bbox 154 5758 1698 5848">
     <span class='ocr_line' id='line_1_61' title="bbox 154 5758 1698 5848; baseline 0.011 -30"><span class='ocrx_word' id='word_1_516' title='bbox 154 5765 258 5831; x_wconf 72' lang='lat' dir='ltr'><strong>nia;</strong></span> <span class='ocrx_word' id='word_1_517' title='bbox 285 5769 359 5824; x_wconf 89' lang='lat' dir='ltr'><strong>illi</strong></span> <span class='ocrx_word' id='word_1_518' title='bbox 377 5758 570 5824; x_wconf 69' lang='lat' dir='ltr'><strong>autem</strong></span> <span class='ocrx_word' id='word_1_519' title='bbox 608 5784 715 5828; x_wconf 73' lang='lat' dir='ltr'><strong>non</strong></span> <span class='ocrx_word' id='word_1_520' title='bbox 751 5773 1039 5841; x_wconf 71' lang='lat' dir='ltr'><strong>parebant,</strong></span> <span class='ocrx_word' id='word_1_521' title='bbox 1075 5789 1180 5830; x_wconf 90' lang='lat' dir='ltr'><strong>non</strong></span> <span class='ocrx_word' id='word_1_522' title='bbox 1210 5775 1360 5832; x_wconf 89' lang='lat' dir='ltr'><strong>illum</strong></span> <span class='ocrx_word' id='word_1_523' title='bbox 1387 5779 1698 5848; x_wconf 86' lang='lat' dir='ltr'><strong>superavit,</strong></span> 
     </span>
    </p>
   </div>
   <div class='ocr_carea' id='block_1_62' title="bbox 3275 411 3378 464">
    <p class='ocr_par' dir='ltr' id='par_1_62' title="bbox 3275 411 3378 464">
     <span class='ocr_line' id='line_1_62' title="bbox 3275 411 3378 464; baseline -0.058 1"><span class='ocrx_word' id='word_1_524' title='bbox 3275 411 3378 464; x_wconf 66' lang='lat' dir='ltr'><strong>Idi</strong></span> 
     </span>
    </p>
   </div>
   <div class='ocr_carea' id='block_1_63' title="bbox 1795 504 3372 586">
    <p class='ocr_par' dir='ltr' id='par_1_63' title="bbox 1795 504 3372 586">
     <span class='ocr_line' id='line_1_63' title="bbox 1795 504 3372 586; baseline 0.011 -31"><span class='ocrx_word' id='word_1_525' title='bbox 1795 504 1889 556; x_wconf 80' lang='lat' dir='ltr'><strong>sed</strong></span> <span class='ocrx_word' id='word_1_526' title='bbox 1925 519 2111 559; x_wconf 89' lang='lat' dir='ltr'><strong>eorum</strong></span> <span class='ocrx_word' id='word_1_527' title='bbox 2140 507 2595 574; x_wconf 79' lang='lat' dir='ltr'><strong>inubodientiam;</strong></span> <span class='ocrx_word' id='word_1_528' title='bbox 2637 522 2689 564; x_wconf 88' lang='lat' dir='ltr'><strong>et</strong></span> <span class='ocrx_word' id='word_1_529' title='bbox 2715 514 2932 570; x_wconf 86' lang='lat' dir='ltr'><strong>morbus</strong></span> <span class='ocrx_word' id='word_1_530' title='bbox 2971 531 3075 570; x_wconf 91' lang='lat' dir='ltr'><strong>non</strong></span> <span class='ocrx_word' id='word_1_531' title='bbox 3101 521 3372 586; x_wconf 67' lang='lat' dir='ltr'><strong>superat-it</strong></span> 
     </span>
    </p>
   </div>
   <div class='ocr_carea' id='block_1_64' title="bbox 1794 592 3369 669">
    <p class='ocr_par' dir='ltr' id='par_1_64' title="bbox 1794 592 3369 669">
     <span class='ocr_line' id='line_1_64' title="bbox 1794 592 3369 669; baseline 0.011 -25"><span class='ocrx_word' id='word_1_532' title='bbox 1794 592 2094 657; x_wconf 86' lang='lat' dir='ltr'><strong>medicum,</strong></span> <span class='ocrx_word' id='word_1_533' title='bbox 2138 597 2232 650; x_wconf 83' lang='lat' dir='ltr'><strong>sed</strong></span> <span class='ocrx_word' id='word_1_534' title='bbox 2277 599 2460 666; x_wconf 72' lang='lat' dir='ltr'><strong>aegroti</strong></span> <span class='ocrx_word' id='word_1_535' title='bbox 2508 600 2991 669; x_wconf 83' lang='lat' dir='ltr'><strong>intemperantiam.</strong></span> <span class='ocrx_word' id='word_1_536' title='bbox 3041 605 3176 660; x_wconf 88' lang='lat' dir='ltr'><strong>Cum</strong></span> <span class='ocrx_word' id='word_1_537' title='bbox 3225 610 3369 662; x_wconf 90' lang='lat' dir='ltr'><strong>enim</strong></span> 
     </span>
    </p>
   </div>
   <div class='ocr_carea' id='block_1_65' title="bbox 1794 683 3369 758">
    <p class='ocr_par' dir='ltr' id='par_1_65' title="bbox 1794 683 3369 758">
     <span class='ocr_line' id='line_1_65' title="bbox 1794 683 3369 758; baseline 0.008 -18"><span class='ocrx_word' id='word_1_538' title='bbox 1794 683 1908 753; x_wconf 82' lang='lat' dir='ltr'><strong>ipse</strong></span> <span class='ocrx_word' id='word_1_539' title='bbox 1935 687 2148 755; x_wconf 72' lang='lat' dir='ltr'><strong>quidem</strong></span> <span class='ocrx_word' id='word_1_540' title='bbox 2175 689 2352 742; x_wconf 84' lang='lat' dir='ltr'><strong>omnia</strong></span> <span class='ocrx_word' id='word_1_541' title='bbox 2385 691 2668 758; x_wconf 76' lang='lat' dir='ltr'><strong>paraverit,</strong></span> <span class='ocrx_word' id='word_1_542' title='bbox 2711 694 2799 750; x_wconf 81' lang='lat' dir='ltr'><strong>ille</strong></span> <span class='ocrx_word' id='word_1_543' title='bbox 2833 706 3009 749; x_wconf 79' lang='lat' dir='ltr'><strong>autem</strong></span> <span class='ocrx_word' id='word_1_544' title='bbox 3039 699 3218 751; x_wconf 84' lang='lat' dir='ltr'><strong>omnia</strong></span> <span class='ocrx_word' id='word_1_545' title='bbox 3243 716 3369 754; x_wconf 81' lang='lat' dir='ltr'><strong>cor-</strong></span> 
     </span>
    </p>
   </div>
   <div class='ocr_carea' id='block_1_66' title="bbox 1794 777 3368 852">
    <p class='ocr_par' dir='ltr' id='par_1_66' title="bbox 1794 777 3368 852">
     <span class='ocr_line' id='line_1_66' title="bbox 1794 777 3368 852; baseline 0.01 -25"><span class='ocrx_word' id='word_1_546' title='bbox 1794 777 2017 843; x_wconf 89' lang='lat' dir='ltr'><strong>ruperit.</strong></span> <span class='ocrx_word' id='word_1_547' title='bbox 2066 777 2155 830; x_wconf 90' lang='lat' dir='ltr'><strong>ille</strong></span> <span class='ocrx_word' id='word_1_548' title='bbox 2199 778 2297 832; x_wconf 78' lang='lat' dir='ltr'><strong>fuit</strong></span> <span class='ocrx_word' id='word_1_549' title='bbox 2345 791 2646 848; x_wconf 80' lang='lat' dir='ltr'><strong>superatus,</strong></span> <span class='ocrx_word' id='word_1_550' title='bbox 2691 799 2805 846; x_wconf 84' lang='lat' dir='ltr'><strong>non</strong></span> <span class='ocrx_word' id='word_1_551' title='bbox 2858 784 2962 839; x_wconf 92' lang='lat' dir='ltr'><strong>bic.</strong></span> <span class='ocrx_word' id='word_1_552' title='bbox 3010 787 3368 852; x_wconf 79' lang='lat' dir='ltr'><strong>Quamobrem</strong></span> 
     </span>
    </p>
   </div>
   <div class='ocr_carea' id='block_1_67' title="bbox 1795 863 3370 938">
    <p class='ocr_par' dir='ltr' id='par_1_67' title="bbox 1795 863 3370 938">
     <span class='ocr_line' id='line_1_67' title="bbox 1795 863 3370 938; baseline 0.01 -22"><span class='ocrx_word' id='word_1_553' title='bbox 1795 863 1962 917; x_wconf 85' lang='lat' dir='ltr'><strong>Paulo</strong></span> <span class='ocrx_word' id='word_1_554' title='bbox 2003 881 2262 937; x_wconf 84' lang='lat' dir='ltr'><strong>nusquam</strong></span> <span class='ocrx_word' id='word_1_555' title='bbox 2314 868 2413 923; x_wconf 80' lang='lat' dir='ltr'><strong>fuit</strong></span> <span class='ocrx_word' id='word_1_556' title='bbox 2467 872 2732 938; x_wconf 87' lang='lat' dir='ltr'><strong>superior.</strong></span> <span class='ocrx_word' id='word_1_557' title='bbox 2777 873 3042 929; x_wconf 60' lang='grc' dir='ltr'><strong>(ἔπιθι-ιω]</strong></span> <span class='ocrx_word' id='word_1_558' title='bbox 3091 877 3370 931; x_wconf 89' lang='lat' dir='ltr'><strong>nobiscum</strong></span> 
     </span>
    </p>
   </div>
   <div class='ocr_carea' id='block_1_68' title="bbox 1794 953 3372 1034">
    <p class='ocr_par' dir='ltr' id='par_1_68' title="bbox 1794 953 3372 1034">
     <span class='ocr_line' id='line_1_68' title="bbox 1794 953 3372 1034; baseline 0.01 -28"><span class='ocrx_word' id='word_1_559' title='bbox 1794 953 1929 1007; x_wconf 84' lang='lat' dir='ltr'><strong>bene</strong></span> <span class='ocrx_word' id='word_1_560' title='bbox 1969 959 2142 1034; x_wconf 82' lang='lat' dir='ltr'><strong>agitur</strong></span> <span class='ocrx_word' id='word_1_561' title='bbox 2169 958 2308 1026; x_wconf 90' lang='lat' dir='ltr'><strong>quod</strong></span> <span class='ocrx_word' id='word_1_562' title='bbox 2355 959 2618 1027; x_wconf 83' lang='lat' dir='ltr'><strong>possimus</strong></span> <span class='ocrx_word' id='word_1_563' title='bbox 2659 961 2819 1015; x_wconf 89' lang='lat' dir='ltr'><strong>etiam</strong></span> <span class='ocrx_word' id='word_1_564' title='bbox 2862 957 3070 1018; x_wconf 68' lang='lat' dir='ltr'><strong>lucta&#39;l‘i.</strong></span> <span class='ocrx_word' id='word_1_565' title='bbox 3115 965 3372 1021; x_wconf 79' lang='lat' dir='ltr'><strong>Romanis</strong></span> 
     </span>
    </p>
   </div>
   <div class='ocr_carea' id='block_1_69' title="bbox 1791 1045 3372 1122">
    <p class='ocr_par' dir='ltr' id='par_1_69' title="bbox 1791 1045 3372 1122">
     <span class='ocr_line' id='line_1_69' title="bbox 1791 1045 3372 1122; baseline 0.011 -26"><span class='ocrx_word' id='word_1_566' title='bbox 1791 1045 2004 1112; x_wconf 83' lang='lat' dir='ltr'><strong>quidem</strong></span> <span class='ocrx_word' id='word_1_567' title='bbox 2047 1045 2148 1100; x_wconf 82' lang='lat' dir='ltr'><strong>hoc</strong></span> <span class='ocrx_word' id='word_1_568' title='bbox 2195 1065 2299 1101; x_wconf 90' lang='lat' dir='ltr'><strong>non</strong></span> <span class='ocrx_word' id='word_1_569' title='bbox 2339 1062 2504 1119; x_wconf 85' lang='lat' dir='ltr'><strong>optat,</strong></span> <span class='ocrx_word' id='word_1_570' title='bbox 2552 1051 2648 1109; x_wconf 88' lang='lat' dir='ltr'><strong>sed</strong></span> <span class='ocrx_word' id='word_1_571' title='bbox 2687 1053 2858 1122; x_wconf 87' lang='lat' dir='ltr'><strong>quid?</strong></span> <span class='ocrx_word' id='word_1_572' title='bbox 2883 1055 3113 1109; x_wconf 82' lang='lat' dir='ltr'><strong>Conteret</strong></span> <span class='ocrx_word' id='word_1_573' title='bbox 3140 1069 3372 1114; x_wconf 83' lang='lat' dir='ltr'><strong>satantmt</strong></span> 
     </span>
    </p>
   </div>
   <div class='ocr_carea' id='block_1_70' title="bbox 1793 1136 3368 1218">
    <p class='ocr_par' dir='ltr' id='par_1_70' title="bbox 1793 1136 3368 1218">
     <span class='ocr_line' id='line_1_70' title="bbox 1793 1136 3368 1218; baseline 0.011 -30"><span class='ocrx_word' id='word_1_574' title='bbox 1793 1136 1883 1190; x_wconf 74' lang='lat' dir='ltr'><strong>sub</strong></span> <span class='ocrx_word' id='word_1_575' title='bbox 1923 1138 2130 1204; x_wconf 78' lang='lat' dir='ltr'><strong>pedibus</strong></span> <span class='ocrx_word' id='word_1_576' title='bbox 2157 1143 2331 1195; x_wconf 77' lang='lat' dir='ltr'><strong>uestris</strong></span> <span class='ocrx_word' id='word_1_577' title='bbox 2366 1143 2465 1195; x_wconf 85' lang='lat' dir='ltr'><strong>cito</strong></span> <span class='ocrx_word' id='word_1_578' title='bbox 2503 1142 2680 1215; x_wconf 81' lang='lat' dir='ltr'><strong>(llam.</strong></span> <span class='ocrx_word' id='word_1_579' title='bbox 2721 1145 2808 1200; x_wconf 77' lang='grc'><strong>16.</strong></span> <span class='ocrx_word' id='word_1_580' title='bbox 2849 1146 2944 1218; x_wconf 65' lang='grc' dir='ltr'><strong>κο)</strong></span> <span class='ocrx_word' id='word_1_581' title='bbox 2975 1167 2987 1200; x_wconf 92' lang='lat'><strong>:</strong></span> <span class='ocrx_word' id='word_1_582' title='bbox 3020 1149 3104 1203; x_wconf 85' lang='lat' dir='ltr'><strong>bis</strong></span> <span class='ocrx_word' id='word_1_583' title='bbox 3133 1166 3262 1204; x_wconf 88' lang='lat' dir='ltr'><strong>vero</strong></span> <span class='ocrx_word' id='word_1_584' title='bbox 3290 1152 3368 1207; x_wconf 88' lang='lat' dir='ltr'><strong>sic</strong></span> 
     </span>
    </p>
   </div>
   <div class='ocr_carea' id='block_1_71' title="bbox 1792 1230 3369 1310">
    <p class='ocr_par' dir='ltr' id='par_1_71' title="bbox 1792 1230 3369 1310">
     <span class='ocr_line' id='line_1_71' title="bbox 1792 1230 3369 1310; baseline 0.01 -31"><span class='ocrx_word' id='word_1_585' title='bbox 1792 1238 1938 1295; x_wconf 69' lang='lat' dir='ltr'><strong>optat</strong></span> <span class='ocrx_word' id='word_1_586' title='bbox 1958 1270 1972 1289; x_wconf 87' lang='lat'><strong>,</strong></span> <span class='ocrx_word' id='word_1_587' title='bbox 2006 1230 2068 1282; x_wconf 83' lang='lat' dir='ltr'><strong>Ei</strong></span> <span class='ocrx_word' id='word_1_588' title='bbox 2093 1242 2259 1286; x_wconf 81' lang='lat' dir='ltr'><strong>autem</strong></span> <span class='ocrx_word' id='word_1_589' title='bbox 2284 1275 2298 1296; x_wconf 91' lang='lat'><strong>,</strong></span> <span class='ocrx_word' id='word_1_590' title='bbox 2329 1235 2414 1301; x_wconf 75' lang='lat' dir='ltr'><strong>qui</strong></span> <span class='ocrx_word' id='word_1_591' title='bbox 2441 1245 2616 1303; x_wconf 84' lang='lat' dir='ltr'><strong>potens</strong></span> <span class='ocrx_word' id='word_1_592' title='bbox 2651 1247 2724 1289; x_wconf 87' lang='lat' dir='ltr'><strong>est</strong></span> <span class='ocrx_word' id='word_1_593' title='bbox 2761 1240 2931 1293; x_wconf 81' lang='lat' dir='ltr'><strong>omnia</strong></span> <span class='ocrx_word' id='word_1_594' title='bbox 2962 1241 3132 1310; x_wconf 71' lang='lat' dir='ltr'><strong>facere</strong></span> <span class='ocrx_word' id='word_1_595' title='bbox 3155 1259 3369 1310; x_wconf 75' lang='lat' dir='ltr'><strong>supera-</strong></span> 
     </span>
    </p>
   </div>
   <div class='ocr_carea' id='block_1_72' title="bbox 1793 1319 3365 1400">
    <p class='ocr_par' dir='ltr' id='par_1_72' title="bbox 1793 1319 3365 1400">
     <span class='ocr_line' id='line_1_72' title="bbox 1793 1319 3365 1400; baseline 0.011 -30"><span class='ocrx_word' id='word_1_596' title='bbox 1793 1319 2078 1373; x_wconf 81' lang='lat' dir='ltr'><strong>bundanter</strong></span> <span class='ocrx_word' id='word_1_597' title='bbox 2123 1339 2274 1392; x_wconf 82' lang='lat' dir='ltr'><strong>quant</strong></span> <span class='ocrx_word' id='word_1_598' title='bbox 2316 1327 2530 1391; x_wconf 78' lang='lat' dir='ltr'><strong>petimus</strong></span> <span class='ocrx_word' id='word_1_599' title='bbox 2569 1337 2659 1381; x_wconf 78' lang='lat' dir='ltr'><strong>aut</strong></span> <span class='ocrx_word' id='word_1_600' title='bbox 2695 1329 3025 1398; x_wconf 80' lang='lat' dir='ltr'><strong>intelligimus</strong></span> <span class='ocrx_word' id='word_1_601' title='bbox 3054 1330 3270 1400; x_wconf 76' lang='lat' dir='ltr'><strong>(Ep/tos.</strong></span> <span class='ocrx_word' id='word_1_602' title='bbox 3309 1332 3365 1388; x_wconf 76' lang='grc'><strong>5.</strong></span> 
     </span>
    </p>
   </div>
   <div class='ocr_carea' id='block_1_73' title="bbox 1791 1407 3372 1489">
    <p class='ocr_par' dir='ltr' id='par_1_73' title="bbox 1791 1407 3372 1489">
     <span class='ocr_line' id='line_1_73' title="bbox 1791 1407 3372 1489; baseline 0.01 -29"><span class='ocrx_word' id='word_1_603' title='bbox 1791 1407 1905 1478; x_wconf 70' lang='lat'><strong>20).</strong></span> <span class='ocrx_word' id='word_1_604' title='bbox 1938 1410 2039 1476; x_wconf 85' lang='lat' dir='ltr'><strong>Qui</strong></span> <span class='ocrx_word' id='word_1_605' title='bbox 2069 1411 2330 1489; x_wconf 85' lang='lat' dir='ltr'><strong>luctatur,</strong></span> <span class='ocrx_word' id='word_1_606' title='bbox 2362 1415 2534 1468; x_wconf 84' lang='lat' dir='ltr'><strong>adhuc</strong></span> <span class='ocrx_word' id='word_1_607' title='bbox 2561 1425 2810 1484; x_wconf 87' lang='lat' dir='ltr'><strong>tenetur;</strong></span> <span class='ocrx_word' id='word_1_608' title='bbox 2849 1420 2943 1474; x_wconf 88' lang='lat' dir='ltr'><strong>sed</strong></span> <span class='ocrx_word' id='word_1_609' title='bbox 2985 1421 3120 1474; x_wconf 87' lang='lat' dir='ltr'><strong>bene</strong></span> <span class='ocrx_word' id='word_1_610' title='bbox 3157 1437 3278 1475; x_wconf 90' lang='lat' dir='ltr'><strong>cum</strong></span> <span class='ocrx_word' id='word_1_611' title='bbox 3304 1438 3372 1476; x_wconf 87' lang='lat' dir='ltr'><strong>eo</strong></span> 
     </span>
    </p>
   </div>
   <div class='ocr_carea' id='block_1_74' title="bbox 1793 1501 3366 1579">
    <p class='ocr_par' dir='ltr' id='par_1_74' title="bbox 1793 1501 3366 1579">
     <span class='ocr_line' id='line_1_74' title="bbox 1793 1501 3366 1579; baseline 0.009 -29"><span class='ocrx_word' id='word_1_612' title='bbox 1793 1501 1968 1567; x_wconf 82' lang='lat' dir='ltr'><strong>agitur</strong></span> <span class='ocrx_word' id='word_1_613' title='bbox 2005 1502 2048 1552; x_wconf 90' lang='lat' dir='ltr'><strong>si</strong></span> <span class='ocrx_word' id='word_1_614' title='bbox 2092 1519 2197 1559; x_wconf 86' lang='lat' dir='ltr'><strong>non</strong></span> <span class='ocrx_word' id='word_1_615' title='bbox 2227 1503 2499 1557; x_wconf 87' lang='lat' dir='ltr'><strong>ceciderit.</strong></span> <span class='ocrx_word' id='word_1_616' title='bbox 2531 1505 2680 1562; x_wconf 86' lang='lat' dir='ltr'><strong>Tunc</strong></span> <span class='ocrx_word' id='word_1_617' title='bbox 2708 1509 2965 1579; x_wconf 82' lang='lat' dir='ltr'><strong>pra-clara</strong></span> <span class='ocrx_word' id='word_1_618' title='bbox 3003 1521 3084 1564; x_wconf 89' lang='lat' dir='ltr'><strong>est</strong></span> <span class='ocrx_word' id='word_1_619' title='bbox 3109 1511 3327 1564; x_wconf 80' lang='lat' dir='ltr'><strong>victoria</strong></span> <span class='ocrx_word' id='word_1_620' title='bbox 3349 1552 3366 1575; x_wconf 89' lang='lat'><strong>,</strong></span> 
     </span>
    </p>
   </div>
   <div class='ocr_carea' id='block_1_75' title="bbox 1793 1590 3370 1669">
    <p class='ocr_par' dir='ltr' id='par_1_75' title="bbox 1793 1590 3370 1669">
     <span class='ocr_line' id='line_1_75' title="bbox 1793 1590 3370 1669; baseline 0.008 -27"><span class='ocrx_word' id='word_1_621' title='bbox 1793 1591 2004 1656; x_wconf 76' lang='lat' dir='ltr'><strong>quando</strong></span> <span class='ocrx_word' id='word_1_622' title='bbox 2030 1590 2153 1644; x_wconf 88' lang='lat' dir='ltr'><strong>hinc</strong></span> <span class='ocrx_word' id='word_1_623' title='bbox 2193 1596 2601 1650; x_wconf 79' lang='lat' dir='ltr'><strong>escesserimus.</strong></span> <span class='ocrx_word' id='word_1_624' title='bbox 2637 1596 2878 1666; x_wconf 79' lang='lat' dir='ltr'><strong>Exempli</strong></span> <span class='ocrx_word' id='word_1_625' title='bbox 2898 1612 3081 1664; x_wconf 87' lang='lat' dir='ltr'><strong>causa,</strong></span> <span class='ocrx_word' id='word_1_626' title='bbox 3109 1600 3370 1669; x_wconf 57' lang='lat' dir='ltr'><strong>sit‘aliqua</strong></span> 
     </span>
    </p>
   </div>
   <div class='ocr_carea' id='block_1_76' title="bbox 1793 1680 3370 1755">
    <p class='ocr_par' dir='ltr' id='par_1_76' title="bbox 1793 1680 3370 1755">
     <span class='ocr_line' id='line_1_76' title="bbox 1793 1680 3370 1755; baseline 0.006 -22"><span class='ocrx_word' id='word_1_627' title='bbox 1793 1683 2255 1748; x_wconf 76' lang='lat' dir='ltr'><strong>cancnpiscentia;</strong></span> <span class='ocrx_word' id='word_1_628' title='bbox 2284 1685 2599 1744; x_wconf 85' lang='lat' dir='ltr'><strong>admirabile</strong></span> <span class='ocrx_word' id='word_1_629' title='bbox 2627 1687 2843 1755; x_wconf 88' lang='lat' dir='ltr'><strong>quidem</strong></span> <span class='ocrx_word' id='word_1_630' title='bbox 2886 1699 2969 1742; x_wconf 89' lang='lat' dir='ltr'><strong>est</strong></span> <span class='ocrx_word' id='word_1_631' title='bbox 2994 1705 3113 1743; x_wconf 87' lang='lat' dir='ltr'><strong>eam</strong></span> <span class='ocrx_word' id='word_1_632' title='bbox 3140 1680 3370 1744; x_wconf 26' lang='lat' dir='ltr'><strong>non-ad-</strong></span> 
     </span>
    </p>
   </div>
   <div class='ocr_carea' id='block_1_77' title="bbox 1795 1772 3370 1845">
    <p class='ocr_par' dir='ltr' id='par_1_77' title="bbox 1795 1772 3370 1845">
     <span class='ocr_line' id='line_1_77' title="bbox 1795 1772 3370 1845; baseline 0.007 -22"><span class='ocrx_word' id='word_1_633' title='bbox 1795 1772 2038 1834; x_wconf 90' lang='lat' dir='ltr'><strong>mittere,</strong></span> <span class='ocrx_word' id='word_1_634' title='bbox 2084 1773 2178 1825; x_wconf 89' lang='lat' dir='ltr'><strong>sed</strong></span> <span class='ocrx_word' id='word_1_635' title='bbox 2220 1774 2560 1845; x_wconf 79' lang='lat' dir='ltr'><strong>exstinguere</strong></span> <span class='ocrx_word' id='word_1_636' title='bbox 2603 1795 2618 1831; x_wconf 90' lang='lat'><strong>:</strong></span> <span class='ocrx_word' id='word_1_637' title='bbox 2663 1777 2711 1831; x_wconf 93' lang='lat' dir='ltr'><strong>si</strong></span> <span class='ocrx_word' id='word_1_638' title='bbox 2755 1779 2854 1830; x_wconf 84' lang='lat' dir='ltr'><strong>hoc</strong></span> <span class='ocrx_word' id='word_1_639' title='bbox 2884 1789 3061 1832; x_wconf 82' lang='lat' dir='ltr'><strong>autem</strong></span> <span class='ocrx_word' id='word_1_640' title='bbox 3108 1781 3219 1833; x_wconf 82' lang='lat' dir='ltr'><strong>ﬁeri</strong></span> <span class='ocrx_word' id='word_1_641' title='bbox 3265 1797 3370 1836; x_wconf 91' lang='lat' dir='ltr'><strong>nou</strong></span> 
     </span>
    </p>
   </div>
   <div class='ocr_carea' id='block_1_78' title="bbox 1796 1861 3368 1940">
    <p class='ocr_par' dir='ltr' id='par_1_78' title="bbox 1796 1861 3368 1940">
     <span class='ocr_line' id='line_1_78' title="bbox 1796 1861 3368 1940; baseline 0.008 -28"><span class='ocrx_word' id='word_1_642' title='bbox 1796 1861 1996 1928; x_wconf 86' lang='lat' dir='ltr'><strong>possit,</strong></span> <span class='ocrx_word' id='word_1_643' title='bbox 2044 1869 2094 1916; x_wconf 88' lang='lat' dir='ltr'><strong>et</strong></span> <span class='ocrx_word' id='word_1_644' title='bbox 2132 1863 2392 1919; x_wconf 89' lang='lat' dir='ltr'><strong>luctemur</strong></span> <span class='ocrx_word' id='word_1_645' title='bbox 2421 1875 2475 1918; x_wconf 88' lang='lat' dir='ltr'><strong>et</strong></span> <span class='ocrx_word' id='word_1_646' title='bbox 2513 1880 2613 1922; x_wconf 88' lang='lat' dir='ltr'><strong>nos</strong></span> <span class='ocrx_word' id='word_1_647' title='bbox 2638 1881 2852 1940; x_wconf 86' lang='lat' dir='ltr'><strong>semper</strong></span> <span class='ocrx_word' id='word_1_648' title='bbox 2882 1869 3250 1924; x_wconf 82' lang='lat' dir='ltr'><strong>contineamus</strong></span> <span class='ocrx_word' id='word_1_649' title='bbox 3279 1888 3294 1923; x_wconf 92' lang='lat'><strong>:</strong></span> <span class='ocrx_word' id='word_1_650' title='bbox 3321 1872 3368 1925; x_wconf 90' lang='lat' dir='ltr'><strong>si</strong></span> 
     </span>
    </p>
   </div>
   <div class='ocr_carea' id='block_1_79' title="bbox 1795 1949 3373 2015">
    <p class='ocr_par' dir='ltr' id='par_1_79' title="bbox 1795 1949 3373 2015">
     <span class='ocr_line' id='line_1_79' title="bbox 1795 1949 3373 2015; baseline 0.008 -13"><span class='ocrx_word' id='word_1_651' title='bbox 1795 1949 2056 2004; x_wconf 86' lang='lat' dir='ltr'><strong>luctantes</strong></span> <span class='ocrx_word' id='word_1_652' title='bbox 2081 1955 2471 2008; x_wconf 76' lang='lat' dir='ltr'><strong>excesserimus</strong></span> <span class='ocrx_word' id='word_1_653' title='bbox 2493 1995 2508 2015; x_wconf 87' lang='lat'><strong>,</strong></span> <span class='ocrx_word' id='word_1_654' title='bbox 2538 1955 2842 2012; x_wconf 81' lang='lat' dir='ltr'><strong>vicerimus.</strong></span> <span class='ocrx_word' id='word_1_655' title='bbox 2872 1957 2986 2011; x_wconf 83' lang='lat' dir='ltr'><strong>Non</strong></span> <span class='ocrx_word' id='word_1_656' title='bbox 3018 1960 3158 2012; x_wconf 86' lang='lat' dir='ltr'><strong>enim</strong></span> <span class='ocrx_word' id='word_1_657' title='bbox 3196 1962 3266 2013; x_wconf 89' lang='lat' dir='ltr'><strong>ita</strong></span> <span class='ocrx_word' id='word_1_658' title='bbox 3311 1975 3373 2014; x_wconf 89' lang='lat' dir='ltr'><strong>so</strong></span> 
     </span>
    </p>
   </div>
   <div class='ocr_carea' id='block_1_80' title="bbox 1793 2043 3371 2121">
    <p class='ocr_par' dir='ltr' id='par_1_80' title="bbox 1793 2043 3371 2121">
     <span class='ocr_line' id='line_1_80' title="bbox 1793 2043 3371 2121; baseline 0.01 -30"><span class='ocrx_word' id='word_1_659' title='bbox 1793 2057 1884 2100; x_wconf 72' lang='lat' dir='ltr'><strong>res</strong></span> <span class='ocrx_word' id='word_1_660' title='bbox 1911 2043 2069 2098; x_wconf 86' lang='lat' dir='ltr'><strong>habet</strong></span> <span class='ocrx_word' id='word_1_661' title='bbox 2095 2044 2182 2105; x_wconf 85' lang='lat' dir='ltr'><strong>hic</strong></span> <span class='ocrx_word' id='word_1_662' title='bbox 2206 2046 2344 2100; x_wconf 89' lang='lat' dir='ltr'><strong>sicut</strong></span> <span class='ocrx_word' id='word_1_663' title='bbox 2373 2048 2425 2099; x_wconf 91' lang='lat' dir='ltr'><strong>in</strong></span> <span class='ocrx_word' id='word_1_664' title='bbox 2455 2047 2669 2102; x_wconf 82' lang='lat' dir='ltr'><strong>athletis</strong></span> <span class='ocrx_word' id='word_1_665' title='bbox 2695 2065 2710 2101; x_wconf 73' lang='grc' dir='ltr'><strong><em>τ</em></strong></span> <span class='ocrx_word' id='word_1_666' title='bbox 2739 2064 2859 2102; x_wconf 87' lang='lat' dir='ltr'><strong>nam</strong></span> <span class='ocrx_word' id='word_1_667' title='bbox 2891 2051 3001 2104; x_wconf 93' lang='lat' dir='ltr'><strong>illic</strong></span> <span class='ocrx_word' id='word_1_668' title='bbox 3028 2052 3242 2121; x_wconf 85' lang='lat' dir='ltr'><strong>quidem</strong></span> <span class='ocrx_word' id='word_1_669' title='bbox 3268 2054 3371 2107; x_wconf 90' lang='lat' dir='ltr'><strong>nisi</strong></span> 
     </span>
    </p>
   </div>
   <div class='ocr_carea' id='block_1_81' title="bbox 1795 2133 3371 2208">
    <p class='ocr_par' dir='ltr' id='par_1_81' title="bbox 1795 2133 3371 2208">
     <span class='ocr_line' id='line_1_81' title="bbox 1795 2133 3371 2208; baseline 0.008 -23"><span class='ocrx_word' id='word_1_670' title='bbox 1795 2133 2056 2202; x_wconf 78' lang='lat' dir='ltr'><strong>dejeceris</strong></span> <span class='ocrx_word' id='word_1_671' title='bbox 2079 2177 2093 2197; x_wconf 88' lang='lat'><strong>,</strong></span> <span class='ocrx_word' id='word_1_672' title='bbox 2126 2151 2230 2189; x_wconf 89' lang='lat' dir='ltr'><strong>non</strong></span> <span class='ocrx_word' id='word_1_673' title='bbox 2256 2137 2459 2202; x_wconf 80' lang='lat' dir='ltr'><strong>vicisti;</strong></span> <span class='ocrx_word' id='word_1_674' title='bbox 2493 2139 2578 2192; x_wconf 88' lang='lat' dir='ltr'><strong>hic</strong></span> <span class='ocrx_word' id='word_1_675' title='bbox 2607 2151 2784 2196; x_wconf 85' lang='lat' dir='ltr'><strong>autem</strong></span> <span class='ocrx_word' id='word_1_676' title='bbox 2811 2141 3019 2208; x_wconf 88' lang='lat' dir='ltr'><strong>vicisti,</strong></span> <span class='ocrx_word' id='word_1_677' title='bbox 3047 2144 3092 2195; x_wconf 94' lang='lat' dir='ltr'><strong>si</strong></span> <span class='ocrx_word' id='word_1_678' title='bbox 3121 2158 3225 2197; x_wconf 92' lang='lat' dir='ltr'><strong>non</strong></span> <span class='ocrx_word' id='word_1_679' title='bbox 3255 2145 3371 2198; x_wconf 84' lang='lat' dir='ltr'><strong>lue-</strong></span> 
     </span>
    </p>
   </div>
   <div class='ocr_carea' id='block_1_82' title="bbox 1797 2224 3370 2300">
    <p class='ocr_par' dir='ltr' id='par_1_82' title="bbox 1797 2224 3370 2300">
     <span class='ocr_line' id='line_1_82' title="bbox 1797 2224 3370 2300; baseline 0.006 -23"><span class='ocrx_word' id='word_1_680' title='bbox 1797 2227 1871 2278; x_wconf 84' lang='lat' dir='ltr'><strong>ris</strong></span> <span class='ocrx_word' id='word_1_681' title='bbox 1899 2224 2173 2294; x_wconf 81' lang='lat' dir='ltr'><strong>dejectus;</strong></span> <span class='ocrx_word' id='word_1_682' title='bbox 2203 2228 2247 2280; x_wconf 81' lang='lat' dir='ltr'><strong>si</strong></span> <span class='ocrx_word' id='word_1_683' title='bbox 2278 2244 2385 2281; x_wconf 92' lang='lat' dir='ltr'><strong>non</strong></span> <span class='ocrx_word' id='word_1_684' title='bbox 2412 2245 2471 2283; x_wconf 89' lang='lat' dir='ltr'><strong>es</strong></span> <span class='ocrx_word' id='word_1_685' title='bbox 2495 2230 2758 2297; x_wconf 83' lang='lat' dir='ltr'><strong>dcjectus,</strong></span> <span class='ocrx_word' id='word_1_686' title='bbox 2779 2231 3054 2300; x_wconf 82' lang='lat' dir='ltr'><strong>dejecisti;</strong></span> <span class='ocrx_word' id='word_1_687' title='bbox 3081 2242 3136 2286; x_wconf 90' lang='lat' dir='ltr'><strong>et</strong></span> <span class='ocrx_word' id='word_1_688' title='bbox 3157 2235 3370 2288; x_wconf 91' lang='lat' dir='ltr'><strong>merito.</strong></span> 
     </span>
    </p>
   </div>
   <div class='ocr_carea' id='block_1_83' title="bbox 1797 2303 3372 2390">
    <p class='ocr_par' dir='ltr' id='par_1_83' title="bbox 1797 2303 3372 2390">
     <span class='ocr_line' id='line_1_83' title="bbox 1797 2303 3372 2390; baseline 0.006 -22"><span class='ocrx_word' id='word_1_689' title='bbox 1797 2314 1926 2368; x_wconf 80' lang='lat' dir='ltr'><strong>Nam</strong></span> <span class='ocrx_word' id='word_1_690' title='bbox 1948 2303 2067 2373; x_wconf 85' lang='lat' dir='ltr'><strong>illic</strong></span> <span class='ocrx_word' id='word_1_691' title='bbox 2095 2317 2307 2386; x_wconf 90' lang='lat' dir='ltr'><strong>quidem</strong></span> <span class='ocrx_word' id='word_1_692' title='bbox 2335 2319 2494 2373; x_wconf 86' lang='lat' dir='ltr'><strong>ambo</strong></span> <span class='ocrx_word' id='word_1_693' title='bbox 2517 2322 2846 2377; x_wconf 87' lang='lat' dir='ltr'><strong>contendunt</strong></span> <span class='ocrx_word' id='word_1_694' title='bbox 2871 2323 2939 2376; x_wconf 81' lang='lat' dir='ltr'><strong>de</strong></span> <span class='ocrx_word' id='word_1_695' title='bbox 2964 2325 3182 2377; x_wconf 88' lang='lat' dir='ltr'><strong>victoria</strong></span> <span class='ocrx_word' id='word_1_696' title='bbox 3202 2366 3216 2390; x_wconf 88' lang='lat'><strong>,</strong></span> <span class='ocrx_word' id='word_1_697' title='bbox 3245 2335 3298 2379; x_wconf 92' lang='lat' dir='ltr'><strong>et</strong></span> <span class='ocrx_word' id='word_1_698' title='bbox 3325 2327 3372 2378; x_wconf 90' lang='lat' dir='ltr'><strong>si</strong></span> 
     </span>
    </p>
   </div>
   <div class='ocr_carea' id='block_1_84' title="bbox 1795 2397 3375 2486">
    <p class='ocr_par' dir='ltr' id='par_1_84' title="bbox 1795 2397 3375 2486">
     <span class='ocr_line' id='line_1_84' title="bbox 1795 2397 3375 2486; baseline 0.009 -28"><span class='ocrx_word' id='word_1_699' title='bbox 1795 2405 1935 2459; x_wconf 85' lang='lat' dir='ltr'><strong>alter</strong></span> <span class='ocrx_word' id='word_1_700' title='bbox 1964 2397 2121 2466; x_wconf 83' lang='lat' dir='ltr'><strong>luerit</strong></span> <span class='ocrx_word' id='word_1_701' title='bbox 2147 2408 2410 2477; x_wconf 89' lang='lat' dir='ltr'><strong>dejectus,</strong></span> <span class='ocrx_word' id='word_1_702' title='bbox 2433 2411 2571 2486; x_wconf 71' lang='lat' dir='ltr'><strong>alter</strong></span> <span class='ocrx_word' id='word_1_703' title='bbox 2602 2423 2889 2467; x_wconf 89' lang='lat' dir='ltr'><strong>coronatur</strong></span> <span class='ocrx_word' id='word_1_704' title='bbox 2913 2435 2927 2468; x_wconf 88' lang='lat'><strong>;</strong></span> <span class='ocrx_word' id='word_1_705' title='bbox 2957 2413 3043 2468; x_wconf 89' lang='lat' dir='ltr'><strong>hic</strong></span> <span class='ocrx_word' id='word_1_706' title='bbox 3068 2427 3244 2469; x_wconf 87' lang='lat' dir='ltr'><strong>autem</strong></span> <span class='ocrx_word' id='word_1_707' title='bbox 3267 2433 3375 2472; x_wconf 91' lang='lat' dir='ltr'><strong>non</strong></span> 
     </span>
    </p>
   </div>
   <div class='ocr_carea' id='block_1_85' title="bbox 1763 2497 3375 2573">
    <p class='ocr_par' dir='ltr' id='par_1_85' title="bbox 1763 2497 3375 2573">
     <span class='ocr_line' id='line_1_85' title="bbox 1763 2497 3375 2573; baseline 0.007 -22"><span class='ocrx_word' id='word_1_708' title='bbox 1763 2507 1768 2510; x_wconf 74' lang='lat'><strong><em>‘</em></strong></span> <span class='ocrx_word' id='word_1_709' title='bbox 1796 2497 1896 2561; x_wconf 83' lang='lat' dir='ltr'><strong>sic,</strong></span> <span class='ocrx_word' id='word_1_710' title='bbox 1925 2497 2020 2557; x_wconf 82' lang='lat' dir='ltr'><strong>sed</strong></span> <span class='ocrx_word' id='word_1_711' title='bbox 2044 2498 2288 2554; x_wconf 88' lang='lat' dir='ltr'><strong>diabolus</strong></span> <span class='ocrx_word' id='word_1_712' title='bbox 2321 2501 2597 2558; x_wconf 88' lang='lat' dir='ltr'><strong>contendit</strong></span> <span class='ocrx_word' id='word_1_713' title='bbox 2622 2512 2678 2556; x_wconf 92' lang='grc' dir='ltr'><strong>ιιι</strong></span> <span class='ocrx_word' id='word_1_714' title='bbox 2706 2518 2804 2557; x_wconf 91' lang='lat' dir='ltr'><strong>nos</strong></span> <span class='ocrx_word' id='word_1_715' title='bbox 2829 2519 3166 2573; x_wconf 81' lang='lat' dir='ltr'><strong>superemur.</strong></span> <span class='ocrx_word' id='word_1_716' title='bbox 3190 2507 3375 2570; x_wconf 89' lang='lat' dir='ltr'><strong>Quan-</strong></span> 
     </span>
    </p>
   </div>
   <div class='ocr_carea' id='block_1_86' title="bbox 1797 2581 3377 2662">
    <p class='ocr_par' dir='ltr' id='par_1_86' title="bbox 1797 2581 3377 2662">
     <span class='ocr_line' id='line_1_86' title="bbox 1797 2581 3377 2662; baseline 0.007 -22"><span class='ocrx_word' id='word_1_717' title='bbox 1797 2581 1868 2640; x_wconf 88' lang='lat' dir='ltr'><strong>do</strong></span> <span class='ocrx_word' id='word_1_718' title='bbox 1894 2593 2023 2656; x_wconf 84' lang='lat' dir='ltr'><strong>ergo</strong></span> <span class='ocrx_word' id='word_1_719' title='bbox 2067 2587 2119 2647; x_wconf 89' lang='lat' dir='ltr'><strong>id</strong></span> <span class='ocrx_word' id='word_1_720' title='bbox 2159 2590 2208 2644; x_wconf 89' lang='lat' dir='ltr'><strong>ei</strong></span> <span class='ocrx_word' id='word_1_721' title='bbox 2240 2589 2495 2645; x_wconf 82' lang='lat' dir='ltr'><strong>ademcro</strong></span> <span class='ocrx_word' id='word_1_722' title='bbox 2519 2593 2587 2646; x_wconf 91' lang='lat' dir='ltr'><strong>de</strong></span> <span class='ocrx_word' id='word_1_723' title='bbox 2613 2609 2721 2662; x_wconf 91' lang='lat' dir='ltr'><strong>quo</strong></span> <span class='ocrx_word' id='word_1_724' title='bbox 2748 2595 3062 2660; x_wconf 83' lang='lat' dir='ltr'><strong>contendit,</strong></span> <span class='ocrx_word' id='word_1_725' title='bbox 3093 2597 3193 2650; x_wconf 85' lang='lat' dir='ltr'><strong>vici</strong></span> <span class='ocrx_word' id='word_1_726' title='bbox 3226 2616 3239 2649; x_wconf 87' lang='lat'><strong>:</strong></span> <span class='ocrx_word' id='word_1_727' title='bbox 3270 2613 3377 2652; x_wconf 89' lang='lat' dir='ltr'><strong>non</strong></span> 
     </span>
    </p>
   </div>
   <div class='ocr_carea' id='block_1_87' title="bbox 1797 2677 3372 2755">
    <p class='ocr_par' dir='ltr' id='par_1_87' title="bbox 1797 2677 3372 2755">
     <span class='ocr_line' id='line_1_87' title="bbox 1797 2677 3372 2755; baseline 0.006 -24"><span class='ocrx_word' id='word_1_728' title='bbox 1797 2678 1941 2731; x_wconf 88' lang='lat' dir='ltr'><strong>enim</strong></span> <span class='ocrx_word' id='word_1_729' title='bbox 1984 2677 2242 2734; x_wconf 89' lang='lat' dir='ltr'><strong>incumbit</strong></span> <span class='ocrx_word' id='word_1_730' title='bbox 2289 2689 2348 2736; x_wconf 91' lang='lat' dir='ltr'><strong>ut</strong></span> <span class='ocrx_word' id='word_1_731' title='bbox 2393 2681 2628 2750; x_wconf 87' lang='lat' dir='ltr'><strong>dejiciat,</strong></span> <span class='ocrx_word' id='word_1_732' title='bbox 2675 2683 2770 2738; x_wconf 89' lang='lat' dir='ltr'><strong>sed</strong></span> <span class='ocrx_word' id='word_1_733' title='bbox 2811 2693 2869 2737; x_wconf 89' lang='lat' dir='ltr'><strong>ut</strong></span> <span class='ocrx_word' id='word_1_734' title='bbox 2911 2682 3092 2740; x_wconf 90' lang='lat' dir='ltr'><strong>secum</strong></span> <span class='ocrx_word' id='word_1_735' title='bbox 3137 2687 3372 2755; x_wconf 82' lang='lat' dir='ltr'><strong>dejiciul.</strong></span> 
     </span>
    </p>
   </div>
   <div class='ocr_carea' id='block_1_88' title="bbox 1801 2768 3380 2846">
    <p class='ocr_par' dir='ltr' id='par_1_88' title="bbox 1801 2768 3380 2846">
     <span class='ocr_line' id='line_1_88' title="bbox 1801 2768 3380 2846; baseline 0.005 -23"><span class='ocrx_word' id='word_1_736' title='bbox 1801 2768 1918 2823; x_wconf 66' lang='lat' dir='ltr'><strong>iam</strong></span> <span class='ocrx_word' id='word_1_737' title='bbox 1949 2778 2032 2824; x_wconf 90' lang='lat' dir='ltr'><strong>est</strong></span> <span class='ocrx_word' id='word_1_738' title='bbox 2056 2785 2184 2840; x_wconf 76' lang='lat' dir='ltr'><strong>ergo</strong></span> <span class='ocrx_word' id='word_1_739' title='bbox 2208 2771 2379 2825; x_wconf 89' lang='lat' dir='ltr'><strong>victus</strong></span> <span class='ocrx_word' id='word_1_740' title='bbox 2409 2790 2423 2825; x_wconf 91' lang='lat'><strong>:</strong></span> <span class='ocrx_word' id='word_1_741' title='bbox 2452 2773 2565 2841; x_wconf 89' lang='lat' dir='ltr'><strong>ipse</strong></span> <span class='ocrx_word' id='word_1_742' title='bbox 2590 2775 2734 2827; x_wconf 90' lang='lat' dir='ltr'><strong>enim</strong></span> <span class='ocrx_word' id='word_1_743' title='bbox 2771 2775 2882 2842; x_wconf 86' lang='lat' dir='ltr'><strong>jam</strong></span> <span class='ocrx_word' id='word_1_744' title='bbox 2909 2785 2993 2830; x_wconf 87' lang='lat' dir='ltr'><strong>est</strong></span> <span class='ocrx_word' id='word_1_745' title='bbox 3019 2776 3296 2846; x_wconf 89' lang='lat' dir='ltr'><strong>dejectus,</strong></span> <span class='ocrx_word' id='word_1_746' title='bbox 3323 2789 3380 2831; x_wconf 88' lang='lat' dir='ltr'><strong>et</strong></span> 
     </span>
    </p>
   </div>
   <div class='ocr_carea' id='block_1_89' title="bbox 1799 2860 3378 2934">
    <p class='ocr_par' dir='ltr' id='par_1_89' title="bbox 1799 2860 3378 2934">
     <span class='ocr_line' id='line_1_89' title="bbox 1799 2860 3378 2934; baseline 0.008 -23"><span class='ocrx_word' id='word_1_747' title='bbox 1799 2869 1882 2912; x_wconf 87' lang='lat' dir='ltr'><strong>est</strong></span> <span class='ocrx_word' id='word_1_748' title='bbox 1910 2860 1962 2912; x_wconf 91' lang='lat' dir='ltr'><strong>in</strong></span> <span class='ocrx_word' id='word_1_749' title='bbox 1994 2860 2294 2928; x_wconf 88' lang='lat' dir='ltr'><strong>perditione</strong></span> <span class='ocrx_word' id='word_1_750' title='bbox 2320 2871 2373 2917; x_wconf 90' lang='lat' dir='ltr'><strong>et</strong></span> <span class='ocrx_word' id='word_1_751' title='bbox 2400 2863 2635 2916; x_wconf 86' lang='lat' dir='ltr'><strong>interitu.</strong></span> <span class='ocrx_word' id='word_1_752' title='bbox 2667 2865 2797 2934; x_wconf 87' lang='lat' dir='ltr'><strong>Ejus</strong></span> <span class='ocrx_word' id='word_1_753' title='bbox 2819 2877 2996 2920; x_wconf 86' lang='lat' dir='ltr'><strong>autem</strong></span> <span class='ocrx_word' id='word_1_754' title='bbox 3025 2868 3247 2922; x_wconf 83' lang='lat' dir='ltr'><strong>victoria</strong></span> <span class='ocrx_word' id='word_1_755' title='bbox 3271 2885 3378 2924; x_wconf 91' lang='lat' dir='ltr'><strong>nnn</strong></span> 
     </span>
    </p>
   </div>
   <div class='ocr_carea' id='block_1_90' title="bbox 1799 2946 3385 3024">
    <p class='ocr_par' dir='ltr' id='par_1_90' title="bbox 1799 2946 3385 3024">
     <span class='ocr_line' id='line_1_90' title="bbox 1799 2946 3385 3024; baseline 0.007 -22"><span class='ocrx_word' id='word_1_756' title='bbox 1799 2960 1882 3002; x_wconf 92' lang='lat' dir='ltr'><strong>est</strong></span> <span class='ocrx_word' id='word_1_757' title='bbox 1912 2950 1962 3002; x_wconf 92' lang='lat' dir='ltr'><strong>in</strong></span> <span class='ocrx_word' id='word_1_758' title='bbox 1990 2951 2092 3003; x_wconf 87' lang='lat' dir='ltr'><strong>hoc</strong></span> <span class='ocrx_word' id='word_1_759' title='bbox 2118 2959 2177 3006; x_wconf 89' lang='lat' dir='ltr'><strong>ut</strong></span> <span class='ocrx_word' id='word_1_760' title='bbox 2201 2962 2510 3012; x_wconf 82' lang='lat' dir='ltr'><strong>coronetur.</strong></span> <span class='ocrx_word' id='word_1_761' title='bbox 2543 2954 2636 3008; x_wconf 87' lang='lat' dir='ltr'><strong>sed</strong></span> <span class='ocrx_word' id='word_1_762' title='bbox 2669 2967 2725 3006; x_wconf 89' lang='lat' dir='ltr'><strong>ut</strong></span> <span class='ocrx_word' id='word_1_763' title='bbox 2755 2971 2841 3009; x_wconf 85' lang='lat' dir='ltr'><strong>me</strong></span> <span class='ocrx_word' id='word_1_764' title='bbox 2868 2956 3074 3024; x_wconf 82' lang='lat' dir='ltr'><strong>perdat.</strong></span> <span class='ocrx_word' id='word_1_765' title='bbox 3105 2946 3385 3023; x_wconf 22' lang='lat' dir='ltr'><strong>Quamob—l</strong></span> 
     </span>
    </p>
   </div>
   <div class='ocr_carea' id='block_1_91' title="bbox 1801 3042 3376 3119">
    <p class='ocr_par' dir='ltr' id='par_1_91' title="bbox 1801 3042 3376 3119">
     <span class='ocr_line' id='line_1_91' title="bbox 1801 3042 3376 3119; baseline 0.008 -27"><span class='ocrx_word' id='word_1_766' title='bbox 1801 3055 1914 3119; x_wconf 81' lang='lat' dir='ltr'><strong>rem</strong></span> <span class='ocrx_word' id='word_1_767' title='bbox 1943 3043 1989 3093; x_wconf 91' lang='lat' dir='ltr'><strong>si</strong></span> <span class='ocrx_word' id='word_1_768' title='bbox 2019 3057 2125 3098; x_wconf 86' lang='lat' dir='ltr'><strong>non</strong></span> <span class='ocrx_word' id='word_1_769' title='bbox 2151 3042 2420 3111; x_wconf 88' lang='lat' dir='ltr'><strong>dejecero,</strong></span> <span class='ocrx_word' id='word_1_770' title='bbox 2448 3059 2552 3098; x_wconf 89' lang='lat' dir='ltr'><strong>non</strong></span> <span class='ocrx_word' id='word_1_771' title='bbox 2582 3044 2738 3099; x_wconf 83' lang='lat' dir='ltr'><strong>fuero</strong></span> <span class='ocrx_word' id='word_1_772' title='bbox 2768 3055 2947 3100; x_wconf 89' lang='lat' dir='ltr'><strong>autem</strong></span> <span class='ocrx_word' id='word_1_773' title='bbox 2967 3047 3232 3117; x_wconf 86' lang='lat' dir='ltr'><strong>dejectus,</strong></span> <span class='ocrx_word' id='word_1_774' title='bbox 3251 3049 3376 3104; x_wconf 85' lang='lat' dir='ltr'><strong>vici.</strong></span> 
     </span>
    </p>
   </div>
   <div class='ocr_carea' id='block_1_92' title="bbox 1801 3130 3383 3206">
    <p class='ocr_par' dir='ltr' id='par_1_92' title="bbox 1801 3130 3383 3206">
     <span class='ocr_line' id='line_1_92' title="bbox 1801 3130 3383 3206; baseline 0.009 -26"><span class='ocrx_word' id='word_1_775' title='bbox 1801 3130 2056 3195; x_wconf 59' lang='lat' dir='ltr'><strong>Quanam</strong></span> <span class='ocrx_word' id='word_1_776' title='bbox 2088 3142 2170 3186; x_wconf 87' lang='lat' dir='ltr'><strong>est</strong></span> <span class='ocrx_word' id='word_1_777' title='bbox 2198 3147 2325 3202; x_wconf 85' lang='lat' dir='ltr'><strong>ergo</strong></span> <span class='ocrx_word' id='word_1_778' title='bbox 2358 3135 2607 3203; x_wconf 64' lang='lat' dir='ltr'><strong>praeclara</strong></span> <span class='ocrx_word' id='word_1_779' title='bbox 2644 3136 2910 3196; x_wconf 78' lang='lat' dir='ltr'><strong>victoria?</strong></span> <span class='ocrx_word' id='word_1_780' title='bbox 2939 3138 3020 3192; x_wconf 79' lang='lat' dir='ltr'><strong>Ex</strong></span> <span class='ocrx_word' id='word_1_781' title='bbox 3048 3139 3383 3206; x_wconf 80' lang='lat' dir='ltr'><strong>superabun-</strong></span> 
     </span>
    </p>
   </div>
   <div class='ocr_carea' id='block_1_93' title="bbox 1803 3221 3384 3298">
    <p class='ocr_par' dir='ltr' id='par_1_93' title="bbox 1803 3221 3384 3298">
     <span class='ocr_line' id='line_1_93' title="bbox 1803 3221 3384 3298; baseline 0.006 -23"><span class='ocrx_word' id='word_1_782' title='bbox 1803 3221 1984 3278; x_wconf 86' lang='lat' dir='ltr'><strong>dantia</strong></span> <span class='ocrx_word' id='word_1_783' title='bbox 2011 3238 2133 3276; x_wconf 88' lang='lat' dir='ltr'><strong>eum</strong></span> <span class='ocrx_word' id='word_1_784' title='bbox 2164 3225 2507 3288; x_wconf 88' lang='lat' dir='ltr'><strong>conculcare,</strong></span> <span class='ocrx_word' id='word_1_785' title='bbox 2542 3236 2599 3278; x_wconf 92' lang='lat' dir='ltr'><strong>ut</strong></span> <span class='ocrx_word' id='word_1_786' title='bbox 2629 3225 2854 3280; x_wconf 80' lang='lat' dir='ltr'><strong>faciebat</strong></span> <span class='ocrx_word' id='word_1_787' title='bbox 2885 3227 3101 3292; x_wconf 84' lang='lat' dir='ltr'><strong>Paulus,</strong></span> <span class='ocrx_word' id='word_1_788' title='bbox 3134 3245 3221 3284; x_wconf 89' lang='lat' dir='ltr'><strong>res</strong></span> <span class='ocrx_word' id='word_1_789' title='bbox 3249 3245 3384 3298; x_wconf 78' lang='lat' dir='ltr'><strong>pne-</strong></span> 
     </span>
    </p>
   </div>
   <div class='ocr_carea' id='block_1_94' title="bbox 1804 3316 3388 3388">
    <p class='ocr_par' dir='ltr' id='par_1_94' title="bbox 1804 3316 3388 3388">
     <span class='ocr_line' id='line_1_94' title="bbox 1804 3316 3388 3388; baseline 0.006 -19"><span class='ocrx_word' id='word_1_790' title='bbox 1804 3317 1983 3369; x_wconf 65' lang='lat' dir='ltr'><strong>S&#39;cutes</strong></span> <span class='ocrx_word' id='word_1_791' title='bbox 2014 3316 2143 3369; x_wconf 93' lang='lat' dir='ltr'><strong>nibil</strong></span> <span class='ocrx_word' id='word_1_792' title='bbox 2173 3330 2292 3370; x_wconf 88' lang='lat' dir='ltr'><strong>esse</strong></span> <span class='ocrx_word' id='word_1_793' title='bbox 2329 3317 2662 3372; x_wconf 73' lang='lat' dir='ltr'><strong>existimans.</strong></span> <span class='ocrx_word' id='word_1_794' title='bbox 2691 3318 2798 3372; x_wconf 87' lang='lat' dir='ltr'><strong>Nos</strong></span> <span class='ocrx_word' id='word_1_795' title='bbox 2823 3334 3035 3388; x_wconf 85' lang='lat' dir='ltr'><strong>quoque</strong></span> <span class='ocrx_word' id='word_1_796' title='bbox 3058 3335 3180 3373; x_wconf 89' lang='lat' dir='ltr'><strong>eum</strong></span> <span class='ocrx_word' id='word_1_797' title='bbox 3211 3323 3388 3378; x_wconf 57' lang='lat' dir='ltr'><strong>in‘.ite-.</strong></span> 
     </span>
    </p>
   </div>
   <div class='ocr_carea' id='block_1_95' title="bbox 1807 3405 3386 3480">
    <p class='ocr_par' dir='ltr' id='par_1_95' title="bbox 1807 3405 3386 3480">
     <span class='ocr_line' id='line_1_95' title="bbox 1807 3405 3386 3480; baseline 0.002 -21"><span class='ocrx_word' id='word_1_798' title='bbox 1807 3421 1948 3472; x_wconf 90' lang='lat' dir='ltr'><strong>mur,</strong></span> <span class='ocrx_word' id='word_1_799' title='bbox 2001 3415 2058 3463; x_wconf 76' lang='lat' dir='ltr'><strong>ct</strong></span> <span class='ocrx_word' id='word_1_800' title='bbox 2098 3405 2328 3462; x_wconf 88' lang='lat' dir='ltr'><strong>studium</strong></span> <span class='ocrx_word' id='word_1_801' title='bbox 2373 3423 2634 3473; x_wconf 89' lang='lat' dir='ltr'><strong>ponamus</strong></span> <span class='ocrx_word' id='word_1_802' title='bbox 2677 3417 2734 3462; x_wconf 93' lang='lat' dir='ltr'><strong>ut</strong></span> <span class='ocrx_word' id='word_1_803' title='bbox 2771 3406 2942 3462; x_wconf 86' lang='lat' dir='ltr'><strong>simus</strong></span> <span class='ocrx_word' id='word_1_804' title='bbox 2970 3410 3294 3478; x_wconf 83' lang='lat' dir='ltr'><strong>superiores,</strong></span> <span class='ocrx_word' id='word_1_805' title='bbox 3329 3421 3386 3480; x_wconf 66' lang='lat' dir='ltr'><strong>et</strong></span> 
     </span>
    </p>
   </div>
   <div class='ocr_carea' id='block_1_96' title="bbox 1804 3496 2531 3573">
    <p class='ocr_par' dir='ltr' id='par_1_96' title="bbox 1804 3496 2531 3573">
     <span class='ocr_line' id='line_1_96' title="bbox 1804 3496 2531 3573; baseline -0.006 -19"><span class='ocrx_word' id='word_1_806' title='bbox 1804 3499 2001 3554; x_wconf 87' lang='lat' dir='ltr'><strong>nullam</strong></span> <span class='ocrx_word' id='word_1_807' title='bbox 2030 3498 2080 3550; x_wconf 93' lang='lat' dir='ltr'><strong>ei</strong></span> <span class='ocrx_word' id='word_1_808' title='bbox 2107 3496 2295 3551; x_wconf 84' lang='lat' dir='ltr'><strong>demus</strong></span> <span class='ocrx_word' id='word_1_809' title='bbox 2322 3512 2531 3573; x_wconf 78' lang='lat' dir='ltr'><strong>ansam.</strong></span> 
     </span>
    </p>
   </div>
   <div class='ocr_carea' id='block_1_97' title="bbox 1879 3585 3388 3656">
    <p class='ocr_par' dir='ltr' id='par_1_97' title="bbox 1879 3585 3388 3656">
     <span class='ocr_line' id='line_1_97' title="bbox 1879 3585 3388 3656; baseline 0.007 -16"><span class='ocrx_word' id='word_1_810' title='bbox 1879 3585 2082 3644; x_wconf 75' lang='lat' dir='ltr'><strong>Diuitite</strong></span> <span class='ocrx_word' id='word_1_811' title='bbox 2119 3597 2167 3640; x_wconf 84' lang='lat' dir='ltr'><strong>et</strong></span> <span class='ocrx_word' id='word_1_812' title='bbox 2202 3587 2370 3642; x_wconf 82' lang='lat' dir='ltr'><strong>inanis</strong></span> <span class='ocrx_word' id='word_1_813' title='bbox 2395 3588 2559 3656; x_wconf 85' lang='lat' dir='ltr'><strong>gloria</strong></span> <span class='ocrx_word' id='word_1_814' title='bbox 2586 3604 2764 3642; x_wconf 85' lang='lat' dir='ltr'><strong>ansam</strong></span> <span class='ocrx_word' id='word_1_815' title='bbox 2792 3589 2917 3642; x_wconf 80' lang='lat' dir='ltr'><strong>dant</strong></span> <span class='ocrx_word' id='word_1_816' title='bbox 2942 3588 3165 3646; x_wconf 74' lang='lat' dir='ltr'><strong>diabolo.</strong></span> <span class='ocrx_word' id='word_1_817' title='bbox 3195 3622 3269 3632; x_wconf 90' lang='lat'><strong>-—</strong></span> <span class='ocrx_word' id='word_1_818' title='bbox 3296 3593 3388 3650; x_wconf 84' lang='lat' dir='ltr'><strong>Di-</strong></span> 
     </span>
    </p>
   </div>
   <div class='ocr_carea' id='block_1_98' title="bbox 1807 3678 3389 3754">
    <p class='ocr_par' dir='ltr' id='par_1_98' title="bbox 1807 3678 3389 3754">
     <span class='ocr_line' id='line_1_98' title="bbox 1807 3678 3389 3754; baseline 0.003 -22"><span class='ocrx_word' id='word_1_819' title='bbox 1807 3680 1949 3738; x_wconf 65' lang='lat' dir='ltr'><strong>vitiae</strong></span> <span class='ocrx_word' id='word_1_820' title='bbox 1978 3679 2110 3736; x_wconf 85' lang='lat' dir='ltr'><strong>dant</strong></span> <span class='ocrx_word' id='word_1_821' title='bbox 2135 3678 2185 3734; x_wconf 90' lang='lat' dir='ltr'><strong>ei</strong></span> <span class='ocrx_word' id='word_1_822' title='bbox 2210 3693 2416 3744; x_wconf 85' lang='lat' dir='ltr'><strong>ansam,</strong></span> <span class='ocrx_word' id='word_1_823' title='bbox 2443 3681 2705 3748; x_wconf 68' lang='lat' dir='ltr'><strong>pecunite,</strong></span> <span class='ocrx_word' id='word_1_824' title='bbox 2739 3681 2912 3735; x_wconf 87' lang='lat' dir='ltr'><strong>inanis</strong></span> <span class='ocrx_word' id='word_1_825' title='bbox 2938 3683 3131 3752; x_wconf 80' lang='lat' dir='ltr'><strong>gloria,</strong></span> <span class='ocrx_word' id='word_1_826' title='bbox 3159 3693 3214 3741; x_wconf 85' lang='lat' dir='ltr'><strong>et</strong></span> <span class='ocrx_word' id='word_1_827' title='bbox 3242 3699 3389 3754; x_wconf 59' lang='grc' dir='ltr'>διῆρε</span> 
     </span>
    </p>
   </div>
   <div class='ocr_carea' id='block_1_99' title="bbox 1807 3769 3391 3841">
    <p class='ocr_par' dir='ltr' id='par_1_99' title="bbox 1807 3769 3391 3841">
     <span class='ocr_line' id='line_1_99' title="bbox 1807 3769 3391 3841; baseline 0.003 -17"><span class='ocrx_word' id='word_1_828' title='bbox 1807 3771 2021 3840; x_wconf 87' lang='lat' dir='ltr'><strong>quidem</strong></span> <span class='ocrx_word' id='word_1_829' title='bbox 2050 3785 2172 3825; x_wconf 84' lang='lat' dir='ltr'><strong>eum</strong></span> <span class='ocrx_word' id='word_1_830' title='bbox 2199 3772 2427 3841; x_wconf 85' lang='lat' dir='ltr'><strong>erigunt,</strong></span> <span class='ocrx_word' id='word_1_831' title='bbox 2470 3786 2614 3841; x_wconf 71' lang='lat' dir='ltr'><strong>smpe</strong></span> <span class='ocrx_word' id='word_1_832' title='bbox 2653 3779 2831 3825; x_wconf 88' lang='lat' dir='ltr'><strong>autem</strong></span> <span class='ocrx_word' id='word_1_833' title='bbox 2873 3769 3043 3829; x_wconf 71' lang='lat' dir='ltr'><strong>lcrum</strong></span> <span class='ocrx_word' id='word_1_834' title='bbox 3075 3773 3304 3841; x_wconf 79' lang='lat' dir='ltr'><strong>reddunt</strong></span> <span class='ocrx_word' id='word_1_835' title='bbox 3333 3784 3391 3835; x_wconf 90' lang='lat' dir='ltr'><strong>et</strong></span> 
     </span>
    </p>
   </div>
   <div class='ocr_carea' id='block_1_100' title="bbox 1812 3861 3391 3933">
    <p class='ocr_par' dir='ltr' id='par_1_100' title="bbox 1812 3861 3391 3933">
     <span class='ocr_line' id='line_1_100' title="bbox 1812 3861 3391 3933; baseline 0.002 -19"><span class='ocrx_word' id='word_1_836' title='bbox 1812 3861 2122 3918; x_wconf 86' lang='lat' dir='ltr'><strong>immanem.</strong></span> <span class='ocrx_word' id='word_1_837' title='bbox 2154 3861 2258 3917; x_wconf 87' lang='lat' dir='ltr'><strong>Sed</strong></span> <span class='ocrx_word' id='word_1_838' title='bbox 2289 3861 2414 3930; x_wconf 88' lang='lat' dir='ltr'><strong>quid</strong></span> <span class='ocrx_word' id='word_1_839' title='bbox 2448 3877 2582 3931; x_wconf 91' lang='lat' dir='ltr'><strong>opus</strong></span> <span class='ocrx_word' id='word_1_840' title='bbox 2604 3870 2686 3915; x_wconf 93' lang='lat' dir='ltr'><strong>est</strong></span> <span class='ocrx_word' id='word_1_841' title='bbox 2713 3861 2886 3914; x_wconf 76' lang='lat' dir='ltr'><strong>lucta?</strong></span> <span class='ocrx_word' id='word_1_842' title='bbox 2912 3863 3036 3933; x_wconf 87' lang='lat' dir='ltr'><strong>quid</strong></span> <span class='ocrx_word' id='word_1_843' title='bbox 3064 3878 3199 3931; x_wconf 88' lang='lat' dir='ltr'><strong>opus</strong></span> <span class='ocrx_word' id='word_1_844' title='bbox 3224 3873 3306 3931; x_wconf 83' lang='lat' dir='ltr'><strong>est</strong></span> <span class='ocrx_word' id='word_1_845' title='bbox 3331 3875 3391 3931; x_wconf 87' lang='lat' dir='ltr'><strong>ut</strong></span> 
     </span>
    </p>
   </div>
   <div class='ocr_carea' id='block_1_101' title="bbox 1811 3951 3384 4024">
    <p class='ocr_par' dir='ltr' id='par_1_101' title="bbox 1811 3951 3384 4024">
     <span class='ocr_line' id='line_1_101' title="bbox 1811 3951 3384 4024; baseline 0 -17"><span class='ocrx_word' id='word_1_846' title='bbox 1811 3953 2219 4008; x_wconf 80' lang='lat' dir='ltr'><strong>concertemus?</strong></span> <span class='ocrx_word' id='word_1_847' title='bbox 2255 3953 2355 4018; x_wconf 89' lang='lat' dir='ltr'><strong>Qui</strong></span> <span class='ocrx_word' id='word_1_848' title='bbox 2396 3967 2584 4024; x_wconf 83' lang='lat' dir='ltr'><strong>manus</strong></span> <span class='ocrx_word' id='word_1_849' title='bbox 2619 3951 2874 4016; x_wconf 88' lang='lat' dir='ltr'><strong>conserit,</strong></span> <span class='ocrx_word' id='word_1_850' title='bbox 2920 3952 3081 4014; x_wconf 82' lang='lat' dir='ltr'><strong>linem</strong></span> <span class='ocrx_word' id='word_1_851' title='bbox 3108 3951 3384 4014; x_wconf 76' lang='lat' dir='ltr'><strong>babetin-</strong></span> 
     </span>
    </p>
   </div>
   <div class='ocr_carea' id='block_1_102' title="bbox 1811 4042 3390 4120">
    <p class='ocr_par' dir='ltr' id='par_1_102' title="bbox 1811 4042 3390 4120">
     <span class='ocr_line' id='line_1_102' title="bbox 1811 4042 3390 4120; baseline 0.001 -22"><span class='ocrx_word' id='word_1_852' title='bbox 1811 4053 2066 4110; x_wconf 73' lang='lat' dir='ltr'><strong>certum,</strong></span> <span class='ocrx_word' id='word_1_853' title='bbox 2095 4059 2220 4097; x_wconf 89' lang='lat' dir='ltr'><strong>num</strong></span> <span class='ocrx_word' id='word_1_854' title='bbox 2265 4045 2379 4111; x_wconf 86' lang='lat' dir='ltr'><strong>ipse</strong></span> <span class='ocrx_word' id='word_1_855' title='bbox 2426 4043 2585 4116; x_wconf 85' lang='lat' dir='ltr'><strong>etiam</strong></span> <span class='ocrx_word' id='word_1_856' title='bbox 2626 4042 2964 4110; x_wconf 84' lang='lat' dir='ltr'><strong>superabitur</strong></span> <span class='ocrx_word' id='word_1_857' title='bbox 2992 4052 3060 4120; x_wconf 70' lang='lat' dir='ltr'><strong>et</strong></span> <span class='ocrx_word' id='word_1_858' title='bbox 3101 4045 3344 4112; x_wconf 89' lang='lat' dir='ltr'><strong>capietur</strong></span> <span class='ocrx_word' id='word_1_859' title='bbox 3369 4060 3390 4099; x_wconf 89' lang='lat'><strong>:</strong></span> 
     </span>
    </p>
   </div>
   <div class='ocr_carea' id='block_1_103' title="bbox 1812 4133 3392 4213">
    <p class='ocr_par' dir='ltr' id='par_1_103' title="bbox 1812 4133 3392 4213">
     <span class='ocr_line' id='line_1_103' title="bbox 1812 4133 3392 4213; baseline 0 -23"><span class='ocrx_word' id='word_1_860' title='bbox 1812 4137 1903 4205; x_wconf 88' lang='lat' dir='ltr'><strong>qui</strong></span> <span class='ocrx_word' id='word_1_861' title='bbox 1945 4143 2133 4190; x_wconf 79' lang='lat' dir='ltr'><strong>autem</strong></span> <span class='ocrx_word' id='word_1_862' title='bbox 2162 4135 2474 4198; x_wconf 81' lang='lat' dir='ltr'><strong>concaleat,</strong></span> <span class='ocrx_word' id='word_1_863' title='bbox 2515 4144 2728 4213; x_wconf 36' lang='lat' dir='ltr'><strong>certam.</strong></span> <span class='ocrx_word' id='word_1_864' title='bbox 2753 4143 2808 4188; x_wconf 90' lang='lat' dir='ltr'><strong>et</strong></span> <span class='ocrx_word' id='word_1_865' title='bbox 2856 4133 3188 4194; x_wconf 74' lang='lat' dir='ltr'><strong>manifestam</strong></span> <span class='ocrx_word' id='word_1_866' title='bbox 3231 4133 3392 4202; x_wconf 66' lang='lat' dir='ltr'><strong>habet</strong></span> 
     </span>
    </p>
   </div>
   <div class='ocr_carea' id='block_1_104' title="bbox 1814 4219 3390 4292">
    <p class='ocr_par' dir='ltr' id='par_1_104' title="bbox 1814 4219 3390 4292">
     <span class='ocr_line' id='line_1_104' title="bbox 1814 4219 3390 4292; baseline -0.004 -10"><span class='ocrx_word' id='word_1_867' title='bbox 1814 4227 2114 4282; x_wconf 84' lang='lat' dir='ltr'><strong>victoriam.</strong></span> <span class='ocrx_word' id='word_1_868' title='bbox 2141 4225 2529 4280; x_wconf 84' lang='lat' dir='ltr'><strong>Conculcemus</strong></span> <span class='ocrx_word' id='word_1_869' title='bbox 2554 4224 2752 4278; x_wconf 84' lang='lat' dir='ltr'><strong>diaboli</strong></span> <span class='ocrx_word' id='word_1_870' title='bbox 2787 4226 3085 4292; x_wconf 81' lang='lat' dir='ltr'><strong>potentiam</strong></span> <span class='ocrx_word' id='word_1_871' title='bbox 3105 4265 3124 4290; x_wconf 93' lang='lat'><strong>,</strong></span> <span class='ocrx_word' id='word_1_872' title='bbox 3165 4219 3390 4279; x_wconf 80' lang='lat' dir='ltr'><strong>concul-</strong></span> 
     </span>
    </p>
   </div>
   <div class='ocr_carea' id='block_1_105' title="bbox 1815 4314 3389 4387">
    <p class='ocr_par' dir='ltr' id='par_1_105' title="bbox 1815 4314 3389 4387">
     <span class='ocr_line' id='line_1_105' title="bbox 1815 4314 3389 4387; baseline -0.004 -13"><span class='ocrx_word' id='word_1_873' title='bbox 1815 4332 2001 4374; x_wconf 86' lang='lat' dir='ltr'><strong>cemus</strong></span> <span class='ocrx_word' id='word_1_874' title='bbox 2031 4326 2281 4387; x_wconf 87' lang='lat' dir='ltr'><strong>peccata;</strong></span> <span class='ocrx_word' id='word_1_875' title='bbox 2310 4317 2509 4378; x_wconf 87' lang='lat' dir='ltr'><strong>omnia,</strong></span> <span class='ocrx_word' id='word_1_876' title='bbox 2543 4316 2790 4385; x_wconf 84' lang='lat' dir='ltr'><strong>inquam,</strong></span> <span class='ocrx_word' id='word_1_877' title='bbox 2822 4332 2942 4384; x_wconf 79' lang='lat' dir='ltr'><strong>qtne</strong></span> <span class='ocrx_word' id='word_1_878' title='bbox 2968 4316 3035 4368; x_wconf 92' lang='lat' dir='ltr'><strong>ad</strong></span> <span class='ocrx_word' id='word_1_879' title='bbox 3063 4314 3201 4378; x_wconf 84' lang='lat' dir='ltr'><strong>hanc</strong></span> <span class='ocrx_word' id='word_1_880' title='bbox 3227 4317 3389 4381; x_wconf 79' lang='lat' dir='ltr'><strong>vitam</strong></span> 
     </span>
    </p>
   </div>
   <div class='ocr_carea' id='block_1_106' title="bbox 1817 4406 3389 4481">
    <p class='ocr_par' dir='ltr' id='par_1_106' title="bbox 1817 4406 3389 4481">
     <span class='ocr_line' id='line_1_106' title="bbox 1817 4406 3389 4481; baseline -0.002 -18"><span class='ocrx_word' id='word_1_881' title='bbox 1817 4414 2119 4481; x_wconf 80' lang='lat' dir='ltr'><strong>pertinent,</strong></span> <span class='ocrx_word' id='word_1_882' title='bbox 2175 4408 2343 4469; x_wconf 87' lang='lat' dir='ltr'><strong>iram,</strong></span> <span class='ocrx_word' id='word_1_883' title='bbox 2410 4406 2894 4473; x_wconf 84' lang='lat' dir='ltr'><strong>concupiscentiam</strong></span> <span class='ocrx_word' id='word_1_884' title='bbox 2917 4446 2934 4470; x_wconf 90' lang='lat'><strong>,</strong></span> <span class='ocrx_word' id='word_1_885' title='bbox 2989 4410 3347 4474; x_wconf 75' lang='lat' dir='ltr'><strong>arrogantiam</strong></span> <span class='ocrx_word' id='word_1_886' title='bbox 3371 4445 3389 4475; x_wconf 76' lang='grc'><em>,</em></span> 
     </span>
    </p>
   </div>
   <div class='ocr_carea' id='block_1_107' title="bbox 1820 4495 3391 4567">
    <p class='ocr_par' dir='ltr' id='par_1_107' title="bbox 1820 4495 3391 4567">
     <span class='ocr_line' id='line_1_107' title="bbox 1820 4495 3391 4567; baseline -0.003 -14"><span class='ocrx_word' id='word_1_887' title='bbox 1820 4515 2009 4554; x_wconf 88' lang='lat' dir='ltr'><strong>omnes</strong></span> <span class='ocrx_word' id='word_1_888' title='bbox 2053 4500 2215 4552; x_wconf 85' lang='lat' dir='ltr'><strong>animi</strong></span> <span class='ocrx_word' id='word_1_889' title='bbox 2267 4496 2696 4567; x_wconf 86' lang='lat' dir='ltr'><strong>perturbationes</strong></span> <span class='ocrx_word' id='word_1_890' title='bbox 2719 4505 2787 4549; x_wconf 84' lang='lat' dir='ltr'><strong>et</strong></span> <span class='ocrx_word' id='word_1_891' title='bbox 2815 4495 2942 4556; x_wconf 78' lang='lat' dir='ltr'><strong>vitia</strong></span> <span class='ocrx_word' id='word_1_892' title='bbox 2972 4514 2985 4549; x_wconf 91' lang='lat'><strong>:</strong></span> <span class='ocrx_word' id='word_1_893' title='bbox 3018 4505 3071 4549; x_wconf 89' lang='lat' dir='ltr'><strong>ut</strong></span> <span class='ocrx_word' id='word_1_894' title='bbox 3113 4511 3234 4552; x_wconf 88' lang='lat' dir='ltr'><strong>cum</strong></span> <span class='ocrx_word' id='word_1_895' title='bbox 3265 4495 3391 4562; x_wconf 82' lang='lat' dir='ltr'><strong>illuc</strong></span> 
     </span>
    </p>
   </div>
   <div class='ocr_carea' id='block_1_108' title="bbox 1817 4585 3389 4656">
    <p class='ocr_par' dir='ltr' id='par_1_108' title="bbox 1817 4585 3389 4656">
     <span class='ocr_line' id='line_1_108' title="bbox 1817 4585 3389 4656; baseline -0.006 -8"><span class='ocrx_word' id='word_1_896' title='bbox 1817 4592 2226 4654; x_wconf 77' lang='lat' dir='ltr'><strong>excesserimus,</strong></span> <span class='ocrx_word' id='word_1_897' title='bbox 2253 4604 2356 4642; x_wconf 93' lang='lat' dir='ltr'><strong>non</strong></span> <span class='ocrx_word' id='word_1_898' title='bbox 2383 4588 2718 4641; x_wconf 86' lang='lat' dir='ltr'><strong>inveniamur</strong></span> <span class='ocrx_word' id='word_1_899' title='bbox 2739 4585 3040 4656; x_wconf 73' lang='lat' dir='ltr'><strong>prodidisse</strong></span> <span class='ocrx_word' id='word_1_900' title='bbox 3071 4595 3389 4655; x_wconf 49' lang='lat' dir='ltr'><strong>potestatem</strong></span> 
     </span>
    </p>
   </div>
   <div class='ocr_carea' id='block_1_109' title="bbox 1815 4675 3391 4756">
    <p class='ocr_par' dir='ltr' id='par_1_109' title="bbox 1815 4675 3391 4756">
     <span class='ocr_line' id='line_1_109' title="bbox 1815 4675 3391 4756; baseline -0.007 -18"><span class='ocrx_word' id='word_1_901' title='bbox 1815 4700 1974 4756; x_wconf 88' lang='lat' dir='ltr'><strong>quam</strong></span> <span class='ocrx_word' id='word_1_902' title='bbox 2017 4680 2347 4736; x_wconf 86' lang='lat' dir='ltr'><strong>nobis-dedit</strong></span> <span class='ocrx_word' id='word_1_903' title='bbox 2375 4677 2538 4733; x_wconf 87' lang='lat' dir='ltr'><strong>Deus.</strong></span> <span class='ocrx_word' id='word_1_904' title='bbox 2570 4677 2647 4731; x_wconf 88' lang='lat' dir='ltr'><strong>Ita</strong></span> <span class='ocrx_word' id='word_1_905' title='bbox 2675 4677 2820 4744; x_wconf 76' lang='lat' dir='ltr'><strong>enim</strong></span> <span class='ocrx_word' id='word_1_906' title='bbox 2845 4677 3006 4735; x_wconf 86' lang='lat' dir='ltr'><strong>etiam</strong></span> <span class='ocrx_word' id='word_1_907' title='bbox 3041 4675 3214 4739; x_wconf 80' lang='lat' dir='ltr'><strong>latura</strong></span> <span class='ocrx_word' id='word_1_908' title='bbox 3256 4690 3391 4742; x_wconf 83' lang='lat' dir='ltr'><strong>cou-</strong></span> 
     </span>
    </p>
   </div>
   <div class='ocr_carea' id='block_1_110' title="bbox 1817 4766 3396 4845">
    <p class='ocr_par' dir='ltr' id='par_1_110' title="bbox 1817 4766 3396 4845">
     <span class='ocr_line' id='line_1_110' title="bbox 1817 4766 3396 4845; baseline -0.016 -15"><span class='ocrx_word' id='word_1_909' title='bbox 1817 4788 2122 4845; x_wconf 84' lang='lat' dir='ltr'><strong>sequemur.</strong></span> <span class='ocrx_word' id='word_1_910' title='bbox 2153 4771 2210 4826; x_wconf 88' lang='lat' dir='ltr'><strong>Si</strong></span> <span class='ocrx_word' id='word_1_911' title='bbox 2238 4779 2413 4824; x_wconf 89' lang='lat' dir='ltr'><strong>autem</strong></span> <span class='ocrx_word' id='word_1_912' title='bbox 2438 4769 2490 4822; x_wconf 91' lang='lat' dir='ltr'><strong>in</strong></span> <span class='ocrx_word' id='word_1_913' title='bbox 2521 4769 2620 4822; x_wconf 85' lang='lat' dir='ltr'><strong>hoc</strong></span> <span class='ocrx_word' id='word_1_914' title='bbox 2645 4768 2901 4825; x_wconf 78' lang='lat' dir='ltr'><strong>fuerimus</strong></span> <span class='ocrx_word' id='word_1_915' title='bbox 2929 4767 3125 4836; x_wconf 80' lang='lat' dir='ltr'><strong>ignavi,</strong></span> <span class='ocrx_word' id='word_1_916' title='bbox 3150 4766 3270 4835; x_wconf 76' lang='lat' dir='ltr'><strong>quis</strong></span> <span class='ocrx_word' id='word_1_917' title='bbox 3297 4781 3396 4832; x_wconf 71' lang='grc' dir='ltr'><strong>ῃα-</strong></span> 
     </span>
    </p>
   </div>
   <div class='ocr_carea' id='block_1_111' title="bbox 1821 4855 3392 4933">
    <p class='ocr_par' dir='ltr' id='par_1_111' title="bbox 1821 4855 3392 4933">
     <span class='ocr_line' id='line_1_111' title="bbox 1821 4855 3392 4933; baseline -0.006 -15"><span class='ocrx_word' id='word_1_918' title='bbox 1821 4867 1902 4921; x_wconf 88' lang='lat' dir='ltr'><strong>bis</strong></span> <span class='ocrx_word' id='word_1_919' title='bbox 1931 4865 2132 4933; x_wconf 86' lang='lat' dir='ltr'><strong>majora</strong></span> <span class='ocrx_word' id='word_1_920' title='bbox 2152 4865 2452 4916; x_wconf 71' lang='lat' dir='ltr'><strong>mmmittet</strong></span> <span class='ocrx_word' id='word_1_921' title='bbox 2471 4858 2494 4911; x_wconf 81' lang='lat'>?</span> <span class='ocrx_word' id='word_1_922' title='bbox 2515 4857 2571 4913; x_wconf 91' lang='lat' dir='ltr'><strong>Si</strong></span> <span class='ocrx_word' id='word_1_923' title='bbox 2596 4859 2739 4915; x_wconf 86' lang='lat' dir='ltr'><strong>enim</strong></span> <span class='ocrx_word' id='word_1_924' title='bbox 2767 4873 2888 4923; x_wconf 77' lang='lat' dir='ltr'><strong>eum</strong></span> <span class='ocrx_word' id='word_1_925' title='bbox 2915 4857 3005 4927; x_wconf 89' lang='lat' dir='ltr'><strong>qui</strong></span> <span class='ocrx_word' id='word_1_926' title='bbox 3035 4855 3274 4918; x_wconf 70' lang='lat' dir='ltr'><strong>offendit,</strong></span> <span class='ocrx_word' id='word_1_927' title='bbox 3301 4857 3392 4923; x_wconf 84' lang='lat' dir='ltr'><strong>qui</strong></span> 
     </span>
    </p>
   </div>
   <div class='ocr_carea' id='block_1_112' title="bbox 1816 4939 3395 5026">
    <p class='ocr_par' dir='ltr' id='par_1_112' title="bbox 1816 4939 3395 5026">
     <span class='ocr_line' id='line_1_112' title="bbox 1816 4939 3395 5026; baseline -0.008 -14"><span class='ocrx_word' id='word_1_928' title='bbox 1816 4967 1902 5013; x_wconf 88' lang='lat' dir='ltr'><strong>est</strong></span> <span class='ocrx_word' id='word_1_929' title='bbox 1931 4954 2314 5026; x_wconf 73' lang='lat' dir='ltr'><strong>ignominiosus</strong></span> <span class='ocrx_word' id='word_1_930' title='bbox 2333 4992 2348 5014; x_wconf 93' lang='lat'><strong>,</strong></span> <span class='ocrx_word' id='word_1_931' title='bbox 2377 4951 2468 5020; x_wconf 92' lang='lat' dir='ltr'><strong>qui</strong></span> <span class='ocrx_word' id='word_1_932' title='bbox 2507 4957 2590 5004; x_wconf 86' lang='lat' dir='ltr'><strong>est</strong></span> <span class='ocrx_word' id='word_1_933' title='bbox 2627 4939 2984 5016; x_wconf 81' lang='lat' dir='ltr'><strong>contemptus,</strong></span> <span class='ocrx_word' id='word_1_934' title='bbox 3014 4947 3103 5016; x_wconf 84' lang='lat' dir='ltr'><strong>qui</strong></span> <span class='ocrx_word' id='word_1_935' title='bbox 3130 4947 3273 5016; x_wconf 75' lang='lat' dir='ltr'><strong>jacet</strong></span> <span class='ocrx_word' id='word_1_936' title='bbox 3295 4947 3395 5000; x_wconf 86' lang='lat' dir='ltr'><strong>sub</strong></span> 
     </span>
    </p>
   </div>
   <div class='ocr_carea' id='block_1_113' title="bbox 1819 5038 3398 5120">
    <p class='ocr_par' dir='ltr' id='par_1_113' title="bbox 1819 5038 3398 5120">
     <span class='ocr_line' id='line_1_113' title="bbox 1819 5038 3398 5120; baseline -0.007 -17"><span class='ocrx_word' id='word_1_937' title='bbox 1819 5049 2065 5120; x_wconf 88' lang='lat' dir='ltr'><strong>pedibus,</strong></span> <span class='ocrx_word' id='word_1_938' title='bbox 2107 5061 2212 5101; x_wconf 92' lang='lat' dir='ltr'><strong>non</strong></span> <span class='ocrx_word' id='word_1_939' title='bbox 2261 5043 2532 5112; x_wconf 83' lang='lat' dir='ltr'><strong>potuimus</strong></span> <span class='ocrx_word' id='word_1_940' title='bbox 2571 5040 2907 5106; x_wconf 80' lang='lat' dir='ltr'><strong>conculcare,</strong></span> <span class='ocrx_word' id='word_1_941' title='bbox 2951 5040 3223 5111; x_wconf 81' lang='lat' dir='ltr'><strong>quomodo</strong></span> <span class='ocrx_word' id='word_1_942' title='bbox 3249 5038 3398 5092; x_wconf 89' lang='lat' dir='ltr'><strong>dabit</strong></span> 
     </span>
    </p>
   </div>
   <div class='ocr_carea' id='block_1_114' title="bbox 1821 5130 3397 5206">
    <p class='ocr_par' dir='ltr' id='par_1_114' title="bbox 1821 5130 3397 5206">
     <span class='ocr_line' id='line_1_114' title="bbox 1821 5130 3397 5206; baseline -0.009 -9"><span class='ocrx_word' id='word_1_943' title='bbox 1821 5143 1975 5197; x_wconf 87' lang='lat' dir='ltr'><strong>nobis</strong></span> <span class='ocrx_word' id='word_1_944' title='bbox 1999 5141 2158 5195; x_wconf 71' lang='lat' dir='ltr'><strong>Pater</strong></span> <span class='ocrx_word' id='word_1_945' title='bbox 2179 5153 2269 5193; x_wconf 88' lang='lat' dir='ltr'><strong>res</strong></span> <span class='ocrx_word' id='word_1_946' title='bbox 2301 5133 2593 5206; x_wconf 83' lang='lat' dir='ltr'><strong>paternas?</strong></span> <span class='ocrx_word' id='word_1_947' title='bbox 2620 5133 2664 5187; x_wconf 90' lang='lat' dir='ltr'><strong>si</strong></span> <span class='ocrx_word' id='word_1_948' title='bbox 2689 5149 2812 5197; x_wconf 87' lang='lat' dir='ltr'><strong>eum</strong></span> <span class='ocrx_word' id='word_1_949' title='bbox 2839 5131 2928 5200; x_wconf 84' lang='lat' dir='ltr'><strong>qui</strong></span> <span class='ocrx_word' id='word_1_950' title='bbox 2950 5141 3034 5185; x_wconf 91' lang='lat' dir='ltr'><strong>est</strong></span> <span class='ocrx_word' id='word_1_951' title='bbox 3062 5130 3199 5188; x_wconf 88' lang='lat' dir='ltr'><strong>adeo</strong></span> <span class='ocrx_word' id='word_1_952' title='bbox 3219 5130 3397 5199; x_wconf 84' lang='lat' dir='ltr'><strong>subje-</strong></span> 
     </span>
    </p>
   </div>
   <div class='ocr_carea' id='block_1_115' title="bbox 1817 5221 3392 5301">
    <p class='ocr_par' dir='ltr' id='par_1_115' title="bbox 1817 5221 3392 5301">
     <span class='ocr_line' id='line_1_115' title="bbox 1817 5221 3392 5301; baseline -0.009 -13"><span class='ocrx_word' id='word_1_953' title='bbox 1817 5245 1935 5289; x_wconf 89' lang='lat' dir='ltr'><strong>ctus</strong></span> <span class='ocrx_word' id='word_1_954' title='bbox 1958 5247 2062 5286; x_wconf 91' lang='lat' dir='ltr'><strong>non</strong></span> <span class='ocrx_word' id='word_1_955' title='bbox 2087 5229 2476 5301; x_wconf 86' lang='lat' dir='ltr'><strong>superavimus,</strong></span> <span class='ocrx_word' id='word_1_956' title='bbox 2499 5240 2784 5296; x_wconf 86' lang='lat' dir='ltr'><strong>quamnam</strong></span> <span class='ocrx_word' id='word_1_957' title='bbox 2809 5223 3128 5281; x_wconf 84' lang='lat' dir='ltr'><strong>habebimus</strong></span> <span class='ocrx_word' id='word_1_958' title='bbox 3147 5221 3392 5275; x_wconf 84' lang='lat' dir='ltr'><strong>ﬁduciam</strong></span> 
     </span>
    </p>
   </div>
   <div class='ocr_carea' id='block_1_116' title="bbox 1819 5313 3395 5395">
    <p class='ocr_par' dir='ltr' id='par_1_116' title="bbox 1819 5313 3395 5395">
     <span class='ocr_line' id='line_1_116' title="bbox 1819 5313 3395 5395; baseline -0.008 -17"><span class='ocrx_word' id='word_1_959' title='bbox 1819 5323 2148 5395; x_wconf 73' lang='lat' dir='ltr'><strong>ingrediendi</strong></span> <span class='ocrx_word' id='word_1_960' title='bbox 2178 5323 2229 5374; x_wconf 92' lang='lat' dir='ltr'><strong>in</strong></span> <span class='ocrx_word' id='word_1_961' title='bbox 2255 5320 2474 5374; x_wconf 91' lang='lat' dir='ltr'><strong>domum</strong></span> <span class='ocrx_word' id='word_1_962' title='bbox 2505 5316 2823 5388; x_wconf 79' lang='lat' dir='ltr'><strong>paternam?</strong></span> <span class='ocrx_word' id='word_1_963' title='bbox 2859 5314 3014 5384; x_wconf 80' lang='lat' dir='ltr'><strong>Nam,</strong></span> <span class='ocrx_word' id='word_1_964' title='bbox 3044 5313 3132 5374; x_wconf 86' lang='lat' dir='ltr'><strong>die</strong></span> <span class='ocrx_word' id='word_1_965' title='bbox 3159 5313 3320 5377; x_wconf 75' lang='lat' dir='ltr'><strong>mibi,</strong></span> <span class='ocrx_word' id='word_1_966' title='bbox 3345 5313 3395 5366; x_wconf 90' lang='lat' dir='ltr'><strong>si</strong></span> 
     </span>
    </p>
   </div>
   <div class='ocr_carea' id='block_1_117' title="bbox 1818 5401 3398 5484">
    <p class='ocr_par' dir='ltr' id='par_1_117' title="bbox 1818 5401 3398 5484">
     <span class='ocr_line' id='line_1_117' title="bbox 1818 5401 3398 5484; baseline -0.009 -14"><span class='ocrx_word' id='word_1_967' title='bbox 1818 5416 2018 5470; x_wconf 85' lang='lat' dir='ltr'><strong>habeas</strong></span> <span class='ocrx_word' id='word_1_968' title='bbox 2037 5414 2267 5484; x_wconf 83' lang='lat' dir='ltr'><strong>aliquem</strong></span> <span class='ocrx_word' id='word_1_969' title='bbox 2302 5412 2485 5476; x_wconf 87' lang='lat' dir='ltr'><strong>lilium,</strong></span> <span class='ocrx_word' id='word_1_970' title='bbox 2516 5409 2607 5464; x_wconf 91' lang='lat' dir='ltr'><strong>ille</strong></span> <span class='ocrx_word' id='word_1_971' title='bbox 2630 5411 2806 5462; x_wconf 78' lang='lat' dir='ltr'><strong>autem</strong></span> <span class='ocrx_word' id='word_1_972' title='bbox 2841 5407 3041 5464; x_wconf 78' lang='lat' dir='ltr'><strong>relictis</strong></span> <span class='ocrx_word' id='word_1_973' title='bbox 3071 5405 3279 5458; x_wconf 80' lang='lat' dir='ltr'><strong>famulis</strong></span> <span class='ocrx_word' id='word_1_974' title='bbox 3303 5401 3398 5472; x_wconf 89' lang='lat' dir='ltr'><strong>qui</strong></span> 
     </span>
    </p>
   </div>
   <div class='ocr_carea' id='block_1_118' title="bbox 1817 5494 3397 5567">
    <p class='ocr_par' dir='ltr' id='par_1_118' title="bbox 1817 5494 3397 5567">
     <span class='ocr_line' id='line_1_118' title="bbox 1817 5494 3397 5567; baseline -0.008 -6"><span class='ocrx_word' id='word_1_975' title='bbox 1817 5516 1942 5561; x_wconf 88' lang='lat' dir='ltr'><strong>sunt</strong></span> <span class='ocrx_word' id='word_1_976' title='bbox 1970 5503 2201 5567; x_wconf 85' lang='lat' dir='ltr'><strong>honesti,</strong></span> <span class='ocrx_word' id='word_1_977' title='bbox 2232 5511 2478 5558; x_wconf 84' lang='lat' dir='ltr'><strong>versetur</strong></span> <span class='ocrx_word' id='word_1_978' title='bbox 2500 5514 2621 5554; x_wconf 89' lang='lat' dir='ltr'><strong>cum</strong></span> <span class='ocrx_word' id='word_1_979' title='bbox 2659 5499 2726 5560; x_wconf 84' lang='lat' dir='ltr'><strong>iis</strong></span> <span class='ocrx_word' id='word_1_980' title='bbox 2750 5499 2838 5567; x_wconf 87' lang='lat' dir='ltr'><strong>qui</strong></span> <span class='ocrx_word' id='word_1_981' title='bbox 2868 5497 2962 5552; x_wconf 88' lang='lat' dir='ltr'><strong>tibi</strong></span> <span class='ocrx_word' id='word_1_982' title='bbox 2987 5496 3200 5549; x_wconf 83' lang='lat' dir='ltr'><strong>luerunt</strong></span> <span class='ocrx_word' id='word_1_983' title='bbox 3227 5494 3397 5548; x_wconf 86' lang='lat' dir='ltr'><strong>mole-</strong></span> 
     </span>
    </p>
   </div>
   <div class='ocr_carea' id='block_1_119' title="bbox 1817 5577 3393 5667">
    <p class='ocr_par' dir='ltr' id='par_1_119' title="bbox 1817 5577 3393 5667">
     <span class='ocr_line' id='line_1_119' title="bbox 1817 5577 3393 5667; baseline -0.011 -14"><span class='ocrx_word' id='word_1_984' title='bbox 1817 5601 1907 5666; x_wconf 84' lang='lat' dir='ltr'><strong>sti,</strong></span> <span class='ocrx_word' id='word_1_985' title='bbox 1937 5598 2025 5667; x_wconf 89' lang='lat' dir='ltr'><strong>qui</strong></span> <span class='ocrx_word' id='word_1_986' title='bbox 2054 5612 2086 5650; x_wconf 90' lang='lat' dir='ltr'><strong>c</strong></span> <span class='ocrx_word' id='word_1_987' title='bbox 2115 5596 2274 5650; x_wconf 82' lang='lat' dir='ltr'><strong>domo</strong></span> <span class='ocrx_word' id='word_1_988' title='bbox 2299 5594 2434 5664; x_wconf 91' lang='lat' dir='ltr'><strong>pulsi</strong></span> <span class='ocrx_word' id='word_1_989' title='bbox 2465 5577 2609 5657; x_wconf 87' lang='lat' dir='ltr'><strong>sunt,</strong></span> <span class='ocrx_word' id='word_1_990' title='bbox 2634 5591 2723 5661; x_wconf 91' lang='lat' dir='ltr'><strong>qui</strong></span> <span class='ocrx_word' id='word_1_991' title='bbox 2754 5589 2805 5642; x_wconf 90' lang='lat' dir='ltr'><strong>in</strong></span> <span class='ocrx_word' id='word_1_992' title='bbox 2833 5589 2950 5642; x_wconf 86' lang='lat' dir='ltr'><strong>alea</strong></span> <span class='ocrx_word' id='word_1_993' title='bbox 2973 5596 3100 5641; x_wconf 87' lang='lat' dir='ltr'><strong>sunt</strong></span> <span class='ocrx_word' id='word_1_994' title='bbox 3126 5583 3393 5654; x_wconf 86' lang='lat' dir='ltr'><strong>occupati,</strong></span> 
     </span>
    </p>
   </div>
   <div class='ocr_carea' id='block_1_120' title="bbox 1816 5675 3398 5756">
    <p class='ocr_par' dir='ltr' id='par_1_120' title="bbox 1816 5675 3398 5756">
     <span class='ocr_line' id='line_1_120' title="bbox 1816 5675 3398 5756; baseline -0.011 -11"><span class='ocrx_word' id='word_1_995' title='bbox 1816 5703 1869 5746; x_wconf 81' lang='lat' dir='ltr'><strong>ct</strong></span> <span class='ocrx_word' id='word_1_996' title='bbox 1904 5693 2005 5744; x_wconf 83' lang='lat' dir='ltr'><strong>hoc</strong></span> <span class='ocrx_word' id='word_1_997' title='bbox 2034 5688 2190 5743; x_wconf 76' lang='lat' dir='ltr'><strong>iaciat</strong></span> <span class='ocrx_word' id='word_1_998' title='bbox 2219 5697 2500 5756; x_wconf 85' lang='lat' dir='ltr'><strong>perpetuo,</strong></span> <span class='ocrx_word' id='word_1_999' title='bbox 2542 5698 2649 5738; x_wconf 90' lang='lat' dir='ltr'><strong>non</strong></span> <span class='ocrx_word' id='word_1_1000' title='bbox 2692 5677 3142 5755; x_wconf 80' lang='lat' dir='ltr'><strong>exheredabitur?</strong></span> <span class='ocrx_word' id='word_1_1001' title='bbox 3184 5675 3398 5744; x_wconf 78' lang='lat' dir='ltr'><strong>Perspi-</strong></span> 
     </span>
    </p>
   </div>
   <div class='ocr_carea' id='block_1_121' title="bbox 1821 5766 3398 5848">
    <p class='ocr_par' dir='ltr' id='par_1_121' title="bbox 1821 5766 3398 5848">
     <span class='ocr_line' id='line_1_121' title="bbox 1821 5766 3398 5848; baseline -0.011 -12"><span class='ocrx_word' id='word_1_1002' title='bbox 1821 5799 1976 5841; x_wconf 85' lang='lat' dir='ltr'><strong>cuum</strong></span> <span class='ocrx_word' id='word_1_1003' title='bbox 2005 5771 2117 5848; x_wconf 68' lang='lat' dir='ltr'><strong>est,</strong></span> <span class='ocrx_word' id='word_1_1004' title='bbox 2144 5792 2266 5836; x_wconf 86' lang='lat' dir='ltr'><strong>eum</strong></span> <span class='ocrx_word' id='word_1_1005' title='bbox 2290 5791 2410 5834; x_wconf 82' lang='lat' dir='ltr'><strong>esse</strong></span> <span class='ocrx_word' id='word_1_1006' title='bbox 2435 5771 2892 5832; x_wconf 74' lang='lat' dir='ltr'><strong>cxbcredandum.</strong></span> <span class='ocrx_word' id='word_1_1007' title='bbox 2926 5769 2999 5834; x_wconf 80' lang='lat' dir='ltr'><strong>Ita</strong></span> <span class='ocrx_word' id='word_1_1008' title='bbox 3028 5784 3125 5828; x_wconf 81' lang='lat' dir='ltr'><strong>nos</strong></span> <span class='ocrx_word' id='word_1_1009' title='bbox 3148 5766 3360 5837; x_wconf 65' lang='lat' dir='ltr'><strong>quosue</strong></span> <span class='ocrx_word' id='word_1_1010' title='bbox 3377 5803 3398 5841; x_wconf 84' lang='lat'><strong>,</strong></span> 
     </span>
    </p>
   </div>
  </div>
