4096 6310
715 424 851 486 ιη’

713 542 763 598 si
801 537 1040 599 dimissis
1073 536 1280 611 angelis
1305 538 1399 610 qui
1429 536 1547 595 Deo
1572 537 1910 611 plaeumat,
1933 548 1991 594 et
2022 537 2117 609 qui
2140 538 2295 595 nobis

711 638 841 696 Ital
870 627 1127 699 παῖξαι,
1148 626 1427 685 "versentur
1449 642 1572 693 cum
1592 629 1828 701 diabolo,
1849 628 2074 685 omnino
2089 628 2296 686 erimus

710 717 1034 776 exheredes.
1067 717 1267 776 Verum
1308 719 1467 784 absit,
1514 727 1577 775 ut
1611 727 1856 776 nostrum
1876 719 2160 791 quicquam
2191 718 2296 774 hoc

715 809 984 883 patiatur;
1012 808 1284 867 sedbello
1309 809 1566 866 adversus
1592 804 1766 881 ipsum
1794 819 2046 881 suscepto
2087 818 2145 865 et
2169 824 2293 865 cum

715 914 956 969 superno
990 900 1194 971 auxilio
1219 901 1472 962 victores.
1502 898 1732 956 heredes
1767 900 1940 956 simus
1960 897 2112 971 regni
2135 898 2298 973 caelo:

719 1007 865 1049 rum.
895 992 954 1049 Si
978 992 1102 1064 quis
1128 990 1290 1047 liabet
1317 991 1612 1054 inimicum,
1635 991 1682 1047 si
1709 989 1901 1061 injuria
1926 989 1996 1046 ab
2013 990 2195 1062 aliquo
2213 997 2297 1046 est

717 1079 943 1137 allectus
960 1121 980 1147 ,
1020 1081 1068 1137 si
1105 1079 1227 1157 quis
1248 1089 1338 1136 est
1365 1079 1652 1143 cli-ratus,
1679 1081 1897 1136 omnem
1918 1089 2294 1152 eoogrcgatam

713 1169 1060 1239 asperitatem
1079 1176 1137 1225 et
1160 1169 1418 1225 ferociam
1438 1169 1676 1226 effundat
1699 1170 1758 1226 in
1774 1178 1934 1241 caput
1954 1168 2177 1239 diaboli.
2199 1163 2312 1227 llic

713 1260 793 1331 ira
822 1276 912 1318 res
929 1270 1016 1318 est
1033 1260 1175 1317 bona
1199 1270 1256 1318 et
1280 1261 1535 1328 honesta;
1557 1260 1645 1317 ltic
1663 1261 1958 1333 indignatio
1976 1277 2069 1318 res
2090 1268 2169 1317 est
2193 1261 2269 1316 uti

712 1347 818 1417 lis;
850 1352 936 1407 hic
965 1351 1177 1423 injuria:
1199 1361 1435 1425 acceptas
1459 1351 1765 1409 recordatio
1790 1362 1845 1408 et
1870 1352 2054 1409 odium
2094 1365 2183 1409 res
2210 1360 2297 1408 est

719 1439 1020 1498 laudabilis.
1073 1441 1229 1499 Sicut
1260 1443 1406 1498 enim
1430 1442 1506 1498 .in
1534 1441 1772 1498 externis
1811 1441 2021 1513 injuria
2062 1450 2296 1513 acequite

714 1532 985 1589 recordari
1010 1542 1096 1590 est
1121 1535 1340 1599 malum,
1370 1534 1440 1589 ita
1479 1532 1566 1590 hic
1601 1533 1812 1605 injuria:
1848 1542 2081 1604 accepta:
2108 1532 2296 1588 memi-

719 1622 866 1680 nisse
889 1632 978 1678 est
1001 1622 1221 1679 bonum.
1251 1622 1438 1695 Itaque
1452 1624 1501 1679 si
1523 1622 1690 1679 babes
1714 1624 1839 1678 vitia
1864 1632 1920 1679 et
1945 1622 2206 1689 deiectus,
2229 1636 2293 1678 ea

715 1711 805 1767 hic
832 1711 1084 1784 depone;
1129 1716 1176 1769 si
1220 1727 1327 1769 non
1356 1722 1509 1784 potes
1533 1727 1596 1768 ea
1623 1713 1916 1783 deponere,
1953 1713 2153 1793 saltem
2171 1729 2293 1768 cum

715 1804 975 1858 membris
1001 1804 1107 1857 tuis
1135 1802 1365 1873 depone.
1413 1803 1681 1860 Percussit
1707 1803 1944 1875 aliquis?
1970 1803 2060 1859 Sis
2086 1803 2295 1875 injuria:

713 1907 746 1949 a
788 1892 1006 1948 diabolo
1043 1903 1279 1963 accepta:
1326 1908 1557 1959 memor,
1599 1903 1657 1949 et
1700 1910 1987 1965 numquam
2033 1894 2293 1950 adversus

710 1999 836 2040 eum
858 1994 1134 2054 susceptas
1151 1999 1414 2054 compone
1438 1984 1763 2042 inimicitias.
1786 1986 1852 2040 At
1871 2000 1977 2040 non
1999 1984 2295 2056 percussit?

712 2074 806 2132 Sic
832 2091 1043 2146 quoque
1067 2074 1143 2130 sis
1166 2090 1375 2130 memor
1397 2084 1628 2145 accepta:
1654 2074 1894 2145 injuria;
1923 2075 2066 2147 quod
2108 2073 2293 2130 Domi-

1456 421 1527 481 s.
1555 421 1835 482 resistitis
1867 385 2340 482 (‘Jittt’SOS‘t‘Ottl
2378 425 2693 483 Αιςιιιιιειι.
2730 388 3259 500 censum”.

3886 435 3989 493 ιιι

2397 552 2529 595 cum
2551 549 2701 596 tanta
2724 540 2964 599 8M!
2978 540 3328 615 contumelia,
3346 545 3813 619 machaeris,
3836 553 3987 626 quod

2398 629 2651 686 fratribus
2677 640 2868 688 noceat
2886 672 2903 695 .
2933 641 3139 693 etcum
3166 635 3250 692 eis
3275 634 3476 693 laetiora
3502 648 3675 711 gerat.
3704 640 3799 699 Sis
3835 656 3986 700 aeot-

2395 731 2498 789 per
2523 719 2795 789 inimicus,
2823 736 3045 794 semper
3063 723 3308 790 acer-bus.
3334 740 3551 800 semper
3567 729 3876 790 immitia
3902 730 3990 790 fe-

2397 822 2509 864 rus.
2548 808 2626 866 ita
2668 809 2763 869 ille
2798 813 2907 869 erit
2947 812 3185 880 humilis,
3230 815 3311 871 sic
3346 816 3452 873 erit
3493 816 3867 892 despicabilis,
3909 822 3992 879 sic

2395 907 2555 970 captu
2585 899 3989 975 facilis.Sinossimmineumieroccs,iileinnos

2396 1002 2504 1044 non
2544 990 2649 1045 erit
2684 989 2862 1059 ferus;
2910 990 2960 1048 si
3006 1008 3113 1049 nos
3133 995 3307 1051 simus
3326 996 3988 1074 clementesetbeoigoi.

2398 1086 2526 1135 tunc
2562 1079 2652 1136 ille
2678 1080 2777 1136 erit
2810 1081 2958 1137 ferox
2986 1107 3005 1137 ι
3038 1098 3145 1139 non
3178 1084 3320 1141 sicut
3345 1100 3472 1159 erga
3517 1086 3713 1167 fratres
3757 1102 3985 1149 nostros

2396 1182 2522 1240 erga
2564 1169 2716 1227 illum
2757 1169 2934 1243 electi
2961 1173 3151 1231 simus.
3184 1175 3277 1233 Ille
3303 1184 3390 1234 est
3426 1178 3674 1239 inimicus
3709 1191 3765 1239 et
3808 1183 3991 1243 hostis

2395 1258 2522 1314 vitai
2546 1265 2605 1315 et
2626 1259 2836 1328 saluus,
2863 1270 2919 1317 et
2946 1272 3146 1320 nostrae
3168 1275 3224 1320 et
3249 1280 3384 1323 sum.
3411 1267 3469 1323 Si
3491 1271 3730 1340 seipsnm
3760 1287 3874 1331 non
3902 1274 3988 1331 di-

2398 1347 2514 1420 ligit
2531 1389 2550 1418 ,
2577 1349 2849 1422 quomodo
2889 1353 3083 1423 poterit
3125 1371 3223 1411 nos
3250 1355 3472 1427 diligere
3489 1359 3825 1420 lStruamus
3852 1380 3989 1436 ergo

2410 1440 2605 1508 aciem,
2650 1449 2707 1497 et
2747 1456 2869 1500 eum
2915 1442 3191 1511 feriamus,
3234 1460 3356 1502 cum
3397 1463 3645 1521 magnum
3689 1451 3988 1512 habeamus

2402 1529 2531 1587 belli
2568 1534 2771 1589 socium
2796 1545 2851 1591 et
2872 1535 3171 1606 adjutorem
3199 1536 3480 1596 Dominum
3504 1553 3745 1601 nostrum
3789 1545 3977 1603 Jesnm

2395 1619 2668 1679 Christum
2693 1665 2710 1687 ,
2751 1626 2841 1697 qui
2884 1626 3080 1696 poterit
3104 1626 3322 1686 efficere
3361 1639 3422 1686 ut
3446 1630 3668 1690 minime
3705 1637 3985 1709 capiamur

2378 1713 2516 1787 ,cjus
2556 1714 2791 1786 laqueis,
2834 1725 2890 1775 ct
2931 1733 3032 1775 nos
3077 1718 3231 1776 bonis
3257 1720 3455 1779 futuris
3475 1723 3984 1801 dignabiturzquie

2397 1804 2553 1859 nobis
2577 1804 2829 1860 omnibus
2871 1806 3029 1879 detur
3065 1811 3320 1883 consequi
3356 1817 3525 1884 gratia
3554 1824 3611 1872 et
3652 1817 3985 1890 benignitate

2399 1894 2606 1950 Domini
2638 1897 2804 1952 nostri
2836 1897 2965 1954 Jesu
2992 1897 3216 1966 Christi,
3242 1904 3329 1956 cui
3358 1919 3479 1958 cum
3512 1905 3669 1963 Patre
3694 1916 3753 1964 et
3779 1909 3983 1981 Spiritu

2397 1995 2585 2039 sancto
2609 1984 2802 2057 gloria,
2836 1986 3153 2072 imperium,
3180 1992 3354 2048 honor
3374 2034 3389 2059 ,
3418 2009 3561 2052 nunc
3582 2005 3638 2052 et
3658 2011 3902 2072 semper,
3927 2012 3983 2069 et

2400 2074 2453 2129 in
2479 2076 2672 2131 sarcula
2703 2079 3046 2135 seculorum.
3075 2068 3269 2136 Kmen.

977 2318 993 2346 ,
2038 2282 2381 2345 HOMlLlA
2429 2285 2669 2349 xxm.
2782 2236 2789 2239 V

712 2425 841 2482 Car.
883 2425 936 2483 ϐ.
978 2443 1029 2482 v.
1066 2427 1151 2483 Η.
1176 2426 1335 2499 State
1377 2445 1495 2500 ergo
1521 2427 1757 2482 succincti
1779 2427 1973 2481 lumbos
2011 2437 2197 2482 vestros
2235 2427 2287 2480 iu

1395 2518 1616 2570 veritate.

787 2609 835 2665 Ι.
869 2608 998 2664 Cum
1032 2609 1326 2663 exercitum
1360 2608 1502 2664 hunc
1525 2608 1826 2664 ordinasset
1847 2647 1863 2674 ,
1891 2617 1945 2663 et
1973 2622 2157 2663 eorum
2185 2621 2282 2662 cx-

577 2742 583 2751 .
710 2699 926 2753 citasset
948 2699 1109 2753 animi
1135 2699 1462 2753 alacritatem
1489 2700 1506 2768 (
1533 2699 1808 2770 utriusque
1832 2699 1973 2754 enim
1993 2708 2107 2753 erat
2128 2711 2283 2768 opus,

710 2799 766 2842 et
795 2799 852 2842 ιιι
889 2799 1066 2843 essent
1094 2787 1324 2842 ordinati
1351 2829 1365 2854 ,
1410 2796 1464 2842 ct
1496 2797 1551 2843 ιιι
1585 2791 1907 2844 excitaretur
1940 2803 2125 2843 eorum
2169 2788 2286 2841 ani-

715 2878 876 2949 mus)
901 2895 915 2943 ;
944 2894 1065 2933 cum
1096 2879 1176 2934 cis
1202 2878 1439 2933 animum
1465 2878 1757 2935 addidisset
1784 2879 1804 2948 (
1829 2894 1951 2934 nam
1982 2894 2048 2933 eo
2073 2892 2286 2949 quoque

713 2977 828 3024 erat
851 2950 986 3038 opus
1006 2968 1026 3037 )
1047 3010 1063 3033 ,
1095 2967 1347 3038 deinceps
1370 2984 1464 3022 eos
1487 2978 1678 3023 armat.
1708 2968 1845 3024 Nihil
1876 2969 2019 3025 enim
2038 2972 2286 3039 juvat-cut

711 3075 859 3113 arma
880 3062 909 3123 ,‘
927 3059 970 3113 si
999 3058 1071 3112 illi
1102 3059 1248 3128 prius
1277 3074 1381 3113 non
1408 3067 1589 3113 essent
1616 3058 1875 3124 ordinati,
1908 3074 2080 3131 neque
2106 3058 2289 3114 militis

712 3152 919 3207 animus
965 3159 1105 3205 esset
1155 3152 1431 3206 excitatus.
1494 3152 1717 3221 Oportet
1769 3153 1913 3208 enim
1971 3155 2116 3223 prius
2164 3169 2285 3208 cum

711 3255 919 3295 armare
966 3241 1284 3296 intrinsecus
1308 3280 1323 3306 ,
1372 3250 1425 3296 et
1462 3241 1655 3296 deinde
1694 3244 2051 3300 extrinsecus.
2101 3246 2156 3300 Si
2186 3245 2288 3300 hoc

712 3341 889 3385 autem
936 3331 1093 3399 vulgo
1138 3331 1195 3385 fit
1226 3332 1276 3384 in
1329 3332 1623 3399 militibus,
1674 3334 1840 3386 multo
1889 3335 2055 3405 magis
2107 3339 2157 3389 in
2205 3335 2289 3390 bis

714 3419 965 3475 militibus
996 3419 1084 3490 qui
1112 3420 1311 3474 cadunt
1339 3422 1438 3476 sub
1464 3423 1867 3493 intelligentiam
1891 3414 2046 3490 {imo
2077 3443 2205 3482 vero
2233 3428 2284 3483 in

720 3509 801 3563 his
846 3523 912 3565 ne
942 3509 1066 3565 licet
1105 3508 1316 3579 quidem
1352 3525 1561 3565 armare
1598 3514 1961 3580 extrinsecus,
1989 3516 2082 3571 sed
2108 3521 2289 3575 omnia

719 3599 1063 3666 intrinsecus,
1093 3600 1326 3654 animum
1358 3601 1609 3655 excitavit
1636 3612 1690 3657 et
1716 3603 2099 3673 inﬂammavit,
2125 3608 2291 3662 auda-

700 3690 853 3743 ociatn
899 3688 1122 3754 indidit,
1154 3689 1419 3744 ordinavit
1443 3706 1459 3756 ;
1486 3689 1701 3746 demum
1724 3703 1916 3748 armat.
1956 3693 2059 3751 Sed
2085 3697 2205 3755 vide
2233 3705 2292 3753 ut

716 3795 811 3834 eos
854 3782 1016 3836 armis
1054 3776 1259 3835 induat.
1305 3781 1449 3836 State
1493 3798 1645 3853 ergo,
1678 3783 1869 3854 inquit.
1903 3786 2140 3845 Primum
2167 3791 2288 3845 offi-

714 3870 856 3924 cium
895 3886 1077 3926 eorum
1108 3872 1196 3941 qui
1242 3871 1293 3925 in
1323 3873 1564 3927 ordinata
1593 3883 1716 3942 sunt
1739 3874 1855 3931 acie
1877 3916 1893 3940 ,
1924 3885 2007 3933 est
2036 3888 2094 3932 ut
2120 3879 2292 3936 sciant

719 3969 863 4016 recte
905 3972 1084 4027 stare;
1121 3970 1168 4017 et
1220 3977 1284 4017 ex
1335 3978 1401 4017 eo
1445 3964 1610 4019 multa
1655 3966 1954 4023 evenerint.
2002 3969 2289 4041 Pr0ptcrea

719 4051 882 4106 multa
915 4052 1041 4107 dicit
1074 4052 1142 4109 de
1181 4054 1410 4111 statione
1435 4097 1449 4120 ,
1495 4057 1620 4112 alibi
1651 4061 1809 4115 etiam
1848 4061 2031 4118 diceu‘s
2061 4082 2074 4117 :
2109 4065 2287 4134 State,

716 4142 954 4213 vigilate;
983 4152 1036 4196 et
1062 4159 1281 4209 rursus,
1311 4145 1401 4201 Sic
1427 4158 1555 4201 state
1581 4148 1633 4202 in
1675 4148 1893 4213 Domino
1922 4152 2017 4227 (l.
2048 4155 2169 4212 Cor.
2200 4158 2288 4214 16.

720 4236 866 4303 l5);
919 4245 972 4289 et
1015 4251 1232 4304 rursus,
1284 4237 1384 4305 Qui
1426 4254 1480 4293 se
1524 4240 1775 4299 existimat
1816 4254 1984 4309 stare,
2030 4247 2194 4315 rideat
2230 4266 2294 4304 ne

721 4324 864 4377 cadat
898 4322 1163 4395 (Philipp.
1201 4328 1249 4381 ι.
1284 4328 1302 4379 ι
1333 4326 1353 4398 )
1381 4343 1394 4389 ς
1428 4336 1483 4383 et
1526 4344 1747 4397 rursus,
1781 4331 1847 4387 Ut
1886 4335 2085 4404 possitis
2122 4338 2290 4392 omni-

718 4416 809 4468 bus
833 4419 1071 4486 confectis
1096 4427 1230 4471 stare
1261 4429 1276 4487 ί
1305 4419 1353 4473 ι.
1383 4418 1499 4475 Cor.
1532 4421 1618 4476 10.
1655 4422 1778 4495 l2).
1810 4424 1925 4480 Non
1952 4442 2080 4499 ergo
2108 4445 2294 4501 quam-

718 4504 844 4559 libet
888 4505 1013 4560 dicit
1056 4508 1367 4574 stationem,
1398 4511 1493 4566 sed
1537 4527 1653 4567 eam
1700 4531 1819 4585 qua:
1861 4527 1944 4572 est
1969 4528 2115 4575 recte
2143 4521 2292 4577 ordi-

718 4605 836 4648 nata
866 4612 880 4659 ;
910 4605 958 4648 et
996 4596 1084 4666 qui
1125 4598 1199 4651 rei
1233 4600 1475 4655 miiitaris
1503 4613 1624 4658 sunt
1662 4608 1851 4674 periti,
1879 4608 2055 4663 sciunt
2096 4623 2290 4681 quanta
2333 4595 2358 4604 '-

715 4686 786 4739 sit
821 4686 992 4738 standi
1022 4688 1229 4755 peritia.
1264 4688 1391 4744 Nam
1417 4693 1461 4746 si
1491 4693 1542 4748 in
1575 4695 1872 4765 pugilibus,
1902 4708 1953 4753 et
1998 4699 2062 4755 iis
2090 4704 2178 4774 qui
2208 4703 2292 4759 lu-

715 4785 960 4841 ctantur,
993 4779 1091 4830 hoc
1137 4791 1259 4831 ante
1288 4781 1386 4836 alia
1421 4783 1784 4854 lutlintagister
1810 4788 2066 4860 praecipit,
2098 4808 2291 4865 nempe

714 4874 887 4928 stare,
916 4867 1083 4920 multo
1109 4871 1275 4938 magis
1315 4872 1373 4926 in
1394 4872 1548 4927 bellis
1585 4886 1640 4930 et
1682 4876 1733 4930 in
1763 4879 1926 4933 rebus
1948 4879 2285 4940 militaribus.

717 4956 816 5020 Qui
851 4965 957 5012 stat
996 4969 1171 5015 rectus
1193 5002 1208 5026 ,
1242 4967 1363 5015 stat’
1390 4968 1501 5018 non
1531 4963 1820 5022 dissolutus
1844 5007 1858 5033 ,
1892 4971 2019 5026 nulli
2047 4974 2242 5031 cedens
2270 4994 2283 5031 :

713 5048 961 5100 accurata
1010 5050 1271 5105 rcctitudo
1316 5054 1555 5108 cernitur
1600 5057 1651 5110 in
1702 5060 1949 5116 statione.
1992 5063 2167 5129 Quare
2195 5071 2283 5136 qui

713 5154 836 5193 vere
875 5150 999 5195 sunt
1043 5144 1208 5209 recti,
1241 5145 1273 5198 ii
1302 5153 1441 5199 stant
1471 5168 1483 5201 :
1510 5149 1598 5217 qui
1626 5159 1802 5213 autem
1834 5140 1937 5207 non
1973 5165 2149 5220 stant,
2179 5176 2283 5214 non

711 5227 902 5284 fuerint
933 5231 1101 5297 lJCli,
1152 5234 1244 5288 sed
1296 5235 1538 5289 dissoluti
1581 5246 1633 5292 et
1681 5241 1858 5296 emisi.
1908 5243 2022 5299 Non
2063 5253 2281 5319 statqui

708 5317 850 5387 degit
879 5319 930 5374 in
961 5320 1200 5379 deliciis.
1243 5323 1332 5375 sed
1365 5324 1634 5390 declinat;
1668 5329 1791 5384 item
1821 5331 2052 5390 lascivus
2075 5379 2089 5402 ,
2118 5317 2281 5408 pecti-

707 5410 809 5463 nige
856 5411 1097 5479 cupidus.
1154 5413 1250 5480 Qui
1300 5414 1401 5467 scit
1451 5424 1628 5480 stare,
1678 5435 1743 5473 ex
1788 5422 1972 5478 cadent
2016 5431 2281 5497 statione,

709 5514 974 5571 tamquam
1017 5519 1081 5557 cx
1130 5504 1359 5573 quodam
1400 5507 1779 5578 fundamento,
1828 5530 2173 5590 qumcnmque
2214 5524 2280 5577 ad

707 5593 901 5646 luctum
947 5594 1217 5663 pertinent
1265 5597 1478 5651 habebit
1525 5600 1697 5655 facilia
1743 5613 1797 5658 et
1838 5608 2103 5676 expedita.
2137 5610 2281 5666 State

706 5699 844 5751 rryo,
877 5684 1073 5752 inquit,
1096 5687 1344 5740 succincti
1373 5690 1564 5744 lumbos
1601 5707 1786 5747 uestras
1826 5697 1876 5750 in
1913 5701 2128 5753 veritate.
2165 5702 2277 5757 Non

702 5774 827 5827 dicit
854 5773 921 5826 de
958 5791 1085 5830 zotta
1119 5779 1300 5834 scnsili
1336 5798 1350 5837 :
1382 5797 1503 5837 nam
1530 5786 1706 5839 omnia
1748 5803 1866 5857 qua:
1909 5791 1993 5846 hic
2022 5803 2177 5861 sunt,
2208 5805 2275 5849 ita

2400 2427 2530 2482 dicit
2561 2435 2618 2483 ut
2656 2428 2849 2487 cadant
2883 2433 2985 2488 sub
3012 2435 3435 2508 intelligentiam.
3478 2442 3610 2520 Vide
3633 2456 3815 2503 autem
3841 2464 3983 2521 qw

2398 2518 2583 2573 modo
2611 2522 2882 2591 procedat.
2948 2525 3185 2597 Primum
3233 2518 3495 2604 succingit
3537 2537 3783 2595 militem.
3834 2518 3983 2610 Quid

2397 2608 2502 2666 hoc
2545 2621 2628 2669 est
2672 2619 2897 2672 autem?
2922 2616 3054 2676 Eum
3092 2623 3182 2692 qui
3227 2623 3536 2685 libidinibus
3573 2630 3769 2688 dililuit
3805 2608 3880 2691 ει-
3900 2649 3985 2693 est

2398 2699 2723 2771 dissolutus,
2782 2716 2838 2761 ct
2878 2707 3025 2765 humi
3072 2709 3324 2783 repentes
3384 2715 3542 2775 habet
3583 2724 3981 2793 cogitationes,

2401 2801 2499 2859 per
2536 2808 2724 2850 zonam
2764 2798 3042 2867 reprimit,
3099 2817 3206 2859 non
3266 2804 3448 2862 sinetis
3490 2824 3615 2866 eum
3950 2832 3985 2871 a

2398 2880 2634 2936 vestibus
2678 2901 2798 2956 qua:
2842 2889 2988 2945 tibiis
3027 2881 3397 2964 implicantur,
3448 2900 3542 2954 sed
3583 2880 3869 2962 dimittens
3916 2919 3975 2962 ut

2397 2972 2576 3027 cui-rat
2607 2974 2826 3044 pedibus
2855 2981 3070 3038 solutis.
3119 2983 3267 3041 State
3303 3004 3451 3060 ergo,
3492 2995 3737 3049 succincti
3781 2997 3984 3053 tum:

2397 3072 2600 3120 uestros.
2643 3065 2877 3124 Lumbos
2905 3082 3082 3128 autem
3119 3075 3205 3132 hic
3228 3075 3358 3134 dicit
3391 3097 3404 3135 :
3437 3096 3559 3136 nam
3584 3084 3718 3140 sicut
3740 3085 3797 3141 in
3824 3090 3984 3145 navi-

2396 3150 2494 3207 bus
2538 3157 2758 3222 carina,
2822 3159 2892 3212 ita
2943 3164 3104 3217 etiam
3153 3166 3205 3220 in
3254 3170 3410 3224 nobis
3455 3173 3757 3243 subjectum
3815 3181 3984 3234 totius

2395 3245 2637 3312 corporis
2663 3245 2827 3301 lumbi
2854 3260 2980 3305 sunt
3008 3269 3022 3305 :
3054 3254 3191 3309 sicut
3216 3259 3362 3314 enim
3392 3258 3798 3321 fundamentum
3827 3279 3980 3336 sunt,

2397 3344 2451 3388 et
2492 3350 2652 3406 super
2680 3336 2823 3408 ipsos
2865 3348 3032 3397 totum
3077 3344 3409 3412 mditicatnr,
3458 3362 3513 3404 nt
3546 3353 3730 3415 dicunt
3760 3358 3980 3415 medici.

2396 3425 2641 3482 Nostram
2672 3444 2800 3501 ergo
2825 3437 3149 3507 constringit
3175 3438 3408 3494 animum
3430 3481 3446 3507 ,
3479 3444 3689 3500 lumbos
3713 3448 3982 3519 cingens:

2397 3530 2503 3571 non
2548 3518 2692 3574 enim
2733 3519 2834 3576 hos
2881 3523 3011 3579 dicit
3059 3527 3305 3593 lumbos,
3352 3532 3447 3586 sed
3478 3533 3550 3587 ita
3595 3518 3834 3606 loquitur
3859 3551 3922 3596 ut
3947 3542 3984 3596 ii

2395 3607 2588 3664 eadunt
2617 3611 2718 3667 sub
2755 3612 3181 3687 intelligentiam.
3217 3618 3287 3674 Et
3331 3623 3469 3677 sicut
3493 3638 3679 3679 eorum
3701 3643 3825 3698 qua:
3855 3643 3981 3686 sunt

2398 3708 2556 3769 Supra
2590 3711 2645 3756 et
2685 3702 2845 3759 infra"
2867 3706 3029 3763 lumbi
3074 3720 3199 3765 sunt
3228 3710 3631 3771 fundamentum
3660 3734 3676 3773 :
3703 3720 3775 3774 ita
3804 3724 3985 3791 etiam

2398 3789 2451 3845 in
2495 3791 2690 3847 lumbis
2739 3796 3123 3864 spiritualibus.
3185 3802 3283 3870 Qui
3326 3818 3456 3875 ergo
3497 3806 3773 3879 defatigati
3815 3820 3986 3881 sunt,

2399 3881 2505 3938 illic
2533 3898 2676 3953 stupe
2703 3887 2853 3955 quasi
2896 3892 2947 3942 in
2977 3888 3325 3949 fundamento
3365 3910 3553 3952 manus
3582 3899 3907 3971 imponunt,
3928 3916 3982 3960 ut

2399 3986 2459 4027 se
2486 3975 2785 4031 sustineant
2814 3989 2841 4032 ς·
2860 3988 2913 4034 et
2960 3996 3094 4036 zona
3146 3983 3266 4040 ideo
3312 3985 3365 4041 in
3410 3987 3565 4046 bellis
3608 3992 3900 4051 adhibetur
3926 4009 3983 4052 ut

2399 4061 2800 4122 fundamentum
2853 4081 3094 4129 nostrum
3140 4078 3416 4134 contineat
3461 4088 3518 4137 et
3559 4085 3806 4156 stringat.
3855 4087 3982 4145 Ideo

2397 4165 2683 4211 currentes
2730 4158 2993 4230 cingimur
3022 4180 3038 4219 :
3066 4180 3199 4220 zona
3247 4167 3413 4224 robur
3461 4182 3700 4229 nostrum
3754 4176 3811 4242 in
3864 4188 3983 4236 tuto

2377 4244 2568 4314 oponit.
2616 4245 2728 4303 lioc
2768 4264 2932 4319 ergo,
2984 4253 3188 4324 inquit,
3235 4258 3325 4312 tiat
3370 4260 3635 4319 etiam.in
3677 4268 3899 4335 anima,
3928 4282 3983 4327 et

2398 4334 2608 4406 quidvis
2645 4338 2900 4395 facientes
2940 4343 3142 4399 erimus
3182 4345 3350 4404 fortes
3388 4366 3451 4406 ac
3495 4354 3652 4411 validi
3683 4375 3699 4414 :
3727 4358 3780 4415 id
3830 4334 3983 4419 enim

2400 4427 2630 4483 maxime
2654 4429 2811 4486 decet
2840 4433 3058 4490 milites.
3086 4436 3258 4493 Etiam
3281 4482 3296 4507 ,
3330 4442 3536 4515 inquies
3554 4488 3569 4511 ,
3593 4448 3686 4504 sed
3716 4453 3814 4507 hos
3842 4454 3983 4512 iutu—

2400 4515 2496 4571 hos
2539 4519 2805 4590 eingimus
2852 4522 2969 4582 loro
3015 4527 3260 4585 coriaceo
3288 4549 3303 4597 ;
3332 4548 3431 4589 nos
3475 4546 3652 4592 autem
3699 4551 3982 4612 quonam?

2401 4604 2492 4660 illo
2513 4649 2526 4673 ,
2562 4609 2703 4679 quod
2734 4622 2816 4666 est
2845 4624 3002 4683 caput
3030 4626 3085 4671 ct
3106 4633 3311 4676 summa
3341 4604 3753 4700 cogitationum,
3781 4648 3982 4707 nempe

2395 4701 2617 4756 veritate
2651 4722 2663 4758 :
2697 4704 2955 4760 Succincti
2971 4750 2986 4774 ,
3014 4709 3219 4780 inquit,
3243 4715 3440 4772 tutabor
3459 4731 3656 4777 nostros
3675 4724 3730 4778 in
3750 4701 3980 4785 veritate.

2396 4790 2538 4863 Ergo
2563 4796 2764 4850 nullum
2799 4798 3084 4871 diligamus
3111 4805 3447 4864 mendacium
3479 4797 3616 4870 :‘res
3643 4830 3835 4876 omnes
3865 4833 3980 4878 tra-

2393 4892 2602 4947 ctemus
2629 4887 2683 4941 in
2716 4892 2937 4945 veritate
2971 4911 2985 4947 :
3016 4894 3157 4950 alter
3194 4897 3349 4954 alteri
3379 4916 3483 4958 non
3520 4907 3844 4968 mentiamur
3876 4931 3895 4969 :
3928 4926 3982 4970 et

2393 4974 2436 5027 si
2466 4975 2534 5029 sit
2562 4978 2728 5046 gloria
2753 5019 2773 5045 ,
2803 4982 2943 5051 quod
2978 4999 3162 5040 verum
3193 4997 3276 5042 est
3309 5005 3648 5063 quaeramus;
3676 5000 3800 5057 etsi
3831 5004 3943 5061 vita
3963 5048 3979 5071 ,

2393 5083 2593 5123 veram.
2625 5072 2679 5125 Si
2710 5071 2813 5127 hoc
2856 5089 2983 5145 ergo
3013 5092 3114 5132 nos
3137 5081 3601 5145 circumvallemtts
3620 5129 3638 5158 ,
3676 5093 3721 5147 si
3750 5096 3983 5154 veritate

2391 5161 2759 5230 accingamur,
2812 5167 2989 5222 nullus
3027 5184 3127 5224 nos
3187 5175 3483 5243 superabit.
3519 5179 3621 5246 Qui
3651 5187 3845 5253 quierit
3874 5189 3979 5245 do-

2387 5266 2508 5319 gma
2529 5255 2784 5321 veritatis,
2818 5274 2920 5312 non
2959 5260 3171 5318 decidet
3196 5264 3247 5319 in
3277 5276 3497 5324 terram.
3524 5269 3655 5328 Nam
3682 5277 3825 5345 quod
3857 5294 3980 5350 qum

2388 5356 2511 5396 vera
2543 5359 2647 5397 non
2673 5355 2827 5411 sunt,
2877 5349 2984 5403 sint
3010 5367 3073 5406 ex
3117 5361 3255 5408 terra
3281 5395 3299 5421 ,
3329 5357 3452 5413 inde
3480 5361 3653 5430 palam
3681 5350 3803 5431 est',
3831 5349 3977 5439 quod

2386 5436 2593 5489 externi
2632 5451 2818 5493 omnes
2847 5442 3077 5498 serviant
3106 5446 3248 5502 vitiis
3270 5455 3324 5501 et
3349 5448 3663 5521 all'ectibns,
3694 5456 3825 5513 dum
3848 5436 3976 5515 suas

2386 5536 2683 5595 sequuntur
2705 5529 3078 5600 cogitationes.
3107 5535 3462 5604 Quamobrem
3490 5541 3537 5596 si
3564 5542 3749 5613 vigiles
3776 5550 3972 5615 simus,

2387 5618 2438 5672 io
2460 5618 2766 5678 Grzccorum
2790 5623 2937 5679 libris
2957 5635 3011 5681 et
3036 5628 3249 5699 scriptis
3271 5629 3511 5686 doctrina
3536 5650 3640 5691 non
3667 5640 3971 5708 egebimus.

2387 5710 2570 5767 Viden‘
2615 5730 2773 5785 quam
2801 5727 2928 5772 sunt
2964 5718 3038 5774 illi
3071 5721 3260 5777 molles
3300 5731 3355 5779 et
3393 5728 3665 5796 enervati,
3698 5740 3758 5785 ut
3783 5734 3879 5802 qui
3903 5733 3971 5793 tle

2386 5800 2494 5854 Deo
2517 5804 2646 5858 nihil
2680 5807 2884 5875 possint
2911 5823 3074 5877 grave
3100 5821 3151 5867 et
3178 5821 3451 5869 austerum
3482 5818 3757 5889 suspicere
3779 5800 3971 5893 {quod
