4096 6310
129 351 206 407 liis
979 332 1048 388 IN
1087 327 1301 386 EPIST.
1343 326 1435 382 AD
1473 323 1712 380 EPIIES.
1752 321 1904 378 CAP.
1949 321 2036 376 Vl.
2079 319 2310 376 IIOMIL.
2356 319 2540 374 XXIII.

128 467 374 517 humatum
401 463 623 524 superet
651 451 907 506 rationem
931 447 954 500 2
984 460 1090 501 non
1130 453 1252 498 sunt
1281 441 1424 504 enim
1453 438 1668 494 succin-

127 553 181 607 cti
202 552 245 603 in
272 546 517 600 veritate.
551 539 907 609 Quamobrem
938 536 1095 591 soluti
1123 542 1248 587 sunt
1268 547 1455 587 eorum
1483 528 1667 592 lumbi,

125 648 167 700 in
184 643 315 713 queis
335 649 462 694 sunt
480 635 729 708 gignendi
757 632 956 687 semina
981 640 1036 684 et
1059 626 1456 682 ratiociniorum
1487 623 1671 678 robur.

126 737 240 793 Nihil
265 746 346 790 est
373 748 505 800 ergo
536 731 619 784 his
645 725 981 782 imbecillius.

181 826 227 879 1.
264 825 471 877 Rursus
520 829 696 874 autem
744 816 893 868 vides
935 811 1254 868 Manichreos
1297 806 1564 878 quomodo
1607 819 1673 856 ex

130 917 322 985 propriis
352 911 646 966 rationibus
665 907 842 962 omnia
866 904 1010 974 loqui
1027 901 1293 956 audeant!
1315 899 1428 954 Non
1446 904 1672 968 poterat,

132 1005 289 1074 inquit.
326 1004 466 1057 Deus
504 998 757 1054 mundum
787 1009 974 1049 creare
995 994 1198 1062 absque
1225 989 1464 1044 materia.
1494 986 1675 1042 Unde-

130 1113 230 1149 nant
267 1096 366 1148 hoc
389 1089 636 1146 constat?
672 1088 786 1141 ham
815 1084 961 1138 humi
992 1092 1267 1137 versantes
1293 1080 1493 1140 dicunt,
1523 1084 1579 1131 et
1605 1090 1674 1129 ex

131 1199 271 1249 terra,
302 1195 463 1253 atque
488 1183 552 1235 iis
577 1194 697 1249 qua
725 1186 849 1231 sunt
873 1175 1012 1244 apud
1045 1189 1162 1227 nos.
1189 1171 1450 1238 Quoniam
1479 1167 1641 1221 homo
1659 1203 1676 1228 ,

130 1277 379 1346 inquiunt,
413 1289 517 1326 non
561 1277 733 1332 potest
759 1269 915 1321 aliter
957 1265 1149 1319 facere.
1177 1263 1383 1317 Rursus
1404 1258 1523 1313 vide
1551 1256 1676 1327 quid

129 1369 246 1420 dicat
271 1365 501 1418 Marcion
526 1365 671 1418 :Nou
696 1367 901 1428 poterat
931 1357 1068 1410 Deus
1090 1361 1358 1420 assumpta
1377 1363 1536 1404 carne
1562 1362 1677 1402 ma-

129 1471 238 1510 nere
273 1453 521 1508 mundus.
550 1449 828 1505 Uudenam
869 1446 972 1500 hoc
1014 1443 1264 1498 constat?
1291 1439 1551 1506 Quoniam
1580 1451 1680 1490 nec

131 1547 346 1601 homines
387 1541 604 1613 quidem
655 1547 895 1609 possunt.
935 1537 1096 1606 Atqui
1143 1534 1386 1587 homines
1435 1538 1677 1601 possunt.

131 1635 418 1690 Valentinum
448 1646 633 1686 rursus
654 1631 797 1683 humi
821 1638 1098 1698 serpentes
1124 1626 1323 1679 habens
1349 1623 1580 1677 rationes
1603 1661 1618 1686 ,
1649 1635 1681 1674 c

129 1740 249 1779 terra
279 1725 537 1793 loquitur,
569 1721 923 1790 similiterth
951 1718 1146 1772 Paulus
1189 1717 1600 1777 Samosatenus,
1626 1722 1680 1766 et

127 1817 284 1869 Arius.
313 1814 448 1882 Quid
475 1815 619 1867 enim
643 1811 818 1865 dicit?-
851 1809 965 1863 Non
1006 1817 1214 1877 poterat
1253 1806 1392 1859 Dens
1420 1816 1682 1872 generans

126 1921 359 1974 generare
386 1901 769 1971 impatibilitcr.
803 1899 1078 1954 Undenam
1115 1897 1217 1950 hoc
1257 1895 1420 1948 audes
1470 1893 1678 1955 dicere,

125 2016 152 2045 υ
193 1996 312 2050 ,ΑΙ-εἳ
366 1995 442 2048 Ex
477 1996 540 2047 iis
567 2009 686 2062 qua!
721 2003 848 2046 sunt
887 1990 1024 2058 apud
1069 2004 1186 2042 nos.
1219 1987 1404 2040 Viden‘
1450 1986 1682 2039 rationes

125 2086 340 2139 omnium
372 2085 517 2137 humi
547 2083 772 2153 repere?
811 2083 966 2150 piane
999 2079 1260 2133 demissas
1287 2091 1405 2129 esse
1431 2084 1487 2128 ct
1521 2089 1678 2126 ener-

127 2186 286 2240 ratas,
339 2186 393 2230 et
437 2187 632 2228 terram
675 2172 1000 2242 spirare?l£t
1044 2170 1110 2224 ita
1141 2168 1356 2238 quidem
1391 2181 1448 2220 se
1489 2165 1684 2218 habent

125 2265 466 2334 quod'attinet
492 2265 556 2317 ad
584 2264 849 2332 dogmata.
893 2262 1100 2314 Rursus
1126 2269 1302 2311 autem
1329 2255 1468 2325 quod
1496 2255 1561 2306 ad
1606 2255 1684 2306 vi-

127 2367 240 2419 tam,
260 2355 347 2424 qui
369 2363 494 2407 sunt
521 2360 867 2414 scortatores,
893 2348 1130 2419 pecunia:
1157 2357 1400 2401 amantes
1421 2354 1475 2399 et
1501 2343 1684 2412 gloria:

124 2457 169 2497 et
190 2446 406 2498 aliorum
432 2442 697 2507 omnium,
722 2441 869 2495 humi
886 2447 1079 2510 repunt
1099 2457 1112 2493 :
1131 2453 1236 2493 non
1259 2438 1456 2492 habent
1473 2435 1684 2489 lumbos

127 2537 292 2590 ﬁrmos
315 2546 368 2591 et
393 2545 601 2590 stantes
627 2545 684 2588 ut
727 2533 922 2588 defessi
953 2532 1157 2601 possint
1183 2530 1461 2600 quiescere
1479 2569 1495 2592 ,
1521 2526 1614 2581 sed
1639 2526 1683 2579 si

126 2628 300 2681 fuerint
328 2627 522 2681 defessi
541 2667 558 2692 ,
591 2640 696 2679 non
725 2624 1012 2680 admovent
1034 2637 1246 2675 manum
1277 2634 1378 2674 nec
1401 2627 1564 2682 stant,
1587 2617 1682 2670 sed

127 2719 465 2771 resolvuntur.
489 2715 592 2783 Qui
611 2725 788 2769 autem
813 2723 896 2769 est
918 2713 1223 2767 succinctus
1243 2711 1485 2774 veritate,
1512 2709 1685 2777 primo

124 2807 324 2874 quidem
351 2819 639 2877 numquam
666 2804 770 2859 erit
795 2802 1038 2858 defessus
1067 2818 1081 2855 :
1104 2799 1344 2855 secundo
1381 2807 1562 2854 autem
1583 2839 1599 2863 ,
1638 2797 1685 2851 si

127 2898 270 2950 fuerit
288 2896 552 2960 defessus,
577 2895 878 2964 requiescet
895 2893 946 2946 in
967 2893 1079 2964 ipsa
1101 2893 1342 2946 veritate.
1364 2890 1502 2958 Quid
1518 2890 1684 2954 enim,

124 2989 202 3041 die
224 2991 374 3050 mihi,
399 2995 754 3058 paupertasne
773 3000 897 3040 eum
916 2983 1262 3053 defatigabit?
1291 2981 1637 3050 Nequaquam
1667 2995 1683 3032 :

127 3080 402 3148 requiescit
414 3079 558 3132 enim
575 3091 734 3147 super
752 3090 848 3130 eas
861 3090 980 3143 qua:
1001 3089 1129 3128 vere
1149 3083 1272 3126 sunt
1285 3070 1506 3131 divitis,
1524 3080 1577 3123 et
1594 3083 1688 3149 per

127 3178 476 3238 paupertatem
500 3167 636 3221 sciet
660 3181 780 3236 qua
802 3165 872 3219 sit
894 3179 1019 3218 vere
1035 3170 1340 3231 paupertas.
1364 3163 1436 3215 At
1460 3161 1689 3214 servitus

125 3275 232 3312 eum
280 3255 637 3327 defatigabit?
682 3257 899 3309 Minime
932 3252 1076 3308 :scit
1116 3252 1259 3306 enim
1306 3265 1424 3320 quae
1453 3249 1524 3303 sit
1561 3264 1689 3302 vere

124 3351 358 3404 servitus.
400 3352 470 3404 At
497 3346 752 3402 morbus?
776 3345 882 3400 Sed
925 3359 1097 3413 neque
1123 3341 1226 3397 hoc
1255 3359 1270 3394 :
1298 3341 1479 3395 Luntbi
1503 3341 1650 3394 vestri
1668 3379 1686 3405 ,

125 3439 279 3509 inquit
313 3439 560 3493 Christus
583 3477 599 3502 ,
638 3437 740 3491 sint
782 3435 1043 3498 succincti,
1092 3442 1138 3486 et
1191 3432 1412 3485 (uerna
1456 3430 1689 3483 ardentes

123 3529 274 3596 (Luc.
301 3529 394 3583 η.
423 3529 492 3584 55
515 3528 568 3596 );
615 3527 685 3580 ita
707 3535 766 3579 ut
794 3525 966 3578 lucem
994 3524 1223 3576 habeant
1247 3537 1366 3591 qua:
1389 3536 1496 3575 non
1522 3521 1689 3588 possit

121 3621 394 3691 exstingui.
429 3619 540 3673 Hoc
592 3619 753 3671 etiam
799 3623 1118 3686 praeceptum
1156 3612 1252 3667 fuit
1277 3611 1596 3667 exeuntibus
1622 3625 1688 3664 cx

123 3713 380 3784 Egypto,
427 3721 484 3768 et
525 3708 782 3764 succincti
819 3706 1015 3777 pascha
1064 3703 1437 3760 comedebant.
1469 3702 1537 3757 Et
1559 3717 1685 3766 cur,

125 3802 320 3872 inquies
336 3843 354 3869 ,
377 3802 456 3856 sic
479 3796 872 3854 comedebat)”
895 3793 991 3849 Vis
1017 3795 1156 3848 sclre
1179 3802 1344 3846 totam
1369 3806 1584 3845 causam
1606 3805 1691 3844 se-

123 3894 342 3949 cundum
387 3891 698 3954 historiam,
757 3905 825 3942 an
877 3885 1169 3942 secundum
1221 3881 1538 3954 anagogen?
1583 3881 1688 3937 Sed

126 3995 393 4056 utrumque
421 3983 595 4037 dicam
619 3999 634 4033 :
659 3995 754 4034 vos
781 3987 958 4034 autem
981 3976 1226 4033 retinete.
1253 3974 1369 4029 Non
1396 3975 1539 4028 enim
1568 3973 1691 4027 dico

126 4091 174 4130 It
199 4079 356 4132 verba
417 4074 715 4145 proferam,
743 4071 837 4125 sed
870 4079 925 4123 ut
951 4069 1110 4124 verba
1149 4081 1267 4122 mea
1293 4065 1432 4137 apud
1490 4079 1585 4118 vos
1635 4066 1689 4118 in

125 4182 243 4233 opus
261 4173 477 4220 exeant.
508 4163 690 4226 Erant,
720 4160 911 4228 inquit,
928 4159 1164 4223 accincti,
1191 4167 1239 4210 et
1267 4156 1436 4209 baculi
1468 4164 1610 4209 erant
1637 4158 1691 4207 in

125 4272 282 4309 eorum
303 4254 540 4308 omnibus
562 4292 579 4318 ,
611 4261 658 4305 et
678 4250 836 4304 calcei
861 4251 915 4303 ia
940 4247 1172 4319 pedibus,
1203 4257 1248 4300 et
1274 4248 1346 4301 ita
1370 4246 1693 4300 concedebant

125 4347 300 4413 pascha
342 4345 552 4415 (Exod.
599 4343 689 4398 I2.
720 4342 841 4411 II).
883 4339 1160 4395 Terribilia
1188 4349 1243 4393 et
1271 4339 1543 4394 tremenda
1572 4354 1694 4410 my-

123 4437 294 4501 steria,
324 4450 449 4505 quae
476 4448 721 4503 magnam
747 4431 943 4487 habent
963 4429 1401 4501 profunditatem.
1433 4430 1490 4485 Si
1514 4440 1692 4485 autem

125 4527 174 4580 lu
194 4528 332 4598 typis
354 4539 412 4582 et
439 4526 623 4595 ﬁguris
648 4532 774 4584 sunt
799 4523 932 4580 adeo
951 4523 1230 4589 terribilia,
1258 4523 1427 4577 multo
1450 4522 1618 4593 magis
1641 4524 1692 4576 in

126 4621 357 4674 veritate.
394 4618 616 4673 Exeunt
641 4632 708 4671 ex
733 4615 986 4686 Egypto,
1015 4616 1207 4685 pascha
1237 4615 1545 4670 comedunt.
1593 4618 1694 4670 At-

127 4712 308 4766 tende:
336 4718 427 4765 est
443 4708 657 4763 habitus
679 4710 937 4762 viatorum
965 4725 978 4761 :
1003 4722 1126 4761 nam
1154 4705 1354 4762 habere
1382 4707 1616 4771 calceos,
1644 4716 1698 4761 et

123 4803 284 4872 virgas
311 4800 369 4856 in
405 4801 674 4865 manibus,
703 4809 756 4853 et
782 4809 987 4853 stantes
1017 4797 1322 4864 comedere,
1374 4799 1506 4855 nihil
1555 4799 1696 4853 aliud

123 4908 266 4960 quam
285 4893 390 4947 hoc
420 4890 710 4961 signiﬁcat.
741 4889 910 4945 Vultis
929 4889 1155 4959 primum
1182 4889 1370 4943 audire
1398 4889 1694 4952 historiam,

123 5000 181 5038 an
209 4982 535 5054 anagogen?
579 4981 758 5036 Satius
790 4989 874 5034 est
924 4981 1218 5034 historiam.
1259 4980 1396 5047 Quid
1440 4995 1570 5050 ergo
1597 4980 1697 5034 sibi

125 5079 222 5130 vult
249 5075 476 5130 historia
493 5073 520 5127 2
555 5072 1020 5127 Obliviscebantur
1045 5089 1188 5141 saepe
1211 5072 1381 5126 Judaei
1406 5073 1699 5127 beneﬁcio-

126 5183 226 5223 rum
258 5169 376 5223 Dei.
412 5158 481 5224 Ut
509 5165 672 5235 igitur
695 5163 804 5220 illis
835 5165 918 5219 vel
959 5165 1137 5218 invitis
1167 5165 1354 5217 horum
1387 5166 1700 5218 memoriam

125 5259 412 5322 refricaret,
440 5256 590 5310 hunc
615 5254 930 5310 comedendi
966 5255 1162 5324 pascha
1189 5254 1406 5308 modum
1449 5256 1564 5324 lege
1593 5265 1697 5307 sta.

127 5357 228 5402 tuit.
249 5354 434 5417 Quare
451 5349 477 5402 2
505 5345 578 5402 Ut
596 5360 721 5399 cum
756 5345 978 5415 singulis
1003 5346 1159 5399 annis
1187 5354 1507 5414 cogerentur
1532 5346 1701 5414 legem

126 5441 256 5496 illam
278 5454 532 5500 servare,
579 5437 882 5491 necessario
929 5435 1058 5498 Dei,
1099 5435 1193 5504 qui
1232 5436 1374 5504 ipsos
1424 5437 1701 5500 eduxerat,

126 5536 552 5586 recordarentur.
614 5526 794 5596 Itaque
841 5541 947 5579 non
990 5526 1215 5594 tempori
1255 5526 1428 5579 solum
1471 5526 1707 5594 alligavit

128 5623 252 5679 licus
276 5639 372 5678 sna
405 5620 701 5682 beneﬁcia,
722 5618 818 5674 sed
855 5618 1017 5673 etiam
1046 5617 1246 5671 habitui
1286 5617 1701 5672 comedentium.

129 5711 400 5788 Propterea
424 5713 574 5766 enim
594 5724 734 5764 nunc
757 5708 1046 5764 comedunt
1061 5708 1282 5763 accincti
1301 5718 1350 5762 et
1370 5709 1615 5776 calceati,
1631 5710 1703 5763 uti

451 5810 726 5868 PATIOL.
770 5809 884 5868 Gtt.
937 5809 1124 5870 LXII.

3242 313 3274 371 .I
3287 314 3356 366 66

1777 435 1821 488 si
1848 443 2122 505 rogentur,
2144 434 2325 490 dicant
2349 454 2364 488 :
2386 435 2608 490 Eramus
2627 433 2794 504 parati
2819 433 2886 488 ad
2916 434 3035 498 iter,
3065 443 3119 489 et
3141 447 3360 490 eramus

1778 528 1968 581 exituri
1989 543 2054 582 ex
2085 527 2320 598 Egypto
2337 529 2388 582 in
2418 537 2613 583 terram
2635 527 3024 598 promissionis.
3051 525 3356 582 Secundum

1780 617 2077 684 historiam,
2111 619 2211 675 hoc
2240 619 2456 688 quidem
2484 628 2563 674 est
2597 626 2783 688 typus;
2810 617 3113 674 htecautem
3136 617 3354 674 veritas.

1777 708 1885 763 Nos
1935 724 2148 778 quoque
2191 709 2389 779 pascha
2420 707 2782 774 comedimus,
2814 722 3006 777 nempe
3033 708 3305 764 Christum
3339 724 3357 762 :

1784 797 1986 851 Pascha
2009 801 2140 852 enim
2171 807 2399 853 nostram
2425 799 2722 856 immolatus.
2749 808 2820 853 est
2858 798 3090 855 Christus
3119 798 3208 870 (I.
3236 799 3356 854 Cor.

1776 887 1833 942 5.
1866 888 1973 957 7),
2005 890 2196 958 inquit.
2228 889 2368 958 Ergo
2401 905 2500 943 nos
2526 905 2738 959 quoque
2780 887 2972 958 pascha
3003 889 3358 957 comedimus,

1783 981 1934 1050 legali
1967 981 2124 1051 longe
2170 983 2532 1050 praestantius.
2584 981 2768 1053 Itaque
2807 991 2861 1037 et
2889 983 3112 1037 caIceati
3152 992 3207 1038 et
3241 998 3350 1037 suc-

1781 1070 1952 1124 t'incli.
1990 1075 2336 1126 comedanms
2377 1082 2610 1142 oportet.
2640 1073 2851 1139 Quare?
2897 1072 2962 1128 Ut
3004 1088 3103 1127 nos
3148 1089 3363 1144 quoque

1783 1162 1950 1214 simus
1977 1163 2144 1230 parati
2175 1163 2240 1215 ad
2268 1163 2501 1227 exitum,
2531 1173 2586 1217 ct
2617 1163 2682 1216 ad
2715 1163 3194 1232 peregrinationem
3240 1163 3364 1218 hinc

1783 1252 2033 1307 futuram.
2059 1254 2225 1308 Nemo
2245 1271 2307 1308 ex
2340 1255 2422 1318 iis,
2446 1256 2533 1324 qni
2553 1255 2654 1308 hoc
2678 1256 2874 1325 pascha
2895 1256 3201 1323 comedunt,
3225 1259 3386 1326 aspi-~

1783 1342 1888 1395 ciat
1931 1342 1996 1396 ad
2043 1343 2366 1413 Egyptian,
2420 1344 2514 1398 sed
2571 1345 2636 1398 ad
2684 1347 2912 1410 caelum,
2957 1345 3022 1399 ad
3077 1359 3362 1414 supernam

1783 1431 2099 1489 Jerusalem.
2143 1433 2431 1504 Propterea
2461 1438 2747 1502 accinctus,
2787 1446 3068 1507 propterea
3100 1441 3366 1493 calceatus

1783 1526 2044 1589 comedis,
2077 1536 2132 1578 ut
2160 1524 2335 1580 discas
2367 1526 2506 1597 quod
2549 1528 2704 1580 simul
2733 1537 2892 1597 atque
2936 1529 3177 1597 incepisti
3213 1542 3362 1583 com-

1782 1615 1944 1669 edere
1965 1617 2179 1684 pascha,
2210 1617 2374 1671 debes
2414 1618 2737 1687 peregrinari
2781 1628 2833 1673 et
2871 1618 2973 1673 iter
3014 1618 3211 1673 facere.
3255 1619 3368 1672 Duo

1785 1714 1962 1759 autem
1988 1709 2145 1761 tacite
2169 1709 2451 1776 signiﬁcat,
2480 1719 2534 1763 et
2557 1721 2808 1778 oportere
2827 1710 3006 1780 egredi
3023 1727 3088 1766 ex
3116 1711 3366 1782 Egypto,

1786 1803 1839 1848 et
1866 1808 2144 1853 manentes
2189 1801 2341 1867 quasi
2387 1801 2438 1852 in
2485 1800 2660 1855 aliena
2699 1811 2836 1856 terra
2883 1818 3131 1869 manere;
3176 1803 3370 1859 Nostra

1784 1886 1936 1951 enim,
1970 1888 2158 1956 inquit,
2189 1891 2502 1942 conversatio
2530 1901 2601 1943 est
2629 1891 2681 1944 in
2705 1891 2844 1945 ratiis
2869 1892 3128 1964 (Philipp.
3163 1895 3216 1948 5.
3236 1894 3366 1964 ἓως

1785 1983 1839 2028 et
1869 1983 1975 2028 tota
2007 1977 2110 2029 vita
2136 1991 2350 2047 semper
2372 1994 2494 2033 esse
2534 1990 2768 2049 paratos,
2802 1991 2860 2035 ut
2885 1984 3056 2037 vocati
3086 2000 3188 2038 non
3219 1985 3372 2038 dini--

1785 2075 1904 2118 rant
1924 2107 1938 2130 ,
1967 2067 2058 2119 sed
2081 2066 2281 2132 dicant,
2315 2067 2562 2122 Paratum
2583 2081 2657 2123 est
2680 2085 2768 2124 cor
2784 2083 3008 2124 nostram
3034 2071 3215 2141 (Psai.
3245 2075 3367 2129 I07.

1785 2155 1874 2224 9.).
1902 2156 2007 2210 Sed
2037 2167 2246 2228 poterat
2271 2161 2379 2214 hac
2410 2161 2591 2217 dicere
2619 2161 2836 2229 Paulus,
2865 2165 2955 2234 qui
2981 2164 3081 2219 sibi
3107 2166 3372 2221 nihilemt

1786 2249 2032 2325 conscius
2061 2270 2075 2305 :
2105 2265 2206 2319 ego
2234 2265 2412 2306 autem
2445 2269 2552 2307 non
2599 2267 2815 2324 possunt
2846 2255 3044 2320 dicere,
3084 2259 3173 2327 qui
3205 2259 3372 2312 multo

1789 2348 2027 2408 tempore
2053 2356 2188 2412 opus
2206 2341 2376 2397 habeo
2397 2345 2462 2398 ad
2491 2348 2878 2415 pmoitentiam.
2901 2349 3053 2416 Quod
3079 2359 3257 2405 autem
3282 2367 3373 2406 ac-

1787 2430 2021 2492 cinctum
2047 2448 2171 2487 esse
2197 2435 2267 2487 sit
2295 2435 2565 2504 vigilantis
2593 2439 2805 2505 animae,
2836 2442 2956 2497 audi
2991 2441 3157 2496 Deum
3186 2441 3373 2497 dicen-

1789 2528 1897 2573 tem
1930 2521 2003 2575 illi
2024 2521 2172 2591 justo
2201 2541 2214 2577 :
2247 2524 2405 2590 Non;
2432 2527 2521 2580 sed
2551 2537 2806 2598 tamquam
2837 2530 2912 2584 vir
2944 2531 3151 2602 uccinge
3177 2531 3374 2585 (unitos

1790 2621 1902 2664 tuos
1927 2627 1948 2664 :
1973 2629 2063 2681 ego
2083 2627 2251 2668 autent
2278 2625 2328 2671 te
2350 2619 2691 2687 interrogabo,
2742 2631 2796 2674 tu
2831 2637 2947 2676 vero
2967 2624 3092 2677 mihi
3129 2623 3376 2694 responde

1789 2701 1942 2770 (Job
1969 2705 2184 2776 58.5).
2229 2708 2489 2765 Omnibus
2538 2711 2638 2765 hoc
2693 2712 2832 2767 Deus
2883 2713 3032 2777 dicit,
3085 2726 3139 2769 et
3185 2715 3374 2787 Hoysi.

1793 2795 1910 2863 Ipse
1959 2812 2172 2867 quoque
2219 2809 2440 2868 apparet
2483 2801 2756 2857 accinctus
2807 2805 2861 2858 in
2910 2804 3192 2861 Ezechiele
3226 2825 3239 2860 :
3269 2808 3376 2861 imo

1791 2889 1954 2942 etiam
2008 2891 2181 2958 angeli
2231 2901 2494 2962 apparent
2534 2894 2688 2947 nobis
2733 2896 2999 2962 accincti,
3033 2907 3089 2950 nt
3133 2900 3224 2968 qui
3271 2901 3376 2954 sint

1791 2979 2008 3034 milites.
2043 2981 2119 3034 Ex
2161 2996 2227 3036 eo
2263 2981 2407 3036 enim
2440 2983 2583 3052 quod
2627 2985 2993 3055 accingantur,
3027 2991 3085 3042 lit
3137 3002 3192 3044 ut
3235 3001 3378 3048 stent

1788 3081 2051 3137 generose
2078 3079 2135 3124 et
2180 3071 2427 3136 fortiter;
2471 3075 2538 3126 ita
2587 3089 2652 3128 ex
2696 3091 2762 3130 eo
2805 3078 2946 3145 quod
2992 3089 3155 3143 stent,
3210 3081 3269 3136 ﬁt
3321 3093 3375 3136 ut

1791 3159 2154 3227 accinguntur.
2203 3159 2312 3215 Nos
2350 3176 2479 3231 ergo
2527 3164 2868 3234 accingamus
2899 3185 2912 3220 :
2941 3169 3134 3225 exituri
3182 3172 3378 3244 quippe

1791 3262 1997 3314 sumus,
2016 3261 2070 3303 et
2099 3250 2260 3303 multa
2291 3251 2505 3306 interim
2545 3264 2672 3308 sunt
2695 3256 2955 3313 difﬁcilia.
2979 3260 3205 3326 Quando
3234 3264 3380 3319 hunc

1793 3351 2038 3406 Campum
2084 3341 2582 3408 pertransiuimus,
2614 3346 2792 3399 statim
2845 3346 3041 3403 insistit
3085 3349 3333 3418 diabolus
3350 3394 3374 3420 .,

1792 3432 1970 3484 omnia
2018 3446 2184 3502 agens
2210 3441 2266 3486 et
2296 3435 2611 3490 machinans
2635 3477 2651 3502 ,
2681 3450 2737 3492 ut
2776 3438 2866 3509 qui
2897 3443 3094 3498 servati
3139 3453 3262 3499 sunt
3309 3461 3378 3501 ex

1793 3520 2048 3592 .Egypto,
2079 3524 2170 3588 Qui
2219 3539 2369 3577 mare
2410 3524 2649 3581 Rubrum
2697 3531 3044 3597 transierunt,
3070 3535 3157 3602 qui
3199 3550 3227 3586 a
3266 3535 3379 3590 da:-

1795 3615 2042 3670 monibus
2062 3625 2115 3669 et
2135 3631 2164 3670 a
2187 3616 2358 3687 plagis
2382 3618 2856 3674 innumerabilibus
2876 3622 3034 3677 simul
3062 3625 3376 3688 liberantur,

1793 3720 1890 3759 eos
1916 3706 2090 3773 capiat
2129 3715 2185 3758 et
2216 3707 2420 3773 perdat.
2461 3706 2566 3763 Sed
2610 3708 2654 3761 si
2686 3709 2871 3780 vigiles
2900 3711 3087 3778 simus,
3122 3714 3378 3770 habemus

1795 3812 1893 3852 nos
1914 3812 2126 3868 quoque
2153 3798 2456 3852 columnam
2481 3800 2637 3870 ignis,
2660 3816 2851 3871 nempe
2866 3802 3096 3873 Spiritus
3113 3808 3337 3876 gratiam
3360 3824 3376 3863 :

1794 3887 1983 3942 eadem
2017 3888 2278 3942 illuminat
2297 3896 2350 3943 et
2377 3889 2658 3943 adumbrat
2684 3906 2700 3943 :
2734 3890 2991 3948 habemus
3015 3909 3241 3961 manna;
3271 3894 3380 3951 into

1797 3992 1924 4031 vero
1959 3994 2065 4032 non
2092 3995 2284 4032 manna
2306 4020 2322 4044 ,
2368 3980 2461 4034 sed
2490 3979 2632 4050 quod
2656 3991 2740 4036 est
2766 3982 2884 4052 plus
2931 3981 3089 4054 quam
3135 4002 3326 4042 manna
3359 4008 3375 4044 :

1798 4080 1954 4138 potus
1980 4070 2272 4138 spiritualis
2295 4111 2311 4132 .
2341 4086 2446 4125 non
2477 4086 2611 4142 aqua
2638 4075 2806 4129 exite
2835 4085 3003 4144 petra.
3037 4078 3303 4136 Habemus
3324 4095 3380 4136 et

1796 4170 2007 4223 castra,
2057 4175 2200 4214 nunc
2235 4176 2448 4231 quoque
2475 4162 2749 4218 desertum
2801 4165 3121 4224 habitantes.
3173 4171 3377 4227 Revera

1796 4253 1962 4315 enim,
1988 4267 2172 4306 revera
2204 4267 2344 4307 nunc
2363 4269 2575 4324 quoque
2593 4264 2730 4310 terra
2758 4267 2841 4312 est
2865 4254 2892 4311 a
2923 4262 3115 4318 virtute
3143 4263 3376 4326 deserta.

1795 4353 1852 4395 et
1881 4343 2048 4412 magis
2070 4359 2227 4412 quam
2257 4344 2368 4397 illa.
2408 4343 2516 4399 Cur
2553 4357 2732 4402 autem
2765 4349 3067 4419 fugiendum
3109 4367 3225 4410 erat
3252 4358 3378 4413 illud

1796 4433 2105 4487 desertum?
2131 4448 2308 4489 nonne
2329 4437 2450 4504 quia
2482 4436 2709 4492 habebat
2735 4439 2786 4493 in
2819 4456 2877 4496 se
2900 4446 3138 4514 scorpios
3158 4459 3210 4502 et
3236 4452 3381 4519 vipe-

1801 4524 1925 4577 ras?
1956 4522 2012 4576 ln
2040 4539 2181 4591 quo,
2211 4525 2400 4594 inquit,
2435 4542 2540 4580 non
2572 4532 2779 4583 transiit
2816 4533 2997 4587 homo.
3036 4536 3139 4594 Sed
3168 4554 3273 4594 non
3299 4553 3383 4596 0:31

1800 4614 1927 4668 illud
1963 4615 2231 4668 desertum
2266 4619 2401 4670 adeo
2427 4620 2608 4672 sterile
2632 4629 2687 4674 et
2723 4638 2829 4676 non
2861 4623 3038 4680 ferens
3069 4630 3299 4698 fructus,
3328 4646 3384 4688 ut

1803 4715 1990 4758 natura
2034 4706 2285 4760 humana.

1873 4797 1924 4850 '5.
1957 4796 2270 4875 Nune‘quot
2297 4809 2421 4851 sunt
2443 4802 2673 4869 scorpii,
2704 4812 2834 4872 quot
2859 4803 3056 4875 vipera:
3084 4807 3136 4863 in
3165 4811 3264 4865 hoc
3285 4817 3382 4868 de-

1803 4898 1970 4953 serto,
1988 4873 2124 4957 quoi
2143 4893 2448 4959 serpentes!
2483 4903 2610 4960 quot
2630 4896 2900 4964 genimina
2919 4873 3232 4969 viperarum
3259 4919 3384 4961 sunt

1807 4977 1860 5031 hi
1891 4993 2025 5047 quos
2072 4981 2466 5036 recensuimns!
2506 4983 2611 5038 Sed
2640 5000 2707 5052 ne
2733 4985 3012 5043 timeamus
3045 5009 3058 5045 :
3093 4991 3249 5061 hujus
3270 4999 3386 5050 exi—

1807 5060 1892 5125 tus
1917 5072 2023 5125 dux
2050 5083 2164 5138 est,
2189 5091 2296 5126 non
2323 5074 2562 5146 Moyses,
2593 5078 2687 5131 sed
2716 5077 2894 5139 Jesus.
2924 5060 3201 5150 Quomodo
3228 5087 3389 5156 igitur

1810 5178 1913 5216 non
1937 5163 2120 5216 cadent
2155 5164 2305 5218 nobis
2331 5167 2609 5222 accidant?
2634 5168 2711 5224 Ne
2735 5172 2920 5226 eadem
2945 5189 3182 5242 agamus,
3208 5190 3388 5235 etnon

1807 5253 1993 5305 eadem
2018 5253 2297 5321 patiemur.
2321 5254 2401 5308 Illi
2419 5260 2842 5327 murrnurabant,
2881 5263 2952 5314 illi
2977 5263 3189 5319 fuerunt
3209 5268 3388 5338 ingra—

1810 5345 1883 5395 ti:
1914 5357 1982 5395 ne
2025 5342 2211 5396 eadem
2247 5359 2377 5413 ergo
2403 5346 2557 5400 nobis
2582 5348 2845 5404 accidant.
2872 5351 3153 5419 Quomodo
3178 5360 3393 5416 cecide—

1812 5442 1937 5487 runt
1960 5433 2035 5486 illi
2056 5435 2279 5488 omnes?
2301 5435 2464 5490 Nihili
2482 5436 2712 5493 fecerunt
2740 5452 2934 5497 terram
2956 5444 3387 5507 desiderabilem.

1814 5524 2093 5591 Quomodo
2140 5524 2292 5580 nihili
2339 5525 2620 5583 fecerunt?
2662 5531 2808 5602 alqui
2846 5536 3265 5597 admirabantur.
3314 5542 3393 5598 Eo

1814 5617 1953 5685 quod
1986 5617 2174 5673 molles
2203 5620 2506 5683 evaserint,
2558 5631 2612 5676 et
2648 5637 2746 5693 pro
2789 5639 2852 5679 ea
2884 5626 3096 5685 labores
3124 5623 3393 5691 noluerint

1819 5710 2107 5778 suscipi”,
2159 5709 2234 5762 Ne
2261 5725 2388 5779 ergo
2425 5711 2614 5768 caelum
2656 5713 2807 5768 nihili
2853 5715 3106 5774 faciamus
3136 5739 3149 5775 :
3183 5722 3284 5778 hoc
3309 5737 3396 5782 est

2953 5824 3016 5884 11
