4096 6310
727 365 850 421 {67'

723 475 874 534 nihili
904 475 1097 531 facere.
1132 475 1173 531 Ε
1198 474 1560 531 eteltLl‘ructus
1589 483 1673 530 est
1692 474 1757 528 ad
1785 489 1884 528 nos
1917 474 2125 530 delatus
2145 513 2158 535 ,
2192 487 2297 526 non

726 583 824 621 uva
859 581 976 637 quae
1003 575 1240 636 portatur
1270 564 1323 622 iu
1355 564 1661 636 amphoris,
1689 564 1783 619 sed
1824 563 1980 618 arrha
2025 562 2254 631 Spiritus
2283 578 2298 614 :

724 657 846 711 vita:
874 655 1094 726 agendae
1123 656 1284 720 ratio,
1311 671 1435 726 qua:
1482 664 1567 710 est
1615 655 1668 708 iu
1720 656 1886 718 cadis,
1934 669 2089 723 quam
2119 651 2300 706 docuit

725 746 919 801 Paulus
946 755 1000 801 et
1030 756 1171 801 totus
1191 747 1553 816 apostolorum
1587 745 1803 810 chorus,
1837 743 2131 799 admirandi
2157 744 2298 811 agri.

722 838 872 891 colte.
894 836 1011 892 Non
1032 835 1234 892 Chaleb
1265 836 1408 892 illius
1431 835 1707 906 .Icphontc,
1757 851 1930 902 neque
1971 835 2125 890 Jesus
2162 835 2300 887 lilins

724 928 866 983 Nave
895 929 994 983 hos
1021 928 1139 984 tulit
1173 927 1410 993 fructus;
1440 928 1534 982 sed
1577 926 1767 989 Jesus,
1805 926 1971 982 Filius
2008 925 2181 981 Patris
2201 925 2300 979 mi-

724 1016 1154 1080 sericordiarum,
1190 1016 1355 1070 Filius
1382 1017 1500 1086 ejus
1524 1018 1611 1084 qui
1642 1027 1723 1071 est
1747 1031 1872 1071 vere
1899 1016 2058 1080 Deus,
2087 1030 2300 1069 onmem

727 1110 846 1165 tulit
888 1110 1158 1173 virtutem,
1182 1123 1370 1163 omnes
1398 1107 1488 1177 qui
1528 1106 1651 1161 inde
1677 1116 1802 1162 sunt
1824 1106 2044 1170 fructus,
2074 1105 2299 1177 hymnos

727 1215 919 1269 nempe
942 1199 1010 1254 ad
1038 1215 1134 1254 nos
1164 1199 1354 1254 detulit
1379 1200 1642 1256 caelestes.
1669 1198 1801 1253 Nam
1822 1213 1940 1268 qua:
1961 1198 2014 1252 in
2044 1197 2192 1252 caelis
2217 1196 2297 1250 di-

725 1302 856 1348 runt
874 1291 1185 1356 Cberubim,
1209 1305 1270 1346 ea
1298 1305 1394 1344 nos
1415 1305 1626 1360 quoque
1647 1289 1806 1360 jussit
1829 1290 2039 1353 dicere,
2057 1289 2294 1354 Sanctus,

725 1391 945 1444 sanctus,
970 1391 1172 1436 sanctus
1202 1378 1407 1449 (lare.
1430 1379 1529 1435 13.
1554 1378 1626 1434 25
1645 1377 1687 1449 ).
1712 1379 1791 1433 Ad
1820 1393 1919 1432 nos
1939 1379 2111 1434 attulit
2136 1378 2296 1431 vitam

724 1471 1033 1540 angelorum
1063 1487 1080 1529 ;
1115 1470 1297 1540 Neque
1351 1469 1547 1523 ducunt
1597 1483 1831 1533 uxores,
1881 1482 2055 1536 neque
2095 1468 2300 1521 nubunt

725 1559 929 1631 angeli;
957 1559 1058 1614 hoc
1093 1574 1305 1630 quoque
1342 1560 1429 1614 hic
1457 1559 1712 1629 plantavit
1755 1559 1952 1612 bonum
1986 1575 1998 1611 :
2027 1556 2104 1612 illi
2134 1571 2296 1627 pecu-

727 1652 843 1705 nias
877 1667 980 1708 non
1008 1657 1212 1716 amant,
1241 1665 1412 1720 neque
1439 1651 1575 1713 alia;
1608 1649 1706 1702 hoc
1733 1664 1942 1719 quoque
1981 1648 2132 1703 nobis
2153 1648 2297 1702 inse-

726 1743 831 1797 ruit
856 1758 870 1794 :
901 1741 974 1795 illi
1007 1755 1114 1795 oon
1144 1740 1480 1804 moriuntur;
1526 1739 1626 1792 hoc
1655 1754 1866 1808 quoque
1896 1738 2048 1793 nobis
2078 1737 2297 1806 largitus

723 1841 802 1887 est
829 1830 1006 1886 :llors
1038 1846 1144 1884 uon
1180 1839 1263 1885 est
1281 1830 1510 1898 amplius
1536 1844 1681 1885 mors
1701 1870 1716 1894 ,
1747 1829 1840 1883 sed
1871 1843 2112 1884 soranus.
2156 1829 2297 1884 Audi

723 1923 865 1980 enim
889 1924 1060 1992 ipsum
1098 1921 1362 1977 dicentem
1398 1940 1410 1975 :
1443 1920 1669 1974 Lazarus
1697 1921 1889 1974 (tuticus
1924 1933 2092 1976 uoster
2113 1921 2297 1974 dormit

725 2011 903 2082 (Joau.
936 2013 1024 2067 ll.
1053 2010 1165 2081 ll).
1188 2010 1378 2065 Vidisti
1399 2009 1596 2064 fructus
1618 2025 1862 2078 supernae
1877 2008 2209 2064 Jerusalem?
2229 2008 2298 2064 Et

722 2101 863 2173 quod
884 2110 966 2156 est
994 2100 1377 2161 admirabilius,
1405 2099 1596 2152 bellum
1629 2114 1731 2150 non
1758 2108 1838 2152 est
1866 2098 2136 2153 decretum
2161 2115 2176 2164 ;
2199 2099 2294 2157 sed

723 2193 848 2238 ante
871 2182 1276 2252 promissionem
1299 2181 1454 2234 nobis
1474 2180 1692 2235 donavit
1709 2179 1824 2233 haec
1844 2182 2046 2234 omnia.
2067 2180 2199 2234 Nam
2221 2182 2294 2235 illi

722 2275 972 2346 quidem,
1021 2274 1180 2327 etiaut
1236 2288 1356 2326 cum
1395 2272 1663 2328 venissent
1708 2271 1774 2326 ad
1819 2283 2014 2327 terram
2064 2272 2295 2343 prornis-

721 2362 909 2428 sionis,
933 2361 1278 2424 laborabant;
1308 2361 1415 2415 into
1433 2375 1562 2415 vero
1593 2376 1698 2414 nou
1730 2361 2077 2416 laborabant:
2101 2377 2223 2416 nam
2250 2363 2295 2416 si

724 2455 834 2509 Deo
860 2468 1047 2524 parcre
1074 2453 1384 2517 voluissent,
1400 2452 1598 2521 absque
1622 2453 1786 2506 armis
1815 2461 1869 2507 et
1894 2453 2010 2508 sine
2038 2453 2296 2507 instructo

721 2547 837 2603 acie
873 2561 1068 2618 mones
1111 2546 1380 2618 cepissent
1427 2547 1625 2600 urbes:
1653 2545 1868 2600 Jericho
1897 2558 2075 2611 certe,
2100 2547 2295 2602 choros

719 2614 1027 2693 ducehtium
1050 2614 1217 2707 magis
1243 2652 1402 2707 quam
1420 2636 1726 2692 bellantium
1751 2637 2005 2692 habentes
2030 2637 2290 2702 habitum,

721 2737 1112 2798 expugnarunt.
1141 2726 1250 2783 Nos
1279 2737 1457 2781 autem
1486 2737 1760 2796 postquam
1785 2727 2005 2795 ingressi
2032 2744 2214 2782 sumus
2241 2729 2291 2782 iu

724 2829 922 2876 terram
951 2817 1350 2888 promissionis,
1380 2816 1481 2871 hoc
1507 2817 1663 2872 estin
1691 2817 1900 2881 caelum,
1933 2833 2037 2870 non
2065 2817 2290 2887 bellige-

720 2924 923 2972 ramnr,
954 2907 1046 2962 sed
1074 2905 1326 2977 quamdiu
1351 2905 1609 2960 fuerimus
1630 2907 1682 2959 in
1709 2905 1940 2968 deserto.
1973 2908 2075 2961 hoc
2093 2916 2174 2962 est
2193 2948 2208 2973 ,
2235 2908 2288 2961 in

722 2998 966 3068 pnesenti
989 2997 1114 3050 vita.
1144 2995 1410 3066 Ingressus
1438 2995 1567 3048 enim
1597 2996 1649 3048 in
1691 2997 1909 3061 requiem
1933 3013 2096 3062 suam,
2126 3013 2292 3050 cessa-

719 3090 786 3143 uit
811 3105 843 3142 a
869 3089 970 3143 suis
997 3086 1228 3157 operibus
1247 3087 1374 3138 sicut
1397 3082 1536 3138 Deus
1557 3100 1588 3135 a
1617 3086 1833 3153 propriis
1860 3083 2054 3154 (Ilelrr.
2073 3090 2123 3140 4.
2162 3087 2229 3142 10
2248 3089 2287 3156 ).

723 3179 805 3233 Ne
827 3195 945 3249 ergo
968 3179 1303 3248 defatigemur
1325 3177 1460 3245 quod
1485 3176 1666 3230 bonum
1699 3188 1772 3229 est
1793 3178 2066 3247 [αι-ειπερ(
2092 3177 2206 3231 Gal.
2234 3180 2288 3236 6.

718 3271 789 3340 9)
828 3287 846 3324 :
877 3266 1096 3339 proprio
1119 3267 1261 3321 enim
1295 3276 1532 3336 tempore
1553 3277 1838 3330 metemus,
1868 3268 1912 3320 si
1943 3283 2048 3321 non
2076 3268 2291 3323 delicia-

721 3374 858 3412 nnts.
894 3357 1051 3412 Vides
1078 3354 1346 3428 quomodo
1360 3366 1416 3410 ιιι
1443 3355 1583 3420 illos,
1606 3356 1686 3410 sic
1711 3371 1808 3410 nos
1823 3372 2033 3426 quoque
2047 3358 2290 3414 duxerit?

723 3450 830 3504 Illic
881 3447 948 3504 de
986 3463 1178 3502 manna
1217 3447 1381 3512 dicit,
1435 3457 1489 3502 et
1534 3447 1601 3502 de
1637 3447 1966 3503 solitudine:
2007 3449 2108 3517 Qui
2154 3453 2288 3506 utul~

722 3551 862 3604 tum,
905 3537 1015 3596 non.
1042 3538 1159 3609 plus
1209 3537 1418 3602 lubuit;
1471 3547 1518 3591 et
1568 3538 1656 3607 qui
1707 3555 1884 3607 parum
1907 3581 1922 3604 ,
1976 3557 2076 3595 non
2124 3542 2290 3598 minus

1539 355 1598 412 S.
1638 353 1907 414 lOANNlS
1942 353 2414 433 CHRYSOSTOMI
2453 354 2764 409 ARCillEP.
2807 352 3328 410 CONSTANTINOP.

3916 130 4079 269 ἰη

2406 468 2620 541 (Exod.
2678 469 2762 523 lli.
2819 469 2923 532 ts;
2955 477 3002 521 et
3048 468 3103 520 2.
3145 469 3264 523 Cor.
3296 469 3350 521 8.
3388 467 3506 536 l5).
3531 465 3600 521 Et
3645 467 3798 522 nobis
3838 484 3972 537 quo-

2403 574 2508 627 que
2533 567 2615 613 est
2651 572 2974 627 praeceptum
3001 596 3017 623 ,
3050 571 3117 610 ne
3142 557 3558 611 thesaurizemus
3583 573 3742 627 super
3772 568 3970 612 terram

2403 652 2422 718 (
2450 650 2634 703 naut.
2680 650 2735 703 6.
2774 649 2843 703 ιθ
2859 650 2900 718 ).

2477 739 2930 806 QuiJItrsaut-izot,
2959 739 3113 792 rermi
3151 739 3422 792 immortali
3460 749 3606 809 parat
3653 741 3971 795 alimentum.

2401 833 2576 885 ——Siu
2607 841 2783 884 autem
2816 831 3267 892 thesaurizennts,
3313 846 3415 883 non
3441 831 3551 899 jam
3588 833 3885 900 corrumpit
3921 843 3974 885 et

2404 922 2575 993 perdit
2626 924 2823 977 vermis
2868 923 3079 977 seusilis
3120 922 3257 976 sicut
3299 924 3350 976 in
3380 923 3722 987 tnauna,sed
3774 923 3976 977 vermis

2400 1016 2511 1084 qui.
2545 1025 2600 1068 ut
2632 1014 2765 1083 ignis
2795 1013 2918 1081 ille,
2955 1025 3184 1067 teternus
3230 1023 3332 1068 est.
3375 1013 3560 1069 Omnia
3601 1031 3728 1084 ergo
3771 1015 3975 1067 cilicia-

2401 1120 2542 1170 tnus,
2580 1119 2648 1158 ne
2678 1105 2841 1158 vermi
2881 1118 3128 1172 paremus
3155 1105 3464 1157 alimentum
3498 1122 3510 1155 :
3544 1120 3662 1158 nam
3701 1105 3797 1169 Qui
3842 1106 3977 1156 mul-

2401 1202 2528 1255 tum,
2551 1191 2738 1260 inquit,
2763 1207 2866 1244 non
2890 1192 3006 1261 plus
3027 1192 3220 1245 habuit.
3252 1191 3360 1246 Iloc
3388 1193 3530 1246 enim
3552 1194 3710 1246 etiam
3739 1193 3790 1246 iu
3820 1193 3976 1245 nobis

2403 1282 2461 1337 iit
2485 1281 2725 1354 quotidie
2756 1298 2771 1337 :
2810 1296 2932 1335 nam
2963 1295 3152 1336 omnes
3192 1280 3436 1337 eamdem
3466 1283 3748 1351 implemus
3774 1283 3977 1334 ventris

2401 1387 2704 1427 mensuram
2734 1388 2747 1424 :
2775 1371 2917 1442 quod
2943 1379 3028 1427 cst
3049 1380 3229 1426 autem
3269 1354 3744 1441 supervacaneum,
3773 1380 3857 1425 est
3885 1387 3973 1423 ac-

2399 1461 2578 1518 cessio
2614 1463 2896 1517 stultarum
2948 1462 3385 1517 sollicitudinum.
3431 1462 3560 1518 Nam
3606 1463 3746 1530 quod
3787 1473 3974 1532 postea

2401 1564 2517 1608 erat
2586 1554 2839 1616 daturus,
2890 1553 3154 1618 dicendo,
3219 1555 3414 1625 Suﬂcit
3468 1554 3571 1609 diei
3633 1555 3826 1610 malitia
3879 1573 3977 1608 amr

2400 1646 2418 1714 (
2447 1643 2579 1698 Ibid.
2607 1662 2653 1699 υ.
2678 1644 2783 1715 54)
2804 1687 2820 1710 ,
2852 1645 2953 1699 ltoc
2995 1646 3106 1714 jam
3151 1645 3397 1714 superius
3437 1646 3647 1711 docuit,
3677 1655 3730 1700 et
3771 1662 3868 1699 nec
3897 1647 3976 1699 sic

2399 1743 2766 1804 susceperunt.
2797 1735 2901 1789 Sed
2929 1750 3028 1789 nos
3053 1750 3119 1790 ne
3145 1735 3312 1789 simus
3329 1735 3678 1804 inexplebiles
3698 1777 3712 1800 ,
3741 1751 3847 1788 non
3877 1735 3978 1789 in—

2397 1824 2552 1894 grati.
2593 1839 2660 1878 ne
2697 1825 2842 1879 ardes
2865 1840 3164 1894 qureramus
3198 1825 3504 1895 splendidas
3532 1842 3547 1880 :
3575 1841 3697 1880 nam
3727 1828 3822 1879 iter
3853 1826 3978 1878 raci-

2400 1928 2541 1976 mus,
2578 1928 2686 1966 non
2713 1911 3036 1967 habitamus.
3063 1906 3422 1978 Quamobrem
3451 1915 3499 1968 si
3524 1913 3643 1984 quis
3667 1913 3810 1967 novit
3827 1915 3974 1982 quod

2402 2018 2636 2072 przeseus
2666 2003 2770 2056 vita
2791 2002 2856 2056 sit
2889 2003 3131 2072 quasdam
3159 2005 3240 2056 via
3267 2013 3322 2057 et
3344 2003 3620 2064 militia.e.t
3645 2015 3700 2056 ttt
3728 2007 3793 2057 ita
3822 2002 3977 2057 dixe-

2400 2093 2522 2157 rim,
2555 2091 2697 2158 quod
2733 2092 2802 2145 ab
2846 2093 2926 2145 eis
2965 2091 3264 2162 appellatur
3308 2091 3587 2159 fossatum,
3635 2107 3739 2146 non
3766 2103 3980 2161 ιιιιειιηιι

2398 2182 2674 2252 splendida
2699 2181 2946 2236 :edilit-ia.
2978 2181 3108 2249 Quis
3136 2182 3650 2251 enim,dic,qtt:cso,
3677 2183 3776 2236 etsi
3811 2182 3978 2238 valde

2397 2275 2704 2342 opulentus,
2738 2289 2830 2327 sua
2874 2282 3063 2344 sponte
3099 2275 3243 2328 volet
3263 2275 3316 2328 in
3364 2275 3556 2342 [assuto
3574 2275 3714 2345 quod
3741 2275 3978 2339 dicitur,

2400 2364 2679 2436 pra-claras
2704 2364 2894 2418 domos
2917 2364 3225 2420 aediﬁcare?
3250 2364 3419 2419 Nemo
3450 2381 3464 2416 ε
3489 2375 3628 2419 esset
3668 2367 3808 2421 enim
3846 2367 3983 2421 ridi-

2397 2457 2567 2520 culus,
2610 2465 2665 2511 et
2703 2456 2990 2510 a‘diiicaret
3038 2456 3288 2521 inimicis,
3318 2465 3372 2510 et
3398 2456 3542 2526 ipsos
3568 2459 3883 2511 attraheret.
3917 2457 3975 2514 Si

2397 2549 2685 2616 sapiamus,
2714 2546 2944 2615 idipsum
2977 2546 3253 2600 faciemus.
3281 2547 3324 2601 Α
3353 2545 3541 2600 militia
3569 2556 3626 2600 et
3663 2546 3862 2600 fossam
3894 2549 3981 2601 ni-

2399 2635 2471 2690 hil
2501 2635 2678 2690 dillert
2708 2637 2812 2688 vita
2857 2649 3115 2706 praesens.
3147 2635 3345 2702 Quare,
3373 2650 3525 2706 rogo,
3551 2638 3732 2691 omnia
3753 2653 3982 2706 agamus

2396 2736 2453 2780 ut
2481 2726 2614 2781 nihil
2641 2725 2726 2781 hic
2753 2725 3173 2780 thesaurisemus
3202 2742 3215 2778 :
3249 2740 3372 2779 nam
3409 2727 3453 2780 si
3478 2729 3681 2782 venerit
3706 2730 3794 2798 qui
3825 2729 3982 2782 [ιιι-ει-

2397 2827 2516 2882 tur,
2559 2816 2668 2871 cito
2714 2817 3112 2886 emigrabimus.
3177 2815 3425 2888 Vigilate,
3476 2818 3683 2888 inquit,
3733 2821 3985 2889 quoniam

2396 2908 2596 2961 nescitis
2637 2922 2737 2976 qua
2787 2907 2915 2959 liora
2965 2909 3050 2976 {ur
3087 2908 3249 2959 ueniat
3297 2905 3437 2978 (Id.
3477 2906 3570 2961 24.
3611 2907 3682 2962 ιδ
3724 2910 3778 2971 ),
3832 2925 3984 2961 rnor-

2394 3006 2501 3052 teut
2550 2997 2630 3050 sic
2674 3010 2891 3050 vocans.
2953 2995 3269 3064 Priusquam
3314 3012 3442 3065 ergo
3485 2998 3732 3060 venerit,
3781 3000 3977 3052 ριιιιιίει

2394 3085 2739 3140 amandetnus
2786 3084 2838 3138 in
2888 3085 3112 3154 patriam
3159 3093 3421 3140 nostram.
3452 3085 3549 3140 llic
3584 3097 3759 3140 autern
3803 3087 3986 3140 siums

2394 3176 2654 3239 accincti,
2697 3186 2754 3228 ut
2800 3176 3066 3242 possimus
3115 3191 3370 3243 superare
3422 3177 3667 3229 inimicos
3716 3194 3728 3228 :
3778 3178 3983 3244 quibus

2394 3267 2652 3329 devictis,
2705 3266 2908 3319 utinam
2977 3265 3032 3318 iu
3079 3264 3167 3318 die
3214 3279 3534 3320 coronarum
3589 3266 3985 3336 incorruptibiii

2395 3358 2564 3428 gloria
2597 3356 2910 3426 dignemur,
2959 3370 3054 3425 per
3081 3357 3304 3426 gratiam
3351 3365 3407 3411 et
3449 3357 3822 3426 benignitatem
3884 3359 3989 3412 Do-

2397 3448 2524 3503 mini
2558 3448 2725 3502 nostri
2745 3446 2872 3502 ιω
2916 3446 3151 3512 Christi,
3197 3447 3284 3501 cui
3323 3462 3446 3501 cum
3488 3442 3648 3502 Patre
3683 3457 3740 3502 et
3777 3449 3988 3518 Spiritu

2395 3552 2604 3604 saneto,
2647 3549 2752 3593 etc.

2056 3746 2400 3809 HOMILIA
2448 3747 2684 3810 XXIV.

721 3890 852 3944 Cn.
885 3891 940 3942 ϐ.
963 3902 1018 3941 v.
1047 3886 1136 3942 ιι.
1172 3885 1318 3941 State
1353 3901 1471 3955 ergo
1511 3885 1748 3939 succincti
1790 3885 1985 3960 lumbos
2022 3899 2210 3941 vestras
2240 3887 2296 3941 in

797 3981 1025 4045 veritate,
1052 3985 1101 4032 et
1120 3976 1286 4031 induti
1305 3977 1463 4031 lorica
1478 3975 1713 4046 justitits,
1739 3976 1828 4031 i5.
1852 3986 1897 4030 et
1918 3977 2127 4030 calceoli
2150 3977 2302 4046 pedes

800 4073 852 4124 in
900 4068 1320 4138 praparationent
1369 4066 1610 4136 euangelii
1657 4068 1816 4134 pacis,
1846 4066 1934 4121 16.
1979 4067 2033 4120 in
2073 4066 2302 4122 euntibus

799 4169 1050 4216 sumentes
1079 4165 1274 4211 scutum
1300 4156 1441 4224 ﬁdei,
1459 4155 1512 4208 in
1536 4170 1636 4226 quo
1665 4155 1865 4224 possitis
1893 4157 2063 4209 omnia
2084 4156 2183 4209 tela
2211 4171 2300 4209 ne-

799 4252 1024 4315 quissimi
1052 4251 1199 4320 ignea
1227 4249 1558 4318 exstinguere,
1591 4247 1679 4303 l7.
1712 4257 1759 4301 et
1783 4248 1979 4317 galeam
2015 4248 2194 4302 salutis
2217 4263 2300 4300 as-

801 4342 1002 4404 sumite,
1036 4349 1084 4393 et
1109 4339 1340 4410 gladium
1363 4337 1597 4408 spiritus,
1627 4339 1763 4406 quod
1790 4348 1862 4391 est
1882 4339 2085 4392 uerbum
2110 4335 2229 4392 Dei.

806 4433 859 4486 l.
892 4429 1169 4496 Succincti,
1198 4428 1388 4500 inquit,
1410 4428 1605 4483 lumbos
1623 4437 1809 4482 vestros
1829 4429 1881 4482 in
1903 4431 2126 4486 ueritate.
2142 4429 2306 4498 Quid-

734 4537 858 4577 nam
895 4519 1032 4575 hoct
1070 4518 1276 4574 Dictum
1303 4528 1385 4573 est
1415 4519 1467 4573 in
1506 4533 1568 4572 ea
1606 4533 1726 4588 qua:
1754 4519 2029 4588 prmeessit
2069 4517 2305 4588 disputa-

735 4614 902 4678 tione,
933 4609 1073 4681 quod
1098 4617 1342 4680 oporteat
1356 4624 1477 4665 esse
1503 4611 1826 4680 compositos
1851 4620 1906 4665 et
1927 4609 2227 4680 expeditos,
2249 4619 2308 4665 ut

737 4702 804 4757 ad
830 4700 1148 4756 currendum
1175 4700 1304 4754 nihil
1322 4700 1391 4754 sit
1408 4699 1794 4770 impedimenti.
1819 4699 1886 4754 Et
1902 4701 2087 4767 induti,
2114 4701 2304 4772 inquit,

738 4793 894 4847 lorica
909 4791 1142 4857 justitic.
1162 4789 1311 4845 Sicut
1331 4788 1496 4844 lorica
1516 4799 1596 4844 est
1613 4791 2028 4856 invulnerabilis,
2054 4792 2132 4846 ita
2145 4793 2304 4848 etiam

734 4882 958 4952 jttslitia.
985 4879 1252 4936 Justitiam
1278 4890 1456 4936 autem
1486 4879 1574 4935 hic
1598 4880 1730 4936 dicit
1756 4879 1921 4938 vitam
1945 4882 2307 4940 omnimodatn

739 4981 791 5026 et
815 4986 934 5041 quae
960 4973 1132 5040 agitur
1156 4985 1220 5025 es
1246 4971 1460 5025 virtute.
1487 4969 1624 5025 Eum
1645 4971 1736 5041 qui
1762 4981 1844 5026 est
1869 4971 1989 5026 talis
2017 4987 2174 5027 nemo
2195 4989 2310 5028 um-

738 5079 897 5134 quam
952 5063 1145 5132 poterit
1190 5071 1566 5133 prosternere;
1622 5060 1714 5116 sed
1766 5061 2049 5119 uulnerant
2096 5064 2308 5134 quidem

741 5155 912 5220 ntulti,
944 5168 1100 5206 nemo
1121 5162 1296 5205 autem
1319 5151 1569 5216 dissecat,
1601 5167 1704 5206 non
1726 5152 1838 5221 ipse.
1864 5151 2124 5207 diabolus.
2147 5154 2308 5219 Quasi

739 5244 908 5308 dicas,
939 5241 1048 5298 Res
1066 5242 1238 5312 justas
1264 5251 1479 5310 pectore
1498 5242 1785 5310 complexi.
1808 5240 1882 5297 De
1905 5242 1987 5298 bis
2007 5243 2135 5298 dicit
2157 5244 2310 5298 Citri-

744 5342 878 5397 stus,
912 5331 1054 5385 Beati
1095 5332 1184 5400 qui
1223 5331 1448 5384 esuriant
1475 5340 1522 5385 et
1560 5331 1733 5386 sitiunt
1761 5332 2047 5402 justitiam,
2073 5335 2312 5402 quoniam

746 5425 846 5493 ipsi
898 5423 1257 5477 soturabuntttr
1284 5420 1510 5491 (Matth.
1549 5423 1604 5478 5.
1635 5424 1724 5492 6).
1761 5424 1861 5490 Qui
1907 5425 2058 5480 illam,
2098 5437 2311 5495 pectore

745 5513 1139 5583 complectitur,
1189 5524 1269 5568 est
1316 5513 1466 5568 tortis
1513 5521 1782 5583 tamquam
1831 5514 1993 5568 lorica
2036 5532 2050 5568 :
2098 5516 2188 5582 qui
2231 5524 2313 5570 est

739 5602 1022 5674 ejusmodi,
1056 5619 1341 5672 numquam
1375 5604 1652 5658 irascetur.
1681 5603 1901 5658 Calceati
1924 5607 2072 5674 pedes
2101 5606 2155 5659 in
2181 5622 2312 5673 pra-

741 5695 1049 5764 pamtiormn
1069 5693 1315 5764 erangelii
1334 5692 1488 5761 pacis.
1516 5693 1624 5748 lioc
1649 5695 1843 5749 dictum
1871 5706 1951 5749 est
1981 5696 2155 5750 minus
2180 5694 2314 5751 dilu-

2398 3887 2538 3942 cide.
2569 3885 2710 3954 Quid
2738 3902 2868 3958 ergo
2893 3889 3020 3944 est?
3047 3889 3278 3946 Pulchra
3309 3891 3462 3947 nobis
3503 3892 3754 3962 imposuit
3783 3893 3987 3950 tibialia

2403 3991 2501 4031 seu
2529 3991 2716 4032 ocreas
2735 4019 2751 4042 ,
2782 3979 3042 4048 evangelii
3087 3981 3550 4048 praparationetu.
3591 3984 3695 4037 Aut
3726 3987 3829 4039 hoc
3855 4001 3992 4057 ergo

2403 4066 2555 4131 dicit,
2579 4078 2636 4122 ut
2665 4068 2774 4122 sint
2803 4069 2970 4136 parati
2997 4068 3064 4124 ad
3090 4071 3446 4140 evangelium,
3474 4082 3529 4126 et
3553 4073 3621 4127 ad
3643 4074 3744 4128 hoc
3770 4087 3992 4132 utantur

2407 4155 2663 4226 pedibus,
2694 4165 2750 4211 et
2779 4159 2828 4213 ei
2864 4159 3004 4212 viam
3033 4171 3336 4230 praeparent
3378 4171 3433 4216 et
3473 4165 3743 4228 muniant;
3776 4176 3904 4230 aut,
3945 4171 3988 4222 si

2407 4245 2509 4301 hoc
2535 4262 2638 4300 non
2669 4248 2760 4312 sit,
2784 4260 2843 4303 ut
2865 4249 2963 4318 ipsi
2995 4251 3102 4304 sint
3122 4257 3288 4320 parati
3313 4252 3378 4306 ad
3405 4254 3626 4308 exitum.
3659 4254 3991 4324 Prteparatio

2406 4351 2536 4407 ergo
2557 4339 2814 4408 evangelii
2845 4338 2976 4395 nihil
3000 4339 3144 4394 aliud
3171 4351 3288 4405 est,
3318 4342 3418 4396 nisi
3447 4344 3553 4396 vita
3581 4345 3802 4411 optima.
3830 4346 3989 4414 Quod

2407 4428 2620 4498 quidem
2647 4427 2854 4483 dicebat
2894 4428 3149 4498 propheta
3171 4470 3186 4491 ,
3240 4429 3673 4500 Prteparatiouent
3714 4436 3886 4490 cordis
3915 4439 3993 4490 sui

2407 4520 2620 4572 attendit
2647 4521 2786 4572 auris
2814 4529 2903 4573 tua
2927 4517 3097 4591 (Paul.
3128 4521 3225 4577 l0.
3245 4525 3331 4578 i7.
3356 4539 3456 4577 sec.
3495 4523 3697 4596 Helm).
3729 4526 3844 4582 lloc
3871 4540 3992 4593 eat,

2411 4621 2470 4664 ut
2493 4626 2588 4666 eor
2612 4612 2682 4665 sit
2719 4620 3040 4682 paratum'et
3080 4614 3420 4669 instructum.
3451 4602 3742 4686 Evangelii,
3777 4618 3954 4688 inquit
3975 4661 3990 4679 .

2414 4703 2572 4769 pacis.
2605 4699 2793 4755 Ilerito
2824 4702 2884 4755 id
2916 4701 3051 4757 dixit
3078 4719 3094 4759 :
3126 4718 3248 4756 nam
3283 4703 3533 4771 quoniam
3563 4705 3685 4760 belli
3713 4716 3766 4759 et
3795 4722 3994 4777 pugna:

2415 4791 2682 4854 meminit,
2709 4791 2941 4846 ostendit
2969 4806 3089 4847 esse
3126 4792 3472 4863 pugnandum
3496 4793 3756 4849 adversus
3780 4797 3995 4850 dtemo-

2416 4895 2510 4936 ncs
2539 4899 2552 4935 :
2582 4883 2914 4953 evangelium
2943 4883 3086 4937 enim
3128 4894 3214 4937 est
3239 4884 3402 4952 pacis.
3435 4883 3566 4938 Illud
3606 4885 3800 4940 bellum
3848 4888 3994 4942 aliud

2416 4972 2612 5028 bellum
2657 4973 2938 5038 dissolvit,
2987 4988 3177 5042 nempe
3224 4974 3482 5029 adversus
3523 4975 3733 5029 Deum:
3775 4977 3821 5030 si
3871 4993 3996 5033 eum

2415 5061 2625 5116 diabolo
2654 5061 2851 5116 bellum
2879 5064 3140 5132 gerimus,
3179 5077 3361 5131 pacem
3397 5078 3520 5118 cum
3555 5064 3663 5118 Deo
3705 5063 3994 5121 habemus.

2416 5154 2492 5209 Ne
2518 5154 2706 5209 timeas
2745 5169 2900 5224 ergo,
2942 5170 2976 5208 o
3017 5155 3248 5219 dilecte,
3281 5163 3365 5209 est
3403 5156 3773 5225 evangelium,
3817 5157 3997 5212 bonus

2418 5259 2609 5314 nempe
2646 5245 2864 5298 nuntius
2894 5261 2909 5298 :
2935 5244 3046 5313 jam
3075 5254 3224 5315 parta
3269 5254 3353 5298 est
3390 5246 3629 5299 victoria.
3663 5243 3730 5300 lu
3758 5249 3999 5304 omnibus

2417 5344 2662 5387 sumentes
2685 5343 2879 5386 scutum
2904 5334 3042 5401 ﬁdei.
3068 5333 3251 5387 Fidem
3283 5334 3368 5388 hic
3393 5333 3556 5399 dicit,
3586 5350 3692 5389 non
3721 5339 3994 5406 cognitio-

2418 5439 2573 5488 nem;
2605 5439 2716 5478 non
2733 5425 2872 5478 enim
2899 5439 3017 5478 eam
3043 5425 3308 5492 posuisset
3335 5426 3719 5493 posteriorem;
3751 5426 3852 5480 sed
3876 5443 3996 5499 gra-

2420 5515 2546 5568 tiam
2579 5527 2675 5583 per
2699 5528 2856 5583 quam
2886 5514 3036 5582 signa
3068 5513 3221 5569 ﬁunt.
3254 5513 3449 5569 Merito
3471 5524 3648 5569 autem
3690 5515 3853 5570 tidem
3898 5535 3994 5571 no-

2419 5604 2584 5658 tninat
2607 5612 2818 5658 scutum
2845 5621 2860 5658 :
2887 5603 3027 5658 sicut
3051 5605 3196 5660 eoint
3222 5615 3429 5660 scutum
3454 5616 3578 5662 ante
3604 5616 3769 5660 totum
3794 5622 3993 5679 corpus

2420 5695 2631 5762 piutitur
2657 5692 2820 5749 veluti
2847 5695 3336 5767 propugnaculum,
3363 5698 3514 5768 quasi
3543 5697 3612 5754 sit
3651 5712 3844 5753 murus
3879 5717 3892 5753 :
3927 5702 3996 5755 ita
4057 5763 4059 5772 Ι
