4096 6310
259 425 358 478 1611

252 543 414 593 etiam
443 539 613 604 tldes;
658 539 836 593 omnia
866 539 1006 592 enim
1034 539 1084 591 ei
1109 540 1322 592 cedunt.
1355 535 1422 590 In
1447 553 1546 604 quo
1573 535 1833 605 poteritis,

256 631 428 700 inquit
446 672 461 692 ,
499 631 675 685 omnia
703 631 802 684 tela
828 631 1116 699 nequissimi
1141 631 1286 701 ignea
1323 629 1662 698 exstinguere.
1697 626 1836 680 Nihil

252 724 399 773 enim
424 729 601 789 potest
626 720 730 774 hoc
767 729 973 775 scutum
1003 719 1325 774 discindere.
1354 719 1489 772 Audi
1516 718 1660 772 enim
1687 717 1839 770 Chri-

252 823 396 868 stum
426 813 698 868 dicentem
717 813 995 882 discipulis
1020 831 1032 864 :
1066 812 1127 867 Si
1148 811 1374 865 habeatis
1401 810 1564 878 ﬁdesn-
1582 819 1837 876 tantquam

252 921 471 972 granum
497 904 731 971 sinapis,
761 904 934 956 dicetis
959 903 1078 955 huic
1101 901 1261 954 monti
1283 916 1301 953 :
1331 899 1516 954 Transi
1545 899 1662 952 hinc
1690 897 1834 963 illuc,

253 1006 303 1050 et
328 996 563 1048 transibit
589 995 806 1060 (Matth.
839 997 924 1048 17.
955 995 1066 1063 19).
1093 993 1376 1062 ρυοίηοάο
1408 1004 1586 1044 autem
1618 989 1836 1043 habebi-

250 1103 375 1141 mus
401 1088 604 1142 tidem?
629 1087 854 1155 Quando
885 1087 972 1140 illa
1015 1097 1162 1141 recte
1198 1085 1545 1155 gesserimus.
1585 1083 1712 1138 Tela
1740 1098 1835 1135 au-
1943 1080 1956 1133 i

252 1187 362 1231 tem
389 1179 506 1244 ejus
534 1178 664 1231 dicit
708 1176 1066 1241 tentationes,
1108 1174 1472 1244 absurdasque
1507 1181 1561 1227 et
1603 1171 1838 1226 nefarias

249 1270 590 1336 cupiditates.
616 1269 782 1323 Recte
801 1269 1018 1334 adjecit,
1046 1267 1206 1338 Ignea
1229 1283 1247 1320 :
1279 1267 1412 1320 tales
1429 1265 1577 1318 'enim
1598 1273 1721 1317 sunt
1738 1279 1834 1317 ouo

248 1361 518 1429 piditates.
548 1361 700 1428 Quod
727 1361 771 1415 si
801 1361 934 1414 ﬁdes
961 1360 1242 1428 imperavit
1267 1357 1629 1432 dazmonibus,
1663 1356 1832 1410 multo

243 1453 416 1520 mgis
435 1452 598 1505 animi
623 1453 785 1505 vitiis.
812 1451 876 1504 Et
901 1452 1119 1521 galeam,
1149 1451 1341 1518 inquit,
1368 1451 1548 1504 salutis
1570 1449 1828 1511 assumite,

241 1553 473 1609 vestrae,
516 1546 767 1613 inquam,
806 1545 1016 1625 satiatis.
1061 1545 1168 1598 Eos
1195 1544 1336 1599 enim
1366 1542 1735 1596 circumvallat
1776 1550 1839 1620 et

241 1634 416 1686 munit
440 1637 594 1702 quasi
623 1635 881 1688 ducturus
905 1634 971 1688 ad
1005 1650 1257 1702 pugnam.
1300 1632 1366 1686 Et
1391 1632 1620 1703 gladium
1675 1631 1830 1701 spiri-

238 1733 343 1785 tus,
373 1728 506 1791 quod
536 1736 611 1777 est
637 1725 840 1776 verbum
870 1724 984 1777 Dei.
1013 1724 1146 1779 Sive'
1178 1723 1426 1792 spiritum
1456 1722 1603 1780 dicit.
1631 1723 1745 1774 sive
1775 1720 1826 1773 in

237 1813 420 1880 gladio
445 1813 731 1881 spirituali.
763 1815 865 1868 Per
895 1830 1016 1868 eum
1045 1814 1187 1867 enim
1218 1823 1467 1868 secantur
1491 1812 1669 1866 omnia
1689 1852 1708 1878 ,
1733 1828 1829 1881 per

237 1919 364 1956 eum
395 1905 574 1957 omnia
603 1905 937 1972 scinduntur,
963 1917 1018 1961 et
1041 1923 1134 1974 per
1160 1922 1282 1960 eum
1310 1917 1646 1974 amputamus
1669 1915 1829 1974 caput

235 1996 512 2049 draconis.
549 1997 634 2050 l8.
669 1995 772 2051 Per
798 2015 996 2052 omnem
1023 2000 1301 2053 orationem
1326 2009 1372 2052 et
1397 2000 1783 2054 obsecrationem
1809 2040 1824 2061 ,

236 2086 438 2153 inquit,
466 2096 668 2138 orantes
711 2089 847 2140 omni
875 2097 1096 2155 tempore
1123 2089 1176 2141 in
1202 2089 1384 2158 spiritu
1404 2130 1420 2153 ,
1449 2099 1496 2142 et
1523 2090 1579 2142 in
1606 2094 1718 2157 ipso
1747 2089 1826 2141 ri-

230 2175 451 2242 gilautes
468 2214 484 2236 ,
515 2175 568 2227 in
593 2176 732 2228 omni
755 2177 999 2230 instantia
1028 2187 1076 2230 et
1102 2178 1448 2233 obsecratione
1471 2195 1564 2247 pro
1590 2180 1824 2233 omnibus

226 2265 452 2326 sanctis,
488 2265 575 2319 19.
601 2276 652 2318 et
679 2283 772 2334 pro
795 2283 893 2331 me,
919 2276 973 2320 ut
993 2268 1143 2321 detur
1165 2261 1289 2322 mihi
1308 2287 1472 2324 sermo
1491 2271 1545 2324 in
1566 2271 1826 2338 apertione

227 2357 339 2408 oris
377 2372 494 2408 cum
535 2356 725 2424 ﬁducia
744 2397 760 2422 ,
806 2369 980 2410 notum
1021 2363 1189 2428 facere
1217 2361 1507 2430 mysterium
1541 2352 1784 2432 evangelii
1803 2403 1820 2427 ,

225 2449 322 2501 20.
355 2465 448 2515 pro
486 2464 586 2514 quo
627 2449 878 2517 legatione
917 2450 1104 2518 [ungor
1129 2453 1181 2502 in
1211 2460 1417 2515 catena,
1449 2453 1521 2504 ita
1550 2461 1604 2505 ut
1632 2454 1685 2506 in
1710 2454 1822 2520 ipso

223 2540 448 2591 audeam
479 2549 630 2607 prout
654 2550 852 2607 oportet
881 2557 960 2593 me
986 2541 1144 2609 loqui.
1177 2543 1324 2597 Sicut
1353 2543 1442 2596 Dei
1475 2545 1694 2598 verbum
1726 2561 1821 2613 po-

227 2639 338 2682 test
362 2630 573 2692 omnia,
611 2630 681 2682 ita
707 2631 868 2684 etiam
905 2631 995 2701 qui
1027 2635 1249 2700 gratiam
1279 2633 1438 2687 habet
1463 2634 1816 2702 Spiritnalem.

237 2717 394 2772 Virus
419 2729 502 2772 est
523 2720 693 2784 enim,
727 2720 931 2789 inquit,
961 2738 1124 2774 sermo
1165 2722 1261 2775 Dei
1285 2733 1332 2776 et
1361 2726 1561 2793 eﬂicax,
1592 2736 1640 2778 et
1669 2743 1821 2794 pene-

225 2811 465 2870 trabilior
483 2812 619 2863 omni
638 2811 812 2880 gladio
829 2813 1041 2880 ancipiti
1067 2812 1250 2881 (Hebr.
1273 2816 1327 2874 4.
1357 2815 1441 2884 12)
1455 2858 1467 2868 .
1488 2816 1622 2872 Vide
1639 2828 1816 2873 autent

224 2903 368 2955 beati
397 2903 562 2970 hujus
589 2903 948 2971 prudentiam.
975 2907 1216 2960 Armavit
1242 2923 1338 2960 eos
1367 2908 1777 2978 diligentissime
1800 2927 1816 2963 :

220 2994 499 3061 quomodo
520 3003 706 3064 postea
734 3003 982 3062 oporteat
1011 2996 1210 3065 Regem
1243 2998 1514 3061 invocare.
1547 3011 1600 3053 et
1628 3017 1817 3070 rogare

223 3093 286 3137 ut
311 3100 530 3139 manum
577 3085 846 3154 porrigat,
879 3085 1040 3140 docet
1067 3103 1082 3138 :
1129 3085 1234 3140 Per
1273 3104 1471 3140 omnem
1499 3091 1813 3156 orationem,

221 3175 432 3243 inquit,
461 3184 510 3228 et
542 3176 935 3228 obsecrationem
962 3185 1163 3229 orantes
1192 3177 1594 3247 omnitempore,
1626 3182 1677 3234 in
1703 3182 1813 3250 spi—

220 3264 348 3316 ritu.
381 3264 569 3318 Potest
593 3265 734 3318 enim
780 3265 901 3333 quis
936 3266 987 3319 in
1024 3266 1214 3334 spiritu
1247 3283 1353 3323 non
1385 3284 1570 3335 orare,
1599 3272 1814 3340 quando

219 3352 360 3406 futili
393 3355 562 3407 utitur
579 3355 842 3409 oratione.
865 3354 930 3408 Et
955 3357 1007 3407 in
1027 3357 1159 3423 ipso,
1185 3357 1376 3426 inquit,
1404 3360 1685 3428 vigilantes,
1710 3361 1815 3416 hoc

218 3454 336 3506 est,
383 3445 565 3499 sobrie
606 3455 847 3515 agentes.
890 3447 1071 3501 Talem
1116 3449 1259 3502 enim
1286 3460 1503 3518 oportet
1541 3466 1662 3506 esse
1686 3468 1808 3506 eum

217 3536 312 3603 qui
338 3546 422 3589 est
449 3547 723 3601 armatus,
760 3538 850 3607 qui
879 3547 986 3591 stat
1017 3539 1156 3607 apud
1188 3541 1384 3610 Regem
1405 3585 1421 3606 ,
1455 3558 1649 3610 nempe
1678 3546 1809 3613 vigi-

222 3628 422 3680 lantem
449 3637 500 3682 et
529 3628 793 3682 sobrium.
836 3628 904 3682 In
935 3632 1074 3682 omni
1101 3631 1340 3684 instantia
1379 3643 1426 3684 et
1468 3634 1810 3689 obsecratione

220 3734 316 3784 pro
343 3718 576 3771 omnibus
601 3720 790 3772 sanctis
813 3729 861 3772 et
892 3737 985 3788 pro
1009 3737 1088 3774 me
1105 3761 1120 3786 ,
1152 3730 1206 3774 ut
1239 3723 1390 3775 detur
1409 3725 1532 3776 mihi
1559 3741 1724 3778 sermo
1752 3727 1806 3778 in

216 3809 484 3875 apertione
512 3813 617 3861 oris
646 3810 762 3863 mei.
795 3811 930 3878 Quid
974 3811 1141 3878 dicis,
1180 3828 1214 3867 0
1240 3813 1394 3866 beate
1437 3814 1641 3869 Paule?
1669 3834 1804 3885 opus

218 3902 386 3955 habes
404 3902 724 3972 discipulis?
744 3903 911 3965 Recte
939 3913 1119 3959 autem
1142 3906 1295 3968 dixit,
1327 3906 1390 3959 In
1416 3910 1678 3978 apertione
1699 3913 1802 3964 oris

218 3995 335 4045 mei.
364 3993 480 4046 Non
508 4009 640 4063 ergo
683 3995 1040 4049 meditabatur
1079 4012 1200 4064 ane
1244 3997 1477 4064 dicebat,
1525 3999 1619 4054 sed
1664 4002 1804 4055 sicut

214 4083 351 4135 dixit
375 4082 642 4150 Christus,
676 4086 894 4149 Quando
916 4102 1002 4139 vos
1031 4087 1350 4154 tradiderint,
1383 4106 1446 4143 ne
1463 4090 1675 4144 solliciti
1693 4093 1801 4146 sitis

215 4174 466 4241 quomodo
489 4187 576 4227 aut
604 4176 728 4247 quid
756 4178 1029 4244 loquamini
1055 4195 1073 4231 :
1098 4179 1301 4232 dabitur
1321 4183 1453 4235 enim
1474 4185 1612 4238 vobis
1631 4185 1684 4238 in
1706 4187 1800 4239 illa

217 4267 343 4317 liora
367 4266 489 4331 quid
517 4265 796 4333 loquamini
833 4266 1059 4336 (Matth.
1093 4270 1181 4323 10.
1214 4270 1312 4339 19)
1340 4288 1353 4323 :
1384 4272 1450 4324 ita
1485 4273 1589 4327 fide
1610 4273 1800 4342 agebat

214 4357 425 4421 omnia,
454 4359 635 4412 omnia
665 4375 760 4426 per
785 4360 1026 4428 gratiam.
1061 4361 1190 4415 Cum
1215 4362 1405 4430 fiducia
1423 4405 1439 4428 ,
1469 4365 1671 4435 inquit,
1699 4384 1795 4420 no-

213 4457 323 4500 tum
348 4451 515 4516 facere
541 4448 832 4518 mysterium
861 4452 1124 4520 euarrgclii.
1164 4453 1276 4507 Hoc
1304 4465 1420 4518 est,
1454 4464 1511 4509 ut
1555 4459 1796 4524 apposite

213 4553 305 4591 me
331 4538 633 4594 defendam.
661 4539 1034 4597 Circumdatus
1065 4559 1124 4598 es
1149 4546 1355 4599 catenis
1375 4585 1391 4610 ,
1422 4555 1478 4600 et
1507 4548 1626 4601 aliis
1653 4550 1793 4602 indi-

208 4629 348 4696 ges?
369 4630 559 4694 Etiam,
595 4631 764 4700 inquit
788 4649 801 4683 :
831 4649 951 4686 nam
979 4634 1166 4689 Petrus
1192 4652 1402 4706 quoque
1425 4648 1542 4693 erat
1564 4641 1794 4695 circum-

209 4721 370 4772 datus
396 4730 616 4784 catena;
662 4723 757 4776 sed
803 4733 978 4779 tamen
1024 4729 1197 4780 oratio
1241 4730 1356 4783 sine
1401 4731 1794 4788 intermissione

211 4810 374 4864 ﬁebat
400 4812 535 4878 (Art.
565 4812 649 4865 12.
678 4814 761 4884 5).
785 4812 891 4867 Pro
910 4832 1010 4883 quo
1035 4817 1286 4886 legatione
1310 4824 1498 4889 [ungor
1521 4821 1575 4874 in
1591 4833 1789 4888 eatena,

203 4897 287 4953 ita
314 4910 364 4952 ut
385 4901 437 4952 in
463 4903 575 4966 ipso
605 4903 822 4956 audeam
846 4916 994 4972 prout
1019 4917 1216 4973 oportet
1243 4926 1321 4961 me
1350 4911 1502 4976 loqui.
1532 4908 1753 4968 ll'ocest
1772 4956 1788 4979 ,

211 4973 271 5044 ut
301 5006 417 5045 cum
445 4993 633 5047 tiducia
663 5005 715 5048 et
740 4995 952 5050 dicendi
975 4998 1236 5064 libertate,
1257 5017 1378 5055 cum
1405 5005 1568 5056 animi
1597 5007 1792 5060 virtute

203 5091 266 5136 et
290 5097 408 5136 cum
431 5087 595 5138 multa
625 5086 906 5154 prudentia
933 5091 1305 5160 respondeam.
1336 5093 1426 5147 21.
1463 5094 1530 5147 Ut
1554 5106 1721 5150 autem
1743 5107 1790 5150 et

206 5188 298 5225 vos
326 5170 487 5237 sciatis
511 5190 629 5240 quae
653 5176 788 5228 circa
818 5194 899 5230 me
922 5189 1058 5241 sunt,
1089 5181 1215 5246 quid
1241 5198 1426 5250 agant,
1458 5186 1628 5238 omnia
1653 5186 1791 5240 vobis

207 5271 336 5314 nota
356 5263 496 5328 faciet
521 5263 796 5333 Tychicus,
818 5269 1107 5323 carissimus
1127 5271 1289 5339 frater
1307 5282 1354 5324 et
1376 5274 1542 5340 ﬁdelis
1565 5277 1793 5330 minister

203 5352 259 5403 in
293 5348 521 5404 Domino.

275 5441 337 5492 2.
380 5441 638 5507 Quoniam
679 5453 855 5499 autem
894 5451 1133 5523 meminit
1172 5451 1539 5518 vinculorum,
1587 5455 1791 5510 dimisit

203 5530 374 5584 etiam
399 5532 594 5601 aliquid
635 5533 871 5604 Tychico
913 5539 1054 5606 quod
1098 5540 1166 5594 de
1192 5556 1252 5595 se
1289 5543 1452 5597 dicat.
1497 5544 1637 5599 Nam-
1669 5563 1788 5616 quae

209 5621 543 5688 pertinebant
565 5625 780 5694 quidem
807 5629 872 5683 ad
901 5631 1146 5700 dogmata
1168 5644 1223 5688 et
1242 5635 1308 5689 ad
1332 5637 1786 5708 exhortationem,

203 5728 268 5765 ea
302 5712 599 5770 declarabat
641 5733 741 5786 per
777 5720 1054 5788 epistolam
1085 5739 1099 5776 :
1131 5739 1251 5794 qua:
1284 5737 1466 5781 autem
1507 5730 1574 5783 ad
1615 5734 1784 5788 solam
1843 5739 1850 5746 '

204 5801 696 5876 denuntiationem,
737 5823 798 5864 ea
834 5810 1168 5881 relinquebat
1197 5814 1508 5883 tabellario;
1559 5820 1781 5893 ideoque

1113 423 1178 478 1N
1219 422 1435 480 EPIST.
1478 424 1569 477 AD
1610 422 1849 477 I'IPIIES.
1889 421 2035 476 (Ἀπ’.
2089 423 2173 478 Π.
2216 427 2443 484 1103111..
2491 431 2676 488 XXIV.

3427 445 3536 502 I70

1949 534 2240 607 subjungit,
2278 539 2346 594 Ut
2369 543 2563 608 sciatis,
2597 545 2789 616 inquit,
2817 567 2931 618 qua:
2957 555 3095 606 circa
3131 573 3223 610 nos
3250 573 3403 628 sunt,
3431 569 3534 617 hoc

1945 633 2058 689 est,
2092 640 2148 680 ut
2177 629 2417 687 dissatis.
2447 634 2560 690 Hoc
2593 646 2649 691 et
2675 633 2793 708 ejus
2832 641 2885 695 in
2917 643 3064 710 ipsos
3101 653 3414 705 ostrmlcbat
3446 655 3535 709 tli-

1946 716 2249 784 lectionem,
2275 730 2331 776 et
2355 724 2568 780 illorum
2593 728 2644 782 in
2677 731 2872 800 ipsum.
2901 734 2994 790 ΞΕ.
3028 738 3188 804 Quem
3217 745 3332 798 misi
3354 748 3422 800 (τά
3449 766 3534 803 cos

1945 807 1996 860 in
2026 811 2122 863 hoc
2143 813 2329 880 ipsum,
2363 827 2418 868 ut
2440 826 2755 889 cognoscatis
2774 843 2889 894 qua
2906 832 3042 885 circa
3066 850 3160 888 nos
3178 849 3319 905 sunt,
3343 853 3392 895 et
3413 861 3534 897 con-

1941 901 2131 954 soletur
2149 907 2306 959 corda
2329 919 2514 965 uestra.
2537 912 2646 969 Nec
2672 915 2778 972 hoc
2797 919 2914 975 sine
2935 937 3095 980 causa
3119 927 3269 991 dicit,
3407 950 3533 989 cum

1931 1174 2216 1232 missione.
2265 1183 2403 1239 Audi
2445 1189 2592 1243 enim
2631 1194 2945 1262 prophetam
2987 1200 3300 1260 dicentem:
3337 1207 3455 1263 Fiat
3484 1215 3532 1264 ei

1938 1267 2068 1320 sicut
2097 1274 2444 1329 vestimentum
2473 1297 2574 1350 quo
2602 1285 2851 1352 induitur,
2884 1302 2932 1344 et
2955 1294 3090 1347 sicut
3113 1313 3244 1350 zona
3269 1317 3371 1370 qua
3407 1321 3527 1372 per-

1940 1369 2090 1466 petuo
2105 1366 2450 1466 praecingitur
2487 1371 2657 1439 (Psal.
2693 1378 2819 1433 108.
2850 1381 2966 1453 19).
3010 1366 3291 1456 Ρτοριιεή
3313 1366 3528 1466 quoque

1937 1447 2069 1502 dicit
2105 1451 2268 1506 Deum
2314 1457 2559 1515 indutum
2605 1479 2727 1520 esse
2755 1447 2975 1527 thorace
3011 1447 3267 1544 justitim,
3299 1447 3396 1550 pet

1937 1553 2037 1642 nos
2063 1543 2334 1610 erudiens,
2363 1551 2506 1619 quod
2527 1568 2760 1626 semper,
2775 1576 2882 1615 non
2893 1564 2958 1616 ad
2983 1565 3149 1623 breve
3172 1543 3525 1642 tempusdmc

1937 1628 2141 1732 habere
2164 1648 2444 1732 oporteat;
2489 1658 2705 1715 semper
2749 1653 2894 1706 enim
2940 1656 3083 1711 bello
3131 1672 3212 1714 est
3254 1628 3408 1732 opus.

1933 1721 2071 1826 alios
2088 1725 2243 1826 alibi,
2269 1727 2453 1786 Iustus
2476 1736 2643 1803 enim,
2673 1739 2876 1809 inquit,
2911 1749 3122 1815 conﬁdit
3149 1763 3204 1804 ut
3232 1721 3310 1807 leo
3337 1721 3521 1826 (μεριξ.

1933 1810 2022 1865 28.
2051 1814 2127 1882 1).
2161 1816 2294 1872 Nam
2321 1821 2414 1889 qui
2439 1834 2522 1878 est
2559 1828 2637 1882 sic
2667 1830 2826 1885 lorica
2857 1810 3072 1892 indutus
3093 1881 3108 1904 ,
3143 1843 3256 1896 ﬁeri
3285 1810 3390 1900 utin

1935 1910 2038 1956 test
2060 1914 2117 1958 ut
2137 1906 2448 1967 instructam
2477 1916 2663 1995 timeat
2689 1922 2881 1988 aciem,
2911 1927 3004 1980 sed
3029 1929 3079 1981 in
3104 1934 3312 1990 medios
3340 1906 3522 1995 hostes

1931 2006 2012 2048 est
2038 1997 2088 2051 ei
2119 1998 2483 2060 insiliendum.
2519 1993 2596 2063 Et
2615 2011 2814 2069 Isaias:
2853 2017 3105 2100 Speciosi,
3142 2025 3335 2094 inquit,
3367 1993 3522 2100 pede;

1929 2100 2104 2140 eorum
2133 2092 2221 2157 qui
2246 2110 2421 2161 pacem
2453 2105 2760 2158 annuntiant
2799 2105 2952 2178 (Isai.
2984 2093 3074 2166 $2.
3108 2116 3184 2185 7).
3216 2092 3379 2186 VQuis'
3403 2139 3513 2176 non

1929 2184 2258 2250 cucurrerit,
2291 2189 2411 2256 quis
2440 2191 2567 2246 huic
2602 2195 2680 2249 rei
2726 2215 2833 2254 non
2862 2184 3148 2272 servierit,
3168 2184 3382 2280 quando
3415 2232 3518 2286 pax

1927 2277 2308 2354 annuntiatur;
2339 2297 2467 2351 pax,
2500 2287 2740 2358 inquam,
2765 2295 2858 2348 Dei
2877 2312 2998 2351 cum
3028 2277 3355 2373 hominibus,
3389 2277 3511 2378 pas,

1926 2369 2328 2426 cum'homines
2359 2375 2578 2432 minime
2615 2381 3017 2456 laboraverint,
3044 2393 3139 2446 sed
3174 2395 3314 2451 Deus
3344 2369 3514 2454 totum

1926 2451 2153 2553 fecerit?
2180 2460 2319 2527 Quid
2345 2465 2416 2518 sit
2439 2478 2620 2522 autem
2645 2479 2969 2542 prmparatio
2996 2451 3296 2553 evangelii,

1927 2560 2046 2599 mus
2064 2546 2326 2606 Joannem
2358 2555 2631 2614 dicentem
2649 2603 2665 2624 ,
2704 2562 2894 2620 Parate
2926 2571 3058 2623 riam
3087 2546 3296 2630 Dbmini
3313 2618 3330 2642 ,
3355 2590 3517 2636 rectas

1924 2638 2077 2704 facite
2095 2644 2299 2698 semitas
2321 2647 2433 2715 ejus
2455 2650 2665 2717 (Matth.
2689 2655 2743 2709 3.
2769 2657 2850 2726 5).
2880 2659 3079 2718 Verum
3102 2664 3218 2722 hmc
3240 2638 3516 2726 dumtaxat

1925 2741 2144 2798 propter
2165 2733 2429 2804 baptisma
2447 2740 2603 2796 dixit.
2624 2744 2892 2810 Quoniam
2920 2768 3048 2807 vero
3067 2756 3170 2809 alia
3193 2761 3353 2815 etiam
3378 2779 3512 2832 prae-

1922 2824 2211 2893 paratione
2227 2843 2363 2896 opus
2389 2844 2471 2886 est
2499 2846 2622 2903 post
2661 2839 2958 2910 baptisma,
2991 2846 3130 2903 hanc
3168 2824 3404 2910 ostendit
3432 2859 3514 2912 di-

1921 2928 2073 2980 cenis,
2103 2916 2168 2970 In
2198 2927 2576 2991 praeparatione
2597 2936 2846 3001 evangelii
2869 2939 3034 3004 pacis,
3067 2942 3297 2998 innuens
3324 2949 3512 3003 vidi-li-

1920 3013 2026 3104 cet,
2052 3017 2109 3060 ut
2135 3010 2268 3064 nihil
2289 3029 2510 3104 agamus
2539 3036 2673 3089 pace
2701 3024 2997 3094 indignum.
3026 3032 3160 3087 Nam
3180 3038 3431 3104 quoniam
3457 3055 3512 3096 nt

1921 3095 2214 3200 plnurimum
2231 3103 2398 3168 pedes
2417 3119 2540 3159 sunt
2567 3111 2688 3166 vita:
2710 3116 3037 3185 symbolum,
3067 3095 3346 3194 propterea
3367 3145 3510 3200 ωορδ

1918 3184 2216 3244 admonens
2265 3192 2435 3261 dicit;
2497 3197 2676 3256 Videte
2724 3213 2981 3271 quomodo
3025 3184 3206 3270 edacis
3246 3184 3510 3278 ambulelii

1917 3276 1937 3342 (
1963 3276 2152 3380 (Cp/tes.
2185 3283 2241 3336 5.
2276 3284 2399 3355 l5),
2430 3288 2499 3343 de
2528 3293 2633 3345 vita
2677 3295 2923 3365 loquens.
2974 3303 3154 3375 Itaque
3194 3276 3512 3380 agamusiet

1915 3371 2262 3427 ostendamus
2290 3392 2410 3444 quae
2435 3390 2562 3435 sunt
2589 3384 2747 3454 digna
2771 3371 3083 3462 evangelio,
3099 3371 3294 3469 nempe
3319 3404 3503 3468 vitam,

1913 3468 1968 3511 et
1995 3463 2222 3518 mundus
2247 3467 2490 3524 actiones
2526 3488 2623 3540 per
2651 3484 2816 3532 totam
2847 3483 3008 3536 vitam
3035 3463 3298 3546 nostram.
3329 3463 3501 3550 Evan;

1910 3552 2054 3618 gelio
2075 3569 2182 3645 pax
2204 3566 2289 3611 est
2307 3563 2642 3632 annuntiata,
2667 3567 2791 3625 date
2813 3573 2950 3626 viam
2980 3589 3219 3645 paratam
3243 3583 3326 3638 his
3347 3587 3503 3642 bonis

1913 3644 2153 3700 nuntiis:
2187 3650 2330 3717 quod
2357 3651 2404 3705 si
2432 3669 2619 3709 rursus
2646 3657 2772 3714 facti
2799 3644 3255 3739 fueritis'inimici,
3289 3694 3394 3732 non
3418 3691 3502 3735 est

1907 3735 2139 3804 amplius
2169 3741 2313 3808 pacis
2333 3748 2674 3813 praeparatio.
2698 3751 2825 3808 Sitis
2852 3760 3048 3826 parati,
3072 3772 3126 3816 et
3153 3781 3220 3819 ne
3240 3735 3500 3826 difl'eratis

1907 3829 2166 3928 accedere
2193 3833 2259 3886 ad
2290 3851 2497 3904 pacem.
2531 3838 2683 3898 Sicut
2712 3854 2881 3916 parati
2913 3851 3091 3910 fuistis
3119 3859 3186 3912 ad
3230 3878 3413 3928 pacem
3444 3880 3497 3921 et

1907 3918 2087 3986 ﬁdem,
2135 3923 2206 3976 ita
2237 3926 2397 3981 etiam
2444 3946 2771 3999 permanete.
2809 3942 3030 3999 Scutum
3058 3957 3142 4003 cst
3171 3918 3495 4025 [idequuo‘tl

1907 4011 2137 4078 primum
2167 4016 2367 4085 excipit
2397 4019 2628 4078 insultas
2660 4026 3024 4101 inimicorum,
3055 4047 3112 4092 et
3139 4055 3288 4097 arma
3317 4011 3496 4100 servat

1905 4100 2091 4155 illazsa.
2119 4103 2177 4157 Si
2205 4121 2335 4176 ergo
2365 4109 2500 4165 ﬁdes
2544 4116 2613 4169 sit
2645 4128 2786 4172 recta
2817 4131 2872 4175 et
2902 4100 3016 4178 vita
3036 4139 3214 4194 recta,
3247 4150 3396 4189 arma
3429 4140 3488 4192 it-

1902 4191 2026 4246 lcsa
2074 4209 2312 4253 manent.
2355 4195 2534 4259 Multis
2571 4219 2750 4264 autem
2793 4215 2918 4269 alibi
2965 4218 3036 4273 de
3083 4191 3490 4295 tide‘disserit,

1901 4286 2136 4340 maxime
2176 4290 2421 4346 scribens
2458 4295 2540 4378 ad
2573 4296 2830 4357 Hebraeos
2859 4305 3012 4376 (Cap.
3044 4312 3159 4381 ll),
3191 4323 3247 4369 et
3273 4317 3341 4372 de
3372 4286 3488 4389 spe:

1898 4373 2135 4465 Qredite,
2167 4379 2361 4449 inquit,
2392 4376 2548 4441 bouis
2577 4389 2792 4458 futuris,
2823 4373 2879 4449 et
2901 4373 3034 4454 nihil
3066 4373 3256 4459 hormn
3283 4373 3492 4465 saucia;

1900 4463 2060 4520 bitur.
2091 4467 2222 4522 Nam
2251 4471 2304 4524 in
2331 4473 2572 4532 adversis
2597 4488 2655 4534 et
2678 4482 2731 4535 in
2752 4484 3025 4543 laboribus
3051 4507 3203 4562 spem
3229 4463 3491 4566 objiciens

1897 4565 1954 4610 et
1983 4557 2175 4626 ﬁdem,
2209 4562 2295 4616 illa
2336 4570 2580 4624 servabis
2619 4573 2804 4629 illa-sa.
2839 4579 2920 4633 Ad
2953 4557 3118 4639 Deum
3157 4557 3488 4650 δαείη-πίο-

1896 4644 2112 4702 dentem
2142 4663 2356 4720 oportet
2391 4659 2615 4715 credere
2652 4665 2794 4733 quod
2837 4669 2939 4735 sit,
2983 4682 3039 4727 et
3084 4676 3150 4732 iis
3189 4681 3278 4749 qui
3310 4682 3482 4750 ipsum

1897 4749 2145 4829 quaerunt
2181 4743 2239 4795 lit
2283 4761 2674 4806 remuneratur.
2721 4756 2883 4814 Fides
2924 4773 3010 4818 est
3055 4743 3265 4826 scutum
3298 4743 3486 4844 tegens

1897 4844 1992 4882 eos
2011 4832 2100 4899 qui
2128 4833 2245 4888 sine
2266 4838 2475 4892 curiosa
2501 4845 2888 4912 perquisitione
2906 4854 3165 4927 credunt;
3194 4862 3278 4917 sin
3302 4832 3480 4922 alitem

1896 4919 2005 4973 sint
2041 4924 2370 4990 sophismata
2400 4940 2456 4983 et
2496 4934 2732 4992 rationes
2770 4949 2826 4993 et
2855 4919 3343 5022 reprehensiones,
3373 4973 3481 5014 non

1897 5019 1980 5063 est
2008 5022 2217 5069 scutum
2238 5057 2253 5079 ,
2285 5019 2378 5072 sed
2419 5037 2518 5076 nos
2545 5024 2786 5095 impedit.
2818 5032 2965 5091 Talis
2992 5039 3062 5093 sit
3089 5041 3226 5099 ﬁdes
3264 5019 3336 5102 uti
3359 5052 3481 5105 uni-

1897 5118 2112 5159 versum
2141 5119 2392 5181 contegat
2418 5124 2472 5167 et
2498 5117 2801 5176 obumbret.
2830 5125 2908 5180 Ne
2928 5130 2999 5182 sit
3027 5147 3156 5202 ergo
3182 5137 3358 5194 brevis
3377 5183 3394 5209 ,
3421 5157 3484 5199 ut
3566 5196 3569 5197 ν

1897 5195 2068 5289 nudos
2093 5198 2234 5252 sinat
2262 5203 2458 5270 pedes,
2487 5219 2580 5261 aut
2608 5211 2809 5281 aliquid
2839 5217 2984 5273 aliud
3008 5262 3023 5284 ,
3051 5195 3147 5278 sed
3174 5227 3245 5283 sit
3270 5195 3480 5289 senium

1889 5283 2086 5351 justam
2111 5289 2316 5345 habens
2338 5299 2726 5364 symmetriam.
2759 5303 2944 5375 Ignea.
2973 5283 3110 5367 Sunt
3127 5283 3485 5382 'eniminul-tte

1892 5374 2311 5444 disceptationes
2336 5383 2570 5440 animam
2599 5374 2850 5460 urentes,
2877 5399 3059 5454 multa:
3088 5374 3481 5481 dubitationes:

1895 5467 2442 5538 multae-qumtiones
2484 5477 2930 5552 inexplicabiles;
2981 5493 3078 5547 scd
3119 5512 3304 5554 revera
3353 5467 3481 5562 fides

1893 5556 2020 5612 iacit
2081 5569 2140 5614 ut
2197 5565 2378 5618 omnia
2435 5582 2670 5624 cessent.
2719 5574 2879 5630 Multa
2944 5580 3184 5641 immittit
3237 5556 3479 5653 diabolus

1893 5661 2128 5706 nostram
2149 5652 2486 5712 inﬂammatis
2501 5662 2756 5728 animam,
2771 5669 3109 5731 etadducens
3125 5679 3192 5732 ad
3214 5685 3480 5757 ambigui-

1893 5749 2057 5796 tatem
2078 5783 2095 5808 ,
2126 5753 2184 5797 ut
2202 5747 2418 5815 quando
2438 5749 2623 5806 dicunt
2651 5754 2852 5826 aliqui,
2878 5760 3146 5835 Numquid
3186 5783 3272 5827 est
3298 5747 3476 5833 resur-

1893 5830 2100 5886 rectio?
2126 5837 2382 5907 numquid
2403 5850 2487 5894 est
2509 5839 2808 5912 judicium?
2843 5830 3101 5927 numquid
3122 5871 3202 5918 est
3234 5830 3456 5927 remoue
3481 5907 3485 5912 -
