  <div class='ocr_page' id='page_1' title='image "/cluster/home/n/w/nwhite01/storage/ocr_20150623/62/pst.000005712625/177.png"; bbox 0 0 4096 6310; ppageno 0'>
   <div class='ocr_carea' id='block_1_1' title="bbox 638 406 3161 485">
    <p class='ocr_par' dir='ltr' id='par_1_1' title="bbox 638 406 3161 485">
     <span class='ocr_line' id='line_1_1' title="bbox 638 406 3161 485; baseline -0.01 -1"><span class='ocrx_word' id='word_1_1' title='bbox 638 430 727 485; x_wconf 76' lang='grc'><strong>171</strong></span> <span class='ocrx_word' id='word_1_2' title='bbox 1343 423 1402 477; x_wconf 88' lang='lat' dir='ltr'><strong>S.</strong></span> <span class='ocrx_word' id='word_1_3' title='bbox 1437 416 1712 477; x_wconf 66' lang='lat' dir='ltr'><strong>JOANNlS</strong></span> <span class='ocrx_word' id='word_1_4' title='bbox 1742 412 2207 471; x_wconf 67' lang='lat' dir='ltr'><strong>CllltYSOS&#39;l‘UMl</strong></span> <span class='ocrx_word' id='word_1_5' title='bbox 2248 408 2557 466; x_wconf 68' lang='lat' dir='ltr'><strong>ARCIIIEP.</strong></span> <span class='ocrx_word' id='word_1_6' title='bbox 2598 406 3124 463; x_wconf 65' lang='lat' dir='ltr'><strong>CONSTANTINOP.</strong></span> <span class='ocrx_word' id='word_1_7' title='bbox 3160 456 3161 459; x_wconf 45' lang='grc' dir='ltr'><strong>η</strong></span> 
     </span>
    </p>
   </div>
   <div class='ocr_carea' id='block_1_2' title="bbox 632 526 2200 598">
    <p class='ocr_par' dir='ltr' id='par_1_2' title="bbox 632 526 2200 598">
     <span class='ocr_line' id='line_1_2' title="bbox 632 526 2200 598; baseline -0.011 -1"><span class='ocrx_word' id='word_1_8' title='bbox 632 543 809 597; x_wconf 79' lang='lat' dir='ltr'><strong>ratio?</strong></span> <span class='ocrx_word' id='word_1_9' title='bbox 834 539 928 596; x_wconf 78' lang='lat' dir='ltr'><strong>sed</strong></span> <span class='ocrx_word' id='word_1_10' title='bbox 956 540 1001 593; x_wconf 87' lang='lat' dir='ltr'><strong>si</strong></span> <span class='ocrx_word' id='word_1_11' title='bbox 1029 546 1238 593; x_wconf 86' lang='lat' dir='ltr'><strong>scutum</strong></span> <span class='ocrx_word' id='word_1_12' title='bbox 1264 533 1390 591; x_wconf 81' lang='lat' dir='ltr'><strong>tidei</strong></span> <span class='ocrx_word' id='word_1_13' title='bbox 1417 533 1647 596; x_wconf 80' lang='lat' dir='ltr'><strong>habeas,</strong></span> <span class='ocrx_word' id='word_1_14' title='bbox 1674 530 1981 598; x_wconf 71' lang='lat' dir='ltr'><strong>exstingues</strong></span> <span class='ocrx_word' id='word_1_15' title='bbox 2002 526 2200 581; x_wconf 82' lang='lat' dir='ltr'><strong>diaboli</strong></span> 
     </span>
    </p>
   </div>
   <div class='ocr_carea' id='block_1_3' title="bbox 633 618 2206 691">
    <p class='ocr_par' dir='ltr' id='par_1_3' title="bbox 633 618 2206 691">
     <span class='ocr_line' id='line_1_3' title="bbox 633 618 2206 691; baseline -0.011 -5"><span class='ocrx_word' id='word_1_16' title='bbox 633 634 737 688; x_wconf 83' lang='lat' dir='ltr'><strong>tela</strong></span> <span class='ocrx_word' id='word_1_17' title='bbox 759 633 812 685; x_wconf 89' lang='lat' dir='ltr'><strong>in</strong></span> <span class='ocrx_word' id='word_1_18' title='bbox 840 631 962 685; x_wconf 88' lang='lat' dir='ltr'><strong>lide.</strong></span> <span class='ocrx_word' id='word_1_19' title='bbox 994 627 1187 684; x_wconf 84' lang='lat' dir='ltr'><strong>invasit</strong></span> <span class='ocrx_word' id='word_1_20' title='bbox 1206 634 1261 680; x_wconf 84' lang='lat' dir='ltr'><strong>te</strong></span> <span class='ocrx_word' id='word_1_21' title='bbox 1282 618 1511 680; x_wconf 81' lang='lat' dir='ltr'><strong>absurda</strong></span> <span class='ocrx_word' id='word_1_22' title='bbox 1537 620 1822 691; x_wconf 71' lang='lat' dir='ltr'><strong>cupiditas,</strong></span> <span class='ocrx_word' id='word_1_23' title='bbox 1856 621 2105 673; x_wconf 88' lang='lat' dir='ltr'><strong>incensus</strong></span> <span class='ocrx_word' id='word_1_24' title='bbox 2124 626 2206 669; x_wconf 87' lang='lat' dir='ltr'><strong>est</strong></span> 
     </span>
    </p>
   </div>
   <div class='ocr_carea' id='block_1_4' title="bbox 633 705 2203 791">
    <p class='ocr_par' dir='ltr' id='par_1_4' title="bbox 633 705 2203 791">
     <span class='ocr_line' id='line_1_4' title="bbox 633 705 2203 791; baseline -0.011 -16"><span class='ocrx_word' id='word_1_25' title='bbox 633 724 774 775; x_wconf 88' lang='lat' dir='ltr'><strong>intus</strong></span> <span class='ocrx_word' id='word_1_26' title='bbox 811 720 946 791; x_wconf 80' lang='lat' dir='ltr'><strong>ignis</strong></span> <span class='ocrx_word' id='word_1_27' title='bbox 976 720 1233 773; x_wconf 83' lang='lat' dir='ltr'><strong>malarum</strong></span> <span class='ocrx_word' id='word_1_28' title='bbox 1258 711 1680 786; x_wconf 82' lang='lat' dir='ltr'><strong>cogitationum?</strong></span> <span class='ocrx_word' id='word_1_29' title='bbox 1704 709 1927 779; x_wconf 85' lang='lat' dir='ltr'><strong>Oppone</strong></span> <span class='ocrx_word' id='word_1_30' title='bbox 1952 708 2003 762; x_wconf 91' lang='lat' dir='ltr'><strong>ei</strong></span> <span class='ocrx_word' id='word_1_31' title='bbox 2048 705 2203 761; x_wconf 81' lang='lat' dir='ltr'><strong>tidem</strong></span> 
     </span>
    </p>
   </div>
   <div class='ocr_carea' id='block_1_5' title="bbox 630 796 2203 876">
    <p class='ocr_par' dir='ltr' id='par_1_5' title="bbox 630 796 2203 876">
     <span class='ocr_line' id='line_1_5' title="bbox 630 796 2203 876; baseline -0.01 -11"><span class='ocrx_word' id='word_1_32' title='bbox 630 815 927 868; x_wconf 77' lang='lat' dir='ltr'><strong>futurorum</strong></span> <span class='ocrx_word' id='word_1_33' title='bbox 971 811 1266 876; x_wconf 85' lang='lat' dir='ltr'><strong>bonorum,</strong></span> <span class='ocrx_word' id='word_1_34' title='bbox 1304 813 1363 861; x_wconf 88' lang='lat' dir='ltr'><strong>et</strong></span> <span class='ocrx_word' id='word_1_35' title='bbox 1399 820 1468 859; x_wconf 88' lang='lat' dir='ltr'><strong>ne</strong></span> <span class='ocrx_word' id='word_1_36' title='bbox 1503 802 1781 872; x_wconf 76' lang='lat' dir='ltr'><strong>apparebit</strong></span> <span class='ocrx_word' id='word_1_37' title='bbox 1808 799 2060 869; x_wconf 88' lang='lat' dir='ltr'><strong>quidem,</strong></span> <span class='ocrx_word' id='word_1_38' title='bbox 2107 796 2203 849; x_wconf 82' lang='lat' dir='ltr'><strong>sed</strong></span> 
     </span>
    </p>
   </div>
   <div class='ocr_carea' id='block_1_6' title="bbox 633 888 2203 974">
    <p class='ocr_par' dir='ltr' id='par_1_6' title="bbox 633 888 2203 974">
     <span class='ocr_line' id='line_1_6' title="bbox 633 888 2203 974; baseline -0.01 -19"><span class='ocrx_word' id='word_1_39' title='bbox 633 904 845 974; x_wconf 84' lang='lat' dir='ltr'><strong>peribit.</strong></span> <span class='ocrx_word' id='word_1_40' title='bbox 880 900 1065 954; x_wconf 71' lang='lat' dir='ltr'><strong>Omnia</strong></span> <span class='ocrx_word' id='word_1_41' title='bbox 1086 897 1187 953; x_wconf 86' lang='lat' dir='ltr'><strong>tela</strong></span> <span class='ocrx_word' id='word_1_42' title='bbox 1207 913 1228 953; x_wconf 89' lang='lat'><strong><em>:</em></strong></span> <span class='ocrx_word' id='word_1_43' title='bbox 1253 912 1358 953; x_wconf 82' lang='lat' dir='ltr'><strong>non</strong></span> <span class='ocrx_word' id='word_1_44' title='bbox 1384 895 1498 949; x_wconf 69' lang='lat' dir='ltr'><strong>haec</strong></span> <span class='ocrx_word' id='word_1_45' title='bbox 1519 893 1733 964; x_wconf 81' lang='lat' dir='ltr'><strong>quidem</strong></span> <span class='ocrx_word' id='word_1_46' title='bbox 1761 891 2084 958; x_wconf 74' lang='lat' dir='ltr'><strong>exstinguet,</strong></span> <span class='ocrx_word' id='word_1_47' title='bbox 2118 888 2203 940; x_wconf 85' lang='lat' dir='ltr'><strong>illa</strong></span> 
     </span>
    </p>
   </div>
   <div class='ocr_carea' id='block_1_7' title="bbox 631 984 2204 1050">
    <p class='ocr_par' dir='ltr' id='par_1_7' title="bbox 631 984 2204 1050">
     <span class='ocr_line' id='line_1_7' title="bbox 631 984 2204 1050; baseline -0.011 0"><span class='ocrx_word' id='word_1_48' title='bbox 631 1010 761 1050; x_wconf 70' lang='lat' dir='ltr'><strong>vero</strong></span> <span class='ocrx_word' id='word_1_49' title='bbox 804 1009 932 1048; x_wconf 87' lang='lat' dir='ltr'><strong>non.</strong></span> <span class='ocrx_word' id='word_1_50' title='bbox 980 992 1118 1047; x_wconf 78' lang='lat' dir='ltr'><strong>Audi</strong></span> <span class='ocrx_word' id='word_1_51' title='bbox 1163 991 1384 1045; x_wconf 84' lang='lat' dir='ltr'><strong>Paulum</strong></span> <span class='ocrx_word' id='word_1_52' title='bbox 1424 989 1736 1043; x_wconf 79' lang='lat' dir='ltr'><strong>dicentem:</strong></span> <span class='ocrx_word' id='word_1_53' title='bbox 1781 984 2028 1039; x_wconf 73' lang='lat' dir='ltr'><strong>Existimo</strong></span> <span class='ocrx_word' id='word_1_54' title='bbox 2069 984 2204 1036; x_wconf 82' lang='lat' dir='ltr'><strong>enim</strong></span> 
     </span>
    </p>
   </div>
   <div class='ocr_carea' id='block_1_8' title="bbox 628 1074 2205 1155">
    <p class='ocr_par' dir='ltr' id='par_1_8' title="bbox 628 1074 2205 1155">
     <span class='ocr_line' id='line_1_8' title="bbox 628 1074 2205 1155; baseline -0.011 -15"><span class='ocrx_word' id='word_1_55' title='bbox 628 1085 765 1155; x_wconf 72' lang='lat' dir='ltr'><strong>quod</strong></span> <span class='ocrx_word' id='word_1_56' title='bbox 789 1101 891 1138; x_wconf 75' lang='lat' dir='ltr'><strong>non</strong></span> <span class='ocrx_word' id='word_1_57' title='bbox 931 1092 1050 1138; x_wconf 79' lang='lat' dir='ltr'><strong>sunt</strong></span> <span class='ocrx_word' id='word_1_58' title='bbox 1086 1082 1351 1150; x_wconf 64' lang='lat' dir='ltr'><strong>«indigna</strong></span> <span class='ocrx_word' id='word_1_59' title='bbox 1386 1079 1645 1150; x_wconf 74' lang='lat' dir='ltr'><strong>passiones</strong></span> <span class='ocrx_word' id='word_1_60' title='bbox 1683 1076 1836 1144; x_wconf 79' lang='lat' dir='ltr'><strong>hujus</strong></span> <span class='ocrx_word' id='word_1_61' title='bbox 1877 1074 2114 1142; x_wconf 85' lang='lat' dir='ltr'><strong>temporis</strong></span> <span class='ocrx_word' id='word_1_62' title='bbox 2137 1074 2205 1124; x_wconf 78' lang='lat' dir='ltr'><strong>ad</strong></span> 
     </span>
    </p>
   </div>
   <div class='ocr_carea' id='block_1_9' title="bbox 634 1162 2200 1245">
    <p class='ocr_par' dir='ltr' id='par_1_9' title="bbox 634 1162 2200 1245">
     <span class='ocr_line' id='line_1_9' title="bbox 634 1162 2200 1245; baseline -0.01 -15"><span class='ocrx_word' id='word_1_63' title='bbox 634 1181 855 1243; x_wconf 73' lang='lat' dir='ltr'><strong>futurum</strong></span> <span class='ocrx_word' id='word_1_64' title='bbox 876 1175 1111 1245; x_wconf 75' lang='lat' dir='ltr'><strong>gloriam,</strong></span> <span class='ocrx_word' id='word_1_65' title='bbox 1134 1187 1248 1242; x_wconf 70' lang='lat' dir='ltr'><strong>qua</strong></span> <span class='ocrx_word' id='word_1_66' title='bbox 1262 1170 1560 1225; x_wconf 66' lang='lat' dir='ltr'><strong>revelabitur</strong></span> <span class='ocrx_word' id='word_1_67' title='bbox 1582 1170 1634 1220; x_wconf 85' lang='lat' dir='ltr'><strong>in</strong></span> <span class='ocrx_word' id='word_1_68' title='bbox 1656 1168 1796 1220; x_wconf 88' lang='lat' dir='ltr'><strong>nobis</strong></span> <span class='ocrx_word' id='word_1_69' title='bbox 1816 1164 1991 1235; x_wconf 84' lang='lat' dir='ltr'><strong>(Rom.</strong></span> <span class='ocrx_word' id='word_1_70' title='bbox 2011 1165 2066 1220; x_wconf 87' lang='lat'><strong>8.</strong></span> <span class='ocrx_word' id='word_1_71' title='bbox 2088 1162 2200 1232; x_wconf 59' lang='lat'><strong>18).</strong></span> 
     </span>
    </p>
   </div>
   <div class='ocr_carea' id='block_1_10' title="bbox 699 1254 2205 1329">
    <p class='ocr_par' dir='ltr' id='par_1_10' title="bbox 699 1254 2205 1329">
     <span class='ocr_line' id='line_1_10' title="bbox 699 1254 2205 1329; baseline -0.012 -7"><span class='ocrx_word' id='word_1_72' title='bbox 699 1267 1019 1322; x_wconf 74' lang='lat' dir='ltr'><strong>Tentationes</strong></span> <span class='ocrx_word' id='word_1_73' title='bbox 1052 1274 1099 1319; x_wconf 88' lang='lat' dir='ltr'><strong>et</strong></span> <span class='ocrx_word' id='word_1_74' title='bbox 1138 1277 1380 1318; x_wconf 73' lang='lat' dir='ltr'><strong>ternuma:</strong></span> <span class='ocrx_word' id='word_1_75' title='bbox 1404 1258 1654 1329; x_wconf 78' lang='lat' dir='ltr'><strong>quomodo</strong></span> <span class='ocrx_word' id='word_1_76' title='bbox 1689 1256 2099 1327; x_wconf 74' lang='lat' dir='ltr'><strong>repelletulte.——-</strong></span> <span class='ocrx_word' id='word_1_77' title='bbox 2120 1254 2205 1305; x_wconf 71' lang='lat' dir='ltr'><strong>Vi-</strong></span> 
     </span>
    </p>
   </div>
   <div class='ocr_carea' id='block_1_11' title="bbox 627 1347 2200 1431">
    <p class='ocr_par' dir='ltr' id='par_1_11' title="bbox 627 1347 2200 1431">
     <span class='ocr_line' id='line_1_11' title="bbox 627 1347 2200 1431; baseline -0.01 -18"><span class='ocrx_word' id='word_1_78' title='bbox 627 1361 727 1414; x_wconf 82' lang='lat' dir='ltr'><strong>des</strong></span> <span class='ocrx_word' id='word_1_79' title='bbox 749 1375 910 1431; x_wconf 89' lang='lat' dir='ltr'><strong>quam</strong></span> <span class='ocrx_word' id='word_1_80' title='bbox 941 1359 1103 1412; x_wconf 88' lang='lat' dir='ltr'><strong>multa</strong></span> <span class='ocrx_word' id='word_1_81' title='bbox 1137 1356 1244 1411; x_wconf 89' lang='lat' dir='ltr'><strong>tela</strong></span> <span class='ocrx_word' id='word_1_82' title='bbox 1272 1365 1398 1408; x_wconf 90' lang='lat' dir='ltr'><strong>tunc</strong></span> <span class='ocrx_word' id='word_1_83' title='bbox 1421 1351 1780 1407; x_wconf 76' lang='lat' dir='ltr'><strong>exstinxerint</strong></span> <span class='ocrx_word' id='word_1_84' title='bbox 1806 1347 1979 1417; x_wconf 73' lang='lat' dir='ltr'><strong>justi?</strong></span> <span class='ocrx_word' id='word_1_85' title='bbox 2011 1348 2200 1400; x_wconf 84' lang='lat' dir='ltr'><strong>Annon</strong></span> 
     </span>
    </p>
   </div>
   <div class='ocr_carea' id='block_1_12' title="bbox 630 1439 2202 1516">
    <p class='ocr_par' dir='ltr' id='par_1_12' title="bbox 630 1439 2202 1516">
     <span class='ocr_line' id='line_1_12' title="bbox 630 1439 2202 1516; baseline -0.008 -14"><span class='ocrx_word' id='word_1_86' title='bbox 630 1450 874 1505; x_wconf 84' lang='lat' dir='ltr'><strong>videntur</strong></span> <span class='ocrx_word' id='word_1_87' title='bbox 903 1450 997 1503; x_wconf 85' lang='lat' dir='ltr'><strong>tibi</strong></span> <span class='ocrx_word' id='word_1_88' title='bbox 1021 1448 1124 1501; x_wconf 84' lang='lat' dir='ltr'><strong>tela</strong></span> <span class='ocrx_word' id='word_1_89' title='bbox 1145 1462 1268 1501; x_wconf 89' lang='lat' dir='ltr'><strong>esse</strong></span> <span class='ocrx_word' id='word_1_90' title='bbox 1294 1446 1457 1516; x_wconf 82' lang='lat' dir='ltr'><strong>ignita</strong></span> <span class='ocrx_word' id='word_1_91' title='bbox 1479 1485 1495 1509; x_wconf 91' lang='lat'><strong>,</strong></span> <span class='ocrx_word' id='word_1_92' title='bbox 1527 1442 1668 1512; x_wconf 84' lang='lat' dir='ltr'><strong>quod</strong></span> <span class='ocrx_word' id='word_1_93' title='bbox 1698 1442 1907 1494; x_wconf 88' lang='lat' dir='ltr'><strong>interno</strong></span> <span class='ocrx_word' id='word_1_94' title='bbox 1929 1439 2049 1508; x_wconf 71' lang='lat' dir='ltr'><strong>igne</strong></span> <span class='ocrx_word' id='word_1_95' title='bbox 2078 1451 2202 1489; x_wconf 86' lang='lat' dir='ltr'><strong>ure-</strong></span> 
     </span>
    </p>
   </div>
   <div class='ocr_carea' id='block_1_13' title="bbox 630 1529 2263 1611">
    <p class='ocr_par' dir='ltr' id='par_1_13' title="bbox 630 1529 2263 1611">
     <span class='ocr_line' id='line_1_13' title="bbox 630 1529 2263 1611; baseline -0.01 -16"><span class='ocrx_word' id='word_1_96' title='bbox 630 1550 777 1597; x_wconf 85' lang='lat' dir='ltr'><strong>retur</strong></span> <span class='ocrx_word' id='word_1_97' title='bbox 816 1539 1117 1611; x_wconf 88' lang='lat' dir='ltr'><strong>patriarcha</strong></span> <span class='ocrx_word' id='word_1_98' title='bbox 1162 1538 1331 1592; x_wconf 85' lang='lat' dir='ltr'><strong>tilium</strong></span> <span class='ocrx_word' id='word_1_99' title='bbox 1366 1534 1644 1590; x_wconf 77' lang='lat' dir='ltr'><strong>oﬂ&#39;erens?</strong></span> <span class='ocrx_word' id='word_1_100' title='bbox 1673 1531 1777 1586; x_wconf 83' lang='lat' dir='ltr'><strong>Alii</strong></span> <span class='ocrx_word' id='word_1_101' title='bbox 1818 1544 2027 1601; x_wconf 87' lang='lat' dir='ltr'><strong>quoque</strong></span> <span class='ocrx_word' id='word_1_102' title='bbox 2073 1529 2199 1597; x_wconf 83' lang='lat' dir='ltr'><strong>justi</strong></span> <span class='ocrx_word' id='word_1_103' title='bbox 2258 1586 2263 1589; x_wconf 98' lang='lat'>_</span> 
     </span>
    </p>
   </div>
   <div class='ocr_carea' id='block_1_14' title="bbox 627 1621 2204 1700">
    <p class='ocr_par' dir='ltr' id='par_1_14' title="bbox 627 1621 2204 1700">
     <span class='ocr_line' id='line_1_14' title="bbox 627 1621 2204 1700; baseline -0.008 -17"><span class='ocrx_word' id='word_1_104' title='bbox 627 1632 805 1686; x_wconf 83' lang='lat' dir='ltr'><strong>omnia</strong></span> <span class='ocrx_word' id='word_1_105' title='bbox 827 1632 944 1700; x_wconf 86' lang='lat' dir='ltr'><strong>ejus</strong></span> <span class='ocrx_word' id='word_1_106' title='bbox 966 1630 1067 1685; x_wconf 89' lang='lat' dir='ltr'><strong>tela</strong></span> <span class='ocrx_word' id='word_1_107' title='bbox 1088 1630 1477 1683; x_wconf 78' lang='lat' dir='ltr'><strong>exstinxerunt.</strong></span> <span class='ocrx_word' id='word_1_108' title='bbox 1501 1624 1627 1679; x_wconf 82' lang='lat' dir='ltr'><strong>Sive</strong></span> <span class='ocrx_word' id='word_1_109' title='bbox 1647 1637 1776 1690; x_wconf 80' lang='lat' dir='ltr'><strong>ergo</strong></span> <span class='ocrx_word' id='word_1_110' title='bbox 1799 1621 1994 1675; x_wconf 83' lang='lat' dir='ltr'><strong>bellum</strong></span> <span class='ocrx_word' id='word_1_111' title='bbox 2014 1626 2204 1689; x_wconf 80' lang='lat' dir='ltr'><strong>gerant</strong></span> 
     </span>
    </p>
   </div>
   <div class='ocr_carea' id='block_1_15' title="bbox 626 1710 2197 1793">
    <p class='ocr_par' dir='ltr' id='par_1_15' title="bbox 626 1710 2197 1793">
     <span class='ocr_line' id='line_1_15' title="bbox 626 1710 2197 1793; baseline -0.011 -14"><span class='ocrx_word' id='word_1_112' title='bbox 626 1725 1001 1793; x_wconf 82' lang='lat' dir='ltr'><strong>cogitationes,</strong></span> <span class='ocrx_word' id='word_1_113' title='bbox 1032 1736 1148 1775; x_wconf 85' lang='lat' dir='ltr'><strong>eam</strong></span> <span class='ocrx_word' id='word_1_114' title='bbox 1172 1730 1525 1789; x_wconf 81' lang='lat' dir='ltr'><strong>Opponamns,</strong></span> <span class='ocrx_word' id='word_1_115' title='bbox 1553 1716 1667 1769; x_wconf 83' lang='lat' dir='ltr'><strong>sive</strong></span> <span class='ocrx_word' id='word_1_116' title='bbox 1686 1713 1939 1767; x_wconf 80' lang='lat' dir='ltr'><strong>libidines</strong></span> <span class='ocrx_word' id='word_1_117' title='bbox 1964 1722 2022 1766; x_wconf 89' lang='lat' dir='ltr'><strong>et</strong></span> <span class='ocrx_word' id='word_1_118' title='bbox 2040 1710 2197 1779; x_wconf 84' lang='lat' dir='ltr'><strong>cupi-</strong></span> 
     </span>
    </p>
   </div>
   <div class='ocr_carea' id='block_1_16' title="bbox 627 1800 2198 1877">
    <p class='ocr_par' dir='ltr' id='par_1_16' title="bbox 627 1800 2198 1877">
     <span class='ocr_line' id='line_1_16' title="bbox 627 1800 2198 1877; baseline -0.008 -13"><span class='ocrx_word' id='word_1_119' title='bbox 627 1813 841 1877; x_wconf 70' lang='lat' dir='ltr'><strong>uitales,</strong></span> <span class='ocrx_word' id='word_1_120' title='bbox 867 1827 929 1867; x_wconf 89' lang='lat' dir='ltr'><strong>ea</strong></span> <span class='ocrx_word' id='word_1_121' title='bbox 960 1801 1194 1875; x_wconf 85' lang='lat' dir='ltr'><strong>utamur,</strong></span> <span class='ocrx_word' id='word_1_122' title='bbox 1226 1808 1342 1862; x_wconf 91' lang='lat' dir='ltr'><strong>sive</strong></span> <span class='ocrx_word' id='word_1_123' title='bbox 1385 1806 1597 1863; x_wconf 77' lang='lat' dir='ltr'><strong>labores</strong></span> <span class='ocrx_word' id='word_1_124' title='bbox 1623 1813 1677 1858; x_wconf 92' lang='lat' dir='ltr'><strong>et</strong></span> <span class='ocrx_word' id='word_1_125' title='bbox 1703 1818 1955 1856; x_wconf 69' lang='lat' dir='ltr'><strong>mrmunrc</strong></span> <span class='ocrx_word' id='word_1_126' title='bbox 1985 1841 2001 1865; x_wconf 92' lang='lat'><strong>,</strong></span> <span class='ocrx_word' id='word_1_127' title='bbox 2046 1800 2098 1852; x_wconf 91' lang='lat' dir='ltr'><strong>in</strong></span> <span class='ocrx_word' id='word_1_128' title='bbox 2138 1814 2198 1852; x_wconf 90' lang='lat' dir='ltr'><strong>ea</strong></span> 
     </span>
    </p>
   </div>
   <div class='ocr_carea' id='block_1_17' title="bbox 627 1900 2199 1972">
    <p class='ocr_par' dir='ltr' id='par_1_17' title="bbox 627 1900 2199 1972">
     <span class='ocr_line' id='line_1_17' title="bbox 627 1900 2199 1972; baseline -0.009 -15"><span class='ocrx_word' id='word_1_129' title='bbox 627 1903 1103 1972; x_wconf 83' lang='lat' dir='ltr'><strong>conquiescamus:</strong></span> <span class='ocrx_word' id='word_1_130' title='bbox 1134 1916 1200 1957; x_wconf 82' lang='lat' dir='ltr'><strong>ea</strong></span> <span class='ocrx_word' id='word_1_131' title='bbox 1241 1900 1433 1954; x_wconf 88' lang='lat' dir='ltr'><strong>merito</strong></span> <span class='ocrx_word' id='word_1_132' title='bbox 1461 1905 1545 1951; x_wconf 81' lang='lat' dir='ltr'><strong>cst</strong></span> <span class='ocrx_word' id='word_1_133' title='bbox 1574 1912 1691 1965; x_wconf 76' lang='lat' dir='ltr'><strong>qnzc</strong></span> <span class='ocrx_word' id='word_1_134' title='bbox 1731 1904 2013 1949; x_wconf 73' lang='lat' dir='ltr'><strong>conservat</strong></span> <span class='ocrx_word' id='word_1_135' title='bbox 2055 1907 2199 1946; x_wconf 81' lang='lat' dir='ltr'><strong>artua</strong></span> 
     </span>
    </p>
   </div>
   <div class='ocr_carea' id='block_1_18' title="bbox 626 1984 2200 2059">
    <p class='ocr_par' dir='ltr' id='par_1_18' title="bbox 626 1984 2200 2059">
     <span class='ocr_line' id='line_1_18' title="bbox 626 1984 2200 2059; baseline -0.009 -10"><span class='ocrx_word' id='word_1_136' title='bbox 626 1996 805 2049; x_wconf 83' lang='lat' dir='ltr'><strong>omnia</strong></span> <span class='ocrx_word' id='word_1_137' title='bbox 839 2013 851 2048; x_wconf 92' lang='lat'>:</span> <span class='ocrx_word' id='word_1_138' title='bbox 884 1996 926 2048; x_wconf 88' lang='lat' dir='ltr'><strong>si</strong></span> <span class='ocrx_word' id='word_1_139' title='bbox 954 2009 1087 2059; x_wconf 88' lang='lat' dir='ltr'><strong>eam</strong></span> <span class='ocrx_word' id='word_1_140' title='bbox 1108 2006 1216 2047; x_wconf 88' lang='lat' dir='ltr'><strong>non</strong></span> <span class='ocrx_word' id='word_1_141' title='bbox 1243 1990 1538 2046; x_wconf 81' lang='lat' dir='ltr'><strong>habeamus</strong></span> <span class='ocrx_word' id='word_1_142' title='bbox 1557 2030 1571 2050; x_wconf 90' lang='lat'><strong>,</strong></span> <span class='ocrx_word' id='word_1_143' title='bbox 1602 1988 1688 2041; x_wconf 88' lang='lat' dir='ltr'><strong>illa</strong></span> <span class='ocrx_word' id='word_1_144' title='bbox 1715 1988 1823 2040; x_wconf 89' lang='lat' dir='ltr'><strong>cito</strong></span> <span class='ocrx_word' id='word_1_145' title='bbox 1851 1984 2200 2052; x_wconf 75' lang='lat' dir='ltr'><strong>perforaban-</strong></span> 
     </span>
    </p>
   </div>
   <div class='ocr_carea' id='block_1_19' title="bbox 629 2077 2202 2145">
    <p class='ocr_par' dir='ltr' id='par_1_19' title="bbox 629 2077 2202 2145">
     <span class='ocr_line' id='line_1_19' title="bbox 629 2077 2202 2145; baseline -0.01 -6"><span class='ocrx_word' id='word_1_146' title='bbox 629 2097 714 2139; x_wconf 88' lang='lat' dir='ltr'><strong>tnr</strong></span> <span class='ocrx_word' id='word_1_147' title='bbox 740 2092 797 2139; x_wconf 87' lang='lat' dir='ltr'><strong>et</strong></span> <span class='ocrx_word' id='word_1_148' title='bbox 824 2083 1109 2139; x_wconf 72' lang='lat' dir='ltr'><strong>lmdcntur‘.</strong></span> <span class='ocrx_word' id='word_1_149' title='bbox 1138 2080 1206 2135; x_wconf 80' lang='lat' dir='ltr'><strong>In</strong></span> <span class='ocrx_word' id='word_1_150' title='bbox 1230 2080 1482 2145; x_wconf 67' lang='lat' dir='ltr'><strong>omnibus,</strong></span> <span class='ocrx_word' id='word_1_151' title='bbox 1517 2077 1705 2145; x_wconf 81' lang='lat' dir='ltr'><strong>inquit,</strong></span> <span class='ocrx_word' id='word_1_152' title='bbox 1737 2086 1987 2128; x_wconf 76' lang='lat' dir='ltr'><strong>suntcum</strong></span> <span class='ocrx_word' id='word_1_153' title='bbox 2006 2083 2202 2127; x_wconf 81' lang='lat' dir='ltr'><strong>scutum</strong></span> 
     </span>
    </p>
   </div>
   <div class='ocr_carea' id='block_1_20' title="bbox 628 2166 2203 2243">
    <p class='ocr_par' dir='ltr' id='par_1_20' title="bbox 628 2166 2203 2243">
     <span class='ocr_line' id='line_1_20' title="bbox 628 2166 2203 2243; baseline -0.008 -14"><span class='ocrx_word' id='word_1_154' title='bbox 628 2176 768 2243; x_wconf 76' lang='lat' dir='ltr'><strong>ﬁdei.</strong></span> <span class='ocrx_word' id='word_1_155' title='bbox 796 2174 933 2242; x_wconf 84' lang='lat' dir='ltr'><strong>Quid</strong></span> <span class='ocrx_word' id='word_1_156' title='bbox 953 2182 1059 2239; x_wconf 81' lang='lat' dir='ltr'><strong>est,</strong></span> <span class='ocrx_word' id='word_1_157' title='bbox 1089 2171 1156 2227; x_wconf 81' lang='lat' dir='ltr'><strong>In</strong></span> <span class='ocrx_word' id='word_1_158' title='bbox 1176 2170 1455 2225; x_wconf 75' lang='lat' dir='ltr'><strong>omnibus?</strong></span> <span class='ocrx_word' id='word_1_159' title='bbox 1486 2169 1550 2222; x_wconf 86' lang='lat' dir='ltr'><strong>Et</strong></span> <span class='ocrx_word' id='word_1_160' title='bbox 1581 2168 1632 2221; x_wconf 92' lang='lat' dir='ltr'><strong>in</strong></span> <span class='ocrx_word' id='word_1_161' title='bbox 1661 2169 1906 2232; x_wconf 81' lang='lat' dir='ltr'><strong>veritate,</strong></span> <span class='ocrx_word' id='word_1_162' title='bbox 1934 2166 2123 2235; x_wconf 92' lang='lat' dir='ltr'><strong>inquit,</strong></span> <span class='ocrx_word' id='word_1_163' title='bbox 2148 2174 2203 2218; x_wconf 89' lang='lat' dir='ltr'><strong>et</strong></span> 
     </span>
    </p>
   </div>
   <div class='ocr_carea' id='block_1_21' title="bbox 629 2258 2199 2338">
    <p class='ocr_par' dir='ltr' id='par_1_21' title="bbox 629 2258 2199 2338">
     <span class='ocr_line' id='line_1_21' title="bbox 629 2258 2199 2338; baseline -0.008 -16"><span class='ocrx_word' id='word_1_164' title='bbox 629 2272 680 2322; x_wconf 87' lang='lat' dir='ltr'><strong>in</strong></span> <span class='ocrx_word' id='word_1_165' title='bbox 704 2267 909 2338; x_wconf 87' lang='lat' dir='ltr'><strong>justitia</strong></span> <span class='ocrx_word' id='word_1_166' title='bbox 933 2306 951 2333; x_wconf 93' lang='lat'><strong>,</strong></span> <span class='ocrx_word' id='word_1_167' title='bbox 992 2274 1047 2321; x_wconf 90' lang='lat' dir='ltr'><strong>ct</strong></span> <span class='ocrx_word' id='word_1_168' title='bbox 1091 2265 1147 2318; x_wconf 88' lang='lat' dir='ltr'><strong>in</strong></span> <span class='ocrx_word' id='word_1_169' title='bbox 1185 2263 1577 2335; x_wconf 83' lang='lat' dir='ltr'><strong>praeparatione</strong></span> <span class='ocrx_word' id='word_1_170' title='bbox 1603 2259 1885 2330; x_wconf 80' lang='lat' dir='ltr'><strong>evangelii.</strong></span> <span class='ocrx_word' id='word_1_171' title='bbox 1934 2258 2044 2311; x_wconf 85' lang='lat' dir='ltr'><strong>Hoc</strong></span> <span class='ocrx_word' id='word_1_172' title='bbox 2071 2265 2151 2311; x_wconf 86' lang='lat' dir='ltr'><strong>est</strong></span> <span class='ocrx_word' id='word_1_173' title='bbox 2184 2298 2199 2321; x_wconf 94' lang='lat'><strong>,</strong></span> 
     </span>
    </p>
   </div>
   <div class='ocr_carea' id='block_1_22' title="bbox 627 2348 2201 2425">
    <p class='ocr_par' dir='ltr' id='par_1_22' title="bbox 627 2348 2201 2425">
     <span class='ocr_line' id='line_1_22' title="bbox 627 2348 2201 2425; baseline -0.009 -12"><span class='ocrx_word' id='word_1_174' title='bbox 627 2359 805 2413; x_wconf 87' lang='lat' dir='ltr'><strong>omnia</strong></span> <span class='ocrx_word' id='word_1_175' title='bbox 839 2358 955 2412; x_wconf 63' lang='lat' dir='ltr'><strong>haec</strong></span> <span class='ocrx_word' id='word_1_176' title='bbox 1002 2372 1136 2425; x_wconf 86' lang='lat' dir='ltr'><strong>Opus</strong></span> <span class='ocrx_word' id='word_1_177' title='bbox 1181 2356 1269 2409; x_wconf 81' lang='lat' dir='ltr'><strong>illa</strong></span> <span class='ocrx_word' id='word_1_178' title='bbox 1314 2352 1532 2407; x_wconf 84' lang='lat' dir='ltr'><strong>habent.</strong></span> <span class='ocrx_word' id='word_1_179' title='bbox 1559 2352 1851 2419; x_wconf 75' lang='lat' dir='ltr'><strong>Propterea</strong></span> <span class='ocrx_word' id='word_1_180' title='bbox 1893 2348 2201 2417; x_wconf 72' lang='lat' dir='ltr'><strong>subiunxit,</strong></span> 
     </span>
    </p>
   </div>
   <div class='ocr_carea' id='block_1_23' title="bbox 632 2438 2203 2523">
    <p class='ocr_par' dir='ltr' id='par_1_23' title="bbox 632 2438 2203 2523">
     <span class='ocr_line' id='line_1_23' title="bbox 632 2438 2203 2523; baseline -0.01 -16"><span class='ocrx_word' id='word_1_181' title='bbox 632 2454 695 2507; x_wconf 78' lang='lat' dir='ltr'><strong>Et</strong></span> <span class='ocrx_word' id='word_1_182' title='bbox 722 2452 920 2523; x_wconf 78' lang='lat' dir='ltr'><strong>galeam</strong></span> <span class='ocrx_word' id='word_1_183' title='bbox 946 2449 1127 2504; x_wconf 82' lang='lat' dir='ltr'><strong>salutis</strong></span> <span class='ocrx_word' id='word_1_184' title='bbox 1154 2446 1414 2501; x_wconf 76' lang='lat' dir='ltr'><strong>assumite.</strong></span> <span class='ocrx_word' id='word_1_185' title='bbox 1450 2444 1563 2517; x_wconf 74' lang='lat' dir='ltr'><strong>Hoc</strong></span> <span class='ocrx_word' id='word_1_186' title='bbox 1592 2452 1675 2496; x_wconf 90' lang='lat' dir='ltr'><strong>est</strong></span> <span class='ocrx_word' id='word_1_187' title='bbox 1694 2483 1709 2505; x_wconf 90' lang='lat'><strong>,</strong></span> <span class='ocrx_word' id='word_1_188' title='bbox 1739 2442 1842 2495; x_wconf 89' lang='lat' dir='ltr'><strong>Per</strong></span> <span class='ocrx_word' id='word_1_189' title='bbox 1869 2455 1986 2493; x_wconf 86' lang='lat' dir='ltr'><strong>eam</strong></span> <span class='ocrx_word' id='word_1_190' title='bbox 2012 2438 2080 2492; x_wconf 90' lang='lat' dir='ltr'><strong>de</strong></span> <span class='ocrx_word' id='word_1_191' title='bbox 2102 2453 2203 2492; x_wconf 81' lang='lat' dir='ltr'><strong>cae-</strong></span> 
     </span>
    </p>
   </div>
   <div class='ocr_carea' id='block_1_24' title="bbox 630 2529 2199 2614">
    <p class='ocr_par' dir='ltr' id='par_1_24' title="bbox 630 2529 2199 2614">
     <span class='ocr_line' id='line_1_24' title="bbox 630 2529 2199 2614; baseline -0.011 -14"><span class='ocrx_word' id='word_1_192' title='bbox 630 2556 745 2600; x_wconf 88' lang='lat' dir='ltr'><strong>tero</strong></span> <span class='ocrx_word' id='word_1_193' title='bbox 772 2542 1015 2614; x_wconf 88' lang='lat' dir='ltr'><strong>poteritis</strong></span> <span class='ocrx_word' id='word_1_194' title='bbox 1040 2553 1165 2595; x_wconf 84' lang='lat' dir='ltr'><strong>esse</strong></span> <span class='ocrx_word' id='word_1_195' title='bbox 1194 2538 1313 2601; x_wconf 88' lang='lat' dir='ltr'><strong>tuti,</strong></span> <span class='ocrx_word' id='word_1_196' title='bbox 1342 2548 1400 2592; x_wconf 89' lang='lat' dir='ltr'><strong>et</strong></span> <span class='ocrx_word' id='word_1_197' title='bbox 1438 2550 1597 2589; x_wconf 86' lang='lat' dir='ltr'><strong>omne</strong></span> <span class='ocrx_word' id='word_1_198' title='bbox 1627 2532 1919 2603; x_wconf 89' lang='lat' dir='ltr'><strong>periculum</strong></span> <span class='ocrx_word' id='word_1_199' title='bbox 1950 2529 2199 2600; x_wconf 76' lang='lat' dir='ltr'><strong>cli‘ugere.</strong></span> 
     </span>
    </p>
   </div>
   <div class='ocr_carea' id='block_1_25' title="bbox 626 2624 2202 2701">
    <p class='ocr_par' dir='ltr' id='par_1_25' title="bbox 626 2624 2202 2701">
     <span class='ocr_line' id='line_1_25' title="bbox 626 2624 2202 2701; baseline -0.012 -9"><span class='ocrx_word' id='word_1_200' title='bbox 626 2637 777 2693; x_wconf 89' lang='lat' dir='ltr'><strong>Sicut</strong></span> <span class='ocrx_word' id='word_1_201' title='bbox 804 2634 946 2690; x_wconf 90' lang='lat' dir='ltr'><strong>enim</strong></span> <span class='ocrx_word' id='word_1_202' title='bbox 975 2633 1126 2701; x_wconf 83' lang='lat' dir='ltr'><strong>galea</strong></span> <span class='ocrx_word' id='word_1_203' title='bbox 1151 2672 1167 2695; x_wconf 97' lang='lat'><strong>,</strong></span> <span class='ocrx_word' id='word_1_204' title='bbox 1196 2636 1383 2685; x_wconf 77' lang='lat' dir='ltr'><strong>exacte</strong></span> <span class='ocrx_word' id='word_1_205' title='bbox 1406 2635 1566 2696; x_wconf 87' lang='lat' dir='ltr'><strong>caput</strong></span> <span class='ocrx_word' id='word_1_206' title='bbox 1590 2624 1823 2693; x_wconf 88' lang='lat' dir='ltr'><strong>undique</strong></span> <span class='ocrx_word' id='word_1_207' title='bbox 1849 2631 2031 2693; x_wconf 86' lang='lat' dir='ltr'><strong>tegens</strong></span> <span class='ocrx_word' id='word_1_208' title='bbox 2056 2661 2072 2684; x_wconf 88' lang='lat'><strong>,</strong></span> <span class='ocrx_word' id='word_1_209' title='bbox 2096 2634 2202 2675; x_wconf 89' lang='lat' dir='ltr'><strong>non</strong></span> 
     </span>
    </p>
   </div>
   <div class='ocr_carea' id='block_1_26' title="bbox 628 2711 2203 2795">
    <p class='ocr_par' dir='ltr' id='par_1_26' title="bbox 628 2711 2203 2795">
     <span class='ocr_line' id='line_1_26' title="bbox 628 2711 2203 2795; baseline -0.013 -12"><span class='ocrx_word' id='word_1_210' title='bbox 628 2728 757 2783; x_wconf 81' lang='lat' dir='ltr'><strong>sinit</strong></span> <span class='ocrx_word' id='word_1_211' title='bbox 779 2736 837 2781; x_wconf 91' lang='lat' dir='ltr'><strong>ut</strong></span> <span class='ocrx_word' id='word_1_212' title='bbox 874 2721 1075 2795; x_wconf 87' lang='lat' dir='ltr'><strong>aliquid</strong></span> <span class='ocrx_word' id='word_1_213' title='bbox 1099 2735 1264 2792; x_wconf 87' lang='lat' dir='ltr'><strong>grave</strong></span> <span class='ocrx_word' id='word_1_214' title='bbox 1291 2718 1552 2789; x_wconf 85' lang='lat' dir='ltr'><strong>patiatur,</strong></span> <span class='ocrx_word' id='word_1_215' title='bbox 1581 2714 1679 2769; x_wconf 85' lang='lat' dir='ltr'><strong>sed</strong></span> <span class='ocrx_word' id='word_1_216' title='bbox 1706 2714 1759 2768; x_wconf 91' lang='lat' dir='ltr'><strong>id</strong></span> <span class='ocrx_word' id='word_1_217' title='bbox 1783 2719 2069 2767; x_wconf 86' lang='lat' dir='ltr'><strong>conservat</strong></span> <span class='ocrx_word' id='word_1_218' title='bbox 2092 2729 2107 2764; x_wconf 77' lang='grc' dir='ltr'><strong>ε</strong></span> <span class='ocrx_word' id='word_1_219' title='bbox 2132 2711 2203 2764; x_wconf 83' lang='lat' dir='ltr'><strong>ita</strong></span> 
     </span>
    </p>
   </div>
   <div class='ocr_carea' id='block_1_27' title="bbox 627 2803 2203 2883">
    <p class='ocr_par' dir='ltr' id='par_1_27' title="bbox 627 2803 2203 2883">
     <span class='ocr_line' id='line_1_27' title="bbox 627 2803 2203 2883; baseline -0.011 -9"><span class='ocrx_word' id='word_1_220' title='bbox 627 2819 789 2874; x_wconf 89' lang='lat' dir='ltr'><strong>etiam</strong></span> <span class='ocrx_word' id='word_1_221' title='bbox 819 2816 953 2870; x_wconf 82' lang='lat' dir='ltr'><strong>fides</strong></span> <span class='ocrx_word' id='word_1_222' title='bbox 993 2823 1079 2869; x_wconf 88' lang='lat' dir='ltr'><strong>est</strong></span> <span class='ocrx_word' id='word_1_223' title='bbox 1118 2826 1218 2883; x_wconf 88' lang='lat' dir='ltr'><strong>pro</strong></span> <span class='ocrx_word' id='word_1_224' title='bbox 1240 2818 1396 2866; x_wconf 88' lang='lat' dir='ltr'><strong>scuto</strong></span> <span class='ocrx_word' id='word_1_225' title='bbox 1425 2849 1442 2872; x_wconf 91' lang='lat'><strong>,</strong></span> <span class='ocrx_word' id='word_1_226' title='bbox 1469 2818 1528 2862; x_wconf 89' lang='lat' dir='ltr'><strong>et</strong></span> <span class='ocrx_word' id='word_1_227' title='bbox 1569 2822 1665 2876; x_wconf 89' lang='lat' dir='ltr'><strong>pro</strong></span> <span class='ocrx_word' id='word_1_228' title='bbox 1714 2805 1861 2874; x_wconf 82' lang='lat' dir='ltr'><strong>galea</strong></span> <span class='ocrx_word' id='word_1_229' title='bbox 1911 2804 2117 2858; x_wconf 85' lang='lat' dir='ltr'><strong>salutis.</strong></span> <span class='ocrx_word' id='word_1_230' title='bbox 2149 2803 2203 2857; x_wconf 89' lang='lat' dir='ltr'><strong>Si</strong></span> 
     </span>
    </p>
   </div>
   <div class='ocr_carea' id='block_1_28' title="bbox 628 2896 2205 2979">
    <p class='ocr_par' dir='ltr' id='par_1_28' title="bbox 628 2896 2205 2979">
     <span class='ocr_line' id='line_1_28' title="bbox 628 2896 2205 2979; baseline -0.012 -13"><span class='ocrx_word' id='word_1_231' title='bbox 628 2911 773 2967; x_wconf 84' lang='lat' dir='ltr'><strong>enim</strong></span> <span class='ocrx_word' id='word_1_232' title='bbox 800 2908 919 2979; x_wconf 85' lang='lat' dir='ltr'><strong>ejus</strong></span> <span class='ocrx_word' id='word_1_233' title='bbox 944 2907 1048 2961; x_wconf 88' lang='lat' dir='ltr'><strong>tela</strong></span> <span class='ocrx_word' id='word_1_234' title='bbox 1066 2902 1504 2965; x_wconf 76' lang='lat' dir='ltr'><strong>exstinxerimus,</strong></span> <span class='ocrx_word' id='word_1_235' title='bbox 1530 2900 1644 2960; x_wconf 77' lang='lat' dir='ltr'><strong>cito</strong></span> <span class='ocrx_word' id='word_1_236' title='bbox 1664 2898 1828 2951; x_wconf 83' lang='lat' dir='ltr'><strong>etiam</strong></span> <span class='ocrx_word' id='word_1_237' title='bbox 1854 2896 2205 2963; x_wconf 87' lang='lat' dir='ltr'><strong>suscipiemus</strong></span> 
     </span>
    </p>
   </div>
   <div class='ocr_carea' id='block_1_29' title="bbox 631 2986 2207 3069">
    <p class='ocr_par' dir='ltr' id='par_1_29' title="bbox 631 2986 2207 3069">
     <span class='ocr_line' id='line_1_29' title="bbox 631 2986 2207 3069; baseline -0.014 -10"><span class='ocrx_word' id='word_1_238' title='bbox 631 3002 865 3058; x_wconf 80' lang='lat' dir='ltr'><strong>rationes</strong></span> <span class='ocrx_word' id='word_1_239' title='bbox 890 3014 1012 3069; x_wconf 77' lang='lat' dir='ltr'><strong>qute</strong></span> <span class='ocrx_word' id='word_1_240' title='bbox 1034 3003 1391 3059; x_wconf 88' lang='lat' dir='ltr'><strong>conservant,</strong></span> <span class='ocrx_word' id='word_1_241' title='bbox 1414 3006 1533 3062; x_wconf 65' lang='lat' dir='ltr'><strong>quae</strong></span> <span class='ocrx_word' id='word_1_242' title='bbox 1560 3006 1667 3045; x_wconf 87' lang='lat' dir='ltr'><strong>non</strong></span> <span class='ocrx_word' id='word_1_243' title='bbox 1698 2991 1876 3042; x_wconf 86' lang='lat' dir='ltr'><strong>sinant</strong></span> <span class='ocrx_word' id='word_1_244' title='bbox 1906 2998 1960 3040; x_wconf 89' lang='lat' dir='ltr'><strong>ut</strong></span> <span class='ocrx_word' id='word_1_245' title='bbox 1986 2986 2207 3039; x_wconf 80' lang='lat' dir='ltr'><strong>facultas</strong></span> 
     </span>
    </p>
   </div>
   <div class='ocr_carea' id='block_1_30' title="bbox 630 3076 2206 3161">
    <p class='ocr_par' dir='ltr' id='par_1_30' title="bbox 630 3076 2206 3161">
     <span class='ocr_line' id='line_1_30' title="bbox 630 3076 2206 3161; baseline -0.013 -13"><span class='ocrx_word' id='word_1_246' title='bbox 630 3108 750 3161; x_wconf 67' lang='lat' dir='ltr'><strong>quae</strong></span> <span class='ocrx_word' id='word_1_247' title='bbox 777 3100 924 3146; x_wconf 87' lang='lat' dir='ltr'><strong>tenet</strong></span> <span class='ocrx_word' id='word_1_248' title='bbox 956 3088 1308 3158; x_wconf 83' lang='lat' dir='ltr'><strong>principatum</strong></span> <span class='ocrx_word' id='word_1_249' title='bbox 1348 3082 1547 3153; x_wconf 88' lang='lat' dir='ltr'><strong>aliquid</strong></span> <span class='ocrx_word' id='word_1_250' title='bbox 1578 3081 1843 3161; x_wconf 76' lang='lat' dir='ltr'><strong>patiatur.</strong></span> <span class='ocrx_word' id='word_1_251' title='bbox 1888 3076 2016 3131; x_wconf 82' lang='lat' dir='ltr'><strong>Nam</strong></span> <span class='ocrx_word' id='word_1_252' title='bbox 2048 3076 2092 3130; x_wconf 89' lang='lat' dir='ltr'><strong>si</strong></span> <span class='ocrx_word' id='word_1_253' title='bbox 2124 3076 2206 3128; x_wconf 63' lang='lat' dir='ltr'><strong>hae</strong></span> 
     </span>
    </p>
   </div>
   <div class='ocr_carea' id='block_1_31' title="bbox 629 3156 2206 3241">
    <p class='ocr_par' dir='ltr' id='par_1_31' title="bbox 629 3156 2206 3241">
     <span class='ocr_line' id='line_1_31' title="bbox 629 3156 2206 3241; baseline -0.011 -3"><span class='ocrx_word' id='word_1_254' title='bbox 629 3156 913 3237; x_wconf 66' lang='lat' dir='ltr'><strong>conuariat</strong></span> <span class='ocrx_word' id='word_1_255' title='bbox 934 3156 1177 3233; x_wconf 77' lang='lat' dir='ltr'><strong>rationes</strong></span> <span class='ocrx_word' id='word_1_256' title='bbox 1203 3173 1612 3241; x_wconf 80' lang='lat' dir='ltr'><strong>exstingnantur</strong></span> <span class='ocrx_word' id='word_1_257' title='bbox 1641 3156 1667 3223; x_wconf 71' lang='grc' dir='ltr'><em>ἶ</em></span> <span class='ocrx_word' id='word_1_258' title='bbox 1683 3168 1791 3223; x_wconf 91' lang='lat' dir='ltr'><strong>cito</strong></span> <span class='ocrx_word' id='word_1_259' title='bbox 1809 3183 1931 3237; x_wconf 84' lang='lat' dir='ltr'><strong>quae</strong></span> <span class='ocrx_word' id='word_1_260' title='bbox 1956 3181 2062 3220; x_wconf 91' lang='lat' dir='ltr'><strong>non</strong></span> <span class='ocrx_word' id='word_1_261' title='bbox 2082 3176 2206 3220; x_wconf 90' lang='lat' dir='ltr'><strong>sunt</strong></span> 
     </span>
    </p>
   </div>
   <div class='ocr_carea' id='block_1_32' title="bbox 633 3259 2205 3335">
    <p class='ocr_par' dir='ltr' id='par_1_32' title="bbox 633 3259 2205 3335">
     <span class='ocr_line' id='line_1_32' title="bbox 633 3259 2205 3335; baseline -0.011 -9"><span class='ocrx_word' id='word_1_262' title='bbox 633 3273 765 3326; x_wconf 85' lang='lat' dir='ltr'><strong>tales</strong></span> <span class='ocrx_word' id='word_1_263' title='bbox 786 3310 803 3335; x_wconf 96' lang='lat'><strong>,</strong></span> <span class='ocrx_word' id='word_1_264' title='bbox 831 3268 929 3324; x_wconf 86' lang='lat' dir='ltr'><strong>sed</strong></span> <span class='ocrx_word' id='word_1_265' title='bbox 955 3282 1054 3322; x_wconf 89' lang='lat' dir='ltr'><strong>nos</strong></span> <span class='ocrx_word' id='word_1_266' title='bbox 1080 3271 1301 3321; x_wconf 81' lang='lat' dir='ltr'><strong>servant</strong></span> <span class='ocrx_word' id='word_1_267' title='bbox 1322 3302 1340 3326; x_wconf 91' lang='lat'><strong>,</strong></span> <span class='ocrx_word' id='word_1_268' title='bbox 1368 3270 1428 3316; x_wconf 87' lang='lat' dir='ltr'><strong>et</strong></span> <span class='ocrx_word' id='word_1_269' title='bbox 1453 3260 1691 3317; x_wconf 78' lang='lat' dir='ltr'><strong>efficiunt</strong></span> <span class='ocrx_word' id='word_1_270' title='bbox 1720 3266 1777 3312; x_wconf 87' lang='lat' dir='ltr'><strong>ut</strong></span> <span class='ocrx_word' id='word_1_271' title='bbox 1821 3259 2012 3312; x_wconf 86' lang='lat' dir='ltr'><strong>bonam</strong></span> <span class='ocrx_word' id='word_1_272' title='bbox 2054 3271 2205 3325; x_wconf 85' lang='lat' dir='ltr'><strong>spem</strong></span> 
     </span>
    </p>
   </div>
   <div class='ocr_carea' id='block_1_33' title="bbox 634 3350 2207 3423">
    <p class='ocr_par' dir='ltr' id='par_1_33' title="bbox 634 3350 2207 3423">
     <span class='ocr_line' id='line_1_33' title="bbox 634 3350 2207 3423; baseline -0.008 -8"><span class='ocrx_word' id='word_1_273' title='bbox 634 3364 925 3417; x_wconf 69' lang='lat' dir='ltr'><strong>habeamus</strong></span> <span class='ocrx_word' id='word_1_274' title='bbox 943 3401 959 3423; x_wconf 94' lang='lat'><strong>,</strong></span> <span class='ocrx_word' id='word_1_275' title='bbox 991 3362 1045 3413; x_wconf 87' lang='lat' dir='ltr'><strong>in</strong></span> <span class='ocrx_word' id='word_1_276' title='bbox 1072 3357 1229 3412; x_wconf 82' lang='lat' dir='ltr'><strong>nobis</strong></span> <span class='ocrx_word' id='word_1_277' title='bbox 1255 3362 1543 3410; x_wconf 85' lang='lat' dir='ltr'><strong>nascentur</strong></span> <span class='ocrx_word' id='word_1_278' title='bbox 1565 3369 1582 3418; x_wconf 87' lang='lat'><strong>;</strong></span> <span class='ocrx_word' id='word_1_279' title='bbox 1602 3362 1655 3406; x_wconf 85' lang='lat' dir='ltr'><strong>et</strong></span> <span class='ocrx_word' id='word_1_280' title='bbox 1682 3352 1821 3405; x_wconf 86' lang='lat' dir='ltr'><strong>sicut</strong></span> <span class='ocrx_word' id='word_1_281' title='bbox 1845 3350 1992 3418; x_wconf 78' lang='lat' dir='ltr'><strong>galea</strong></span> <span class='ocrx_word' id='word_1_282' title='bbox 2035 3350 2089 3403; x_wconf 91' lang='lat' dir='ltr'><strong>in</strong></span> <span class='ocrx_word' id='word_1_283' title='bbox 2114 3364 2207 3403; x_wconf 88' lang='lat' dir='ltr'><strong>ca-</strong></span> 
     </span>
    </p>
   </div>
   <div class='ocr_carea' id='block_1_34' title="bbox 633 3441 2203 3525">
    <p class='ocr_par' dir='ltr' id='par_1_34' title="bbox 633 3441 2203 3525">
     <span class='ocr_line' id='line_1_34' title="bbox 633 3441 2203 3525; baseline -0.011 -16"><span class='ocrx_word' id='word_1_284' title='bbox 633 3455 761 3525; x_wconf 89' lang='lat' dir='ltr'><strong>pite,</strong></span> <span class='ocrx_word' id='word_1_285' title='bbox 788 3453 1003 3507; x_wconf 87' lang='lat' dir='ltr'><strong>inerunt</strong></span> <span class='ocrx_word' id='word_1_286' title='bbox 1036 3450 1091 3505; x_wconf 78' lang='lat' dir='ltr'><strong>in</strong></span> <span class='ocrx_word' id='word_1_287' title='bbox 1125 3446 1379 3501; x_wconf 76' lang='lat' dir='ltr'><strong>facultate</strong></span> <span class='ocrx_word' id='word_1_288' title='bbox 1405 3458 1528 3514; x_wconf 80' lang='lat' dir='ltr'><strong>qute</strong></span> <span class='ocrx_word' id='word_1_289' title='bbox 1555 3444 1608 3498; x_wconf 89' lang='lat' dir='ltr'><strong>in</strong></span> <span class='ocrx_word' id='word_1_290' title='bbox 1641 3441 1796 3496; x_wconf 88' lang='lat' dir='ltr'><strong>nobis</strong></span> <span class='ocrx_word' id='word_1_291' title='bbox 1816 3441 2026 3495; x_wconf 82' lang='lat' dir='ltr'><strong>obtinet</strong></span> <span class='ocrx_word' id='word_1_292' title='bbox 2058 3441 2203 3509; x_wconf 88' lang='lat' dir='ltr'><strong>prin-</strong></span> 
     </span>
    </p>
   </div>
   <div class='ocr_carea' id='block_1_35' title="bbox 630 3547 887 3614">
    <p class='ocr_par' dir='ltr' id='par_1_35' title="bbox 630 3547 887 3614">
     <span class='ocr_line' id='line_1_35' title="bbox 630 3547 887 3614; baseline -0.019 -14"><span class='ocrx_word' id='word_1_293' title='bbox 630 3547 887 3614; x_wconf 87' lang='lat' dir='ltr'><strong>cipatnm.</strong></span> 
     </span>
    </p>
   </div>
   <div class='ocr_carea' id='block_1_36' title="bbox 702 3624 2203 3696">
    <p class='ocr_par' dir='ltr' id='par_1_36' title="bbox 702 3624 2203 3696">
     <span class='ocr_line' id='line_1_36' title="bbox 702 3624 2203 3696; baseline -0.012 -1"><span class='ocrx_word' id='word_1_294' title='bbox 702 3640 757 3694; x_wconf 78' lang='grc'><strong>5.</strong></span> <span class='ocrx_word' id='word_1_295' title='bbox 798 3636 907 3692; x_wconf 76' lang='lat' dir='ltr'><strong>Nec</strong></span> <span class='ocrx_word' id='word_1_296' title='bbox 929 3635 1035 3689; x_wconf 85' lang='lat' dir='ltr'><strong>hoc</strong></span> <span class='ocrx_word' id='word_1_297' title='bbox 1065 3633 1238 3687; x_wconf 84' lang='lat' dir='ltr'><strong>solum</strong></span> <span class='ocrx_word' id='word_1_298' title='bbox 1258 3668 1275 3696; x_wconf 87' lang='lat'><strong>,</strong></span> <span class='ocrx_word' id='word_1_299' title='bbox 1305 3630 1401 3683; x_wconf 79' lang='lat' dir='ltr'><strong>sed</strong></span> <span class='ocrx_word' id='word_1_300' title='bbox 1431 3629 1592 3683; x_wconf 89' lang='lat' dir='ltr'><strong>etiam</strong></span> <span class='ocrx_word' id='word_1_301' title='bbox 1616 3625 1849 3695; x_wconf 82' lang='lat' dir='ltr'><strong>gladium</strong></span> <span class='ocrx_word' id='word_1_302' title='bbox 1876 3624 2203 3690; x_wconf 78' lang='lat' dir='ltr'><strong>accipiemus</strong></span> 
     </span>
    </p>
   </div>
   <div class='ocr_carea' id='block_1_37' title="bbox 634 3716 2211 3801">
    <p class='ocr_par' dir='ltr' id='par_1_37' title="bbox 634 3716 2211 3801">
     <span class='ocr_line' id='line_1_37' title="bbox 634 3716 2211 3801; baseline -0.01 -16"><span class='ocrx_word' id='word_1_303' title='bbox 634 3732 887 3801; x_wconf 82' lang='lat' dir='ltr'><strong>Spiritus,</strong></span> <span class='ocrx_word' id='word_1_304' title='bbox 916 3738 975 3781; x_wconf 87' lang='lat' dir='ltr'><strong>ut</strong></span> <span class='ocrx_word' id='word_1_305' title='bbox 1001 3728 1053 3780; x_wconf 89' lang='lat' dir='ltr'><strong>in</strong></span> <span class='ocrx_word' id='word_1_306' title='bbox 1082 3732 1355 3795; x_wconf 86' lang='lat' dir='ltr'><strong>posterum</strong></span> <span class='ocrx_word' id='word_1_307' title='bbox 1382 3734 1488 3774; x_wconf 87' lang='lat' dir='ltr'><strong>non</strong></span> <span class='ocrx_word' id='word_1_308' title='bbox 1514 3719 1690 3773; x_wconf 88' lang='lat' dir='ltr'><strong>solum</strong></span> <span class='ocrx_word' id='word_1_309' title='bbox 1713 3716 1812 3770; x_wconf 89' lang='lat' dir='ltr'><strong>tuti</strong></span> <span class='ocrx_word' id='word_1_310' title='bbox 1840 3716 2007 3770; x_wconf 88' lang='lat' dir='ltr'><strong>simus</strong></span> <span class='ocrx_word' id='word_1_311' title='bbox 2032 3731 2063 3768; x_wconf 89' lang='lat' dir='ltr'><strong>a</strong></span> <span class='ocrx_word' id='word_1_312' title='bbox 2091 3717 2211 3769; x_wconf 87' lang='lat' dir='ltr'><strong>telis</strong></span> 
     </span>
    </p>
   </div>
   <div class='ocr_carea' id='block_1_38' title="bbox 634 3808 2207 3892">
    <p class='ocr_par' dir='ltr' id='par_1_38' title="bbox 634 3808 2207 3892">
     <span class='ocr_line' id='line_1_38' title="bbox 634 3808 2207 3892; baseline -0.01 -16"><span class='ocrx_word' id='word_1_313' title='bbox 634 3838 753 3892; x_wconf 79' lang='lat' dir='ltr'><strong>qua:</strong></span> <span class='ocrx_word' id='word_1_314' title='bbox 782 3822 1083 3881; x_wconf 89' lang='lat' dir='ltr'><strong>mittuntur,</strong></span> <span class='ocrx_word' id='word_1_315' title='bbox 1110 3815 1207 3870; x_wconf 89' lang='lat' dir='ltr'><strong>sed</strong></span> <span class='ocrx_word' id='word_1_316' title='bbox 1230 3829 1293 3869; x_wconf 90' lang='lat' dir='ltr'><strong>ea</strong></span> <span class='ocrx_word' id='word_1_317' title='bbox 1316 3813 1476 3867; x_wconf 85' lang='lat' dir='ltr'><strong>etiam</strong></span> <span class='ocrx_word' id='word_1_318' title='bbox 1498 3812 1671 3881; x_wconf 81' lang='lat' dir='ltr'><strong>ipsum</strong></span> <span class='ocrx_word' id='word_1_319' title='bbox 1706 3808 1899 3863; x_wconf 82' lang='lat' dir='ltr'><strong>feriant</strong></span> <span class='ocrx_word' id='word_1_320' title='bbox 1914 3808 2207 3862; x_wconf 77' lang='lat' dir='ltr'><strong>diabolum.</strong></span> 
     </span>
    </p>
   </div>
   <div class='ocr_carea' id='block_1_39' title="bbox 638 3899 2213 3977">
    <p class='ocr_par' dir='ltr' id='par_1_39' title="bbox 638 3899 2213 3977">
     <span class='ocr_line' id='line_1_39' title="bbox 638 3899 2213 3977; baseline -0.009 -11"><span class='ocrx_word' id='word_1_321' title='bbox 638 3915 829 3967; x_wconf 80' lang='lat' dir='ltr'><strong>Anima</strong></span> <span class='ocrx_word' id='word_1_322' title='bbox 852 3909 998 3964; x_wconf 86' lang='lat' dir='ltr'><strong>enim</strong></span> <span class='ocrx_word' id='word_1_323' title='bbox 1025 3922 1145 3977; x_wconf 66' lang='lat' dir='ltr'><strong>quae</strong></span> <span class='ocrx_word' id='word_1_324' title='bbox 1163 3920 1272 3959; x_wconf 90' lang='lat' dir='ltr'><strong>non</strong></span> <span class='ocrx_word' id='word_1_325' title='bbox 1293 3904 1547 3972; x_wconf 83' lang='lat' dir='ltr'><strong>desperat</strong></span> <span class='ocrx_word' id='word_1_326' title='bbox 1566 3938 1581 3965; x_wconf 90' lang='lat'><strong>,</strong></span> <span class='ocrx_word' id='word_1_327' title='bbox 1612 3913 1784 3969; x_wconf 86' lang='lat' dir='ltr'><strong>neque</strong></span> <span class='ocrx_word' id='word_1_328' title='bbox 1810 3900 1914 3953; x_wconf 88' lang='lat' dir='ltr'><strong>tela</strong></span> <span class='ocrx_word' id='word_1_329' title='bbox 1938 3899 2098 3977; x_wconf 72' lang='lat' dir='ltr'><strong>ignita</strong></span> <span class='ocrx_word' id='word_1_330' title='bbox 2124 3913 2213 3952; x_wconf 83' lang='lat' dir='ltr'><strong>ac-</strong></span> 
     </span>
    </p>
   </div>
   <div class='ocr_carea' id='block_1_40' title="bbox 636 3987 2213 4072">
    <p class='ocr_par' dir='ltr' id='par_1_40' title="bbox 636 3987 2213 4072">
     <span class='ocr_line' id='line_1_40' title="bbox 636 3987 2213 4072; baseline -0.013 -14"><span class='ocrx_word' id='word_1_331' title='bbox 636 4006 785 4072; x_wconf 85' lang='lat' dir='ltr'><strong>cipit,</strong></span> <span class='ocrx_word' id='word_1_332' title='bbox 813 4015 935 4055; x_wconf 90' lang='lat' dir='ltr'><strong>cum</strong></span> <span class='ocrx_word' id='word_1_333' title='bbox 975 4012 1163 4066; x_wconf 82' lang='lat' dir='ltr'><strong>magna</strong></span> <span class='ocrx_word' id='word_1_334' title='bbox 1203 3993 1368 4049; x_wconf 89' lang='lat' dir='ltr'><strong>animi</strong></span> <span class='ocrx_word' id='word_1_335' title='bbox 1412 3992 1689 4045; x_wconf 85' lang='lat' dir='ltr'><strong>alacritate</strong></span> <span class='ocrx_word' id='word_1_336' title='bbox 1744 3989 1906 4043; x_wconf 83' lang='lat' dir='ltr'><strong>stabit</strong></span> <span class='ocrx_word' id='word_1_337' title='bbox 1958 3987 2213 4042; x_wconf 74' lang='lat' dir='ltr'><strong>adversus</strong></span> 
     </span>
    </p>
   </div>
   <div class='ocr_carea' id='block_1_41' title="bbox 638 4078 2214 4157">
    <p class='ocr_par' dir='ltr' id='par_1_41' title="bbox 638 4078 2214 4157">
     <span class='ocr_line' id='line_1_41' title="bbox 638 4078 2214 4157; baseline -0.012 -8"><span class='ocrx_word' id='word_1_338' title='bbox 638 4094 913 4149; x_wconf 87' lang='lat' dir='ltr'><strong>inimicum</strong></span> <span class='ocrx_word' id='word_1_339' title='bbox 935 4132 951 4154; x_wconf 95' lang='lat'><strong>,</strong></span> <span class='ocrx_word' id='word_1_340' title='bbox 983 4086 1275 4157; x_wconf 82' lang='lat' dir='ltr'><strong>perfringet</strong></span> <span class='ocrx_word' id='word_1_341' title='bbox 1306 4086 1407 4137; x_wconf 85' lang='lat' dir='ltr'><strong>hoc</strong></span> <span class='ocrx_word' id='word_1_342' title='bbox 1432 4081 1611 4151; x_wconf 86' lang='lat' dir='ltr'><strong>gladio</strong></span> <span class='ocrx_word' id='word_1_343' title='bbox 1639 4078 1756 4148; x_wconf 79' lang='lat' dir='ltr'><strong>ejus</strong></span> <span class='ocrx_word' id='word_1_344' title='bbox 1782 4080 2053 4132; x_wconf 83' lang='lat' dir='ltr'><strong>thoracem</strong></span> <span class='ocrx_word' id='word_1_345' title='bbox 2072 4118 2090 4140; x_wconf 89' lang='lat'><strong>,</strong></span> <span class='ocrx_word' id='word_1_346' title='bbox 2121 4092 2214 4145; x_wconf 85' lang='lat' dir='ltr'><strong>per</strong></span> 
     </span>
    </p>
   </div>
   <div class='ocr_carea' id='block_1_42' title="bbox 638 4170 2213 4255">
    <p class='ocr_par' dir='ltr' id='par_1_42' title="bbox 638 4170 2213 4255">
     <span class='ocr_line' id='line_1_42' title="bbox 638 4170 2213 4255; baseline -0.013 -15"><span class='ocrx_word' id='word_1_347' title='bbox 638 4200 797 4255; x_wconf 88' lang='lat' dir='ltr'><strong>quem</strong></span> <span class='ocrx_word' id='word_1_348' title='bbox 822 4180 1085 4248; x_wconf 84' lang='lat' dir='ltr'><strong>confregit</strong></span> <span class='ocrx_word' id='word_1_349' title='bbox 1110 4186 1167 4231; x_wconf 89' lang='lat' dir='ltr'><strong>et</strong></span> <span class='ocrx_word' id='word_1_350' title='bbox 1189 4176 1304 4245; x_wconf 79' lang='lat' dir='ltr'><strong>ejus</strong></span> <span class='ocrx_word' id='word_1_351' title='bbox 1332 4174 1560 4244; x_wconf 85' lang='lat' dir='ltr'><strong>cogitata</strong></span> <span class='ocrx_word' id='word_1_352' title='bbox 1605 4171 1809 4241; x_wconf 80' lang='lat' dir='ltr'><strong>redegit</strong></span> <span class='ocrx_word' id='word_1_353' title='bbox 1850 4171 1901 4224; x_wconf 89' lang='lat' dir='ltr'><strong>in</strong></span> <span class='ocrx_word' id='word_1_354' title='bbox 1937 4170 2213 4238; x_wconf 84' lang='lat' dir='ltr'><strong>captivita-</strong></span> 
     </span>
    </p>
   </div>
   <div class='ocr_carea' id='block_1_43' title="bbox 641 4261 2215 4336">
    <p class='ocr_par' dir='ltr' id='par_1_43' title="bbox 641 4261 2215 4336">
     <span class='ocr_line' id='line_1_43' title="bbox 641 4261 2215 4336; baseline -0.011 -7"><span class='ocrx_word' id='word_1_355' title='bbox 641 4288 748 4329; x_wconf 87' lang='lat' dir='ltr'><strong>tem</strong></span> <span class='ocrx_word' id='word_1_356' title='bbox 778 4274 971 4327; x_wconf 86' lang='lat' dir='ltr'><strong>Paulus</strong></span> <span class='ocrx_word' id='word_1_357' title='bbox 996 4312 1011 4336; x_wconf 94' lang='lat'><strong>,</strong></span> <span class='ocrx_word' id='word_1_358' title='bbox 1043 4269 1438 4334; x_wconf 86' lang='lat' dir='ltr'><strong>draconemqne</strong></span> <span class='ocrx_word' id='word_1_359' title='bbox 1457 4261 1770 4317; x_wconf 88' lang='lat' dir='ltr'><strong>conscindet</strong></span> <span class='ocrx_word' id='word_1_360' title='bbox 1792 4301 1806 4323; x_wconf 89' lang='lat'><strong>,</strong></span> <span class='ocrx_word' id='word_1_361' title='bbox 1832 4271 1888 4315; x_wconf 87' lang='lat' dir='ltr'><strong>et</strong></span> <span class='ocrx_word' id='word_1_362' title='bbox 1912 4261 2029 4327; x_wconf 88' lang='lat' dir='ltr'><strong>ejus</strong></span> <span class='ocrx_word' id='word_1_363' title='bbox 2058 4269 2215 4327; x_wconf 85' lang='lat' dir='ltr'><strong>caput</strong></span> 
     </span>
    </p>
   </div>
   <div class='ocr_carea' id='block_1_44' title="bbox 641 4337 2216 4432">
    <p class='ocr_par' dir='ltr' id='par_1_44' title="bbox 641 4337 2216 4432">
     <span class='ocr_line' id='line_1_44' title="bbox 641 4337 2216 4432; baseline -0.007 -16"><span class='ocrx_word' id='word_1_364' title='bbox 641 4360 967 4432; x_wconf 73' lang='lat' dir='ltr'><strong>amputabjt.</strong></span> <span class='ocrx_word' id='word_1_365' title='bbox 1002 4355 1157 4423; x_wconf 73' lang='lat' dir='ltr'><strong>Quod</strong></span> <span class='ocrx_word' id='word_1_366' title='bbox 1201 4366 1278 4432; x_wconf 73' lang='lat' dir='ltr'><strong>est</strong></span> <span class='ocrx_word' id='word_1_367' title='bbox 1313 4353 1527 4408; x_wconf 68' lang='lat' dir='ltr'><strong>verbum</strong></span> <span class='ocrx_word' id='word_1_368' title='bbox 1564 4352 1677 4406; x_wconf 84' lang='lat' dir='ltr'><strong>Dei.</strong></span> <span class='ocrx_word' id='word_1_369' title='bbox 1707 4337 1817 4405; x_wconf 61' lang='lat' dir='ltr'><strong>Aut</strong></span> <span class='ocrx_word' id='word_1_370' title='bbox 1840 4350 2055 4420; x_wconf 85' lang='lat' dir='ltr'><strong>jussnm</strong></span> <span class='ocrx_word' id='word_1_371' title='bbox 2094 4349 2216 4418; x_wconf 80' lang='lat' dir='ltr'><strong>ejus</strong></span> 
     </span>
    </p>
   </div>
   <div class='ocr_carea' id='block_1_45' title="bbox 643 4430 2215 4514">
    <p class='ocr_par' dir='ltr' id='par_1_45' title="bbox 643 4430 2215 4514">
     <span class='ocr_line' id='line_1_45' title="bbox 643 4430 2215 4514; baseline -0.009 -7"><span class='ocrx_word' id='word_1_372' title='bbox 643 4430 907 4507; x_wconf 16' lang='lat' dir='ltr'><strong>bicidicit</strong></span> <span class='ocrx_word' id='word_1_373' title='bbox 927 4450 1175 4513; x_wconf 75' lang='lat' dir='ltr'><strong>verbum,</strong></span> <span class='ocrx_word' id='word_1_374' title='bbox 1202 4430 1299 4500; x_wconf 84' lang='lat' dir='ltr'><strong>aut</strong></span> <span class='ocrx_word' id='word_1_375' title='bbox 1330 4453 1683 4514; x_wconf 67' lang='lat' dir='ltr'><strong>praeceptum,</strong></span> <span class='ocrx_word' id='word_1_376' title='bbox 1714 4443 1858 4511; x_wconf 89' lang='lat' dir='ltr'><strong>quod</strong></span> <span class='ocrx_word' id='word_1_377' title='bbox 1892 4442 2122 4511; x_wconf 80' lang='lat' dir='ltr'><strong>apostoli</strong></span> <span class='ocrx_word' id='word_1_378' title='bbox 2164 4442 2215 4494; x_wconf 86' lang='lat' dir='ltr'><strong>iu</strong></span> 
     </span>
    </p>
   </div>
   <div class='ocr_carea' id='block_1_46' title="bbox 644 4532 2215 4604">
    <p class='ocr_par' dir='ltr' id='par_1_46' title="bbox 644 4532 2215 4604">
     <span class='ocr_line' id='line_1_46' title="bbox 644 4532 2215 4604; baseline -0.006 -7"><span class='ocrx_word' id='word_1_379' title='bbox 644 4544 857 4598; x_wconf 85' lang='lat' dir='ltr'><strong>nomine</strong></span> <span class='ocrx_word' id='word_1_380' title='bbox 886 4540 1010 4595; x_wconf 76' lang='lat' dir='ltr'><strong>Jesn</strong></span> <span class='ocrx_word' id='word_1_381' title='bbox 1041 4537 1239 4593; x_wconf 84' lang='lat' dir='ltr'><strong>Christi</strong></span> <span class='ocrx_word' id='word_1_382' title='bbox 1279 4537 1473 4604; x_wconf 89' lang='lat' dir='ltr'><strong>ubique</strong></span> <span class='ocrx_word' id='word_1_383' title='bbox 1502 4534 1761 4587; x_wconf 87' lang='lat' dir='ltr'><strong>miracula</strong></span> <span class='ocrx_word' id='word_1_384' title='bbox 1787 4532 2009 4588; x_wconf 81' lang='lat' dir='ltr'><strong>edentes</strong></span> <span class='ocrx_word' id='word_1_385' title='bbox 2037 4532 2215 4602; x_wconf 85' lang='lat' dir='ltr'><strong>profe-</strong></span> 
     </span>
    </p>
   </div>
   <div class='ocr_carea' id='block_1_47' title="bbox 643 4621 2215 4689">
    <p class='ocr_par' dir='ltr' id='par_1_47' title="bbox 643 4621 2215 4689">
     <span class='ocr_line' id='line_1_47' title="bbox 643 4621 2215 4689; baseline -0.008 0"><span class='ocrx_word' id='word_1_386' title='bbox 643 4635 851 4689; x_wconf 81' lang='lat' dir='ltr'><strong>rebant.</strong></span> <span class='ocrx_word' id='word_1_387' title='bbox 883 4630 1109 4685; x_wconf 83' lang='lat' dir='ltr'><strong>Tantum</strong></span> <span class='ocrx_word' id='word_1_388' title='bbox 1145 4641 1242 4681; x_wconf 89' lang='lat' dir='ltr'><strong>nos</strong></span> <span class='ocrx_word' id='word_1_389' title='bbox 1271 4626 1322 4680; x_wconf 92' lang='lat' dir='ltr'><strong>in</strong></span> <span class='ocrx_word' id='word_1_390' title='bbox 1351 4624 1600 4679; x_wconf 86' lang='lat' dir='ltr'><strong>omnibus</strong></span> <span class='ocrx_word' id='word_1_391' title='bbox 1624 4623 1969 4678; x_wconf 87' lang='lat' dir='ltr'><strong>observemus</strong></span> <span class='ocrx_word' id='word_1_392' title='bbox 1987 4663 2005 4686; x_wconf 91' lang='lat'><strong>,</strong></span> <span class='ocrx_word' id='word_1_393' title='bbox 2037 4630 2096 4676; x_wconf 91' lang='lat' dir='ltr'><strong>ut</strong></span> <span class='ocrx_word' id='word_1_394' title='bbox 2123 4621 2215 4677; x_wconf 89' lang='lat' dir='ltr'><strong>Dei</strong></span> 
     </span>
    </p>
   </div>
   <div class='ocr_carea' id='block_1_48' title="bbox 647 4715 2215 4796">
    <p class='ocr_par' dir='ltr' id='par_1_48' title="bbox 647 4715 2215 4796">
     <span class='ocr_line' id='line_1_48' title="bbox 647 4715 2215 4796; baseline -0.008 -16"><span class='ocrx_word' id='word_1_395' title='bbox 647 4734 910 4796; x_wconf 69' lang='lat' dir='ltr'><strong>praecepta</strong></span> <span class='ocrx_word' id='word_1_396' title='bbox 936 4719 1297 4776; x_wconf 78' lang='lat' dir='ltr'><strong>custodiatnus</strong></span> <span class='ocrx_word' id='word_1_397' title='bbox 1323 4735 1337 4771; x_wconf 90' lang='lat'>:</span> <span class='ocrx_word' id='word_1_398' title='bbox 1370 4717 1417 4771; x_wconf 87' lang='lat' dir='ltr'><strong>si</strong></span> <span class='ocrx_word' id='word_1_399' title='bbox 1440 4715 1586 4771; x_wconf 78' lang='lat' dir='ltr'><strong>enim</strong></span> <span class='ocrx_word' id='word_1_400' title='bbox 1616 4715 1703 4769; x_wconf 86' lang='lat' dir='ltr'><strong>illa</strong></span> <span class='ocrx_word' id='word_1_401' title='bbox 1727 4715 2001 4776; x_wconf 83' lang='lat' dir='ltr'><strong>faciamus,</strong></span> <span class='ocrx_word' id='word_1_402' title='bbox 2034 4729 2129 4783; x_wconf 83' lang='lat' dir='ltr'><strong>per</strong></span> <span class='ocrx_word' id='word_1_403' title='bbox 2152 4729 2215 4768; x_wconf 82' lang='lat' dir='ltr'><strong>ea</strong></span> 
     </span>
    </p>
   </div>
   <div class='ocr_carea' id='block_1_49' title="bbox 647 4803 2215 4874">
    <p class='ocr_par' dir='ltr' id='par_1_49' title="bbox 647 4803 2215 4874">
     <span class='ocr_line' id='line_1_49' title="bbox 647 4803 2215 4874; baseline -0.01 -3"><span class='ocrx_word' id='word_1_404' title='bbox 647 4818 715 4871; x_wconf 86' lang='lat' dir='ltr'><strong>de</strong></span> <span class='ocrx_word' id='word_1_405' title='bbox 742 4814 918 4870; x_wconf 81' lang='lat' dir='ltr'><strong>medio</strong></span> <span class='ocrx_word' id='word_1_406' title='bbox 960 4811 1208 4866; x_wconf 84' lang='lat' dir='ltr'><strong>tollemus</strong></span> <span class='ocrx_word' id='word_1_407' title='bbox 1235 4815 1292 4863; x_wconf 87' lang='lat' dir='ltr'><strong>et</strong></span> <span class='ocrx_word' id='word_1_408' title='bbox 1334 4806 1643 4862; x_wconf 80' lang='lat' dir='ltr'><strong>occidemus</strong></span> <span class='ocrx_word' id='word_1_409' title='bbox 1686 4804 1860 4874; x_wconf 86' lang='lat' dir='ltr'><strong>ipsum</strong></span> <span class='ocrx_word' id='word_1_410' title='bbox 1886 4803 2174 4858; x_wconf 81' lang='lat' dir='ltr'><strong>draconem</strong></span> <span class='ocrx_word' id='word_1_411' title='bbox 2200 4845 2215 4869; x_wconf 94' lang='lat'><strong>,</strong></span> 
     </span>
    </p>
   </div>
   <div class='ocr_carea' id='block_1_50' title="bbox 650 4893 2215 4970">
    <p class='ocr_par' dir='ltr' id='par_1_50' title="bbox 650 4893 2215 4970">
     <span class='ocr_line' id='line_1_50' title="bbox 650 4893 2215 4970; baseline -0.009 -9"><span class='ocrx_word' id='word_1_412' title='bbox 650 4916 946 4961; x_wconf 83' lang='lat' dir='ltr'><strong>tortuosum</strong></span> <span class='ocrx_word' id='word_1_413' title='bbox 986 4910 1318 4970; x_wconf 84' lang='lat' dir='ltr'><strong>serpentem.</strong></span> <span class='ocrx_word' id='word_1_414' title='bbox 1362 4897 1458 4952; x_wconf 87' lang='lat' dir='ltr'><strong>Hic</strong></span> <span class='ocrx_word' id='word_1_415' title='bbox 1499 4894 1629 4949; x_wconf 92' lang='lat' dir='ltr'><strong>mibi</strong></span> <span class='ocrx_word' id='word_1_416' title='bbox 1658 4894 1779 4948; x_wconf 90' lang='lat' dir='ltr'><strong>vide</strong></span> <span class='ocrx_word' id='word_1_417' title='bbox 1806 4893 1953 4947; x_wconf 85' lang='lat' dir='ltr'><strong>Pauli</strong></span> <span class='ocrx_word' id='word_1_418' title='bbox 1984 4893 2215 4963; x_wconf 68' lang='lat' dir='ltr'><strong>prudeno</strong></span> 
     </span>
    </p>
   </div>
   <div class='ocr_carea' id='block_1_51' title="bbox 651 4984 2216 5062">
    <p class='ocr_par' dir='ltr' id='par_1_51' title="bbox 651 4984 2216 5062">
     <span class='ocr_line' id='line_1_51' title="bbox 651 4984 2216 5062; baseline -0.01 -10"><span class='ocrx_word' id='word_1_419' title='bbox 651 5002 800 5052; x_wconf 85' lang='lat' dir='ltr'><strong>tiam.</strong></span> <span class='ocrx_word' id='word_1_420' title='bbox 829 4995 964 5062; x_wconf 83' lang='lat' dir='ltr'><strong>Quia</strong></span> <span class='ocrx_word' id='word_1_421' title='bbox 988 4993 1132 5048; x_wconf 85' lang='lat' dir='ltr'><strong>enim</strong></span> <span class='ocrx_word' id='word_1_422' title='bbox 1166 4990 1322 5051; x_wconf 81' lang='lat' dir='ltr'><strong>dixit,</strong></span> <span class='ocrx_word' id='word_1_423' title='bbox 1355 4986 1592 5041; x_wconf 81' lang='lat' dir='ltr'><strong>Poteritis</strong></span> <span class='ocrx_word' id='word_1_424' title='bbox 1613 4984 1715 5038; x_wconf 75' lang='lat' dir='ltr'><strong>tela</strong></span> <span class='ocrx_word' id='word_1_425' title='bbox 1736 4984 1927 5036; x_wconf 76' lang='lat' dir='ltr'><strong>diaboli</strong></span> <span class='ocrx_word' id='word_1_426' title='bbox 1952 4986 2099 5054; x_wconf 79' lang='lat' dir='ltr'><strong>ignea</strong></span> <span class='ocrx_word' id='word_1_427' title='bbox 2127 5001 2216 5038; x_wconf 79' lang='lat' dir='ltr'><strong>ea:-</strong></span> 
     </span>
    </p>
   </div>
   <div class='ocr_carea' id='block_1_52' title="bbox 651 5075 2239 5159">
    <p class='ocr_par' dir='ltr' id='par_1_52' title="bbox 651 5075 2239 5159">
     <span class='ocr_line' id='line_1_52' title="bbox 651 5075 2239 5159; baseline -0.009 -16"><span class='ocrx_word' id='word_1_428' title='bbox 651 5091 942 5159; x_wconf 74' lang='lat' dir='ltr'><strong>stinguere;</strong></span> <span class='ocrx_word' id='word_1_429' title='bbox 968 5101 1037 5139; x_wconf 89' lang='lat' dir='ltr'><strong>ne</strong></span> <span class='ocrx_word' id='word_1_430' title='bbox 1062 5085 1204 5153; x_wconf 81' lang='lat' dir='ltr'><strong>ipsos</strong></span> <span class='ocrx_word' id='word_1_431' title='bbox 1233 5081 1459 5141; x_wconf 80' lang='lat' dir='ltr'><strong>inﬂaret,</strong></span> <span class='ocrx_word' id='word_1_432' title='bbox 1484 5075 1718 5132; x_wconf 79' lang='lat' dir='ltr'><strong>ostendit</strong></span> <span class='ocrx_word' id='word_1_433' title='bbox 1736 5088 1831 5130; x_wconf 84' lang='lat' dir='ltr'><strong>eos</strong></span> <span class='ocrx_word' id='word_1_434' title='bbox 1851 5076 2081 5128; x_wconf 76' lang='lat' dir='ltr'><strong>maxime</strong></span> <span class='ocrx_word' id='word_1_435' title='bbox 2104 5090 2239 5129; x_wconf 77' lang='lat' dir='ltr'><strong>Olli--</strong></span> 
     </span>
    </p>
   </div>
   <div class='ocr_carea' id='block_1_53' title="bbox 651 5167 2218 5243">
    <p class='ocr_par' dir='ltr' id='par_1_53' title="bbox 651 5167 2218 5243">
     <span class='ocr_line' id='line_1_53' title="bbox 651 5167 2218 5243; baseline -0.01 -7"><span class='ocrx_word' id='word_1_436' title='bbox 651 5184 797 5236; x_wconf 86' lang='lat' dir='ltr'><strong>nium</strong></span> <span class='ocrx_word' id='word_1_437' title='bbox 823 5181 889 5235; x_wconf 82' lang='lat' dir='ltr'><strong>ad</strong></span> <span class='ocrx_word' id='word_1_438' title='bbox 920 5178 1026 5232; x_wconf 79' lang='lat' dir='ltr'><strong>hoc</strong></span> <span class='ocrx_word' id='word_1_439' title='bbox 1052 5177 1162 5230; x_wconf 84' lang='lat' dir='ltr'><strong>Deo</strong></span> <span class='ocrx_word' id='word_1_440' title='bbox 1184 5188 1322 5243; x_wconf 85' lang='lat' dir='ltr'><strong>Opus</strong></span> <span class='ocrx_word' id='word_1_441' title='bbox 1344 5171 1561 5225; x_wconf 78' lang='lat' dir='ltr'><strong>habere.</strong></span> <span class='ocrx_word' id='word_1_442' title='bbox 1584 5167 1723 5235; x_wconf 82' lang='lat' dir='ltr'><strong>Quid</strong></span> <span class='ocrx_word' id='word_1_443' title='bbox 1746 5167 1889 5221; x_wconf 88' lang='lat' dir='ltr'><strong>cnim</strong></span> <span class='ocrx_word' id='word_1_444' title='bbox 1917 5167 2093 5222; x_wconf 82' lang='lat' dir='ltr'><strong>dicit?</strong></span> <span class='ocrx_word' id='word_1_445' title='bbox 2116 5167 2218 5223; x_wconf 83' lang='lat' dir='ltr'><strong>Per</strong></span> 
     </span>
    </p>
   </div>
   <div class='ocr_carea' id='block_1_54' title="bbox 648 5257 2219 5326">
    <p class='ocr_par' dir='ltr' id='par_1_54' title="bbox 648 5257 2219 5326">
     <span class='ocr_line' id='line_1_54' title="bbox 648 5257 2219 5326; baseline -0.008 0"><span class='ocrx_word' id='word_1_446' title='bbox 648 5288 847 5326; x_wconf 72' lang='lat' dir='ltr'><strong>omnem</strong></span> <span class='ocrx_word' id='word_1_447' title='bbox 868 5261 1147 5323; x_wconf 75' lang='lat' dir='ltr'><strong>orationem</strong></span> <span class='ocrx_word' id='word_1_448' title='bbox 1167 5274 1215 5318; x_wconf 86' lang='lat' dir='ltr'><strong>ct</strong></span> <span class='ocrx_word' id='word_1_449' title='bbox 1234 5262 1645 5317; x_wconf 69' lang='lat' dir='ltr'><strong>obsecrationem.</strong></span> <span class='ocrx_word' id='word_1_450' title='bbox 1678 5259 1755 5311; x_wconf 78' lang='lat' dir='ltr'><strong>Ac</strong></span> <span class='ocrx_word' id='word_1_451' title='bbox 1772 5258 1819 5311; x_wconf 88' lang='lat' dir='ltr'><strong>si</strong></span> <span class='ocrx_word' id='word_1_452' title='bbox 1838 5257 2060 5320; x_wconf 87' lang='lat' dir='ltr'><strong>diceret,</strong></span> <span class='ocrx_word' id='word_1_453' title='bbox 2094 5258 2219 5313; x_wconf 67' lang='lat' dir='ltr'><strong>iisne</strong></span> 
     </span>
    </p>
   </div>
   <div class='ocr_carea' id='block_1_55' title="bbox 649 5347 2215 5428">
    <p class='ocr_par' dir='ltr' id='par_1_55' title="bbox 649 5347 2215 5428">
     <span class='ocr_line' id='line_1_55' title="bbox 649 5347 2215 5428; baseline -0.011 -8"><span class='ocrx_word' id='word_1_454' title='bbox 649 5374 827 5428; x_wconf 86' lang='lat' dir='ltr'><strong>erunt,</strong></span> <span class='ocrx_word' id='word_1_455' title='bbox 855 5370 913 5415; x_wconf 87' lang='lat' dir='ltr'><strong>et</strong></span> <span class='ocrx_word' id='word_1_456' title='bbox 934 5369 1103 5413; x_wconf 81' lang='lat' dir='ltr'><strong>tctum</strong></span> <span class='ocrx_word' id='word_1_457' title='bbox 1130 5364 1280 5410; x_wconf 84' lang='lat' dir='ltr'><strong>recte</strong></span> <span class='ocrx_word' id='word_1_458' title='bbox 1300 5352 1499 5423; x_wconf 76' lang='lat' dir='ltr'><strong>geretis</strong></span> <span class='ocrx_word' id='word_1_459' title='bbox 1527 5357 1765 5406; x_wconf 81' lang='lat' dir='ltr'><strong>orantes.</strong></span> <span class='ocrx_word' id='word_1_460' title='bbox 1796 5347 2094 5418; x_wconf 84' lang='lat' dir='ltr'><strong>Numquam</strong></span> <span class='ocrx_word' id='word_1_461' title='bbox 2119 5366 2215 5403; x_wconf 83' lang='lat' dir='ltr'><strong>au-</strong></span> 
     </span>
    </p>
   </div>
   <div class='ocr_carea' id='block_1_56' title="bbox 650 5441 2219 5520">
    <p class='ocr_par' dir='ltr' id='par_1_56' title="bbox 650 5441 2219 5520">
     <span class='ocr_line' id='line_1_56' title="bbox 650 5441 2219 5520; baseline -0.008 -11"><span class='ocrx_word' id='word_1_462' title='bbox 650 5465 758 5509; x_wconf 85' lang='lat' dir='ltr'><strong>tem</strong></span> <span class='ocrx_word' id='word_1_463' title='bbox 785 5450 1049 5507; x_wconf 78' lang='lat' dir='ltr'><strong>accedens</strong></span> <span class='ocrx_word' id='word_1_464' title='bbox 1074 5464 1173 5520; x_wconf 89' lang='lat' dir='ltr'><strong>pro</strong></span> <span class='ocrx_word' id='word_1_465' title='bbox 1198 5458 1251 5501; x_wconf 87' lang='lat' dir='ltr'><strong>te</strong></span> <span class='ocrx_word' id='word_1_466' title='bbox 1274 5445 1393 5501; x_wconf 78' lang='lat' dir='ltr'><strong>mlo</strong></span> <span class='ocrx_word' id='word_1_467' title='bbox 1420 5458 1567 5513; x_wconf 84' lang='lat' dir='ltr'><strong>roga,</strong></span> <span class='ocrx_word' id='word_1_468' title='bbox 1595 5451 1651 5497; x_wconf 91' lang='lat' dir='ltr'><strong>et</strong></span> <span class='ocrx_word' id='word_1_469' title='bbox 1677 5441 1755 5496; x_wconf 85' lang='lat' dir='ltr'><strong>sic</strong></span> <span class='ocrx_word' id='word_1_470' title='bbox 1784 5441 1954 5496; x_wconf 85' lang='lat' dir='ltr'><strong>Deum</strong></span> <span class='ocrx_word' id='word_1_471' title='bbox 1997 5442 2219 5497; x_wconf 87' lang='lat' dir='ltr'><strong>habebis</strong></span> 
     </span>
    </p>
   </div>
   <div class='ocr_carea' id='block_1_57' title="bbox 651 5532 2218 5615">
    <p class='ocr_par' dir='ltr' id='par_1_57' title="bbox 651 5532 2218 5615">
     <span class='ocr_line' id='line_1_57' title="bbox 651 5532 2218 5615; baseline -0.011 -15"><span class='ocrx_word' id='word_1_472' title='bbox 651 5544 957 5615; x_wconf 78' lang='lat' dir='ltr'><strong>propitium.</strong></span> <span class='ocrx_word' id='word_1_473' title='bbox 995 5539 1092 5593; x_wconf 80' lang='lat' dir='ltr'><strong>Per</strong></span> <span class='ocrx_word' id='word_1_474' title='bbox 1117 5553 1338 5599; x_wconf 73' lang='lat' dir='ltr'><strong>munem,</strong></span> <span class='ocrx_word' id='word_1_475' title='bbox 1365 5535 1573 5602; x_wconf 88' lang='lat' dir='ltr'><strong>inquit,</strong></span> <span class='ocrx_word' id='word_1_476' title='bbox 1604 5532 1882 5584; x_wconf 76' lang='lat' dir='ltr'><strong>orationem</strong></span> <span class='ocrx_word' id='word_1_477' title='bbox 1908 5543 1954 5584; x_wconf 86' lang='lat' dir='ltr'><strong>et</strong></span> <span class='ocrx_word' id='word_1_478' title='bbox 1980 5532 2218 5584; x_wconf 58' lang='grc' dir='ltr'><strong>σόαι-ηρ</strong></span> 
     </span>
    </p>
   </div>
   <div class='ocr_carea' id='block_1_58' title="bbox 652 5624 2219 5693">
    <p class='ocr_par' dir='ltr' id='par_1_58' title="bbox 652 5624 2219 5693">
     <span class='ocr_line' id='line_1_58' title="bbox 652 5624 2219 5693; baseline -0.009 -3"><span class='ocrx_word' id='word_1_479' title='bbox 652 5650 833 5690; x_wconf 70' lang='lat' dir='ltr'><strong>uertem</strong></span> <span class='ocrx_word' id='word_1_480' title='bbox 852 5642 1054 5687; x_wconf 72' lang='lat' dir='ltr'><strong>orantes</strong></span> <span class='ocrx_word' id='word_1_481' title='bbox 1094 5632 1146 5683; x_wconf 83' lang='lat' dir='ltr'><strong>in</strong></span> <span class='ocrx_word' id='word_1_482' title='bbox 1169 5629 1304 5683; x_wconf 79' lang='lat' dir='ltr'><strong>omni</strong></span> <span class='ocrx_word' id='word_1_483' title='bbox 1333 5636 1553 5693; x_wconf 79' lang='lat' dir='ltr'><strong>tempore</strong></span> <span class='ocrx_word' id='word_1_484' title='bbox 1593 5626 1645 5676; x_wconf 85' lang='lat' dir='ltr'><strong>iu</strong></span> <span class='ocrx_word' id='word_1_485' title='bbox 1673 5624 1853 5691; x_wconf 76' lang='lat' dir='ltr'><strong>spiritu</strong></span> <span class='ocrx_word' id='word_1_486' title='bbox 1875 5665 1889 5687; x_wconf 96' lang='lat'><strong>,</strong></span> <span class='ocrx_word' id='word_1_487' title='bbox 1932 5634 1977 5677; x_wconf 83' lang='lat' dir='ltr'><strong>et</strong></span> <span class='ocrx_word' id='word_1_488' title='bbox 2023 5624 2092 5676; x_wconf 74' lang='lat' dir='ltr'><strong>ad</strong></span> <span class='ocrx_word' id='word_1_489' title='bbox 2122 5624 2219 5676; x_wconf 79' lang='lat' dir='ltr'><strong>Jtoc</strong></span> 
     </span>
    </p>
   </div>
   <div class='ocr_carea' id='block_1_59' title="bbox 656 5714 2219 5796">
    <p class='ocr_par' dir='ltr' id='par_1_59' title="bbox 656 5714 2219 5796">
     <span class='ocr_line' id='line_1_59' title="bbox 656 5714 2219 5796; baseline -0.009 -17"><span class='ocrx_word' id='word_1_490' title='bbox 656 5728 824 5796; x_wconf 79' lang='lat' dir='ltr'><strong>ipsum</strong></span> <span class='ocrx_word' id='word_1_491' title='bbox 849 5724 1110 5794; x_wconf 73' lang='lat' dir='ltr'><strong>vigilantes</strong></span> <span class='ocrx_word' id='word_1_492' title='bbox 1133 5720 1190 5772; x_wconf 75' lang='lat' dir='ltr'><strong>iu</strong></span> <span class='ocrx_word' id='word_1_493' title='bbox 1216 5718 1352 5772; x_wconf 78' lang='lat' dir='ltr'><strong>omni</strong></span> <span class='ocrx_word' id='word_1_494' title='bbox 1376 5714 1617 5769; x_wconf 70' lang='lat' dir='ltr'><strong>instantia</strong></span> <span class='ocrx_word' id='word_1_495' title='bbox 1632 5755 1652 5779; x_wconf 81' lang='lat'><strong>,</strong></span> <span class='ocrx_word' id='word_1_496' title='bbox 1678 5724 1725 5766; x_wconf 82' lang='lat' dir='ltr'><strong>et</strong></span> <span class='ocrx_word' id='word_1_497' title='bbox 1752 5714 2091 5767; x_wconf 58' lang='lat' dir='ltr'><strong>obsecratione</strong></span> <span class='ocrx_word' id='word_1_498' title='bbox 2124 5731 2219 5783; x_wconf 73' lang='lat' dir='ltr'><strong>pro</strong></span> 
     </span>
    </p>
   </div>
   <div class='ocr_carea' id='block_1_60' title="bbox 650 5801 2214 5872">
    <p class='ocr_par' dir='ltr' id='par_1_60' title="bbox 650 5801 2214 5872">
     <span class='ocr_line' id='line_1_60' title="bbox 650 5801 2214 5872; baseline -0.01 -2"><span class='ocrx_word' id='word_1_499' title='bbox 650 5816 881 5870; x_wconf 74' lang='lat' dir='ltr'><strong>omnibus</strong></span> <span class='ocrx_word' id='word_1_500' title='bbox 902 5812 1107 5869; x_wconf 76' lang='lat' dir='ltr'><strong>sanctis.</strong></span> <span class='ocrx_word' id='word_1_501' title='bbox 1138 5807 1219 5864; x_wconf 70' lang='lat' dir='ltr'><strong>Ne</strong></span> <span class='ocrx_word' id='word_1_502' title='bbox 1245 5806 1373 5860; x_wconf 87' lang='lat' dir='ltr'><strong>mihi</strong></span> <span class='ocrx_word' id='word_1_503' title='bbox 1398 5801 1624 5858; x_wconf 78' lang='lat' dir='ltr'><strong>deﬁnias</strong></span> <span class='ocrx_word' id='word_1_504' title='bbox 1651 5813 1890 5872; x_wconf 80' lang='lat' dir='ltr'><strong>tempora</strong></span> <span class='ocrx_word' id='word_1_505' title='bbox 1918 5802 2021 5857; x_wconf 88' lang='lat' dir='ltr'><strong>dici</strong></span> <span class='ocrx_word' id='word_1_506' title='bbox 2054 5821 2066 5856; x_wconf 94' lang='lat'>:</span> <span class='ocrx_word' id='word_1_507' title='bbox 2091 5803 2214 5856; x_wconf 80' lang='lat' dir='ltr'><strong>audi</strong></span> 
     </span>
    </p>
   </div>
   <div class='ocr_carea' id='block_1_61' title="bbox 3784 412 3883 469">
    <p class='ocr_par' dir='ltr' id='par_1_61' title="bbox 3784 412 3883 469">
     <span class='ocr_line' id='line_1_61' title="bbox 3784 412 3883 469; baseline 0.01 -2"><span class='ocrx_word' id='word_1_508' title='bbox 3784 412 3883 469; x_wconf 71' lang='lat' dir='ltr'><strong>t7).</strong></span> 
     </span>
    </p>
   </div>
   <div class='ocr_carea' id='block_1_62' title="bbox 2314 522 3955 594">
    <p class='ocr_par' dir='ltr' id='par_1_62' title="bbox 2314 522 3955 594">
     <span class='ocr_line' id='line_1_62' title="bbox 2314 522 3955 594; baseline 0.006 -18"><span class='ocrx_word' id='word_1_509' title='bbox 2314 524 2455 577; x_wconf 87' lang='lat' dir='ltr'><strong>cnim</strong></span> <span class='ocrx_word' id='word_1_510' title='bbox 2481 523 2604 592; x_wconf 86' lang='lat' dir='ltr'><strong>quid</strong></span> <span class='ocrx_word' id='word_1_511' title='bbox 2627 522 2786 582; x_wconf 85' lang='lat' dir='ltr'><strong>dicat,</strong></span> <span class='ocrx_word' id='word_1_512' title='bbox 2811 523 2877 576; x_wconf 84' lang='lat' dir='ltr'><strong>In</strong></span> <span class='ocrx_word' id='word_1_513' title='bbox 2901 526 3040 578; x_wconf 83' lang='lat' dir='ltr'><strong>omni</strong></span> <span class='ocrx_word' id='word_1_514' title='bbox 3066 535 3285 594; x_wconf 65' lang='lat' dir='ltr'><strong>tempore</strong></span> <span class='ocrx_word' id='word_1_515' title='bbox 3311 528 3526 582; x_wconf 64' lang='lat' dir='ltr'><strong>at&#39;Cede.</strong></span> <span class='ocrx_word' id='word_1_516' title='bbox 3556 531 3685 584; x_wconf 86' lang='lat' dir='ltr'><strong>Sine</strong></span> <span class='ocrx_word' id='word_1_517' title='bbox 3710 533 3875 586; x_wconf 84' lang='lat' dir='ltr'><strong>iuter-</strong></span> <span class='ocrx_word' id='word_1_518' title='bbox 3951 560 3955 561; x_wconf 52' lang='grc' dir='ltr'>ί</span> 
     </span>
    </p>
   </div>
   <div class='ocr_carea' id='block_1_63' title="bbox 2314 615 3885 692">
    <p class='ocr_par' dir='ltr' id='par_1_63' title="bbox 2314 615 3885 692">
     <span class='ocr_line' id='line_1_63' title="bbox 2314 615 3885 692; baseline 0.004 -25"><span class='ocrx_word' id='word_1_519' title='bbox 2314 615 2603 677; x_wconf 88' lang='lat' dir='ltr'><strong>missione,</strong></span> <span class='ocrx_word' id='word_1_520' title='bbox 2637 615 2844 684; x_wconf 84' lang='lat' dir='ltr'><strong>inquit,</strong></span> <span class='ocrx_word' id='word_1_521' title='bbox 2875 626 3109 669; x_wconf 87' lang='lat' dir='ltr'><strong>orantes.</strong></span> <span class='ocrx_word' id='word_1_522' title='bbox 3165 617 3278 670; x_wconf 84' lang='lat' dir='ltr'><strong>Non</strong></span> <span class='ocrx_word' id='word_1_523' title='bbox 3321 619 3566 673; x_wconf 85' lang='lat' dir='ltr'><strong>audivisti</strong></span> <span class='ocrx_word' id='word_1_524' title='bbox 3614 622 3885 692; x_wconf 77' lang='lat' dir='ltr'><strong>quomodo</strong></span> 
     </span>
    </p>
   </div>
   <div class='ocr_carea' id='block_1_64' title="bbox 2314 704 3880 773">
    <p class='ocr_par' dir='ltr' id='par_1_64' title="bbox 2314 704 3880 773">
     <span class='ocr_line' id='line_1_64' title="bbox 2314 704 3880 773; baseline 0.003 -17"><span class='ocrx_word' id='word_1_525' title='bbox 2314 705 2399 757; x_wconf 89' lang='lat' dir='ltr'><strong>illa</strong></span> <span class='ocrx_word' id='word_1_526' title='bbox 2428 704 2583 757; x_wconf 83' lang='lat' dir='ltr'><strong>vidua</strong></span> <span class='ocrx_word' id='word_1_527' title='bbox 2623 706 2892 773; x_wconf 87' lang='lat' dir='ltr'><strong>superarit</strong></span> <span class='ocrx_word' id='word_1_528' title='bbox 2933 706 3286 760; x_wconf 78' lang='lat' dir='ltr'><strong>assiduitate?</strong></span> <span class='ocrx_word' id='word_1_529' title='bbox 3316 725 3423 761; x_wconf 87' lang='lat' dir='ltr'><strong>non</strong></span> <span class='ocrx_word' id='word_1_530' title='bbox 3452 710 3696 764; x_wconf 68' lang='lat' dir='ltr'><strong>audivisti</strong></span> <span class='ocrx_word' id='word_1_531' title='bbox 3744 712 3880 764; x_wconf 71' lang='lat' dir='ltr'><strong>ami—</strong></span> 
     </span>
    </p>
   </div>
   <div class='ocr_carea' id='block_1_65' title="bbox 2310 795 3881 869">
    <p class='ocr_par' dir='ltr' id='par_1_65' title="bbox 2310 795 3881 869">
     <span class='ocr_line' id='line_1_65' title="bbox 2310 795 3881 869; baseline 0.004 -20"><span class='ocrx_word' id='word_1_532' title='bbox 2310 811 2432 849; x_wconf 88' lang='lat' dir='ltr'><strong>cum</strong></span> <span class='ocrx_word' id='word_1_533' title='bbox 2458 795 2601 849; x_wconf 89' lang='lat' dir='ltr'><strong>illum</strong></span> <span class='ocrx_word' id='word_1_534' title='bbox 2632 797 2802 848; x_wconf 84' lang='lat' dir='ltr'><strong>media</strong></span> <span class='ocrx_word' id='word_1_535' title='bbox 2831 806 2987 850; x_wconf 83' lang='lat' dir='ltr'><strong>nocte</strong></span> <span class='ocrx_word' id='word_1_536' title='bbox 3008 812 3101 851; x_wconf 85' lang='lat' dir='ltr'><strong>sua</strong></span> <span class='ocrx_word' id='word_1_537' title='bbox 3131 799 3522 866; x_wconf 78' lang='lat' dir='ltr'><strong>perseverantia</strong></span> <span class='ocrx_word' id='word_1_538' title='bbox 3550 801 3881 869; x_wconf 73' lang='lat' dir='ltr'><strong>impetrmis-</strong></span> 
     </span>
    </p>
   </div>
   <div class='ocr_carea' id='block_1_66' title="bbox 2308 886 3857 963">
    <p class='ocr_par' dir='ltr' id='par_1_66' title="bbox 2308 886 3857 963">
     <span class='ocr_line' id='line_1_66' title="bbox 2308 886 3857 963; baseline 0.006 -25"><span class='ocrx_word' id='word_1_539' title='bbox 2308 887 2411 938; x_wconf 81' lang='lat' dir='ltr'><strong>se?</strong></span> <span class='ocrx_word' id='word_1_540' title='bbox 2438 903 2541 940; x_wconf 89' lang='lat' dir='ltr'><strong>non</strong></span> <span class='ocrx_word' id='word_1_541' title='bbox 2565 886 2811 941; x_wconf 83' lang='lat' dir='ltr'><strong>audivisti</strong></span> <span class='ocrx_word' id='word_1_542' title='bbox 2838 889 2906 941; x_wconf 88' lang='lat' dir='ltr'><strong>de</strong></span> <span class='ocrx_word' id='word_1_543' title='bbox 2933 889 3365 957; x_wconf 67' lang='lat' dir='ltr'><strong>Syropha&#39;nissa,</strong></span> <span class='ocrx_word' id='word_1_544' title='bbox 3394 893 3662 958; x_wconf 82' lang='lat' dir='ltr'><strong>quomodo</strong></span> <span class='ocrx_word' id='word_1_545' title='bbox 3694 909 3857 963; x_wconf 64' lang='lat' dir='ltr'><strong>perm</strong></span> 
     </span>
    </p>
   </div>
   <div class='ocr_carea' id='block_1_67' title="bbox 2312 978 3879 1044">
    <p class='ocr_par' dir='ltr' id='par_1_67' title="bbox 2312 978 3879 1044">
     <span class='ocr_line' id='line_1_67' title="bbox 2312 978 3879 1044; baseline 0.005 -16"><span class='ocrx_word' id='word_1_546' title='bbox 2312 984 2397 1028; x_wconf 91' lang='lat' dir='ltr'><strong>tua</strong></span> <span class='ocrx_word' id='word_1_547' title='bbox 2447 990 2541 1029; x_wconf 86' lang='lat' dir='ltr'><strong>sna</strong></span> <span class='ocrx_word' id='word_1_548' title='bbox 2597 978 3026 1044; x_wconf 77' lang='lat' dir='ltr'><strong>interpellatione</strong></span> <span class='ocrx_word' id='word_1_549' title='bbox 3080 980 3357 1034; x_wconf 87' lang='lat' dir='ltr'><strong>Dominum</strong></span> <span class='ocrx_word' id='word_1_550' title='bbox 3415 984 3767 1037; x_wconf 73' lang='lat' dir='ltr'><strong>evocaverit?</strong></span> <span class='ocrx_word' id='word_1_551' title='bbox 3815 983 3879 1036; x_wconf 86' lang='lat' dir='ltr'><strong>lli</strong></span> 
     </span>
    </p>
   </div>
   <div class='ocr_carea' id='block_1_68' title="bbox 2309 1064 3877 1142">
    <p class='ocr_par' dir='ltr' id='par_1_68' title="bbox 2309 1064 3877 1142">
     <span class='ocr_line' id='line_1_68' title="bbox 2309 1064 3877 1142; baseline 0.006 -26"><span class='ocrx_word' id='word_1_552' title='bbox 2309 1078 2497 1118; x_wconf 83' lang='lat' dir='ltr'><strong>omnes</strong></span> <span class='ocrx_word' id='word_1_553' title='bbox 2528 1064 2877 1135; x_wconf 88' lang='lat' dir='ltr'><strong>impetrarunt</strong></span> <span class='ocrx_word' id='word_1_554' title='bbox 2898 1084 2996 1120; x_wconf 84' lang='lat' dir='ltr'><strong>sua</strong></span> <span class='ocrx_word' id='word_1_555' title='bbox 3025 1068 3357 1122; x_wconf 79' lang='lat' dir='ltr'><strong>assiduitate.</strong></span> <span class='ocrx_word' id='word_1_556' title='bbox 3388 1069 3602 1124; x_wconf 75' lang='lat' dir='ltr'><strong>Orontes</strong></span> <span class='ocrx_word' id='word_1_557' title='bbox 3623 1111 3642 1136; x_wconf 90' lang='lat'><strong>,</strong></span> <span class='ocrx_word' id='word_1_558' title='bbox 3672 1072 3842 1142; x_wconf 82' lang='lat' dir='ltr'><strong>inquit</strong></span> <span class='ocrx_word' id='word_1_559' title='bbox 3862 1113 3877 1134; x_wconf 87' lang='lat'><strong>,</strong></span> 
     </span>
    </p>
   </div>
   <div class='ocr_carea' id='block_1_69' title="bbox 2309 1155 3882 1228">
    <p class='ocr_par' dir='ltr' id='par_1_69' title="bbox 2309 1155 3882 1228">
     <span class='ocr_line' id='line_1_69' title="bbox 2309 1155 3882 1228; baseline 0.007 -23"><span class='ocrx_word' id='word_1_560' title='bbox 2309 1155 2361 1206; x_wconf 87' lang='lat' dir='ltr'><strong>in</strong></span> <span class='ocrx_word' id='word_1_561' title='bbox 2392 1155 2527 1207; x_wconf 77' lang='grc' dir='ltr'><strong>ουυή</strong></span> <span class='ocrx_word' id='word_1_562' title='bbox 2554 1166 2780 1222; x_wconf 85' lang='lat' dir='ltr'><strong>tempore</strong></span> <span class='ocrx_word' id='word_1_563' title='bbox 2806 1156 2859 1208; x_wconf 88' lang='lat' dir='ltr'><strong>in</strong></span> <span class='ocrx_word' id='word_1_564' title='bbox 2887 1159 3087 1223; x_wconf 78' lang='lat' dir='ltr'><strong>spiritu.</strong></span> <span class='ocrx_word' id='word_1_565' title='bbox 3119 1157 3232 1213; x_wconf 84' lang='lat' dir='ltr'><strong>Hoc</strong></span> <span class='ocrx_word' id='word_1_566' title='bbox 3256 1168 3356 1221; x_wconf 85' lang='lat' dir='ltr'><strong>est,</strong></span> <span class='ocrx_word' id='word_1_567' title='bbox 3388 1176 3507 1228; x_wconf 71' lang='lat' dir='ltr'><strong>qum</strong></span> <span class='ocrx_word' id='word_1_568' title='bbox 3528 1174 3595 1215; x_wconf 81' lang='lat' dir='ltr'><strong>ex</strong></span> <span class='ocrx_word' id='word_1_569' title='bbox 3621 1158 3730 1216; x_wconf 79' lang='lat' dir='ltr'><strong>Deo</strong></span> <span class='ocrx_word' id='word_1_570' title='bbox 3754 1170 3882 1216; x_wconf 88' lang='lat' dir='ltr'><strong>sunt</strong></span> 
     </span>
    </p>
   </div>
   <div class='ocr_carea' id='block_1_70' title="bbox 2306 1246 3876 1318">
    <p class='ocr_par' dir='ltr' id='par_1_70' title="bbox 2306 1246 3876 1318">
     <span class='ocr_line' id='line_1_70' title="bbox 2306 1246 3876 1318; baseline 0.006 -23"><span class='ocrx_word' id='word_1_571' title='bbox 2306 1260 2625 1313; x_wconf 66' lang='lat' dir='ltr'><strong>qna-ramus,</strong></span> <span class='ocrx_word' id='word_1_572' title='bbox 2658 1246 2784 1299; x_wconf 89' lang='lat' dir='ltr'><strong>nihil</strong></span> <span class='ocrx_word' id='word_1_573' title='bbox 2815 1247 3157 1311; x_wconf 88' lang='lat' dir='ltr'><strong>mundanmn,</strong></span> <span class='ocrx_word' id='word_1_574' title='bbox 3193 1250 3323 1302; x_wconf 86' lang='lat' dir='ltr'><strong>nihil</strong></span> <span class='ocrx_word' id='word_1_575' title='bbox 3353 1250 3498 1318; x_wconf 86' lang='lat' dir='ltr'><strong>quod</strong></span> <span class='ocrx_word' id='word_1_576' title='bbox 3528 1251 3592 1304; x_wconf 88' lang='lat' dir='ltr'><strong>ad</strong></span> <span class='ocrx_word' id='word_1_577' title='bbox 3630 1251 3767 1306; x_wconf 87' lang='lat' dir='ltr'><strong>hanc</strong></span> <span class='ocrx_word' id='word_1_578' title='bbox 3795 1254 3876 1305; x_wconf 84' lang='lat' dir='ltr'><strong>vi-</strong></span> 
     </span>
    </p>
   </div>
   <div class='ocr_carea' id='block_1_71' title="bbox 2311 1338 3882 1413">
    <p class='ocr_par' dir='ltr' id='par_1_71' title="bbox 2311 1338 3882 1413">
     <span class='ocr_line' id='line_1_71' title="bbox 2311 1338 3882 1413; baseline 0.007 -25"><span class='ocrx_word' id='word_1_579' title='bbox 2311 1346 2415 1390; x_wconf 90' lang='lat' dir='ltr'><strong>tam</strong></span> <span class='ocrx_word' id='word_1_580' title='bbox 2445 1338 2727 1406; x_wconf 78' lang='lat' dir='ltr'><strong>pertineat.</strong></span> <span class='ocrx_word' id='word_1_581' title='bbox 2759 1338 2874 1393; x_wconf 83' lang='lat' dir='ltr'><strong>Non</strong></span> <span class='ocrx_word' id='word_1_582' title='bbox 2904 1340 3077 1393; x_wconf 86' lang='lat' dir='ltr'><strong>solum</strong></span> <span class='ocrx_word' id='word_1_583' title='bbox 3104 1356 3254 1409; x_wconf 74' lang='lat' dir='ltr'><strong>ergo,</strong></span> <span class='ocrx_word' id='word_1_584' title='bbox 3286 1342 3496 1409; x_wconf 90' lang='lat' dir='ltr'><strong>inquit,</strong></span> <span class='ocrx_word' id='word_1_585' title='bbox 3538 1357 3673 1413; x_wconf 86' lang='lat' dir='ltr'><strong>Opus</strong></span> <span class='ocrx_word' id='word_1_586' title='bbox 3708 1354 3795 1398; x_wconf 86' lang='lat' dir='ltr'><strong>est</strong></span> <span class='ocrx_word' id='word_1_587' title='bbox 3823 1352 3882 1399; x_wconf 90' lang='lat' dir='ltr'><strong>ut</strong></span> 
     </span>
    </p>
   </div>
   <div class='ocr_carea' id='block_1_72' title="bbox 2306 1427 3877 1503">
    <p class='ocr_par' dir='ltr' id='par_1_72' title="bbox 2306 1427 3877 1503">
     <span class='ocr_line' id='line_1_72' title="bbox 2306 1427 3877 1503; baseline 0.008 -26"><span class='ocrx_word' id='word_1_588' title='bbox 2306 1440 2518 1480; x_wconf 88' lang='lat' dir='ltr'><strong>oremus</strong></span> <span class='ocrx_word' id='word_1_589' title='bbox 2548 1429 2666 1483; x_wconf 88' lang='lat' dir='ltr'><strong>sine</strong></span> <span class='ocrx_word' id='word_1_590' title='bbox 2688 1428 3084 1484; x_wconf 82' lang='lat' dir='ltr'><strong>intermissione</strong></span> <span class='ocrx_word' id='word_1_591' title='bbox 3110 1472 3124 1491; x_wconf 92' lang='lat'><strong>,</strong></span> <span class='ocrx_word' id='word_1_592' title='bbox 3157 1432 3250 1484; x_wconf 82' lang='lat' dir='ltr'><strong>sed</strong></span> <span class='ocrx_word' id='word_1_593' title='bbox 3282 1427 3443 1486; x_wconf 86' lang='lat' dir='ltr'><strong>etiam</strong></span> <span class='ocrx_word' id='word_1_594' title='bbox 3469 1440 3526 1486; x_wconf 89' lang='lat' dir='ltr'><strong>ut</strong></span> <span class='ocrx_word' id='word_1_595' title='bbox 3555 1435 3877 1503; x_wconf 78' lang='lat' dir='ltr'><strong>vigilantes;</strong></span> 
     </span>
    </p>
   </div>
   <div class='ocr_carea' id='block_1_73' title="bbox 2310 1514 3884 1589">
    <p class='ocr_par' dir='ltr' id='par_1_73' title="bbox 2310 1514 3884 1589">
     <span class='ocr_line' id='line_1_73' title="bbox 2310 1514 3884 1589; baseline 0.006 -23"><span class='ocrx_word' id='word_1_596' title='bbox 2310 1514 2376 1567; x_wconf 85' lang='lat' dir='ltr'><strong>Et</strong></span> <span class='ocrx_word' id='word_1_597' title='bbox 2402 1518 2470 1568; x_wconf 84' lang='lat' dir='ltr'><strong>ad</strong></span> <span class='ocrx_word' id='word_1_598' title='bbox 2496 1518 2587 1570; x_wconf 79' lang='lat' dir='ltr'><strong>hoc</strong></span> <span class='ocrx_word' id='word_1_599' title='bbox 2616 1519 2781 1586; x_wconf 82' lang='lat' dir='ltr'><strong>ipsum</strong></span> <span class='ocrx_word' id='word_1_600' title='bbox 2810 1559 2825 1582; x_wconf 95' lang='lat'><strong>,</strong></span> <span class='ocrx_word' id='word_1_601' title='bbox 2876 1519 3065 1588; x_wconf 88' lang='lat' dir='ltr'><strong>inquit,</strong></span> <span class='ocrx_word' id='word_1_602' title='bbox 3117 1520 3403 1589; x_wconf 82' lang='lat' dir='ltr'><strong>vigilantes.</strong></span> <span class='ocrx_word' id='word_1_603' title='bbox 3432 1521 3560 1577; x_wconf 87' lang='lat' dir='ltr'><strong>Sive</strong></span> <span class='ocrx_word' id='word_1_604' title='bbox 3606 1524 3691 1577; x_wconf 89' lang='lat' dir='ltr'><strong>hic</strong></span> <span class='ocrx_word' id='word_1_605' title='bbox 3738 1524 3884 1578; x_wconf 84' lang='lat' dir='ltr'><strong>dicat</strong></span> 
     </span>
    </p>
   </div>
   <div class='ocr_carea' id='block_1_74' title="bbox 2310 1610 3882 1675">
    <p class='ocr_par' dir='ltr' id='par_1_74' title="bbox 2310 1610 3882 1675">
     <span class='ocr_line' id='line_1_74' title="bbox 2310 1610 3882 1675; baseline 0.006 -16"><span class='ocrx_word' id='word_1_606' title='bbox 2310 1610 2757 1675; x_wconf 86' lang='lat' dir='ltr'><strong>pernoctationes,</strong></span> <span class='ocrx_word' id='word_1_607' title='bbox 2782 1612 2895 1666; x_wconf 82' lang='lat' dir='ltr'><strong>sive</strong></span> <span class='ocrx_word' id='word_1_608' title='bbox 2916 1613 3073 1666; x_wconf 88' lang='lat' dir='ltr'><strong>etiam</strong></span> <span class='ocrx_word' id='word_1_609' title='bbox 3092 1613 3283 1665; x_wconf 72' lang='lat' dir='ltr'><strong>animm</strong></span> <span class='ocrx_word' id='word_1_610' title='bbox 3302 1614 3664 1674; x_wconf 86' lang='lat' dir='ltr'><strong>sobrietatem,</strong></span> <span class='ocrx_word' id='word_1_611' title='bbox 3684 1625 3882 1669; x_wconf 84' lang='lat' dir='ltr'><strong>utrum-</strong></span> 
     </span>
    </p>
   </div>
   <div class='ocr_carea' id='block_1_75' title="bbox 2305 1698 3879 1771">
    <p class='ocr_par' dir='ltr' id='par_1_75' title="bbox 2305 1698 3879 1771">
     <span class='ocr_line' id='line_1_75' title="bbox 2305 1698 3879 1771; baseline 0.006 -22"><span class='ocrx_word' id='word_1_612' title='bbox 2305 1712 2410 1765; x_wconf 88' lang='lat' dir='ltr'><strong>que</strong></span> <span class='ocrx_word' id='word_1_613' title='bbox 2433 1698 2676 1753; x_wconf 87' lang='lat' dir='ltr'><strong>admitto.</strong></span> <span class='ocrx_word' id='word_1_614' title='bbox 2709 1700 2865 1753; x_wconf 76' lang='lat' dir='ltr'><strong>\&quot;ides</strong></span> <span class='ocrx_word' id='word_1_615' title='bbox 2886 1701 3153 1769; x_wconf 86' lang='lat' dir='ltr'><strong>quomodo</strong></span> <span class='ocrx_word' id='word_1_616' title='bbox 3177 1701 3420 1771; x_wconf 82' lang='lat' dir='ltr'><strong>vigilaret</strong></span> <span class='ocrx_word' id='word_1_617' title='bbox 3447 1704 3531 1756; x_wconf 88' lang='lat' dir='ltr'><strong>illa</strong></span> <span class='ocrx_word' id='word_1_618' title='bbox 3557 1704 3879 1765; x_wconf 68' lang='lat' dir='ltr'><strong>Chanantea,</strong></span> 
     </span>
    </p>
   </div>
   <div class='ocr_carea' id='block_1_76' title="bbox 2307 1790 3907 1861">
    <p class='ocr_par' dir='ltr' id='par_1_76' title="bbox 2307 1790 3907 1861">
     <span class='ocr_line' id='line_1_76' title="bbox 2307 1790 3907 1861; baseline 0.005 -20"><span class='ocrx_word' id='word_1_619' title='bbox 2307 1798 2361 1842; x_wconf 91' lang='lat' dir='ltr'><strong>et</strong></span> <span class='ocrx_word' id='word_1_620' title='bbox 2389 1790 2612 1842; x_wconf 89' lang='lat' dir='ltr'><strong>Domino</strong></span> <span class='ocrx_word' id='word_1_621' title='bbox 2648 1806 2751 1843; x_wconf 88' lang='lat' dir='ltr'><strong>non</strong></span> <span class='ocrx_word' id='word_1_622' title='bbox 2793 1792 3151 1859; x_wconf 80' lang='lat' dir='ltr'><strong>respondente</strong></span> <span class='ocrx_word' id='word_1_623' title='bbox 3172 1833 3186 1856; x_wconf 96' lang='lat'><strong>,</strong></span> <span class='ocrx_word' id='word_1_624' title='bbox 3217 1792 3307 1846; x_wconf 85' lang='lat' dir='ltr'><strong>sed</strong></span> <span class='ocrx_word' id='word_1_625' title='bbox 3346 1794 3507 1846; x_wconf 83' lang='lat' dir='ltr'><strong>etiam</strong></span> <span class='ocrx_word' id='word_1_626' title='bbox 3546 1795 3907 1861; x_wconf 69' lang='lat' dir='ltr'><strong>repellente,</strong></span> 
     </span>
    </p>
   </div>
   <div class='ocr_carea' id='block_1_77' title="bbox 2308 1884 3884 1950">
    <p class='ocr_par' dir='ltr' id='par_1_77' title="bbox 2308 1884 3884 1950">
     <span class='ocr_line' id='line_1_77' title="bbox 2308 1884 3884 1950; baseline 0.003 -16"><span class='ocrx_word' id='word_1_627' title='bbox 2308 1893 2361 1934; x_wconf 88' lang='lat' dir='ltr'><strong>et</strong></span> <span class='ocrx_word' id='word_1_628' title='bbox 2406 1897 2522 1935; x_wconf 88' lang='lat' dir='ltr'><strong>cam</strong></span> <span class='ocrx_word' id='word_1_629' title='bbox 2567 1898 2752 1936; x_wconf 87' lang='lat' dir='ltr'><strong>canem</strong></span> <span class='ocrx_word' id='word_1_630' title='bbox 2791 1884 3109 1950; x_wconf 81' lang='lat' dir='ltr'><strong>appellante,</strong></span> <span class='ocrx_word' id='word_1_631' title='bbox 3143 1885 3229 1949; x_wconf 87' lang='lat' dir='ltr'><strong>illa</strong></span> <span class='ocrx_word' id='word_1_632' title='bbox 3263 1884 3503 1949; x_wconf 86' lang='lat' dir='ltr'><strong>diceret,</strong></span> <span class='ocrx_word' id='word_1_633' title='bbox 3536 1884 3724 1950; x_wconf 83' lang='lat' dir='ltr'><strong>Etiam,</strong></span> <span class='ocrx_word' id='word_1_634' title='bbox 3776 1885 3884 1938; x_wconf 83' lang='lat' dir='ltr'><strong>Do-</strong></span> 
     </span>
    </p>
   </div>
   <div class='ocr_carea' id='block_1_78' title="bbox 2307 1972 3885 2044">
    <p class='ocr_par' dir='ltr' id='par_1_78' title="bbox 2307 1972 3885 2044">
     <span class='ocr_line' id='line_1_78' title="bbox 2307 1972 3885 2044; baseline 0.005 -23"><span class='ocrx_word' id='word_1_635' title='bbox 2307 1972 2439 2024; x_wconf 83' lang='lat' dir='ltr'><strong>mine</strong></span> <span class='ocrx_word' id='word_1_636' title='bbox 2471 1988 2489 2025; x_wconf 92' lang='lat'><em>:</em></span> <span class='ocrx_word' id='word_1_637' title='bbox 2518 1989 2635 2025; x_wconf 87' lang='lat' dir='ltr'><strong>nam</strong></span> <span class='ocrx_word' id='word_1_638' title='bbox 2675 1984 2720 2026; x_wconf 89' lang='lat' dir='ltr'><strong>et</strong></span> <span class='ocrx_word' id='word_1_639' title='bbox 2766 1974 2938 2025; x_wconf 69' lang='lat' dir='ltr'><strong>catelli</strong></span> <span class='ocrx_word' id='word_1_640' title='bbox 2984 1974 3249 2027; x_wconf 83' lang='lat' dir='ltr'><strong>comedunt</strong></span> <span class='ocrx_word' id='word_1_641' title='bbox 3286 1992 3350 2027; x_wconf 71' lang='lat' dir='ltr'><strong>ea:</strong></span> <span class='ocrx_word' id='word_1_642' title='bbox 3379 1976 3521 2028; x_wconf 79' lang='lat' dir='ltr'><strong>micis</strong></span> <span class='ocrx_word' id='word_1_643' title='bbox 3546 1991 3661 2044; x_wconf 67' lang='lat' dir='ltr'><strong>qua</strong></span> <span class='ocrx_word' id='word_1_644' title='bbox 3692 1978 3885 2030; x_wconf 78' lang='lat' dir='ltr'><strong>cadunt</strong></span> 
     </span>
    </p>
   </div>
   <div class='ocr_carea' id='block_1_79' title="bbox 2306 2068 3884 2138">
    <p class='ocr_par' dir='ltr' id='par_1_79' title="bbox 2306 2068 3884 2138">
     <span class='ocr_line' id='line_1_79' title="bbox 2306 2068 3884 2138; baseline 0.003 -19"><span class='ocrx_word' id='word_1_645' title='bbox 2306 2083 2369 2119; x_wconf 76' lang='lat' dir='ltr'><strong>ea:</strong></span> <span class='ocrx_word' id='word_1_646' title='bbox 2412 2084 2581 2119; x_wconf 85' lang='lat' dir='ltr'><strong>mensa</strong></span> <span class='ocrx_word' id='word_1_647' title='bbox 2626 2070 2941 2120; x_wconf 80' lang='lat' dir='ltr'><strong>dominorum</strong></span> <span class='ocrx_word' id='word_1_648' title='bbox 2988 2084 3196 2121; x_wconf 82' lang='lat' dir='ltr'><strong>suorum</strong></span> <span class='ocrx_word' id='word_1_649' title='bbox 3244 2068 3456 2138; x_wconf 75' lang='lat' dir='ltr'><strong>(Matth.</strong></span> <span class='ocrx_word' id='word_1_650' title='bbox 3500 2069 3713 2137; x_wconf 62' lang='lat'><strong>15.20)</strong></span> <span class='ocrx_word' id='word_1_651' title='bbox 3739 2087 3754 2123; x_wconf 88' lang='lat'><strong>:</strong></span> <span class='ocrx_word' id='word_1_652' title='bbox 3784 2086 3884 2125; x_wconf 84' lang='lat' dir='ltr'><strong>nec</strong></span> 
     </span>
    </p>
   </div>
   <div class='ocr_carea' id='block_1_80' title="bbox 2306 2160 3887 2233">
    <p class='ocr_par' dir='ltr' id='par_1_80' title="bbox 2306 2160 3887 2233">
     <span class='ocr_line' id='line_1_80' title="bbox 2306 2160 3887 2233; baseline 0.003 -20"><span class='ocrx_word' id='word_1_653' title='bbox 2306 2160 2506 2213; x_wconf 87' lang='lat' dir='ltr'><strong>destitit</strong></span> <span class='ocrx_word' id='word_1_654' title='bbox 2534 2169 2816 2228; x_wconf 87' lang='lat' dir='ltr'><strong>antequam</strong></span> <span class='ocrx_word' id='word_1_655' title='bbox 2849 2170 3132 2229; x_wconf 82' lang='lat' dir='ltr'><strong>assequnta</strong></span> <span class='ocrx_word' id='word_1_656' title='bbox 3165 2161 3263 2214; x_wconf 88' lang='lat' dir='ltr'><strong>fuit</strong></span> <span class='ocrx_word' id='word_1_657' title='bbox 3291 2163 3647 2229; x_wconf 86' lang='lat' dir='ltr'><strong>petitionem?</strong></span> <span class='ocrx_word' id='word_1_658' title='bbox 3676 2172 3732 2218; x_wconf 89' lang='lat' dir='ltr'><strong>et</strong></span> <span class='ocrx_word' id='word_1_659' title='bbox 3757 2179 3887 2233; x_wconf 87' lang='lat' dir='ltr'><strong>quo-</strong></span> 
     </span>
    </p>
   </div>
   <div class='ocr_carea' id='block_1_81' title="bbox 2307 2250 3884 2321">
    <p class='ocr_par' dir='ltr' id='par_1_81' title="bbox 2307 2250 3884 2321">
     <span class='ocr_line' id='line_1_81' title="bbox 2307 2250 3884 2321; baseline 0.003 -18"><span class='ocrx_word' id='word_1_660' title='bbox 2307 2251 2466 2303; x_wconf 87' lang='lat' dir='ltr'><strong>modo</strong></span> <span class='ocrx_word' id='word_1_661' title='bbox 2496 2250 2650 2304; x_wconf 83' lang='lat' dir='ltr'><strong>vidua</strong></span> <span class='ocrx_word' id='word_1_662' title='bbox 2683 2252 2766 2304; x_wconf 86' lang='lat' dir='ltr'><strong>illa</strong></span> <span class='ocrx_word' id='word_1_663' title='bbox 2798 2251 3087 2315; x_wconf 87' lang='lat' dir='ltr'><strong>clamavit,</strong></span> <span class='ocrx_word' id='word_1_664' title='bbox 3135 2262 3189 2305; x_wconf 88' lang='lat' dir='ltr'><strong>et</strong></span> <span class='ocrx_word' id='word_1_665' title='bbox 3235 2252 3434 2305; x_wconf 86' lang='lat' dir='ltr'><strong>tamdiu</strong></span> <span class='ocrx_word' id='word_1_666' title='bbox 3481 2255 3884 2321; x_wconf 82' lang='lat' dir='ltr'><strong>perseveravit,</strong></span> 
     </span>
    </p>
   </div>
   <div class='ocr_carea' id='block_1_82' title="bbox 2306 2344 3884 2415">
    <p class='ocr_par' dir='ltr' id='par_1_82' title="bbox 2306 2344 3884 2415">
     <span class='ocr_line' id='line_1_82' title="bbox 2306 2344 3884 2415; baseline 0.003 -18"><span class='ocrx_word' id='word_1_667' title='bbox 2306 2344 2477 2398; x_wconf 89' lang='lat' dir='ltr'><strong>donec</strong></span> <span class='ocrx_word' id='word_1_668' title='bbox 2508 2344 2707 2412; x_wconf 86' lang='lat' dir='ltr'><strong>pudore</strong></span> <span class='ocrx_word' id='word_1_669' title='bbox 2738 2344 2976 2398; x_wconf 83' lang='lat' dir='ltr'><strong>afl&#39;eccrit</strong></span> <span class='ocrx_word' id='word_1_670' title='bbox 3008 2345 3299 2414; x_wconf 86' lang='lat' dir='ltr'><strong>principem</strong></span> <span class='ocrx_word' id='word_1_671' title='bbox 3328 2384 3343 2408; x_wconf 90' lang='lat'><strong>,</strong></span> <span class='ocrx_word' id='word_1_672' title='bbox 3370 2347 3459 2415; x_wconf 91' lang='lat' dir='ltr'><strong>qui</strong></span> <span class='ocrx_word' id='word_1_673' title='bbox 3509 2362 3682 2414; x_wconf 86' lang='lat' dir='ltr'><strong>neque</strong></span> <span class='ocrx_word' id='word_1_674' title='bbox 3713 2348 3884 2401; x_wconf 88' lang='lat' dir='ltr'><strong>Deum</strong></span> 
     </span>
    </p>
   </div>
   <div class='ocr_carea' id='block_1_83' title="bbox 2310 2436 3887 2505">
    <p class='ocr_par' dir='ltr' id='par_1_83' title="bbox 2310 2436 3887 2505">
     <span class='ocr_line' id='line_1_83' title="bbox 2310 2436 3887 2505; baseline 0.001 -16"><span class='ocrx_word' id='word_1_675' title='bbox 2310 2436 2571 2499; x_wconf 85' lang='lat' dir='ltr'><strong>timebat,</strong></span> <span class='ocrx_word' id='word_1_676' title='bbox 2613 2452 2784 2505; x_wconf 87' lang='lat' dir='ltr'><strong>neque</strong></span> <span class='ocrx_word' id='word_1_677' title='bbox 2830 2436 3102 2489; x_wconf 86' lang='lat' dir='ltr'><strong>hominem</strong></span> <span class='ocrx_word' id='word_1_678' title='bbox 3153 2436 3478 2489; x_wconf 78' lang='lat' dir='ltr'><strong>verebatur?</strong></span> <span class='ocrx_word' id='word_1_679' title='bbox 3508 2445 3562 2488; x_wconf 88' lang='lat' dir='ltr'><strong>et</strong></span> <span class='ocrx_word' id='word_1_680' title='bbox 3609 2439 3887 2505; x_wconf 85' lang='lat' dir='ltr'><strong>quomodo</strong></span> 
     </span>
    </p>
   </div>
   <div class='ocr_carea' id='block_1_84' title="bbox 2308 2526 3888 2596">
    <p class='ocr_par' dir='ltr' id='par_1_84' title="bbox 2308 2526 3888 2596">
     <span class='ocr_line' id='line_1_84' title="bbox 2308 2526 3888 2596; baseline 0.002 -16"><span class='ocrx_word' id='word_1_681' title='bbox 2308 2527 2509 2582; x_wconf 86' lang='lat' dir='ltr'><strong>amicus</strong></span> <span class='ocrx_word' id='word_1_682' title='bbox 2537 2527 2853 2596; x_wconf 86' lang='lat' dir='ltr'><strong>intempesta</strong></span> <span class='ocrx_word' id='word_1_683' title='bbox 2882 2536 3038 2580; x_wconf 89' lang='lat' dir='ltr'><strong>nocte</strong></span> <span class='ocrx_word' id='word_1_684' title='bbox 3063 2527 3422 2594; x_wconf 78' lang='lat' dir='ltr'><strong>perseveravit</strong></span> <span class='ocrx_word' id='word_1_685' title='bbox 3449 2568 3463 2589; x_wconf 94' lang='lat'><strong>,</strong></span> <span class='ocrx_word' id='word_1_686' title='bbox 3492 2526 3664 2581; x_wconf 83' lang='lat' dir='ltr'><strong>donec</strong></span> <span class='ocrx_word' id='word_1_687' title='bbox 3693 2530 3888 2584; x_wconf 84' lang='lat' dir='ltr'><strong>etl&#39;cce-</strong></span> 
     </span>
    </p>
   </div>
   <div class='ocr_carea' id='block_1_85' title="bbox 2276 2620 3889 2692">
    <p class='ocr_par' dir='ltr' id='par_1_85' title="bbox 2276 2620 3889 2692">
     <span class='ocr_line' id='line_1_85' title="bbox 2276 2620 3889 2692; baseline 0.001 -16"><span class='ocrx_word' id='word_1_688' title='bbox 2276 2688 2281 2692; x_wconf 22' lang='grc' dir='ltr'>δ</span> <span class='ocrx_word' id='word_1_689' title='bbox 2307 2623 2379 2676; x_wconf 87' lang='lat' dir='ltr'><strong>rit</strong></span> <span class='ocrx_word' id='word_1_690' title='bbox 2402 2630 2460 2675; x_wconf 89' lang='lat' dir='ltr'><strong>ut</strong></span> <span class='ocrx_word' id='word_1_691' title='bbox 2487 2622 2769 2691; x_wconf 89' lang='lat' dir='ltr'><strong>vigilaret,</strong></span> <span class='ocrx_word' id='word_1_692' title='bbox 2798 2636 2892 2674; x_wconf 91' lang='lat' dir='ltr'><strong>sua</strong></span> <span class='ocrx_word' id='word_1_693' title='bbox 2920 2620 3228 2675; x_wconf 87' lang='lat' dir='ltr'><strong>assiduitate</strong></span> <span class='ocrx_word' id='word_1_694' title='bbox 3275 2620 3499 2674; x_wconf 83' lang='lat' dir='ltr'><strong>incusso</strong></span> <span class='ocrx_word' id='word_1_695' title='bbox 3535 2621 3607 2675; x_wconf 90' lang='lat' dir='ltr'><strong>illi</strong></span> <span class='ocrx_word' id='word_1_696' title='bbox 3640 2620 3889 2691; x_wconf 78' lang='lat' dir='ltr'><strong>pudore?</strong></span> 
     </span>
    </p>
   </div>
   <div class='ocr_carea' id='block_1_86' title="bbox 2313 2710 3889 2782">
    <p class='ocr_par' dir='ltr' id='par_1_86' title="bbox 2313 2710 3889 2782">
     <span class='ocr_line' id='line_1_86' title="bbox 2313 2710 3889 2782; baseline 0.001 -17"><span class='ocrx_word' id='word_1_697' title='bbox 2313 2713 2424 2768; x_wconf 87' lang='lat' dir='ltr'><strong>[loc</strong></span> <span class='ocrx_word' id='word_1_698' title='bbox 2450 2721 2531 2768; x_wconf 90' lang='lat' dir='ltr'><strong>est</strong></span> <span class='ocrx_word' id='word_1_699' title='bbox 2562 2712 2800 2782; x_wconf 80' lang='lat' dir='ltr'><strong>vigilare.</strong></span> <span class='ocrx_word' id='word_1_700' title='bbox 2835 2710 2925 2764; x_wconf 87' lang='lat' dir='ltr'><strong>Vis</strong></span> <span class='ocrx_word' id='word_1_701' title='bbox 2966 2711 3174 2764; x_wconf 87' lang='lat' dir='ltr'><strong>discere</strong></span> <span class='ocrx_word' id='word_1_702' title='bbox 3213 2710 3440 2780; x_wconf 78' lang='lat' dir='ltr'><strong>vigiliam</strong></span> <span class='ocrx_word' id='word_1_703' title='bbox 3470 2712 3661 2764; x_wconf 71' lang='lat' dir='ltr'><strong>anima:</strong></span> <span class='ocrx_word' id='word_1_704' title='bbox 3687 2714 3711 2763; x_wconf 83' lang='lat'><strong>&#39;!</strong></span> <span class='ocrx_word' id='word_1_705' title='bbox 3751 2713 3889 2767; x_wconf 84' lang='lat' dir='ltr'><strong>vade</strong></span> 
     </span>
    </p>
   </div>
   <div class='ocr_carea' id='block_1_87' title="bbox 2309 2801 3891 2869">
    <p class='ocr_par' dir='ltr' id='par_1_87' title="bbox 2309 2801 3891 2869">
     <span class='ocr_line' id='line_1_87' title="bbox 2309 2801 3891 2869; baseline 0.001 -13"><span class='ocrx_word' id='word_1_706' title='bbox 2309 2803 2373 2856; x_wconf 81' lang='lat' dir='ltr'><strong>atl</strong></span> <span class='ocrx_word' id='word_1_707' title='bbox 2402 2804 2629 2864; x_wconf 82' lang='lat' dir='ltr'><strong>Annam,</strong></span> <span class='ocrx_word' id='word_1_708' title='bbox 2656 2812 2710 2856; x_wconf 89' lang='lat' dir='ltr'><strong>et</strong></span> <span class='ocrx_word' id='word_1_709' title='bbox 2729 2802 2856 2856; x_wconf 86' lang='lat' dir='ltr'><strong>audi</strong></span> <span class='ocrx_word' id='word_1_710' title='bbox 2879 2802 3039 2855; x_wconf 82' lang='lat' dir='ltr'><strong>verba</strong></span> <span class='ocrx_word' id='word_1_711' title='bbox 3062 2801 3180 2869; x_wconf 85' lang='lat' dir='ltr'><strong>ejus</strong></span> <span class='ocrx_word' id='word_1_712' title='bbox 3203 2818 3215 2853; x_wconf 95' lang='lat'>:</span> <span class='ocrx_word' id='word_1_713' title='bbox 3243 2801 3461 2867; x_wconf 73' lang='lat' dir='ltr'><strong>Adonei,</strong></span> <span class='ocrx_word' id='word_1_714' title='bbox 3489 2801 3604 2856; x_wconf 73' lang='lat' dir='ltr'><strong>Elei</strong></span> <span class='ocrx_word' id='word_1_715' title='bbox 3656 2803 3891 2859; x_wconf 74' lang='lat' dir='ltr'><strong>Sabaoth</strong></span> 
     </span>
    </p>
   </div>
   <div class='ocr_carea' id='block_1_88' title="bbox 2314 2891 3890 2962">
    <p class='ocr_par' dir='ltr' id='par_1_88' title="bbox 2314 2891 3890 2962">
     <span class='ocr_line' id='line_1_88' title="bbox 2314 2891 3890 2962; baseline 0.002 -16"><span class='ocrx_word' id='word_1_716' title='bbox 2314 2893 2390 2961; x_wconf 87' lang='grc'><strong>(1.</strong></span> <span class='ocrx_word' id='word_1_717' title='bbox 2424 2892 2548 2961; x_wconf 79' lang='lat' dir='ltr'><strong>(leg.</strong></span> <span class='ocrx_word' id='word_1_718' title='bbox 2581 2893 2631 2946; x_wconf 85' lang='grc'><strong>1.</strong></span> <span class='ocrx_word' id='word_1_719' title='bbox 2668 2894 2778 2961; x_wconf 86' lang='grc'><strong>11).</strong></span> <span class='ocrx_word' id='word_1_720' title='bbox 2812 2892 2923 2945; x_wconf 86' lang='lat' dir='ltr'><strong>imo</strong></span> <span class='ocrx_word' id='word_1_721' title='bbox 2954 2906 3081 2945; x_wconf 88' lang='lat' dir='ltr'><strong>vero</strong></span> <span class='ocrx_word' id='word_1_722' title='bbox 3108 2891 3229 2943; x_wconf 89' lang='lat' dir='ltr'><strong>audi</strong></span> <span class='ocrx_word' id='word_1_723' title='bbox 3269 2907 3388 2959; x_wconf 68' lang='lat' dir='ltr'><strong>quae</strong></span> <span class='ocrx_word' id='word_1_724' title='bbox 3439 2892 3526 2945; x_wconf 86' lang='lat' dir='ltr'><strong>illa</strong></span> <span class='ocrx_word' id='word_1_725' title='bbox 3558 2893 3720 2948; x_wconf 88' lang='lat' dir='ltr'><strong>verba</strong></span> <span class='ocrx_word' id='word_1_726' title='bbox 3750 2911 3890 2962; x_wconf 74' lang='lat' dir='ltr'><strong>prze-</strong></span> 
     </span>
    </p>
   </div>
   <div class='ocr_carea' id='block_1_89' title="bbox 2311 2982 3889 3051">
    <p class='ocr_par' dir='ltr' id='par_1_89' title="bbox 2311 2982 3889 3051">
     <span class='ocr_line' id='line_1_89' title="bbox 2311 2982 3889 3051; baseline 0.003 -14"><span class='ocrx_word' id='word_1_727' title='bbox 2311 2992 2607 3037; x_wconf 85' lang='lat' dir='ltr'><strong>cessernnt.</strong></span> <span class='ocrx_word' id='word_1_728' title='bbox 2634 2984 3014 3043; x_wconf 81' lang='lat' dir='ltr'><strong>Surrexerunt,</strong></span> <span class='ocrx_word' id='word_1_729' title='bbox 3048 2982 3236 3051; x_wconf 89' lang='lat' dir='ltr'><strong>inquit,</strong></span> <span class='ocrx_word' id='word_1_730' title='bbox 3267 2998 3454 3036; x_wconf 89' lang='lat' dir='ltr'><strong>omnes</strong></span> <span class='ocrx_word' id='word_1_731' title='bbox 3479 2999 3509 3037; x_wconf 90' lang='lat' dir='ltr'><strong>a</strong></span> <span class='ocrx_word' id='word_1_732' title='bbox 3541 3000 3725 3039; x_wconf 87' lang='lat' dir='ltr'><strong>mensa</strong></span> <span class='ocrx_word' id='word_1_733' title='bbox 3754 3005 3767 3041; x_wconf 91' lang='lat'>:</span> <span class='ocrx_word' id='word_1_734' title='bbox 3797 2988 3889 3041; x_wconf 88' lang='lat' dir='ltr'><strong>illa</strong></span> 
     </span>
    </p>
   </div>
   <div class='ocr_carea' id='block_1_90' title="bbox 2312 3071 3888 3141">
    <p class='ocr_par' dir='ltr' id='par_1_90' title="bbox 2312 3071 3888 3141">
     <span class='ocr_line' id='line_1_90' title="bbox 2312 3071 3888 3141; baseline 0.003 -16"><span class='ocrx_word' id='word_1_735' title='bbox 2312 3087 2438 3127; x_wconf 90' lang='lat' dir='ltr'><strong>vero</strong></span> <span class='ocrx_word' id='word_1_736' title='bbox 2463 3089 2568 3126; x_wconf 91' lang='lat' dir='ltr'><strong>non</strong></span> <span class='ocrx_word' id='word_1_737' title='bbox 2597 3071 2663 3125; x_wconf 86' lang='lat' dir='ltr'><strong>ad</strong></span> <span class='ocrx_word' id='word_1_738' title='bbox 2686 3085 2933 3125; x_wconf 86' lang='lat' dir='ltr'><strong>somnum</strong></span> <span class='ocrx_word' id='word_1_739' title='bbox 2952 3079 3041 3125; x_wconf 71' lang='lat' dir='ltr'><strong>est</strong></span> <span class='ocrx_word' id='word_1_740' title='bbox 3068 3086 3326 3125; x_wconf 72' lang='lat' dir='ltr'><strong>conversa</strong></span> <span class='ocrx_word' id='word_1_741' title='bbox 3354 3112 3368 3132; x_wconf 95' lang='lat'><strong>,</strong></span> <span class='ocrx_word' id='word_1_742' title='bbox 3400 3087 3506 3125; x_wconf 86' lang='lat' dir='ltr'><strong>non</strong></span> <span class='ocrx_word' id='word_1_743' title='bbox 3533 3073 3597 3125; x_wconf 91' lang='lat' dir='ltr'><strong>ad</strong></span> <span class='ocrx_word' id='word_1_744' title='bbox 3623 3076 3888 3141; x_wconf 86' lang='lat' dir='ltr'><strong>quietem.</strong></span> 
     </span>
    </p>
   </div>
   <div class='ocr_carea' id='block_1_91' title="bbox 2317 3160 3894 3227">
    <p class='ocr_par' dir='ltr' id='par_1_91' title="bbox 2317 3160 3894 3227">
     <span class='ocr_line' id='line_1_91' title="bbox 2317 3160 3894 3227; baseline 0.003 -10"><span class='ocrx_word' id='word_1_745' title='bbox 2317 3162 2465 3217; x_wconf 83' lang='lat' dir='ltr'><strong>Unde</strong></span> <span class='ocrx_word' id='word_1_746' title='bbox 2494 3162 2624 3214; x_wconf 89' lang='lat' dir='ltr'><strong>mihi</strong></span> <span class='ocrx_word' id='word_1_747' title='bbox 2652 3162 2861 3215; x_wconf 87' lang='lat' dir='ltr'><strong>videtur</strong></span> <span class='ocrx_word' id='word_1_748' title='bbox 2885 3160 3045 3214; x_wconf 88' lang='lat' dir='ltr'><strong>etiam</strong></span> <span class='ocrx_word' id='word_1_749' title='bbox 3076 3160 3129 3213; x_wconf 92' lang='lat' dir='ltr'><strong>in</strong></span> <span class='ocrx_word' id='word_1_750' title='bbox 3156 3176 3335 3214; x_wconf 87' lang='lat' dir='ltr'><strong>mensa</strong></span> <span class='ocrx_word' id='word_1_751' title='bbox 3367 3162 3575 3216; x_wconf 84' lang='lat' dir='ltr'><strong>sedisse</strong></span> <span class='ocrx_word' id='word_1_752' title='bbox 3600 3163 3753 3227; x_wconf 85' lang='lat' dir='ltr'><strong>levis,</strong></span> <span class='ocrx_word' id='word_1_753' title='bbox 3786 3181 3894 3221; x_wconf 86' lang='lat' dir='ltr'><strong>nec</strong></span> 
     </span>
    </p>
   </div>
   <div class='ocr_carea' id='block_1_92' title="bbox 2314 3253 3897 3321">
    <p class='ocr_par' dir='ltr' id='par_1_92' title="bbox 2314 3253 3897 3321">
     <span class='ocr_line' id='line_1_92' title="bbox 2314 3253 3897 3321; baseline 0.003 -13"><span class='ocrx_word' id='word_1_754' title='bbox 2314 3255 2434 3309; x_wconf 89' lang='lat' dir='ltr'><strong>ullis</strong></span> <span class='ocrx_word' id='word_1_755' title='bbox 2458 3254 2590 3309; x_wconf 87' lang='lat' dir='ltr'><strong>cibis</strong></span> <span class='ocrx_word' id='word_1_756' title='bbox 2615 3263 2860 3321; x_wconf 82' lang='lat' dir='ltr'><strong>gravata,</strong></span> <span class='ocrx_word' id='word_1_757' title='bbox 2889 3253 3088 3319; x_wconf 89' lang='lat' dir='ltr'><strong>alioqui</strong></span> <span class='ocrx_word' id='word_1_758' title='bbox 3117 3268 3223 3305; x_wconf 89' lang='lat' dir='ltr'><strong>non</strong></span> <span class='ocrx_word' id='word_1_759' title='bbox 3266 3261 3367 3305; x_wconf 90' lang='lat' dir='ltr'><strong>tam</strong></span> <span class='ocrx_word' id='word_1_760' title='bbox 3410 3253 3606 3308; x_wconf 85' lang='lat' dir='ltr'><strong>multas</strong></span> <span class='ocrx_word' id='word_1_761' title='bbox 3624 3256 3897 3312; x_wconf 85' lang='lat' dir='ltr'><strong>emisisset</strong></span> 
     </span>
    </p>
   </div>
   <div class='ocr_carea' id='block_1_93' title="bbox 2314 3343 3893 3416">
    <p class='ocr_par' dir='ltr' id='par_1_93' title="bbox 2314 3343 3893 3416">
     <span class='ocr_line' id='line_1_93' title="bbox 2314 3343 3893 3416; baseline 0.001 -17"><span class='ocrx_word' id='word_1_762' title='bbox 2314 3347 2595 3416; x_wconf 82' lang='lat' dir='ltr'><strong>lacrymas.</strong></span> <span class='ocrx_word' id='word_1_763' title='bbox 2619 3343 2751 3397; x_wconf 86' lang='lat' dir='ltr'><strong>Nam</strong></span> <span class='ocrx_word' id='word_1_764' title='bbox 2773 3344 2816 3396; x_wconf 90' lang='lat' dir='ltr'><strong>si</strong></span> <span class='ocrx_word' id='word_1_765' title='bbox 2842 3358 2956 3405; x_wconf 89' lang='lat' dir='ltr'><strong>nos,</strong></span> <span class='ocrx_word' id='word_1_766' title='bbox 2982 3358 3100 3396; x_wconf 91' lang='lat' dir='ltr'><strong>cum</strong></span> <span class='ocrx_word' id='word_1_767' title='bbox 3124 3359 3307 3396; x_wconf 85' lang='lat' dir='ltr'><strong>smnus</strong></span> <span class='ocrx_word' id='word_1_768' title='bbox 3323 3343 3512 3412; x_wconf 87' lang='lat' dir='ltr'><strong>jejuni,</strong></span> <span class='ocrx_word' id='word_1_769' title='bbox 3538 3347 3623 3398; x_wconf 78' lang='lat' dir='ltr'><strong>vix</strong></span> <span class='ocrx_word' id='word_1_770' title='bbox 3649 3361 3893 3415; x_wconf 84' lang='lat' dir='ltr'><strong>oramus,</strong></span> 
     </span>
    </p>
   </div>
   <div class='ocr_carea' id='block_1_94' title="bbox 2314 3434 3898 3505">
    <p class='ocr_par' dir='ltr' id='par_1_94' title="bbox 2314 3434 3898 3505">
     <span class='ocr_line' id='line_1_94' title="bbox 2314 3434 3898 3505; baseline 0.001 -13"><span class='ocrx_word' id='word_1_771' title='bbox 2314 3440 2423 3492; x_wconf 89' lang='lat' dir='ltr'><strong>imo</strong></span> <span class='ocrx_word' id='word_1_772' title='bbox 2472 3452 2601 3492; x_wconf 81' lang='lat' dir='ltr'><strong>vero</strong></span> <span class='ocrx_word' id='word_1_773' title='bbox 2642 3451 2711 3491; x_wconf 90' lang='lat' dir='ltr'><strong>ne</strong></span> <span class='ocrx_word' id='word_1_774' title='bbox 2752 3437 2832 3489; x_wconf 89' lang='lat' dir='ltr'><strong>sic</strong></span> <span class='ocrx_word' id='word_1_775' title='bbox 2874 3434 3092 3505; x_wconf 87' lang='lat' dir='ltr'><strong>quidem</strong></span> <span class='ocrx_word' id='word_1_776' title='bbox 3143 3450 3394 3504; x_wconf 79' lang='lat' dir='ltr'><strong>umquam</strong></span> <span class='ocrx_word' id='word_1_777' title='bbox 3435 3450 3652 3490; x_wconf 88' lang='lat' dir='ltr'><strong>oramus</strong></span> <span class='ocrx_word' id='word_1_778' title='bbox 3681 3454 3695 3491; x_wconf 92' lang='lat'><strong>:</strong></span> <span class='ocrx_word' id='word_1_779' title='bbox 3724 3440 3898 3493; x_wconf 88' lang='lat' dir='ltr'><strong>multo</strong></span> 
     </span>
    </p>
   </div>
   <div class='ocr_carea' id='block_1_95' title="bbox 2316 3527 3896 3599">
    <p class='ocr_par' dir='ltr' id='par_1_95' title="bbox 2316 3527 3896 3599">
     <span class='ocr_line' id='line_1_95' title="bbox 2316 3527 3896 3599; baseline 0.001 -16"><span class='ocrx_word' id='word_1_780' title='bbox 2316 3530 2483 3599; x_wconf 80' lang='lat' dir='ltr'><strong>magis</strong></span> <span class='ocrx_word' id='word_1_781' title='bbox 2514 3528 2603 3583; x_wconf 88' lang='lat' dir='ltr'><strong>illa</strong></span> <span class='ocrx_word' id='word_1_782' title='bbox 2640 3537 2761 3595; x_wconf 89' lang='lat' dir='ltr'><strong>post</strong></span> <span class='ocrx_word' id='word_1_783' title='bbox 2790 3541 3028 3581; x_wconf 87' lang='lat' dir='ltr'><strong>mensam</strong></span> <span class='ocrx_word' id='word_1_784' title='bbox 3075 3541 3179 3579; x_wconf 88' lang='lat' dir='ltr'><strong>non</strong></span> <span class='ocrx_word' id='word_1_785' title='bbox 3219 3535 3453 3589; x_wconf 80' lang='lat' dir='ltr'><strong>orasset,</strong></span> <span class='ocrx_word' id='word_1_786' title='bbox 3500 3527 3600 3581; x_wconf 89' lang='lat' dir='ltr'><strong>nisi</strong></span> <span class='ocrx_word' id='word_1_787' title='bbox 3636 3529 3796 3582; x_wconf 78' lang='lat' dir='ltr'><strong>etiarn</strong></span> <span class='ocrx_word' id='word_1_788' title='bbox 3842 3532 3896 3584; x_wconf 91' lang='lat' dir='ltr'><strong>in</strong></span> 
     </span>
    </p>
   </div>
   <div class='ocr_carea' id='block_1_96' title="bbox 2314 3612 3899 3689">
    <p class='ocr_par' dir='ltr' id='par_1_96' title="bbox 2314 3612 3899 3689">
     <span class='ocr_line' id='line_1_96' title="bbox 2314 3612 3899 3689; baseline 0.002 -16"><span class='ocrx_word' id='word_1_789' title='bbox 2314 3635 2498 3674; x_wconf 86' lang='lat' dir='ltr'><strong>mensa</strong></span> <span class='ocrx_word' id='word_1_790' title='bbox 2535 3620 2726 3673; x_wconf 73' lang='lat' dir='ltr'><strong>fuisset</strong></span> <span class='ocrx_word' id='word_1_791' title='bbox 2753 3612 2945 3672; x_wconf 86' lang='lat' dir='ltr'><strong>similis</strong></span> <span class='ocrx_word' id='word_1_792' title='bbox 2966 3616 3359 3687; x_wconf 81' lang='lat' dir='ltr'><strong>jejunantibus.</strong></span> <span class='ocrx_word' id='word_1_793' title='bbox 3390 3617 3498 3672; x_wconf 78' lang='lat' dir='ltr'><strong>Nos</strong></span> <span class='ocrx_word' id='word_1_794' title='bbox 3522 3620 3665 3673; x_wconf 85' lang='lat' dir='ltr'><strong>viros</strong></span> <span class='ocrx_word' id='word_1_795' title='bbox 3690 3621 3899 3689; x_wconf 83' lang='lat' dir='ltr'><strong>pudore</strong></span> 
     </span>
    </p>
   </div>
   <div class='ocr_carea' id='block_1_97' title="bbox 2316 3708 3899 3783">
    <p class='ocr_par' dir='ltr' id='par_1_97' title="bbox 2316 3708 3899 3783">
     <span class='ocr_line' id='line_1_97' title="bbox 2316 3708 3899 3783; baseline -0.001 -20"><span class='ocrx_word' id='word_1_796' title='bbox 2316 3711 2586 3765; x_wconf 84' lang='lat' dir='ltr'><strong>suffundat</strong></span> <span class='ocrx_word' id='word_1_797' title='bbox 2613 3711 2728 3763; x_wconf 67' lang='lat' dir='ltr'><strong>hmc</strong></span> <span class='ocrx_word' id='word_1_798' title='bbox 2748 3710 2976 3771; x_wconf 88' lang='lat' dir='ltr'><strong>mulier;</strong></span> <span class='ocrx_word' id='word_1_799' title='bbox 3008 3724 3105 3761; x_wconf 90' lang='lat' dir='ltr'><strong>nos</strong></span> <span class='ocrx_word' id='word_1_800' title='bbox 3130 3708 3327 3776; x_wconf 87' lang='lat' dir='ltr'><strong>pudeat</strong></span> <span class='ocrx_word' id='word_1_801' title='bbox 3346 3709 3438 3778; x_wconf 83' lang='lat' dir='ltr'><strong>qui</strong></span> <span class='ocrx_word' id='word_1_802' title='bbox 3458 3724 3555 3777; x_wconf 91' lang='lat' dir='ltr'><strong>pro</strong></span> <span class='ocrx_word' id='word_1_803' title='bbox 3578 3725 3744 3779; x_wconf 82' lang='lat' dir='ltr'><strong>regno</strong></span> <span class='ocrx_word' id='word_1_804' title='bbox 3765 3728 3899 3783; x_wconf 81' lang='lat' dir='ltr'><strong>sup-</strong></span> 
     </span>
    </p>
   </div>
   <div class='ocr_carea' id='block_1_98' title="bbox 2314 3798 3900 3869">
    <p class='ocr_par' dir='ltr' id='par_1_98' title="bbox 2314 3798 3900 3869">
     <span class='ocr_line' id='line_1_98' title="bbox 2314 3798 3900 3869; baseline 0.003 -16"><span class='ocrx_word' id='word_1_805' title='bbox 2314 3800 2576 3869; x_wconf 86' lang='lat' dir='ltr'><strong>plicamus</strong></span> <span class='ocrx_word' id='word_1_806' title='bbox 2599 3808 2655 3854; x_wconf 88' lang='lat' dir='ltr'><strong>et</strong></span> <span class='ocrx_word' id='word_1_807' title='bbox 2683 3800 2996 3864; x_wconf 81' lang='lat' dir='ltr'><strong>oscitamus,</strong></span> <span class='ocrx_word' id='word_1_808' title='bbox 3028 3798 3169 3867; x_wconf 86' lang='lat' dir='ltr'><strong>quod</strong></span> <span class='ocrx_word' id='word_1_809' title='bbox 3190 3812 3256 3852; x_wconf 87' lang='lat' dir='ltr'><strong>ea</strong></span> <span class='ocrx_word' id='word_1_810' title='bbox 3280 3807 3401 3852; x_wconf 86' lang='lat' dir='ltr'><strong>oret</strong></span> <span class='ocrx_word' id='word_1_811' title='bbox 3436 3813 3532 3867; x_wconf 91' lang='lat' dir='ltr'><strong>pro</strong></span> <span class='ocrx_word' id='word_1_812' title='bbox 3556 3799 3665 3855; x_wconf 79' lang='lat' dir='ltr'><strong>ﬁlio</strong></span> <span class='ocrx_word' id='word_1_813' title='bbox 3693 3810 3749 3855; x_wconf 86' lang='lat' dir='ltr'><strong>et</strong></span> <span class='ocrx_word' id='word_1_814' title='bbox 3779 3801 3900 3857; x_wconf 83' lang='lat' dir='ltr'><strong>fun-</strong></span> 
     </span>
    </p>
   </div>
   <div class='ocr_carea' id='block_1_99' title="bbox 2316 3886 3900 3962">
    <p class='ocr_par' dir='ltr' id='par_1_99' title="bbox 2316 3886 3900 3962">
     <span class='ocr_line' id='line_1_99' title="bbox 2316 3886 3900 3962; baseline 0.002 -19"><span class='ocrx_word' id='word_1_815' title='bbox 2316 3886 2410 3943; x_wconf 85' lang='lat' dir='ltr'><strong>dat</strong></span> <span class='ocrx_word' id='word_1_816' title='bbox 2435 3891 2715 3959; x_wconf 71' lang='lat' dir='ltr'><strong>l-icrymas.</strong></span> <span class='ocrx_word' id='word_1_817' title='bbox 2748 3888 2813 3942; x_wconf 84' lang='lat' dir='ltr'><strong>Et</strong></span> <span class='ocrx_word' id='word_1_818' title='bbox 2830 3889 2983 3952; x_wconf 82' lang='lat' dir='ltr'><strong>stetit,</strong></span> <span class='ocrx_word' id='word_1_819' title='bbox 3015 3889 3203 3957; x_wconf 90' lang='lat' dir='ltr'><strong>inquit,</strong></span> <span class='ocrx_word' id='word_1_820' title='bbox 3229 3904 3398 3941; x_wconf 82' lang='lat' dir='ltr'><strong>coram</strong></span> <span class='ocrx_word' id='word_1_821' title='bbox 3422 3887 3671 3956; x_wconf 85' lang='lat' dir='ltr'><strong>Domino,</strong></span> <span class='ocrx_word' id='word_1_822' title='bbox 3691 3901 3741 3945; x_wconf 87' lang='lat' dir='ltr'><strong>et</strong></span> <span class='ocrx_word' id='word_1_823' title='bbox 3770 3893 3900 3962; x_wconf 88' lang='lat' dir='ltr'><strong>quid</strong></span> 
     </span>
    </p>
   </div>
   <div class='ocr_carea' id='block_1_100' title="bbox 2318 3976 3899 4046">
    <p class='ocr_par' dir='ltr' id='par_1_100' title="bbox 2318 3976 3899 4046">
     <span class='ocr_line' id='line_1_100' title="bbox 2318 3976 3899 4046; baseline 0.001 -12"><span class='ocrx_word' id='word_1_824' title='bbox 2318 3981 2489 4034; x_wconf 87' lang='lat' dir='ltr'><strong>dicit?</strong></span> <span class='ocrx_word' id='word_1_825' title='bbox 2514 3979 2715 4031; x_wconf 75' lang='lat' dir='ltr'><strong>Adonei</strong></span> <span class='ocrx_word' id='word_1_826' title='bbox 2747 3976 2980 4038; x_wconf 80' lang='lat' dir='ltr'><strong>Domine,</strong></span> <span class='ocrx_word' id='word_1_827' title='bbox 3012 3976 3133 4030; x_wconf 84' lang='lat' dir='ltr'><strong>Eloi</strong></span> <span class='ocrx_word' id='word_1_828' title='bbox 3160 3976 3392 4031; x_wconf 76' lang='lat' dir='ltr'><strong>sabaoth.</strong></span> <span class='ocrx_word' id='word_1_829' title='bbox 3428 3977 3481 4032; x_wconf 89' lang='lat' dir='ltr'><strong>Id</strong></span> <span class='ocrx_word' id='word_1_830' title='bbox 3508 3988 3590 4033; x_wconf 84' lang='lat' dir='ltr'><strong>est</strong></span> <span class='ocrx_word' id='word_1_831' title='bbox 3617 3991 3823 4046; x_wconf 84' lang='lat' dir='ltr'><strong>autem,</strong></span> <span class='ocrx_word' id='word_1_832' title='bbox 3853 3984 3899 4036; x_wconf 83' lang='lat' dir='ltr'><strong>si</strong></span> 
     </span>
    </p>
   </div>
   <div class='ocr_carea' id='block_1_101' title="bbox 2321 4068 3899 4137">
    <p class='ocr_par' dir='ltr' id='par_1_101' title="bbox 2321 4068 3899 4137">
     <span class='ocr_line' id='line_1_101' title="bbox 2321 4068 3899 4137; baseline 0.001 -12"><span class='ocrx_word' id='word_1_833' title='bbox 2321 4069 2708 4137; x_wconf 83' lang='lat' dir='ltr'><strong>interpreteris,</strong></span> <span class='ocrx_word' id='word_1_834' title='bbox 2741 4068 2965 4123; x_wconf 88' lang='lat' dir='ltr'><strong>Domine</strong></span> <span class='ocrx_word' id='word_1_835' title='bbox 2989 4068 3129 4121; x_wconf 90' lang='lat' dir='ltr'><strong>Deus</strong></span> <span class='ocrx_word' id='word_1_836' title='bbox 3151 4068 3402 4121; x_wconf 90' lang='lat' dir='ltr'><strong>virtutum</strong></span> <span class='ocrx_word' id='word_1_837' title='bbox 3421 4082 3519 4123; x_wconf 87' lang='lat' dir='ltr'><strong>seu</strong></span> <span class='ocrx_word' id='word_1_838' title='bbox 3539 4071 3899 4127; x_wconf 81' lang='lat' dir='ltr'><strong>exercituum.</strong></span> 
     </span>
    </p>
   </div>
   <div class='ocr_carea' id='block_1_102' title="bbox 2320 4159 3896 4230">
    <p class='ocr_par' dir='ltr' id='par_1_102' title="bbox 2320 4159 3896 4230">
     <span class='ocr_line' id='line_1_102' title="bbox 2320 4159 3896 4230; baseline 0.002 -15"><span class='ocrx_word' id='word_1_839' title='bbox 2320 4162 2574 4230; x_wconf 85' lang='lat' dir='ltr'><strong>Linguam</strong></span> <span class='ocrx_word' id='word_1_840' title='bbox 2624 4160 3023 4229; x_wconf 71' lang='lat' dir='ltr'><strong>praecurrebam</strong></span> <span class='ocrx_word' id='word_1_841' title='bbox 3065 4159 3361 4230; x_wconf 79' lang='lat' dir='ltr'><strong>lacrymte;</strong></span> <span class='ocrx_word' id='word_1_842' title='bbox 3408 4160 3492 4214; x_wconf 86' lang='lat' dir='ltr'><strong>his</strong></span> <span class='ocrx_word' id='word_1_843' title='bbox 3537 4161 3795 4230; x_wconf 80' lang='lat' dir='ltr'><strong>sperabat</strong></span> <span class='ocrx_word' id='word_1_844' title='bbox 3834 4180 3896 4219; x_wconf 87' lang='lat' dir='ltr'><strong>se</strong></span> 
     </span>
    </p>
   </div>
   <div class='ocr_carea' id='block_1_103' title="bbox 2322 4249 3903 4321">
    <p class='ocr_par' dir='ltr' id='par_1_103' title="bbox 2322 4249 3903 4321">
     <span class='ocr_line' id='line_1_103' title="bbox 2322 4249 3903 4321; baseline 0.003 -15"><span class='ocrx_word' id='word_1_845' title='bbox 2322 4254 2486 4307; x_wconf 82' lang='lat' dir='ltr'><strong>Deum</strong></span> <span class='ocrx_word' id='word_1_846' title='bbox 2508 4266 2629 4306; x_wconf 89' lang='lat' dir='ltr'><strong>esse</strong></span> <span class='ocrx_word' id='word_1_847' title='bbox 2653 4252 2929 4305; x_wconf 80' lang='lat' dir='ltr'><strong>ﬂt-xuram.</strong></span> <span class='ocrx_word' id='word_1_848' title='bbox 2948 4249 3051 4305; x_wconf 90' lang='lat' dir='ltr'><strong>Ubi</strong></span> <span class='ocrx_word' id='word_1_849' title='bbox 3071 4260 3193 4305; x_wconf 87' lang='lat' dir='ltr'><strong>sunt</strong></span> <span class='ocrx_word' id='word_1_850' title='bbox 3214 4252 3480 4321; x_wconf 76' lang='lat' dir='ltr'><strong>lacrymte,</strong></span> <span class='ocrx_word' id='word_1_851' title='bbox 3503 4253 3723 4320; x_wconf 81' lang='lat' dir='ltr'><strong>omninp</strong></span> <span class='ocrx_word' id='word_1_852' title='bbox 3737 4255 3903 4310; x_wconf 85' lang='lat' dir='ltr'><strong>etiam</strong></span> 
     </span>
    </p>
   </div>
   <div class='ocr_carea' id='block_1_104' title="bbox 2324 4340 3905 4415">
    <p class='ocr_par' dir='ltr' id='par_1_104' title="bbox 2324 4340 3905 4415">
     <span class='ocr_line' id='line_1_104' title="bbox 2324 4340 3905 4415; baseline 0.003 -19"><span class='ocrx_word' id='word_1_853' title='bbox 2324 4343 2435 4396; x_wconf 89' lang='lat' dir='ltr'><strong>illic</strong></span> <span class='ocrx_word' id='word_1_854' title='bbox 2461 4353 2543 4397; x_wconf 89' lang='lat' dir='ltr'><strong>est</strong></span> <span class='ocrx_word' id='word_1_855' title='bbox 2568 4341 2787 4397; x_wconf 82' lang='lat' dir='ltr'><strong>afﬂictio</strong></span> <span class='ocrx_word' id='word_1_856' title='bbox 2811 4358 2827 4394; x_wconf 89' lang='lat'><strong>:</strong></span> <span class='ocrx_word' id='word_1_857' title='bbox 2848 4342 2937 4396; x_wconf 89' lang='lat' dir='ltr'><strong>ubi</strong></span> <span class='ocrx_word' id='word_1_858' title='bbox 2964 4349 3143 4394; x_wconf 88' lang='lat' dir='ltr'><strong>autem</strong></span> <span class='ocrx_word' id='word_1_859' title='bbox 3170 4351 3254 4395; x_wconf 85' lang='lat' dir='ltr'><strong>est</strong></span> <span class='ocrx_word' id='word_1_860' title='bbox 3271 4340 3521 4406; x_wconf 85' lang='lat' dir='ltr'><strong>amictio,</strong></span> <span class='ocrx_word' id='word_1_861' title='bbox 3549 4342 3663 4397; x_wconf 90' lang='lat' dir='ltr'><strong>illic</strong></span> <span class='ocrx_word' id='word_1_862' title='bbox 3685 4359 3905 4415; x_wconf 83' lang='lat' dir='ltr'><strong>quoque</strong></span> 
     </span>
    </p>
   </div>
   <div class='ocr_carea' id='block_1_105' title="bbox 2322 4432 3899 4507">
    <p class='ocr_par' dir='ltr' id='par_1_105' title="bbox 2322 4432 3899 4507">
     <span class='ocr_line' id='line_1_105' title="bbox 2322 4432 3899 4507; baseline 0.003 -20"><span class='ocrx_word' id='word_1_863' title='bbox 2322 4443 2404 4487; x_wconf 85' lang='lat' dir='ltr'><strong>cst</strong></span> <span class='ocrx_word' id='word_1_864' title='bbox 2434 4434 2595 4487; x_wconf 87' lang='lat' dir='ltr'><strong>multa</strong></span> <span class='ocrx_word' id='word_1_865' title='bbox 2625 4432 2960 4502; x_wconf 83' lang='lat' dir='ltr'><strong>philosophia</strong></span> <span class='ocrx_word' id='word_1_866' title='bbox 2986 4442 3041 4487; x_wconf 90' lang='lat' dir='ltr'><strong>ct</strong></span> <span class='ocrx_word' id='word_1_867' title='bbox 3069 4434 3315 4488; x_wconf 90' lang='lat' dir='ltr'><strong>attentio.</strong></span> <span class='ocrx_word' id='word_1_868' title='bbox 3351 4435 3415 4488; x_wconf 89' lang='lat' dir='ltr'><strong>Si</strong></span> <span class='ocrx_word' id='word_1_869' title='bbox 3436 4434 3670 4501; x_wconf 81' lang='lat' dir='ltr'><strong>audiens,</strong></span> <span class='ocrx_word' id='word_1_870' title='bbox 3702 4437 3899 4507; x_wconf 89' lang='lat' dir='ltr'><strong>inquit,</strong></span> 
     </span>
    </p>
   </div>
   <div class='ocr_carea' id='block_1_106' title="bbox 2322 4526 3904 4597">
    <p class='ocr_par' dir='ltr' id='par_1_106' title="bbox 2322 4526 3904 4597">
     <span class='ocr_line' id='line_1_106' title="bbox 2322 4526 3904 4597; baseline 0.001 -16"><span class='ocrx_word' id='word_1_871' title='bbox 2322 4529 2567 4581; x_wconf 69' lang='lat' dir='ltr'><strong>exaudita</strong></span> <span class='ocrx_word' id='word_1_872' title='bbox 2591 4528 2869 4581; x_wconf 79' lang='lat' dir='ltr'><strong>orationem</strong></span> <span class='ocrx_word' id='word_1_873' title='bbox 2893 4526 3094 4580; x_wconf 78' lang='lat' dir='ltr'><strong>ancilla:</strong></span> <span class='ocrx_word' id='word_1_874' title='bbox 3122 4536 3241 4590; x_wconf 75' lang='lat' dir='ltr'><strong>tute,</strong></span> <span class='ocrx_word' id='word_1_875' title='bbox 3267 4535 3315 4580; x_wconf 85' lang='lat' dir='ltr'><strong>et</strong></span> <span class='ocrx_word' id='word_1_876' title='bbox 3344 4526 3542 4581; x_wconf 77' lang='lat' dir='ltr'><strong>dederis</strong></span> <span class='ocrx_word' id='word_1_877' title='bbox 3569 4527 3694 4581; x_wconf 74' lang='lat' dir='ltr'><strong>mihi</strong></span> <span class='ocrx_word' id='word_1_878' title='bbox 3712 4528 3904 4597; x_wconf 73' lang='lat' dir='ltr'><strong>(ilium,</strong></span> 
     </span>
    </p>
   </div>
   <div class='ocr_carea' id='block_1_107' title="bbox 2322 4616 3910 4687">
    <p class='ocr_par' dir='ltr' id='par_1_107' title="bbox 2322 4616 3910 4687">
     <span class='ocr_line' id='line_1_107' title="bbox 2322 4616 3910 4687; baseline 0.001 -15"><span class='ocrx_word' id='word_1_879' title='bbox 2322 4620 2454 4673; x_wconf 75' lang='lat' dir='ltr'><strong>dabo</strong></span> <span class='ocrx_word' id='word_1_880' title='bbox 2482 4621 2652 4685; x_wconf 83' lang='lat' dir='ltr'><strong>ipsum</strong></span> <span class='ocrx_word' id='word_1_881' title='bbox 2701 4617 2918 4672; x_wconf 85' lang='lat' dir='ltr'><strong>Domino</strong></span> <span class='ocrx_word' id='word_1_882' title='bbox 2949 4627 3053 4672; x_wconf 89' lang='lat' dir='ltr'><strong>toto</strong></span> <span class='ocrx_word' id='word_1_883' title='bbox 3098 4628 3344 4687; x_wconf 80' lang='lat' dir='ltr'><strong>tempore.</strong></span> <span class='ocrx_word' id='word_1_884' title='bbox 3391 4616 3507 4672; x_wconf 83' lang='lat' dir='ltr'><strong>Non</strong></span> <span class='ocrx_word' id='word_1_885' title='bbox 3533 4618 3704 4683; x_wconf 79' lang='lat' dir='ltr'><strong>dixit,</strong></span> <span class='ocrx_word' id='word_1_886' title='bbox 3743 4621 3910 4675; x_wconf 80' lang='lat' dir='ltr'><strong>Anno</strong></span> 
     </span>
    </p>
   </div>
   <div class='ocr_carea' id='block_1_108' title="bbox 2326 4707 3907 4774">
    <p class='ocr_par' dir='ltr' id='par_1_108' title="bbox 2326 4707 3907 4774">
     <span class='ocr_line' id='line_1_108' title="bbox 2326 4707 3907 4774; baseline -0.001 -10"><span class='ocrx_word' id='word_1_887' title='bbox 2326 4726 2451 4771; x_wconf 89' lang='lat' dir='ltr'><strong>uno,</strong></span> <span class='ocrx_word' id='word_1_888' title='bbox 2478 4719 2572 4764; x_wconf 90' lang='lat' dir='ltr'><strong>aut</strong></span> <span class='ocrx_word' id='word_1_889' title='bbox 2599 4710 2806 4764; x_wconf 91' lang='lat' dir='ltr'><strong>duobus</strong></span> <span class='ocrx_word' id='word_1_890' title='bbox 2832 4752 2846 4773; x_wconf 96' lang='lat'><strong>,</strong></span> <span class='ocrx_word' id='word_1_891' title='bbox 2887 4708 3029 4762; x_wconf 78' lang='lat' dir='ltr'><strong>Sicut</strong></span> <span class='ocrx_word' id='word_1_892' title='bbox 3070 4723 3203 4772; x_wconf 88' lang='lat' dir='ltr'><strong>nos;</strong></span> <span class='ocrx_word' id='word_1_893' title='bbox 3237 4722 3339 4763; x_wconf 90' lang='lat' dir='ltr'><strong>nec</strong></span> <span class='ocrx_word' id='word_1_894' title='bbox 3366 4707 3499 4762; x_wconf 72' lang='lat' dir='ltr'><strong>dixit</strong></span> <span class='ocrx_word' id='word_1_895' title='bbox 3523 4749 3539 4774; x_wconf 93' lang='lat'><strong>,</strong></span> <span class='ocrx_word' id='word_1_896' title='bbox 3586 4707 3643 4764; x_wconf 89' lang='lat' dir='ltr'><strong>Si</strong></span> <span class='ocrx_word' id='word_1_897' title='bbox 3687 4708 3907 4765; x_wconf 83' lang='lat' dir='ltr'><strong>dederis</strong></span> 
     </span>
    </p>
   </div>
   <div class='ocr_carea' id='block_1_109' title="bbox 2326 4797 3906 4870">
    <p class='ocr_par' dir='ltr' id='par_1_109' title="bbox 2326 4797 3906 4870">
     <span class='ocr_line' id='line_1_109' title="bbox 2326 4797 3906 4870; baseline -0.002 -13"><span class='ocrx_word' id='word_1_898' title='bbox 2326 4803 2455 4857; x_wconf 85' lang='lat' dir='ltr'><strong>mihi</strong></span> <span class='ocrx_word' id='word_1_899' title='bbox 2485 4802 2652 4856; x_wconf 88' lang='lat' dir='ltr'><strong>lilium</strong></span> <span class='ocrx_word' id='word_1_900' title='bbox 2677 4841 2693 4864; x_wconf 90' lang='lat'><strong>,</strong></span> <span class='ocrx_word' id='word_1_901' title='bbox 2720 4801 2791 4856; x_wconf 92' lang='lat' dir='ltr'><strong>do</strong></span> <span class='ocrx_word' id='word_1_902' title='bbox 2820 4798 3109 4870; x_wconf 86' lang='lat' dir='ltr'><strong>pecunias;</strong></span> <span class='ocrx_word' id='word_1_903' title='bbox 3136 4799 3265 4858; x_wconf 80' lang='lat' dir='ltr'><strong>sed.</strong></span> <span class='ocrx_word' id='word_1_904' title='bbox 3296 4797 3473 4867; x_wconf 83' lang='lat' dir='ltr'><strong>Ipsum</strong></span> <span class='ocrx_word' id='word_1_905' title='bbox 3502 4798 3703 4853; x_wconf 84' lang='lat' dir='ltr'><strong>donum</strong></span> <span class='ocrx_word' id='word_1_906' title='bbox 3732 4800 3906 4855; x_wconf 84' lang='lat' dir='ltr'><strong>reddo</strong></span> 
     </span>
    </p>
   </div>
   <div class='ocr_carea' id='block_1_110' title="bbox 2326 4880 3903 4965">
    <p class='ocr_par' dir='ltr' id='par_1_110' title="bbox 2326 4880 3903 4965">
     <span class='ocr_line' id='line_1_110' title="bbox 2326 4880 3903 4965; baseline -0.003 -17"><span class='ocrx_word' id='word_1_907' title='bbox 2326 4880 2610 4965; x_wconf 70' lang='lat' dir='ltr'><strong>integFum,</strong></span> <span class='ocrx_word' id='word_1_908' title='bbox 2649 4891 3061 4961; x_wconf 85' lang='lat' dir='ltr'><strong>primogenitum</strong></span> <span class='ocrx_word' id='word_1_909' title='bbox 3082 4931 3098 4952; x_wconf 94' lang='lat'><strong>,</strong></span> <span class='ocrx_word' id='word_1_910' title='bbox 3127 4887 3388 4943; x_wconf 88' lang='lat' dir='ltr'><strong>orationis</strong></span> <span class='ocrx_word' id='word_1_911' title='bbox 3410 4887 3604 4941; x_wconf 81' lang='lat' dir='ltr'><strong>tilium.</strong></span> <span class='ocrx_word' id='word_1_912' title='bbox 3637 4887 3766 4943; x_wconf 70' lang='lat' dir='ltr'><strong>llmc</strong></span> <span class='ocrx_word' id='word_1_913' title='bbox 3794 4889 3903 4944; x_wconf 82' lang='lat' dir='ltr'><strong>lilia</strong></span> 
     </span>
    </p>
   </div>
   <div class='ocr_carea' id='block_1_111' title="bbox 2315 4976 3904 5048">
    <p class='ocr_par' dir='ltr' id='par_1_111' title="bbox 2315 4976 3904 5048">
     <span class='ocr_line' id='line_1_111' title="bbox 2315 4976 3904 5048; baseline -0.004 -8"><span class='ocrx_word' id='word_1_914' title='bbox 2315 4993 2441 5041; x_wconf 86' lang='lat' dir='ltr'><strong>erat</strong></span> <span class='ocrx_word' id='word_1_915' title='bbox 2487 4982 2738 5038; x_wconf 75' lang='lat' dir='ltr'><strong>Abrahte.</strong></span> <span class='ocrx_word' id='word_1_916' title='bbox 2792 4982 2887 5035; x_wconf 88' lang='lat' dir='ltr'><strong>llle</strong></span> <span class='ocrx_word' id='word_1_917' title='bbox 2928 4988 3107 5034; x_wconf 91' lang='lat' dir='ltr'><strong>autem</strong></span> <span class='ocrx_word' id='word_1_918' title='bbox 3154 4988 3369 5047; x_wconf 85' lang='lat' dir='ltr'><strong>rogatus</strong></span> <span class='ocrx_word' id='word_1_919' title='bbox 3400 4992 3522 5032; x_wconf 84' lang='lat' dir='ltr'><strong>eum</strong></span> <span class='ocrx_word' id='word_1_920' title='bbox 3549 4976 3738 5042; x_wconf 87' lang='lat' dir='ltr'><strong>dedit;</strong></span> <span class='ocrx_word' id='word_1_921' title='bbox 3787 4978 3904 5048; x_wconf 81' lang='lat' dir='ltr'><strong>ipsa</strong></span> 
     </span>
    </p>
   </div>
   <div class='ocr_carea' id='block_1_112' title="bbox 2326 5049 3908 5139">
    <p class='ocr_par' dir='ltr' id='par_1_112' title="bbox 2326 5049 3908 5139">
     <span class='ocr_line' id='line_1_112' title="bbox 2326 5049 3908 5139; baseline -0.004 -9"><span class='ocrx_word' id='word_1_922' title='bbox 2326 5090 2454 5130; x_wconf 88' lang='lat' dir='ltr'><strong>vero</strong></span> <span class='ocrx_word' id='word_1_923' title='bbox 2471 5074 2621 5129; x_wconf 85' lang='lat' dir='ltr'><strong>dedit</strong></span> <span class='ocrx_word' id='word_1_924' title='bbox 2637 5072 2799 5127; x_wconf 86' lang='lat' dir='ltr'><strong>etiam</strong></span> <span class='ocrx_word' id='word_1_925' title='bbox 2817 5079 2941 5125; x_wconf 90' lang='lat' dir='ltr'><strong>ante</strong></span> <span class='ocrx_word' id='word_1_926' title='bbox 2965 5069 3295 5139; x_wconf 88' lang='lat' dir='ltr'><strong>petitionem.</strong></span> <span class='ocrx_word' id='word_1_927' title='bbox 3316 5067 3421 5123; x_wconf 89' lang='lat' dir='ltr'><strong>Sed</strong></span> <span class='ocrx_word' id='word_1_928' title='bbox 3446 5068 3576 5122; x_wconf 79' lang='lat' dir='ltr'><strong>hinc</strong></span> <span class='ocrx_word' id='word_1_929' title='bbox 3590 5068 3756 5122; x_wconf 87' lang='lat' dir='ltr'><strong>etiam</strong></span> <span class='ocrx_word' id='word_1_930' title='bbox 3782 5049 3908 5124; x_wconf 86' lang='lat' dir='ltr'><strong>vide</strong></span> 
     </span>
    </p>
   </div>
   <div class='ocr_carea' id='block_1_113' title="bbox 2320 5156 3910 5234">
    <p class='ocr_par' dir='ltr' id='par_1_113' title="bbox 2320 5156 3910 5234">
     <span class='ocr_line' id='line_1_113' title="bbox 2320 5156 3910 5234; baseline -0.003 -16"><span class='ocrx_word' id='word_1_931' title='bbox 2320 5165 2445 5234; x_wconf 78' lang='lat' dir='ltr'><strong>ejus</strong></span> <span class='ocrx_word' id='word_1_932' title='bbox 2466 5163 2739 5233; x_wconf 83' lang='lat' dir='ltr'><strong>pietatem.</strong></span> <span class='ocrx_word' id='word_1_933' title='bbox 2776 5159 2884 5213; x_wconf 65' lang='grc' dir='ltr'><strong>νοω</strong></span> <span class='ocrx_word' id='word_1_934' title='bbox 2905 5159 3038 5229; x_wconf 85' lang='lat' dir='ltr'><strong>ejus,</strong></span> <span class='ocrx_word' id='word_1_935' title='bbox 3061 5156 3254 5225; x_wconf 86' lang='lat' dir='ltr'><strong>inquit.</strong></span> <span class='ocrx_word' id='word_1_936' title='bbox 3278 5173 3380 5211; x_wconf 81' lang='lat' dir='ltr'><strong>non</strong></span> <span class='ocrx_word' id='word_1_937' title='bbox 3401 5156 3741 5222; x_wconf 78' lang='lat' dir='ltr'><strong>audiebatur;</strong></span> <span class='ocrx_word' id='word_1_938' title='bbox 3768 5159 3910 5213; x_wconf 65' lang='lat' dir='ltr'><strong>labia</strong></span> 
     </span>
    </p>
   </div>
   <div class='ocr_carea' id='block_1_114' title="bbox 2326 5246 3907 5323">
    <p class='ocr_par' dir='ltr' id='par_1_114' title="bbox 2326 5246 3907 5323">
     <span class='ocr_line' id='line_1_114' title="bbox 2326 5246 3907 5323; baseline -0.004 -14"><span class='ocrx_word' id='word_1_939' title='bbox 2326 5266 2493 5309; x_wconf 78' lang='lat' dir='ltr'><strong>autem</strong></span> <span class='ocrx_word' id='word_1_940' title='bbox 2517 5254 2633 5323; x_wconf 75' lang='lat' dir='ltr'><strong>ejus</strong></span> <span class='ocrx_word' id='word_1_941' title='bbox 2656 5251 3001 5305; x_wconf 73' lang='lat' dir='ltr'><strong>movebantur.</strong></span> <span class='ocrx_word' id='word_1_942' title='bbox 3028 5248 3121 5302; x_wconf 89' lang='lat' dir='ltr'><strong>Sic</strong></span> <span class='ocrx_word' id='word_1_943' title='bbox 3148 5246 3357 5302; x_wconf 88' lang='lat' dir='ltr'><strong>accedit</strong></span> <span class='ocrx_word' id='word_1_944' title='bbox 3383 5247 3451 5300; x_wconf 88' lang='lat' dir='ltr'><strong>ad</strong></span> <span class='ocrx_word' id='word_1_945' title='bbox 3466 5246 3643 5300; x_wconf 77' lang='lat' dir='ltr'><strong>Deum</strong></span> <span class='ocrx_word' id='word_1_946' title='bbox 3668 5247 3764 5316; x_wconf 89' lang='lat' dir='ltr'><strong>qui</strong></span> <span class='ocrx_word' id='word_1_947' title='bbox 3791 5249 3907 5303; x_wconf 75' lang='lat' dir='ltr'><strong>vult</strong></span> 
     </span>
    </p>
   </div>
   <div class='ocr_carea' id='block_1_115' title="bbox 2331 5334 3905 5417">
    <p class='ocr_par' dir='ltr' id='par_1_115' title="bbox 2331 5334 3905 5417">
     <span class='ocr_line' id='line_1_115' title="bbox 2331 5334 3905 5417; baseline -0.006 -15"><span class='ocrx_word' id='word_1_948' title='bbox 2331 5334 2651 5417; x_wconf 79' lang='lat' dir='ltr'><strong>impetrare,</strong></span> <span class='ocrx_word' id='word_1_949' title='bbox 2682 5358 2785 5395; x_wconf 88' lang='lat' dir='ltr'><strong>non</strong></span> <span class='ocrx_word' id='word_1_950' title='bbox 2816 5341 2995 5395; x_wconf 90' lang='lat' dir='ltr'><strong>mollis</strong></span> <span class='ocrx_word' id='word_1_951' title='bbox 3016 5349 3074 5395; x_wconf 89' lang='lat' dir='ltr'><strong>et</strong></span> <span class='ocrx_word' id='word_1_952' title='bbox 3115 5339 3338 5408; x_wconf 85' lang='lat' dir='ltr'><strong>ignavus</strong></span> <span class='ocrx_word' id='word_1_953' title='bbox 3364 5379 3382 5405; x_wconf 89' lang='lat'><strong>,</strong></span> <span class='ocrx_word' id='word_1_954' title='bbox 3411 5352 3585 5406; x_wconf 87' lang='lat' dir='ltr'><strong>neque</strong></span> <span class='ocrx_word' id='word_1_955' title='bbox 3631 5340 3905 5402; x_wconf 85' lang='lat' dir='ltr'><strong>oscitans.</strong></span> 
     </span>
    </p>
   </div>
   <div class='ocr_carea' id='block_1_116' title="bbox 2331 5428 3906 5501">
    <p class='ocr_par' dir='ltr' id='par_1_116' title="bbox 2331 5428 3906 5501">
     <span class='ocr_line' id='line_1_116' title="bbox 2331 5428 3906 5501; baseline -0.006 -8"><span class='ocrx_word' id='word_1_956' title='bbox 2331 5453 2431 5493; x_wconf 84' lang='lat' dir='ltr'><strong>nec</strong></span> <span class='ocrx_word' id='word_1_957' title='bbox 2453 5433 2777 5497; x_wconf 84' lang='lat' dir='ltr'><strong>dissolutus,</strong></span> <span class='ocrx_word' id='word_1_958' title='bbox 2810 5446 2983 5501; x_wconf 87' lang='lat' dir='ltr'><strong>neque</strong></span> <span class='ocrx_word' id='word_1_959' title='bbox 3023 5445 3084 5485; x_wconf 88' lang='lat' dir='ltr'><strong>se</strong></span> <span class='ocrx_word' id='word_1_960' title='bbox 3109 5428 3308 5485; x_wconf 85' lang='lat' dir='ltr'><strong>fricans</strong></span> <span class='ocrx_word' id='word_1_961' title='bbox 3332 5470 3347 5494; x_wconf 97' lang='lat'><strong>,</strong></span> <span class='ocrx_word' id='word_1_962' title='bbox 3376 5443 3551 5498; x_wconf 81' lang='lat' dir='ltr'><strong>neque</strong></span> <span class='ocrx_word' id='word_1_963' title='bbox 3590 5438 3817 5497; x_wconf 85' lang='lat' dir='ltr'><strong>torpens</strong></span> <span class='ocrx_word' id='word_1_964' title='bbox 3845 5446 3906 5489; x_wconf 84' lang='lat' dir='ltr'><strong>ac</strong></span> 
     </span>
    </p>
   </div>
   <div class='ocr_carea' id='block_1_117' title="bbox 2330 5518 3905 5597">
    <p class='ocr_par' dir='ltr' id='par_1_117' title="bbox 2330 5518 3905 5597">
     <span class='ocr_line' id='line_1_117' title="bbox 2330 5518 3905 5597; baseline -0.008 -15"><span class='ocrx_word' id='word_1_965' title='bbox 2330 5526 2626 5597; x_wconf 80' lang='lat' dir='ltr'><strong>negligens.</strong></span> <span class='ocrx_word' id='word_1_966' title='bbox 2680 5525 2873 5577; x_wconf 80' lang='lat' dir='ltr'><strong>Annon</strong></span> <span class='ocrx_word' id='word_1_967' title='bbox 2923 5520 3064 5574; x_wconf 88' lang='lat' dir='ltr'><strong>enim</strong></span> <span class='ocrx_word' id='word_1_968' title='bbox 3114 5527 3323 5588; x_wconf 87' lang='lat' dir='ltr'><strong>poterat</strong></span> <span class='ocrx_word' id='word_1_969' title='bbox 3368 5518 3497 5571; x_wconf 84' lang='lat' dir='ltr'><strong>dare</strong></span> <span class='ocrx_word' id='word_1_970' title='bbox 3552 5518 3696 5572; x_wconf 89' lang='lat' dir='ltr'><strong>Deus</strong></span> <span class='ocrx_word' id='word_1_971' title='bbox 3741 5520 3905 5573; x_wconf 81' lang='lat' dir='ltr'><strong>etiam</strong></span> 
     </span>
    </p>
   </div>
   <div class='ocr_carea' id='block_1_118' title="bbox 2330 5608 3905 5686">
    <p class='ocr_par' dir='ltr' id='par_1_118' title="bbox 2330 5608 3905 5686">
     <span class='ocr_line' id='line_1_118' title="bbox 2330 5608 3905 5686; baseline -0.008 -14"><span class='ocrx_word' id='word_1_972' title='bbox 2330 5620 2532 5686; x_wconf 83' lang='lat' dir='ltr'><strong>absque</strong></span> <span class='ocrx_word' id='word_1_973' title='bbox 2548 5612 2836 5669; x_wconf 80' lang='lat' dir='ltr'><strong>oratione?</strong></span> <span class='ocrx_word' id='word_1_974' title='bbox 2863 5626 2930 5665; x_wconf 91' lang='lat' dir='ltr'><strong>an</strong></span> <span class='ocrx_word' id='word_1_975' title='bbox 2960 5609 3234 5664; x_wconf 82' lang='lat' dir='ltr'><strong>nesciebat</strong></span> <span class='ocrx_word' id='word_1_976' title='bbox 3255 5609 3415 5662; x_wconf 83' lang='lat' dir='ltr'><strong>etiam</strong></span> <span class='ocrx_word' id='word_1_977' title='bbox 3442 5617 3568 5662; x_wconf 87' lang='lat' dir='ltr'><strong>ante</strong></span> <span class='ocrx_word' id='word_1_978' title='bbox 3590 5608 3905 5678; x_wconf 86' lang='lat' dir='ltr'><strong>petitionem</strong></span> 
     </span>
    </p>
   </div>
   <div class='ocr_carea' id='block_1_119' title="bbox 2329 5697 3905 5766">
    <p class='ocr_par' dir='ltr' id='par_1_119' title="bbox 2329 5697 3905 5766">
     <span class='ocr_line' id='line_1_119' title="bbox 2329 5697 3905 5766; baseline -0.008 -3"><span class='ocrx_word' id='word_1_979' title='bbox 2329 5705 2571 5763; x_wconf 85' lang='lat' dir='ltr'><strong>mulieris</strong></span> <span class='ocrx_word' id='word_1_980' title='bbox 2588 5701 2951 5758; x_wconf 86' lang='lat' dir='ltr'><strong>desiderium?</strong></span> <span class='ocrx_word' id='word_1_981' title='bbox 2978 5698 3074 5753; x_wconf 88' lang='lat' dir='ltr'><strong>sed</strong></span> <span class='ocrx_word' id='word_1_982' title='bbox 3100 5697 3145 5753; x_wconf 90' lang='lat' dir='ltr'><strong>si</strong></span> <span class='ocrx_word' id='word_1_983' title='bbox 3167 5697 3403 5757; x_wconf 86' lang='lat' dir='ltr'><strong>dedisset</strong></span> <span class='ocrx_word' id='word_1_984' title='bbox 3424 5707 3549 5751; x_wconf 84' lang='lat' dir='ltr'><strong>ante</strong></span> <span class='ocrx_word' id='word_1_985' title='bbox 3568 5697 3905 5766; x_wconf 86' lang='lat' dir='ltr'><strong>petitionem.</strong></span> 
     </span>
    </p>
   </div>
   <div class='ocr_carea' id='block_1_120' title="bbox 2333 5780 3910 5867">
    <p class='ocr_par' dir='ltr' id='par_1_120' title="bbox 2333 5780 3910 5867">
     <span class='ocr_line' id='line_1_120' title="bbox 2333 5780 3910 5867; baseline -0.011 -13"><span class='ocrx_word' id='word_1_986' title='bbox 2333 5815 2438 5853; x_wconf 85' lang='lat' dir='ltr'><strong>non</strong></span> <span class='ocrx_word' id='word_1_987' title='bbox 2468 5795 2800 5867; x_wconf 85' lang='lat' dir='ltr'><strong>apparuisset</strong></span> <span class='ocrx_word' id='word_1_988' title='bbox 2831 5790 3069 5846; x_wconf 79' lang='lat' dir='ltr'><strong>mulieris</strong></span> <span class='ocrx_word' id='word_1_989' title='bbox 3097 5780 3260 5845; x_wconf 80' lang='lat' dir='ltr'><strong>animi</strong></span> <span class='ocrx_word' id='word_1_990' title='bbox 3284 5787 3554 5852; x_wconf 84' lang='lat' dir='ltr'><strong>alacritas,</strong></span> <span class='ocrx_word' id='word_1_991' title='bbox 3584 5803 3693 5842; x_wconf 89' lang='lat' dir='ltr'><strong>non</strong></span> <span class='ocrx_word' id='word_1_992' title='bbox 3724 5786 3910 5842; x_wconf 77' lang='lat' dir='ltr'><strong>fuisset</strong></span> 
     </span>
    </p>
   </div>
  </div>
