4096 6310
169 450 261 504 ΠΤ)

161 560 434 615 manifesta
463 562 578 629 eius
605 561 770 614 virtus
815 599 830 622 ,
859 573 963 613 non
993 566 1190 612 tantam
1221 557 1547 624 acqttisiissct
1578 569 1716 606 mer-

158 655 356 709 eedem.
401 654 762 722 Quamobrem
805 654 988 708 dilatio
1029 667 1133 707 non
1168 663 1283 705 erat
1327 652 1536 704 iuridim
1565 692 1580 714 ,
1623 649 1716 702 sed

155 760 299 798 cura:
327 760 392 796 ac
421 744 784 812 providentius.

223 835 278 888 4.
313 834 390 888 De
430 839 580 886 Anna
618 844 776 887 matre
809 833 1084 886 Samuelis.
1107 860 1180 872 —-
1203 831 1425 897 Quando
1463 845 1716 898 ergo-au-

151 922 317 976 dieris
343 922 672 989 Scriptunm
699 922 962 975 dicentem
985 961 998 980 ,
1034 921 1181 986 Quod
1204 921 1448 972 conclusit
1477 921 1584 982 eius
1611 921 1720 971 enl—

151 1027 286 1071 Iasn,
327 1021 376 1063 et
411 1012 544 1078 quod
581 1011 744 1077 ipsam
784 1011 852 1063 ad
893 1012 1025 1063 iram
1053 1009 1351 1079 provocabat
1380 1010 1488 1070 eius
1510 1007 1715 1067 ωηειιια.

151 1101 324 1167 cogita
357 1100 525 1166 ipsum
553 1099 837 1153 ostendere
866 1099 1004 1153 velle
1031 1098 1266 1152 mulieris
1298 1097 1713 1165 philosophiam.

151 1189 445 1243 Considera
493 1189 637 1243 enim
688 1207 702 1242 :
752 1188 981 1242 habebat
1032 1188 1278 1240 maritum
1343 1187 1715 1240 inservientem

150 1280 293 1334 sibi:
326 1279 460 1332 dixit
500 1278 640 1332 enim
673 1278 738 1331 ad
783 1293 930 1340 eam,
980 1276 1110 1335 Non
1142 1294 1232 1344 ego
1262 1277 1350 1328 tibi
1392 1293 1502 1329 sum
1542 1277 1719 1327 melior

149 1385 298 1436 quat
325 1369 494 1421 decent
517 1369 612 1434 ﬁlii
637 1369 665 1420 γ
697 1369 759 1420 Et
787 1370 970 1437 ipsum,
1006 1367 1192 1436 inquit,
1227 1367 1294 1418 ad
1317 1369 1444 1418 irant
1475 1381 1717 1433 prouoca-

149 1464 232 1514 bat
265 1464 377 1532 ejus
409 1461 593 1516 mula
622 1477 642 1524 ;
668 1461 769 1515 hoc
795 1469 897 1523 est,
928 1459 1136 1529 probris
1175 1460 1459 1520 afﬁciebat,
1489 1460 1712 1511 insulta-

149 1553 237 1606 bat
269 1571 285 1606 :
318 1563 374 1608 et
392 1568 508 1606 eam
537 1568 821 1621 numquam
853 1564 938 1607 est
965 1550 1096 1617 ulta,
1124 1550 1384 1616 nequeilli
1413 1559 1494 1602 est
1522 1549 1714 1616 impre-

149 1652 284 1707 rata,
319 1659 489 1710 neque
514 1642 668 1705 dixit,
692 1641 949 1708 Quoniam
981 1656 1065 1694 me
1094 1640 1303 1708 probris
1324 1637 1710 1698 aitlcita'mula,

148 1746 232 1784 me
279 1731 506 1784 vindica.
557 1731 792 1784 Habebat
841 1731 926 1782 illa
978 1726 1281 1792 illios;sed
1333 1726 1448 1778 inec
1487 1725 1715 1777 habebat

147 1819 320 1872 mariti
362 1819 700 1874 dilectimiem
742 1833 805 1872 ex
847 1833 1002 1886 aequo
1038 1819 1086 1871 ei
1137 1807 1570 1886 respondentem.
1601 1814 1712 1867 Hoc

145 1923 273 1977 ergo
292 1909 461 1978 ipsam
485 1911 790 1963 consolatus
811 1918 894 1962 est
920 1908 1123 1970 dicens,
1154 1906 1274 1960 Non
1295 1907 1384 1958 tibi
1404 1922 1514 1958 sum
1534 1905 1712 1956 melior

145 2016 290 2066 quam
321 2001 492 2053 decent
520 2002 614 2067 lilii
635 2002 660 2054 2
687 2001 790 2054 Sed
825 2013 1007 2053 rursus
1034 1999 1308 2052 videamus
1337 1998 1574 2050 mulieris
1603 1997 1711 2064 phi-

147 2090 462 2158 losotihiam.
501 2089 571 2142 Et
611 2093 927 2155 existimavit,
973 2090 1160 2160 inquit,
1198 2089 1314 2142 Heli
1351 2106 1461 2141 eum
1500 2088 1707 2140 ebrium.

144 2179 244 2232 Sed
289 2180 408 2234 vide
437 2180 562 2249 quid
605 2181 716 2248 ipsa
750 2182 797 2233 ei
833 2182 994 2244 dicat,
1027 2179 1111 2233 Ne
1136 2190 1354 2247 reputes,
1396 2179 1586 2246 inquit,
1619 2194 1710 2229 nn-

143 2270 311 2322 cillam
342 2281 480 2322 tuam
505 2271 666 2338 ﬁliam
695 2273 1009 2340 perditionis,
1039 2271 1278 2340 quoniam
1303 2286 1365 2322 ac
1386 2269 1710 2321 multitudine

145 2359 479 2412 meditationis
507 2377 630 2414 mea
671 2363 942 2429 liquefacta
983 2378 1094 2413 sum
1124 2363 1220 2412 huc
1265 2377 1436 2423 usque.
1474 2360 1584 2413 lloc
1627 2370 1709 2413 est

146 2461 264 2504 rem
288 2450 504 2504 (θυιτίιὶ
525 2450 723 2514 cordis,
751 2451 963 2520 quando
989 2467 1092 2504 non
1119 2466 1302 2503 sumus
1323 2451 1494 2517 a~pcri
1529 2451 1578 2502 iu
1611 2466 1706 2504 eis

144 2540 226 2607 qui
250 2554 350 2594 nos
378 2542 713 2594 contumeliis
741 2540 1003 2603 alliciunt,
1037 2540 1248 2609 quando
1277 2555 1380 2593 non
1407 2555 1549 2608 agre
1578 2540 1706 2593 lcri-

145 2645 276 2693 mus,
295 2630 508 2698 quando
522 2645 623 2685 nos
643 2646 983 2685 excosamus.
1005 2631 1143 2684 Nihil
1161 2647 1311 2699 :rque
1327 2632 1450 2684 facit
1475 2633 1705 2683 animam

147 2720 474 2789 philosophia
518 2722 792 2790 praeditam
829 2731 987 2791 atque
1029 2721 1247 2775 afﬂictio
1279 2738 1292 2773 :
1325 2722 1465 2774 nulla
1512 2737 1595 2773 res
1626 2729 1709 2773 est

145 2826 287 2879 :eque
307 2811 564 2880 jucunda,
593 2821 751 2881 atque
775 2812 947 2866 luctus
971 2812 1061 2881 qui
1090 2811 1378 2866 secundum
1411 2809 1572 2864 Deum
1605 2820 1702 2864 est.

145 2899 223 2952 Ea:
264 2903 584 2955 multitudine
629 2904 967 2956 meditationis
1010 2920 1150 2966 mete,
1199 2905 1386 2971 inquit,
1439 2906 1708 2973 liquefacta

143 3008 248 3042 sum
278 2991 376 3043 huc
401 3008 574 3058 usque.
606 2993 751 3045 llanc
780 3007 966 3046 oumes
1007 2992 1292 3046 imitemur.
1332 2993 1524 3046 Audite
1553 3003 1707 3060 quot-

143 3092 262 3148 quot
287 3084 420 3135 estis
436 3083 667 3144 steriles.
689 3092 744 3136 et
759 3083 936 3136 audite
957 3098 1305 3152 quaecumque
1333 3085 1522 3138 amatis
1546 3085 1703 3147 (Πίος,

149 3172 320 3226 audite
361 3183 414 3228 et
459 3173 560 3227 viri
597 3182 652 3227 et
690 3175 939 3227 mulieres
971 3191 986 3228 :
1019 3190 1140 3226 nam
1170 3174 1266 3226 viri
1312 3189 1524 3242 quoque
1563 3190 1707 3242 saepe

150 3266 497 3316 contulerunt.
541 3265 679 3318 Audi
720 3264 1047 3332 Scripturam
1091 3265 1354 3318 dicentem
1388 3283 1401 3318 :
1444 3266 1510 3318 Et
1548 3268 1706 3318 oravit

146 3350 295 3407 Istrae
333 3370 428 3418 pro
471 3369 627 3406 uxore
667 3352 1054 3418 suaﬂebecca,
1099 3355 1336 3422 quoniam
1377 3364 1480 3405 erat
1521 3357 1706 3407 sterilis

146 3445 161 3510 (
183 3443 301 3496 Cen.
329 3444 420 3497 25.
453 3445 584 3511 21).
619 3445 830 3512 Magnas
870 3445 1012 3498 enim
1057 3459 1145 3498 res
1190 3453 1363 3511 potest
1401 3447 1590 3497 oratio.
1635 3445 1705 3498 1n

146 3535 294 3599 omni,
340 3534 532 3602 inquit,
577 3535 836 3592 instantia.
882 3544 929 3588 et
970 3534 1306 3588 obsecratione
1343 3552 1435 3601 pro
1479 3535 1706 3588 omnibus

143 3627 339 3689 sanctis,
373 3636 420 3680 et
452 3643 545 3693 pro
574 3642 697 3689 me;
740 3627 972 3694 seipsum
1015 3640 1220 3694 ponens
1259 3626 1522 3679 ultimum.
1565 3626 1702 3693 Quid

145 3713 284 3778 iacis,
313 3731 346 3769 o
371 3716 525 3769 beate
556 3716 734 3779 Paule,
769 3716 994 3784 teipsum
1018 3717 1170 3783 ponis
1193 3716 1436 3769 ultimum
1459 3717 1482 3768 ?
1504 3718 1701 3782 Etiam,

147 3802 324 3872 inquit,
358 3802 427 3858 Ut
450 3805 599 3858 detur
624 3805 748 3857 mihi
767 3821 928 3858 sermo
952 3805 1006 3858 in
1032 3807 1290 3875 apertione
1315 3808 1418 3860 oris
1447 3808 1561 3872 mei,
1589 3825 1701 3861 cum

147 3893 322 3959 ﬁducia
361 3905 532 3946 notum
565 3897 730 3962 [acere
767 3896 1053 3964 mysterium
1079 3898 1338 3965 evangelii,
1373 3915 1466 3965 pro
1491 3915 1588 3967 quo
1623 3901 1700 3952 le-

147 3984 334 4048 gatione
369 3984 557 4053 [ungor
611 3985 662 4036 in
698 3993 890 4037 catena.
936 3983 1035 4039 Ubi
1086 3984 1324 4054 iungeris
1384 3971 1700 4056 legatione?

147 4072 286 4139 Αρυά
311 4073 574 4137 homines,
590 4071 792 4141 inquit.
815 4074 992 4142 Papa,
1017 4082 1212 4143 quanta
1241 4076 1329 4128 Dei
1360 4075 1656 4145 benignitas
1683 4081 1696 4134 ἓ

149 4161 280 4214 misit
314 4177 345 4216 e
379 4162 525 4215 caelis
554 4163 644 4229 qui
676 4178 771 4230 pro
797 4164 912 4232 ipso
939 4163 1285 4232 l'uugerentur
1312 4166 1576 4234 legatione
1605 4182 1701 4236 pro

149 4264 266 4316 pace
291 4267 305 4302 :
340 4261 394 4305 et
421 4267 517 4305 eos
542 4261 728 4320 captos
753 4240 1034 4307 vinxerunt
1063 4253 1327 4318 homines,
1357 4265 1410 4310 et
1437 4271 1503 4310 ne
1529 4257 1698 4325 legem

147 4339 346 4405 quidem
378 4341 640 4409 publicam
670 4352 788 4396 sunt
815 4343 1048 4407 reveriti,
1073 4343 1214 4410 quod
1243 4344 1292 4397 ei
1321 4346 1411 4413 qui
1439 4346 1702 4414 legatione

148 4428 368 4500 iungitur
390 4432 523 4486 nihil
565 4449 814 4502 umquam
844 4433 932 4487 [lat
973 4434 1120 4488 mali.
1153 4435 1258 4489 Sed
1287 4446 1462 4490 tamen
1489 4453 1589 4506 ego
1621 4451 1702 4492 te-

147 4521 344 4587 gatione
384 4523 576 4592 iungor
599 4523 652 4576 in
688 4534 896 4578 catena.
927 4523 1092 4595 Urget
1115 4536 1303 4581 catena
1333 4543 1394 4582 os
1419 4530 1701 4585 obstruens

148 4611 378 4680 loquendi
412 4614 679 4679 libertati,
707 4615 800 4668 sed
837 4627 1028 4670 vestrae
1063 4633 1245 4686 preces
1284 4633 1344 4671 os
1371 4634 1546 4674 meum
1576 4636 1702 4690 ape-

149 4702 295 4767 riunt,
327 4713 384 4756 ut
410 4705 462 4757 in
491 4719 559 4756 eo
586 4704 752 4758 libere
779 4704 972 4770 dicam,
1003 4715 1062 4759 ut
1085 4722 1170 4760 me
1199 4716 1412 4775 oportet
1440 4708 1617 4777 loqui;
1649 4712 1700 4764 id

146 4802 236 4854 est,
265 4793 330 4849 Ut
352 4810 412 4848 ea
437 4795 614 4848 omnia
644 4793 816 4848 dicam
847 4795 912 4849 ad
941 4812 1058 4862 qua:
1083 4797 1304 4851 dicenda
1334 4814 1449 4850 sum
1482 4801 1696 4854 missus.

151 4881 210 4934 Ut
236 4895 397 4936 autent
423 4892 470 4936 et
498 4899 586 4937 vos
609 4885 798 4950 sciatis,
825 4901 938 4955 qua:
962 4887 1095 4938 circa
1122 4903 1203 4939 me
1224 4897 1360 4953 sunt,
1384 4890 1505 4957 quid
1529 4907 1698 4960 agam,

146 4974 300 5024 omnia
337 4973 472 5026 vobis
509 4983 631 5026 nota
670 4975 818 5039 [aciei
846 4973 1094 5042 Tyclticus
1118 4978 1407 5029 carissimus
1437 4982 1613 5047 frater,
1654 4990 1702 5032 et

146 5062 297 5138 ﬁdelis
318 5064 545 5116 minister
563 5063 615 5117 in
641 5062 878 5117 Domino.
905 5065 958 5118 Si
986 5074 1068 5118 est
1093 5066 1282 5129 iidelis,
1312 5068 1440 5120 nihil
1473 5071 1700 5122 mentie-

149 5139 241 5215 tur,
271 5153 363 5206 sed
392 5153 573 5206 omnia
602 5169 725 5206 vera
754 5154 912 5207 dicet.
951 5155 1108 5220 Quem
1149 5157 1262 5208 misi
1296 5157 1364 5207 ad
1391 5173 1476 5210 vos
1513 5160 1565 5210 in
1609 5160 1702 5211 hoc

146 5237 314 5305 ipsum,
338 5251 391 5293 ut
414 5243 749 5310 cognoscatis,
774 5257 886 5312 quc
909 5244 1043 5295 circa
1069 5260 1159 5296 nos
1185 5255 1321 5306 sunt,
1350 5257 1396 5297 et
1417 5248 1702 5300 consoletur

145 5329 286 5380 corda
311 5340 496 5383 uestra.
533 5331 708 5398 Paptc,
741 5342 936 5402 quanta
969 5335 1160 5386 caritas
1193 5336 1206 5387 !
1236 5334 1310 5387 Ne
1333 5335 1490 5391 liceat
1518 5337 1701 5390 volen-

147 5417 270 5471 tibus
310 5435 402 5474 vos
443 5431 683 5486 terrere;
715 5431 798 5476 est
831 5422 975 5477 enim
1017 5423 1293 5478 virisimile
1319 5441 1414 5480 eos
1446 5425 1609 5481 fuisse
1647 5428 1699 5482 iu

148 5507 290 5561 rebus
321 5508 563 5564 adversis
587 5519 642 5565 et
669 5511 910 5567 molestis
942 5531 954 5563 :
984 5512 1113 5566 illud
1139 5515 1280 5567 enim
1301 5556 1316 5579 ,
1347 5516 1702 5572 Consolabitur

146 5599 287 5651 corda
315 5611 507 5663 vestra,
551 5600 653 5654 hoc
693 5603 1011 5658 subindicat.
1050 5604 1127 5658 Ne
1156 5604 1328 5666 sinat,
1364 5606 1565 5674 inquit,
1607 5624 1702 5661 vos

144 5687 306 5754 dejici.
328 5691 417 5746 25.
457 5692 573 5746 Pax
594 5694 835 5763 fratribus
856 5705 901 5748 et
924 5695 1113 5750 caritas
1139 5712 1252 5749 cum
1278 5698 1379 5764 ﬁde
1403 5715 1435 5750 a
1467 5698 1572 5752 Deo
1601 5699 1701 5751 Ρη·-

146 5784 208 5828 trc
229 5789 274 5832 et
301 5779 513 5834 Domino
543 5781 663 5836 Jcsu
692 5783 906 5839 Christo.
941 5785 1097 5855 Optat
1124 5787 1201 5841 cis
1230 5802 1412 5857 pacem
1434 5829 1447 5854 ,
1477 5797 1530 5843 ct
1559 5790 1694 5844 cari-

1001 447 1066 504 IN
1104 446 1315 503 EPIST.
1357 447 1447 501 All
1487 443 1726 500 EPIIES.
1767 443 1920 497 CAP.
1965 444 2049 499 Vl.
2091 445 2317 501 llOMlL.
2359 446 2550 502 XXIV.

3295 445 3407 503 174

1828 562 1986 607 tatem
2019 571 2138 608 cum
2169 555 2290 610 ﬁde.
2325 558 2487 610 Recte
2521 557 2693 618 dixit;
2729 560 2836 611 vult
2865 557 3006 614 enim
3034 576 3128 613 eos
3157 577 3262 614 non
3303 571 3384 614 ut-

1823 656 2052 711 cumque
2079 644 2274 697 habere
2304 647 2561 698 rationem
2593 647 2846 711 caritatis,
2879 664 2977 702 nec
3006 664 3064 702 se
3093 649 3394 707 admiscere

1823 745 1941 784 eum
1982 732 2050 785 iis
2090 734 2179 802 qui
2219 749 2340 786 sunt
2378 735 2604 788 diversm
2647 737 2789 790 ﬁdei.
2836 740 2943 792 Aut
2986 738 3107 800 hoc,
3139 751 3229 793 aut
3261 730 3388 794 illud

1822 823 1969 885 dicit,
1991 834 2046 875 ut
2069 835 2122 877 et
2143 824 2241 892 ipsi
2271 827 2424 878 tidem
2449 827 2693 890 habeam,
2717 840 2768 882 et
2791 829 2861 883 de
2883 829 3075 883 futuris
3095 832 3385 886 coutldant.

1823 910 1929 964 Pax
1960 927 2083 981 erga
2115 913 2277 966 Deum
2304 924 2357 966 et
2376 917 2585 968 caritas.
2617 916 2746 969 Nam
2773 917 2820 969 si
2849 918 2918 971 sit
2946 934 3066 986 pax,
3095 919 3201 973 erit
3227 921 3390 975 etiam

1821 1001 2016 1055 canitis
2044 1019 2058 1051 :
2086 1004 2129 1055 si
2171 1003 2400 1070 caritas,
2436 1006 2538 1059 erit
2572 1006 2732 1059 etiam
2777 1023 2898 1075 pax.
2945 1008 3072 1062 Cum
3097 1011 3216 1078 ﬁde.
3248 1010 3388 1064 Nihil

1822 1091 1965 1144 enim
1998 1093 2210 1159 prodest
2237 1095 2431 1148 caritas
2455 1095 2656 1163 absque
2684 1097 2823 1154 lide;
2850 1097 2957 1149 imo
2988 1113 3116 1150 vero
3143 1114 3210 1153 ne
3234 1099 3390 1153 aliter

1820 1180 2033 1246 quidem
2062 1179 2222 1234 fuerit
2247 1185 2458 1236 caritas.
2486 1184 2575 1237 24.
2616 1182 2684 1235 Et
2709 1185 2873 1253 gratia
2902 1202 3012 1237 cum
3049 1186 3275 1240 omnibus
3302 1188 3389 1252 qui

1822 1268 2040 1336 diligunt
2071 1268 2344 1322 Dominum
2371 1282 2596 1324 nostrum
2631 1271 2808 1326 Jesunt
2843 1272 3098 1326 Christum
3133 1275 3187 1328 in
3222 1276 3390 1329 incor-

1818 1361 2067 1428 ruptione.
2107 1363 2284 1414 Amen.
2333 1362 2428 1416 llic
2465 1362 2663 1428 divisit,
2696 1379 2935 1419 seorsum
2968 1367 3136 1433 posita
3179 1382 3306 1434 pace
3333 1377 3388 1420 et

1816 1449 2001 1517 gratia.
2052 1450 2118 1503 In
2153 1452 2546 1520 incorruptione,
2591 1454 2780 1518 inquit,
2812 1454 2990 1507 Amen.
3023 1454 3160 1520 Quid
3187 1465 3288 1518 est,
3317 1455 3386 1508 In

1817 1542 2192 1611 incorruptione
2213 1545 2238 1595 .’
2267 1546 2372 1597 Aut
2404 1544 2454 1598 in
2485 1546 2762 1599 honestate
2785 1555 2837 1599 et
2874 1547 3240 1600 moderatione
3259 1587 3273 1610 ,
3296 1559 3388 1600 aut

1819 1646 1914 1697 pro
1945 1631 2006 1685 iis
2036 1634 2084 1684 in
2125 1648 2258 1700 quos
2297 1649 2401 1686 non
2442 1633 2584 1687 cadit
2613 1635 2923 1701 corruptio;
2963 1651 3153 1702 nempe
3184 1652 3288 1688 non
3330 1637 3381 1689 in
3439 1665 3448 1675 ι

1814 1720 2035 1784 divitiis,
2067 1737 2172 1774 non
2211 1724 2260 1775 in
2300 1724 2490 1792 gloria,
2528 1725 2619 1778 sed
2652 1726 2702 1777 in
2733 1725 2838 1778 illis
2865 1725 2916 1777 in
2950 1741 3069 1793 qua:
3105 1742 3209 1778 non
3239 1726 3385 1779 cadit

1813 1811 2103 1879 corruptio.
2137 1811 2284 1874 illud,
2307 1813 2382 1874 in,
2415 1811 2554 1867 idem
2581 1823 2664 1867 est
2686 1815 2844 1880 quod,
2879 1832 2986 1880 per.
3018 1816 3116 1869 Per
3138 1817 3382 1869 incorru-

1814 1900 2080 1966 ptiouem,
2115 1901 2324 1969 inquit;
2367 1902 2467 1976 hoc
2491 1912 2592 1963 est,
2623 1918 2716 1969 per
2743 1905 3006 1957 virtutem.
3039 1905 3207 1958 Omne
3237 1907 3380 1959 enim

1816 1990 1997 2042 vilium
2026 2000 2109 2044 est
2134 1993 2424 2059 corruptio,
2452 2002 2506 2045 et
2539 1994 2673 2046 sicut
2713 1994 2970 2062 virginem
2997 1997 3262 2064 corrumpi
3289 1996 3378 2049 di-

1811 2082 2002 2147 cimus,
2045 2083 2114 2135 ita
2141 2083 2299 2134 etiam
2329 2082 2581 2136 animam.
2613 2084 2895 2150 Propterea
2923 2084 3133 2138 dicebat
3162 2085 3378 2148 Paulus,

1814 2170 1896 2223 Ne
1917 2181 2305 2240 corrumpantur
2328 2189 2504 2226 sensus
2533 2174 2681 2224 vestri
2709 2172 2911 2243 (2.Cor.
2940 2175 3026 2227 11.
3048 2173 3102 2243 5)
3129 2191 3142 2236 ;
3172 2185 3225 2226 et
3257 2190 3379 2227 rur-

1812 2275 1928 2313 sum
1973 2261 2118 2324 alibi,
2167 2261 2234 2314 In
2271 2261 2496 2314 doctrina
2533 2263 2957 2331 incorruptionem
2995 2262 3168 2332 (Tim.
3195 2262 3249 2315 2.
3285 2263 3376 2333 7),

1811 2351 2002 2420 inquit.

1880 2443 1932 2494 5.
1976 2441 2110 2507 Quid
2152 2451 2234 2495 est
2261 2443 2434 2506 enim,
2467 2443 2552 2497 die
2591 2442 2716 2496 mihi
2744 2483 2760 2508 ,
2789 2442 3062 2511 corruptio
3089 2445 3329 2509 corporis
3353 2444 3377 2494 2

1809 2547 1987 2585 annon
2014 2532 2294 2585 dissolutio
2321 2533 2515 2596 totius,
2547 2542 2602 2585 et
2622 2532 2736 2601 ejus
2773 2532 3176 2597 compositionis
3204 2533 3227 2584 ?
3266 2532 3376 2586 Hoc

1807 2624 1966 2675 etiam
2001 2622 2058 2674 iit
2083 2622 2133 2674 in
2154 2621 2350 2681 anima,
2383 2622 2434 2674 iu
2464 2637 2580 2675 eam
2605 2623 2842 2690 ingresso
2872 2634 3106 2691 peccato.
3140 2622 3378 2675 Pulchri-

1811 2713 1938 2765 tudo
1977 2714 2119 2766 enim
2150 2712 2341 2765 animae
2377 2723 2459 2766 est
2487 2714 2856 2780 temperantia,
2900 2711 3101 2778 justitia
3128 2728 3143 2774 ;
3176 2713 3375 2765 sanitas

1809 2810 2000 2857 ultima:
2043 2816 2123 2857 est
2155 2803 2438 2868 fortitudo,
2477 2804 2772 2872 prudentia.
2814 2802 2944 2855 Nam
2975 2803 3064 2870 qui
3100 2812 3181 2856 est
3206 2802 3374 2870 turpis

1811 2904 1864 2946 et
1891 2893 2225 2957 inhonestus,
2257 2901 2338 2945 est
2359 2891 2638 2957 deformis,
2667 2903 2720 2945 et
2747 2893 2832 2960 qui
2856 2900 2937 2944 cst
2962 2906 3170 2953 avarus,
3200 2900 3256 2944 et
3283 2889 3375 2958 qui

1809 3001 1867 3038 se
1893 2984 2038 3038 dedit
2068 2985 2227 3038 rebus
2263 2985 2452 3048 malis,
2495 2993 2548 3036 et
2576 2984 2662 3051 qui
2704 2995 2783 3037 est
2812 2983 3042 3043 timidus,
3078 2984 3295 3049 ignavus
3322 2992 3377 3035 et

1809 3075 2122 3134 imbecillus.
2175 3082 2258 3125 est
2303 3074 2455 3125 malae
2506 3071 2843 3124 habitudinis.
2895 3071 3046 3137 Quod
3087 3087 3211 3124 vero
3251 3087 3375 3139 pec—

1807 3173 1922 3217 cata
1948 3173 2238 3232 operentur
2262 3163 2818 3231 cerruptionemJiiuc
2832 3163 3000 3228 palam
3029 3170 3112 3214 est
3135 3179 3148 3214 :
3179 3162 3376 3214 faciunt

1810 3254 1953 3308 enim
1982 3262 2163 3321 turpes
2202 3263 2256 3306 et
2281 3253 2596 3315 imbecillos,
2627 3262 2683 3306 et
2706 3251 2942 3305 eitieiuut
2970 3264 3024 3304 ut
3054 3253 3294 3305 laborent
3322 3263 3375 3305 et

1808 3343 2179 3411 defatigentur.
2209 3341 2524 3409 Corruptam
2563 3342 2704 3395 enim
2742 3356 2862 3394 esse
2889 3340 3145 3409 virginem
3164 3381 3178 3403 ,
3211 3341 3372 3394 etiam

1810 3433 1930 3486 ideo
1969 3433 2177 3500 proprie
2207 3431 2450 3494 dicimus,
2486 3447 2591 3484 non
2620 3431 2761 3499 quod
2788 3441 3156 3498 corrumpatur
3180 3446 3375 3498 corpus

1808 3523 1997 3585 solum,
2025 3522 2119 3574 sed
2157 3532 2373 3590 propter
2412 3521 2739 3590 iniquitatem
2767 3540 2779 3573 :
2809 3537 2929 3574 nam
2960 3521 3008 3574 id
3035 3521 3174 3590 quod
3206 3522 3264 3573 lit
3291 3531 3375 3574 est

1807 3612 1978 3668 cisitus
2002 3628 2017 3674 ;
2045 3611 2089 3663 si
2132 3611 2233 3664 hoc
2271 3619 2450 3664 autem
2493 3621 2636 3664 esset
2678 3612 2982 3678 corruptio,
3019 3621 3160 3665 esset
3210 3612 3368 3664 etiam

1807 3701 2201 3755 matrimonium
2237 3700 2526 3768 corruptio.
2561 3700 2675 3753 Non
2717 3700 2907 3765 coitus,
2949 3702 3042 3754 sed
3093 3711 3364 3769 peceatum

1806 3801 1889 3846 est
1924 3793 2231 3858 corruptio:
2259 3792 2435 3860 ipsum
2463 3792 2603 3845 enim
2645 3791 2907 3846 dedecore
2944 3791 3137 3845 all'ecit.
3168 3793 3368 3846 Domus

1805 3895 1980 3938 autem
2020 3884 2145 3953 quid
2191 3882 2350 3937 fuerit
2397 3883 2700 3950 corruptio,
2745 3898 2900 3951 quam
2942 3882 3269 3936 dissolutio?
3309 3884 3376 3937 Et

1807 3977 2002 4046 ubique
2047 3976 2320 4044 corruptio
2361 3985 2446 4030 est
2485 3976 2725 4045 quaedam
2775 3976 2826 4028 in
2863 3975 3095 4028 deterius
3127 3976 3370 4038 mutatio,

1805 4085 1923 4139 qua!
1954 4068 2009 4121 iit
2036 4069 2088 4122 in
2111 4068 2271 4122 alium
2296 4068 2553 4132 habitum,
2581 4077 2635 4121 et
2656 4067 2722 4120 ad
2744 4067 3064 4121 deletiouetn
3093 4066 3208 4134 ejus
3231 4070 3369 4136 quod

1804 4169 1920 4215 erat
1947 4160 2113 4229 prius.
2139 4153 2276 4213 Audi
2301 4159 2442 4212 enim
2470 4159 2796 4227 Scripturam
2823 4161 3108 4224 dicentem,
3135 4161 3371 4228 Corrupit

1805 4252 1966 4302 omnis
1994 4266 2112 4302 caro
2148 4251 2280 4302 viam
2319 4266 2461 4302 suout
2509 4248 2669 4318 (Gen.
2697 4249 2751 4302 6.
2782 4251 2846 4303 12
2867 4250 2924 4316 );
2965 4261 3020 4305 et
3049 4257 3233 4306 rursus
3257 4294 3270 4316 ,
3305 4252 3370 4305 In

1804 4345 2127 4407 corruptione
2154 4340 2460 4393 intolerabili
2485 4357 2505 4403 ,'
2528 4349 2584 4393 et
2620 4355 2821 4402 rursus,
2867 4339 3110 4395 Homines
3148 4344 3373 4412 corrupti

1803 4444 1966 4483 men-te
1987 4433 2062 4500 (2.
2094 4428 2227 4481 Tim.
2253 4430 2306 4483 ὅ.
2334 4429 2409 4498 8).
2435 4429 2792 4495 Corruptibile
2807 4441 3092 4498 estcorpus
3109 4442 3370 4495 nostrum,

1803 4524 1900 4578 sed
1928 4525 2104 4576 anima
2134 4522 2569 4590 incorruptibilis.
2607 4521 2683 4575 Ne
2710 4523 2886 4589 itaque
2921 4523 3088 4590 ipsam
3131 4534 3371 4578 Corrum-

1805 4629 2032 4683 paruus:
2071 4614 2170 4667 hoc
2206 4613 2330 4666 fecit
2373 4614 2517 4682 prius
2555 4624 2866 4680 peccatum;
2910 4615 3049 4683 quod
3095 4617 3151 4668 lit
3191 4626 3367 4670 autem

1806 4713 1925 4772 post
1949 4704 2217 4757 lavacrum
2238 4744 2252 4766 ,
2283 4711 2456 4771 potest
2480 4704 2636 4756 etiam
2662 4704 2893 4756 animam
2920 4694 3288 4771 corrumpere,
3319 4714 3373 4756 et

1804 4793 2017 4847 eilieere
2039 4802 2095 4845 ut
2120 4793 2270 4846 facile
2294 4795 2408 4860 capi
2439 4795 2608 4859 possit
2636 4808 2662 4843 τι
2697 4808 2882 4846 verme
2907 4795 3188 4848 immortali
3221 4812 3233 4845 τ
3262 4812 3368 4848 non

1803 4883 1945 4936 enim
1964 4882 2245 4950 attigisset,
2272 4880 2371 4934 nisi
2387 4882 2780 4949 corruptibilem
2806 4881 3366 4939 invenisset-animam.

1802 4972 2156 5025 Adamantem
2193 4987 2296 5023 non
2328 4970 2536 5038 attingit
2562 4971 2778 5032 vermis,
2803 4980 2857 5023 et
2886 4971 2930 5024 si
2959 4972 3210 5039 attigerit,
3241 4974 3370 5026 nihil

1804 5062 1983 5116 efﬁcit.
2007 5062 2082 5116 Ne
2110 5076 2424 5129 corrumpas
2445 5061 2676 5115 animam
2708 5079 2720 5113 :
2747 5077 2865 5112 nam
2897 5062 3035 5130 quod
3066 5065 3370 5130 corrumpi-

1807 5165 1912 5218 tur,
1939 5155 2148 5222 plenum
2175 5163 2256 5206 est
2277 5153 2483 5207 faetore.
2519 5151 2655 5204 Audi
2684 5152 2823 5205 enim
2852 5151 3156 5219 prophetam
3187 5153 3370 5206 dicen-

1807 5255 1931 5306 tem,
1961 5243 2277 5296 Putruerunt
2302 5253 2349 5294 et
2373 5250 2624 5308 corrupta:
2643 5251 2759 5293 sunt
2784 5242 3040 5294 cicatrices
3057 5259 3178 5294 mea:
3193 5260 3223 5294 a
3242 5244 3373 5310 facie

1804 5334 2102 5402 insipientia!
2129 5349 2253 5385 ntere
2280 5333 2298 5402 (
2322 5332 2465 5386 Psal.
2497 5333 2582 5386 57.
2613 5332 2644 5384 6
2670 5333 2709 5400 ).
2751 5332 2863 5399 Ipsa
2893 5343 3070 5385 autem
3099 5338 3373 5403 corruptio

1804 5424 1987 5477 induet
2022 5424 2510 5491 incorruptionem;
2546 5422 2659 5482 INBC
2695 5437 2823 5475 vero
2868 5438 2971 5475 non
3015 5423 3194 5476 itidem
3238 5425 3369 5477 :‘uhi

1803 5524 1885 5568 est
1911 5516 2052 5568 enim
2079 5513 2426 5582 iucorruptio,
2459 5529 2561 5567 non
2588 5523 2670 5567 est
2694 5516 2987 5582 corruptio.
3010 5515 3367 5582 Quamobrem

1803 5608 2074 5673 corruptio
2097 5615 2179 5660 est
2207 5605 2640 5673 incorruptibilis,
2685 5604 2843 5659 linem
2885 5622 2988 5662 non
3037 5607 3255 5670 habens,
3287 5615 3372 5660 cst

1806 5711 1950 5749 mors
1971 5694 2283 5748 iuunortalis
2305 5710 2320 5758 ;
2343 5694 2480 5762 quod
2501 5694 2713 5763 quidem
2736 5695 2969 5748 futurum
2992 5706 3105 5749 erat
3121 5696 3165 5748 si
3181 5710 3375 5762 corpus

1806 5789 2086 5843 mansisset
2113 5786 2431 5842 immortale.
2446 5786 2825 5853 Quamobrem,
2849 5788 2891 5840 si
2912 5785 3036 5842 illuc
3058 5786 3373 5840 exivcrimus
