4096 6310
731 426 827 480 I75
1451 414 1512 469 S.
1549 412 1830 470 JOANNIS
1864 413 2345 469 CIIRYSOSTUMI
2382 411 2700 468 ARCIIIEP.
2740 408 3283 466 CONSTANTINOP.
3876 409 3976 464 176

726 539 983 592 habentes
1033 535 1430 605 corruptionem
1457 574 1472 599 ,
1526 532 1845 588 habebimus
1889 529 2292 596 corruptionem

726 630 1206 700 incorruptibilcm,
1232 630 1394 683 tinem
1422 643 1527 681 non
1557 626 1860 681 habentem.
1891 623 1983 680 Uri
2009 626 2148 678 enim
2183 631 2237 675 et
2263 637 2297 675 a

725 738 903 777 verme
930 733 1186 791 perpetuo
1218 716 1483 784 consumi,
1510 729 1593 773 est
1610 718 1905 786 corruptio,
1930 716 1980 770 in
2007 728 2294 785 quamnon

722 813 865 866 cadit
895 811 1223 881 incorruptio
1254 807 1433 880 :quod
1462 817 1580 863 erat
1604 818 1657 863 et
1685 809 1737 860 in
1760 808 1915 861 beato
1933 803 2034 861 Joh
2062 805 2079 872 (
2109 802 2208 856 Job
2239 804 2296 855 7.

722 902 777 956 ὅ.
810 903 863 955 in
891 900 1095 967 Greco)
1130 918 1145 955 :
1171 899 1616 967 corrumpebatur
1643 897 1809 960 enim,
1838 904 1892 950 et
1925 910 2031 949 non
2062 892 2293 962 peribat,

721 1004 776 1048 et
803 995 915 1048 lucc
944 1009 1037 1058 per
1060 994 1281 1046 multum
1304 992 1560 1060 temporis
1582 1006 1597 1053 ;
1625 988 1718 1043 sed
1745 1002 1961 1055 semper
1984 1000 2295 1055 corrumpe-

722 1084 809 1137 bat
852 1092 1008 1137 terra:
1055 1081 1275 1149 glebas,
1324 1081 1528 1135 saniem
1562 1078 1813 1133 eradeus.
1840 1077 1971 1132 Tale
2010 1076 2136 1145 quid
2167 1084 2293 1129 ttmc

720 1174 955 1241 patietur
983 1173 1181 1232 anima,
1211 1187 1328 1227 eam
1359 1168 1877 1225 circumsistentibus
1914 1174 1968 1220 et
1990 1165 2293 1220 arrodeuti-

724 1268 821 1318 hns
844 1263 1137 1328 vermibus,
1172 1279 1276 1316 non
1306 1263 1441 1316 duos
1466 1275 1655 1327 annos,
1683 1274 1782 1313 nec
1812 1268 1941 1321 tres,
1964 1273 2062 1312 nec
2085 1256 2290 1316 decem,

720 1371 822 1411 nec
854 1366 1089 1417 centum,
1124 1368 1222 1409 nec
1260 1353 1439 1407 decies
1469 1350 1633 1413 mille,
1663 1348 1758 1403 sed
1796 1348 1888 1417 qui
1917 1362 2202 1414 numquam
2230 1345 2293 1397 [i-

721 1446 934 1500 nientur
966 1461 980 1498 :
1020 1443 1210 1497 Verulis
1250 1443 1424 1505 enim,
1471 1438 1674 1509 inquit,
1707 1454 1878 1491 eorum
1919 1452 2021 1489 non
2058 1436 2295 1488 morietur

722 1537 739 1605 (
752 1537 914 1589 Μαι-ε.
933 1534 989 1590 9.
1010 1535 1123 1601 45).
1139 1535 1443 1587 Timeamus
1462 1546 1611 1600 ergo,
1635 1544 1784 1599 rogo,
1808 1529 2086 1582 timeamus
2110 1525 2291 1589 verba,

721 1643 787 1679 nc
828 1626 878 1678 in
923 1642 1007 1679 res
1062 1624 1205 1693 ipsas
1247 1621 1559 1676 incidamus.
1596 1619 1828 1673 Avaritia
1876 1626 1959 1670 est
1998 1614 2289 1683 corruptio,

717 1717 988 1781 corruptio
1034 1712 1270 1767 omnium
1310 1711 1636 1779 gravissima,
1683 1707 1939 1761 inducens
1970 1705 2035 1759 ad
2067 1705 2295 1759 idolola-

721 1802 874 1855 triam
904 1820 917 1855 :
941 1801 1202 1871 fugiamus
1223 1798 1644 1867 corruptionem,
1662 1797 1918 1866 eligamus
1942 1795 2296 1863 incorruptio—

720 1908 864 1944 nem.
897 1892 1053 1944 Hunc
1080 1889 1292 1959 quidem
1321 1900 1409 1941 aut
1442 1887 1588 1941 illum
1615 1903 1711 1956 per
1731 1887 2007 1940 avaritiam
2038 1885 2292 1939 fraudasti

718 1992 773 2034 et
804 1981 949 2049 plura
982 1977 1308 2049 acquisivisti
1340 1978 1513 2044 ?Qu:e
1542 1992 1637 2045 per
1657 1976 1932 2028 avaritiam
1963 1985 2085 2029 sunt
2111 1976 2293 2042 acqui-

719 2071 819 2122 sita
848 2080 1286 2139 corrumpuntur,
1320 2076 1498 2121 manet
1524 2077 1698 2121 autem
1740 2066 1978 2128 avaritia,
2022 2066 2294 2133 corruptio

718 2176 875 2214 causa
916 2158 1327 2226 incorruptionis
1360 2174 1372 2206 :
1418 2158 1606 2210 transit
1649 2156 1864 2226 quidem
1908 2156 2153 2224 voluptas
2190 2172 2291 2225 qua

719 2249 944 2315 frncris,
994 2258 1171 2303 manet
1211 2258 1389 2302 autem
1440 2257 1709 2316 peccatum
1752 2248 1803 2299 in
1844 2236 1984 2317 quod
2016 2262 2121 2300 non
2152 2247 2296 2301 cadit

719 2341 1011 2408 rorruptio.
1041 2340 1215 2395 Grave
1239 2349 1320 2393 est
1344 2339 1538 2392 malum
1569 2353 1672 2391 non
1706 2338 1755 2390 in
1780 2339 2028 2407 przesenti
2052 2341 2157 2392 vita
2177 2354 2292 2392 om"

719 2432 803 2483 nia
840 2445 1037 2484 exuere
1066 2446 1081 2482 :
1115 2445 1300 2497 magna
1328 2437 1408 2483 est
1434 2428 1710 2482 calamitas
1739 2428 1863 2481 hinc
1905 2429 2166 2483 excedere
2193 2430 2293 2483 ha-

721 2524 905 2577 bentes
945 2538 1133 2591 magna
1176 2533 1512 2590 peccatorum
1558 2535 1724 2575 onera
1752 2538 1767 2573 :
1800 2535 1923 2575 nam
1952 2520 2018 2574 In
2048 2522 2250 2592 inferno
2274 2563 2289 2587 ,

720 2612 909 2679 inquit,
947 2614 1060 2679 quis
1096 2612 1413 2679 conﬁtebitur
1438 2613 1524 2665 tibi
1544 2611 1716 2683 (Ptol.
1741 2611 1794 2665 6.
1820 2612 1923 2682 6)?
1954 2612 2061 2665 Illic
2089 2621 2173 2667 est
2205 2613 2295 2679 ju-

721 2702 942 2767 dicium,
977 2703 1298 2770 paenitentiae
1336 2703 1442 2769 jam
1488 2717 1594 2755 non
1634 2714 1720 2759 est
1767 2712 1997 2770 tempus.
2029 2703 2293 2766 Quantum

721 2792 878 2846 ﬂebat
909 2793 1057 2847 dives
1081 2794 1103 2845 ‘1'
1128 2804 1183 2846 et
1214 2792 1344 2846 nihil
1373 2789 1567 2846 eil‘ecit.
1632 2793 1799 2858 Quam
1846 2793 2014 2846 multa
2042 2792 2292 2847 dixerunt

2400 525 2488 593 qui
2515 524 2780 579 Christum
2807 541 2914 580 non
2938 526 3212 581 aluerunt!
3259 529 3351 583 sed
3404 539 3579 583 tamen
3606 527 3821 584 abducti
3850 539 3975 581 smn

2402 614 2451 667 in
2482 614 2655 683 ignem
2680 624 2961 669 mternum.
2988 616 3157 683 Quam
3185 619 3347 671 multa
3382 617 3632 673 dixerunt
3654 620 3744 687 qui
3770 618 3973 688 iniqui-

2402 714 2559 759 tatem
2600 703 2855 765 tecet-itm,
2886 704 3122 772 Domine,
3158 723 3258 760 non
3283 710 3335 761 in
3363 710 3563 762 nomine
3587 720 3675 761 tuo
3697 710 3974 777 propheta-

2399 796 2577 862 vinjus,
2592 807 2637 873 et
2656 797 2707 849 in
2718 796 2917 850 nomine
2930 806 3018 850 tuo
3033 797 3281 851 (lanionia
3292 800 3531 869 ejecinms
3547 799 3736 871 (Matth
3746 839 3759 852 .
3776 801 3810 853 7
3820 839 3834 851 .
3849 799 3928 854 22
3940 799 3977 850 i?

2397 895 2453 940 et
2486 896 2660 941 tamen
2695 902 2802 941 non
2826 897 2942 941 sunt
2971 874 3188 957 cogniti.
3231 889 3418 943 Omnia
3448 890 3561 942 ha-c
3585 890 3800 959 quidem
3849 900 3976 942 tunc

2400 978 2553 1044 ﬁunt,
2582 978 2676 1032 sed
2703 978 2837 1033 nihil
2850 978 3041 1048 juvant
3067 979 3168 1033 nisi
3194 995 3335 1034 nunc
3359 979 3491 1032 facta
3518 980 3729 1033 fuerint.
3758 978 3978 1033 Timea-

2397 1084 2517 1123 mus
2542 1084 2672 1139 ergo
2709 1084 2777 1125 ne
2803 1071 2939 1126 forte
2969 1082 3095 1125 tunc
3119 1071 3384 1135 dicamus,
3424 1069 3661 1136 Domine,
3692 1072 3904 1141 quando
3930 1081 3976 1123 le

2397 1156 2612 1212 vidimus
2636 1160 2961 1222 esurientem,
2998 1170 3045 1212 et
3084 1176 3184 1213 non
3226 1161 3445 1213 aluimus
3492 1159 3670 1225 (Ibid.
3701 1162 3794 1215 25.
3828 1163 3899 1216 37
3924 1161 3977 1228 Π

2397 1248 2547 1303 Nunc
2586 1250 2757 1317 ipsum
2798 1251 3113 1315 nutriamus,
3154 1265 3260 1304 non
3309 1265 3435 1314 uno,
3479 1258 3574 1303 aut
3610 1250 3844 1310 duobus.
3885 1261 3977 1304 aut

2399 1340 2566 1393 tribus
2594 1340 2779 1395 diebus
2809 1359 2824 1394 :
2854 1339 3199 1412 Eleemosyme
3234 1342 3406 1402 enim,
3440 1340 3643 1411 inquit,
3674 1349 3720 1394 et
3756 1341 3890 1408 fides
3932 1352 3979 1395 te

2397 1448 2499 1485 non
2518 1432 2747 1486 deserant
2772 1430 2951 1503 (Prov.
2973 1432 3028 1487 ὅ.
3048 1434 3124 1501 '5).
3148 1432 3260 1486 Non
3281 1433 3434 1497 dixit,
3457 1432 3562 1487 Fac
3582 1432 3771 1497 semel,
3797 1448 3977 1501 neque

2400 1522 2480 1575 bis
2516 1541 2529 1576 :
2562 1538 2679 1576 nam
2727 1524 2956 1593 virginrs
2999 1523 3263 1579 habebant
3304 1524 3503 1587 oleum,
3542 1525 3639 1579 sed
3670 1540 3776 1577 non
3818 1524 3977 1577 suffi-

2398 1613 2563 1666 ciens.
2594 1614 2950 1677 Quamobrem
2981 1614 3138 1669 nobis
3167 1615 3336 1669 multo
3358 1630 3495 1684 opus
3520 1626 3602 1670 est
3629 1617 3772 1680 oleo,
3797 1625 3856 1671 et
3882 1633 3979 1670 nos

2401 1713 2665 1773 tamquam
2714 1703 3018 1774 frugiferam
3071 1705 3243 1760 oleam
3294 1716 3505 1774 oportet
3545 1721 3667 1763 esse
3714 1709 3768 1762 in
3811 1707 3979 1763 domo

2402 1792 2516 1846 Dei.
2547 1793 2851 1861 Cogitemus
2880 1790 3009 1864 ergo
3054 1810 3214 1865 quam
3254 1797 3450 1851 multas
3480 1807 3821 1867 peccatorum
3860 1812 3979 1853 sar-

2399 1882 2548 1935 cinas
2579 1882 2739 1937 habet
2783 1886 3150 1955 unusquisque
3182 1896 3444 1953 nostrum,
3485 1887 3852 1958 faciamusque
3884 1888 3979 1944 be~

2400 1972 2672 2040 nignitatis
2701 1988 2753 2029 et
2780 1975 3081 2030 clementiae
3110 1991 3294 2046 opera,
3324 1994 3443 2049 qua:
3468 1980 3549 2034 eis
3580 1980 3632 2035 in
3670 1981 3979 2051 aquiiibrio

2399 2065 2776 2132 respondeant,
2809 2064 2916 2120 imo
2944 2082 3072 2122 vero
3097 2067 3255 2122 etiam
3285 2070 3439 2139 longe
3469 2070 3639 2139 plura,
3664 2080 3720 2125 ut
3751 2087 3862 2126 non
3890 2086 3980 2124 so-

2400 2155 2507 2208 lum
2551 2156 2953 2227 exstinguantur
2995 2170 3247 2229 peccata.
3292 2160 3388 2216 sed
3417 2161 3577 2215 etiam
3607 2162 3674 2216 ad
3705 2162 3980 2232 justitiam

2401 2249 2556 2300 nobis
2582 2258 2894 2317 reputentur
2923 2266 3083 2318 opera
3106 2251 3343 2329 justitize.
3369 2251 3502 2306 Nam
3532 2251 3577 2306 si
3609 2269 3715 2306 non
3737 2252 3853 2307 sint
3874 2265 3983 2309 tam

2402 2340 2563 2391 multa
2598 2339 2732 2393 bona
2755 2378 2769 2403 ,
2804 2350 2861 2394 ut
2890 2350 2945 2394 et
2983 2341 3206 2395 crimina
3233 2356 3511 2406 exuamus,
3557 2354 3613 2397 et
3649 2360 3715 2398 ex
3759 2345 3832 2400 iis
3860 2362 3981 2415 qua:

2399 2442 2523 2486 sunt
2547 2434 2729 2487 relicta
2757 2434 2912 2488 nobis
2934 2433 3259 2503 imputentur
3280 2436 3347 2491 ad
3368 2436 3651 2506 justitiam,
3693 2453 3859 2493 nemo
3886 2453 3984 2491 nos

2399 2522 2599 2578 eximet
2626 2540 2655 2577 a
2692 2525 2954 2595 supplicio
2988 2541 3001 2579 :
3034 2527 3174 2597 quod
3216 2528 3369 2583 nobis
3397 2528 3644 2585 omnibus
3666 2529 3829 2584 detur
3850 2530 3985 2586 eﬂ‘u-

2400 2630 2545 2683 gcrc,
2569 2617 2736 2685 gratia
2757 2626 2817 2672 et
2836 2616 3161 2687 benignitate
3189 2610 3583 2675 Domininostri
3604 2620 3731 2677 Jesu
3748 2620 3981 2687 Christi,

2401 2707 2489 2760 cui
2512 2721 2632 2761 cum
2666 2708 2821 2764 Patre
2846 2719 2900 2764 et
2926 2708 3129 2779 Spiritu
3157 2720 3365 2773 sancto.
3393 2720 3496 2768 etc.
