4096 6310
800 401 897 453 I79

795 513 918 566 dem
966 508 1329 570 delensionis,
1379 519 1438 558 ac
1495 501 1820 557 liberationis
1865 507 2105 564 tempore
2149 489 2368 546 minime

797 601 1032 656 adfuisse
1058 599 1396 652 Timotheum
1430 601 1638 647 constat
1665 608 1679 642 :
1709 590 1878 658 inquit
1906 586 2077 647 enim,
2112 583 2177 636 In
2207 582 2370 651 prima

797 710 908 748 mea
933 691 1219 760 defensione
1247 702 1394 740 neuio
1420 685 1543 736 mihi
1574 684 1754 752 adfuit.
1785 680 1944 748 quue
1973 674 2208 730 ostendit
2235 672 2368 725 scri-

799 786 929 836 hens
965 783 1079 834 sic:
1109 794 1213 832 non
1253 778 1395 830 enim
1427 775 1500 826 illi
1531 789 1630 842 per
1657 772 1837 825 literas
1863 766 2197 826 nuntiasset,
2228 762 2368 831 quod

800 883 983 926 nottnn
1010 870 1105 939 ipsi
1134 884 1254 922 esse
1277 867 1454 919 sciret.
1481 865 1596 930 Quo
1619 871 1793 914 autem
1821 870 2060 927 tempore
2085 857 2222 909 hanc
2241 853 2374 906 scri-

804 965 956 1017 bebat
977 961 1280 1029 epistolam,
1302 954 1614 1012 Timotheus
1640 966 1741 1005 una
1764 965 1942 1004 secum
1966 947 2150 999 aderat
2174 961 2188 998 :
2215 944 2373 1011 idque

803 1054 979 1109 verbis
1025 1053 1140 1106 istis
1185 1047 1421 1104 ostendit
1446 1063 1461 1101 :
1490 1046 1653 1110 Spero
1692 1052 1859 1094 autem
1901 1040 1954 1091 in
1994 1036 2208 1088 Domino
2247 1034 2370 1087 Jesu

806 1145 1116 1198 Timotheum
1152 1156 1229 1191 nte
1265 1139 1364 1190 cito
1405 1137 1597 1188 mittere
1633 1133 1700 1184 ad
1738 1145 1859 1192 vos;
1888 1138 1941 1180 et
1970 1140 2190 1186 rursus,
2223 1123 2374 1176 Iltmc

801 1235 958 1304 igitur
980 1248 1124 1301 spero
1155 1246 1232 1281 me
1259 1229 1358 1279 cito
1384 1227 1578 1278 mittere
1600 1223 1668 1275 ad
1697 1238 1798 1282 vos,
1827 1235 1945 1272 mox
1968 1226 2020 1270 ut
2044 1217 2234 1279 videro,
2262 1228 2374 1281 qua:

803 1325 937 1376 circa
978 1339 1056 1374 me
1082 1329 1196 1374 sunt
1220 1320 1239 1388 (
1274 1317 1501 1386 Philipp.
1529 1314 1583 1366 2.
1619 1313 1705 1366 19.
1736 1310 1806 1363 23
1830 1309 1874 1376 ).
1906 1308 1947 1362 Ε
1976 1307 2200 1361 vinculis
2229 1306 2371 1359 enim

802 1412 1052 1465 dimissus
1081 1419 1197 1473 est;
1231 1392 1391 1474 atque
1422 1405 1471 1456 in
1503 1417 1586 1464 ea,
1621 1412 1898 1470 postquam
1927 1396 1994 1449 ad
2026 1397 2169 1465 ipsos
2192 1393 2372 1446 venis-

803 1511 924 1566 set,
955 1513 1143 1553 rursus
1183 1497 1478 1564 coniectus.
1522 1491 1676 1559 Quod
1718 1491 1860 1544 enim
1901 1487 2108 1556 inquit,
2143 1483 2249 1539 Sed
2282 1484 2380 1537 etsi

800 1591 1036 1643 immolor
1075 1606 1230 1656 supra
1268 1586 1574 1652 sacriﬁcium
1597 1624 1612 1648 ,
1645 1592 1691 1634 et
1728 1579 2013 1647 obsequium
2047 1575 2169 1645 ﬁdei
2199 1585 2374 1630 uestra

801 1681 821 1752 (
854 1679 984 1733 Ibid.
1008 1696 1055 1732 υ.
1092 1678 1157 1732 17
1185 1679 1234 1746 );
1265 1691 1369 1729 non
1419 1675 1488 1727 ita
1526 1673 1686 1733 dicit,
1714 1669 1864 1739 quasi
1895 1681 2034 1720 nunc
2060 1666 2212 1720 ﬁeret
2233 1663 2373 1729 :sed

799 1772 1060 1845 Quoniam
1101 1771 1145 1821 si
1184 1769 1233 1820 id
1271 1766 1516 1826 eveniat,
1557 1771 1612 1816 ct
1648 1760 2092 1831 quandocumque
2124 1758 2370 1822 eveniat,

799 1860 1027 1927 gaudeo,
1053 1858 1244 1926 inquit,
1266 1855 1510 1908 revelatis
1531 1853 1651 1905 illos
1671 1865 1923 1915 interere,
1941 1864 2098 1918 quem
2120 1863 2187 1902 ex
2206 1847 2373 1917 ipsius

800 1949 1028 2002 vinculis
1050 1957 1409 2014 conceperant
1436 1961 1450 1997 :
1479 1959 1618 1997 nunc
1641 1943 1782 1996 enim
1811 1955 1915 1994 non
1947 1949 2176 1994 mortem
2199 1938 2374 1993 obitu-

801 2055 916 2094 rum
954 2041 1114 2093 luisse
1135 2081 1150 2099 ,
1182 2053 1247 2090 ex
1291 2037 1398 2089 illis
1425 2034 1602 2088 verbis
1644 2033 1980 2102 perspicuum
2009 2042 2092 2084 est
2117 2048 2130 2083 :
2158 2029 2371 2098 Conﬁdo

801 2141 967 2182 autem
995 2131 1047 2182 in
1073 2127 1314 2189 Domino,
1343 2125 1582 2193 quoniam
1605 2132 1652 2176 et
1679 2123 1786 2190 ipse
1809 2122 2003 2176 ueniant
2029 2121 2096 2172 ad
2120 2137 2206 2174 ros
2232 2120 2330 2172 cito
2351 2137 2371 2184 ;

797 2233 849 2273 et
884 2233 1066 2273 rursus
1085 2259 1100 2280 ,
1142 2215 1204 2270 Et
1239 2217 1332 2267 hoc
1359 2212 1617 2279 confidens
1641 2214 1744 2265 scio
1769 2211 1890 2281 quia
1913 2210 2122 2263 manebo
2143 2251 2160 2274 ,
2187 2220 2234 2262 et
2261 2227 2374 2268 ner-

799 2310 1006 2364 mnnebo
1032 2308 1261 2361 omnibus
1286 2307 1422 2359 vobis
1445 2304 1701 2374 (Philipp.
1726 2303 1784 2356 2.
1807 2301 1898 2356 21.
1928 2312 1974 2354 et
2000 2303 2049 2356 l.
2074 2300 2190 2370 25).
2217 2301 2375 2354 Iliae-

797 2411 918 2456 rant
957 2412 1134 2454 autem
1160 2399 1225 2450 ad
1253 2413 1376 2452 eum
1406 2395 1772 2463 l’hilippenses
1800 2394 2220 2462 Epaphroditum
2240 2434 2256 2457 ,
2282 2393 2371 2462 qui

798 2491 1053 2560 pecunias
1091 2488 1155 2540 ad
1201 2488 1372 2554 ipsum
1415 2485 1665 2547 aderret,
1707 2493 1762 2537 et
1799 2499 1905 2551 quo
1943 2483 2063 2536 loco
2091 2497 2177 2534 res
2208 2481 2373 2550 ipsius

797 2591 975 2637 essent
1018 2588 1362 2649 cognosceret
1404 2593 1418 2628 :
1465 2591 1586 2628 nam
1645 2582 1983 2650 peramantcr
2025 2573 2202 2627 allecti
2244 2587 2369 2643 erga

797 2674 946 2728 illum
973 2683 1141 2727 erant.
1182 2669 1333 2737 Quod
1362 2669 1508 2722 enim
1532 2668 1602 2721 ab
1624 2667 1730 2721 illis
1757 2667 1950 2720 missus
1979 2665 2372 2733 Epaphroditus

799 2763 961 2818 fuerit
979 2805 993 2825 ,
1019 2762 1138 2815 andi
1171 2764 1340 2829 ipsum
1369 2759 1630 2812 dicentem
1657 2776 1669 2811 :
1700 2756 1874 2809 "abeo
1903 2765 2068 2809 autent
2093 2758 2293 2821 omnia,
2327 2767 2375 2810 et

798 2853 1001 2906 abundo
1022 2893 1035 2914 ,
1077 2851 1297 2918 repletus
1335 2865 1447 2901 sum
1470 2888 1486 2910 ,
1529 2848 1746 2915 acceptis
1786 2846 1846 2897 ab
1886 2845 2236 2915 Epaphrodito
2259 2863 2376 2916 qua:

799 2942 1004 2995 misistis
1027 2939 1297 3010 (Philipp.
1330 2940 1382 2992 4.
1415 2938 1537 3007 18).
1571 2935 1652 2990 0b
1681 2935 1822 2990 hanc
1845 2937 2002 3005 igitur
2024 2951 2238 2990 causam
2270 2936 2372 2989 mi-

799 3045 1000 3098 serant,
1031 3043 1086 3085 ut
1114 3042 1168 3086 et
1191 3032 1339 3085 illum
1370 3030 1794 3092 consolarentur,
1819 3039 1876 3082 et
1902 3043 1989 3081 res
2015 3028 2156 3081 illius
2179 3043 2374 3097 cogno-

800 3131 1031 3177 scerent.
1059 3120 1189 3176 Nam
1218 3120 1356 3188 quod
1385 3130 1438 3173 ct
1463 3119 1563 3172 hoc
1584 3118 1847 3189 cognituri
1877 3119 2147 3184 miserint,
2173 3119 2226 3171 in
2257 3121 2374 3189 ipso

797 3214 977 3268 Statim
1009 3211 1250 3280 epistolae
1281 3211 1432 3263 initio
1458 3208 1710 3273 ostendit,
1737 3208 1804 3262 de
1829 3223 1926 3262 suo
1952 3218 2091 3261 statu
2113 3209 2373 3270 scribens,

799 3321 862 3358 ac
899 3305 1084 3358 dicens
1116 3322 1129 3357 :
1169 3303 1313 3356 Scire
1353 3311 1518 3352 autem
1544 3317 1631 3354 ros
1666 3300 1779 3353 uolo
1802 3341 1818 3363 ,
1845 3301 1963 3367 quia
1996 3317 2108 3364 ante
2132 3301 2268 3352 circa
2299 3317 2376 3354 me

801 3407 942 3459 sunt,
981 3395 1138 3464 magis
1163 3393 1231 3445 ad
1254 3396 1531 3463 profectum
1559 3402 1796 3445 uenerunt
1822 3389 2066 3459 euangelii
2089 3391 2107 3459 (
2135 3389 2373 3459 Philipp.

801 3490 856 3542 1.
885 3485 953 3540 ﬂ
973 3487 1018 3555 );
1045 3495 1100 3540 et
1142 3498 1328 3538 rursus
1351 3524 1366 3547 ,
1410 3482 1574 3552 Spero
1607 3493 1772 3534 autem
1811 3481 2121 3534 Timotheum
2162 3498 2241 3533 me
2276 3481 2375 3535 cito

799 3579 996 3631 mittere
1023 3576 1090 3629 ad
1120 3592 1228 3636 eos,
1255 3584 1311 3627 ut
1339 3584 1384 3626 et
1412 3591 1504 3643 ego
1533 3573 1664 3625 bono
1689 3574 1856 3624 (ntimo
1885 3573 2000 3635 sim,
2027 3573 2239 3641 cognitis
2265 3589 2379 3639 qua:

801 3669 938 3722 circa
959 3681 1047 3720 uos
1075 3674 1188 3720 sunt
1213 3667 1230 3732 (
1255 3662 1486 3733 Philipp.
1514 3662 1571 3715 ἱ.
1603 3662 1670 3717 19
1692 3663 1732 3729 ).
1769 3661 1836 3715 Ut
1860 3671 1907 3714 et
1932 3678 2024 3729 ego
2045 3703 2060 3726 ,
2101 3661 2382 3731 perspicue

803 3759 905 3811 hoc
929 3755 1190 3826 signiﬁcat
1216 3771 1229 3806 :
1254 3763 1315 3806 ut
1339 3750 1787 3822 quemadmodum
1813 3765 1928 3816 vos,
1957 3767 2064 3822 quo
2089 3752 2236 3804 vobis
2263 3754 2378 3805 ani-

803 3864 950 3905 mum
974 3847 1282 3916 expleretis,
1312 3846 1534 3900 misistis
1558 3843 1624 3898 ad
1656 3844 1771 3899 mea
1796 3844 2164 3914 cognoscenda
2191 3863 2203 3896 :
2231 3845 2298 3898 ita
2324 3855 2380 3898 et

804 3953 905 4007 ego
928 3979 944 4003 ,
978 3935 1044 3990 Ut
1071 3937 1200 3988 bono
1227 3935 1398 3986 animo
1421 3934 1518 3987 sint
1541 3975 1557 3997 ,
1582 3933 1794 4002 cognitis
1821 3949 1935 4001 σιω
1963 3933 2097 3998 circa
2123 3949 2210 3986 ros
2239 3945 2378 3987 sunt.

806 4029 1068 4097 Quoniam
1103 4025 1263 4096 igitur
1284 4039 1406 4078 cum
1439 4023 1598 4092 longo
1617 4024 1730 4090 jam
1756 4023 2035 4077 intervallo
2060 4039 2167 4076 non
2199 4024 2376 4078 misis-

807 4129 948 4183 sent,
976 4117 1070 4173 sed
1102 4126 1226 4171 tunc
1255 4115 1510 4170 miserant
1533 4114 1608 4184 (id
1634 4115 1777 4168 enim
1807 4114 2003 4173 indicat
2031 4114 2133 4168 illis
2159 4115 2336 4169 verbis
2360 4159 2376 4181 ,

809 4209 1058 4274 Quoniam
1093 4206 1292 4259 tandem
1332 4205 1607 4274 aliquando
1641 4204 1940 4272 reﬂoruistis
1976 4220 2072 4271 pro
2093 4221 2171 4257 me
2197 4207 2381 4258 sentire

809 4299 1067 4372 (Philipp.
1093 4299 1148 4352 1.
1178 4296 1289 4369 12])
1313 4313 1329 4361 ἶ
1359 4296 1747 4364 audiebantque
1770 4305 1896 4350 tunc
1926 4297 2096 4365 ipsum
2123 4297 2175 4348 in
2197 4298 2380 4351 vincu-

810 4393 874 4447 lis
909 4406 1030 4444 esse
1059 4387 1214 4460 (nam
1239 4388 1284 4442 si
1313 4387 1381 4442 de
1411 4386 1756 4455 Epaphroditi
1788 4387 1921 4440 mala
1952 4387 2252 4442 valetudine
2279 4404 2379 4442 au-

808 4481 1036 4541 dierant,
1055 4477 1284 4547 hominis
1299 4493 1405 4530 non
1426 4475 1579 4529 valde
1593 4475 1746 4539 clari,
1763 4475 1936 4545 qualis
1953 4475 2168 4546 quidem
2187 4477 2380 4534 Paulus

809 4580 926 4624 erat
946 4611 963 4634 ,
1001 4570 1168 4624 multo
1194 4570 1362 4638 magis
1388 4567 1458 4621 de
1481 4565 1715 4632 Paulo);
1742 4576 1796 4621 et
1823 4577 2233 4623 consentaneum
2265 4581 2382 4624 erat

813 4663 958 4732 ipsos
979 4660 1278 4731 perturbari
1297 4675 1313 4724 ;
1331 4658 1532 4714 idcirco
1548 4659 1600 4713 in
1622 4658 1860 4727 cpistola:
1877 4659 2139 4727 prommio
2161 4661 2380 4715 multam

814 4741 1018 4807 inducit
1056 4751 1473 4805 consolationem
1515 4765 1611 4817 pro
1638 4749 1767 4817 ipsis
1791 4732 1904 4802 suis
1929 4749 2172 4814 vinculis,
2202 4759 2384 4805 osten-

813 4842 944 4896 deus
971 4849 1172 4895 tantum
1203 4841 1392 4895 abesse
1415 4881 1431 4905 ,
1460 4849 1517 4892 ut
1549 4838 1670 4894 inde
1696 4838 1990 4908 perturbari
2017 4850 2258 4907 oporteat
2281 4883 2296 4905 ,
2325 4851 2385 4894 ut

812 4931 1148 5001 gaudendum
1181 4931 1352 5000 potius
1379 4930 1468 4983 sit.
1500 4929 1706 4984 Deinde
1730 4929 2009 4983 consilium
2038 4930 2139 4983 illis
2167 4930 2261 4983 dat
2280 4970 2295 4996 ,
2329 4941 2387 4984 ut

815 5024 977 5078 etiam
1000 5021 1337 5076 concordiam
1363 5029 1527 5088 atque
1549 5018 1899 5075 humilitatem
1922 5021 2123 5086 colant,
2152 5020 2256 5075 hoc
2274 5021 2387 5076 illis

816 5112 1138 5167 tutissimum
1163 5125 1283 5166 esse
1304 5108 1606 5178 prusidium
1630 5109 1851 5173 docens,
1873 5119 2033 5179 atque
2059 5110 2157 5164 hac
2182 5110 2386 5165 ratione

815 5202 972 5256 facile
1011 5202 1132 5255 illos
1167 5201 1393 5256 inimicis
1427 5201 1538 5255 suis
1575 5201 1878 5269 superiores
1914 5200 2028 5255 fieri
2066 5215 2244 5268 posse.
2270 5200 2384 5256 Non

819 5292 961 5346 enim
982 5292 1286 5348 doctoribus
1305 5292 1498 5347 vestris
1522 5293 1803 5346 molestum
1822 5273 1904 5346 est
1926 5292 1978 5344 in
2002 5291 2222 5348 vinculis
2243 5309 2384 5357 esse,

819 5381 914 5435 sed
935 5381 1220 5451 discipulos
1241 5375 1458 5436 intcr'se
1477 5381 1694 5434 minime
1714 5379 2005 5435 concordes
2024 5381 2228 5436 videre.
2251 5382 2385 5438 Illud

818 5471 963 5527 enim
987 5471 1069 5526 vel
1094 5472 1160 5526 ad
1185 5471 1585 5542 provehendum
1607 5472 1936 5539 evangelium
1960 5472 2116 5536 facit;
2143 5471 2246 5528 hoc
2263 5489 2391 5529 vero

819 5561 888 5616 ad
908 5560 1333 5616 tlisturbandum.
2099 5602 2116 5612 ..

893 5651 950 5704 ἳ.
975 5652 1241 5719 Quomodo
1266 5652 1463 5707 Paulus
1477 5653 1532 5706 in
1555 5653 1770 5722 epistola
1784 5669 1876 5706 sua
1902 5653 2158 5721 procedat.
2179 5652 2391 5721 Philip-

820 5743 1056 5809 pensitent
1083 5743 1276 5796 laudes.
1307 5772 1378 5785 --
1406 5743 1538 5797 Cum
1571 5744 1728 5813 igitur
1776 5743 1893 5796 illos
1930 5743 1996 5797 ad
2041 5745 2385 5800 concordiam

1461 389 1516 444 S.
1558 385 1830 442 JOANNlS
1865 375 2337 437 CllllYSOSTOMl
2376 371 2687 426 ARCJIIEP.
2729 369 3254 426 CONSTANTINOP.

3950 366 4040 419 130

2476 494 2619 538 esset
2671 486 3016 549 cohortatus,
3067 482 3406 537 concordiam
3455 494 3584 533 vero
3631 480 3698 533 ab
3746 477 4040 532 humilitate

2472 573 2735 641 proﬁcisci
2778 574 3082 636 docuisset,
3137 581 3296 640 atque
3343 571 3604 624 adversus
3652 568 3907 632 Judaros,
3956 568 4041 634 qui

2472 663 2933 718 Christianismum
2987 662 3415 731 prmtendentes,
3443 659 3690 714 omnibus
3736 658 3909 712 modis
3953 658 4041 709 do-

2473 757 2634 826 gmati
2663 755 2988 818 efﬁciebant,
3008 755 3245 807 invectus
3271 762 3608 817 esset,canes
3637 763 3730 801 eos
3755 764 3955 802 vocans
3986 763 4043 800 ac

2476 847 2642 900 malos
2679 847 2986 915 operarios,
3037 855 3197 913 atque
3245 844 3314 898 ab
3355 843 3462 897 illis
3506 841 3879 896 abstinendum
3924 855 4040 893 esse

2474 935 2756 999 suasisset,
2785 945 2840 989 et
2868 934 3056 1003 quibus
3100 933 3259 987 rebus
3312 931 3630 986 studendum
3674 941 3819 984 esset
3861 928 4044 981 admo-

2477 1023 2707 1088 nuisset,
2753 1023 3024 1092 multaqne
3067 1021 3412 1076 disseruisset
3472 1020 3540 1074 de
3591 1020 3752 1073 rebus
3775 1018 3842 1072 ad
3869 1033 4042 1071 mores

2476 1112 2899 1181 pertinentibus,
2948 1125 3151 1181 eosque
3199 1111 3589 1179 composuisset
3633 1123 3697 1161 ac
3751 1119 4040 1162 recreasset

2475 1203 2654 1258 verbis
2681 1203 2787 1257 illis
2809 1244 2826 1269 ,
2855 1201 3108 1256 Dominus
3135 1217 3292 1271 prope
3314 1210 3390 1255 est
3423 1198 3682 1268 (Philipp.
3707 1199 3761 1251 4.
3791 1198 3846 1265 5)
3880 1215 3896 1249 :
3928 1206 4036 1250 tum

2475 1309 2605 1348 vero
2627 1308 2689 1347 ea
2710 1334 2726 1359 ,
2756 1308 2876 1363 qua:
2906 1294 3079 1362 ipsum
3109 1291 3352 1356 decebat,
3384 1287 3666 1359 prudentia
3689 1302 3869 1340 rerum
3883 1288 4041 1340 etiam

2473 1384 2541 1438 ad
2565 1400 2624 1438 se
2647 1384 2929 1437 missarum
2975 1385 3302 1438 mentionem
3332 1381 3484 1444 facit,
3516 1390 3678 1450 atque
3698 1380 3769 1431 ita
3800 1393 4042 1447 magnam

2474 1474 2630 1528 aﬂert
2672 1473 3112 1528 consolationem.
3160 1472 3343 1526 Facile
3386 1480 3566 1526 utem
3615 1468 4041 1524 animadvertere

2479 1565 2602 1617 licet
2627 1563 2849 1618 Paulum
2876 1565 2929 1618 in
2959 1563 3242 1618 scribendo
3267 1562 3364 1616 bos
3391 1562 3723 1630 potissimum
3757 1559 4041 1614 honoriﬁce

2477 1664 2725 1719 tractare,
2753 1671 2851 1709 nec
2872 1655 3141 1725 quidpiam
3170 1668 3390 1722 usquam
3419 1651 3751 1720 interjicere,
3774 1651 3916 1720 quod
3949 1651 4040 1703 ob-

2469 1745 2718 1816 jurgandi
2764 1747 2869 1799 vim
2916 1745 3132 1798 habeat.
3182 1743 3294 1797 Hoc
3347 1759 3475 1795 vero
3525 1756 3774 1811 magnum
3828 1741 4035 1792 illm-um

2475 1837 2685 1890 virtutis
2730 1845 3101 1904 argumentum
3153 1843 3270 1898 est,
3325 1833 3526 1886 nullam
3578 1830 3794 1887 dedisse
3845 1832 4038 1886 doctori

2474 1926 2812 1981 occasionem
2839 1924 3177 1994 obiurgandi,
3204 1925 3492 1994 omniaque
3513 1921 3581 1976 ad
3609 1936 3703 1976 eos
3731 1938 3837 1975 non
3867 1937 4041 1990 rem

2475 2018 2746 2073 ltensionis
2763 2059 2779 2082 ,
2812 2016 2908 2071 sed
2935 2017 3200 2069 suasionis
3223 2015 3382 2070 modo
3405 2029 3530 2070 esse
3554 2014 3776 2085 scripta.
3808 2013 4000 2068 Verum
4023 2055 4038 2077 ,

2475 2118 2534 2162 ut
2561 2123 2702 2161 nunc
2723 2108 2886 2160 etiam
2917 2117 3151 2174 repetam
3177 2105 3320 2174 quod
3349 2105 3498 2158 initio
3513 2103 3777 2168 dicebam,
3804 2120 4042 2173 magnam

2475 2200 2590 2255 h:cc
2600 2199 2784 2253 civitas
2800 2200 2866 2252 ad
2889 2197 3044 2251 tidem
3063 2196 3366 2252 ostenderat
3385 2197 4042 2266 propensioneui,qtiandn-

2474 2289 2688 2357 quidem
2709 2297 2892 2342 custos
2922 2289 3036 2356 ipse
3047 2287 3279 2340 carceris
3301 2287 3478 2357 (quam
3496 2299 3623 2340 vero
3646 2286 3906 2356 ejusmodi
3931 2302 4041 2339 u-

2476 2381 2620 2433 ncris
2636 2379 3024 2433 administratio
3053 2391 3238 2446 magna
3268 2393 3389 2430 cum
3413 2376 3753 2445 improbitate
3770 2377 4040 2444 conjuncta

2475 2485 2596 2524 esse
2613 2469 2804 2535 soleat,
2834 2484 2937 2522 non
2955 2469 3230 2537 ignoratis)
3247 2483 3352 2521 uno
3367 2469 3543 2520 Statim
3558 2467 3710 2536 signo
3722 2478 3775 2521 et
3801 2469 4042 2525 accurrit,

2474 2570 2531 2616 et
2575 2560 2992 2630 baptizatus‘est
3032 2574 3152 2613 cum
3198 2567 3307 2611 tota
3333 2557 3530 2612 l’aotilia
3571 2573 3687 2611 sua.
3721 2561 3798 2611 Ac
3840 2559 4040 2627 signum

2474 2649 2722 2720 quidem,
2754 2647 2897 2717 quod
2927 2648 3125 2701 factum
3153 2658 3255 2708 est.
3287 2647 3401 2715 ipse
3439 2646 3588 2700 solus
3613 2647 3752 2720 vidit
3774 2687 3790 2709 ,
3819 2645 4040 2700 fructum

2475 2755 2606 2793 vero
2649 2737 2715 2792 ad
2745 2738 2953 2791 lucrum
2998 2753 3105 2792 non
3161 2737 3308 2789 solus
3351 2716 3639 2804 percepit,
3655 2736 3751 2789 sed
3797 2752 3900 2790 una
3929 2750 4039 2790 eum

2475 2829 2702 2884 muliere
2749 2840 2910 2896 atque
2950 2827 3201 2880 universa
3250 2825 3562 2880 domo.Sed
3604 2836 3658 2879 et
3704 2827 4041 2897 magistratus

2477 2921 2645 2990 ipsos,
2683 2922 2769 2988 qui
2820 2919 3039 2973 Paulum
3082 2918 3400 2972 verberibus
3445 2917 3777 2984 all'eccrunt,
3826 2919 4040 2972 tumultu

2477 3013 2654 3082 potius
2683 3021 2736 3066 et
2762 3010 2960 3078 impetu
2989 3009 3257 3079 quodam,
3287 3025 3445 3079 quam
3486 3009 3830 3079 improbitate
3877 3011 3925 3062 id
3973 3012 4042 3062 lc-

2476 3104 2618 3156 cisse
2645 3117 2710 3155 ex
2738 3115 2805 3154 eo
2832 3100 3163 3168 intelligitur,
3193 3101 3334 3169 quod
3356 3101 3465 3152 cito
3490 3099 3640 3154 illuni
3666 3099 3863 3152 dimitti
3888 3099 4043 3165 jusse-

2477 3203 2641 3254 runt.
2683 3204 2844 3262 atque
2891 3193 2942 3245 in
2988 3199 3134 3245 metu
3165 3201 3350 3259 postca
3394 3192 3627 3244 inerunt.
3659 3188 4038 3242 Testimonium

2477 3294 2656 3337 autem
2688 3283 2794 3336 illis
2822 3281 2912 3335 dat
2959 3299 3064 3336 non
3097 3283 3267 3336 solum
3301 3280 3423 3334 lidei
3467 3288 3521 3334 et
3562 3280 3920 3348 periculorum
3959 3295 4038 3330 uo-

2480 3373 2624 3426 mine
2647 3412 2664 3437 ,
2693 3373 2784 3424 sed
2815 3373 2978 3425 etiam
3007 3368 3408 3432 beneﬁcentia},
3457 3368 3547 3422 ubi
3587 3368 3792 3437 inquit,
3833 3366 3980 3433 Quod
4003 3376 4042 3418 et

2477 3465 2530 3515 in
2560 3462 2812 3531 principio
2837 3460 3105 3531 evangelii,
3125 3468 3182 3512 ,τι
3208 3459 3362 3513 sane!
3383 3467 3429 3511 et
3454 3457 3529 3512 bis
3557 3458 3614 3510 in
3637 3473 3784 3510 urunt
3812 3456 3937 3510 mihi
3956 3456 4039 3508 ini-

2478 3553 2614 3606 sistis
2635 3593 2650 3617 ,
2679 3552 2878 3604 nemine
2903 3551 3009 3604 alio
3051 3550 3106 3603 id
3153 3557 3426 3618 priestantc
3451 3561 3469 3600 .'
3497 3562 3621 3601 nam
3643 3587 3660 3611 ,
3695 3545 3865 3600 Nulla
3890 3546 4008 3599 mihi
4024 3584 4037 3607 ,

2482 3643 2689 3712 inquit,
2722 3641 2955 3694 Ecclesia
3003 3639 3386 3693 communicauit
3425 3639 3477 3690 in
3524 3639 3721 3690 ratione
3745 3639 3853 3690 dati
3883 3647 3929 3690 et
3969 3653 4041 3688 oc-

2479 3737 2607 3802 σοι)ιὲ
2652 3733 2828 3800 (Ibid.
2855 3733 3161 3802 0.15.16).
3222 3730 3376 3797 Quod
3441 3731 3488 3783 si
3551 3728 3839 3798 aliquando
3895 3729 4042 3781 inter-

2482 3829 2746 3889 miserint,
2778 3826 3122 3879 occasioncm
3153 3823 3352 3892 potius,
3379 3837 3537 3890 quam
3567 3821 3900 3903 volunta’tem
3927 3818 4042 3888 ip~is

2481 3921 2716 3974 defuisse
2745 3918 2862 3972 istis
2904 3917 3084 3971 verbis
3109 3913 3344 3969 ostendit
3371 3931 3385 3965 :
3416 3912 3532 3966 Non
3555 3911 3699 3981 quod
3726 3929 3834 3965 non
3871 3911 3937 3965 de
3965 3923 4040 3962 me

2483 4011 2620 4064 bene
2646 4007 2942 4070 sentiretis,
2965 4006 3171 4074 inquit,
3205 4002 3298 4057 sed
3329 4001 3574 4069 occupati
3613 4003 3800 4055 eratis.
3833 4002 3890 4055 ιιι
3921 4015 4037 4053 vero

2482 4114 2733 4168 maguum
2775 4112 2901 4165 erga
2947 4098 3092 4164 ipsos
3129 4094 3331 4148 amoris
3375 4092 3647 4146 stimulum
3702 4107 3895 4160 przese
3934 4090 4038 4144 fert.

2482 4191 2634 4259 Quod
2665 4189 2810 4244 enim
2859 4189 3208 4241 vehementer
3251 4200 3347 4238 eos
3388 4183 3672 4247 dilexerit,
3720 4181 3846 4239 hinc
3896 4183 4040 4238 etiam

2485 4279 2825 4336 manifestum
2853 4296 2871 4332 :
2904 4277 3169 4331 Neminem
3196 4276 3329 4327 enim
3350 4274 3528 4336 habeo,
3558 4275 3748 4342 inquit,
3780 4284 3885 4325 tam
3924 4289 4039 4325 una-

2485 4376 2669 4427 nimem
2690 4413 2707 4437 ,
2737 4371 2822 4441 qui
2848 4370 3048 4422 sincera
3070 4366 3341 4433 affectione
3380 4382 3474 4435 pro
3515 4365 3651 4418 vobis
3679 4365 3930 4418 sollicitus
3951 4362 4039 4422 sit;

2486 4477 2541 4521 et
2571 4478 2780 4527 rursus,
2814 4461 2896 4514 Ea:
2919 4476 2979 4514 eo
3006 4458 3144 4530 quod
3170 4458 3381 4511 trabem
3405 4473 3492 4510 vos
3513 4458 3566 4509 in
3595 4456 3748 4508 corde
3766 4457 3821 4508 in
3849 4454 4042 4507 eincult's

2484 4559 2607 4611 meis
2627 4553 2786 4626 (Ibid.
2812 4552 2868 4606 ε.
2894 4551 2984 4605 eo.
3016 4561 3062 4604 el
3086 4551 3131 4604 t.
3159 4550 3241 4618 τ).

2558 4649 2614 4702 5.
2637 4645 2784 4700 Bona
2810 4661 2966 4714 opera
2986 4641 3430 4697 commendantur.
3455 4669 3527 4680 ——
3553 4639 3677 4694 llmc
3706 4639 3867 4704 igitur
3879 4647 3934 4692 et
3961 4650 4041 4689 nos

2489 4738 2865 4807 intelligentes,
2891 4751 2953 4789 ac
2972 4745 3048 4788 tot
3078 4733 3338 4786 habentes
3363 4731 3603 4784 caritatis
3623 4729 3879 4783 formulas
3903 4738 4042 4794 atque

2489 4810 2836 4898 exemplaria,
2869 4827 3202 4895 praebeamus
3229 4837 3329 4878 nos
3354 4823 3500 4891 ipsos
3526 4821 3717 4890 dignos
3756 4815 4040 4888 huiusmodi

2489 4918 2773 4989 exemplis,
2793 4916 3024 4987 prompti
3051 4930 3115 4968 ac
3143 4913 3309 4984 parati
3336 4925 3436 4980 pro
3458 4911 3676 4964 Christo
3704 4907 4040 4978 pati.l-3tenim

2493 5014 2596 5068 hoc
2624 5022 2866 5081 tempore
2893 5025 3000 5063 non
3030 5016 3114 5062 est
3135 5050 3152 5072 ,
3183 5007 3271 5076 qui
3301 5005 3640 5060 Christianos
3681 5003 3969 5057 insectetur
4001 5005 4040 5051 et

2491 5113 2670 5159 vexet.
2700 5102 2872 5171 Ergo,
2899 5101 2986 5155 ubi
3015 5099 3147 5154 nihil
3172 5098 3346 5162 aliud,
3375 5096 3566 5151 saltem
3596 5095 3871 5150 efﬁcacem
3895 5103 3949 5148 et
3971 5107 4041 5142 vo

2492 5196 2798 5251 hemeutem
2839 5193 3051 5248 illorum
3097 5189 3502 5246 beneﬁcentiam
3541 5189 3844 5250 imitemur,
3891 5195 4043 5252 neque

2494 5287 2584 5341 ubi
2611 5285 2776 5340 semel
2807 5294 2968 5354 atque
2995 5283 3189 5337 iterum
3212 5281 3543 5344 dederimus,
3571 5281 3716 5333 omni
3740 5277 3919 5332 ol'lleio
3947 5289 4042 5344 pcr-

2497 5379 2708 5434 l'nnctos
2759 5376 3212 5431 nos'arbitremur
3242 5392 3256 5428 :
3284 5375 3480 5428 etenim
3518 5388 3616 5443 per
3660 5386 3873 5426 omnem
3902 5372 4041 5423 vitam

2497 5470 2550 5524 id
2595 5468 2894 5524 iaciendum
2937 5476 3020 5520 est
3047 5485 3062 5521 :
3093 5481 3199 5520 non
3245 5465 3390 5520 enim
3436 5463 3638 5527 semel,
3666 5463 3759 5516 sed
3809 5469 4042 5532 perpetuo

2496 5561 2710 5632 placere
2740 5567 2975 5629 oportet.
3002 5557 3136 5612 Nam
3158 5555 3246 5627 qui
3275 5557 3448 5612 currit
3468 5597 3484 5620 ,
3512 5556 3559 5609 si
3587 5555 3772 5610 decem
3799 5552 4043 5609 circuitiov

2497 5653 2675 5715 nibus,
2701 5664 2834 5722 quas
2853 5648 3023 5705 (ἕτεσὶ
3054 5658 3247 5704 vocant
3267 5652 3505 5714 suam,
3524 5649 3635 5718 jam
3658 5640 3834 5708 lactis.
3864 5654 4044 5716 postre-

2501 5757 2644 5799 mam
2664 5742 2891 5807 omittat,
2919 5750 3089 5796 totum
3120 5739 3349 5811 perdidit
3374 5757 3388 5793 :
3413 5740 3482 5794 ita
3511 5748 3560 5792 rt
3587 5752 3684 5793 nos
3707 5736 3838 5793 siab
3861 5737 4044 5803 incepto
