4096 6310
126 534 389 580 timorum
411 531 638 590 operum
661 527 821 572 cursu
847 491 1202 566 defecerimus
1221 546 1237 570 ,
1267 514 1433 558 totum
1475 498 1708 590 perdidi-

123 631 270 678 mus,
295 589 466 668 totum
495 608 854 677 corruplmus.
893 600 1030 656 Audi
1079 595 1360 669 perutilem
1388 589 1711 646 admonitio-

122 721 252 760 nem
285 703 392 756 illis
415 698 816 770 pronuntiatum
842 689 1019 746 verbis
1051 705 1065 741 :
1095 685 1466 754 Eieemosyme,
1495 679 1664 748 inquit
1686 717 1702 739 .

120 809 172 849 ιι
202 797 331 864 μαι.
358 769 530 847 senon
561 789 795 842 deserant
825 782 1008 854 (Prov.
1031 781 1087 836 δ.
1107 778 1184 861 τι).
1209 777 1324 832 Non
1352 774 1506 838 (Ιίιίι,
1534 769 1714 864 SHIch

124 861 294 942 facito
310 926 328 950 ,
353 893 445 938 aut
475 882 556 937 bis
573 921 592 946 ,
614 887 704 933 aut
731 887 812 932 ter
834 918 848 940 ,
876 882 967 928 aut
987 871 1166 928 decies
1187 911 1202 934 ,
1231 877 1324 920 aut
1351 865 1555 920 centies
1577 907 1590 921 .
1619 861 1716 916 sed

123 987 392 1050 perpetuo
417 993 432 1026 :
464 971 536 1028 Te
563 987 666 1026 non
712 970 945 1023 deserant
967 1005 981 1028 ,
1010 962 1201 1032 inquit.
1232 958 1343 1013 Nec
1382 971 1510 1010 vero
1535 953 1716 1017 dixit,

124 1071 280 1140 lpsas
303 1083 370 1122 ne
393 1065 614 1120 deseras
637 1104 653 1127 ,
683 1061 776 1115 sed
799 1100 814 1120 ,
846 1056 872 1110 1
881 1071 986 1126 pro:
1010 1065 1058 1109 te
1084 1069 1184 1107 non
1226 1050 1503 1109 deserant;
1527 1052 1717 1140 osten-

122 1135 377 1216 cit-nanos
405 1172 546 1216 esse.
567 1154 653 1223 qui
674 1154 909 1222 ipsarum
930 1159 1204 1218 egeamus,
1221 1156 1326 1196 non
1347 1141 1489 1216 ipsas
1511 1135 1714 1199 nostri;

123 1255 440 1320 decensque
471 1247 606 1302 nihil
637 1246 792 1299 nobis
839 1257 945 1296 non
976 1237 1275 1323 faciendum
1307 1249 1429 1288 esse
1457 1274 1472 1296 ,
1505 1241 1565 1284 ut
1599 1228 1720 1323 illas

122 1343 272 1410 apud
306 1356 403 1395 nos
464 1339 808 1393 retineamus.
841 1320 1111 1387 Εὔνεωνιὼ
1147 1344 1263 1391 eas,
1290 1323 1499 1394 inquit,
1524 1320 1720 1392 gutturi

126 1449 215 1491 tuo
249 1433 434 1502 (Ibid).
461 1426 924 1498 Quemadmodum
970 1423 1113 1478 enim
1157 1419 1382 1474 divitttm
1432 1414 1523 1468 lilii
1550 1411 1719 1468 decus

123 1543 352 1584 aureum
377 1525 516 1580 circa
545 1522 743 1576 collum
768 1523 1004 1589 gestant,
1035 1511 1272 1581 illudque
1299 1519 1590 1574 numquam
1619 1502 1718 1556 de-

127 1626 339 1690 ponunt
377 1658 394 1684 ,
445 1599 600 1685 quasi
649 1609 943 1668 nobilitatis
986 1606 1193 1673 insigne
1233 1599 1716 1656 circumferentes:

125 1711 201 1765 ita
232 1719 289 1764 et
312 1708 710 1775 eleemosynam
730 1700 883 1755 nobis
909 1698 1038 1766 ipsis
1058 1691 1455 1750 circumdemus
1482 1691 1716 1752 oportet,

126 1803 468 1854 declarantes
508 1810 608 1850 nos
665 1806 787 1848 esse
830 1785 1197 1845 misericordis
1245 1783 1392 1838 illius
1428 1780 1597 1841 filios,
1625 1779 1715 1848 qui

126 1892 302 1946 solem
351 1888 548 1944 exoriri
593 1885 725 1940 facit
758 1896 922 1950 super
969 1879 1140 1934 malos
1186 1887 1243 1933 et
1285 1877 1476 1929 bonos.
1516 1875 1581 1926 At
1612 1886 1719 1924 non

124 1983 361 2039 credunt
385 1977 668 2035 inldeles?
693 1974 945 2043 Quinimo
987 1987 1082 2041 per
1109 1971 1223 2024 haec
1257 1967 1481 2023 credent
1505 2006 1520 2032 ,
1545 1964 1590 2017 si
1623 1977 1722 2018 nos

128 2076 250 2130 haec
281 2069 712 2142 praestiterimus.
736 2066 867 2122 Nam
895 2067 940 2120 si
963 2063 1192 2120 viderint
1218 2074 1318 2115 nos
1347 2059 1587 2114 omnium
1616 2057 1718 2108 mi-

127 2166 327 2230 sereri,
347 2163 600 2231 illumque
628 2166 1020 2230 reprcsentare
1045 2159 1430 2225 przcceptorem
1455 2149 1554 2213 ;ad
1580 2149 1722 2202 illius

126 2255 485 2309 imitationem
507 2251 611 2305 hoc
637 2265 666 2304 a
690 2248 846 2303 nobis
874 2247 990 2302 fieri
1019 2245 1352 2315 intelligent.
1373 2241 1558 2312 Neque
1589 2255 1722 2292 vero

129 2355 423 2414 utcumque
451 2342 650 2397 fecisse
671 2340 802 2396 satis
842 2347 944 2400 est.
971 2337 1069 2392 sed
1096 2335 1276 2391 cautio
1304 2332 1551 2404 quazdam
1581 2346 1714 2398 prse-

129 2449 280 2491 terea
296 2449 361 2490 ae
376 2433 772 2488 munimentum
796 2430 1108 2502 requiritur.
1131 2427 1508 2495 Eleemosyna,
1529 2425 1718 2494 inquit,

126 2539 182 2580 et
205 2526 342 2579 ﬁdes
367 2525 437 2579 sit
455 2523 551 2577 tibi
572 2538 721 2578 vera.
750 2522 916 2578 Recte
932 2521 1088 2581 dixit,
1113 2519 1268 2582 Vera,
1293 2533 1400 2573 non
1423 2532 1490 2572 ex
1509 2518 1720 2586 rapina,

129 2631 317 2673 nones
344 2615 483 2671 furto
502 2613 634 2671 :boc
654 2615 798 2672 enim
816 2627 923 2668 non
934 2622 1016 2667 est
1041 2611 1193 2676 fides,
1215 2625 1318 2664 non
1333 2619 1414 2666 est
1431 2625 1552 2664 vera
1576 2609 1722 2664 elee-

129 2724 380 2780 mosyna.
407 2707 541 2762 Nam
567 2709 658 2778 qui
705 2707 912 2760 furatur
930 2745 946 2765 .
983 2719 1108 2758 eum
1133 2703 1349 2758 mentiri
1394 2715 1458 2756 ac
1483 2703 1724 2772 pejerare

131 2817 364 2858 necesse
389 2811 512 2866 est;
546 2810 602 2855 tu
625 2813 754 2855 vero
783 2812 890 2852 non
925 2797 1019 2862 ita,
1053 2796 1150 2851 sed
1193 2809 1298 2850 una
1333 2809 1456 2850 eum
1485 2794 1722 2848 eleemo-

130 2889 280 2964 syua’
321 2891 483 2945 fidem
536 2905 754 2960 quoque
808 2887 1037 2952 habeto,
1094 2888 1283 2956 inquit.
1313 2885 1724 2940 Circumdemus

131 2983 288 3038 nobis
314 2983 474 3036 istum
501 2979 752 3035 ornatum
777 2995 793 3043 ;
819 2987 1065 3048 torquem
1099 2977 1240 3030 hunc
1277 2991 1502 3030 aureum
1530 2976 1725 3028 anima:

130 3083 411 3142 aptemus,
443 3070 842 3139 eleemosynam
892 3068 1015 3123 dico
1036 3107 1052 3134 ,
1080 3066 1337 3142 quamdiu
1372 3066 1593 3120 scilicet
1639 3064 1726 3119 hic

132 3164 418 3219 fuerimus.
445 3161 577 3216 Nam
607 3175 731 3214 eum
762 3168 893 3214 tetas
933 3159 1048 3214 haec
1087 3158 1409 3228 praeterierit
1431 3199 1447 3224 ,
1479 3173 1586 3212 non
1610 3174 1726 3212 am-

134 3259 278 3324 plius
305 3255 395 3308 illa
426 3263 660 3309 utemur.
691 3252 827 3320 Quid
859 3251 974 3307 ita?
1002 3250 1118 3306 Non
1147 3261 1273 3305 sunt
1301 3252 1374 3306 ibi
1424 3267 1722 3322 pauperes,

134 3363 240 3402 non
259 3355 392 3401 sunt
415 3346 486 3402 ibi
514 3346 777 3416 pecunia,
805 3359 911 3399 non
935 3351 1022 3400 est
1050 3343 1120 3399 ibi
1144 3343 1463 3399 mendicitas
1490 3362 1504 3398 :
1531 3361 1724 3415 quam-

132 3441 222 3493 diu
247 3453 437 3493 sumus
465 3438 638 3508 pueri,
666 3445 859 3492 ornatu
890 3436 995 3493 hoc
1022 3452 1121 3492 nos
1143 3438 1290 3506 ipsos
1317 3453 1385 3492 ne
1406 3439 1724 3506 spoliemns.

133 3529 288 3596 Quod
320 3529 471 3584 enim
509 3529 562 3581 in
589 3529 769 3596 pueris
792 3528 996 3593 evenit,
1028 3539 1085 3583 nt
1111 3543 1235 3582 cum
1260 3528 1328 3582 ad
1356 3529 1567 3583 virilem
1598 3539 1726 3584 wta-
1777 3541 1780 3545 '

136 3631 246 3675 tem
293 3619 678 3688 pervenerint,
708 3619 808 3674 ista
851 3618 1163 3689 deponant,
1197 3627 1357 3690 atque
1410 3620 1576 3675 alium
1625 3621 1725 3674 sibi

134 3721 415 3764 assumant
455 3718 708 3764 ornatum
740 3728 755 3765 :
785 3709 927 3764 idem
972 3724 1189 3781 quoque
1219 3709 1270 3764 in
1301 3710 1480 3765 nobis.
1512 3710 1725 3765 Etenim

138 3803 245 3857 illic
273 3817 383 3857 non
412 3802 516 3858 erit
539 3803 882 3874 eleemosyna
910 3802 1010 3857 ista
1035 3842 1052 3868 ,
1084 3817 1206 3872 qua:
1233 3803 1474 3872 pecuniis
1503 3801 1558 3856 iit
1583 3844 1601 3869 ,
1630 3803 1726 3858 sed

139 3893 241 3947 alia
268 3893 514 3962 quadam
541 3892 701 3962 longe
731 3895 924 3960 major.
955 3892 1034 3948 Ne
1077 3894 1240 3962 igitur
1261 3893 1468 3952 interea
1499 3893 1599 3948 bac
1629 3907 1727 3948 nos

138 3985 451 4053 privcmns:
480 3998 703 4056 operam
729 3983 951 4045 demus,
978 3993 1038 4039 ut
1086 3973 1361 4054 pulchram
1393 4000 1452 4040 se
1494 3993 1550 4039 et
1600 4000 1726 4055 spec

139 4073 387 4129 claudam
407 4075 645 4143 praebeat
667 4075 868 4130 anima.
893 4073 1140 4145 Magnum
1159 4075 1506 4148 eleemosyna
1527 4077 1727 4133 bonum

137 4177 301 4238 atque
326 4166 648 4241 honoratum
693 4147 815 4234 est,
863 4183 1114 4239 "mgnum
1161 4168 1362 4224 donum
1387 4147 1413 4235 ,7
1451 4173 1561 4225 imo
1598 4186 1728 4226 vero

140 4273 332 4330 magna
361 4267 443 4313 est
468 4259 681 4314 bonitas
713 4276 728 4313 :
759 4259 805 4314 si
834 4259 1184 4316 didicerimus
1228 4262 1488 4332 pecunias
1539 4275 1726 4320 etinte-

142 4363 346 4414 ronere,
367 4348 527 4404 etiam
556 4349 658 4403 alia
681 4349 972 4405 discemus.
993 4350 1132 4408 Vide
1149 4352 1296 4407 enim
1320 4362 1452 4424 quot
1484 4354 1608 4410 hinc
1632 4371 1721 4424 pa-

142 4442 348 4497 riantur
375 4441 512 4496 bona
543 4459 558 4495 :
582 4441 673 4511 qui
700 4440 793 4497 dat
819 4441 1220 4515 eieemosynam
1246 4446 1522 4514 quomodo
1549 4448 1730 4504 danda

141 4543 257 4596 est,
313 4532 362 4586 is
404 4531 565 4586 discit
602 4531 872 4601 pecunias.
905 4543 1300 4592 contemnere:
1330 4538 1424 4604 qui
1475 4540 1731 4607 pecunias

144 4633 490 4680 contemnere
537 4623 768 4690 didicit,
815 4625 860 4680 is
908 4625 1173 4681 malorum
1221 4628 1459 4685 radicem
1504 4616 1723 4687 excidit.

145 4715 502 4783 Quamobrem
529 4729 638 4770 non
657 4723 764 4769 tam
791 4714 916 4770 facit
939 4715 1282 4784 beneficium,
1311 4733 1472 4790 quam
1499 4724 1731 4792 accipit;

1048 389 1115 448 IN
1155 386 1368 446 EPIST.
1414 385 1502 440 AD
1542 378 1828 438 PillLlPI’.
1871 379 2022 436 CAP.
2071 382 2109 436 Ι.
2155 380 2384 438 1101111..
2427 379 2470 436 I.

3312 379 3416 436 l8!

1817 509 1920 547 non
1954 495 2156 552 idcirco
2192 497 2389 562 solum,
2416 495 2556 566 quod
2588 496 2947 567 elcemosynm
2988 495 3278 551 constituta
3322 506 3407 549 est

1824 603 2031 644 merces
2066 603 2130 644 ac
2178 589 2494 652 retributio,
2520 603 2704 644 verum
2735 588 2897 643 etiam
2939 587 3084 658 quod
3113 588 3292 642 anima
3347 587 3407 640 fit

1824 682 2194 752 philosOpbica
2229 682 2552 752 excelsaque
2578 696 2642 738 ac
2665 681 2842 737 dives.
2871 681 2972 750 Qui
3005 681 3417 752 eleemosynazn

1823 773 1933 836 dat,
1963 772 2030 828 ad
2049 773 2190 828 hanc
2217 773 2562 842 disciplinam
2592 772 2856 838 eruditur,
2882 782 2940 827 ut
2967 773 3228 841 pecunias
3251 783 3414 841 atque

1822 877 2013 917 aurum
2040 864 2262 918 minime
2309 862 2648 919 admiretur:
2681 864 2770 934 qui
2815 879 2943 920 vero
2989 862 3092 918 hac
3131 862 3416 931 disciplina

1825 954 2054 1008 instituit
2099 955 2362 1018 animum,
2395 971 2479 1010 nm
2523 955 2613 1011 ille
2643 957 2964 1026 praeclarum
2987 954 3321 1010 ascendendi
3354 956 3409 1008 iu

1822 1045 2014 1098 emtum
2054 1046 2374 1118 principium
2406 1045 2567 1110 fecit;
2596 1055 2995 1116 sexcentasque
3022 1061 3253 1117 pugnae,
3284 1061 3416 1100 coo-

1825 1136 2113 1199 tentionis,
2145 1139 2394 1203 invidiaz,
2442 1138 2696 1192 maeroris
2735 1139 3052 1192 occasiones
3098 1139 3412 1206 amputavit.

1825 1225 2004 1280 Nostis
2024 1227 2166 1280 enim
2184 1227 2445 1296 profecto,
2480 1229 2649 1282 nostis
2674 1235 2732 1282 et
2759 1241 2876 1291 vos,
2907 1242 2972 1282 ex
2997 1226 3244 1296 pecuniis
3273 1210 3414 1280 mala

1824 1319 2025 1382 omnia,
2055 1334 2120 1372 ex
2150 1318 2392 1386 pecuniis
2437 1329 2691 1374 sescenta
2730 1318 2866 1374 bella
2897 1319 3074 1374 solere
3119 1320 3406 1373 exsistere.

1823 1409 2184 1475 Quamobrem
2229 1409 2320 1479 qui
2348 1409 2467 1486 illas
2491 1417 2837 1464 contemnere
2861 1407 3086 1472 didicit,
3117 1408 3412 1478 tranquillo

1827 1500 1878 1554 in
1909 1510 2066 1570 portu
2097 1501 2334 1567 seipsum
2359 1499 2564 1555 locavit
2583 1541 2600 1564 ,
2633 1515 2735 1555 nec
2758 1501 3016 1555 damnum
3045 1499 3271 1570 posthac
3302 1515 3417 1554 me-

1826 1591 1945 1644 tuit.
1987 1590 2068 1646 Ad
2112 1590 2436 1652 hanc,enim
2483 1590 2826 1661 disciplinam
2874 1592 3022 1646 illum
3070 1592 3415 1662 eleemosyna

1825 1679 2058 1735 erudivit
2104 1699 2116 1734 :
2168 1697 2272 1735 non
2326 1681 2532 1749 appetit
2577 1684 2806 1750 posthac
2851 1683 3072 1746 aliena;
3135 1684 3412 1752 quomodo

1827 1773 1992 1838 enim,
2020 1788 2144 1826 cum
2187 1787 2281 1825 sua
2306 1774 2469 1826 etiam
2509 1773 2794 1843 profundat
2820 1789 2882 1827 ac
2906 1773 3110 1828 donet?
3136 1775 3281 1828 nulla
3302 1775 3416 1844 jnm

1824 1877 1950 1933 erga
1974 1861 2197 1917 divitem
2236 1863 2431 1919 invidia
2461 1866 2735 1934 tangitur;
2765 1864 3038 1932 Quomodo
3095 1864 3263 1928 enim,
3286 1879 3412 1918 cum

1828 1969 2029 2024 pauper
2056 1954 2170 2008 fieri
2213 1956 2381 2010 velit?
2408 1956 2690 2026 ipsumque
2717 1958 2910 2012 animm
2934 1957 3152 2013 oculum
3178 1959 3247 2012 ab
3267 1959 3416 2012 omni

1827 2045 1947 2101 labe
1977 2061 2168 2115 purum
2195 2047 2390 2126 reddit.
2410 2047 2588 2117 Atque
2609 2047 2726 2102 hmc
2751 2047 2969 2118 quidem
3020 2049 3107 2103 hic
3139 2067 3152 2102 :
3184 2065 3414 2119 quorum

1829 2153 1959 2192 vero
1990 2140 2060 2192 ibi
2083 2138 2348 2194 bonorum
2373 2154 2600 2210 compos
2628 2139 2838 2195 futurus
2867 2141 2959 2208 sit,
2990 2142 3142 2196 nulla
3164 2157 3418 2212 umquam

1828 2231 1999 2283 oratio
2039 2239 2201 2300 queat
2223 2246 2516 2299 exponere.
2546 2230 2662 2286 Non
2703 2248 2807 2287 una
2835 2248 2958 2287 cum
2991 2232 3170 2288 stultis
3196 2233 3423 2304 virgini-

1831 2323 1930 2375 bus
1970 2321 2104 2387 foris
2147 2322 2425 2386 manebit,
2469 2322 2566 2376 sed
2609 2339 2714 2377 una
2746 2339 2868 2378 cum
2896 2323 3283 2394 prudentibus,
3315 2339 3418 2378 una

1827 2431 1950 2469 cum
1992 2429 2194 2484 sponso
2221 2415 2481 2479 introibit,
2510 2416 2822 2485 splendidas
2867 2416 3072 2471 habens
3121 2418 3418 2489 lampades.

1830 2508 1904 2562 Ita
1934 2508 2004 2562 ob
2031 2508 2172 2562 hanc
2199 2507 2368 2575 ipsam
2395 2509 2794 2580 eleemosynam
2829 2511 2913 2572 iis,
2946 2525 3066 2580 qua:
3098 2511 3151 2565 in
3195 2513 3420 2582 virgini-

1829 2610 1938 2657 tate
1983 2599 2248 2656 servanda
2299 2601 2457 2656 valde
2496 2602 2843 2666 laborarunt,
2893 2603 3052 2673 longe
3105 2605 3418 2674 przestabit,

1828 2711 2024 2765 expers
2053 2697 2165 2766 ipse
2197 2695 2442 2749 laborum
2473 2695 2688 2749 illorum
2721 2716 2732 2747 ε
2760 2705 2908 2751 tanta
2945 2705 3030 2751 est
3054 2697 3420 2769 eleemosynai

1829 2788 2000 2842 virtus
2028 2804 2043 2852 ;
2081 2786 2330 2840 alumnos
2356 2799 2484 2840 suos
2511 2800 2705 2855 magna
2745 2801 2868 2841 cum
2901 2787 3148 2842 libertate
3178 2787 3422 2842 inlmduo

1829 2879 1923 2935 cit.
1947 2877 2081 2934 Nota
2111 2878 2256 2932 enim
2280 2885 2367 2932 est
2398 2877 2515 2933 caeli
2541 2877 2866 2946 janitoribus
2885 2920 2900 2944 ,
2929 2880 3019 2949 qui
3048 2879 3234 2948 sponsi
3279 2877 3423 2934 fores

1829 2972 2174 3037 custodiunt;
2217 2987 2317 3026 nec
2343 2987 2475 3026 vero
2500 2981 2624 3026 nota
2659 2973 2870 3036 solum,
2901 2973 2996 3026 sed
3028 2973 3188 3028 etiam
3227 2973 3420 3040 hujus-

1833 3065 2018 3129 modi,
2049 3074 2111 3120 ut
2154 3081 2272 3132 eam
2321 3077 2717 3122 revereantur:
2749 3082 2989 3136 eosque,
3039 3081 3070 3119 a
3123 3067 3320 3137 quibus
3362 3081 3424 3122 se

1829 3158 2028 3212 cultam
2070 3157 2318 3223 noverit,
2357 3171 2551 3227 magna
2574 3173 2699 3212 cum
2720 3153 2969 3209 libertate
2988 3156 3331 3221 introducet;
3357 3173 3424 3212 ac

1830 3263 1990 3303 nemo
2017 3246 2354 3302 contradicet
2373 3287 2389 3309 .
2417 3247 2514 3302 sed
2545 3262 2736 3303 omnes
2764 3246 2979 3303 cedent.
3005 3246 3144 3302 Nam
3175 3249 3222 3303 si
3253 3249 3422 3304 Deum

1831 3338 1885 3393 in
1915 3349 2114 3393 terram
2161 3335 2420 3404 adduxit,
2464 3336 2626 3408 idque
2674 3337 2774 3408 ipsi
2808 3339 3114 3407 persuasit,
3169 3346 3226 3393 ut
3260 3338 3425 3395 homo

1833 3420 2023 3486 fieret:
2065 3429 2237 3485 multo
2257 3430 2427 3500 magis
2447 3429 2720 3485 hominem
2744 3432 2797 3486 in
2839 3431 3032 3486 caelum
3059 3429 3425 3489 intromittere

1833 3523 2033 3595 poterit
2058 3539 2074 3575 :
2098 3537 2292 3593 magna
2320 3523 2465 3577 enim
2491 3531 2575 3577 est
2608 3522 2777 3592 ipsius
2806 3524 3064 3592 potentia.
3093 3525 3235 3595 Ergo
3264 3527 3308 3580 si
3353 3541 3422 3581 ex

1832 3613 2204 3675 misericordia
2255 3625 2420 3684 atque
2477 3613 2756 3668 hominum
2809 3628 2998 3668 sutore
3064 3615 3205 3670 Deus
3249 3615 3428 3671 homo

1833 3708 2002 3765 factus
2029 3716 2134 3774 est,
2167 3707 2215 3763 si
2252 3723 2344 3772 eo,
2385 3708 2640 3777 inquam,
2686 3706 2948 3762 adductus
2998 3717 3082 3762 est
3133 3717 3194 3764 ut
3231 3721 3427 3768 servus

1832 3801 2013 3866 ﬂeret;
2034 3801 2200 3856 multo
2214 3801 2386 3872 magis
2401 3814 2590 3856 servos
2611 3801 2664 3854 in
2681 3800 2900 3854 domum
2928 3801 3232 3857 introducet
3247 3817 3424 3856 suam.

1835 3894 1983 3949 lianc
1996 3909 2270 3962 amemus,
2289 3893 2432 3949 hanc
2455 3894 2723 3960 colamus,
2753 3908 2860 3948 non
2882 3909 2990 3948 uno
3010 3903 3103 3948 aut
3125 3895 3296 3949 altero
3314 3894 3425 3962 die,

1831 3987 1928 4042 sed
1956 4001 2050 4056 per
2070 4001 2231 4041 omne
2261 3995 2493 4056 tempus,
2511 3996 2570 4040 ut
2595 3985 2706 4055 ipsa
2736 3998 2837 4039 nos
2859 3985 2996 4040 bene
3019 3994 3178 4040 notos
3205 3983 3426 4040 habeat.

1832 4078 1965 4134 Nam
1994 4076 2040 4132 si
2069 4093 2131 4133 ea
2157 4092 2258 4132 nos
2287 4078 2519 4142 noverit,
2548 4085 2605 4132 et
2633 4077 2892 4131 Dominus
2913 4087 3100 4132 noscet
3121 4093 3139 4142 ;
3162 4076 3246 4131 sin
3273 4077 3430 4146 igno-

1835 4178 1939 4235 ret,
1979 4169 2239 4223 Dominus
2261 4170 2423 4223 etiam
2451 4167 2722 4239 ignorabit
2747 4209 2761 4231 ,
2787 4183 2852 4224 ac
2879 4167 3024 4223 dicet
3044 4172 3065 4234 ‘,
3087 4166 3283 4222 Nescio
3309 4182 3426 4221 vos.

1835 4261 2035 4316 Verum
2063 4260 2226 4325 absit,
2259 4270 2318 4314 ut
2345 4260 2485 4315 hanc
2501 4275 2602 4314 nos
2630 4273 2818 4315 vocem
2841 4259 3146 4323 audiamus,
3171 4257 3268 4316 sed
3295 4259 3430 4314 bea-

1836 4363 1945 4409 tam
1976 4353 2160 4408 illam:
2201 4351 2395 4417 Venite,
2425 4351 2673 4406 benedicti
2700 4350 2875 4405 Patris
2900 4351 3018 4416 utsi,
3053 4350 3306 4420 possidete
3334 4365 3433 4418 pa-

1836 4453 2006 4498 ratum
2043 4443 2182 4497 vobis
2223 4459 2438 4512 regnum
2488 4458 2522 4496 α
2569 4443 2929 4497 constitutione
2976 4441 3154 4495 mundi
3196 4439 3428 4512 (Matth.

1834 4536 1928 4591 9.5.
1962 4536 2056 4604 34)
2088 4553 2102 4588 :
2134 4534 2276 4604 quod
2307 4535 2509 4587 utinam
2539 4548 2647 4598 nos
2669 4547 2856 4588 omnes
2899 4545 3297 4601 consequamur
3335 4548 3434 4600 per

1837 4629 2068 4702 gratiam
2124 4637 2181 4681 et
2218 4626 2650 4695 benignitatem,
2699 4625 2753 4680 in
2792 4621 3012 4679 Christo
3043 4622 3174 4678 .lesu
3204 4622 3434 4676 Domino

1839 4731 2048 4786 nostro,
2087 4735 2208 4774 eum
2237 4732 2348 4790 quo
2373 4718 2540 4786 Patri,
2565 4727 2674 4773 etc.

1597 4933 1959 4996 HOMILIA
2004 4934 2050 4996 l.

146 5067 273 5124 Car.
304 5069 360 5124 I.
388 5084 441 5123 ν.
474 5069 527 5123 1.
562 5066 759 5122 Paulus
784 5077 830 5120 et
858 5065 1171 5146 Timotheus,
1200 5071 1331 5125 serui
1365 5070 1489 5126 Jeatt
1519 5072 1734 5142 Christi,

214 5161 450 5216 omnibus
474 5160 666 5214 sanctis
691 5158 744 5213 in
778 5157 979 5214 Christo
1004 5159 1150 5226 less,
1177 5163 1264 5227 qui
1299 5173 1416 5216 sunt
1451 5161 1732 5235 Philippis,

216 5251 530 5322 coepissetis
555 5259 603 5302 et
638 5249 888 5314 dissonis,
916 5249 952 5303 2
1003 5252 1171 5322 gratia
1198 5251 1336 5306 nobis
1365 5263 1412 5306 et
1437 5270 1541 5322 pira:
1568 5271 1601 5307 a
1633 5255 1738 5310 Deo

219 5343 384 5398 Patre
407 5351 583 5395 uestro
606 5351 654 5394 et
682 5338 904 5394 Domino
930 5339 1058 5394 Iesu
1083 5340 1305 5397 Clu’iato.

219 5435 271 5490 l.
309 5432 409 5490 ilic
442 5431 596 5499 quasi
629 5431 698 5486 ad
737 5431 932 5499 aquin
961 5431 1167 5488 honore
1193 5433 1446 5503 praeditos
1474 5435 1736 5496 scribens.

155 5539 255 5581 non
285 5529 439 5596 ponit
457 5537 616 5579 suum
633 5525 924 5594 magisterii
940 5539 1159 5590 nomen,
1180 5524 1276 5580 sed
1301 5525 1447 5581 aliud
1463 5527 1738 5596 quiddam,

157 5617 387 5688 illudque
409 5631 684 5686 magnum.
706 5615 874 5684 Quale
899 5631 1029 5674 vero
1049 5615 1230 5671 istud?
1249 5617 1476 5673 Servum
1503 5621 1740 5687 seipsum

160 5713 414 5778 minat,
456 5727 565 5766 non
605 5710 927 5781 apostolum.
972 5711 1104 5767 Nam
1145 5723 1199 5767 et
1235 5713 1350 5768 haec
1392 5729 1517 5769 vere
1551 5730 1738 5785 magna

156 5801 379 5872 dignitas
420 5811 505 5858 est
572 5815 637 5854 ac
670 5800 931 5856 honorum
971 5810 1152 5870 caput.
1198 5817 1412 5862 servum
1451 5801 1572 5860 esse
1609 5805 1740 5861 Jesu

523 5894 792 5956 ΡΑτιιοι..
837 5896 954 5958 Gn.
999 5895 1192 5960 LXII.

1839 5073 2062 5140 Christi,
2107 5083 2161 5129 et
2203 5086 2308 5127 non
2351 5080 2555 5126 tantum
2591 5071 2720 5126 dici.
2757 5071 2857 5140 Qui
2886 5069 3087 5128 Christi
3115 5086 3306 5129 servus
3330 5082 3433 5136 est.

1843 5164 1930 5220 hic
1958 5181 1988 5219 a
2021 5173 2240 5233 peccato
2268 5165 2406 5220 liber
2432 5173 2549 5228 est;
2589 5171 2646 5218 et
2682 5164 2784 5219 hoc
2809 5165 2946 5233 ipso,
2974 5161 3118 5235 quod
3147 5179 3434 5234 germanus

1844 5271 1906 5310 ac
1932 5254 2201 5325 legitimus
2229 5269 2419 5309 servus
2442 5263 2547 5319 est,
2585 5269 2871 5325 numquam
2896 5256 3214 5319 committet,
3253 5264 3313 5310 ut
3337 5271 3436 5312 eu-

1838 5347 2092 5418 jusquam
2120 5347 2339 5401 alterius
2365 5361 2552 5402 servus
2578 5345 2670 5401 ﬂat
2699 5363 2726 5400 ε·
2742 5346 2940 5416 alioqui
2971 5361 3078 5400 non
3105 5357 3251 5402 esset
3275 5345 3437 5403 Clari-

1847 5440 1913 5494 sti
1938 5453 2149 5504 servus,
2179 5439 2280 5494 nisi
2308 5453 2375 5494 ex
2399 5437 2619 5494 dimidia
2643 5448 2812 5508 parte.
2838 5439 2914 5494 Ae
2932 5453 3062 5494 sane
3082 5439 3150 5494 ad
3169 5438 3442 5495 Romanos

1847 5529 2112 5596 scribens,
2137 5543 2325 5585 rursus
2355 5529 2425 5583 ita
2454 5530 2645 5600 inquit,
2678 5529 2879 5584 Paulus
2902 5546 3078 5584 seruus
3099 5527 3225 5585 less
3248 5529 3442 5586 Christi

1849 5621 2029 5689 (Rom.
2065 5624 2117 5676 l.
2158 5623 2246 5688 l);
2274 5622 2342 5676 ad
2367 5619 2677 5678 Corinthios
2705 5638 2836 5678 vero
2859 5632 2916 5678 et
2940 5622 3283 5678 Timotheum
3307 5625 3442 5679 scri-

1851 5717 1986 5769 bens
2011 5715 2315 5784 apostolum
2343 5714 2579 5787 seipsum
2621 5716 2882 5769 nominat.
2919 5714 3056 5783 Quid
3085 5715 3197 5769 ita?
3223 5714 3340 5770 Non
3370 5717 3443 5770 ob

1850 5821 1969 5861 eam
1994 5815 2140 5862 certe
2164 5819 2400 5873 causam,
2430 5807 2575 5877 quod
2615 5806 2701 5861 isti
2740 5807 2993 5862 meliores
3033 5815 3217 5862 essent
3258 5806 3436 5863 Timo-

3055 5894 3131 5953 12
