4096 6310
1021 323 1037 350 \

698 406 791 456 ltili
1096 429 1102 434 ’
1454 411 1509 467 S.
1533 411 1824 481 .JOANNIS
1865 411 2267 467 CHRYSOSTOf

2371 412 2679 468 AllCllll-IP.
2722 414 3251 475 CONSTANTINOP.

690 520 840 583 timo;
876 522 1032 588 absit,
1064 524 1155 579 sed
1185 527 1387 595 potius;
1424 527 1564 596 quod
1595 542 1703 597 pra:
1738 527 2007 593 onmibns,
2037 528 2102 583 ad
2128 541 2260 597 quos

685 611 892 675 scribit,
926 613 1053 667 istos
1095 615 1318 671 honoret
1344 627 1397 672 et
1437 617 1610 671 loveat
1642 637 1656 673 :
1686 633 1809 671 nam
1837 627 1891 672 et
1920 633 2122 688 magna:
2154 619 2262 672 vir-

683 702 812 756 tutis
854 705 1214 760 testimonium
1247 710 1370 778 ipsis
1410 711 1518 763 dat.
1550 708 1817 764 Praeterea
1858 725 2005 774 vero,
2044 725 2164 766 cum
2197 710 2263 764 ad

686 790 804 843 illos
843 794 1097 849 scribenti
1139 798 1303 851 multa
1349 809 1529 854 essent
1568 801 1939 855 constituenda
1981 809 2037 856 et
2078 801 2261 871 dispo-

688 881 880 948 nenda,
912 884 1031 939 ideo
1052 889 1275 954 apostoli
1302 889 1610 958 dignitatem
1635 907 1741 959 pra:
1764 907 1821 946 se
1852 892 1990 946 tulit.
2019 891 2114 947 llic
2136 907 2265 947 vero

687 973 819 1026 nihil
865 974 992 1042 ipsis
1033 980 1245 1030 mattdat
1275 990 1467 1048 praeter
1493 995 1576 1042 ea,
1609 996 1728 1049 quan
1769 981 1927 1036 etiam
1955 996 2051 1052 per
2077 997 2134 1036 se
2166 982 2264 1051 ipsi

685 1065 956 1120 videbant.
986 1067 1189 1122 Sanctis
1216 1069 1266 1123 in
1296 1069 1493 1124 Christo
1519 1070 1664 1138 Jesu,
1710 1072 1798 1142 qui
1837 1081 1951 1125 sunt
1986 1071 2263 1145 Pftilippis.

684 1157 946 1225 Quoniam
979 1161 1266 1217 verisimile
1302 1171 1421 1217 erat
1455 1163 1668 1218 Iudaeos
1707 1165 1865 1218 etiam
1907 1164 2112 1234 seipsos
2137 1179 2263 1220 san-

687 1257 802 1302 ctos
832 1250 1108 1305 nominare
1137 1268 1201 1306 ex
1241 1253 1419 1323 priore
1460 1253 1551 1308 illo
1578 1253 1814 1320 oraculo,
1853 1254 1943 1308 ubi
1985 1254 2113 1309 dicti
2143 1262 2266 1308 sunt

690 1341 914 1408 populus
943 1351 1157 1396 sanctus
1189 1350 1242 1397 et
1272 1343 1556 1413 peculiaris
1581 1342 1756 1413 (Deut.
1789 1345 1842 1398 7.
1885 1345 1938 1398 6.
1968 1354 2015 1398 ct
2052 1345 2136 1399 M.
2167 1341 2261 1414 2);

688 1439 969 1496 propterea
997 1427 1165 1497 addit,
1199 1432 1404 1487 Sanctis
1430 1434 1483 1487 in
1510 1432 1713 1488 Christo
1736 1432 1881 1489 Jesu.
1904 1433 1967 1488 lli
1996 1433 2138 1489 enim
2165 1432 2266 1488 soli

686 1517 877 1579 sancti.
910 1519 983 1574 illi
1018 1536 1143 1575 vero
1171 1521 1378 1593 reliquo
1403 1523 1510 1592 jam
1539 1532 1778 1593 tempore
1811 1522 2031 1594 profani.

760 1608 989 1664 Nomina
1019 1612 1280 1683 lt‘piscOpi,
1306 1611 1596 1684 Presbyteri
1624 1623 1672 1667 et
1701 1612 1918 1667 Diacont'
1944 1614 2088 1670 initio
2123 1629 2264 1666 cont-

691 1703 885 1755 munia.
905 1733 974 1741 —
994 1703 1314 1776 Coepiscopis
1333 1716 1380 1759 et
1403 1705 1650 1758 diaconis.
1679 1705 1981 1772 Qttid'hoc?
2006 1721 2072 1759 an
2110 1707 2265 1760 unius

685 1793 914 1850 civitatis
946 1796 1097 1849 multi
1126 1806 1278 1850 erant
1306 1797 1540 1866 episc0pi
1562 1798 1584 1852 ?
1606 1796 1974 1867 Nequaquam,
2001 1797 2095 1852 sed
2120 1812 2265 1865 pres-

687 1883 906 1953 byteros
957 1885 1060 1938 isto
1101 1887 1314 1941 nomine
1353 1887 1654 1957 appellavit.
1689 1887 1839 1942 Tunc
1875 1888 2014 1943 enim
2051 1888 2267 1942 nomina

685 1975 861 2029 adhuc
902 1985 1052 2029 eram
1081 1976 1405 2044 communia,
1447 1986 1606 2048 atque
1641 1978 1754 2047 ipse
1796 1979 1959 2032 etiam
1987 1978 2269 2047 episeopus

689 2065 979 2118 vocahatur
1008 2064 1282 2120 diaconus.
1311 2065 1515 2135 Idcirco
1554 2067 1619 2121 ad
1650 2066 1988 2121 Timotheum
2028 2066 2269 2120 scribens

688 2155 878 2224 inquit,
921 2155 1242 2223 Diacouiam,
1293 2157 1344 2211 id
1385 2167 1487 2224 est,
1524 2158 1871 2212 ministerium
1910 2167 2049 2210 tuum
2089 2155 2265 2226 intple,

687 2261 808 2299 cum
837 2255 1013 2302 tamen
1038 2247 1131 2304 ille
1159 2248 1439 2318 episcopus
1460 2258 1622 2304 esset.
1647 2249 1798 2316 Quod
1823 2258 2030 2304 constat
2055 2264 2117 2303 es
2148 2263 2269 2302 ver-

689 2338 772 2394 bis
800 2337 902 2392 illis
928 2339 993 2394 ad
1022 2341 1266 2396 eumdem
1290 2342 1500 2411 scriptis
1525 2359 1541 2397 :
1565 2341 1747 2394 Manus
1771 2342 1869 2401 cito
1891 2341 2078 2394 nemini
2101 2342 2268 2408 impo-

690 2429 884 2494 sueris;
901 2437 952 2482 et
973 2444 1176 2494 rursus,
1201 2431 1328 2497 Qua:
1341 2432 1461 2484 data
1477 2441 1546 2485 est
1575 2430 1662 2484 tibi
1678 2448 1788 2484 cum
1817 2431 2136 2500 impositione
2156 2446 2262 2483 nta-

690 2537 844 2572 nuum
876 2521 1168 2591 presbyterii
1192 2522 1266 2592 (l.
1297 2521 1426 2575 Tim.
1458 2523 1511 2577 5.
1531 2521 1620 2576 29..
1647 2533 1692 2576 et
1717 2523 1771 2576 4.
1807 2521 1890 2590 li)
1925 2540 1938 2576 :
1970 2522 2267 2592 presbyteri

692 2624 824 2665 vero
849 2610 1158 2680 episcopum
1188 2628 1292 2665 non
1315 2611 1675 2686 ordinassent.
1704 2611 1771 2666 Et
1790 2627 1976 2666 rursus
2001 2612 2066 2666 ad
2089 2612 2268 2666 Titum

690 2699 929 2754 scribens
959 2700 1128 2770 inquit
1157 2717 1170 2753 ε
1205 2698 1378 2770 Hujus
1412 2701 1487 2754 rei
1512 2703 1677 2772 gratia
1715 2701 1898 2771 reliqui
1932 2712 1980 2756 te
2017 2703 2070 2756 in
2100 2702 2266 2768 Creta,

690 2800 745 2842 ut
785 2790 1061 2845 constituas
1099 2807 1188 2860 per
1225 2792 1448 2846 civitates
1488 2792 1801 2862 presbyteros
1841 2807 1860 2846 .°
1907 2793 2037 2846 sicut
2084 2803 2131 2846 et
2178 2810 2269 2863 ego

690 2881 917 2948 disposui
951 2882 1061 2948 tibi,
1098 2881 1142 2936 si
1169 2882 1286 2952 quis
1312 2881 1419 2936 sine
1448 2883 1657 2937 crimine
1685 2893 1779 2949 est,
1818 2884 1969 2937 unius
1998 2886 2169 2938 uxoris
2195 2885 2270 2937 vir

695 2973 820 3042 (Tit.
855 2976 904 3029 Ι.
933 2976 987 3030 5.
1021 2976 1075 3046 6)
1110 2991 1273 3046 :qute
1303 2976 1516 3046 quidem
1544 2977 1610 3031 de
1636 2977 1888 3046 episc0po
1917 2977 2062 3032 dicit.
2094 2978 2268 3048 Atque

691 3063 805 3120 inec
828 3080 950 3120 cum
988 3065 1230 3130 dixisset,
1259 3067 1439 3121 statim
1470 3065 1668 3121 addidit
1707 3084 1720 3119 :
1752 3067 1964 3137 Oportet
1991 3069 2123 3122 enim
2151 3070 2264 3139 epi-

689 3171 898 3223 scopum
924 3156 1030 3210 siue
1058 3154 1265 3210 crimine
1299 3172 1405 3210 esse
1429 3157 1556 3210 sicut
1590 3155 1686 3210 Dei
1713 3156 2136 3227 dispensatorem,
2169 3176 2268 3214 non

688 3244 974 3313 superbum.
1000 3245 1305 3314 Antiquitus
1329 3245 1502 3316 igitur,
1528 3247 1977 3317 quemadmodum
2003 3248 2264 3314 dicebam,

691 3335 790 3404 ipsi
816 3335 975 3389 etiam
1015 3334 1316 3407 presbyteri
1346 3336 1676 3391 vocabantur
1701 3337 1936 3407 episcopi
1977 3347 2032 3393 et
2059 3339 2268 3394 diaconi

690 3425 886 3481 Christi
923 3437 987 3482 et
1029 3427 1260 3496 episcopi
1306 3428 1604 3500 presbyteri
1639 3446 1654 3483 :
1688 3430 1938 3499 quocirca
1985 3431 2068 3486 vel
2111 3431 2269 3487 hodie

690 3515 842 3570 multi
872 3516 1106 3585 episcopi
1147 3516 1217 3570 ita
1255 3516 1513 3582 scribunt,
1539 3517 2007 3590 Compresbytt-ro,
2042 3531 2096 3576 et
2122 3522 2268 3576 Con-

688 3610 938 3664 diacono.
971 3609 1300 3664 Procedente
1334 3625 1460 3664 vero
1502 3618 1738 3681 tempore
1774 3614 2047 3682 proprium
2077 3614 2268 3684 cuique

689 3700 1030 3754 distributum
1059 3708 1141 3753 est
1170 3715 1386 3766 nomen,
1417 3711 1472 3755 ut
1503 3701 1588 3756 hic
1613 3702 1826 3772 quidem
1847 3703 2151 3773 episcopus,
2181 3705 2270 3758 ille

688 3807 819 3847 vero
847 3791 1124 3862 presbyter
1147 3793 1464 3862 appelletur.
1491 3792 1834 3863 Coepiscopis,
1866 3794 2054 3864 inquit,
2084 3805 2131 3848 et
2151 3796 2268 3849 dia-

692 3885 855 3944 conis,
884 3885 1048 3951 gratia
1065 3884 1207 3936 nobis
1231 3891 1286 3964 et‘
1301 3898 1402 3951 pas:
1428 3899 1458 3935 a
1478 3881 1587 3936 Deo
1607 3881 1766 3938 Patre
1783 3897 1954 3939 nostro
1983 3896 2030 3939 et
2053 3885 2269 3939 Domino

691 3970 814 4026 Iesu
836 3971 1057 4025 Christo.
1101 3971 1211 4026 Hoc
1245 3971 1364 4026 loco
1395 3987 1500 4026 non
1526 3972 1624 4028 abs
1663 3989 1721 4028 r-e
1759 3974 2267 4044 qttzeretiqnispiam,

691 4066 816 4134 quid
845 4081 1019 4119 causa:
1054 4065 1143 4130 sit,
1184 4064 1531 4136 quamobrem
1570 4080 1691 4120 cum
1736 4081 1996 4136 nusquam
2038 4067 2164 4121 alibi
2203 4065 2269 4120 ad

696 4157 912 4227 Clerum
942 4155 1160 4222 scribat,
1194 4169 1297 4209 nou
1327 4155 1392 4210 ad
1420 4171 1540 4211 eum
1570 4157 1658 4226 qui
1686 4156 1892 4222 Romae,
1923 4172 2026 4211 non
2054 4159 2141 4227 qui
2163 4157 2270 4213 Co-

693 4226 877 4312 riuihi,
906 4262 1010 4302 nou
1041 4248 1130 4317 qui
1155 4247 1370 4316 Ephesi,
1395 4247 1486 4302 sed
1510 4249 1801 4318 generatim
1823 4249 1981 4309 dicat,
2006 4226 2272 4305 omnibus

693 4342 895 4395 sanctis
924 4340 1005 4394 vel
1036 4339 1300 4405 ﬁdelibus,
1328 4339 1558 4403 dilectis,
1591 4339 1676 4394 hic
1705 4339 1769 4394 ad
1800 4340 2011 4394 Clarum
2034 4340 2272 4395 scribat?

692 4431 976 4497 Nimirum,
1001 4429 1255 4500 quoniam
1275 4429 1462 4484 "clerici
1488 4428 1588 4499 ipsi
1621 4428 1849 4490 fuerant.
1881 4429 1972 4498 qui
2001 4429 2182 4483 literas
2204 4429 2271 4484 ad

695 4537 816 4576 eum
857 4519 1119 4575 dederant
1157 4528 1214 4574 et
1249 4518 1479 4574 fructum
1527 4517 1891 4588 protulerant,
1945 4517 2151 4586 ipsique
2203 4517 2271 4573 ad

693 4627 816 4666 eum
840 4611 1092 4666 miserant
1114 4608 1555 4679 Epaphroditum.
1577 4608 1632 4662 5.
1657 4607 1861 4661 Gratias
1886 4623 1982 4678 ago
2007 4605 2113 4661 Deo
2138 4623 2270 4671 meo,

695 4704 879 4772 inquit,
914 4704 966 4756 in
993 4705 1128 4756 omni
1154 4702 1393 4755 memoria
1419 4701 1570 4764 vestri
1597 4716 1813 4768 semper.
1857 4699 1997 4754 Alibi
2029 4700 2098 4754 ita
2137 4700 2273 4754 scri-

695 4798 800 4867 psit
829 4814 843 4852 :
879 4796 1086 4852 Obedite
1108 4796 1392 4865 prtepositis
1421 4794 1596 4847 vestris
1621 4801 1667 4846 et
1694 4791 1989 4861 subiacete;
2017 4793 2117 4861 ipsi
2141 4792 2273 4846 enim

695 4886 995 4959 pervigilant
1009 4886 1149 4954 quasi
1161 4884 1404 4938 rationem
1424 4898 1513 4952 pro
1530 4881 1796 4935 animabus
1815 4882 1987 4935 vestris
2000 4881 2269 4947 reddituri,

695 4989 747 5032 ut
764 4996 874 5040 cum
891 4978 1077 5048 gaudio
1091 4977 1183 5029 hoc
1201 4975 1409 5045 faciant.
1431 4983 1476 5026 et
1494 4988 1593 5026 non
1608 4981 1857 5042 gementes
1871 4970 2269 5042 (llebr.13.l7).

696 5069 752 5124 Si
777 5055 936 5136 igitur
954 5080 1168 5135 gemere
1188 5079 1252 5117 ex
1276 5064 1402 5116 vitio
1417 5062 1800 5132 discipulorum
1819 5071 1922 5129 est,
1947 5077 2066 5117 cum
2077 5063 2273 5133 gaudio

695 5161 748 5213 id
779 5159 976 5221 facere,
1008 5172 1072 5209 ex
1106 5154 1342 5223 prufccttl
1370 5153 1490 5207 erit.
1524 5152 1635 5206 Hoc
1665 5151 1824 5222 igitur
1848 5160 1950 5217 est,
1982 5153 2125 5222 quod
2152 5153 2226 5207 ait
2253 5171 2269 5208 :

693 5248 1167 5317 Quotiescumque,
1218 5243 1417 5312 inquit,
1470 5243 1632 5297 vestri
1679 5243 1991 5297 memoriam
2047 5253 2270 5311 repeto,

694 5339 862 5394 Deum
889 5335 1146 5406 gloriftco.
1192 5333 1268 5388 ld‘
1299 5349 1427 5388 vero
1470 5331 1798 5402 facit,.quod
1840 5333 2126 5387 multorum
2167 5332 2273 5388 illis

697 5431 960 5485 bonorum
982 5426 1229 5481 conscius
1248 5433 1417 5480 esset.
1450 5424 1516 5479 Et
1551 5423 1812 5494 glorilloo,
1855 5423 2041 5494 inquit,
2069 5433 2123 5478 et
2155 5438 2272 5493 pre-

691 5533 810 5575 cor.
837 5517 952 5573 Non
976 5517 1139 5582 enim,
1172 5515 1420 5586 quoniam
1450 5512 1659 5569 virtutis
1698 5513 1837 5568 viam
1867 5513 2092 5584 ingressi
2119 5513 2270 5579 estis,

692 5611 856 5666 linem
884 5588 1132 5679 precandi
1173 5622 1268 5677 pro
1295 5606 1446 5661 vobis
1471 5606 1628 5670 iacio,
1664 5603 1756 5660 sed
1787 5615 1969 5674 persto
2011 5605 2186 5659 adhuc
2215 5605 2267 5658 in

693 5702 956 5756 oratione.
989 5698 1211 5766 Gratias,
1239 5698 1430 5766 inquit,
1473 5712 1570 5768 ago
1616 5693 1726 5750 Deo
1764 5695 1818 5748 in
1855 5695 1992 5749 omni
2027 5697 2269 5750 memoria

693 5793 841 5849 vestri
876 5793 931 5848 4.
972 5807 1185 5861 semper,
1223 5791 1280 5845 in
1320 5788 1458 5844 omni
1495 5786 1723 5842 oratione
1764 5800 1874 5841 mea
1913 5801 2006 5856 pro
2035 5785 2265 5840 omnibus

3848 425 3945 478 18$

2372 529 2506 581 vobis
2527 544 2636 580 (mu
2663 532 2847 598 gaudio
2870 531 3017 583 etiam
3038 532 3435 599 deprecationem
3455 533 3665 602 faciens.
3697 535 3913 597 Semper
3931 555 3952 590 .'

2370 636 2473 675 non
2518 621 2712 684 solum.
2744 623 2954 690 quando
2997 637 3203 692 precor.
3261 623 3426 678 Recte
3473 637 3646 678 autent
3698 629 3944 692 addidit,

2367 708 2492 766 Cum
2539 713 2746 781 gaudio.
2789 713 2884 766 Est
2927 716 3067 788 enim
3109 724 3312 768 etcum
3351 730 3582 771 mmmrc
3627 718 3676 770 id
3730 717 3951 781 facere;

2369 802 2813 870 quemadmodum
2842 803 2967 857 alibi
2995 803 3144 867 dicit,
3179 803 3314 858 Nam
3339 821 3404 859 ea:
3440 809 3594 859 multa
3626 807 3962 859 tribulatione

2369 902 2414 944 et
2452 892 2685 961 angustia
2718 893 2884 945 cordis
2923 892 3119 961 scripsi’
3141 892 3278 946 vobis
3316 910 3404 961 per
3452 897 3636 948 multas
3673 895 3950 966 lacrymas.

2370 970 2539 1051 super
2578 984 3026 1038 communicatione
3061 993 3244 1049 vestra,
3280 984 3467 1053 inquit,
3498 985 3549 1038 in
3579 989 3897 1056 evangelium
3919 1002 3956 1040 ο

2371 1072 2533 1136 prima
2563 1071 2647 1126 die
2675 1089 2827 1142 usque
2851 1090 2982 1126 nunc
3011 1073 3088 1142 (2.
3119 1072 3238 1131 Cor.
3269 1074 3322 1128 2.
3352 1076 3428 1144 4).

2439 1163 2492 1216 2.
2535 1161 2780 1232 Magmun
2813 1164 3061 1232 quiddam
3094 1174 3194 1231 est,
3223 1167 3290 1219 de
3315 1182 3419 1236 quo
3449 1167 3552 1220 illis
3582 1169 3954 1242 testimonium

2363 1251 2470 1308 hoc
2501 1254 2619 1307 loco
2647 1253 2756 1319 dat,
2803 1264 2856 1308 et
2898 1254 3046 1309 valde
3092 1271 3358 1325 maguum,
3405 1258 3654 1326 quodque
3687 1260 3955 1328 apostolis

2368 1353 2423 1399 et
2459 1344 2796 1414 evangelistis
2844 1344 2958 1399 dari
2990 1343 3225 1399 solitum.
3261 1344 3375 1400 Non
3414 1348 3664 1414 quoniam
3703 1363 3831 1413 una,-
3864 1349 3954 1402 in-

2367 1435 2502 1503 quit,
2535 1435 2723 1488 civitas
2754 1435 2903 1488 vobis
2933 1437 3302 1490 commendata
3331 1450 3393 1490 ac
3423 1437 3624 1490 credita
3654 1447 3756 1504 est,
3803 1439 3954 1493 illam

2368 1526 2535 1581 solam
2557 1527 2794 1590 curatis;
2824 1526 2917 1581 sed
2958 1526 3088 1581 nihil
3123 1527 3390 1593 omittitis,
3425 1536 3482 1581 ut
3519 1527 3762 1582 laborum
3795 1545 3958 1584 meo-

2370 1631 2484 1670 rum
2514 1617 2799 1686 participes
2841 1618 2980 1683 sitis,
3022 1616 3216 1685 ubique
3261 1626 3574 1686 prtesentcs,
3603 1629 3954 1689 vestramque

2368 1719 2584 1775 cperam
2615 1720 2678 1760 ac
2703 1707 3032 1776 diligentiam
3076 1722 3176 1760 una
3217 1717 3424 1762 mecum
3470 1709 3521 1762 in
3567 1709 3956 1779 przedicatione

2369 1796 2694 1851 collocantcs
2721 1815 2735 1852 :
2769 1814 2871 1852 non
2899 1798 3085 1860 semel,
3113 1799 3258 1852 bisve
3284 1807 3375 1852 aut
3401 1807 3501 1864 ter,
3530 1799 3623 1854 sed
3649 1815 3865 1869 semper
3885 1817 3954 1855 ex

2368 1902 2435 1942 eo
2479 1897 2738 1956 tempore,
2786 1902 2891 1956 quo
2934 1887 3254 1951 credidistis,
3306 1902 3472 1956 usque
3513 1889 3579 1941 ad
3625 1891 3766 1944 hunc
3805 1890 3954 1943 diem

2370 1975 2730 2045 apostolorum
2765 1977 2918 2046 plane
2949 1976 3182 2030 studium
3209 1987 3368 2046 atque
3395 1978 3722 2032 alacritatem
3750 1994 3958 2047 repue-

2370 2067 2641 2120 sentastis.
2676 2065 2806 2121 Vide
2835 2081 2928 2120 eos
2957 2067 3193 2135 quidem,
3216 2067 3306 2136 qui
3335 2060 3714 2135 Romus-crant,
3758 2072 3828 2125 ab
3857 2073 3958 2126 illo

2370 2169 2490 2210 sese
2519 2154 2812 2221 avertisse;
2845 2156 2967 2210 audi
2997 2157 3139 2210 enim
3169 2157 3316 2212 illum
3344 2159 3606 2214 dicentem
3639 2179 3652 2214 :
3679 2162 3798 2215 Scis
3829 2163 3956 2225 hoc,

2368 2245 2505 2314 quod
2533 2245 2694 2300 aversi
2720 2256 2837 2300 sunt
2855 2264 2886 2300 a
2916 2262 2995 2300 me
3020 2263 3207 2308 omnes,
3239 2249 3327 2320 qui
3355 2250 3407 2301 in
3434 2250 3556 2303 Asia
3584 2260 3735 2315 sunt;
3765 2261 3820 2306 et
3841 2269 3961 2306 rur-

2370 2350 2483 2402 sus,
2512 2334 2704 2390 Demus
2721 2351 2799 2390 me
2819 2337 3057 2403 reliquit;
3086 2346 3160 2402 et,
3191 2336 3254 2391 In
3290 2339 3453 2406 prima
3489 2355 3598 2392 mea
3636 2341 3959 2412 defensione,

2372 2426 2562 2497 inquit,
2585 2446 2732 2484 nemo
2761 2429 2881 2482 mihi
2907 2429 3073 2498 adfuit
3101 2429 3176 2501 (2.
3210 2429 3338 2484 Tim.
3367 2431 3416 2485 ι.
3449 2431 3534 2486 15.
3573 2442 3619 2484 et
3643 2433 3696 2487 4.
3733 2433 3791 2490 9.
3820 2433 3918 2505 16)
3944 2451 3959 2496 ;

2372 2516 2469 2570 hos
2495 2529 2673 2571 autem
2702 2519 2861 2572 etiam
2892 2533 3012 2573 cum
3037 2519 3277 2586 aberant,
3309 2520 3449 2576 illius
3473 2521 3572 2576 sibi
3613 2520 3961 2578 incommoda

2369 2610 2669 2663 communia
2713 2610 2972 2666 duxisse:
3005 2612 3200 2684 quippe
3240 2627 3363 2667 cum
3392 2622 3446 2667 et
3487 2624 3663 2668 certos
3703 2613 3964 2673 homines

2352 2699 2436 2751 :ad
2481 2699 2626 2752 illum
2676 2701 2971 2768 mitterent,
3001 2711 3054 2755 et
3091 2717 3188 2771 pro
3231 2702 3430 2757 viribus
3472 2719 3591 2774 qua:
3634 2719 3770 2776 opus
3798 2718 3967 2762 erant

2371 2792 2855 2859 subministrarent,
2887 2795 3209 2865 omninoque
3248 2795 3379 2850 nihil
3417 2796 3744 2852 omitterent.
3778 2800 3967 2868 Atque

2373 2881 2474 2936 hoc
2515 2882 2706 2949 facitis,
2755 2884 2945 2954 inquit,
2975 2883 3081 2940 non
3118 2885 3290 2939 solum
3334 2901 3493 2952 nunc,
3526 2887 3621 2942 sed
3664 2899 3961 2958 perpetuo,

2370 2973 2516 3027 omni
2544 2974 2750 3030 ratione
2795 2975 3090 3031 subsidium
3127 2976 3431 3032 atterentes.
3471 2978 3615 3049 Ergo
3650 2981 3965 3036 subsidium

2372 3063 2532 3129 ferre,
2567 3067 2666 3119 hoc
2691 3075 2772 3120 est
2797 3067 3208 3121 communicatio
3251 3067 3301 3121 in
3339 3069 3697 3137 evangelium.
3740 3070 3968 3126 Etenim

2371 3156 2583 3224 quando
2623 3155 2711 3210 illc
2753 3155 2965 3227 quidem
3005 3157 3275 3226 praedicat,
3316 3165 3371 3211 tu
3391 3158 3531 3212 ‘vero
3567 3160 3968 3229 praedicantem

2373 3243 2518 3299 loves
2546 3255 2599 3299 et
2627 3246 2878 3314 adiuvas;
2919 3246 3062 3312 illius
3089 3262 3301 3302 coronae
3329 3262 3640 3304 communes
3668 3250 3758 3306 tibi
3791 3251 3964 3308 liunt.

2371 3336 2504 3392 Nam
2520 3347 2573 3390 et
2596 3331 2918 3393 in’externis
2941 3339 3320 3394 certaminibus
3340 3355 3445 3394 non
3469 3339 3532 3394 ad
3565 3340 3709 3396 illum
3744 3350 3969 3400 tantum

2371 3428 2460 3497 qui
2487 3435 2656 3482 certat
2681 3442 2877 3481 corona
2909 3429 3159 3498 pertinet,
3192 3428 3285 3483 sed
3304 3430 3463 3484 etiam
3484 3431 3548 3483 ad
3579 3423 3967 3502 pmdotribam,

2371 3527 2424 3572 et
2456 3517 2522 3572 ad
2563 3517 2888 3584 ministrum,
2938 3517 3268 3588 omninoque
3312 3518 3378 3573 ad
3425 3533 3612 3574 omnes
3653 3521 3796 3587 illos,
3829 3525 3968 3593 qni-

2371 3623 2601 3678 cumque
2629 3609 2882 3665 athletam
2913 3609 3277 3664 instituerunt.
3309 3608 3515 3665 Etenim
3539 3613 3627 3682 qui
3653 3613 3799 3666 illum
3823 3627 3972 3668 cono

2375 3701 2607 3766 lirmant,
2636 3715 2698 3767 ac
2727 3709 2990 3766 recreant,
3018 3714 3112 3755 eos
3148 3700 3384 3756 victoriae
3420 3716 3632 3771 quoque
3664 3704 3972 3772 participes

2373 3792 2487 3846 licri
2516 3806 2722 3860 acquum
2750 3800 2848 3845 est.
2882 3789 3065 3844 itidem
3092 3804 3221 3844 vero
3255 3792 3306 3844 in
3345 3789 3496 3844 bellis
3538 3785 3643 3846 non
3671 3793 3820 3846 solus
3861 3793 3971 3850 ille

2373 3885 2462 3954 qui
2492 3883 2808 3953 praclarum
2852 3880 3061 3937 facinus
3087 3880 3273 3947 edidit,
3313 3881 3408 3937 sed
3448 3897 3636 3938 omnes
3667 3884 3830 3938 etiam
3860 3890 3970 3955 qui

2372 3974 2422 4030 ei
2451 3976 2634 4029 utilem
2668 3988 2884 4042 cperam
2914 3972 3201 4044 dederunt,
3246 3987 3352 4028 non
3391 3973 3579 4044 injuria
3608 3975 3674 4029 a’d
3706 3983 3967 4045 tr0pa20-

2372 4081 2501 4128 rum,
2521 4064 2815 4135 gloriaeque
2847 4074 3050 4133 partem
3080 4073 3339 4120 vocantur
3366 4082 3381 4121 :
3412 4065 3632 4135 perinde
3659 4083 3720 4121 ac
3745 4067 3789 4121 si
3820 4067 3966 4123 dili-

2372 4170 2505 4224 gens
2541 4155 2628 4210 illa
2667 4170 2852 4224 opera,
2883 4163 2936 4209 ct
2964 4153 3313 4209 ministerium
3345 4169 3467 4224 pars
3495 4155 3735 4224 quaedam
3764 4171 3830 4211 ac
3857 4172 3972 4212 so-

2373 4248 2540 4302 cietas
2564 4247 2870 4302 certaminis
2898 4245 3078 4300 fuerit.
3109 4247 3265 4317 Atqui
3295 4232 3494 4300 sanctis
3521 4247 3799 4312 inservire,
3841 4264 3970 4304 non

2375 4351 2597 4405 parvum
2620 4335 2871 4406 quiddam
2900 4344 3004 4400 est,
3033 4335 3126 4397 sed
3158 4336 3378 4392 multum
3399 4338 3618 4392 omnino
3646 4337 3784 4392 valet
3813 4357 3828 4393 :
3852 4355 3975 4395 no-

2375 4429 2458 4484 bis
2497 4427 2639 4483 enim
2680 4441 2996 4482 communes
3035 4426 3160 4480 facit
3194 4427 3454 4495 repositas
3499 4427 3604 4482 illis
3647 4429 3968 4486 mercedes.

2376 4517 2620 4587 Exempli
2648 4531 2830 4583 causa,
2861 4515 3096 4586 profudit
3131 4515 3392 4586 quispiam
3428 4531 3668 4586 magnam
3709 4518 3973 4586 pecunia:

2376 4608 2482 4664 vim
2505 4615 2721 4678 propter
2749 4607 2936 4670 Deum,
2964 4606 3175 4661 assidue
3200 4605 3438 4661 adhznrct
3459 4607 3586 4673 Deo,
3610 4609 3818 4662 eximite
3845 4610 3974 4663 vir-

2379 4699 2506 4754 tutis
2533 4696 2723 4753 ofliciis
2757 4695 3010 4767 fungitur,
3040 4709 3288 4766 magnam
3315 4695 3576 4751 adhibens
3599 4696 3969 4767 diligentiam,

2378 4802 2447 4843 ne
2482 4786 2568 4843 vel
2595 4787 2648 4842 in
2678 4786 2855 4841 verbis
2879 4795 2971 4840 aut
3004 4785 3415 4855 cogitationibus
3452 4785 3606 4854 ipsis,
3645 4785 3817 4839 ullave
3848 4787 3974 4844 alia

2378 4894 2437 4934 re
2463 4877 2674 4934 labatur
2703 4893 2715 4930 :
2744 4877 2796 4931 in
2823 4886 2910 4931 tua
2937 4890 3098 4930 manu
3118 4883 3218 4940 est,
3245 4875 3488 4946 quamvis
3515 4866 3844 4932 tantumdem
3867 4878 3976 4933 di-

2378 4970 2612 5040 ligentia:
2639 4983 2744 5023 non
2771 4967 3098 5032 adhibueris,
3127 4968 3394 5037 repositas
3417 4967 3491 5022 illi
3519 4983 3616 5038 pro
3646 4977 3724 5023 tot
3747 4967 3972 5023 labori—

2380 5059 2482 5114 bus
2515 5047 2789 5113 ittefcedes
2819 5071 3129 5111 communes
3173 5056 3266 5111 tibi
3307 5057 3504 5112 facere.
3540 5056 3860 5126 Quomodo?
3897 5059 3979 5117 Si

2379 5151 2528 5205 illum
2558 5163 2717 5204 cures
2745 5147 3034 5216 foveasquc
3061 5156 3114 5201 et
3140 5143 3388 5202 sermone
3416 5156 3470 5202 et
3498 5151 3703 5215 reipsa;
3733 5148 3776 5202 si
3816 5163 3976 5204 con-

2377 5240 2570 5296 soleris
2595 5253 2716 5293 cum
2741 5236 3086 5307 suppeditans
3111 5240 3432 5304 necessaria,
3463 5244 3575 5291 tum
3596 5237 3649 5290 in
3677 5235 3824 5290 omni
3847 5239 3976 5293 mi-

2379 5331 2601 5386 nisterio
2645 5330 2942 5387 inserviens
2974 5346 2989 5382 :
3023 5338 3078 5382 tu
3117 5328 3260 5383 enim
3301 5331 3345 5382 is
3381 5330 3524 5392 eris,
3563 5329 3655 5400 qui
3701 5344 3975 5400 asperam

2365 5422 2522 5476 illam
2545 5422 2687 5475 viam
2716 5420 3006 5475 laciliOrem
3039 5419 3139 5485 ipsi
3166 5417 3348 5474 iacies.
3377 5420 3755 5486 Quamobrem,
3779 5421 3825 5474 si
3854 5423 3978 5477 ad-

2377 5512 2646 5568 miramini
2671 5511 2792 5566 illos
2818 5510 2908 5580 qui
2927 5509 2979 5564 in
2996 5525 3181 5565 eremo
3202 5511 3402 5574 vivunt,
3422 5511 3512 5579 qui
3541 5512 3664 5566 vitae
3689 5512 3978 5571 rationem

2377 5601 2533 5675 plane
2563 5601 2858 5671 angelicam
2888 5607 3258 5668 susceperunt,
3288 5599 3378 5669 qui
3407 5601 3462 5654 in
3494 5600 3744 5656 Ecclesiis
3763 5604 3976 5661 eadem

2376 5705 2534 5766 atque
2566 5693 2641 5748 illi
2683 5693 2894 5748 virtutis
2934 5691 3134 5747 obeunt
3178 5679 3396 5746 munera
3442 5709 3456 5746 :
3491 5683 3550 5747 'si
3585 5691 3936 5750 adtniramini

2379 5785 2620 5858 inquam,
2657 5797 2719 5839 ac
2743 5781 2937 5840 doletis
2973 5791 3078 5837 tam
3119 5781 3277 5852 longo
3307 5794 3402 5836 vos
3430 5781 3712 5840 intervallo
3747 5783 3820 5839 ab
3852 5785 3977 5845 illis
