4070 6388
658 431 763 486 185

653 552 968 621 ανορωπίας
995 543 1134 608 ἐστὶ,
1162 544 1223 598 16
1248 544 1375 608 τοὺς
1406 542 1808 617 ῥᾳθυμοτέρους
1839 542 1933 595 καὶ
1976 541 2077 615 τὸν
2097 541 2216 593 ἀπ-

653 639 957 711 εσκληκότα
980 636 1094 708 βίον
1115 636 1210 690 καὶ
1226 636 1431 706 τραχὺν
1451 635 1544 687 καὶ
1568 633 1766 704 ἀκριδῆ
1798 633 1872 704 μὴ
1893 631 2222 701 δυναμένους

650 730 1031 799 ἀναδέξασθαι,
1066 730 1159 784 καὶ
1186 727 1407 790 τούτους
1448 726 1514 779 δι’
1542 727 1734 797 ἐτέρας
1772 724 1895 778 ὁδοῦ
1934 715 2104 777 ²πάλιν
2141 724 2222 787 είς

654 824 751 893 τὴν
780 823 947 891 αὐτὴν
996 819 1205 882 τούτοις
1236 819 1387 883 τάξιν
1430 817 1602 881 ἀγειν.
1657 816 1766 870 Καὶ
1802 816 1959 869 τοῦτό
1995 831 2159 885 φησιν
2193 816 2222 867 6

656 912 867 977 Παῦλος
911 910 1214 965 κοινωνίαν.
1246 906 1606 965 Κοινιυνοῦσιν
1633 908 1787 977 ἡμῖν,
1818 908 2004 977 φησὶν,
2029 906 2086 959 ἐν
2107 907 2222 967 τοῖς

657 1004 957 1070 σαρκικοῖς,
992 998 1352 1067 κοινωνοῦμεν
1383 998 1565 1059 αὐτοῖς
1593 998 1650 1049 ἐν
1676 998 1786 1059 τοῖς
1812 996 2219 1078 πνευματικοῖς.

652 1094 721 1145 Et
745 1093 854 1161 γὰρ
873 1094 902 1145 6
929 1092 1059 1154 Θεὸς
1087 1090 1207 1143 ἀντὶ
1236 1088 1442 1159 μικρῶν
1472 1089 1565 1141 καὶ
1594 1087 1910 1158 μηδαμινῶν
1947 1085 2223 1157 βασιλείαν

653 1182 960 1255 χαρίζεται,
994 1182 1091 1235 καὶ
1117 1183 1163 1235 οῖ
1197 1179 1371 1234 δοῦλοι
1413 1178 1576 1233 αὐτοῦ
1605 1179 1727 1233 ἀντὶ
1774 1176 1985 1248 μικρῶν
2011 1178 2105 1230 καὶ
2137 1177 2223 1229 αῖ-

659 1273 873 1345 σθητῶν
894 1273 1233 1342 πνευματικά
1250 1269 1591 1340 μεταδιδοῦσι
1609 1285 1623 1298 ·
1651 1268 1849 1338 μᾶλλον
1863 1266 1921 1320 δὲ
1937 1267 2033 1320 καὶ
2050 1266 2222 1320 ταῦτα

660 1362 885 1415 κάκεῖνα
915 1362 1071 1424 αὐτός
1098 1362 1243 1413 ἐστιν
1268 1363 1296 1413 6
1319 1360 1491 1421 διδοὺς
1519 1359 1607 1411 διὰ
1640 1357 1863 1411 τούτων.
1896 1358 1969 1410 Οὐ
1998 1355 2221 1408 δύνασαι

659 1450 972 1521 νηστεῦσαι,
1004 1450 1125 1504 οὐδὲ
1169 1449 1495 1520 μονωθῆναι,
1530 1447 1653 1502 οὐδὲ
1696 1447 2055 1518 χαμευνῆσαι,
2101 1444 2222 1499 ούδέ

659 1535 1015 1606 παννυχίσαι;
1040 1536 1256 1589 Ἔνεστί
1288 1550 1370 1588 σοι
1392 1534 1599 1588 τούτων
1633 1534 1886 1587 ἀπάντων
1915 1531 2101 1602 μισθὸν
2130 1531 2220 1584 λα-

660 1625 795 1687 ϐεῖν,
822 1625 888 1684 ἀν
916 1624 1115 1697 ἑτέρως
1134 1624 1211 1679 οτδ
1245 1626 1479 1695 πρᾶγμα
1510 1622 1855 1694 μεθοδεύσῃς,
1890 1622 1981 1674 τὸν
2013 1622 2069 1672 ἐν
2101 1619 2224 1672 τού-

658 1731 772 1776 τοις
801 1714 1075 1783 κάμνοντα
1092 1711 1410 1783 θεραπεύων
1438 1711 1529 1763 καὶ
1555 1707 1849 1763 ἀναπαύων
1872 1710 1964 1761 καὶ
1989 1708 2223 1775 ἀλείφων

662 1801 917 1871 συνεχῶς,
954 1803 1049 1855 καὶ
1094 1800 1186 1854 τὸν
1227 1799 1337 1854 ἀπὸ
1386 1797 1592 1852 τούτων
1644 1796 2011 1865 ἐπικουφίζων
2040 1795 2220 1848 πόνον.

658 1891 831 1955 Αὐτὸς
875 1890 1073 1960 ἐστηκε
1111 1889 1432 1959 μαχόμενος.
1456 1887 1619 1951 αὐτὸς
1643 1888 1741 1941 καὶ
1766 1885 2053 1957 τραύματα
2082 1885 2223 1953 λαμ-

657 1981 837 2035 σάνων
853 1996 865 2010 ·
898 1982 963 2034 σὺ
988 1980 1255 2053 θεράπευε
1279 1979 1386 2034 ἀπὸ
1403 1974 1506 2033 τοῦῖ
1518 1980 1728 2048 ἀγῶνος
1745 1978 2054 2039 ἐπανιόντα,
2071 1977 2224 2046 δέχου

660 2071 882 2131 ὑπτίαις
913 2060 1122 2139 χερσὶν,
1157 2068 1401 2139 ἀπόψυχε
1437 2068 1529 2122 τὸν
1559 2064 1757 2139 ίδρῶτα
1784 2066 2101 2131 ἀναπαύων,
2124 2082 2227 2117 πα-

658 2159 906 2230 ρακάλει,
929 2158 1273 2229 παραμυθοῦ,
1291 2157 1509 2212 ἀνακτῶ
1523 2156 1621 2229 τὴν
1641 2158 2008 2233 πεπονηκυῖαν
2022 2155 2222 2226 ψυχήν.

660 2251 758 2302 Ἂν
788 2248 923 2318 μετά
938 2250 1203 2318 τοσαύτης
1218 2247 1523 2319 προθυμίας
1538 2246 1872 2326 διακονῶμεν
1896 2249 2007 2309 τοῖς
2027 2247 2223 2314 ἁγίοις,

659 2338 915 2409 μερισταὶ
956 2338 1063 2391 τῶν
1111 2337 1317 2406 μισθῶν
1355 2336 1536 2391 αὐτῶν
1578 2337 1834 2408 ἐσόμεθα.
1866 2336 2035 2391 Τοῦτο
2068 2337 2162 2389 καὶ
2197 2336 2225 2391 ὁ

659 2430 894 2501 Χριστός
924 2446 1057 2497 φησι
1076 2444 1089 2457 ·
1131 2429 1427 2493 Ποιήσατε
1454 2428 1596 2497 ὑμῖν
1642 2421 1861 2498 φίλοῦς
1895 2428 1962 2482 ἐκ
1990 2429 2096 2484 τοῦ
2117 2444 2229 2498 μα-

654 2517 823 2587 μωνᾶ
862 2517 973 2585 τῆς
1015 2518 1288 2583 ἀδικίας,
1317 2519 1416 2571 ἵνα
1460 2517 1746 2582 δέξωνται
1793 2517 1951 2588 ὑμᾶς
1984 2521 2082 2583 ἐις
2121 2518 2227 2583 τὰς

652 2609 933 2673 αἰωνίους
968 2607 1169 2663 αὐτῶν
1203 2606 1453 2675 σκηνάς.
1470 2608 1633 2679 Ὁρᾷς
1662 2607 1779 2672 πῶς
1807 2601 1953 2661 οὗτοι
1983 2608 2225 2661 κοινωνοὶ

658 2697 971 2765 γεγόνασινς
1019 2695 1160 2749 Ἀπὸ
1194 2696 1430 2764 πρώτης
1461 2697 1710 2766 ἡμέρας,
1736 2698 1890 2768 φησὶ,
1914 2697 2088 2766 μέχρι
2118 2697 2226 2750 τοῦ

655 2789 795 2843 νῦν.
824 2787 922 2840 Διά
972 2787 1127 2841 τοῦτο
1176 2788 1391 2860 χαίρω,
1441 2789 1624 2859 φησίν.
1664 2787 1788 2841 Ἐπί
1831 2788 1905 2856 τῇ
1952 2788 2227 2855 κοινωνίᾳ

611 2929 617 2934 .
657 2878 845 2948 ὑμῶν.
877 2880 984 2933 Καὶ
1015 2878 1189 2950 χαίρω
1216 2880 1313 2950 οὐχ
1342 2879 1483 2950 ὑπὲρ
1512 2879 1618 2932 τῶν
1646 2879 2020 2952 παρελθόντων
2044 2878 2223 2949 μόνον,

657 2970 794 3023 ἀλλά
820 2971 913 3025 καὶ
936 2971 1077 3042 ὑπὲρ
1103 2970 1210 3023 τῶν
1243 2970 1544 3041 μελλόντων
1563 2986 1576 2999 ·
1606 2970 1715 3024 ἀπὺ
1739 2969 1848 3041 γὰρ
1874 2970 1983 3024 τῶν
2020 2970 2224 3040 παρελ-

656 3059 858 3114 θόντων
895 3062 1121 3114 κάκεῖνα
1154 3059 1500 3130 στοχάζομαι.
1532 3059 1829 3125 Πεποιθὼς
1856 3057 2001 3113 αὐτὸ
2029 3058 2226 3123 τοῦτο,

661 3153 842 3223 φησὶν,
874 3151 963 3205 ὅτι
993 3154 1027 3205 ό
1052 3150 1455 3220 ἐναρξάμενος
1493 3150 1563 3204 ἐν
1592 3151 1732 3220 ὑμῖν
1768 3151 1945 3219 ἔργον
1980 3148 2224 3218 ἀγαθὸν,

653 3241 989 3297 ἐπιτελέσει
1027 3242 1198 3311 ἄχρις
1225 3241 1448 3310 ἡμέρας
1482 3240 1674 3308 Ἰησοῦ
1697 3241 1970 3309 Χριστοῦ.

730 3424 800 3485 7'.
819 3419 959 3488 Ὅρα
975 3416 1088 3479 πῶς
1102 3415 1295 3479 αὐτοὺς
1311 3414 1402 3470 καὶ
1416 3415 1723 3488 μετριάζειν
1738 3417 1993 3470 διδάσκει.
2013 3418 2227 3490 Ἐπειδὴ

657 3510 769 3580 γάρ
800 3509 943 3578 μέγα
970 3508 1152 3569 αὐτοῖς
1174 3503 1522 3576 ἐμαρτύρησε
1550 3506 1802 3576 πρᾶγμα,
1834 3506 1922 3560 ἵνα
1956 3507 2029 3577 μή
2057 3523 2109 3559 τι
2136 3508 2228 3560 ἀν-

657 3602 931 3673 θρώπινον
960 3598 1224 3660 πάθωσιν,
1256 3596 1458 3659 εὐθέως
1503 3596 1745 3650 παιδεύει
1772 3597 1968 3660 αὐτοὺς
2010 3598 2103 3651 ἐπὶ
2135 3600 2226 3652 τὸν

661 3691 894 3761 Χριστὸν
923 3690 1016 3743 καὶ
1041 3689 1111 3740 τά
1137 3688 1493 3758 παρελθόντα,
1531 3688 1625 3741 καὶ
1652 3686 1722 3740 τά
1755 3688 2014 3758 μέλλοντα
2043 3689 2227 3742 ἀνατιο

659 3779 810 3835 θιναι
829 3795 842 3808 ⁸
879 3779 1023 3843 πῶς;
1054 3778 1128 3832 Ού
1159 3780 1265 3849 γάρ
1294 3774 1433 3842 εἷπε,
1460 3776 1758 3841 Πεποιθὼς,
1782 3778 1863 3832 δτι
1892 3777 1967 3841 ώς
1998 3779 2225 3849 ἐνήρξα-

662 3873 776 3935 σθε,
808 3871 898 3924 καὶ
925 3869 1189 3934 τελέσετε,
1217 3869 1351 3922 ἀλλά
1376 3867 1463 3934 τίς
1499 3867 1553 3920 '0
1578 3867 1980 3937 ἐναρξάμενος
1996 3870 2066 3923 ἐν
2086 3870 2227 3940 ὑμῖν

660 3966 839 4037 ἔργον
864 3964 1089 4034 ἀγαθὸν
1114 3962 1473 4017 ἐπιτελέσειο
1497 3960 1617 4015 οὔτε
1643 3962 2014 4033 ἀπεστέρησεν
2034 3964 2227 4027 αὐτοὺς

659 4057 755 4111 τοῦ
786 4053 1203 4125 κατορθώματος
1220 4069 1237 4083 ο
1269 4047 1389 4105 εἶπε
1408 4052 1537 4124 γάρ,
1555 4052 1635 4106 ὅτι
1659 4052 1742 4123 Τῇ
1762 4055 2039 4121 κοινωνίᾳ
2060 4054 2229 4124 ὑμῶν

660 4148 866 4218 χαίρω,
901 4144 1162 4214 δηλονότι,
1197 4142 1271 4206 ὡς
1300 4141 1476 4196 αὐτῶν
1503 4143 1905 4215 κατορθούντων
1927 4160 1941 4176 ·
1988 4144 2111 4198 οὔτε
2148 4143 2227 4199 εἴ·

663 4255 766 4292 πεν
793 4236 973 4297 αὐτῶν
1008 4229 1147 4287 εἶναι
1190 4233 1259 4287 τὰ
1304 4232 1701 4304 κατορθώματα
1729 4235 1908 4304 μόνον,
1936 4235 2070 4290 ἀλλά
2099 4254 2229 4309 προ-

661 4327 978 4401 ηγουμένως
1012 4325 1105 4380 τοῦ
1134 4323 1302 4377 Θεοῦ’
1336 4325 1687 4397 ὼρῤῶ·γάρ,
1720 4328 1902 4402 φησὶν,
1940 4327 2029 4381 ὅτι
2060 4332 2094 4383 d
2125 4329 2224 4383 ἐν·

660 4419 993 4489 ἀρξάμενος
1012 4418 1081 4471 ἐν
1106 4417 1248 4486 ὑμῖν
1264 4415 1439 4485 ἔργον
1455 4402 1681 4485 ἀγαθὸν
1705 4416 2039 4473 ἐπιτελέσει
2058 4420 2229 4489 ἄχρις

632 4542 635 4547 -
662 4510 887 4580 ἡμέρας
921 4508 1113 4577 Ἰησοῦ
1147 4506 1435 4575 Χριστοῦο
1462 4506 1759 4574 τουτέστιν,
1782 4512 1811 4562 6
1836 4509 1985 4574 Θεός.
2005 4512 2080 4565 υύ
2100 4511 2229 4581 περὶ

666 4602 819 4670 ὑμῶν
850 4601 945 4666 δὲ,
977 4601 1131 4671 φησὶ,
1165 4601 1342 4669 μόνον,
1369 4599 1505 4655 ἀλλά
1544 4600 1638 4653 καὶ
1680 4602 1806 4670 περὶ
1836 4602 1945 4655 τῶν
1988 4601 2048 4667 ἐξ
2076 4603 2228 4673 ὑμῶν

662 4692 807 4745 οὕτω
829 4690 1127 4759 διάκειμαι.
1160 4690 1268 4741 Καὶ
1294 4687 1451 4741 τοῦτο
1487 4686 1596 4759 γὰρ
1625 4688 1686 4742 οὐ
1716 4689 1910 4760 μικρὸν
1934 4690 2226 4762 ἐγκώμιον,

662 4783 723 4835 τὸ
746 4782 836 4835 τὸν
866 4780 998 4834 Θεὸν
1026 4778 1084 4831 ἐν
1114 4795 1219 4831 τινι
1249 4779 1506 4849 ἐνεργεῖν.
1539 4778 1599 4831 Εἰ
1629 4779 1739 4850 γάρ
1769 4779 1844 4850 μὴ
1873 4782 2229 4854 προσωπολή-

664 4891 804 4944 πτης
846 4873 1012 4933 ἐστὶν,
1044 4871 1231 4942 ὥσπερ
1271 4866 1362 4924 οὖν
1404 4871 1524 4924 ούδέ
1571 4872 1737 4936 ἐστιν,
1769 4872 1905 4926 ἀλλά
1948 4874 2081 4943 πρὸς
2127 4876 2228 4944 τὴν

664 4967 919 5038 πρόθεσιν
970 4963 1111 5034 ὀρῶν
1137 5001 1153 5027 ,
1206 4962 1601 5030 συνεφάπτεται
1646 4962 1756 5016 τῶν
1794 4964 2229 5034 κατορθωμάτων

666 5059 814 5128 ἡμῖν,
838 5056 997 5126 δῆλον
1025 5052 1177 5126 [198]
1212 5054 1292 5108 ὅτι
1316 5052 1409 5106 τοῦ
1436 5052 1841 5108 ἐπισπάσασθαι
1877 5056 2036 5111 αὐτὸν
2067 5058 2228 5127 ἡμεῖς

666 5148 1033 5202 αἴτιοι.”Ωστε
1076 5145 1198 5199 οὐδὲ
1246 5143 1417 5208 οὕτως
1464 5143 1838 5216 ἀπεστέρησεν
1879 5145 2229 5209 αὐτοὺςντῶν

666 5237 983 5308 ἐγκωμίων·
1014 5236 1135 5289 ἐπεὶ
1163 5236 1213 5287 εί
1243 5233 1428 5298 ἀπλῶς
1452 5236 1689 5315 ἐνήργει,
1718 5234 1871 5289 οὐδὲν
1898 5235 2227 5309 ἀνοέκώλυσε

666 5328 763 5383 καὶ
788 5328 1053 5398 ’Έλληνας
1090 5327 1183 5393 καὶ
1224 5324 1427 5399 πάντας
1453 5324 1770 5396 ἀνθρώπους
1798 5326 2153 5398 ἐνεργεῖσθαι,
2180 5329 2229 5381 εί

666 5421 742 5483 ώς
765 5418 897 5485 ξύλα
920 5422 1063 5488 ἡμᾶς
1091 5416 1377 5472 ἐκίνει-οιαὶ
1404 5415 1600 5482 λίθους,
1624 5416 1718 5471 καὶ
1745 5416 1819 5489 μὴ
1837 5417 1906 5471 τὰ
1925 5419 2053 5488 παρ’
2073 5420 2105 5490 ἡ
2113 5419 2229 5488 μῶν

669 5511 871 5581 ἐζήτει.
899 5493 1055 5563 Ὥστε
1107 5507 1184 5577 τῷ
1232 5510 1424 5570 είπεῖν,
1459 5507 1522 5561 '0
1564 5508 1707 5575 Θεὸς
1756 5508 2104 5576 ὲπιτελέσει,
2136 5514 2231 5566 καὶ

668 5600 827 5655 τοῦτο
857 5600 1015 5653 πάλιν
1043 5600 1219 5654 αὐτῶν
1246 5599 1516 5671 ἐγκώμιον
1546 5589 1773 5669 γίνεται,
1794 5599 1903 5653 τῶν
1931 5604 2233 5657 ἐπισπασα-

675 5696 849 5763 μένων
897 5694 990 5747 τοῦ
1020 5693 1155 5747 Θεοῦ
1200 5695 1301 5763 τὴν
1338 5693 1499 5764 χάριν
1545 5693 1912 5764 συμπράττειν
1944 5695 2128 5758 αὐτοῖς
2170 5696 2230 5748 εν

670 5784 749 5853 τῷ
778 5784 1077 5854 ύπερῦῆναι
1106 5786 1204 5856 τὴν
1225 5785 1572 5856 ἀνθρωπίνην
1600 5783 1779 5853 φύσιν.
1812 5784 1921 5838 Καὶ
1948 5785 2145 5856 ἑτέρως
2173 5786 2230 5839 δὲ

1310 431 1371 480 S.
1406 423 1685 479 JOANNIS
1720 420 2203 479 CIIRYSOSTOMI
2239 421 2557 477 ARCIIIEP.
2592 423 3133 483 CONSTANTINOP.

3790 426 3896 484 181

2328 541 2619 612 ἐγκώμιον,
2650 542 2730 595 ὅτι
2763 540 2985 595 τοιαῦτα
3023 540 3093 595 τά
3117 538 3515 611 κατορθώματα
3543 535 3703 610 ὑμῶν
3725 541 3896 605 ἐστιν,

2326 628 2464 682 ὥστε
2495 631 2569 700 μὴ
2604 624 2743 683 εῖναι
2766 627 3099 699 ἀνθρώπινα,
3117 627 3253 681 ἀλλά
3277 627 3377 697 τῆς
3402 626 3497 681 τοῦ
3526 622 3661 680 Θεοῦ
3688 628 3898 682 δεῖσθαι

2330 719 2520 791 ῥοπῆς.
2574 720 2638 774 Εἰ
2671 719 2729 773 δὲ
2765 721 2793 772 ό
2820 718 2952 782 Θεὸς
2995 717 3315 782 ἐπιτελέσει,
3357 717 3479 771 οὐδὲ
3528 716 3693 779 πολὺς
3738 716 3896 770 ἐσται

2330 810 2593 879 κάματος,
2626 809 2759 863 ἀλλά
2788 808 2871 862 δεῖ
2898 810 3143 881 θαρρεῖν,
3168 808 3245 871 ώς
3286 807 3540 879 εὐμαρῶς
3578 808 3753 861 πάντα
3780 806 3898 859 διαρ-

2326 902 2577 959 νυόντων.
2609 903 2703 955 au
2732 901 2821 961 ὑπ’
2843 899 3051 953 ἐκείνου
3087 897 3484 970 βοηθουμένων.
3529 897 3731 963 Καθὼς
3756 898 3898 971 ᾄσει

2325 992 2556 1046 δίκαιον
2579 992 2684 1061 ἐμὲ
2733 991 2907 1046 τοῦτο
2945 991 3190 1061 φρονεῖν
3220 989 3372 1058 ὑπὲρ
3398 988 3677 1043 ἁπάντων
3702 987 3891 1056 ὑμῶν,

2324 1080 2421 1135 διὰ
2452 1082 2517 1136 τὸ
2542 1082 2705 1151 ἔχειν
2727 1098 2802 1151 με
2820 1081 2890 1135 ἐν
2915 1080 2989 1149 τῇ
3020 1080 3235 1149 καρδίᾳ
3260 1079 3435 1149 ὑμᾶς,
3462 1078 3532 1131 ἕν
3556 1094 3621 1132 τε
3644 1078 3764 1144 τοῖς
3793 1078 3897 1132 δε-

2325 1171 2501 1240 σμοῖς
2525 1189 2658 1239 μου.
2691 1170 2790 1225 καί
2820 1171 2892 1225 ἐν
2916 1170 2990 1239 τῇ
3018 1170 3309 1239 ἀπολογίᾳ
3338 1186 3479 1238 μου,
3512 1168 3610 1222 καὶ
3645 1168 3898 1232 ,ϐεϐαιώ-

2326 1277 2422 1316 σει
2453 1260 2561 1314 τοῦ
2583 1261 2975 1331 Εῠατγελίου,
3004 1245 3451 1329 συγκοινωνούς
3489 1275 3606 1328 μου
3637 1256 3745 1325 τῆς
3777 1256 3894 1327 χά-

2318 1369 2482 1423 ριτος
2519 1351 2747 1418 πάντας
2792 1352 2948 1422 ὑμᾶς
2988 1352 3189 1417 ὄντας.
3234 1349 3409 1404 Πολὺν
3440 1349 3577 1411 τέως
3622 1348 3896 1402 δείκνυσιν

2327 1444 2559 1497 ἐνταῦθα
2598 1441 2763 1497 αὐτοῦ
2806 1442 2897 1495 τδν
2938 1441 3125 1504 πόθον,
3157 1441 3211 1494 ετ
3250 1457 3315 1509 γε
3362 1441 3419 1493 ἐν
3462 1438 3657 1510 καρδίᾳ
3694 1437 3896 1500 αὐτοὺς

2327 1529 2458 1604 εἶχε,
2488 1534 2582 1587 καὶ
2613 1535 2671 1586 ἐν
2711 1532 2861 1603 αὐτῷ
2890 1532 2967 1603 τῷ
2993 1530 3351 1603 δεσμωτηρίῳ
3382 1529 3662 1599 δεδεμένος
3695 1527 3894 1580 Φιλιπ-

2327 1626 2535 1696 πησίων
2565 1624 2857 1696 ἐμέμνητο.
2878 1622 2952 1676 Οὐ
2979 1621 3172 1693 μικρὸν
3200 1622 3257 1675 δὲ
3281 1620 3393 1675 τῶν
3411 1618 3619 1690 ἀνδρῶν
3642 1617 3703 1672 16
3724 1616 3899 1686 ἐγκύ-

2330 1731 2469 1785 μιον,
2496 1712 2560 1766 16
2594 1712 2900 1783 μεμνῆσθαι
2945 1711 3049 1764 ὑπὸ
3090 1708 3183 1763 τοῦ
3225 1709 3379 1778 ἁγίου
3427 1707 3650 1790 τούτου·
3703 1706 3895 1777 ἐπειδὴ

2330 1803 2464 1874 μηδέ
2509 1805 2625 1856 ἐστι
2678 1802 2998 1873 προλήψεως
3044 1802 3078 1871 ἠ
3126 1798 3219 1853 τοῦ
3262 1798 3420 1868 ἀγίου
3458 1798 3650 1875 τούτου
3676 1796 3892 1867 ἀγάπη.

2328 1894 2461 1948 ἀλλά
2488 1893 2721 1964 κρίσεως
2751 1891 2845 1946 καὶ
2888 1891 3163 1959 λογισμῶν
3187 1888 3553 1960 όρθῶν.”Ωστε
3582 1888 3644 1941 16
3670 1887 3893 1956 ἀγατιτᾶ⁹

2330 1984 2451 2038 σθαι
2501 1984 2652 2055 παρά
2694 1982 2907 2037 Παύλου
2948 1980 3091 2035 οὕτω
3144 1979 3405 2051 σφοδρῶς,
3429 1978 3731 2049 τεκμήριόν
3775 1979 3896 2033 ἐστι

2327 2074 2447 2129 τινά
2473 2070 2611 2128 εἶναι
2639 2073 2812 2143 μέγαν
2836 2074 2933 2126 καὶ
2958 2070 3286 2140 θαυμαστόν.
3324 2069 3432 2125 Καὶ
3471 2070 3542 2123 ἐν
3574 2066 3651 2137 τῇ
3673 2068 3899 2123 ἀπολο-

2327 2165 2446 2233 γίᾳ,
2480 2164 2632 2234 φησὶ,
2657 2162 2757 2216 καὶ
2783 2159 3098 2226 βεϐαιώσει
3127 2159 3234 2213 τοῦ
3263 2160 3653 2229 Εὑαγτελίου.
3692 2157 3802 2210 Καὶ
3842 2153 3897 2209 τί

2330 2254 2657 2325 θαυμαστὸν,
2689 2255 2737 2305 εί
2761 2253 2819 2305 ἐν
2848 2250 2924 2321 τῷ
2947 2249 3305 2321 δεσμωτηρίῳ
3329 2244 3472 2319 εἶχεν
3502 2246 3735 2311 αὐτούς;
3758 2245 3899 2300 υύδὶ

2327 2346 2437 2415 γὰρ
2478 2344 2599 2395 κατ’
2624 2344 2827 2395 ἐκεῖνον
2871 2340 2963 2393 τὸν
3000 2338 3207 2410 καιρὸν,
3242 2339 3404 2407 φησὶ,
3436 2338 3557 2391 καθ’
3582 2337 3643 2391 δν
3690 2337 3901 2407 εἰσῄειν

2328 2436 2407 2498 είς
2450 2433 2512 2488 τὸ
2546 2434 2892 2503 δικαστήριον
2920 2432 3411 2502 ἀπολογησόμενος,
3441 2429 3736 2494 ἐξεπέσατέ
3791 2445 3900 2497 μου

2326 2524 2426 2594 τῆς
2468 2525 2704 2595 μνήμης.
2737 2522 2893 2577 Οὕτω
2935 2523 3044 2593 γάρ
3096 2525 3211 2575 ἐστι
3252 2521 3571 2591 τυραννικὸν
3617 2520 3649 2572 6
3696 2519 3839 2590 ἔρως
3868 2519 3902 2570 6

2329 2615 2715 2685 πνευματικὸς,
2744 2613 2818 2676 ὡς
2849 2614 3037 2684 μηδενὶ
3064 2614 3412 2683 παραχωρεῖν
3443 2610 3639 2681 καιρῷ,
3662 2610 3779 2665 ἀλλ’
3806 2610 3901 2662 ἀεὶ

2327 2702 2427 2772 τῆς
2457 2701 2630 2773 ψυχῆς
2659 2701 2874 2773 ἔχεσθαι
2903 2700 2996 2754 τοῦ
3022 2700 3323 2770 φιλοῦντος,
3355 2700 3450 2753 καὶ
3487 2699 3763 2770 μηδεμίαν
3782 2697 3901 2751 θλῖ-

2328 2792 2421 2861 ψιν
2466 2791 2499 2862 ἢ
2548 2791 2738 2861 ὀδύνην
2786 2792 3086 2862 συγχωρεῖν
3132 2788 3513 2861 περιγενέσθαι
3556 2789 3658 2857 τῆς
3687 2786 3899 2858 ψυχῆς.

2329 2882 2594 2954 Καθάπερ
2646 2883 2755 2953 γὰρ
2797 2882 2891 2935 ἐπὶ
2932 2881 3029 2952 τῆς
3085 2882 3316 2951 καμίνου
3362 2880 3461 2948 τῆς
3504 2878 3899 2943 Βαϐυλωνίας,

2328 2970 2593 3042 τοσαύτης
2638 2970 2932 3043 αἰρομένης
2985 2970 3200 3040 φλογὸς,
3231 2969 3419 3040 δρόσος
3451 2964 3522 3041 ἦν
3551 2970 3666 3033 τοῖς
3716 2984 3905 3039 μακα-

2335 3057 2469 3129 ρίοις
2490 3058 2716 3123 ἐκείνοις
2747 3058 2934 3112 παισίν
2957 3074 2970 3088 ·
2997 3057 3143 3111 οὕτω
3163 3057 3259 3111 καὶ
3284 3056 3435 3125 φιλία
3453 3055 3546 3110 τοῦ
3573 3055 3905 3125 ἀγαπῶντος

2330 3150 2425 3203 καὶ
2454 3149 2776 3221 ἀρέσκοντος
2804 3149 2922 3220 Θεῷ
2948 3150 3048 3220 τὴν
3078 3149 3255 3219 ψυχὴν
3284 3146 3690 3212 καταλαϐοῦσα,
3713 3146 3905 3201 πᾶσαν

2329 3240 2677 3293 ἀποτινάσσει
2721 3239 2892 3308 φλόγα
2914 3281 2928 3305 ,
2980 3240 3074 3294 καὶ
3118 3239 3307 3310 δρόσον
3357 3239 3502 3292 ποιεῖ
3550 3236 3908 3307 θαυμαστήν.

2332 3330 2439 3383 Καὶ
2484 3329 2798 3394 ,βεϐαιώσει
2842 3331 2947 3385 τοῦ
2996 3313 3387 3399 Εὔα-Πελίου.
3438 3327 3621 3399 φησίν.
3642 3328 3788 3398 Ἀρα
3827 3327 3909 3383 τὰ

2329 3418 2503 3490 δεσμά
2532 3420 2821 3490 βεϐαίωσις
2850 3421 2941 3474 τοῦ
2972 3421 3304 3490 Εὐαγγελίου
3333 3415 3422 3491 ἦν,
3452 3418 3564 3491 ἀρα
3604 3418 3903 3488 ἀπολογία.

2330 3509 2442 3561 Καὶ
2471 3509 2611 3564 πάνυ
2643 3510 2839 3577 ὑγιῶς·
2869 3512 2950 3564 ὅτι
2985 3513 3033 3565 εί
3064 3509 3164 3581 μὲν
3205 3499 3559 3580 παρῃτήώιτο
3596 3507 3667 3563 τὰ
3692 3506 3905 3577 δεσμὰ,

2330 3598 2508 3664 ἔδοξεν
2554 3600 2622 3655 ἀν
2668 3596 2806 3654 εἶναι
2854 3598 3135 3657 ἀπατεώψ
3167 3600 3262 3655 νῦν
3286 3599 3346 3654 δὲ
3377 3599 3553 3653 πάντα
3587 3596 3901 3675 ὑπομένων,

2330 3689 2424 3742 καὶ
2447 3689 2620 3761 δεσμὰ
2646 3691 2739 3745 καὶ
2768 3690 2966 3759 θλῖψιν,
2992 3690 3143 3761 δηλοῖ
3160 3690 3237 3754 ὡς
3260 3691 3361 3743 οὐκ
3382 3688 3731 3760 ἀνθρωπίνης
3749 3688 3908 3753 τινος

2329 3780 2509 3844 αίτίας
2538 3780 2725 3835 ἐνεκεν
2766 3780 2937 3835 ταῦτα
2966 3781 3186 3851 πάσχει,
3214 3780 3349 3835 ἀλλά
3393 3780 3485 3833 διά
3519 3779 3613 3833 τὸν
3642 3777 3775 3832 Θεδν
3803 3778 3907 3833 τὸν

2331 3870 2763 3925 ἀνταποδιδόντα.
2796 3871 2983 3935 Οὐδεὶς
3014 3870 3119 3943 γάρ
3160 3871 3227 3925 ἀν
3264 3870 3358 3925 καὶ
3390 3870 3681 3924 ἀποθανεῖν
3720 3868 3909 3924 εἵλετο

2333 3963 2426 4017 καὶ
2451 3962 2734 4029 τοσούτους
2772 3961 3047 4025 κινδύνους
3087 3959 3465 4026 ἀναδέξασθαι,
3494 3959 3667 4022 οὐδεὶς
3705 3957 3774 4012 ἀν
3802 3959 3909 4013 καὶ

2334 4053 2542 4125 βασιλεῖ
2568 4053 2793 4124 τοιούτῳ
2818 4052 3138 4120 κατεδέξατο
3159 4050 3555 4125 προσκροῦσαι,
3574 4049 3653 4122 τῷ
3677 4051 3905 4121 Νέρωνι

2330 4146 2495 4215 λέγω,
2512 4146 2560 4199 εί
2584 4146 2659 4217 μὴ
2688 4145 2823 4217 πρὸς
2846 4145 2934 4198 ἐτε
2943 4162 3030 4215 ρον
3056 4144 3202 4217 ἐώρα
3219 4143 3442 4214 βασιλέα
3457 4142 3637 4215 πολλῷ
3653 4142 3909 4214 μείζονα.

2335 4240 2476 4310 Ἀρα
2523 4236 2812 4307 βεδαίωσις
2855 4235 2946 4289 τοῦ
2996 4234 3329 4303 Εὑαγγελίου
3368 4228 3437 4304 ἦν
3463 4235 3531 4287 τά
3555 4232 3915 4304 δεσμάῗορα

2333 4330 2450 4393 πῶς
2474 4331 2539 4383 ἐκ
2564 4326 2883 4399 περιουσίας
2908 4328 2989 4389 είς
3010 4327 3071 4380 τὸ
3102 4325 3345 4379 ἐναντίον
3372 4324 3587 4379 ᾶπαντα
3623 4321 3774 4398 [[99]
3804 4332 3917 4378 πε-

2340 4418 2716 4490 ριέτρεψεν.Ὃ
2741 4418 2850 4487 γάρ
2878 4415 3123 4487 ἐνόμιζον
3150 4412 3289 4470 εἶναι
3316 4414 3600 4470 ἀσθένειαν
3631 4415 3729 4470 καὶ
3762 4431 3913 4469 κατ-

2330 4508 2581 4579 ηγορίαν,
2603 4507 2762 4562 τοῦτο
2789 4507 3079 4579 βεδαίωσίν
3111 4522 3246 4577 φησι
3263 4524 3279 4538 ο
3307 4506 3404 4561 καὶ
3431 4507 3481 4581 εί
3512 4506 3589 4578 μὴ
3615 4503 3778 4560 τοῦτο
3802 4505 3906 4573 γά-

2332 4618 2506 4670 γονεν,
2536 4602 2595 4653 ἐν
2617 4598 2869 4670 ἀσθενείᾳ
2904 4593 2992 4668 ἦν.
3022 4594 3153 4652 Εῐτα
3185 4597 3455 4651 δείκνυσιν
3483 4598 3570 4652 ὅτι
3596 4596 3656 4650 οὐ
3698 4595 3918 4668 προλή-

2332 4691 2476 4760 ψεως
2498 4692 2530 4760 ἠ
2554 4690 2763 4762 ἀγάπη,
2794 4689 2929 4755 ἀλλά
2975 4687 3367 4761 κρίσεως.ᾠώ
3404 4688 3485 4755 τί;
3520 4686 3681 4757 Ἐχω
3719 4685 3913 4757 ὑμᾶς,

2334 4779 2517 4849 φησὶν,
2547 4780 2617 4833 ἐν
2645 4775 2771 4845 τοῖς
2816 4777 3065 4847 δεσμοῖς
3105 4794 3248 4846 μου,
3278 4776 3377 4830 καί
3411 4777 3482 4832 ἐν
3501 4775 3577 4846 τῇ
3604 4777 3918 4846 ἀπολογίᾳ

2332 4871 2430 4924 διὰ
2474 4873 2541 4924 τὸ
2573 4868 3016 4940 συγκοινωνοὺς
3060 4863 3211 4922 εῖναι
3257 4866 3368 4936 τῆς
3395 4868 3657 4937 χάριτος.
3684 4868 3750 4921 Τί
3783 4870 3916 4925 ἐστι

2332 4961 2487 5016 τοῦτο
2506 4978 2521 5026 ;
2547 4964 2579 5031 ἠ
2598 4962 2755 5031 χάρις
2773 4960 2867 5013 τοῦ
2884 4960 2942 5013 Ἀ
2950 4958 3211 5013 ποστόλου
3226 4958 3383 5013 τοῦτο
3396 4954 3466 5031 ἦν
3483 4960 3545 5013 16
3557 4959 3913 5030 δεσμεῖσθαι,

2331 5054 2392 5108 τὸ
2418 5052 2755 5115 ἐλαύνεσθαι,
2781 5052 2843 5105 16
2871 5050 3037 5123 μυρία
3066 5051 3291 5121 πάσχειν
3326 5050 3507 5118 δεινάς
3535 5049 3677 5105 Ναί·
3716 5051 3926 5119 Ἀρκεῖ

2333 5145 2442 5216 γάρ
2484 5159 2603 5208 σοι.
2635 5145 2819 5214 φησὶν.
2842 5144 2880 5211 ἡ
2912 5142 3082 5211 χάρις
3106 5160 3253 5213 μου·
3285 5144 3325 5212 ἠ
3368 5143 3478 5213 γὰρ
3504 5142 3758 5212 δύναμις
3778 5161 3916 5213 μοι’

2332 5237 2400 5291 ἐν
2444 5237 2727 5304 ἀσθενείᾳ
2775 5236 3121 5290 τελειοῦται.
3155 5234 3250 5289 Διὸ
3303 5232 3550 5295 εὐδοκῶ.
3600 5236 3789 5305 φησὶν,
3836 5236 3918 5290 ἐν·

2333 5326 2687 5391 ἀσθενείαις,
2717 5324 2786 5378 ἐν
2812 5324 3074 5391 ὕϐρεσιν.
3112 5322 3265 5376 Ἐπεὶ
3312 5319 3405 5378 οῦν
3440 5320 3582 5394 όρῶν
3626 5322 3771 5393 ὑμᾶς
3817 5324 3920 5380 διὰ

2332 5419 2441 5472 τῶν
2468 5418 2643 5490 ἔργων
2673 5419 2772 5488 τὴν
2798 5416 2995 5487 ἀρετὴν
3021 5416 3518 5485 ἐπιδεικνυμένους,
3548 5414 3646 5469 καὶ
3676 5414 3776 5485 τῆς
3806 5417 3922 5486 χά-

2336 5524 2480 5576 ριτος
2508 5505 2709 5577 ταύτης
2736 5504 2894 5568 ὄντας
2924 5504 3235 5567 κοινωνοὺς,
3266 5506 3364 5558 καὶ
3401 5503 3538 5573 μετά
3571 5496 3918 5575 προθυμίας,

2334 5601 2554 5665 εἰκότως
2589 5600 2763 5654 ταῦτα
2784 5596 3127 5668 στοχάζομαι.
3150 5597 3208 5649 '0
3229 5596 3340 5666 γάρ
3366 5600 3559 5668 πεῖραν
3575 5596 3729 5665 ὑμῶν
3750 5598 3880 5671 είλη
3896 5630 3921 5644 .

2314 5682 2470 5763 φὼς,
2494 5693 2588 5745 καὶ
2637 5691 2869 5762 μάλιστα
2919 5689 3136 5742 πάντων
3164 5689 3309 5758 ὑμᾶς
3341 5688 3523 5752 εἰδὼς,
3551 5688 3737 5743 καὶ,τά
3765 5689 3921 5761 ὑμέ..

2336 5800 2466 5855 τερα
2493 5780 2913 5855 κατορθώματα,
2948 5780 3030 5834 ὅτι
3067 5780 3162 5834 καὶ
3198 5778 3452 5836 τοσοῦτον
3481 5778 3637 5851 ἡμῶν
3662 5779 3926 5853 ἀφεστη-
