4096 6310
234 392 260 445 I
271 390 340 446 εις

233 517 425 568 abesse
455 531 470 568 :
499 511 627 566 licet
667 509 820 565 vobis
866 507 967 561 alia
1013 502 1243 575 quadam
1296 501 1504 556 ratione
1551 510 1672 552 cum
1716 493 1822 547 illis

233 605 381 658 coire
406 602 745 664 societatem,
785 597 838 653 id
876 606 960 652 est
990 591 1350 654 inserviendo.
1381 587 1617 646 curando
1643 600 1706 638 ac
1737 583 1819 637 fo-

238 691 434 747 vendo.
473 689 606 746 Nam
644 699 698 744 et
738 688 840 743 hoc
879 686 974 741 Dei
1011 682 1356 752 benignitatis
1385 687 1492 745 est,
1531 692 1624 732 eos
1659 675 1819 730 etiam

234 782 328 851 qui
359 779 776 850 negligentiores
813 784 958 838 sunt,
989 789 1090 829 nec
1127 773 1316 826 duram
1347 768 1518 832 illam,
1551 778 1823 834 asperam,

233 876 560 945 exquisitam
593 872 802 926 vivendi
831 872 1092 925 rationem
1118 866 1394 934 suscipere
1423 867 1668 930 possunt,
1697 871 1816 910 rur-

233 983 334 1022 sus
370 981 466 1034 per
499 966 655 1018 aliam
698 964 839 1016 viam
877 960 943 1015 ad
974 959 1220 1014 eumdem
1249 965 1407 1023 atque
1445 951 1563 1006 illos
1600 947 1821 1017 gradqu

237 1057 559 1128 provehere.
587 1059 760 1123 Atque
787 1054 888 1106 hoc
913 1049 1052 1104 illud
1073 1057 1171 1112 est,
1196 1045 1336 1116 quod
1362 1042 1556 1098 Paulus
1581 1053 1820 1128 commu-

233 1127 458 1204 ttionem
505 1157 658 1200 vocat
687 1162 700 1197 :
729 1143 1138 1200 Communicaut
1171 1137 1348 1201 nobis,
1393 1133 1582 1201 lnquit,
1622 1137 1677 1182 et
1717 1127 1819 1180 im-

236 1244 476 1310 partiunt
503 1238 769 1299 carnalia;
803 1246 857 1291 et
885 1249 982 1288 nos
1013 1233 1117 1287 illis
1157 1227 1616 1284 eommunicamus
1655 1219 1816 1289 spiri—

233 1332 397 1384 tualia
429 1330 606 1401 (Rom.
644 1327 731 1382 i5.
759 1327 874 1394 27).
915 1324 1045 1377 Nam
1078 1316 1526 1390 quemadmodum
1556 1313 1692 1367 Deus
1720 1323 1818 1379 pro

229 1419 443 1489 exiguis
485 1433 547 1471 ac
593 1417 793 1471 nullius
824 1413 1074 1484 ponderis
1103 1411 1262 1464 rebus
1301 1419 1520 1476 regnum
1552 1401 1771 1470 largitur
1800 1414 1850 1452 :-

232 1512 307 1564 ita
337 1519 392 1564 et
421 1509 563 1562 illius
589 1507 728 1560 servi
760 1521 856 1575 pro
885 1503 1091 1572 exiguis
1117 1515 1180 1555 ac
1209 1495 1498 1553 sensilibus
1522 1489 1813 1562 spiritualia

233 1599 546 1667 impartiunt
569 1615 584 1664 ;
615 1597 722 1651 imo
753 1611 880 1667 vero
907 1594 1021 1662 ipse
1048 1599 1154 1655 est,
1181 1589 1268 1659 qui
1301 1602 1394 1656 per
1424 1586 1521 1639 hos
1546 1592 1600 1636 et
1626 1581 1740 1635 haec
1763 1588 1816 1633 et

231 1663 329 1744 illa
349 1689 457 1743 dat.
486 1686 601 1741 Non
628 1695 781 1756 potes
801 1663 1064 1754 jejunium
1093 1676 1278 1734 ferre?
1308 1692 1412 1730 non
1436 1669 1816 1728 solitudinem?

232 1796 341 1834 non
365 1779 508 1834 humi
532 1779 767 1833 cubare?
793 1793 897 1832 non
919 1777 1153 1845 integras
1180 1781 1364 1826 noctes
1386 1767 1643 1840 vigilare?
1669 1765 1816 1818 Licet

230 1872 330 1926 tibi
375 1871 563 1924 barum
608 1871 844 1923 omnium
888 1881 1068 1922 rerum
1113 1861 1417 1918 mercedem
1463 1858 1728 1926 accipere,
1768 1853 1812 1907 si

227 1963 338 2016 alia
365 1961 593 2030 quadam
631 1961 837 2013 ratione
875 1973 992 2012 rem
1037 1966 1180 2010 tuam
1220 1949 1454 2024 gesseris
1487 1966 1501 2002 :
1535 1961 1726 2015 nempe
1768 1945 1812 1998 si

228 2067 381 2117 eum,
403 2052 492 2122 qui
510 2051 640 2105 istos
659 2050 869 2103 labores
889 2048 1050 2115 capit,
1071 2058 1248 2108 cures,
1272 2037 1505 2104 recre'es,
1529 2036 1814 2104 foveasque

226 2141 466 2205 assidue,
494 2149 548 2196 et
575 2140 814 2194 laborem
841 2139 929 2208 qui
956 2138 1010 2190 in
1038 2136 1145 2189 illis
1174 2131 1556 2188 certaminibus
1587 2127 1814 2182 sustine-

227 2241 318 2286 tur
346 2232 520 2287 levem
547 2231 762 2286 reddas.
797 2230 890 2284 ille
926 2227 1142 2298 quidem
1182 2232 1290 2280 stat
1330 2234 1573 2292 pugnans
1602 2232 1664 2272 ac
1691 2215 1810 2268 vul-

224 2338 358 2378 nera
399 2323 714 2392 excipiens;
766 2329 822 2374 tu
871 2334 1001 2374 vero
1053 2333 1083 2372 a
1130 2314 1423 2371 certamine
1475 2310 1808 2370 redeuntem,

223 2429 380 2478 cura,
407 2413 578 2468 obviis
607 2411 850 2466 manibus
879 2408 1111 2478 suscipe,
1141 2405 1392 2460 sudorem
1422 2403 1686 2468 absterge,
1721 2412 1809 2451 re-

221 2519 375 2570 crea,
401 2505 596 2570 solare,
630 2503 824 2556 lassam
854 2501 1086 2555 animam
1116 2498 1238 2552 fove
1263 2511 1326 2551 ac
1355 2494 1533 2548 refice.
1565 2488 1810 2544 Profecto

221 2599 272 2652 si
300 2607 447 2652 tanta
467 2613 590 2651 cum
610 2597 883 2651 alacritate
902 2593 1104 2649 sanctis
1126 2591 1498 2650 inserviamus,
1525 2583 1810 2655 participes

223 2689 537 2744 mercedum
566 2703 685 2759 quae
715 2687 836 2741 illos
859 2694 1076 2740 manent
1100 2683 1324 2738 erimus.
1351 2681 1460 2734 lloc
1489 2687 1543 2732 et
1567 2676 1810 2731 Christus

222 2778 386 2836 docet
406 2821 422 2844 ,
454 2779 633 2834 Facite
660 2779 795 2847 vobis
823 2779 1010 2831 amicos
1039 2776 1102 2830 de
1146 2789 1382 2828 montana
1427 2768 1723 2838 iniquitatis,
1756 2774 1809 2818 ut

220 2873 476 2941 recipiant
501 2889 587 2926 vos
611 2873 662 2925 in
683 2883 872 2925 (eterna
891 2867 1214 2923 tabernacula
1245 2865 1394 2939 (Luc.
1429 2863 1516 2917 16.
1543 2862 1627 2926 9).
1654 2858 1810 2912 Vides

220 2962 498 3032 quomodo
529 2962 614 3015 isti
647 2960 932 3030 participes
974 2959 1096 3014 facti
1143 2955 1374 3011 fuerint?
1415 2955 1456 3007 Α
1503 2952 1665 3021 prima
1703 2951 1806 3014 die,

221 3054 417 3120 inquit,
458 3069 615 3121 usque
658 3069 815 3106 nunc.
856 3050 937 3105 Ob
985 3050 1087 3104 hoc
1119 3049 1313 3117 ipsum,
1349 3045 1538 3114 inquit,
1579 3040 1805 3110 gaudeo.

221 3144 400 3213 Super
426 3143 879 3197 communicatione
904 3151 1087 3195 vestra.
1126 3136 1345 3194 Gaudeo
1382 3145 1559 3188 autem
1593 3147 1703 3186 non
1741 3129 1809 3184 de

220 3236 512 3305 prateritis
560 3243 784 3299 tantum,
839 3233 934 3288 sed
976 3231 1139 3286 etiam
1181 3230 1249 3284 de
1287 3228 1477 3281 futuris
1523 3241 1537 3278 :
1580 3239 1700 3276 nam
1741 3237 1806 3275 ex

219 3328 512 3399 pneteritis
537 3327 603 3380 de
634 3327 750 3380 istis
779 3339 989 3395 quoque
1019 3321 1380 3392 conjecturam
1410 3317 1564 3370 facio.
1589 3316 1642 3369 6.
1676 3315 1808 3367 Con-

220 3420 385 3487 ﬁdens
413 3419 512 3472 hoc
537 3418 722 3486 ipsum,
752 3416 943 3485 inquit,
969 3412 1203 3482 quiaqui
1225 3413 1375 3478 ccepit
1419 3411 1472 3460 in
1515 3407 1651 3459 vobis
1681 3420 1807 3473 Opus

217 3509 428 3570 bonum,
457 3509 681 3576 perﬁciet
709 3523 866 3575 usque
893 3506 946 3559 in
975 3505 1109 3558 diem
1137 3501 1168 3555 J
1177 3519 1261 3555 esu
1289 3500 1495 3554 Christi.

293 3601 346 3655 3.
384 3594 455 3650 In
485 3599 629 3654 bonis
657 3597 892 3666 operibus
927 3595 1071 3649 Deus
1096 3594 1222 3663 agit,
1262 3601 1307 3646 et
1334 3607 1424 3650 nos
1449 3606 1562 3642 cum
1597 3587 1807 3639 Deo.—

220 3689 359 3744 Vide
393 3688 664 3758 quomodo
696 3686 815 3741 illos
856 3683 1371 3740 modestiametiam
1418 3680 1550 3732 tueri
1592 3678 1800 3730 doceat.

220 3778 437 3833 Etenim
466 3778 716 3848 quoniam
739 3791 986 3845 magnum
1008 3772 1260 3844 quiddam
1284 3779 1420 3835 erat,
1447 3769 1587 3838 quod
1611 3769 1677 3821 de
1702 3767 1806 3820 illis

221 3875 451 3921 leuatus
491 3865 694 3929 fuerat;
736 3881 803 3919 ne
831 3863 1050 3920 humani
1085 3862 1211 3932 quid
1241 3862 1530 3931 patiantur,
1565 3859 1806 3926 protinus

220 3957 370 4026 ipsos
395 3957 648 4022 instituit,
681 3963 740 4009 ut
766 3964 821 4009 et
855 3955 1123 4025 praeterita
1164 3962 1217 4025 et
1243 3951 1418 4005 futura
1456 3950 1553 4018 ipsi
1594 3949 1805 4003 Christo

215 4028 438 4118 accepta
493 4046 746 4101 referant.
791 4044 1107 4114 Quomodo?
1158 4043 1271 4097 Non
1320 4041 1482 4118 dixit,
1543 4039 1801 4104 Confido,

213 4137 675 4208 quemadmodum
702 4138 962 4205 coepistis,
1008 4137 1078 4188 ita
1121 4135 1280 4189 etiam
1328 4132 1677 4210 perfecturos,
1708 4131 1803 4185 sed

213 4228 384 4299 quid“!
403 4227 507 4293 Qui
535 4228 684 4296 erepit
711 4227 762 4280 in
788 4227 922 4280 vobis
948 4242 1075 4294 opus
1101 4225 1307 4290 bonum,
1343 4223 1568 4293 perﬁciet
1591 4237 1608 4275 :
1633 4237 1804 4290 neque

215 4321 457 4389 ipsorum
487 4319 540 4371 in
580 4327 730 4372 recte
757 4317 899 4371 facto
941 4318 1146 4386 aliquas
1183 4315 1347 4368 fuisse
1387 4324 1569 4382 partes
1600 4322 1756 4382 negat
1785 4331 1799 4371 :

214 4409 354 4465 dixit
381 4408 551 4474 enim,
577 4406 788 4462 Gaudeo
825 4422 977 4475 super
1002 4404 1460 4459 communicatione
1486 4413 1688 4465 vestra;
1717 4402 1800 4456 ui-

217 4502 419 4555 mirum
449 4481 720 4569 tamquam
761 4498 859 4568 ipsi
890 4506 1038 4552 recte
1064 4511 1124 4552 se
1159 4496 1449 4566 gessissent
1479 4513 1491 4548 :
1522 4508 1696 4563 neque
1727 4503 1803 4547 ta-

215 4608 339 4647 men
367 4591 501 4662 ipsis
525 4590 802 4645 dumtaxat
829 4599 973 4645 recte
1018 4591 1148 4643 facta
1182 4589 1439 4658 assignat,
1479 4587 1573 4642 sed
1608 4588 1802 4656 princi-

216 4682 413 4751 paliter
439 4681 551 4735 Deo
578 4697 592 4733 :
621 4678 834 4748 Conﬁdo
862 4679 1029 4745 enim,
1061 4679 1249 4748 inquit,
1291 4679 1412 4750 quia
1447 4677 1530 4747 qui
1569 4678 1720 4747 capit
1748 4678 1798 4730 in

213 4770 353 4826 vobis
377 4788 506 4841 opus
525 4770 733 4834 bonum,
759 4772 982 4841 perﬁciet
1011 4787 1168 4840 usque
1191 4771 1242 4823 in
1268 4769 1402 4824 diem
1425 4769 1456 4821 .f
1465 4785 1552 4824 esu
1577 4768 1798 4832 Christi;
1818 4780 1835 4794 ⁸

211 4862 270 4917 ω
294 4872 400 4924 est,
425 4862 586 4916 Deus.
632 4861 742 4917 Nec
779 4877 908 4917 vero
936 4862 1108 4915 solum
1157 4861 1225 4914 de
1263 4860 1437 4925 vobis,
1478 4859 1670 4928 inquit,
1704 4859 1798 4914 sed

211 4953 376 5006 etiam
402 4951 471 5007 de
496 4951 582 5018 iis,
611 4945 704 5022 qui
733 4967 794 5006 ex
827 4952 978 5006 vobis
1007 4951 1270 5015 orientur,
1315 4949 1420 5005 hoc
1453 4964 1632 5020 spero.
1663 4947 1796 5003 Nam

208 5053 269 5098 et
293 5041 411 5097 luce
449 5056 560 5096 non
593 5042 784 5112 exigua
825 5042 940 5096 laus
968 5050 1070 5108 est,
1119 5030 1308 5111 nempe
1339 5041 1506 5096 Deum
1537 5040 1589 5094 in
1621 5040 1798 5110 aliquo

209 5133 446 5202 operari.
492 5133 705 5188 Etenim
741 5134 787 5188 si
830 5133 919 5189 ille
960 5148 1309 5204 personarum
1351 5142 1659 5203 acceptator
1689 5147 1795 5189 non

207 5229 314 5288 est,
359 5221 810 5292 quemadmodum
853 5232 1001 5278 certe
1028 5238 1135 5278 non
1165 5235 1268 5290 est,
1298 5223 1390 5279 sed
1429 5223 1495 5278 ad
1536 5224 1796 5294 cujusque

207 5299 542 5383 propositum
571 5321 822 5382 spectans
850 5313 1004 5368 nobis
1032 5314 1084 5367 in
1112 5313 1325 5370 virtutis
1364 5313 1556 5368 officiis
1589 5314 1800 5378 obeun-

204 5401 289 5456 dis
313 5402 608 5472 opitulatur
635 5419 651 5455 :
675 5404 806 5458 satis
827 5411 1040 5459 constat
1069 5420 1167 5459 nos
1197 5405 1343 5474 ipsos
1371 5421 1512 5472 esse,
1553 5406 1644 5476 qui
1688 5422 1782 5461 oc-

202 5493 479 5549 casionem
527 5492 720 5548 demus
765 5509 862 5549 cur
898 5495 986 5550 ille
1018 5495 1181 5550 nobis
1234 5496 1568 5551 concilietur.
1617 5496 1794 5565 Quare

201 5580 304 5638 hac
325 5583 491 5638 etiam
521 5582 737 5637 ratione
775 5583 899 5638 illos
936 5583 1149 5639 laudem
1178 5599 1297 5640 esse
1325 5585 1647 5655 promeritos
1684 5587 1789 5640 mi-

199 5673 584 5746 nimenegavit
612 5691 626 5725 :
657 5673 853 5744 alioqui
892 5675 937 5729 si
965 5675 1209 5732 absolute
1244 5685 1446 5748 ageret,
1493 5677 1622 5732 nihil
1659 5692 1789 5734 sane

199 5761 576 5836 impedimenti
605 5771 742 5829 erat,
766 5767 1050 5836 quominus
1075 5775 1131 5824 et
1159 5767 1332 5826 Grarci
1359 5776 1412 5826 et
1441 5784 1630 5828 omnes
1667 5785 1786 5828 om-

1162 381 1228 437 IN
1265 379 1474 437 EPIST.
1519 378 1611 433 AD
1651 372 1935 432 PHILIPP.
1976 371 2128 428 CAP.
2170 371 2212 427 Ι.
2255 373 2487 430 HOMIL.
2529 373 2570 430 Ι.

1931 491 2056 544 nino
2078 489 2318 546 homines
2335 501 2574 561 agerent;
2600 491 2664 556 si,
2687 489 2922 560 inquam,
2938 494 3263 564 nosporindc
3276 509 3336 547 ac
3351 489 3538 560 ligni.»

1926 593 1979 636 et
2006 583 2208 651 lapides
2247 593 2508 648 moveret,
2547 599 2720 651 neque
2764 593 2942 653 partes
2977 585 3153 636 etianr-
3173 593 3382 638 nostras
3421 583 3522 638 de-

1924 673 2206 728 sideraret.
2231 673 2615 742 Quamobrem,
2654 689 2798 740 cum,
2842 673 3034 743 inquit,
3082 673 3234 727 Deus-
3259 674 3510 742 perﬁciet,

1923 777 1976 820 et
2005 767 2104 820 hoc
2135 782 2319 822 rursus
2341 768 2406 820 ad
2439 768 2648 821 illorum
2678 765 2892 822 laudem
2916 766 3167 836 pertinet,
3198 766 3393 836 quippe
3423 767 3513 834 qni

1929 857 2016 910 Dei
2044 859 2266 926 gratiam
2300 859 2369 912 ita
2398 858 2500 912 sibi
2530 858 2890 921 conciliarint,
2929 866 2986 911 ut
3028 857 3157 926 ipsis
3186 871 3512 924 cooperare-

1926 958 2009 1000 tur
2034 949 2099 1001 ad
2129 959 2333 1003 naturae
2373 948 2618 1002 humanae
2657 935 3512 1016 conditionemexsuperandam.

1925 1037 2099 1105 Atque
2123 1039 2224 1091 alia
2255 1039 2417 1092 etiam
2447 1039 2655 1093 ratione
2693 1038 2870 1094 hacin
2909 1054 2966 1092 re
3007 1039 3121 1092 laus
3159 1040 3318 1103 inest,
3357 1039 3516 1092 nimi-

1925 1146 2061 1192 rum,
2098 1130 2244 1198 quod
2275 1132 2394 1184 talia
2437 1131 2546 1185 sint
2588 1139 2764 1186 vestra
2805 1139 2949 1184 recte
2999 1129 3158 1195 facta,
3205 1141 3262 1184 ut
3290 1133 3513 1186 minime

1924 1223 2150 1275 humana
2183 1223 2309 1285 sint,
2354 1223 2449 1277 sed
2476 1223 2656 1277 divino
2683 1232 2802 1276 actu
2833 1223 2902 1276 sit
2927 1237 3084 1291 opus.
3114 1223 3266 1290 Quod
3296 1223 3340 1277 si
3371 1224 3512 1278 Deus

1922 1311 2186 1382 perficiet,
2211 1329 2325 1366 non
2347 1315 2610 1368 maximus
2633 1312 2921 1382 capiendus
2944 1314 3044 1367 erit
3069 1313 3236 1378 labor,
3264 1313 3356 1367 sed
3380 1329 3512 1368 con-

1921 1404 2086 1459 ﬁdere
2125 1413 2356 1474 oportet,
2403 1403 2556 1459 facile
2593 1420 2622 1458 a
2663 1405 2818 1459 nobis
2857 1406 3035 1458 omnia
3075 1405 3368 1474 praestitum
3418 1405 3509 1472 iri,

1919 1495 2114 1564 quippe
2133 1496 2220 1565 qui
2249 1495 2316 1549 ab
2344 1496 2435 1548 illo
2465 1495 2799 1564 adjuvemur.
2831 1497 2890 1549 7.
2918 1495 3063 1549 Sicut
3102 1505 3171 1549 est
3194 1495 3394 1565 justum
3427 1513 3508 1551 me

1920 1585 2014 1638 hoc
2041 1587 2224 1638 sentire
2253 1603 2346 1655 pro
2374 1588 2606 1641 omnibus
2647 1589 2806 1648 vobis,
2841 1604 2898 1642 eo
2923 1588 3062 1658 quod
3087 1589 3298 1642 habeam
3332 1605 3418 1643 vos
3455 1593 3509 1644 in

1918 1677 2088 1742 corde,
2115 1687 2162 1730 et
2185 1678 2401 1730 vinculis
2431 1679 2572 1741 meis,
2606 1690 2652 1730 et
2679 1679 2732 1731 in
2759 1677 3050 1750 defensione
3076 1696 3208 1746 mea,
3245 1689 3292 1733 et
3319 1682 3511 1748 conﬁr-

1920 1769 2137 1821 matione
2165 1769 2431 1838 evangelii,
2463 1769 2601 1838 quod
2622 1786 2796 1824 omnes
2827 1786 2913 1824 vos
2943 1786 3045 1822 una
3070 1787 3264 1822 mecum
3293 1772 3510 1839 partici-

1920 1875 2006 1928 pes
2035 1860 2151 1912 estis
2193 1861 2391 1930 gratiae.
2426 1861 2666 1930 Magnam
2709 1862 2911 1916 interea
2953 1861 3210 1916 desiderii
3251 1863 3358 1916 vim
3405 1863 3512 1917 hoc

1918 1951 2036 2006 loco
2063 1952 2316 2016 ostendit,
2343 1953 2607 2022 siquidem
2639 1952 2760 2007 illos
2791 1954 2842 2006 in
2872 1952 3036 2008 corde
3065 1952 3314 2018 habebat,
3343 1964 3506 2023 atque

1918 2043 1970 2097 in
1998 2043 2227 2113 ipsemet
2252 2059 2469 2099 carcere
2497 2045 2705 2099 vinctus
2730 2045 3154 2114 Philippensium
3188 2045 3509 2100 recordaba-

1919 2145 2022 2190 tur.
2071 2135 2186 2189 Non
2233 2136 2464 2206 vulgaris
2507 2136 2746 2190 virorum
2795 2137 2934 2200 laus,
2986 2150 3107 2190 esse
3151 2137 3201 2189 in
3247 2137 3505 2190 memoria

1916 2227 2083 2281 sancti
2117 2227 2271 2294 hujus
2301 2245 2312 2279 :
2345 2243 2451 2281 non
2495 2228 2637 2282 enim
2683 2227 2826 2280 illius
2853 2227 3068 2281 dileetio
3102 2242 3165 2281 ex
3201 2228 3508 2283 inconside-

1916 2327 2032 2371 rato
2052 2318 2278 2386 quodam
2306 2318 2468 2372 animi
2494 2329 2662 2383 motu,
2687 2317 2781 2372 sed
2803 2317 3009 2386 judicio
3029 2332 3090 2372 ac
3109 2317 3248 2373 bene
3271 2322 3501 2389 cogitata

1917 2409 2122 2461 ratione
2142 2409 2452 2462 exsistebat.
2477 2409 2839 2474 Quamobrem
2865 2406 3010 2476 diligi
3032 2408 3263 2478 aliquem
3287 2425 3314 2462 a
3341 2410 3511 2464 Paulo

1915 2497 2049 2552 adeo
2077 2497 2440 2562 vehementer,
2472 2500 2601 2553 satis
2629 2500 2930 2568 argumenti
2959 2508 3065 2565 est,
3103 2516 3353 2570 magnum
3383 2517 3504 2558 esse

1916 2592 2063 2645 illum
2107 2603 2266 2662 atque
2309 2591 2704 2648 admirabilem.
2755 2590 2916 2645 Et'in
2965 2593 3272 2662 defensione,
3310 2594 3500 2663 inquit,

1914 2693 1960 2735 et
1987 2683 2364 2750 conﬁrmatione
2389 2682 2654 2751 evangelii.
2689 2682 2752 2736 Et
2785 2682 2910 2750 quid
2954 2683 3167 2744 mirum,
3207 2683 3253 2736 si
3301 2683 3356 2735 in
3384 2698 3502 2736 car-

1913 2789 2038 2830 cere
2069 2775 2190 2829 illos
2236 2776 2286 2828 in
2331 2775 2496 2830 corde
2542 2776 2804 2830 haberet?
2852 2774 2984 2829 Nam
3024 2791 3198 2846 neque
3239 2777 3331 2830 illo
3371 2786 3502 2830 tem-

1915 2880 2065 2933 pore,
2112 2866 2300 2935 inquit,
2346 2881 2453 2935 quo
2503 2865 2572 2920 ad
2620 2865 2852 2920 tribunal
2894 2866 3214 2920 accedi-bam
3261 2867 3503 2921 dicturus

1913 2970 2147 3019 causam,
2177 2973 2246 3011 ex
2285 2961 2464 3011 animo
2503 2973 2622 3012 meo
2665 2957 2966 3024 effluxistis.
3005 2959 3171 3012 Tanta
3205 2960 3345 3013 enim
3383 2961 3498 3012 vio-

1914 3045 2075 3101 lentia
2104 3056 2188 3101 est
2215 3049 2414 3102 amoris
2452 3047 2769 3116 spiritualis,
2803 3057 2860 3100 ut
2892 3047 3019 3102 nulli
3050 3047 3201 3102 cedat
3246 3050 3330 3102 ille
3365 3059 3499 3102 tem-

1914 3138 2048 3205 pori,
2098 3135 2194 3191 sed
2234 3137 2464 3191 amantis
2504 3137 2738 3191 animam
2781 3130 3497 3206 perpetuo'complectatur,

1913 3227 2162 3295 nullaque
2198 3228 2500 3281 calamitate
2542 3238 2635 3282 aut
2683 3228 2870 3282 dolore
2902 3229 3041 3283 vinci
3085 3231 3246 3283 sinat.
3284 3231 3494 3284 Etenim

1911 3315 2361 3385 quemadmodum
2405 3315 2456 3368 in
2494 3316 2709 3370 fornace
2746 3317 3094 3388 Babylonica,
3136 3334 3256 3372 cum
3295 3329 3496 3372 tantum

1910 3418 2054 3462 esset
2090 3407 2378 3462 excitatum
2421 3407 2750 3472 incendium,
2801 3423 2892 3464 ros
2952 3421 3129 3464 tamen
3171 3421 3288 3465 erat
3329 3413 3499 3465 beatis

1912 3499 2014 3551 illis
2044 3499 2222 3568 pueris
2255 3517 2267 3552 :
2299 3498 2368 3552 ita
2415 3499 2576 3552 etiam
2619 3499 2875 3565 amicitia,
2920 3500 3010 3552 ubi
3056 3503 3221 3555 semel
3266 3503 3500 3556 amantis

1915 3591 2129 3660 Deoque
2170 3591 2378 3659 accepti
2435 3591 2668 3644 hominis
2716 3591 3089 3660 apprehendit,
3143 3607 3356 3648 omnem
3403 3610 3501 3648 ex-

1909 3683 2130 3752 stinguit
2181 3682 2469 3749 flammam,
2522 3697 2808 3752 roremque
2853 3683 3223 3739 admirabilem
3270 3687 3495 3755 spargit.

1911 3771 1978 3826 Et
2005 3773 2387 3840 conﬁrmatione
2407 3773 2674 3842 evangelii,
2709 3773 2898 3842 inquit.
2937 3773 3078 3843 Ergo
3108 3773 3313 3829 vincula
3341 3786 3499 3830 erant

1907 3861 2244 3916 confirmatio
2289 3861 2578 3930 evangelii,
2624 3875 2753 3930 ergo
2789 3871 2944 3915 erant
2976 3862 3250 3927 defensio;
3288 3878 3350 3917 ac
3372 3865 3503 3932 jure-

1909 3953 2144 4021 quidem.
2175 3950 2307 4005 Nam
2336 3953 2382 4006 si
2409 3952 2620 4005 vincula
2643 3953 3020 4019 detrectasset,
3049 3955 3358 4022 impostoris
3377 3971 3502 4008 om~

1911 4045 2035 4097 uino
2071 4044 2302 4112 speciem
2349 4043 2666 4112 praebuisset
2707 4059 2722 4095 :
2776 4058 2918 4096 nunc
2960 4059 3093 4097 vero
3132 4031 3310 4097 omnia
3352 4045 3501 4098 tole-

1909 4149 2066 4200 rans,
2105 4143 2160 4189 et
2196 4135 2408 4188 vincula
2443 4143 2497 4189 et
2535 4136 2916 4200 calamitatem,
2963 4137 3118 4205 plane
3160 4137 3504 4193 demonstrat

1909 4238 2014 4277 non
2055 4237 2114 4278 se
2154 4222 2444 4277 humanam
2472 4216 2703 4292 aliquam
2735 4224 2804 4278 ob
2833 4239 3049 4279 caus-nu
3084 4227 3197 4278 lucc
3226 4227 3356 4295 pati,
3395 4228 3490 4281 sed

1911 4322 2126 4381 prepter
2164 4313 2354 4379 Deum,
2401 4314 2490 4383 qui
2538 4313 2842 4368 mercedem
2889 4315 3118 4369 reddere
3162 4315 3350 4370 solitus
3391 4332 3491 4372 esu

1906 4405 2075 4460 Nemo
2100 4406 2242 4458 enim
2289 4404 2469 4469 fuerit,
2511 4407 2599 4475 qui
2632 4414 2686 4460 et
2728 4407 2865 4460 mori
2895 4418 2949 4461 et
2979 4415 3054 4459 tot
3082 4403 3229 4462 adire
3257 4409 3493 4476 pericula

1905 4504 2140 4562 statuat;
2169 4511 2331 4552 nemo
2359 4498 2448 4566 qui
2479 4498 2608 4550 tanti
2652 4497 3020 4566 Imperatoris,
3051 4498 3316 4553 Neronem
3350 4500 3487 4565 dico,

1905 4584 2261 4642 offensionem
2289 4587 2499 4653 subeat,
2525 4588 2626 4641 nisi
2650 4587 2812 4641 alium
2841 4589 3008 4642 multo
3034 4590 3291 4659 majorem
3329 4592 3491 4661 Impe-

1906 4687 2136 4732 ratorem
2166 4678 2481 4732 intueretur.
2527 4679 2695 4732 Erant
2725 4679 2886 4748 igitur
2911 4681 3123 4734 vincula
3153 4683 3492 4739 cnnfirmatio

1903 4769 2185 4840 evangelii.
2215 4769 2348 4824 Vide
2375 4769 2669 4839 quomodo,
2700 4779 2758 4824 ut
2785 4771 2997 4840 plenius
3025 4783 3186 4843 atque
3209 4775 3492 4832 abundan-

1905 4858 2008 4913 tius
2034 4858 2176 4929 quod
2197 4859 2312 4913 vult
2338 4860 2600 4924 obtineat,
2626 4860 2805 4913 omnia
2835 4858 2896 4914 in'
2917 4863 3244 4918 contrariam
3281 4877 3488 4934 partem

1902 4948 2246 5005 converterit.
2278 4949 2430 5016 Quod
2469 4951 2613 5005 enim
2651 4949 2978 5006 infirmitatis
3009 4961 3062 5006 et
3099 4941 3341 5011 criminis
3373 4959 3489 5013 loco

1903 5041 2186 5112 putabant,
2225 5041 2277 5096 id
2313 5039 2776 5097 confirmationem
2819 5052 3019 5098 vocat:
3055 5053 3110 5098 ut
3139 5046 3240 5101 nisi
3269 5048 3320 5101 id
3359 5065 3482 5105 eve-

1903 5133 2092 5200 nisset,
2124 5133 2434 5188 infirmitate
2461 5131 2801 5188 laboraturus
2841 5133 3026 5189 fuerit.
3070 5136 3273 5192 Deinde
3298 5148 3485 5195 osten-

1902 5226 1981 5280 dit
2008 5225 2348 5280 dilectionem
2377 5240 2483 5279 non
2512 5233 2736 5292 temere,
2787 5225 2882 5280 sed
2918 5225 3120 5294 judicio
3159 5239 3485 5298 susceptam.

1902 5315 2096 5372 Unde?
2127 5313 2303 5368 Habeo
2346 5331 2454 5379 vos,
2487 5316 2678 5385 inquit,
2723 5316 2776 5369 in
2815 5317 3032 5371 vinculis
3062 5319 3205 5384 meis,
3235 5329 3282 5372 et
3310 5322 3362 5373 in
3393 5323 3484 5374 dc-

1901 5407 2148 5476 fensione,
2186 5423 2244 5459 eo
2272 5406 2411 5476 quod
2447 5422 2550 5460 una
2585 5422 2779 5460 mecum
2825 5407 3099 5478 participes
3131 5411 3249 5464 estis
3281 5413 3481 5480 gratia'.

1899 5497 2039 5565 Quid
2072 5498 2172 5550 hoc
2198 5496 2323 5551 est?
2354 5496 2457 5552 hoc
2484 5497 2729 5567 ipsumne
2745 5501 3118 5568 eratApostoli
3145 5504 3334 5570 gratia,
3366 5505 3480 5556 vin-

1898 5589 2017 5655 ciri,
2045 5588 2256 5658 jactari,
2302 5597 2586 5644 sescentas
2618 5588 2759 5645 ferre
2799 5591 3159 5646 acerbitates?
3196 5592 3424 5649 Maxime
3457 5614 3471 5649 :

1899 5688 2044 5742 netu,
2077 5678 2272 5749 Sujﬁcit
2319 5679 2430 5745 tibi,
2461 5678 2651 5750 inquit,
2675 5682 2840 5752 gratia
2867 5698 3013 5747 mea;
3040 5684 3196 5736 virtus
3217 5686 3345 5739 enim
3366 5703 3485 5741 mea

1899 5772 1953 5826 in
1995 5770 2288 5842 inﬁmitate
2327 5771 2606 5844 perﬁcitur.
2649 5769 2872 5846 Propter
2921 5774 3058 5846 quod
3104 5775 3286 5848 placeo.
3329 5779 3487 5849 mihi,
