  <div class='ocr_page' id='page_1' title='image "/cluster/home/n/w/nwhite01/storage/ocr_20150623/62/pst.000005712625/193.png"; bbox 0 0 4064 6318; ppageno 0'>
   <div class='ocr_carea' id='block_1_1' title="bbox 575 385 674 439">
    <p class='ocr_par' dir='ltr' id='par_1_1' title="bbox 575 385 674 439">
     <span class='ocr_line' id='line_1_1' title="bbox 575 385 674 439; baseline -0.02 0"><span class='ocrx_word' id='word_1_1' title='bbox 575 385 674 439; x_wconf 64' lang='grc'><strong>187</strong></span> 
     </span>
    </p>
   </div>
   <div class='ocr_carea' id='block_1_2' title="bbox 576 496 2143 569">
    <p class='ocr_par' dir='ltr' id='par_1_2' title="bbox 576 496 2143 569">
     <span class='ocr_line' id='line_1_2' title="bbox 576 496 2143 569; baseline -0.001 -17"><span class='ocrx_word' id='word_1_2' title='bbox 576 498 763 569; x_wconf 86' lang='lat' dir='ltr'><strong>inquit,</strong></span> <span class='ocrx_word' id='word_1_3' title='bbox 812 499 861 552; x_wconf 85' lang='lat' dir='ltr'><strong>in</strong></span> <span class='ocrx_word' id='word_1_4' title='bbox 902 496 1297 567; x_wconf 71' lang='lat' dir='ltr'><strong>iuﬁnnitatibus,</strong></span> <span class='ocrx_word' id='word_1_5' title='bbox 1329 498 1381 551; x_wconf 86' lang='lat' dir='ltr'><strong>in</strong></span> <span class='ocrx_word' id='word_1_6' title='bbox 1424 496 1736 554; x_wconf 77' lang='lat' dir='ltr'><strong>contumeliis</strong></span> <span class='ocrx_word' id='word_1_7' title='bbox 1778 499 1849 567; x_wconf 72' lang='lat'><strong>(2.</strong></span> <span class='ocrx_word' id='word_1_8' title='bbox 1893 498 2012 555; x_wconf 85' lang='lat' dir='ltr'><strong>Cor.</strong></span> <span class='ocrx_word' id='word_1_9' title='bbox 2060 500 2143 554; x_wconf 78' lang='grc'><strong>12.</strong></span> 
     </span>
    </p>
   </div>
   <div class='ocr_carea' id='block_1_3' title="bbox 571 586 2145 657">
    <p class='ocr_par' dir='ltr' id='par_1_3' title="bbox 571 586 2145 657">
     <span class='ocr_line' id='line_1_3' title="bbox 571 586 2145 657; baseline 0.001 -15"><span class='ocrx_word' id='word_1_10' title='bbox 571 590 623 642; x_wconf 84' lang='grc'><strong>9.</strong></span> <span class='ocrx_word' id='word_1_11' title='bbox 659 587 768 657; x_wconf 72' lang='grc'><strong>10).</strong></span> <span class='ocrx_word' id='word_1_12' title='bbox 801 586 1025 655; x_wconf 87' lang='lat' dir='ltr'><strong>Qu:me</strong></span> <span class='ocrx_word' id='word_1_13' title='bbox 1050 586 1211 656; x_wconf 76' lang='lat' dir='ltr'><strong>igitur</strong></span> <span class='ocrx_word' id='word_1_14' title='bbox 1240 586 1395 641; x_wconf 81' lang='lat' dir='ltr'><strong>video</strong></span> <span class='ocrx_word' id='word_1_15' title='bbox 1423 603 1519 642; x_wconf 87' lang='lat' dir='ltr'><strong>vos</strong></span> <span class='ocrx_word' id='word_1_16' title='bbox 1560 588 1710 642; x_wconf 84' lang='lat' dir='ltr'><strong>factis</strong></span> <span class='ocrx_word' id='word_1_17' title='bbox 1739 588 1867 657; x_wconf 84' lang='lat' dir='ltr'><strong>ipsis</strong></span> <span class='ocrx_word' id='word_1_18' title='bbox 1898 590 2145 647; x_wconf 83' lang='lat' dir='ltr'><strong>virtutem</strong></span> 
     </span>
    </p>
   </div>
   <div class='ocr_carea' id='block_1_4' title="bbox 570 678 2146 749">
    <p class='ocr_par' dir='ltr' id='par_1_4' title="bbox 570 678 2146 749">
     <span class='ocr_line' id='line_1_4' title="bbox 570 678 2146 749; baseline 0.004 -21"><span class='ocrx_word' id='word_1_19' title='bbox 570 678 873 744; x_wconf 78' lang='lat' dir='ltr'><strong>ostendere,</strong></span> <span class='ocrx_word' id='word_1_20' title='bbox 906 689 1066 749; x_wconf 85' lang='lat' dir='ltr'><strong>atque</strong></span> <span class='ocrx_word' id='word_1_21' title='bbox 1096 678 1253 747; x_wconf 83' lang='lat' dir='ltr'><strong>hujus</strong></span> <span class='ocrx_word' id='word_1_22' title='bbox 1278 679 1464 749; x_wconf 72' lang='lat' dir='ltr'><strong>gratia:</strong></span> <span class='ocrx_word' id='word_1_23' title='bbox 1489 694 1609 733; x_wconf 85' lang='lat' dir='ltr'><strong>esse</strong></span> <span class='ocrx_word' id='word_1_24' title='bbox 1640 679 1945 749; x_wconf 74' lang='lat' dir='ltr'><strong>participes,</strong></span> <span class='ocrx_word' id='word_1_25' title='bbox 1987 680 2146 749; x_wconf 87' lang='lat' dir='ltr'><strong>idque</strong></span> 
     </span>
    </p>
   </div>
   <div class='ocr_carea' id='block_1_5' title="bbox 568 768 2145 838">
    <p class='ocr_par' dir='ltr' id='par_1_5' title="bbox 568 768 2145 838">
     <span class='ocr_line' id='line_1_5' title="bbox 568 768 2145 838; baseline 0.005 -18"><span class='ocrx_word' id='word_1_26' title='bbox 568 770 835 832; x_wconf 70' lang='lat' dir='ltr'><strong>alacriter,</strong></span> <span class='ocrx_word' id='word_1_27' title='bbox 868 773 969 824; x_wconf 80' lang='lat' dir='ltr'><strong>nee&#39;</strong></span> <span class='ocrx_word' id='word_1_28' title='bbox 999 771 1263 824; x_wconf 87' lang='lat' dir='ltr'><strong>immerito</strong></span> <span class='ocrx_word' id='word_1_29' title='bbox 1308 768 1404 825; x_wconf 88' lang='lat' dir='ltr'><strong>has</strong></span> <span class='ocrx_word' id='word_1_30' title='bbox 1445 771 1780 838; x_wconf 82' lang='lat' dir='ltr'><strong>conjecturas</strong></span> <span class='ocrx_word' id='word_1_31' title='bbox 1823 772 1978 825; x_wconf 90' lang='lat' dir='ltr'><strong>facio.</strong></span> <span class='ocrx_word' id='word_1_32' title='bbox 2013 772 2145 828; x_wconf 81' lang='lat' dir='ltr'><strong>Nam</strong></span> 
     </span>
    </p>
   </div>
   <div class='ocr_carea' id='block_1_6' title="bbox 568 860 2143 931">
    <p class='ocr_par' dir='ltr' id='par_1_6' title="bbox 568 860 2143 931">
     <span class='ocr_line' id='line_1_6' title="bbox 568 860 2143 931; baseline 0.005 -20"><span class='ocrx_word' id='word_1_33' title='bbox 568 862 655 926; x_wconf 90' lang='lat' dir='ltr'><strong>qui</strong></span> <span class='ocrx_word' id='word_1_34' title='bbox 694 874 788 915; x_wconf 88' lang='lat' dir='ltr'><strong>vos</strong></span> <span class='ocrx_word' id='word_1_35' title='bbox 824 860 1011 915; x_wconf 86' lang='lat' dir='ltr'><strong>fuerim</strong></span> <span class='ocrx_word' id='word_1_36' title='bbox 1038 872 1313 930; x_wconf 80' lang='lat' dir='ltr'><strong>expertus,</strong></span> <span class='ocrx_word' id='word_1_37' title='bbox 1342 876 1404 915; x_wconf 89' lang='lat' dir='ltr'><strong>ac</strong></span> <span class='ocrx_word' id='word_1_38' title='bbox 1435 872 1543 931; x_wconf 68' lang='lat' dir='ltr'><strong>pra?</strong></span> <span class='ocrx_word' id='word_1_39' title='bbox 1571 863 1819 915; x_wconf 87' lang='lat' dir='ltr'><strong>omnibus</strong></span> <span class='ocrx_word' id='word_1_40' title='bbox 1848 879 1942 917; x_wconf 84' lang='lat' dir='ltr'><strong>vos</strong></span> <span class='ocrx_word' id='word_1_41' title='bbox 1970 873 2023 919; x_wconf 88' lang='lat' dir='ltr'><strong>et</strong></span> <span class='ocrx_word' id='word_1_42' title='bbox 2050 882 2143 919; x_wconf 82' lang='lat' dir='ltr'><strong>ve-</strong></span> 
     </span>
    </p>
   </div>
   <div class='ocr_carea' id='block_1_7' title="bbox 567 946 2145 1033">
    <p class='ocr_par' dir='ltr' id='par_1_7' title="bbox 567 946 2145 1033">
     <span class='ocr_line' id='line_1_7' title="bbox 567 946 2145 1033; baseline 0.005 -29"><span class='ocrx_word' id='word_1_43' title='bbox 567 960 675 1006; x_wconf 85' lang='lat' dir='ltr'><strong>stra</strong></span> <span class='ocrx_word' id='word_1_44' title='bbox 705 953 973 1007; x_wconf 81' lang='lat' dir='ltr'><strong>benefacta</strong></span> <span class='ocrx_word' id='word_1_45' title='bbox 1005 946 1197 1018; x_wconf 82' lang='lat' dir='ltr'><strong>norim,</strong></span> <span class='ocrx_word' id='word_1_46' title='bbox 1229 953 1317 1023; x_wconf 89' lang='lat' dir='ltr'><strong>qui</strong></span> <span class='ocrx_word' id='word_1_47' title='bbox 1346 954 1428 1009; x_wconf 86' lang='lat' dir='ltr'><strong>vel</strong></span> <span class='ocrx_word' id='word_1_48' title='bbox 1457 950 1603 1008; x_wconf 78' lang='lat' dir='ltr'><strong>tanto</strong></span> <span class='ocrx_word' id='word_1_49' title='bbox 1632 970 1658 1008; x_wconf 89' lang='lat' dir='ltr'><strong>a</strong></span> <span class='ocrx_word' id='word_1_50' title='bbox 1684 957 1836 1033; x_wconf 81' lang='lat' dir='ltr'><strong>nobis</strong></span> <span class='ocrx_word' id='word_1_51' title='bbox 1861 957 2145 1015; x_wconf 78' lang='lat' dir='ltr'><strong>intervallo</strong></span> 
     </span>
    </p>
   </div>
   <div class='ocr_carea' id='block_1_8' title="bbox 567 1039 2141 1112">
    <p class='ocr_par' dir='ltr' id='par_1_8' title="bbox 567 1039 2141 1112">
     <span class='ocr_line' id='line_1_8' title="bbox 567 1039 2141 1112; baseline 0.003 -14"><span class='ocrx_word' id='word_1_52' title='bbox 567 1039 814 1112; x_wconf 79' lang='lat' dir='ltr'><strong>sejuncti,</strong></span> <span class='ocrx_word' id='word_1_53' title='bbox 848 1059 1058 1101; x_wconf 88' lang='lat' dir='ltr'><strong>onmem</strong></span> <span class='ocrx_word' id='word_1_54' title='bbox 1090 1046 1487 1101; x_wconf 70' lang='lat' dir='ltr'><strong>contentionem</strong></span> <span class='ocrx_word' id='word_1_55' title='bbox 1516 1044 1780 1101; x_wconf 70' lang='lat' dir='ltr'><strong>adhibetis</strong></span> <span class='ocrx_word' id='word_1_56' title='bbox 1811 1062 1877 1101; x_wconf 89' lang='lat' dir='ltr'><strong>ne</strong></span> <span class='ocrx_word' id='word_1_57' title='bbox 1908 1047 1958 1102; x_wconf 89' lang='lat' dir='ltr'><strong>in</strong></span> <span class='ocrx_word' id='word_1_58' title='bbox 1996 1049 2141 1102; x_wconf 85' lang='lat' dir='ltr'><strong>cala-</strong></span> 
     </span>
    </p>
   </div>
   <div class='ocr_carea' id='block_1_9' title="bbox 567 1137 2139 1209">
    <p class='ocr_par' dir='ltr' id='par_1_9' title="bbox 567 1137 2139 1209">
     <span class='ocr_line' id='line_1_9' title="bbox 567 1137 2139 1209; baseline 0.004 -21"><span class='ocrx_word' id='word_1_59' title='bbox 567 1137 838 1191; x_wconf 86' lang='lat' dir='ltr'><strong>mitatibus</strong></span> <span class='ocrx_word' id='word_1_60' title='bbox 893 1152 923 1191; x_wconf 84' lang='lat' dir='ltr'><strong>a</strong></span> <span class='ocrx_word' id='word_1_61' title='bbox 979 1138 1130 1191; x_wconf 90' lang='lat' dir='ltr'><strong>nobis</strong></span> <span class='ocrx_word' id='word_1_62' title='bbox 1184 1137 1534 1206; x_wconf 78' lang='lat' dir='ltr'><strong>sejungamini</strong></span> <span class='ocrx_word' id='word_1_63' title='bbox 1568 1180 1583 1201; x_wconf 90' lang='lat'><strong>,</strong></span> <span class='ocrx_word' id='word_1_64' title='bbox 1636 1139 1730 1192; x_wconf 87' lang='lat' dir='ltr'><strong>sed</strong></span> <span class='ocrx_word' id='word_1_65' title='bbox 1783 1140 2139 1209; x_wconf 81' lang='lat' dir='ltr'><strong>periculorum</strong></span> 
     </span>
    </p>
   </div>
   <div class='ocr_carea' id='block_1_10' title="bbox 565 1228 2141 1297">
    <p class='ocr_par' dir='ltr' id='par_1_10' title="bbox 565 1228 2141 1297">
     <span class='ocr_line' id='line_1_10' title="bbox 565 1228 2141 1297; baseline 0.004 -18"><span class='ocrx_word' id='word_1_66' title='bbox 565 1243 683 1296; x_wconf 72' lang='lat' dir='ltr'><strong>qua:</strong></span> <span class='ocrx_word' id='word_1_67' title='bbox 715 1243 809 1296; x_wconf 91' lang='lat' dir='ltr'><strong>pro</strong></span> <span class='ocrx_word' id='word_1_68' title='bbox 837 1228 1111 1297; x_wconf 69' lang='lat' dir='ltr'><strong>erangelio</strong></span> <span class='ocrx_word' id='word_1_69' title='bbox 1137 1229 1412 1283; x_wconf 85' lang='lat' dir='ltr'><strong>subeunda</strong></span> <span class='ocrx_word' id='word_1_70' title='bbox 1456 1240 1578 1283; x_wconf 87' lang='lat' dir='ltr'><strong>sunt</strong></span> <span class='ocrx_word' id='word_1_71' title='bbox 1607 1231 1895 1297; x_wconf 79' lang='lat' dir='ltr'><strong>participes</strong></span> <span class='ocrx_word' id='word_1_72' title='bbox 1922 1232 2054 1293; x_wconf 82' lang='lat' dir='ltr'><strong>sitis,</strong></span> <span class='ocrx_word' id='word_1_73' title='bbox 2086 1242 2141 1286; x_wconf 89' lang='lat' dir='ltr'><strong>et</strong></span> 
     </span>
    </p>
   </div>
   <div class='ocr_carea' id='block_1_11' title="bbox 564 1319 2136 1391">
    <p class='ocr_par' dir='ltr' id='par_1_11' title="bbox 564 1319 2136 1391">
     <span class='ocr_line' id='line_1_11' title="bbox 564 1319 2136 1391; baseline 0.004 -22"><span class='ocrx_word' id='word_1_74' title='bbox 564 1320 747 1387; x_wconf 78' lang='lat' dir='ltr'><strong>procul</strong></span> <span class='ocrx_word' id='word_1_75' title='bbox 794 1320 946 1385; x_wconf 89' lang='lat' dir='ltr'><strong>positi</strong></span> <span class='ocrx_word' id='word_1_76' title='bbox 994 1319 1124 1372; x_wconf 87' lang='lat' dir='ltr'><strong>nihil</strong></span> <span class='ocrx_word' id='word_1_77' title='bbox 1168 1321 1343 1374; x_wconf 89' lang='lat' dir='ltr'><strong>minus</strong></span> <span class='ocrx_word' id='word_1_78' title='bbox 1388 1335 1471 1374; x_wconf 89' lang='lat' dir='ltr'><strong>me</strong></span> <span class='ocrx_word' id='word_1_79' title='bbox 1511 1320 1625 1388; x_wconf 86' lang='lat' dir='ltr'><strong>ipso</strong></span> <span class='ocrx_word' id='word_1_80' title='bbox 1660 1320 1922 1386; x_wconf 80' lang='lat' dir='ltr'><strong>habeatis,</strong></span> <span class='ocrx_word' id='word_1_81' title='bbox 1954 1322 2042 1391; x_wconf 91' lang='lat' dir='ltr'><strong>qui</strong></span> <span class='ocrx_word' id='word_1_82' title='bbox 2085 1323 2136 1375; x_wconf 93' lang='lat' dir='ltr'><strong>in</strong></span> 
     </span>
    </p>
   </div>
   <div class='ocr_carea' id='block_1_12' title="bbox 561 1410 2136 1481">
    <p class='ocr_par' dir='ltr' id='par_1_12' title="bbox 561 1410 2136 1481">
     <span class='ocr_line' id='line_1_12' title="bbox 561 1410 2136 1481; baseline 0.003 -19"><span class='ocrx_word' id='word_1_83' title='bbox 561 1411 852 1463; x_wconf 87' lang='lat' dir='ltr'><strong>certamina</strong></span> <span class='ocrx_word' id='word_1_84' title='bbox 887 1410 997 1479; x_wconf 87' lang='lat' dir='ltr'><strong>ipsa</strong></span> <span class='ocrx_word' id='word_1_85' title='bbox 1026 1410 1311 1476; x_wconf 90' lang='lat' dir='ltr'><strong>descendi;</strong></span> <span class='ocrx_word' id='word_1_86' title='bbox 1360 1427 1568 1479; x_wconf 67' lang='lat' dir='ltr'><strong>aequum</strong></span> <span class='ocrx_word' id='word_1_87' title='bbox 1605 1411 1759 1481; x_wconf 85' lang='lat' dir='ltr'><strong>plane</strong></span> <span class='ocrx_word' id='word_1_88' title='bbox 1795 1423 1894 1477; x_wconf 66' lang='lat' dir='ltr'><strong>est,</strong></span> <span class='ocrx_word' id='word_1_89' title='bbox 1938 1424 1991 1466; x_wconf 88' lang='lat' dir='ltr'><strong>ut</strong></span> <span class='ocrx_word' id='word_1_90' title='bbox 2024 1414 2136 1467; x_wconf 67' lang='lat' dir='ltr'><strong>hsce</strong></span> 
     </span>
    </p>
   </div>
   <div class='ocr_carea' id='block_1_13' title="bbox 562 1500 2132 1572">
    <p class='ocr_par' dir='ltr' id='par_1_13' title="bbox 562 1500 2132 1572">
     <span class='ocr_line' id='line_1_13' title="bbox 562 1500 2132 1572; baseline 0.004 -20"><span class='ocrx_word' id='word_1_91' title='bbox 562 1500 855 1568; x_wconf 76' lang='lat' dir='ltr'><strong>relinquam</strong></span> <span class='ocrx_word' id='word_1_92' title='bbox 899 1510 1107 1554; x_wconf 81' lang='lat' dir='ltr'><strong>testata.</strong></span> <span class='ocrx_word' id='word_1_93' title='bbox 1146 1500 1255 1555; x_wconf 89' lang='lat' dir='ltr'><strong>Cur</strong></span> <span class='ocrx_word' id='word_1_94' title='bbox 1282 1511 1459 1555; x_wconf 89' lang='lat' dir='ltr'><strong>autem</strong></span> <span class='ocrx_word' id='word_1_95' title='bbox 1501 1518 1603 1556; x_wconf 89' lang='lat' dir='ltr'><strong>non</strong></span> <span class='ocrx_word' id='word_1_96' title='bbox 1649 1504 2132 1572; x_wconf 75' lang='lat' dir='ltr'><strong>tiixit,l’at&#39;ticipes,</strong></span> 
     </span>
    </p>
   </div>
   <div class='ocr_carea' id='block_1_14' title="bbox 559 1590 2132 1664">
    <p class='ocr_par' dir='ltr' id='par_1_14' title="bbox 559 1590 2132 1664">
     <span class='ocr_line' id='line_1_14' title="bbox 559 1590 2132 1664; baseline 0.004 -21"><span class='ocrx_word' id='word_1_97' title='bbox 559 1591 681 1654; x_wconf 85' lang='lat' dir='ltr'><strong>sed,</strong></span> <span class='ocrx_word' id='word_1_98' title='bbox 736 1590 850 1645; x_wconf 84' lang='lat' dir='ltr'><strong>Una</strong></span> <span class='ocrx_word' id='word_1_99' title='bbox 894 1608 1086 1645; x_wconf 85' lang='lat' dir='ltr'><strong>mecum</strong></span> <span class='ocrx_word' id='word_1_100' title='bbox 1128 1593 1439 1661; x_wconf 80' lang='lat' dir='ltr'><strong>participes?</strong></span> <span class='ocrx_word' id='word_1_101' title='bbox 1490 1594 1553 1646; x_wconf 78' lang='lat' dir='ltr'><strong>Et</strong></span> <span class='ocrx_word' id='word_1_102' title='bbox 1589 1610 1686 1661; x_wconf 72' lang='lat' dir='ltr'><strong>ego</strong></span> <span class='ocrx_word' id='word_1_103' title='bbox 1734 1597 1874 1661; x_wconf 52' lang='lat' dir='ltr'><strong>ipse,</strong></span> <span class='ocrx_word' id='word_1_104' title='bbox 1929 1596 2132 1664; x_wconf 77' lang='lat' dir='ltr'><strong>inquit,</strong></span> 
     </span>
    </p>
   </div>
   <div class='ocr_carea' id='block_1_15' title="bbox 557 1683 2130 1757">
    <p class='ocr_par' dir='ltr' id='par_1_15' title="bbox 557 1683 2130 1757">
     <span class='ocr_line' id='line_1_15' title="bbox 557 1683 2130 1757; baseline 0.004 -24"><span class='ocrx_word' id='word_1_105' title='bbox 557 1683 709 1735; x_wconf 87' lang='lat' dir='ltr'><strong>alteri</strong></span> <span class='ocrx_word' id='word_1_106' title='bbox 744 1684 1011 1750; x_wconf 84' lang='lat' dir='ltr'><strong>impertio,</strong></span> <span class='ocrx_word' id='word_1_107' title='bbox 1062 1693 1118 1736; x_wconf 89' lang='lat' dir='ltr'><strong>ut</strong></span> <span class='ocrx_word' id='word_1_108' title='bbox 1154 1700 1256 1737; x_wconf 88' lang='lat' dir='ltr'><strong>una</strong></span> <span class='ocrx_word' id='word_1_109' title='bbox 1301 1685 1419 1737; x_wconf 74' lang='lat' dir='ltr'><strong>[iam</strong></span> <span class='ocrx_word' id='word_1_110' title='bbox 1464 1687 1730 1756; x_wconf 84' lang='lat' dir='ltr'><strong>particeps</strong></span> <span class='ocrx_word' id='word_1_111' title='bbox 1759 1689 2018 1753; x_wconf 76' lang='lat' dir='ltr'><strong>evangelii</strong></span> <span class='ocrx_word' id='word_1_112' title='bbox 2056 1689 2130 1757; x_wconf 79' lang='grc' dir='ltr'><strong>(Ι.</strong></span> 
     </span>
    </p>
   </div>
   <div class='ocr_carea' id='block_1_16' title="bbox 556 1774 2135 1845">
    <p class='ocr_par' dir='ltr' id='par_1_16' title="bbox 556 1774 2135 1845">
     <span class='ocr_line' id='line_1_16' title="bbox 556 1774 2135 1845; baseline 0.002 -17"><span class='ocrx_word' id='word_1_113' title='bbox 556 1774 673 1828; x_wconf 82' lang='lat' dir='ltr'><strong>Cor.</strong></span> <span class='ocrx_word' id='word_1_114' title='bbox 722 1774 774 1828; x_wconf 82' lang='lat'><strong>9.</strong></span> <span class='ocrx_word' id='word_1_115' title='bbox 818 1774 932 1840; x_wconf 72' lang='lat'><strong>25),</strong></span> <span class='ocrx_word' id='word_1_116' title='bbox 968 1774 1015 1827; x_wconf 78' lang='lat' dir='ltr'><strong>itl</strong></span> <span class='ocrx_word' id='word_1_117' title='bbox 1050 1783 1131 1828; x_wconf 86' lang='lat' dir='ltr'><strong>est</strong></span> <span class='ocrx_word' id='word_1_118' title='bbox 1158 1775 1439 1837; x_wconf 72' lang='lat' dir='ltr'><strong>bonarum,</strong></span> <span class='ocrx_word' id='word_1_119' title='bbox 1473 1791 1590 1845; x_wconf 67' lang='lat' dir='ltr'><strong>qua:</strong></span> <span class='ocrx_word' id='word_1_120' title='bbox 1617 1791 1711 1844; x_wconf 75' lang='lat' dir='ltr'><strong>pro</strong></span> <span class='ocrx_word' id='word_1_121' title='bbox 1738 1778 2016 1845; x_wconf 82' lang='lat' dir='ltr'><strong>evangelio</strong></span> <span class='ocrx_word' id='word_1_122' title='bbox 2036 1794 2135 1831; x_wconf 90' lang='lat' dir='ltr'><strong>nos</strong></span> 
     </span>
    </p>
   </div>
   <div class='ocr_carea' id='block_1_17' title="bbox 558 1866 2131 1939">
    <p class='ocr_par' dir='ltr' id='par_1_17' title="bbox 558 1866 2131 1939">
     <span class='ocr_line' id='line_1_17' title="bbox 558 1866 2131 1939; baseline 0.003 -22"><span class='ocrx_word' id='word_1_123' title='bbox 558 1876 790 1919; x_wconf 88' lang='lat' dir='ltr'><strong>manent.</strong></span> <span class='ocrx_word' id='word_1_124' title='bbox 826 1868 899 1920; x_wconf 85' lang='lat' dir='ltr'><strong>Ac</strong></span> <span class='ocrx_word' id='word_1_125' title='bbox 922 1867 1111 1919; x_wconf 81' lang='lat' dir='ltr'><strong>mirum</strong></span> <span class='ocrx_word' id='word_1_126' title='bbox 1147 1866 1387 1935; x_wconf 79' lang='lat' dir='ltr'><strong>profecto</strong></span> <span class='ocrx_word' id='word_1_127' title='bbox 1420 1877 1517 1928; x_wconf 80' lang='lat' dir='ltr'><strong>est,</strong></span> <span class='ocrx_word' id='word_1_128' title='bbox 1543 1881 1729 1923; x_wconf 82' lang='lat' dir='ltr'><strong>omnes</strong></span> <span class='ocrx_word' id='word_1_129' title='bbox 1762 1867 1877 1920; x_wconf 79' lang='lat' dir='ltr'><strong>illos</strong></span> <span class='ocrx_word' id='word_1_130' title='bbox 1909 1868 2131 1939; x_wconf 69' lang='lat' dir='ltr'><strong>itaatl‘e-</strong></span> 
     </span>
    </p>
   </div>
   <div class='ocr_carea' id='block_1_18' title="bbox 456 1956 2133 2028">
    <p class='ocr_par' dir='ltr' id='par_1_18' title="bbox 456 1956 2133 2028">
     <span class='ocr_line' id='line_1_18' title="bbox 456 1956 2133 2028; baseline 0.004 -21"><span class='ocrx_word' id='word_1_131' title='bbox 456 1966 467 1977; x_wconf 47' lang='grc' dir='ltr'>κ</span> <span class='ocrx_word' id='word_1_132' title='bbox 554 1967 669 2010; x_wconf 85' lang='lat' dir='ltr'><strong>ctos</strong></span> <span class='ocrx_word' id='word_1_133' title='bbox 695 1956 871 2009; x_wconf 85' lang='lat' dir='ltr'><strong>animo</strong></span> <span class='ocrx_word' id='word_1_134' title='bbox 897 1956 1075 2020; x_wconf 77' lang='lat' dir='ltr'><strong>fuisse,</strong></span> <span class='ocrx_word' id='word_1_135' title='bbox 1107 1966 1164 2010; x_wconf 89' lang='lat' dir='ltr'><strong>ut</strong></span> <span class='ocrx_word' id='word_1_136' title='bbox 1191 1973 1219 2009; x_wconf 86' lang='lat' dir='ltr'><strong>a</strong></span> <span class='ocrx_word' id='word_1_137' title='bbox 1247 1957 1408 2011; x_wconf 86' lang='lat' dir='ltr'><strong>Paulo</strong></span> <span class='ocrx_word' id='word_1_138' title='bbox 1443 1957 1615 2010; x_wconf 86' lang='lat' dir='ltr'><strong>vocari</strong></span> <span class='ocrx_word' id='word_1_139' title='bbox 1652 1969 1869 2027; x_wconf 75' lang='lat' dir='ltr'><strong>possent</strong></span> <span class='ocrx_word' id='word_1_140' title='bbox 1897 1960 1974 2011; x_wconf 87' lang='lat' dir='ltr'><strong>sui</strong></span> <span class='ocrx_word' id='word_1_141' title='bbox 2012 1976 2133 2028; x_wconf 83' lang='lat' dir='ltr'><strong>par-</strong></span> 
     </span>
    </p>
   </div>
   <div class='ocr_carea' id='block_1_19' title="bbox 554 2047 2130 2115">
    <p class='ocr_par' dir='ltr' id='par_1_19' title="bbox 554 2047 2130 2115">
     <span class='ocr_line' id='line_1_19' title="bbox 554 2047 2130 2115; baseline 0.004 -17"><span class='ocrx_word' id='word_1_142' title='bbox 554 2047 742 2113; x_wconf 77' lang='lat' dir='ltr'><strong>ticipes</strong></span> <span class='ocrx_word' id='word_1_143' title='bbox 776 2065 791 2097; x_wconf 82' lang='lat'><strong>;</strong></span> <span class='ocrx_word' id='word_1_144' title='bbox 826 2048 892 2099; x_wconf 81' lang='lat' dir='ltr'><strong>ita</strong></span> <span class='ocrx_word' id='word_1_145' title='bbox 922 2048 1062 2101; x_wconf 77' lang='lat' dir='ltr'><strong>enim</strong></span> <span class='ocrx_word' id='word_1_146' title='bbox 1096 2048 1283 2115; x_wconf 83' lang='lat' dir='ltr'><strong>inquit,</strong></span> <span class='ocrx_word' id='word_1_147' title='bbox 1319 2049 1465 2114; x_wconf 82' lang='lat' dir='ltr'><strong>Quod</strong></span> <span class='ocrx_word' id='word_1_148' title='bbox 1500 2064 1669 2100; x_wconf 79' lang='lat' dir='ltr'><strong>omnes</strong></span> <span class='ocrx_word' id='word_1_149' title='bbox 1699 2066 1783 2101; x_wconf 82' lang='lat' dir='ltr'><strong>ros</strong></span> <span class='ocrx_word' id='word_1_150' title='bbox 1811 2066 1910 2101; x_wconf 83' lang='lat' dir='ltr'><strong>una</strong></span> <span class='ocrx_word' id='word_1_151' title='bbox 1940 2067 2130 2105; x_wconf 74' lang='lat' dir='ltr'><strong>mecum</strong></span> 
     </span>
    </p>
   </div>
   <div class='ocr_carea' id='block_1_20' title="bbox 554 2133 2126 2209">
    <p class='ocr_par' dir='ltr' id='par_1_20' title="bbox 554 2133 2126 2209">
     <span class='ocr_line' id='line_1_20' title="bbox 554 2133 2126 2209; baseline 0.004 -21"><span class='ocrx_word' id='word_1_152' title='bbox 554 2139 822 2207; x_wconf 72' lang='lat' dir='ltr'><strong>participes</strong></span> <span class='ocrx_word' id='word_1_153' title='bbox 855 2140 971 2191; x_wconf 76' lang='lat' dir='ltr'><strong>estis</strong></span> <span class='ocrx_word' id='word_1_154' title='bbox 1006 2141 1203 2209; x_wconf 72' lang='lat' dir='ltr'><strong>gratim.</strong></span> <span class='ocrx_word' id='word_1_155' title='bbox 1252 2140 1377 2193; x_wconf 59' lang='lat' dir='ltr'><strong>Ilico</strong></span> <span class='ocrx_word' id='word_1_156' title='bbox 1416 2141 1573 2209; x_wconf 74' lang='lat' dir='ltr'><strong>igitur</strong></span> <span class='ocrx_word' id='word_1_157' title='bbox 1618 2133 1761 2192; x_wconf 76' lang='lat' dir='ltr'><strong>initia</strong></span> <span class='ocrx_word' id='word_1_158' title='bbox 1796 2141 1949 2193; x_wconf 63' lang='lat' dir='ltr'><strong>(idem</strong></span> <span class='ocrx_word' id='word_1_159' title='bbox 2001 2144 2126 2195; x_wconf 83' lang='lat' dir='ltr'><strong>mihi</strong></span> 
     </span>
    </p>
   </div>
   <div class='ocr_carea' id='block_1_21' title="bbox 552 2230 2125 2300">
    <p class='ocr_par' dir='ltr' id='par_1_21' title="bbox 552 2230 2125 2300">
     <span class='ocr_line' id='line_1_21' title="bbox 552 2230 2125 2300; baseline 0.006 -21"><span class='ocrx_word' id='word_1_160' title='bbox 552 2230 768 2293; x_wconf 81' lang='lat' dir='ltr'><strong>faciunt,</strong></span> <span class='ocrx_word' id='word_1_161' title='bbox 795 2245 887 2282; x_wconf 75' lang='lat' dir='ltr'><strong>vos</strong></span> <span class='ocrx_word' id='word_1_162' title='bbox 916 2246 1081 2300; x_wconf 85' lang='lat' dir='ltr'><strong>usque</strong></span> <span class='ocrx_word' id='word_1_163' title='bbox 1112 2232 1174 2283; x_wconf 87' lang='lat' dir='ltr'><strong>ad</strong></span> <span class='ocrx_word' id='word_1_164' title='bbox 1202 2231 1358 2286; x_wconf 82' lang='lat' dir='ltr'><strong>linem</strong></span> <span class='ocrx_word' id='word_1_165' title='bbox 1384 2232 1514 2284; x_wconf 82' lang='lat' dir='ltr'><strong>tales</strong></span> <span class='ocrx_word' id='word_1_166' title='bbox 1544 2231 1676 2285; x_wconf 80' lang='lat' dir='ltr'><strong>fore.</strong></span> <span class='ocrx_word' id='word_1_167' title='bbox 1712 2232 1809 2285; x_wconf 74' lang='lat' dir='ltr'><strong>Vix</strong></span> <span class='ocrx_word' id='word_1_168' title='bbox 1846 2233 1984 2285; x_wconf 88' lang='lat' dir='ltr'><strong>enim</strong></span> <span class='ocrx_word' id='word_1_169' title='bbox 2011 2234 2125 2288; x_wconf 85' lang='lat' dir='ltr'><strong>fieri</strong></span> 
     </span>
    </p>
   </div>
   <div class='ocr_carea' id='block_1_22' title="bbox 551 2324 2122 2395">
    <p class='ocr_par' dir='ltr' id='par_1_22' title="bbox 551 2324 2122 2395">
     <span class='ocr_line' id='line_1_22' title="bbox 551 2324 2122 2395; baseline 0.003 -22"><span class='ocrx_word' id='word_1_170' title='bbox 551 2334 743 2391; x_wconf 81' lang='lat' dir='ltr'><strong>potest.</strong></span> <span class='ocrx_word' id='word_1_171' title='bbox 778 2334 827 2376; x_wconf 89' lang='lat' dir='ltr'><strong>ut</strong></span> <span class='ocrx_word' id='word_1_172' title='bbox 862 2324 1176 2393; x_wconf 67' lang='lat' dir='ltr'><strong>principiun‘i</strong></span> <span class='ocrx_word' id='word_1_173' title='bbox 1214 2326 1346 2379; x_wconf 82' lang='lat' dir='ltr'><strong>adeo</strong></span> <span class='ocrx_word' id='word_1_174' title='bbox 1374 2325 1708 2395; x_wconf 85' lang='lat' dir='ltr'><strong>splendidum</strong></span> <span class='ocrx_word' id='word_1_175' title='bbox 1737 2327 2122 2393; x_wconf 66' lang='lat' dir='ltr'><strong>exstinqiiatur,</strong></span> 
     </span>
    </p>
   </div>
   <div class='ocr_carea' id='block_1_23' title="bbox 549 2418 2124 2487">
    <p class='ocr_par' dir='ltr' id='par_1_23' title="bbox 549 2418 2124 2487">
     <span class='ocr_line' id='line_1_23' title="bbox 549 2418 2124 2487; baseline 0.006 -21"><span class='ocrx_word' id='word_1_176' title='bbox 549 2425 707 2482; x_wconf 72' lang='lat' dir='ltr'><strong>atque</strong></span> <span class='ocrx_word' id='word_1_177' title='bbox 748 2427 1051 2477; x_wconf 69' lang='grc' dir='ltr'><strong>εγςιιιεεε.ιι.</strong></span> <span class='ocrx_word' id='word_1_178' title='bbox 1096 2418 1188 2472; x_wconf 85' lang='lat' dir='ltr'><strong>sed</strong></span> <span class='ocrx_word' id='word_1_179' title='bbox 1231 2433 1450 2487; x_wconf 80' lang='lat' dir='ltr'><strong>magnos</strong></span> <span class='ocrx_word' id='word_1_180' title='bbox 1484 2433 1693 2487; x_wconf 88' lang='lat' dir='ltr'><strong>quoque</strong></span> <span class='ocrx_word' id='word_1_181' title='bbox 1738 2434 1799 2471; x_wconf 80' lang='lat' dir='ltr'><strong>ac</strong></span> <span class='ocrx_word' id='word_1_182' title='bbox 1840 2420 2124 2487; x_wconf 54' lang='lat' dir='ltr'><strong>prieclaros</strong></span> 
     </span>
    </p>
   </div>
   <div class='ocr_carea' id='block_1_24' title="bbox 548 2508 1024 2577">
    <p class='ocr_par' dir='ltr' id='par_1_24' title="bbox 548 2508 1024 2577">
     <span class='ocr_line' id='line_1_24' title="bbox 548 2508 1024 2577; baseline 0.004 -19"><span class='ocrx_word' id='word_1_183' title='bbox 548 2508 720 2558; x_wconf 71' lang='lat' dir='ltr'><strong>mittis</strong></span> <span class='ocrx_word' id='word_1_184' title='bbox 754 2516 1024 2577; x_wconf 22' lang='lat' dir='ltr'><strong>pncstatn</strong></span> 
     </span>
    </p>
   </div>
   <div class='ocr_carea' id='block_1_25' title="bbox 620 2599 2123 2670">
    <p class='ocr_par' dir='ltr' id='par_1_25' title="bbox 620 2599 2123 2670">
     <span class='ocr_line' id='line_1_25' title="bbox 620 2599 2123 2670; baseline 0.005 -21"><span class='ocrx_word' id='word_1_185' title='bbox 620 2599 670 2649; x_wconf 73' lang='grc'><strong>6.</strong></span> <span class='ocrx_word' id='word_1_186' title='bbox 702 2599 959 2661; x_wconf 77' lang='lat' dir='ltr'><strong>Quoniam</strong></span> <span class='ocrx_word' id='word_1_187' title='bbox 1000 2599 1157 2668; x_wconf 78' lang='lat' dir='ltr'><strong>igitur</strong></span> <span class='ocrx_word' id='word_1_188' title='bbox 1198 2602 1301 2655; x_wconf 85' lang='lat' dir='ltr'><strong>alia</strong></span> <span class='ocrx_word' id='word_1_189' title='bbox 1342 2600 1568 2670; x_wconf 77' lang='lat' dir='ltr'><strong>quadam</strong></span> <span class='ocrx_word' id='word_1_190' title='bbox 1608 2603 1810 2656; x_wconf 83' lang='lat' dir='ltr'><strong>ratione</strong></span> <span class='ocrx_word' id='word_1_191' title='bbox 1849 2604 1970 2657; x_wconf 86' lang='lat' dir='ltr'><strong>licet</strong></span> <span class='ocrx_word' id='word_1_192' title='bbox 2006 2618 2123 2657; x_wconf 83' lang='lat' dir='ltr'><strong>esse</strong></span> 
     </span>
    </p>
   </div>
   <div class='ocr_carea' id='block_1_26' title="bbox 550 2687 2123 2759">
    <p class='ocr_par' dir='ltr' id='par_1_26' title="bbox 550 2687 2123 2759">
     <span class='ocr_line' id='line_1_26' title="bbox 550 2687 2123 2759; baseline 0.006 -22"><span class='ocrx_word' id='word_1_193' title='bbox 550 2687 855 2755; x_wconf 78' lang='lat' dir='ltr'><strong>participem</strong></span> <span class='ocrx_word' id='word_1_194' title='bbox 881 2690 1064 2757; x_wconf 67' lang='lat' dir='ltr'><strong>gratia:</strong></span> <span class='ocrx_word' id='word_1_195' title='bbox 1085 2701 1137 2744; x_wconf 87' lang='lat' dir='ltr'><strong>et</strong></span> <span class='ocrx_word' id='word_1_196' title='bbox 1160 2693 1516 2759; x_wconf 69' lang='lat' dir='ltr'><strong>periculorum</strong></span> <span class='ocrx_word' id='word_1_197' title='bbox 1545 2702 1598 2747; x_wconf 81' lang='lat' dir='ltr'><strong>et</strong></span> <span class='ocrx_word' id='word_1_198' title='bbox 1622 2693 2003 2753; x_wconf 78' lang='lat' dir='ltr'><strong>calamitatum,</strong></span> <span class='ocrx_word' id='word_1_199' title='bbox 2029 2694 2123 2746; x_wconf 81' lang='lat' dir='ltr'><strong>ob-</strong></span> 
     </span>
    </p>
   </div>
   <div class='ocr_carea' id='block_1_27' title="bbox 544 2784 2119 2851">
    <p class='ocr_par' dir='ltr' id='par_1_27' title="bbox 544 2784 2119 2851">
     <span class='ocr_line' id='line_1_27' title="bbox 544 2784 2119 2851; baseline 0.004 -20"><span class='ocrx_word' id='word_1_200' title='bbox 544 2792 698 2831; x_wconf 86' lang='lat' dir='ltr'><strong>secro</strong></span> <span class='ocrx_word' id='word_1_201' title='bbox 743 2793 843 2845; x_wconf 67' lang='lat' dir='ltr'><strong>ego</strong></span> <span class='ocrx_word' id='word_1_202' title='bbox 888 2794 1016 2843; x_wconf 70' lang='lat' dir='ltr'><strong>vos,</strong></span> <span class='ocrx_word' id='word_1_203' title='bbox 1047 2784 1213 2834; x_wconf 85' lang='lat' dir='ltr'><strong>simus</strong></span> <span class='ocrx_word' id='word_1_204' title='bbox 1250 2797 1346 2835; x_wconf 90' lang='lat' dir='ltr'><strong>nos</strong></span> <span class='ocrx_word' id='word_1_205' title='bbox 1384 2798 1593 2851; x_wconf 83' lang='lat' dir='ltr'><strong>quoque</strong></span> <span class='ocrx_word' id='word_1_206' title='bbox 1624 2784 1927 2851; x_wconf 78' lang='lat' dir='ltr'><strong>participes.</strong></span> <span class='ocrx_word' id='word_1_207' title='bbox 1953 2784 2119 2847; x_wconf 85' lang='lat' dir='ltr'><strong>Quam</strong></span> 
     </span>
    </p>
   </div>
   <div class='ocr_carea' id='block_1_28' title="bbox 547 2858 2119 2941">
    <p class='ocr_par' dir='ltr' id='par_1_28' title="bbox 547 2858 2119 2941">
     <span class='ocr_line' id='line_1_28' title="bbox 547 2858 2119 2941; baseline 0.005 -22"><span class='ocrx_word' id='word_1_208' title='bbox 547 2870 691 2922; x_wconf 89' lang='lat' dir='ltr'><strong>multi</strong></span> <span class='ocrx_word' id='word_1_209' title='bbox 720 2858 780 2922; x_wconf 75' lang='lat' dir='ltr'><strong>ex</strong></span> <span class='ocrx_word' id='word_1_210' title='bbox 811 2870 872 2922; x_wconf 89' lang='lat' dir='ltr'><strong>iis</strong></span> <span class='ocrx_word' id='word_1_211' title='bbox 896 2872 983 2939; x_wconf 85' lang='lat' dir='ltr'><strong>qui</strong></span> <span class='ocrx_word' id='word_1_212' title='bbox 1016 2870 1097 2923; x_wconf 89' lang='lat' dir='ltr'><strong>hic</strong></span> <span class='ocrx_word' id='word_1_213' title='bbox 1124 2871 1505 2937; x_wconf 76' lang='lat' dir='ltr'><strong>suntvellent?</strong></span> <span class='ocrx_word' id='word_1_214' title='bbox 1534 2872 1768 2941; x_wconf 87' lang='lat' dir='ltr'><strong>quiuimo</strong></span> <span class='ocrx_word' id='word_1_215' title='bbox 1793 2887 1979 2927; x_wconf 85' lang='lat' dir='ltr'><strong>omnes</strong></span> <span class='ocrx_word' id='word_1_216' title='bbox 2006 2873 2119 2927; x_wconf 79' lang='lat' dir='ltr'><strong>vel-</strong></span> 
     </span>
    </p>
   </div>
   <div class='ocr_carea' id='block_1_29' title="bbox 544 2957 2121 3031">
    <p class='ocr_par' dir='ltr' id='par_1_29' title="bbox 544 2957 2121 3031">
     <span class='ocr_line' id='line_1_29' title="bbox 544 2957 2121 3031; baseline 0.004 -21"><span class='ocrx_word' id='word_1_217' title='bbox 544 2957 662 3011; x_wconf 84' lang='lat' dir='ltr'><strong>letis</strong></span> <span class='ocrx_word' id='word_1_218' title='bbox 700 2960 979 3027; x_wconf 69' lang='lat' dir='ltr'><strong>participes</strong></span> <span class='ocrx_word' id='word_1_219' title='bbox 1006 2976 1123 3013; x_wconf 77' lang='lat' dir='ltr'><strong>esse</strong></span> <span class='ocrx_word' id='word_1_220' title='bbox 1154 2961 1300 3016; x_wconf 85' lang='lat' dir='ltr'><strong>Pauli</strong></span> <span class='ocrx_word' id='word_1_221' title='bbox 1334 2964 1382 3014; x_wconf 89' lang='lat' dir='ltr'><strong>in</strong></span> <span class='ocrx_word' id='word_1_222' title='bbox 1414 2963 1657 3031; x_wconf 78' lang='lat' dir='ltr'><strong>repositis</strong></span> <span class='ocrx_word' id='word_1_223' title='bbox 1687 2961 1791 3017; x_wconf 89' lang='lat' dir='ltr'><strong>illis</strong></span> <span class='ocrx_word' id='word_1_224' title='bbox 1822 2963 1993 3016; x_wconf 84' lang='lat' dir='ltr'><strong>bonis.</strong></span> <span class='ocrx_word' id='word_1_225' title='bbox 2028 2964 2121 3017; x_wconf 85' lang='lat' dir='ltr'><strong>At-</strong></span> 
     </span>
    </p>
   </div>
   <div class='ocr_carea' id='block_1_30' title="bbox 542 3048 2116 3122">
    <p class='ocr_par' dir='ltr' id='par_1_30' title="bbox 542 3048 2116 3122">
     <span class='ocr_line' id='line_1_30' title="bbox 542 3048 2116 3122; baseline 0.006 -23"><span class='ocrx_word' id='word_1_226' title='bbox 542 3050 629 3115; x_wconf 88' lang='lat' dir='ltr'><strong>qui</strong></span> <span class='ocrx_word' id='word_1_227' title='bbox 661 3048 799 3110; x_wconf 85' lang='lat' dir='ltr'><strong>licet,</strong></span> <span class='ocrx_word' id='word_1_228' title='bbox 829 3049 872 3102; x_wconf 87' lang='lat' dir='ltr'><strong>si</strong></span> <span class='ocrx_word' id='word_1_229' title='bbox 905 3049 1087 3115; x_wconf 78' lang='lat' dir='ltr'><strong>vultis,</strong></span> <span class='ocrx_word' id='word_1_230' title='bbox 1119 3050 1271 3104; x_wconf 77' lang='lat' dir='ltr'><strong>facile</strong></span> <span class='ocrx_word' id='word_1_231' title='bbox 1320 3051 1459 3105; x_wconf 86' lang='lat' dir='ltr'><strong>istud</strong></span> <span class='ocrx_word' id='word_1_232' title='bbox 1489 3052 1722 3121; x_wconf 86' lang='lat' dir='ltr'><strong>assequi,</strong></span> <span class='ocrx_word' id='word_1_233' title='bbox 1751 3054 1793 3105; x_wconf 88' lang='lat' dir='ltr'><strong>si</strong></span> <span class='ocrx_word' id='word_1_234' title='bbox 1818 3052 1879 3107; x_wconf 87' lang='lat' dir='ltr'><strong>iis</strong></span> <span class='ocrx_word' id='word_1_235' title='bbox 1904 3054 1989 3122; x_wconf 88' lang='lat' dir='ltr'><strong>qui</strong></span> <span class='ocrx_word' id='word_1_236' title='bbox 2016 3057 2116 3109; x_wconf 90' lang='lat' dir='ltr'><strong>mi-</strong></span> 
     </span>
    </p>
   </div>
   <div class='ocr_carea' id='block_1_31' title="bbox 543 3139 2117 3213">
    <p class='ocr_par' dir='ltr' id='par_1_31' title="bbox 543 3139 2117 3213">
     <span class='ocr_line' id='line_1_31' title="bbox 543 3139 2117 3213; baseline 0.008 -24"><span class='ocrx_word' id='word_1_237' title='bbox 543 3139 817 3192; x_wconf 55' lang='lat' dir='ltr'><strong>nisterium</strong></span> <span class='ocrx_word' id='word_1_238' title='bbox 869 3139 1008 3194; x_wconf 88' lang='lat' dir='ltr'><strong>illius</strong></span> <span class='ocrx_word' id='word_1_239' title='bbox 1053 3153 1477 3209; x_wconf 72' lang='lat' dir='ltr'><strong>repriesentant,</strong></span> <span class='ocrx_word' id='word_1_240' title='bbox 1509 3144 1573 3195; x_wconf 90' lang='lat' dir='ltr'><strong>iis</strong></span> <span class='ocrx_word' id='word_1_241' title='bbox 1619 3145 1706 3213; x_wconf 90' lang='lat' dir='ltr'><strong>qui</strong></span> <span class='ocrx_word' id='word_1_242' title='bbox 1759 3160 1856 3213; x_wconf 91' lang='lat' dir='ltr'><strong>pro</strong></span> <span class='ocrx_word' id='word_1_243' title='bbox 1902 3146 2117 3201; x_wconf 76' lang='lat' dir='ltr'><strong>Clirism</strong></span> 
     </span>
    </p>
   </div>
   <div class='ocr_carea' id='block_1_32' title="bbox 541 3234 2107 3302">
    <p class='ocr_par' dir='ltr' id='par_1_32' title="bbox 541 3234 2107 3302">
     <span class='ocr_line' id='line_1_32' title="bbox 541 3234 2107 3302; baseline 0.005 -19"><span class='ocrx_word' id='word_1_244' title='bbox 541 3236 676 3286; x_wconf 84' lang='lat' dir='ltr'><strong>male</strong></span> <span class='ocrx_word' id='word_1_245' title='bbox 720 3234 1073 3302; x_wconf 73' lang='lat' dir='ltr'><strong>accipiuntur,</strong></span> <span class='ocrx_word' id='word_1_246' title='bbox 1106 3234 1279 3288; x_wconf 81' lang='lat' dir='ltr'><strong>velitis</strong></span> <span class='ocrx_word' id='word_1_247' title='bbox 1322 3235 1617 3289; x_wconf 70' lang='lat' dir='ltr'><strong>subsidium</strong></span> <span class='ocrx_word' id='word_1_248' title='bbox 1661 3236 1907 3291; x_wconf 84' lang='lat' dir='ltr'><strong>alacriter</strong></span> <span class='ocrx_word' id='word_1_249' title='bbox 1952 3238 2107 3301; x_wconf 71' lang='lat' dir='ltr'><strong>ferre,</strong></span> 
     </span>
    </p>
   </div>
   <div class='ocr_carea' id='block_1_33' title="bbox 538 3324 2115 3395">
    <p class='ocr_par' dir='ltr' id='par_1_33' title="bbox 538 3324 2115 3395">
     <span class='ocr_line' id='line_1_33' title="bbox 538 3324 2115 3395; baseline 0.004 -19"><span class='ocrx_word' id='word_1_250' title='bbox 538 3324 805 3391; x_wconf 77' lang='lat' dir='ltr'><strong>opitulari,</strong></span> <span class='ocrx_word' id='word_1_251' title='bbox 827 3342 1037 3378; x_wconf 85' lang='lat' dir='ltr'><strong>manum</strong></span> <span class='ocrx_word' id='word_1_252' title='bbox 1065 3327 1352 3395; x_wconf 62' lang='lat' dir='ltr'><strong>porrigi-re.</strong></span> <span class='ocrx_word' id='word_1_253' title='bbox 1372 3324 1530 3380; x_wconf 73' lang='lat' dir='ltr'><strong>Vides</strong></span> <span class='ocrx_word' id='word_1_254' title='bbox 1555 3328 1837 3395; x_wconf 87' lang='lat' dir='ltr'><strong>periclitari</strong></span> <span class='ocrx_word' id='word_1_255' title='bbox 1862 3328 2115 3383; x_wconf 78' lang='lat' dir='ltr'><strong>fratrem?</strong></span> 
     </span>
    </p>
   </div>
   <div class='ocr_carea' id='block_1_34' title="bbox 537 3418 2114 3492">
    <p class='ocr_par' dir='ltr' id='par_1_34' title="bbox 537 3418 2114 3492">
     <span class='ocr_line' id='line_1_34' title="bbox 537 3418 2114 3492; baseline 0.006 -27"><span class='ocrx_word' id='word_1_256' title='bbox 537 3418 748 3487; x_wconf 72' lang='lat' dir='ltr'><strong>porrige</strong></span> <span class='ocrx_word' id='word_1_257' title='bbox 795 3435 1029 3471; x_wconf 90' lang='lat' dir='ltr'><strong>manum.</strong></span> <span class='ocrx_word' id='word_1_258' title='bbox 1078 3418 1233 3472; x_wconf 73' lang='lat' dir='ltr'><strong>Vides</strong></span> <span class='ocrx_word' id='word_1_259' title='bbox 1278 3431 1661 3488; x_wconf 77' lang='lat' dir='ltr'><strong>praeceptorem</strong></span> <span class='ocrx_word' id='word_1_260' title='bbox 1697 3420 1880 3489; x_wconf 69' lang='lat' dir='ltr'><strong>prarlio</strong></span> <span class='ocrx_word' id='word_1_261' title='bbox 1910 3422 2114 3492; x_wconf 77' lang='lat' dir='ltr'><strong>appi-ti-</strong></span> 
     </span>
    </p>
   </div>
   <div class='ocr_carea' id='block_1_35' title="bbox 536 3502 2113 3580">
    <p class='ocr_par' dir='ltr' id='par_1_35' title="bbox 536 3502 2113 3580">
     <span class='ocr_line' id='line_1_35' title="bbox 536 3502 2113 3580; baseline 0.002 -20"><span class='ocrx_word' id='word_1_262' title='bbox 536 3509 680 3560; x_wconf 82' lang='lat' dir='ltr'><strong>tum?</strong></span> <span class='ocrx_word' id='word_1_263' title='bbox 705 3509 915 3563; x_wconf 86' lang='lat' dir='ltr'><strong>assiste.</strong></span> <span class='ocrx_word' id='word_1_264' title='bbox 944 3511 1007 3562; x_wconf 77' lang='lat' dir='ltr'><strong>At</strong></span> <span class='ocrx_word' id='word_1_265' title='bbox 1033 3510 1174 3563; x_wconf 89' lang='lat' dir='ltr'><strong>enim</strong></span> <span class='ocrx_word' id='word_1_266' title='bbox 1200 3502 1354 3572; x_wconf 84' lang='lat' dir='ltr'><strong>dicis,</strong></span> <span class='ocrx_word' id='word_1_267' title='bbox 1374 3525 1528 3563; x_wconf 88' lang='lat' dir='ltr'><strong>nemo</strong></span> <span class='ocrx_word' id='word_1_268' title='bbox 1556 3519 1637 3564; x_wconf 85' lang='lat' dir='ltr'><strong>est</strong></span> <span class='ocrx_word' id='word_1_269' title='bbox 1662 3511 1750 3580; x_wconf 90' lang='lat' dir='ltr'><strong>qui</strong></span> <span class='ocrx_word' id='word_1_270' title='bbox 1780 3510 1944 3565; x_wconf 84' lang='lat' dir='ltr'><strong>Paulo</strong></span> <span class='ocrx_word' id='word_1_271' title='bbox 1966 3526 2113 3565; x_wconf 77' lang='lat' dir='ltr'><strong>con;-</strong></span> 
     </span>
    </p>
   </div>
   <div class='ocr_carea' id='block_1_36' title="bbox 534 3599 2106 3669">
    <p class='ocr_par' dir='ltr' id='par_1_36' title="bbox 534 3599 2106 3669">
     <span class='ocr_line' id='line_1_36' title="bbox 534 3599 2106 3669; baseline 0.004 -22"><span class='ocrx_word' id='word_1_272' title='bbox 534 3599 707 3667; x_wconf 80' lang='lat' dir='ltr'><strong>parari</strong></span> <span class='ocrx_word' id='word_1_273' title='bbox 736 3611 914 3669; x_wconf 87' lang='lat' dir='ltr'><strong>queat.</strong></span> <span class='ocrx_word' id='word_1_274' title='bbox 950 3600 1027 3654; x_wconf 76' lang='lat' dir='ltr'><strong>En</strong></span> <span class='ocrx_word' id='word_1_275' title='bbox 1052 3601 1229 3653; x_wconf 89' lang='lat' dir='ltr'><strong>subito</strong></span> <span class='ocrx_word' id='word_1_276' title='bbox 1249 3601 1409 3654; x_wconf 88' lang='lat' dir='ltr'><strong>animi</strong></span> <span class='ocrx_word' id='word_1_277' title='bbox 1441 3601 1617 3664; x_wconf 83' lang='lat' dir='ltr'><strong>elatio,</strong></span> <span class='ocrx_word' id='word_1_278' title='bbox 1649 3602 1824 3656; x_wconf 89' lang='lat' dir='ltr'><strong>subito</strong></span> <span class='ocrx_word' id='word_1_279' title='bbox 1846 3601 2106 3669; x_wconf 76' lang='lat' dir='ltr'><strong>iudicant.</strong></span> 
     </span>
    </p>
   </div>
   <div class='ocr_carea' id='block_1_37' title="bbox 531 3691 2109 3763">
    <p class='ocr_par' dir='ltr' id='par_1_37' title="bbox 531 3691 2109 3763">
     <span class='ocr_line' id='line_1_37' title="bbox 531 3691 2109 3763; baseline 0.001 -19"><span class='ocrx_word' id='word_1_280' title='bbox 531 3692 812 3745; x_wconf 75' lang='lat' dir='ltr'><strong>Neiitiueui</strong></span> <span class='ocrx_word' id='word_1_281' title='bbox 839 3707 1005 3760; x_wconf 88' lang='lat' dir='ltr'><strong>prope</strong></span> <span class='ocrx_word' id='word_1_282' title='bbox 1032 3692 1096 3744; x_wconf 89' lang='lat' dir='ltr'><strong>ad</strong></span> <span class='ocrx_word' id='word_1_283' title='bbox 1126 3691 1349 3746; x_wconf 79' lang='lat' dir='ltr'><strong>Paulum</strong></span> <span class='ocrx_word' id='word_1_284' title='bbox 1373 3691 1652 3756; x_wconf 87' lang='lat' dir='ltr'><strong>accedere,</strong></span> <span class='ocrx_word' id='word_1_285' title='bbox 1672 3707 1772 3760; x_wconf 81' lang='lat' dir='ltr'><strong>ego</strong></span> <span class='ocrx_word' id='word_1_286' title='bbox 1802 3707 2014 3763; x_wconf 86' lang='lat' dir='ltr'><strong>quoque</strong></span> <span class='ocrx_word' id='word_1_287' title='bbox 2037 3692 2109 3745; x_wconf 87' lang='lat' dir='ltr'><strong>fa-</strong></span> 
     </span>
    </p>
   </div>
   <div class='ocr_carea' id='block_1_38' title="bbox 533 3780 2110 3866">
    <p class='ocr_par' dir='ltr' id='par_1_38' title="bbox 533 3780 2110 3866">
     <span class='ocr_line' id='line_1_38' title="bbox 533 3780 2110 3866; baseline 0.003 -35"><span class='ocrx_word' id='word_1_288' title='bbox 533 3789 647 3832; x_wconf 84' lang='lat' dir='ltr'><strong>teor</strong></span> <span class='ocrx_word' id='word_1_289' title='bbox 664 3789 1070 3846; x_wconf 70' lang='lat' dir='ltr'><strong>:verumtiunen,</strong></span> <span class='ocrx_word' id='word_1_290' title='bbox 1098 3782 1198 3845; x_wconf 78' lang='lat' dir='ltr'><strong>Qui</strong></span> <span class='ocrx_word' id='word_1_291' title='bbox 1214 3780 1408 3850; x_wconf 76' lang='lat' dir='ltr'><strong>recipit,</strong></span> <span class='ocrx_word' id='word_1_292' title='bbox 1429 3781 1618 3866; x_wconf 50' lang='lat' dir='ltr'><strong>inq‘uit,</strong></span> <span class='ocrx_word' id='word_1_293' title='bbox 1636 3782 1931 3850; x_wconf 79' lang='lat' dir='ltr'><strong>prophetam</strong></span> <span class='ocrx_word' id='word_1_294' title='bbox 1948 3784 2000 3836; x_wconf 87' lang='lat' dir='ltr'><strong>in</strong></span> <span class='ocrx_word' id='word_1_295' title='bbox 2018 3799 2110 3835; x_wconf 81' lang='lat' dir='ltr'><strong>no-</strong></span> 
     </span>
    </p>
   </div>
   <div class='ocr_carea' id='block_1_39' title="bbox 532 3873 2106 3945">
    <p class='ocr_par' dir='ltr' id='par_1_39' title="bbox 532 3873 2106 3945">
     <span class='ocr_line' id='line_1_39' title="bbox 532 3873 2106 3945; baseline 0.004 -22"><span class='ocrx_word' id='word_1_296' title='bbox 532 3873 665 3931; x_wconf 85' lang='lat' dir='ltr'><strong>mine</strong></span> <span class='ocrx_word' id='word_1_297' title='bbox 682 3890 771 3942; x_wconf 84' lang='lat' dir='ltr'><strong>pro</strong></span> <span class='ocrx_word' id='word_1_298' title='bbox 777 3874 959 3943; x_wconf 69' lang='lat' dir='ltr'><strong>p’tt‘lw,</strong></span> <span class='ocrx_word' id='word_1_299' title='bbox 980 3875 1254 3927; x_wconf 83' lang='lat' dir='ltr'><strong>mercedem</strong></span> <span class='ocrx_word' id='word_1_300' title='bbox 1272 3874 1530 3944; x_wconf 70' lang='lat' dir='ltr'><strong>prophetae</strong></span> <span class='ocrx_word' id='word_1_301' title='bbox 1544 3875 1751 3942; x_wconf 83' lang='lat' dir='ltr'><strong>accipiet</strong></span> <span class='ocrx_word' id='word_1_302' title='bbox 1767 3874 1787 3945; x_wconf 92' lang='lat'>(</span> <span class='ocrx_word' id='word_1_303' title='bbox 1810 3874 1997 3928; x_wconf 78' lang='lat' dir='ltr'><strong>Matth.</strong></span> <span class='ocrx_word' id='word_1_304' title='bbox 2018 3876 2106 3931; x_wconf 81' lang='grc'><strong>10.</strong></span> 
     </span>
    </p>
   </div>
   <div class='ocr_carea' id='block_1_40' title="bbox 529 3961 2110 4033">
    <p class='ocr_par' dir='ltr' id='par_1_40' title="bbox 529 3961 2110 4033">
     <span class='ocr_line' id='line_1_40' title="bbox 529 3961 2110 4033; baseline 0.002 -16"><span class='ocrx_word' id='word_1_305' title='bbox 529 3963 590 4017; x_wconf 72' lang='grc' dir='ltr'><strong>ιι</strong></span> <span class='ocrx_word' id='word_1_306' title='bbox 614 3963 654 4031; x_wconf 85' lang='grc'><strong>).</strong></span> <span class='ocrx_word' id='word_1_307' title='bbox 697 3962 834 4017; x_wconf 82' lang='lat' dir='ltr'><strong>Num</strong></span> <span class='ocrx_word' id='word_1_308' title='bbox 868 3963 1233 4033; x_wconf 82' lang='lat' dir='ltr'><strong>Pliilippenses</strong></span> <span class='ocrx_word' id='word_1_309' title='bbox 1260 3964 1327 4017; x_wconf 87' lang='lat' dir='ltr'><strong>ob</strong></span> <span class='ocrx_word' id='word_1_310' title='bbox 1347 3961 1472 4018; x_wconf 78' lang='lat' dir='ltr'><strong>’eam</strong></span> <span class='ocrx_word' id='word_1_311' title='bbox 1503 3978 1717 4019; x_wconf 84' lang='lat' dir='ltr'><strong>causam</strong></span> <span class='ocrx_word' id='word_1_312' title='bbox 1765 3965 2110 4020; x_wconf 85' lang='lat' dir='ltr'><strong>admirabiles</strong></span> 
     </span>
    </p>
   </div>
   <div class='ocr_carea' id='block_1_41' title="bbox 529 4050 2104 4126">
    <p class='ocr_par' dir='ltr' id='par_1_41' title="bbox 529 4050 2104 4126">
     <span class='ocr_line' id='line_1_41' title="bbox 529 4050 2104 4126; baseline 0.003 -22"><span class='ocrx_word' id='word_1_313' title='bbox 529 4061 702 4118; x_wconf 84' lang='lat' dir='ltr'><strong>erant,</strong></span> <span class='ocrx_word' id='word_1_314' title='bbox 728 4052 866 4121; x_wconf 88' lang='lat' dir='ltr'><strong>quod</strong></span> <span class='ocrx_word' id='word_1_315' title='bbox 886 4050 1106 4106; x_wconf 83' lang='lat' dir='ltr'><strong>Paulum</strong></span> <span class='ocrx_word' id='word_1_316' title='bbox 1125 4052 1482 4121; x_wconf 70' lang='lat' dir='ltr'><strong>adiuvabant?</strong></span> <span class='ocrx_word' id='word_1_317' title='bbox 1493 4052 1631 4121; x_wconf 84' lang='lat' dir='ltr'><strong>Non,</strong></span> <span class='ocrx_word' id='word_1_318' title='bbox 1648 4054 1971 4126; x_wconf 87' lang='lat' dir='ltr'><strong>inquam,oh</strong></span> <span class='ocrx_word' id='word_1_319' title='bbox 1987 4071 2104 4111; x_wconf 88' lang='lat' dir='ltr'><strong>eam</strong></span> 
     </span>
    </p>
   </div>
   <div class='ocr_carea' id='block_1_42' title="bbox 527 4142 2109 4217">
    <p class='ocr_par' dir='ltr' id='par_1_42' title="bbox 527 4142 2109 4217">
     <span class='ocr_line' id='line_1_42' title="bbox 527 4142 2109 4217; baseline 0.003 -22"><span class='ocrx_word' id='word_1_320' title='bbox 527 4157 762 4205; x_wconf 85' lang='lat' dir='ltr'><strong>causam,</strong></span> <span class='ocrx_word' id='word_1_321' title='bbox 789 4142 881 4197; x_wconf 90' lang='lat' dir='ltr'><strong>sed</strong></span> <span class='ocrx_word' id='word_1_322' title='bbox 910 4144 1158 4213; x_wconf 88' lang='lat' dir='ltr'><strong>quoniam</strong></span> <span class='ocrx_word' id='word_1_323' title='bbox 1184 4144 1651 4199; x_wconf 86' lang='lat' dir='ltr'><strong>connuunicabant</strong></span> <span class='ocrx_word' id='word_1_324' title='bbox 1670 4146 1740 4211; x_wconf 89' lang='lat' dir='ltr'><strong>ei,</strong></span> <span class='ocrx_word' id='word_1_325' title='bbox 1764 4145 1853 4216; x_wconf 90' lang='lat' dir='ltr'><strong>qui</strong></span> <span class='ocrx_word' id='word_1_326' title='bbox 1875 4160 2109 4217; x_wconf 69' lang='lat' dir='ltr'><strong>evange-</strong></span> 
     </span>
    </p>
   </div>
   <div class='ocr_carea' id='block_1_43' title="bbox 533 4232 2108 4307">
    <p class='ocr_par' dir='ltr' id='par_1_43' title="bbox 533 4232 2108 4307">
     <span class='ocr_line' id='line_1_43' title="bbox 533 4232 2108 4307; baseline 0.005 -22"><span class='ocrx_word' id='word_1_327' title='bbox 533 4233 585 4288; x_wconf 92' lang='lat' dir='ltr'><strong>lii</strong></span> <span class='ocrx_word' id='word_1_328' title='bbox 611 4232 1037 4303; x_wconf 73' lang='lat' dir='ltr'><strong>przedicatiouem</strong></span> <span class='ocrx_word' id='word_1_329' title='bbox 1060 4245 1387 4305; x_wconf 85' lang='lat' dir='ltr'><strong>susceperat.</strong></span> <span class='ocrx_word' id='word_1_330' title='bbox 1414 4236 1701 4307; x_wconf 85' lang='lat' dir='ltr'><strong>Propterea</strong></span> <span class='ocrx_word' id='word_1_331' title='bbox 1724 4238 1918 4294; x_wconf 83' lang='lat' dir='ltr'><strong>Paulus</strong></span> <span class='ocrx_word' id='word_1_332' title='bbox 1940 4238 2108 4295; x_wconf 75' lang='lat' dir='ltr'><strong>hono-</strong></span> 
     </span>
    </p>
   </div>
   <div class='ocr_carea' id='block_1_44' title="bbox 532 4327 2111 4401">
    <p class='ocr_par' dir='ltr' id='par_1_44' title="bbox 532 4327 2111 4401">
     <span class='ocr_line' id='line_1_44' title="bbox 532 4327 2111 4401; baseline 0.005 -21"><span class='ocrx_word' id='word_1_333' title='bbox 532 4346 641 4383; x_wconf 82' lang='lat' dir='ltr'><strong>rem</strong></span> <span class='ocrx_word' id='word_1_334' title='bbox 665 4327 1087 4398; x_wconf 82' lang='lat' dir='ltr'><strong>promerebatur,</strong></span> <span class='ocrx_word' id='word_1_335' title='bbox 1106 4329 1363 4400; x_wconf 90' lang='lat' dir='ltr'><strong>quoniam</strong></span> <span class='ocrx_word' id='word_1_336' title='bbox 1385 4328 1502 4384; x_wconf 65' lang='lat' dir='ltr'><strong>haec</strong></span> <span class='ocrx_word' id='word_1_337' title='bbox 1524 4330 1821 4401; x_wconf 87' lang='lat' dir='ltr'><strong>patiebatur</strong></span> <span class='ocrx_word' id='word_1_338' title='bbox 1841 4346 1937 4401; x_wconf 86' lang='lat' dir='ltr'><strong>pro</strong></span> <span class='ocrx_word' id='word_1_339' title='bbox 1956 4331 2111 4388; x_wconf 78' lang='lat' dir='ltr'><strong>Chri-</strong></span> 
     </span>
    </p>
   </div>
   <div class='ocr_carea' id='block_1_45' title="bbox 529 4413 2110 4492">
    <p class='ocr_par' dir='ltr' id='par_1_45' title="bbox 529 4413 2110 4492">
     <span class='ocr_line' id='line_1_45' title="bbox 529 4413 2110 4492; baseline 0.003 -20"><span class='ocrx_word' id='word_1_340' title='bbox 529 4429 634 4474; x_wconf 72' lang='lat' dir='ltr'><strong>sto.</strong></span> <span class='ocrx_word' id='word_1_341' title='bbox 666 4418 850 4484; x_wconf 87' lang='lat' dir='ltr'><strong>Qualis</strong></span> <span class='ocrx_word' id='word_1_342' title='bbox 877 4413 1276 4484; x_wconf 74' lang='lat' dir='ltr'><strong>Paulus,&#39;nemo</strong></span> <span class='ocrx_word' id='word_1_343' title='bbox 1303 4428 1405 4475; x_wconf 90' lang='lat' dir='ltr'><strong>est.</strong></span> <span class='ocrx_word' id='word_1_344' title='bbox 1436 4419 1573 4489; x_wconf 85' lang='lat' dir='ltr'><strong>Quid</strong></span> <span class='ocrx_word' id='word_1_345' title='bbox 1600 4420 1741 4487; x_wconf 91' lang='lat' dir='ltr'><strong>dico,</strong></span> <span class='ocrx_word' id='word_1_346' title='bbox 1773 4420 1947 4492; x_wconf 89' lang='lat' dir='ltr'><strong>qualis</strong></span> <span class='ocrx_word' id='word_1_347' title='bbox 1971 4421 2110 4477; x_wconf 80' lang='lat' dir='ltr'><strong>Pau-</strong></span> 
     </span>
    </p>
   </div>
   <div class='ocr_carea' id='block_1_46' title="bbox 531 4510 2104 4584">
    <p class='ocr_par' dir='ltr' id='par_1_46' title="bbox 531 4510 2104 4584">
     <span class='ocr_line' id='line_1_46' title="bbox 531 4510 2104 4584; baseline 0.001 -17"><span class='ocrx_word' id='word_1_348' title='bbox 531 4512 654 4567; x_wconf 79' lang='lat' dir='ltr'><strong>ius?</strong></span> <span class='ocrx_word' id='word_1_349' title='bbox 678 4526 834 4567; x_wconf 88' lang='lat' dir='ltr'><strong>nemo</strong></span> <span class='ocrx_word' id='word_1_350' title='bbox 857 4521 938 4566; x_wconf 88' lang='lat' dir='ltr'><strong>est</strong></span> <span class='ocrx_word' id='word_1_351' title='bbox 958 4512 1046 4583; x_wconf 90' lang='lat' dir='ltr'><strong>qui</strong></span> <span class='ocrx_word' id='word_1_352' title='bbox 1067 4510 1135 4567; x_wconf 85' lang='lat' dir='ltr'><strong>ad</strong></span> <span class='ocrx_word' id='word_1_353' title='bbox 1158 4513 1369 4568; x_wconf 88' lang='lat' dir='ltr'><strong>beatum</strong></span> <span class='ocrx_word' id='word_1_354' title='bbox 1393 4513 1539 4568; x_wconf 90' lang='lat' dir='ltr'><strong>illum</strong></span> <span class='ocrx_word' id='word_1_355' title='bbox 1564 4514 1646 4569; x_wconf 92' lang='lat' dir='ltr'><strong>vel</strong></span> <span class='ocrx_word' id='word_1_356' title='bbox 1672 4527 1838 4584; x_wconf 79' lang='lat' dir='ltr'><strong>prape</strong></span> <span class='ocrx_word' id='word_1_357' title='bbox 1857 4513 2104 4569; x_wconf 87' lang='lat' dir='ltr'><strong>accedat:</strong></span> 
     </span>
    </p>
   </div>
   <div class='ocr_carea' id='block_1_47' title="bbox 528 4602 2106 4674">
    <p class='ocr_par' dir='ltr' id='par_1_47' title="bbox 528 4602 2106 4674">
     <span class='ocr_line' id='line_1_47' title="bbox 528 4602 2106 4674; baseline 0.003 -20"><span class='ocrx_word' id='word_1_358' title='bbox 528 4602 840 4674; x_wconf 73' lang='lat' dir='ltr'><strong>pricdieatio</strong></span> <span class='ocrx_word' id='word_1_359' title='bbox 879 4611 1058 4658; x_wconf 88' lang='lat' dir='ltr'><strong>autem</strong></span> <span class='ocrx_word' id='word_1_360' title='bbox 1099 4602 1287 4659; x_wconf 86' lang='lat' dir='ltr'><strong>eadem</strong></span> <span class='ocrx_word' id='word_1_361' title='bbox 1315 4611 1417 4669; x_wconf 88' lang='lat' dir='ltr'><strong>est,</strong></span> <span class='ocrx_word' id='word_1_362' title='bbox 1446 4620 1564 4673; x_wconf 73' lang='lat' dir='ltr'><strong>qua:</strong></span> <span class='ocrx_word' id='word_1_363' title='bbox 1591 4604 1681 4658; x_wconf 92' lang='lat' dir='ltr'><strong>illo</strong></span> <span class='ocrx_word' id='word_1_364' title='bbox 1705 4612 1945 4672; x_wconf 87' lang='lat' dir='ltr'><strong>tempore</strong></span> <span class='ocrx_word' id='word_1_365' title='bbox 1968 4613 2106 4660; x_wconf 88' lang='lat' dir='ltr'><strong>erat.</strong></span> 
     </span>
    </p>
   </div>
   <div class='ocr_carea' id='block_1_48' title="bbox 533 4692 2105 4773">
    <p class='ocr_par' dir='ltr' id='par_1_48' title="bbox 533 4692 2105 4773">
     <span class='ocr_line' id='line_1_48' title="bbox 533 4692 2105 4773; baseline 0 -24"><span class='ocrx_word' id='word_1_366' title='bbox 533 4695 641 4750; x_wconf 79' lang='lat' dir='ltr'><strong>Nec</strong></span> <span class='ocrx_word' id='word_1_367' title='bbox 663 4702 888 4761; x_wconf 85' lang='lat' dir='ltr'><strong>tantum,</strong></span> <span class='ocrx_word' id='word_1_368' title='bbox 904 4692 1033 4773; x_wconf 79' lang='lat' dir='ltr'><strong>dum</strong></span> <span class='ocrx_word' id='word_1_369' title='bbox 1057 4693 1111 4749; x_wconf 91' lang='lat' dir='ltr'><strong>in</strong></span> <span class='ocrx_word' id='word_1_370' title='bbox 1134 4693 1362 4750; x_wconf 83' lang='lat' dir='ltr'><strong>vinculis</strong></span> <span class='ocrx_word' id='word_1_371' title='bbox 1382 4702 1519 4761; x_wconf 89' lang='lat' dir='ltr'><strong>erat,</strong></span> <span class='ocrx_word' id='word_1_372' title='bbox 1544 4693 1595 4750; x_wconf 84' lang='lat' dir='ltr'><strong>ei</strong></span> <span class='ocrx_word' id='word_1_373' title='bbox 1616 4693 2105 4761; x_wconf 89' lang='lat' dir='ltr'><strong>commnnicabant,</strong></span> 
     </span>
    </p>
   </div>
   <div class='ocr_carea' id='block_1_49' title="bbox 529 4786 2109 4858">
    <p class='ocr_par' dir='ltr' id='par_1_49' title="bbox 529 4786 2109 4858">
     <span class='ocr_line' id='line_1_49' title="bbox 529 4786 2109 4858; baseline 0.002 -16"><span class='ocrx_word' id='word_1_374' title='bbox 529 4786 623 4845; x_wconf 86' lang='lat' dir='ltr'><strong>sed</strong></span> <span class='ocrx_word' id='word_1_375' title='bbox 653 4787 816 4843; x_wconf 87' lang='lat' dir='ltr'><strong>etiam</strong></span> <span class='ocrx_word' id='word_1_376' title='bbox 845 4802 875 4841; x_wconf 90' lang='lat' dir='ltr'><strong>a</strong></span> <span class='ocrx_word' id='word_1_377' title='bbox 904 4788 1163 4858; x_wconf 89' lang='lat' dir='ltr'><strong>principio</strong></span> <span class='ocrx_word' id='word_1_378' title='bbox 1192 4806 1206 4840; x_wconf 90' lang='lat'><strong>:</strong></span> <span class='ocrx_word' id='word_1_379' title='bbox 1238 4787 1360 4842; x_wconf 85' lang='lat' dir='ltr'><strong>audi</strong></span> <span class='ocrx_word' id='word_1_380' title='bbox 1382 4788 1524 4842; x_wconf 86' lang='lat' dir='ltr'><strong>enim</strong></span> <span class='ocrx_word' id='word_1_381' title='bbox 1549 4787 1716 4857; x_wconf 81' lang='lat' dir='ltr'><strong>ipsius</strong></span> <span class='ocrx_word' id='word_1_382' title='bbox 1741 4788 1924 4854; x_wconf 80' lang='lat' dir='ltr'><strong>verba,</strong></span> <span class='ocrx_word' id='word_1_383' title='bbox 1952 4788 2109 4845; x_wconf 77' lang='lat' dir='ltr'><strong>Scitis</strong></span> 
     </span>
    </p>
   </div>
   <div class='ocr_carea' id='block_1_50' title="bbox 525 4878 2109 4952">
    <p class='ocr_par' dir='ltr' id='par_1_50' title="bbox 525 4878 2109 4952">
     <span class='ocr_line' id='line_1_50' title="bbox 525 4878 2109 4952; baseline 0.002 -19"><span class='ocrx_word' id='word_1_384' title='bbox 525 4887 695 4934; x_wconf 78' lang='lat' dir='ltr'><strong>autem</strong></span> <span class='ocrx_word' id='word_1_385' title='bbox 718 4889 764 4939; x_wconf 82' lang='lat' dir='ltr'><strong>et</strong></span> <span class='ocrx_word' id='word_1_386' title='bbox 785 4896 869 4936; x_wconf 76' lang='lat' dir='ltr'><strong>vos</strong></span> <span class='ocrx_word' id='word_1_387' title='bbox 889 4922 906 4949; x_wconf 93' lang='lat'><strong>,</strong></span> <span class='ocrx_word' id='word_1_388' title='bbox 936 4878 1309 4951; x_wconf 78' lang='lat' dir='ltr'><strong>Pliilippenses,</strong></span> <span class='ocrx_word' id='word_1_389' title='bbox 1341 4878 1478 4949; x_wconf 85' lang='lat' dir='ltr'><strong>quod</strong></span> <span class='ocrx_word' id='word_1_390' title='bbox 1499 4879 1553 4931; x_wconf 86' lang='lat' dir='ltr'><strong>in</strong></span> <span class='ocrx_word' id='word_1_391' title='bbox 1580 4878 1834 4948; x_wconf 83' lang='lat' dir='ltr'><strong>principio</strong></span> <span class='ocrx_word' id='word_1_392' title='bbox 1861 4879 2109 4952; x_wconf 76' lang='lat' dir='ltr'><strong>evangelii</strong></span> 
     </span>
    </p>
   </div>
   <div class='ocr_carea' id='block_1_51' title="bbox 528 4972 2109 5031">
    <p class='ocr_par' dir='ltr' id='par_1_51' title="bbox 528 4972 2109 5031">
     <span class='ocr_line' id='line_1_51' title="bbox 528 4972 2109 5031; baseline -0.001 -1"><span class='ocrx_word' id='word_1_393' title='bbox 528 4975 675 5031; x_wconf 82' lang='lat' dir='ltr'><strong>nulla</strong></span> <span class='ocrx_word' id='word_1_394' title='bbox 702 4974 828 5029; x_wconf 83' lang='lat' dir='ltr'><strong>mihi</strong></span> <span class='ocrx_word' id='word_1_395' title='bbox 852 4973 1080 5029; x_wconf 72' lang='lat' dir='ltr'><strong>Ecclesia</strong></span> <span class='ocrx_word' id='word_1_396' title='bbox 1104 4973 1488 5029; x_wconf 74' lang='lat' dir='ltr'><strong>comnmoicavit</strong></span> <span class='ocrx_word' id='word_1_397' title='bbox 1513 4972 1567 5025; x_wconf 84' lang='lat' dir='ltr'><strong>in</strong></span> <span class='ocrx_word' id='word_1_398' title='bbox 1597 4972 1793 5027; x_wconf 80' lang='lat' dir='ltr'><strong>ratione</strong></span> <span class='ocrx_word' id='word_1_399' title='bbox 1815 4973 1923 5027; x_wconf 86' lang='lat' dir='ltr'><strong>dati</strong></span> <span class='ocrx_word' id='word_1_400' title='bbox 1951 4984 1997 5028; x_wconf 90' lang='lat' dir='ltr'><strong>et</strong></span> <span class='ocrx_word' id='word_1_401' title='bbox 2020 4990 2109 5029; x_wconf 87' lang='lat' dir='ltr'><strong>ac-</strong></span> 
     </span>
    </p>
   </div>
   <div class='ocr_carea' id='block_1_52' title="bbox 523 5064 2110 5147">
    <p class='ocr_par' dir='ltr' id='par_1_52' title="bbox 523 5064 2110 5147">
     <span class='ocr_line' id='line_1_52' title="bbox 523 5064 2110 5147; baseline -0.003 -21"><span class='ocrx_word' id='word_1_402' title='bbox 523 5070 676 5141; x_wconf 79' lang='lat' dir='ltr'><strong>cepti,</strong></span> <span class='ocrx_word' id='word_1_403' title='bbox 694 5068 792 5124; x_wconf 77' lang='lat' dir='ltr'><strong>nisi</strong></span> <span class='ocrx_word' id='word_1_404' title='bbox 807 5083 894 5122; x_wconf 70' lang='lat' dir='ltr'><strong>vos</strong></span> <span class='ocrx_word' id='word_1_405' title='bbox 909 5067 1005 5121; x_wconf 76' lang='lat' dir='ltr'><strong>sati</strong></span> <span class='ocrx_word' id='word_1_406' title='bbox 1015 5065 1034 5136; x_wconf 95' lang='lat'>(</span> <span class='ocrx_word' id='word_1_407' title='bbox 1044 5064 1272 5136; x_wconf 77' lang='lat' dir='ltr'><strong>Phitipp.</strong></span> <span class='ocrx_word' id='word_1_408' title='bbox 1289 5064 1342 5122; x_wconf 76' lang='grc'><strong>4.</strong></span> <span class='ocrx_word' id='word_1_409' title='bbox 1360 5064 1471 5130; x_wconf 77' lang='grc'><strong>15).</strong></span> <span class='ocrx_word' id='word_1_410' title='bbox 1486 5064 1562 5121; x_wconf 81' lang='lat' dir='ltr'><strong>Ac</strong></span> <span class='ocrx_word' id='word_1_411' title='bbox 1576 5079 1707 5120; x_wconf 84' lang='lat' dir='ltr'><strong>sane</strong></span> <span class='ocrx_word' id='word_1_412' title='bbox 1719 5065 1933 5147; x_wconf 82' lang='lat' dir='ltr'><strong>omissis</strong></span> <span class='ocrx_word' id='word_1_413' title='bbox 1946 5065 2110 5122; x_wconf 86' lang='lat' dir='ltr'><strong>etiam</strong></span> 
     </span>
    </p>
   </div>
   <div class='ocr_carea' id='block_1_53' title="bbox 526 5155 2104 5229">
    <p class='ocr_par' dir='ltr' id='par_1_53' title="bbox 526 5155 2104 5229">
     <span class='ocr_line' id='line_1_53' title="bbox 526 5155 2104 5229; baseline -0.002 -12"><span class='ocrx_word' id='word_1_414' title='bbox 526 5160 803 5229; x_wconf 85' lang='lat' dir='ltr'><strong>periculis.</strong></span> <span class='ocrx_word' id='word_1_415' title='bbox 826 5157 1023 5215; x_wconf 88' lang='lat' dir='ltr'><strong>multas</strong></span> <span class='ocrx_word' id='word_1_416' title='bbox 1039 5155 1202 5212; x_wconf 78' lang='lat' dir='ltr'><strong>habet</strong></span> <span class='ocrx_word' id='word_1_417' title='bbox 1222 5156 1493 5213; x_wconf 80' lang='lat' dir='ltr'><strong>molestias</strong></span> <span class='ocrx_word' id='word_1_418' title='bbox 1515 5165 1810 5227; x_wconf 63' lang='lat' dir='ltr'><strong>praeceptor</strong></span> <span class='ocrx_word' id='word_1_419' title='bbox 1833 5174 1847 5212; x_wconf 89' lang='lat'><strong>:</strong></span> <span class='ocrx_word' id='word_1_420' title='bbox 1877 5158 2104 5229; x_wconf 73' lang='lat' dir='ltr'><strong>vigilias,</strong></span> 
     </span>
    </p>
   </div>
   <div class='ocr_carea' id='block_1_54' title="bbox 524 5240 2108 5321">
    <p class='ocr_par' dir='ltr' id='par_1_54' title="bbox 524 5240 2108 5321">
     <span class='ocr_line' id='line_1_54' title="bbox 524 5240 2108 5321; baseline 0.001 -17"><span class='ocrx_word' id='word_1_421' title='bbox 524 5251 737 5307; x_wconf 89' lang='lat' dir='ltr'><strong>dicendi</strong></span> <span class='ocrx_word' id='word_1_422' title='bbox 763 5264 825 5305; x_wconf 91' lang='lat' dir='ltr'><strong>ac</strong></span> <span class='ocrx_word' id='word_1_423' title='bbox 852 5247 1078 5305; x_wconf 80' lang='lat' dir='ltr'><strong>docendi</strong></span> <span class='ocrx_word' id='word_1_424' title='bbox 1108 5240 1364 5314; x_wconf 82' lang='lat' dir='ltr'><strong>laborem,</strong></span> <span class='ocrx_word' id='word_1_425' title='bbox 1391 5248 1863 5321; x_wconf 84' lang='lat' dir='ltr'><strong>reprehensiones.</strong></span> <span class='ocrx_word' id='word_1_426' title='bbox 1889 5265 2108 5307; x_wconf 82' lang='lat' dir='ltr'><strong>accusa-</strong></span> 
     </span>
    </p>
   </div>
   <div class='ocr_carea' id='block_1_55' title="bbox 476 5337 2104 5410">
    <p class='ocr_par' dir='ltr' id='par_1_55' title="bbox 476 5337 2104 5410">
     <span class='ocr_line' id='line_1_55' title="bbox 476 5337 2104 5410; baseline 0.001 -15"><span class='ocrx_word' id='word_1_427' title='bbox 476 5371 482 5376; x_wconf 82' lang='lat'><strong><em>~</em></strong></span> <span class='ocrx_word' id='word_1_428' title='bbox 526 5341 739 5409; x_wconf 77' lang='lat' dir='ltr'><strong>tiones,</strong></span> <span class='ocrx_word' id='word_1_429' title='bbox 766 5338 1036 5410; x_wconf 84' lang='lat' dir='ltr'><strong>querelas,</strong></span> <span class='ocrx_word' id='word_1_430' title='bbox 1051 5337 1485 5402; x_wconf 81' lang='lat' dir='ltr'><strong>obtrectationes.</strong></span> <span class='ocrx_word' id='word_1_431' title='bbox 1503 5338 1776 5394; x_wconf 85' lang='lat' dir='ltr'><strong>invidiam.</strong></span> <span class='ocrx_word' id='word_1_432' title='bbox 1791 5338 1951 5395; x_wconf 86' lang='lat' dir='ltr'><strong>Levia</strong></span> <span class='ocrx_word' id='word_1_433' title='bbox 1967 5339 2104 5409; x_wconf 72' lang='lat' dir='ltr'><strong>hinc,</strong></span> 
     </span>
    </p>
   </div>
   <div class='ocr_carea' id='block_1_56' title="bbox 526 5428 2107 5503">
    <p class='ocr_par' dir='ltr' id='par_1_56' title="bbox 526 5428 2107 5503">
     <span class='ocr_line' id='line_1_56' title="bbox 526 5428 2107 5503; baseline 0.001 -17"><span class='ocrx_word' id='word_1_434' title='bbox 526 5432 615 5487; x_wconf 89' lang='lat' dir='ltr'><strong>dic</strong></span> <span class='ocrx_word' id='word_1_435' title='bbox 629 5430 782 5495; x_wconf 90' lang='lat' dir='ltr'><strong>mihi,</strong></span> <span class='ocrx_word' id='word_1_436' title='bbox 800 5432 1067 5487; x_wconf 75' lang='lat' dir='ltr'><strong>sexcentis</strong></span> <span class='ocrx_word' id='word_1_437' title='bbox 1081 5444 1140 5487; x_wconf 84' lang='lat' dir='ltr'><strong>se</strong></span> <span class='ocrx_word' id='word_1_438' title='bbox 1156 5428 1351 5502; x_wconf 72' lang='lat' dir='ltr'><strong>linguis</strong></span> <span class='ocrx_word' id='word_1_439' title='bbox 1364 5444 1655 5503; x_wconf 77' lang='lat' dir='ltr'><strong>exponere,</strong></span> <span class='ocrx_word' id='word_1_440' title='bbox 1670 5444 1792 5489; x_wconf 84' lang='lat' dir='ltr'><strong>cum</strong></span> <span class='ocrx_word' id='word_1_441' title='bbox 1812 5431 1996 5488; x_wconf 85' lang='lat' dir='ltr'><strong>liceret</strong></span> <span class='ocrx_word' id='word_1_442' title='bbox 2009 5447 2107 5488; x_wconf 79' lang='lat' dir='ltr'><strong>sua</strong></span> 
     </span>
    </p>
   </div>
   <div class='ocr_carea' id='block_1_57' title="bbox 529 5520 2108 5593">
    <p class='ocr_par' dir='ltr' id='par_1_57' title="bbox 529 5520 2108 5593">
     <span class='ocr_line' id='line_1_57' title="bbox 529 5520 2108 5593; baseline 0.002 -16"><span class='ocrx_word' id='word_1_443' title='bbox 529 5523 686 5578; x_wconf 86' lang='lat' dir='ltr'><strong>unius</strong></span> <span class='ocrx_word' id='word_1_444' title='bbox 705 5522 1033 5593; x_wconf 79' lang='lat' dir='ltr'><strong>procurare?</strong></span> <span class='ocrx_word' id='word_1_445' title='bbox 1054 5520 1166 5579; x_wconf 87' lang='lat' dir='ltr'><strong>Heu</strong></span> <span class='ocrx_word' id='word_1_446' title='bbox 1183 5520 1309 5593; x_wconf 80' lang='lat' dir='ltr'><strong>quid</strong></span> <span class='ocrx_word' id='word_1_447' title='bbox 1331 5521 1459 5577; x_wconf 88' lang='lat' dir='ltr'><strong>mihi</strong></span> <span class='ocrx_word' id='word_1_448' title='bbox 1476 5523 1640 5579; x_wconf 84' lang='lat' dir='ltr'><strong>animi</strong></span> <span class='ocrx_word' id='word_1_449' title='bbox 1660 5523 1779 5579; x_wconf 75' lang='lat' dir='ltr'><strong>est?</strong></span> <span class='ocrx_word' id='word_1_450' title='bbox 1800 5522 2004 5579; x_wconf 86' lang='lat' dir='ltr'><strong>duabus</strong></span> <span class='ocrx_word' id='word_1_451' title='bbox 2023 5539 2108 5580; x_wconf 86' lang='lat' dir='ltr'><strong>re-</strong></span> 
     </span>
    </p>
   </div>
   <div class='ocr_carea' id='block_1_58' title="bbox 529 5612 2109 5684">
    <p class='ocr_par' dir='ltr' id='par_1_58' title="bbox 529 5612 2109 5684">
     <span class='ocr_line' id='line_1_58' title="bbox 529 5612 2109 5684; baseline -0.001 -14"><span class='ocrx_word' id='word_1_452' title='bbox 529 5614 630 5670; x_wconf 84' lang='lat' dir='ltr'><strong>bus</strong></span> <span class='ocrx_word' id='word_1_453' title='bbox 649 5614 989 5680; x_wconf 73' lang='lat' dir='ltr'><strong>interclusus,</strong></span> <span class='ocrx_word' id='word_1_454' title='bbox 1014 5614 1224 5682; x_wconf 74' lang='lat' dir='ltr'><strong>hzesito,</strong></span> <span class='ocrx_word' id='word_1_455' title='bbox 1244 5624 1405 5684; x_wconf 77' lang='lat' dir='ltr'><strong>atque</strong></span> <span class='ocrx_word' id='word_1_456' title='bbox 1421 5612 1623 5669; x_wconf 68' lang='lat' dir='ltr'><strong>hiet-eo.</strong></span> <span class='ocrx_word' id='word_1_457' title='bbox 1643 5612 1776 5669; x_wconf 85' lang='lat' dir='ltr'><strong>Nam</strong></span> <span class='ocrx_word' id='word_1_458' title='bbox 1796 5629 1917 5668; x_wconf 90' lang='lat' dir='ltr'><strong>cum</strong></span> <span class='ocrx_word' id='word_1_459' title='bbox 1939 5628 2034 5669; x_wconf 86' lang='lat' dir='ltr'><strong>vos</strong></span> <span class='ocrx_word' id='word_1_460' title='bbox 2053 5624 2109 5669; x_wconf 86' lang='lat' dir='ltr'><strong>et</strong></span> 
     </span>
    </p>
   </div>
   <div class='ocr_carea' id='block_1_59' title="bbox 527 5703 2107 5776">
    <p class='ocr_par' dir='ltr' id='par_1_59' title="bbox 527 5703 2107 5776">
     <span class='ocr_line' id='line_1_59' title="bbox 527 5703 2107 5776; baseline -0.003 -13"><span class='ocrx_word' id='word_1_461' title='bbox 527 5707 820 5763; x_wconf 81' lang='lat' dir='ltr'><strong>adiuonere</strong></span> <span class='ocrx_word' id='word_1_462' title='bbox 843 5713 900 5762; x_wconf 87' lang='lat' dir='ltr'><strong>et</strong></span> <span class='ocrx_word' id='word_1_463' title='bbox 924 5703 1193 5765; x_wconf 76' lang='lat' dir='ltr'><strong>cohortari</strong></span> <span class='ocrx_word' id='word_1_464' title='bbox 1222 5704 1401 5776; x_wconf 90' lang='lat' dir='ltr'><strong>cupio,</strong></span> <span class='ocrx_word' id='word_1_465' title='bbox 1433 5710 1496 5760; x_wconf 86' lang='lat' dir='ltr'><strong>ut</strong></span> <span class='ocrx_word' id='word_1_466' title='bbox 1518 5711 1735 5760; x_wconf 87' lang='lat' dir='ltr'><strong>sanctos</strong></span> <span class='ocrx_word' id='word_1_467' title='bbox 1761 5703 1856 5759; x_wconf 83' lang='lat' dir='ltr'><strong>Dei</strong></span> <span class='ocrx_word' id='word_1_468' title='bbox 1883 5703 2107 5760; x_wconf 77' lang='lat' dir='ltr'><strong>foveatis</strong></span> 
     </span>
    </p>
   </div>
   <div class='ocr_carea' id='block_1_60' title="bbox 528 5795 2104 5870">
    <p class='ocr_par' dir='ltr' id='par_1_60' title="bbox 528 5795 2104 5870">
     <span class='ocr_line' id='line_1_60' title="bbox 528 5795 2104 5870; baseline -0.004 -15"><span class='ocrx_word' id='word_1_469' title='bbox 528 5797 785 5869; x_wconf 83' lang='lat' dir='ltr'><strong>omnique</strong></span> <span class='ocrx_word' id='word_1_470' title='bbox 822 5811 925 5869; x_wconf 84' lang='lat' dir='ltr'><strong>ope</strong></span> <span class='ocrx_word' id='word_1_471' title='bbox 961 5796 1191 5870; x_wconf 76' lang='lat' dir='ltr'><strong>iuvetis;</strong></span> <span class='ocrx_word' id='word_1_472' title='bbox 1221 5805 1332 5855; x_wconf 85' lang='lat' dir='ltr'><strong>tum</strong></span> <span class='ocrx_word' id='word_1_473' title='bbox 1371 5810 1501 5855; x_wconf 86' lang='lat' dir='ltr'><strong>vero</strong></span> <span class='ocrx_word' id='word_1_474' title='bbox 1536 5803 1718 5853; x_wconf 86' lang='lat' dir='ltr'><strong>metuo</strong></span> <span class='ocrx_word' id='word_1_475' title='bbox 1758 5809 1827 5855; x_wconf 82' lang='lat' dir='ltr'><strong>ne</strong></span> <span class='ocrx_word' id='word_1_476' title='bbox 1874 5795 1958 5851; x_wconf 85' lang='lat' dir='ltr'><strong>cui</strong></span> <span class='ocrx_word' id='word_1_477' title='bbox 2003 5795 2104 5850; x_wconf 81' lang='lat' dir='ltr'><strong>alia</strong></span> 
     </span>
    </p>
   </div>
   <div class='ocr_carea' id='block_1_61' title="bbox 1312 382 3100 459">
    <p class='ocr_par' dir='ltr' id='par_1_61' title="bbox 1312 382 3100 459">
     <span class='ocr_line' id='line_1_61' title="bbox 1312 382 3100 459; baseline 0.012 -20"><span class='ocrx_word' id='word_1_478' title='bbox 1312 384 1369 439; x_wconf 91' lang='lat' dir='ltr'><strong>S.</strong></span> <span class='ocrx_word' id='word_1_479' title='bbox 1406 382 1681 439; x_wconf 72' lang='lat' dir='ltr'><strong>JOANNIS</strong></span> <span class='ocrx_word' id='word_1_480' title='bbox 1719 383 2184 441; x_wconf 70' lang='lat' dir='ltr'><strong>CHRYSOSTOMI</strong></span> <span class='ocrx_word' id='word_1_481' title='bbox 2217 386 2529 448; x_wconf 76' lang='lat' dir='ltr'><strong>ARCHIEP.</strong></span> <span class='ocrx_word' id='word_1_482' title='bbox 2569 395 3100 459; x_wconf 72' lang='lat' dir='ltr'><strong>CONSTANTINOP.</strong></span> 
     </span>
    </p>
   </div>
   <div class='ocr_carea' id='block_1_62' title="bbox 3518 140 4044 270">
    <p class='ocr_par' dir='ltr' id='par_1_62' title="bbox 3518 140 4044 270">
     <span class='ocr_line' id='line_1_62' title="bbox 3518 140 4044 270; baseline 0.006 -2"><span class='ocrx_word' id='word_1_483' title='bbox 3518 140 4044 270; x_wconf 54' lang='grc' dir='ltr'><strong>τ</strong></span> 
     </span>
    </p>
   </div>
   <div class='ocr_carea' id='block_1_63' title="bbox 2257 505 3837 583">
    <p class='ocr_par' dir='ltr' id='par_1_63' title="bbox 2257 505 3837 583">
     <span class='ocr_line' id='line_1_63' title="bbox 2257 505 3837 583; baseline 0.017 -27"><span class='ocrx_word' id='word_1_484' title='bbox 2257 505 2498 572; x_wconf 72' lang='lat' dir='ltr'><strong>qumdam</strong></span> <span class='ocrx_word' id='word_1_485' title='bbox 2538 507 2733 566; x_wconf 87' lang='lat' dir='ltr'><strong>incidat</strong></span> <span class='ocrx_word' id='word_1_486' title='bbox 2766 518 3021 583; x_wconf 70' lang='grc' dir='ltr'><strong>ευςιιίεἰο,</strong></span> <span class='ocrx_word' id='word_1_487' title='bbox 3055 519 3301 575; x_wconf 86' lang='lat' dir='ltr'><strong>nimirum</strong></span> <span class='ocrx_word' id='word_1_488' title='bbox 3325 520 3460 578; x_wconf 86' lang='lat' dir='ltr'><strong>hanc</strong></span> <span class='ocrx_word' id='word_1_489' title='bbox 3486 526 3613 581; x_wconf 88' lang='lat' dir='ltr'><strong>mihi</strong></span> <span class='ocrx_word' id='word_1_490' title='bbox 3636 530 3837 583; x_wconf 84' lang='lat' dir='ltr'><strong>oratio-</strong></span> 
     </span>
    </p>
   </div>
   <div class='ocr_carea' id='block_1_64' title="bbox 2254 597 3835 686">
    <p class='ocr_par' dir='ltr' id='par_1_64' title="bbox 2254 597 3835 686">
     <span class='ocr_line' id='line_1_64' title="bbox 2254 597 3835 686; baseline 0.017 -39"><span class='ocrx_word' id='word_1_491' title='bbox 2254 609 2374 649; x_wconf 89' lang='lat' dir='ltr'><strong>nem</strong></span> <span class='ocrx_word' id='word_1_492' title='bbox 2394 614 2499 652; x_wconf 92' lang='lat' dir='ltr'><strong>non</strong></span> <span class='ocrx_word' id='word_1_493' title='bbox 2521 603 2703 667; x_wconf 78' lang='lat' dir='ltr'><strong>vestri,</strong></span> <span class='ocrx_word' id='word_1_494' title='bbox 2725 605 2817 659; x_wconf 88' lang='lat' dir='ltr'><strong>sed</strong></span> <span class='ocrx_word' id='word_1_495' title='bbox 2843 607 3051 663; x_wconf 88' lang='lat' dir='ltr'><strong>illorum</strong></span> <span class='ocrx_word' id='word_1_496' title='bbox 3075 625 3232 667; x_wconf 83' lang='lat' dir='ltr'><strong>causa</strong></span> <span class='ocrx_word' id='word_1_497' title='bbox 3254 597 3715 686; x_wconf 47' lang='lat' dir='ltr'><strong>esse&#39;suseeptam.</strong></span> <span class='ocrx_word' id='word_1_498' title='bbox 3743 619 3835 674; x_wconf 70' lang='grc' dir='ltr'><strong>νο-</strong></span> 
     </span>
    </p>
   </div>
   <div class='ocr_carea' id='block_1_65' title="bbox 2254 691 3831 779">
    <p class='ocr_par' dir='ltr' id='par_1_65' title="bbox 2254 691 3831 779">
     <span class='ocr_line' id='line_1_65' title="bbox 2254 691 3831 779; baseline 0.018 -38"><span class='ocrx_word' id='word_1_499' title='bbox 2254 701 2370 742; x_wconf 91' lang='lat' dir='ltr'><strong>rum</strong></span> <span class='ocrx_word' id='word_1_500' title='bbox 2392 691 2582 747; x_wconf 87' lang='lat' dir='ltr'><strong>scitote</strong></span> <span class='ocrx_word' id='word_1_501' title='bbox 2603 694 2715 749; x_wconf 73' lang='lat' dir='ltr'><strong>haec</strong></span> <span class='ocrx_word' id='word_1_502' title='bbox 2737 711 2765 749; x_wconf 88' lang='lat' dir='ltr'><strong>a</strong></span> <span class='ocrx_word' id='word_1_503' title='bbox 2791 714 2875 752; x_wconf 89' lang='lat' dir='ltr'><strong>me</strong></span> <span class='ocrx_word' id='word_1_504' title='bbox 2897 717 3001 754; x_wconf 91' lang='lat' dir='ltr'><strong>non</strong></span> <span class='ocrx_word' id='word_1_505' title='bbox 3025 703 3257 771; x_wconf 88' lang='lat' dir='ltr'><strong>illorum,</strong></span> <span class='ocrx_word' id='word_1_506' title='bbox 3276 708 3366 760; x_wconf 87' lang='lat' dir='ltr'><strong>sed</strong></span> <span class='ocrx_word' id='word_1_507' title='bbox 3390 720 3560 762; x_wconf 85' lang='lat' dir='ltr'><strong>vestra</strong></span> <span class='ocrx_word' id='word_1_508' title='bbox 3591 712 3831 779; x_wconf 88' lang='lat' dir='ltr'><strong>ipsorum</strong></span> 
     </span>
    </p>
   </div>
   <div class='ocr_carea' id='block_1_66' title="bbox 2250 779 3831 871">
    <p class='ocr_par' dir='ltr' id='par_1_66' title="bbox 2250 779 3831 871">
     <span class='ocr_line' id='line_1_66' title="bbox 2250 779 3831 871; baseline 0.018 -42"><span class='ocrx_word' id='word_1_509' title='bbox 2250 789 2409 831; x_wconf 85' lang='lat' dir='ltr'><strong>causa</strong></span> <span class='ocrx_word' id='word_1_510' title='bbox 2435 779 2561 845; x_wconf 89' lang='lat' dir='ltr'><strong>dici,</strong></span> <span class='ocrx_word' id='word_1_511' title='bbox 2595 782 2771 854; x_wconf 90' lang='lat' dir='ltr'><strong>idque,</strong></span> <span class='ocrx_word' id='word_1_512' title='bbox 2806 787 2851 841; x_wconf 89' lang='lat' dir='ltr'><strong>si</strong></span> <span class='ocrx_word' id='word_1_513' title='bbox 2882 800 3112 845; x_wconf 78' lang='lat' dir='ltr'><strong>mentem</strong></span> <span class='ocrx_word' id='word_1_514' title='bbox 3139 792 3419 849; x_wconf 79' lang='lat' dir='ltr'><strong>advertere</strong></span> <span class='ocrx_word' id='word_1_515' title='bbox 3468 799 3667 868; x_wconf 85' lang='lat' dir='ltr'><strong>velitis,</strong></span> <span class='ocrx_word' id='word_1_516' title='bbox 3699 803 3831 871; x_wconf 69' lang='lat' dir='ltr'><strong>ipsa:</strong></span> 
     </span>
    </p>
   </div>
   <div class='ocr_carea' id='block_1_67' title="bbox 2252 871 3826 958">
    <p class='ocr_par' dir='ltr' id='par_1_67' title="bbox 2252 871 3826 958">
     <span class='ocr_line' id='line_1_67' title="bbox 2252 871 3826 958; baseline 0.018 -39"><span class='ocrx_word' id='word_1_517' title='bbox 2252 871 2400 924; x_wconf 84' lang='lat' dir='ltr'><strong>vobis</strong></span> <span class='ocrx_word' id='word_1_518' title='bbox 2427 873 2660 929; x_wconf 87' lang='lat' dir='ltr'><strong>rationes</strong></span> <span class='ocrx_word' id='word_1_519' title='bbox 2688 882 3098 945; x_wconf 80' lang='lat' dir='ltr'><strong>persuadebunt.</strong></span> <span class='ocrx_word' id='word_1_520' title='bbox 3124 884 3236 939; x_wconf 84' lang='lat' dir='ltr'><strong>Non</strong></span> <span class='ocrx_word' id='word_1_521' title='bbox 3262 899 3464 956; x_wconf 77' lang='lat' dir='ltr'><strong>:equate</strong></span> <span class='ocrx_word' id='word_1_522' title='bbox 3486 901 3571 945; x_wconf 86' lang='lat' dir='ltr'><strong>est</strong></span> <span class='ocrx_word' id='word_1_523' title='bbox 3594 894 3826 958; x_wconf 87' lang='lat' dir='ltr'><strong>lucrum,</strong></span> 
     </span>
    </p>
   </div>
   <div class='ocr_carea' id='block_1_68' title="bbox 2248 960 3827 1050">
    <p class='ocr_par' dir='ltr' id='par_1_68' title="bbox 2248 960 3827 1050">
     <span class='ocr_line' id='line_1_68' title="bbox 2248 960 3827 1050; baseline 0.019 -40"><span class='ocrx_word' id='word_1_524' title='bbox 2248 962 2387 1028; x_wconf 87' lang='lat' dir='ltr'><strong>quod</strong></span> <span class='ocrx_word' id='word_1_525' title='bbox 2428 978 2521 1017; x_wconf 89' lang='lat' dir='ltr'><strong>vos</strong></span> <span class='ocrx_word' id='word_1_526' title='bbox 2561 960 2841 1034; x_wconf 54' lang='lat' dir='ltr'><strong>reporta&#39;tis</strong></span> <span class='ocrx_word' id='word_1_527' title='bbox 2882 980 3041 1037; x_wconf 83' lang='lat' dir='ltr'><strong>atque</strong></span> <span class='ocrx_word' id='word_1_528' title='bbox 3087 974 3158 1028; x_wconf 91' lang='lat' dir='ltr'><strong>illi</strong></span> <span class='ocrx_word' id='word_1_529' title='bbox 3191 993 3204 1028; x_wconf 95' lang='lat'>:</span> <span class='ocrx_word' id='word_1_530' title='bbox 3239 993 3356 1031; x_wconf 89' lang='lat' dir='ltr'><strong>nam</strong></span> <span class='ocrx_word' id='word_1_531' title='bbox 3402 996 3494 1034; x_wconf 84' lang='lat' dir='ltr'><strong>vos</strong></span> <span class='ocrx_word' id='word_1_532' title='bbox 3528 983 3744 1050; x_wconf 89' lang='lat' dir='ltr'><strong>quidem</strong></span> <span class='ocrx_word' id='word_1_533' title='bbox 3781 988 3827 1040; x_wconf 84' lang='lat' dir='ltr'><strong>si</strong></span> 
     </span>
    </p>
   </div>
   <div class='ocr_carea' id='block_1_69' title="bbox 2248 1050 3824 1139">
    <p class='ocr_par' dir='ltr' id='par_1_69' title="bbox 2248 1050 3824 1139">
     <span class='ocr_line' id='line_1_69' title="bbox 2248 1050 3824 1139; baseline 0.016 -37"><span class='ocrx_word' id='word_1_534' title='bbox 2248 1050 2520 1119; x_wconf 72' lang='lat' dir='ltr'><strong>dederitis,</strong></span> <span class='ocrx_word' id='word_1_535' title='bbox 2544 1071 2605 1109; x_wconf 89' lang='lat' dir='ltr'><strong>ea</strong></span> <span class='ocrx_word' id='word_1_536' title='bbox 2634 1058 2847 1125; x_wconf 82' lang='lat' dir='ltr'><strong>dabitis,</strong></span> <span class='ocrx_word' id='word_1_537' title='bbox 2880 1078 2997 1131; x_wconf 67' lang='lat' dir='ltr'><strong>quae</strong></span> <span class='ocrx_word' id='word_1_538' title='bbox 3022 1064 3179 1131; x_wconf 89' lang='lat' dir='ltr'><strong>paulo</strong></span> <span class='ocrx_word' id='word_1_539' title='bbox 3209 1078 3344 1135; x_wconf 84' lang='lat' dir='ltr'><strong>post,</strong></span> <span class='ocrx_word' id='word_1_540' title='bbox 3378 1071 3550 1124; x_wconf 79' lang='lat' dir='ltr'><strong>velitis</strong></span> <span class='ocrx_word' id='word_1_541' title='bbox 3571 1113 3586 1133; x_wconf 92' lang='lat'><strong>,</strong></span> <span class='ocrx_word' id='word_1_542' title='bbox 3620 1075 3824 1139; x_wconf 85' lang='lat' dir='ltr'><strong>nolitis,</strong></span> 
     </span>
    </p>
   </div>
   <div class='ocr_carea' id='block_1_70' title="bbox 2245 1141 3821 1232">
    <p class='ocr_par' dir='ltr' id='par_1_70' title="bbox 2245 1141 3821 1232">
     <span class='ocr_line' id='line_1_70' title="bbox 2245 1141 3821 1232; baseline 0.016 -39"><span class='ocrx_word' id='word_1_543' title='bbox 2245 1141 2364 1194; x_wconf 88' lang='lat' dir='ltr'><strong>aliis</strong></span> <span class='ocrx_word' id='word_1_544' title='bbox 2389 1146 2702 1214; x_wconf 78' lang='lat' dir='ltr'><strong>resignatttri</strong></span> <span class='ocrx_word' id='word_1_545' title='bbox 2728 1159 2782 1203; x_wconf 89' lang='lat' dir='ltr'><strong>et</strong></span> <span class='ocrx_word' id='word_1_546' title='bbox 2808 1155 3114 1207; x_wconf 86' lang='lat' dir='ltr'><strong>concessuri</strong></span> <span class='ocrx_word' id='word_1_547' title='bbox 3144 1157 3273 1211; x_wconf 90' lang='lat' dir='ltr'><strong>estis</strong></span> <span class='ocrx_word' id='word_1_548' title='bbox 3296 1175 3307 1217; x_wconf 83' lang='lat'><strong>;</strong></span> <span class='ocrx_word' id='word_1_549' title='bbox 3340 1169 3393 1212; x_wconf 89' lang='lat' dir='ltr'><strong>at</strong></span> <span class='ocrx_word' id='word_1_550' title='bbox 3417 1177 3531 1228; x_wconf 80' lang='lat' dir='ltr'><strong>qna:</strong></span> <span class='ocrx_word' id='word_1_551' title='bbox 3557 1164 3821 1232; x_wconf 81' lang='lat' dir='ltr'><strong>accipitis.</strong></span> 
     </span>
    </p>
   </div>
   <div class='ocr_carea' id='block_1_71' title="bbox 2248 1238 3823 1315">
    <p class='ocr_par' dir='ltr' id='par_1_71' title="bbox 2248 1238 3823 1315">
     <span class='ocr_line' id='line_1_71' title="bbox 2248 1238 3823 1315; baseline 0.016 -33"><span class='ocrx_word' id='word_1_552' title='bbox 2248 1245 2532 1302; x_wconf 84' lang='lat' dir='ltr'><strong>permagna</strong></span> <span class='ocrx_word' id='word_1_553' title='bbox 2563 1246 2722 1301; x_wconf 68' lang='lat' dir='ltr'><strong>sunt,</strong></span> <span class='ocrx_word' id='word_1_554' title='bbox 2755 1238 2936 1310; x_wconf 79' lang='lat' dir='ltr'><strong>longe,</strong></span> <span class='ocrx_word' id='word_1_555' title='bbox 2973 1242 3186 1313; x_wconf 89' lang='lat' dir='ltr'><strong>inquam</strong></span> <span class='ocrx_word' id='word_1_556' title='bbox 3206 1288 3223 1311; x_wconf 90' lang='lat'><strong>,</strong></span> <span class='ocrx_word' id='word_1_557' title='bbox 3251 1249 3470 1315; x_wconf 87' lang='lat' dir='ltr'><strong>majora.</strong></span> <span class='ocrx_word' id='word_1_558' title='bbox 3502 1252 3691 1306; x_wconf 65' lang='lat' dir='ltr'><strong>Annon</strong></span> <span class='ocrx_word' id='word_1_559' title='bbox 3721 1254 3823 1307; x_wconf 88' lang='lat' dir='ltr'><strong>hoc</strong></span> 
     </span>
    </p>
   </div>
   <div class='ocr_carea' id='block_1_72' title="bbox 2244 1322 3821 1407">
    <p class='ocr_par' dir='ltr' id='par_1_72' title="bbox 2244 1322 3821 1407">
     <span class='ocr_line' id='line_1_72' title="bbox 2244 1322 3821 1407; baseline 0.017 -34"><span class='ocrx_word' id='word_1_560' title='bbox 2244 1322 2422 1376; x_wconf 89' lang='lat' dir='ltr'><strong>animo</strong></span> <span class='ocrx_word' id='word_1_561' title='bbox 2448 1328 2594 1407; x_wconf 88' lang='lat' dir='ltr'><strong>estis,</strong></span> <span class='ocrx_word' id='word_1_562' title='bbox 2626 1332 2867 1399; x_wconf 88' lang='lat' dir='ltr'><strong>accipere</strong></span> <span class='ocrx_word' id='word_1_563' title='bbox 2894 1348 2988 1387; x_wconf 80' lang='lat' dir='ltr'><strong>vos</strong></span> <span class='ocrx_word' id='word_1_564' title='bbox 3007 1376 3021 1398; x_wconf 93' lang='lat'><strong>,</strong></span> <span class='ocrx_word' id='word_1_565' title='bbox 3050 1350 3170 1389; x_wconf 91' lang='lat' dir='ltr'><strong>cum</strong></span> <span class='ocrx_word' id='word_1_566' title='bbox 3203 1337 3376 1391; x_wconf 84' lang='lat' dir='ltr'><strong>datis?</strong></span> <span class='ocrx_word' id='word_1_567' title='bbox 3404 1339 3515 1407; x_wconf 79' lang='lat' dir='ltr'><strong>Ego</strong></span> <span class='ocrx_word' id='word_1_568' title='bbox 3541 1357 3688 1401; x_wconf 84' lang='lat' dir='ltr'><strong>vero.</strong></span> <span class='ocrx_word' id='word_1_569' title='bbox 3718 1346 3821 1400; x_wconf 83' lang='lat' dir='ltr'><strong>nisi</strong></span> 
     </span>
    </p>
   </div>
   <div class='ocr_carea' id='block_1_73' title="bbox 2246 1406 3818 1495">
    <p class='ocr_par' dir='ltr' id='par_1_73' title="bbox 2246 1406 3818 1495">
     <span class='ocr_line' id='line_1_73' title="bbox 2246 1406 3818 1495; baseline 0.017 -32"><span class='ocrx_word' id='word_1_570' title='bbox 2246 1412 2346 1467; x_wconf 84' lang='lat' dir='ltr'><strong>hoc</strong></span> <span class='ocrx_word' id='word_1_571' title='bbox 2389 1406 2566 1471; x_wconf 77' lang='lat' dir='ltr'><strong>animo</strong></span> <span class='ocrx_word' id='word_1_572' title='bbox 2610 1422 2773 1483; x_wconf 85' lang='lat' dir='ltr'><strong>estis,</strong></span> <span class='ocrx_word' id='word_1_573' title='bbox 2826 1439 2890 1477; x_wconf 90' lang='lat' dir='ltr'><strong>ne</strong></span> <span class='ocrx_word' id='word_1_574' title='bbox 2935 1425 3072 1480; x_wconf 90' lang='lat' dir='ltr'><strong>dctis</strong></span> <span class='ocrx_word' id='word_1_575' title='bbox 3119 1430 3330 1495; x_wconf 89' lang='lat' dir='ltr'><strong>quidem</strong></span> <span class='ocrx_word' id='word_1_576' title='bbox 3381 1434 3536 1486; x_wconf 77' lang='lat' dir='ltr'><strong>velim</strong></span> <span class='ocrx_word' id='word_1_577' title='bbox 3569 1453 3580 1486; x_wconf 91' lang='lat'><strong>:</strong></span> <span class='ocrx_word' id='word_1_578' title='bbox 3616 1445 3818 1490; x_wconf 89' lang='lat' dir='ltr'><strong>tantum</strong></span> 
     </span>
    </p>
   </div>
   <div class='ocr_carea' id='block_1_74' title="bbox 2244 1508 3819 1595">
    <p class='ocr_par' dir='ltr' id='par_1_74' title="bbox 2244 1508 3819 1595">
     <span class='ocr_line' id='line_1_74' title="bbox 2244 1508 3819 1595; baseline 0.014 -36"><span class='ocrx_word' id='word_1_579' title='bbox 2244 1508 2414 1567; x_wconf 83' lang='lat' dir='ltr'><strong>abest,</strong></span> <span class='ocrx_word' id='word_1_580' title='bbox 2442 1525 2538 1577; x_wconf 82' lang='lat' dir='ltr'><strong>pro</strong></span> <span class='ocrx_word' id='word_1_581' title='bbox 2564 1512 2664 1566; x_wconf 86' lang='lat' dir='ltr'><strong>illis</strong></span> <span class='ocrx_word' id='word_1_582' title='bbox 2692 1530 2992 1570; x_wconf 80' lang='lat' dir='ltr'><strong>sermonem</strong></span> <span class='ocrx_word' id='word_1_583' title='bbox 3018 1519 3227 1595; x_wconf 83' lang='lat' dir='ltr'><strong>faciam.</strong></span> <span class='ocrx_word' id='word_1_584' title='bbox 3252 1523 3362 1576; x_wconf 84' lang='lat' dir='ltr'><strong>Nisi</strong></span> <span class='ocrx_word' id='word_1_585' title='bbox 3388 1527 3502 1595; x_wconf 86' lang='lat' dir='ltr'><strong>quis</strong></span> <span class='ocrx_word' id='word_1_586' title='bbox 3535 1539 3689 1582; x_wconf 85' lang='lat' dir='ltr'><strong>antea</strong></span> <span class='ocrx_word' id='word_1_587' title='bbox 3716 1531 3819 1581; x_wconf 79' lang='lat' dir='ltr'><strong>sibi</strong></span> 
     </span>
    </p>
   </div>
   <div class='ocr_carea' id='block_1_75' title="bbox 2242 1602 3821 1687">
    <p class='ocr_par' dir='ltr' id='par_1_75' title="bbox 2242 1602 3821 1687">
     <span class='ocr_line' id='line_1_75' title="bbox 2242 1602 3821 1687; baseline 0.014 -37"><span class='ocrx_word' id='word_1_588' title='bbox 2242 1602 2600 1667; x_wconf 78' lang='lat' dir='ltr'><strong>persnaserit,</strong></span> <span class='ocrx_word' id='word_1_589' title='bbox 2635 1606 2877 1673; x_wconf 68' lang='lat' dir='ltr'><strong>accipere</strong></span> <span class='ocrx_word' id='word_1_590' title='bbox 2921 1626 2977 1661; x_wconf 75' lang='lat' dir='ltr'><strong>se</strong></span> <span class='ocrx_word' id='word_1_591' title='bbox 3024 1612 3187 1679; x_wconf 80' lang='lat' dir='ltr'><strong>magis</strong></span> <span class='ocrx_word' id='word_1_592' title='bbox 3230 1628 3385 1680; x_wconf 89' lang='lat' dir='ltr'><strong>quam</strong></span> <span class='ocrx_word' id='word_1_593' title='bbox 3436 1617 3599 1679; x_wconf 80' lang='lat' dir='ltr'><strong>dare,</strong></span> <span class='ocrx_word' id='word_1_594' title='bbox 3632 1620 3821 1687; x_wconf 82' lang='lat' dir='ltr'><strong>ingens</strong></span> 
     </span>
    </p>
   </div>
   <div class='ocr_carea' id='block_1_76' title="bbox 2244 1688 3817 1775">
    <p class='ocr_par' dir='ltr' id='par_1_76' title="bbox 2244 1688 3817 1775">
     <span class='ocr_line' id='line_1_76' title="bbox 2244 1688 3817 1775; baseline 0.016 -35"><span class='ocrx_word' id='word_1_595' title='bbox 2244 1688 2445 1743; x_wconf 72' lang='lat' dir='ltr'><strong>bit-rum</strong></span> <span class='ocrx_word' id='word_1_596' title='bbox 2480 1692 2671 1757; x_wconf 80' lang='lat' dir='ltr'><strong>facere,</strong></span> <span class='ocrx_word' id='word_1_597' title='bbox 2710 1696 2967 1752; x_wconf 76' lang='lat' dir='ltr'><strong>beneficio</strong></span> <span class='ocrx_word' id='word_1_598' title='bbox 2999 1703 3164 1770; x_wconf 79' lang='lat' dir='ltr'><strong>magis</strong></span> <span class='ocrx_word' id='word_1_599' title='bbox 3198 1704 3335 1759; x_wconf 77' lang='lat' dir='ltr'><strong>allici</strong></span> <span class='ocrx_word' id='word_1_600' title='bbox 3378 1722 3534 1774; x_wconf 87' lang='lat' dir='ltr'><strong>quam</strong></span> <span class='ocrx_word' id='word_1_601' title='bbox 3563 1710 3817 1775; x_wconf 81' lang='lat' dir='ltr'><strong>allicere;</strong></span> 
     </span>
    </p>
   </div>
   <div class='ocr_carea' id='block_1_77' title="bbox 2244 1780 3819 1869">
    <p class='ocr_par' dir='ltr' id='par_1_77' title="bbox 2244 1780 3819 1869">
     <span class='ocr_line' id='line_1_77' title="bbox 2244 1780 3819 1869; baseline 0.017 -38"><span class='ocrx_word' id='word_1_602' title='bbox 2244 1780 2331 1832; x_wconf 82' lang='lat' dir='ltr'><strong>ille</strong></span> <span class='ocrx_word' id='word_1_603' title='bbox 2358 1797 2487 1835; x_wconf 76' lang='lat' dir='ltr'><strong>vero</strong></span> <span class='ocrx_word' id='word_1_604' title='bbox 2518 1800 2583 1837; x_wconf 88' lang='lat' dir='ltr'><strong>ne</strong></span> <span class='ocrx_word' id='word_1_605' title='bbox 2613 1785 2703 1839; x_wconf 89' lang='lat' dir='ltr'><strong>det</strong></span> <span class='ocrx_word' id='word_1_606' title='bbox 2731 1806 2742 1839; x_wconf 89' lang='lat'><strong>:</strong></span> <span class='ocrx_word' id='word_1_607' title='bbox 2774 1790 2817 1841; x_wconf 81' lang='lat' dir='ltr'><strong>si</strong></span> <span class='ocrx_word' id='word_1_608' title='bbox 2848 1790 2913 1842; x_wconf 85' lang='lat' dir='ltr'><strong>ita</strong></span> <span class='ocrx_word' id='word_1_609' title='bbox 2948 1802 3114 1858; x_wconf 83' lang='lat' dir='ltr'><strong>putat,</strong></span> <span class='ocrx_word' id='word_1_610' title='bbox 3142 1793 3269 1848; x_wconf 82' lang='lat' dir='ltr'><strong>dare</strong></span> <span class='ocrx_word' id='word_1_611' title='bbox 3300 1811 3358 1851; x_wconf 88' lang='lat' dir='ltr'><strong>se</strong></span> <span class='ocrx_word' id='word_1_612' title='bbox 3389 1798 3702 1855; x_wconf 77' lang='lat' dir='ltr'><strong>beneﬁcium</strong></span> <span class='ocrx_word' id='word_1_613' title='bbox 3722 1818 3819 1869; x_wconf 54' lang='lat' dir='ltr'><strong>ac:</strong></span> 
     </span>
    </p>
   </div>
   <div class='ocr_carea' id='block_1_78' title="bbox 2238 1873 3823 1961">
    <p class='ocr_par' dir='ltr' id='par_1_78' title="bbox 2238 1873 3823 1961">
     <span class='ocr_line' id='line_1_78' title="bbox 2238 1873 3823 1961; baseline 0.018 -39"><span class='ocrx_word' id='word_1_614' title='bbox 2238 1873 2473 1941; x_wconf 85' lang='lat' dir='ltr'><strong>cipienti,</strong></span> <span class='ocrx_word' id='word_1_615' title='bbox 2506 1889 2572 1929; x_wconf 90' lang='lat' dir='ltr'><strong>ne</strong></span> <span class='ocrx_word' id='word_1_616' title='bbox 2602 1877 2712 1931; x_wconf 89' lang='lat' dir='ltr'><strong>det.</strong></span> <span class='ocrx_word' id='word_1_617' title='bbox 2757 1879 2869 1934; x_wconf 83' lang='lat' dir='ltr'><strong>Non</strong></span> <span class='ocrx_word' id='word_1_618' title='bbox 2898 1885 3039 1935; x_wconf 87' lang='lat' dir='ltr'><strong>enim</strong></span> <span class='ocrx_word' id='word_1_619' title='bbox 3074 1884 3122 1937; x_wconf 89' lang='lat' dir='ltr'><strong>id</strong></span> <span class='ocrx_word' id='word_1_620' title='bbox 3158 1887 3285 1941; x_wconf 86' lang='lat' dir='ltr'><strong>mihi</strong></span> <span class='ocrx_word' id='word_1_621' title='bbox 3321 1904 3461 1944; x_wconf 90' lang='lat' dir='ltr'><strong>nunc</strong></span> <span class='ocrx_word' id='word_1_622' title='bbox 3494 1907 3823 1961; x_wconf 77' lang='lat' dir='ltr'><strong>magnopere</strong></span> 
     </span>
    </p>
   </div>
   <div class='ocr_carea' id='block_1_79' title="bbox 2240 1968 3820 2045">
    <p class='ocr_par' dir='ltr' id='par_1_79' title="bbox 2240 1968 3820 2045">
     <span class='ocr_line' id='line_1_79' title="bbox 2240 1968 3820 2045; baseline 0.016 -32"><span class='ocrx_word' id='word_1_623' title='bbox 2240 1976 2379 2017; x_wconf 69' lang='lat' dir='ltr'><strong>cura:</strong></span> <span class='ocrx_word' id='word_1_624' title='bbox 2406 1976 2506 2031; x_wconf 86' lang='lat' dir='ltr'><strong>est,</strong></span> <span class='ocrx_word' id='word_1_625' title='bbox 2531 1976 2587 2018; x_wconf 88' lang='lat' dir='ltr'><strong>ut</strong></span> <span class='ocrx_word' id='word_1_626' title='bbox 2610 1968 2821 2023; x_wconf 84' lang='lat' dir='ltr'><strong>alantur</strong></span> <span class='ocrx_word' id='word_1_627' title='bbox 2840 1974 3010 2027; x_wconf 88' lang='lat' dir='ltr'><strong>sancti</strong></span> <span class='ocrx_word' id='word_1_628' title='bbox 3038 1992 3050 2026; x_wconf 86' lang='lat'><strong>:</strong></span> <span class='ocrx_word' id='word_1_629' title='bbox 3077 1991 3196 2028; x_wconf 89' lang='lat' dir='ltr'><strong>nam</strong></span> <span class='ocrx_word' id='word_1_630' title='bbox 3222 1978 3322 2032; x_wconf 80' lang='lat' dir='ltr'><strong>nisi</strong></span> <span class='ocrx_word' id='word_1_631' title='bbox 3355 1988 3405 2032; x_wconf 89' lang='lat' dir='ltr'><strong>tu</strong></span> <span class='ocrx_word' id='word_1_632' title='bbox 3428 1981 3660 2045; x_wconf 86' lang='lat' dir='ltr'><strong>dederis,</strong></span> <span class='ocrx_word' id='word_1_633' title='bbox 3680 1986 3820 2038; x_wconf 85' lang='lat' dir='ltr'><strong>alius</strong></span> 
     </span>
    </p>
   </div>
   <div class='ocr_carea' id='block_1_80' title="bbox 2238 2052 3821 2140">
    <p class='ocr_par' dir='ltr' id='par_1_80' title="bbox 2238 2052 3821 2140">
     <span class='ocr_line' id='line_1_80' title="bbox 2238 2052 3821 2140; baseline 0.016 -37"><span class='ocrx_word' id='word_1_634' title='bbox 2238 2052 2379 2106; x_wconf 83' lang='lat' dir='ltr'><strong>dabit</strong></span> <span class='ocrx_word' id='word_1_635' title='bbox 2422 2054 2779 2119; x_wconf 77' lang='lat' dir='ltr'><strong>Quamobrem</strong></span> <span class='ocrx_word' id='word_1_636' title='bbox 2807 2064 2946 2128; x_wconf 88' lang='lat' dir='ltr'><strong>quod</strong></span> <span class='ocrx_word' id='word_1_637' title='bbox 2973 2065 3111 2130; x_wconf 87' lang='lat' dir='ltr'><strong>volo,</strong></span> <span class='ocrx_word' id='word_1_638' title='bbox 3134 2067 3233 2121; x_wconf 86' lang='lat' dir='ltr'><strong>hoc</strong></span> <span class='ocrx_word' id='word_1_639' title='bbox 3255 2078 3371 2122; x_wconf 86' lang='lat' dir='ltr'><strong>est:</strong></span> <span class='ocrx_word' id='word_1_640' title='bbox 3398 2081 3452 2125; x_wconf 90' lang='lat' dir='ltr'><strong>ut</strong></span> <span class='ocrx_word' id='word_1_641' title='bbox 3474 2087 3568 2125; x_wconf 86' lang='lat' dir='ltr'><strong>vos</strong></span> <span class='ocrx_word' id='word_1_642' title='bbox 3588 2078 3821 2140; x_wconf 79' lang='lat' dir='ltr'><strong>peccatis</strong></span> 
     </span>
    </p>
   </div>
   <div class='ocr_carea' id='block_1_81' title="bbox 2236 2147 3819 2233">
    <p class='ocr_par' dir='ltr' id='par_1_81' title="bbox 2236 2147 3819 2233">
     <span class='ocr_line' id='line_1_81' title="bbox 2236 2147 3819 2233; baseline 0.02 -42"><span class='ocrx_word' id='word_1_643' title='bbox 2236 2147 2423 2198; x_wconf 74' lang='lat' dir='ltr'><strong>vestris</strong></span> <span class='ocrx_word' id='word_1_644' title='bbox 2458 2148 2626 2200; x_wconf 85' lang='lat' dir='ltr'><strong>lenem</strong></span> <span class='ocrx_word' id='word_1_645' title='bbox 2656 2153 2937 2221; x_wconf 82' lang='lat' dir='ltr'><strong>quamdam</strong></span> <span class='ocrx_word' id='word_1_646' title='bbox 2967 2157 3282 2213; x_wconf 87' lang='lat' dir='ltr'><strong>medicinam</strong></span> <span class='ocrx_word' id='word_1_647' title='bbox 3307 2161 3509 2217; x_wconf 86' lang='lat' dir='ltr'><strong>faciatis</strong></span> <span class='ocrx_word' id='word_1_648' title='bbox 3532 2181 3542 2215; x_wconf 93' lang='lat'><strong>:</strong></span> <span class='ocrx_word' id='word_1_649' title='bbox 3564 2166 3654 2233; x_wconf 88' lang='lat' dir='ltr'><strong>qui</strong></span> <span class='ocrx_word' id='word_1_650' title='bbox 3687 2183 3819 2222; x_wconf 86' lang='lat' dir='ltr'><strong>vero</strong></span> 
     </span>
    </p>
   </div>
   <div class='ocr_carea' id='block_1_82' title="bbox 2238 2234 3816 2315">
    <p class='ocr_par' dir='ltr' id='par_1_82' title="bbox 2238 2234 3816 2315">
     <span class='ocr_line' id='line_1_82' title="bbox 2238 2234 3816 2315; baseline 0.017 -30"><span class='ocrx_word' id='word_1_651' title='bbox 2238 2234 2371 2289; x_wconf 71' lang='lat' dir='ltr'><strong>iittttt‘,</strong></span> <span class='ocrx_word' id='word_1_652' title='bbox 2390 2240 2438 2289; x_wconf 79' lang='lat' dir='ltr'><strong>in</strong></span> <span class='ocrx_word' id='word_1_653' title='bbox 2460 2242 2629 2293; x_wconf 78' lang='lat' dir='ltr'><strong>dando</strong></span> <span class='ocrx_word' id='word_1_654' title='bbox 2654 2247 2908 2299; x_wconf 73' lang='lat' dir='ltr'><strong>rationem</strong></span> <span class='ocrx_word' id='word_1_655' title='bbox 2935 2264 3036 2301; x_wconf 90' lang='lat' dir='ltr'><strong>non</strong></span> <span class='ocrx_word' id='word_1_656' title='bbox 3064 2259 3226 2315; x_wconf 87' lang='lat' dir='ltr'><strong>tenet,</strong></span> <span class='ocrx_word' id='word_1_657' title='bbox 3252 2254 3566 2308; x_wconf 77' lang='lat' dir='ltr'><strong>medicinam</strong></span> <span class='ocrx_word' id='word_1_658' title='bbox 3593 2273 3698 2311; x_wconf 92' lang='lat' dir='ltr'><strong>non</strong></span> <span class='ocrx_word' id='word_1_659' title='bbox 3722 2260 3816 2314; x_wconf 84' lang='lat' dir='ltr'><strong>ba-</strong></span> 
     </span>
    </p>
   </div>
   <div class='ocr_carea' id='block_1_83' title="bbox 2234 2327 3816 2413">
    <p class='ocr_par' dir='ltr' id='par_1_83' title="bbox 2234 2327 3816 2413">
     <span class='ocr_line' id='line_1_83' title="bbox 2234 2327 3816 2413; baseline 0.013 -34"><span class='ocrx_word' id='word_1_660' title='bbox 2234 2327 2395 2381; x_wconf 81' lang='lat' dir='ltr'><strong>hcbit.</strong></span> <span class='ocrx_word' id='word_1_661' title='bbox 2432 2332 2713 2388; x_wconf 65' lang='lat' dir='ltr'><strong>Nun&#39;eoim</strong></span> <span class='ocrx_word' id='word_1_662' title='bbox 2747 2338 2893 2395; x_wconf 85' lang='lat' dir='ltr'><strong>dare.</strong></span> <span class='ocrx_word' id='word_1_663' title='bbox 2929 2342 3019 2395; x_wconf 89' lang='lat' dir='ltr'><strong>sed</strong></span> <span class='ocrx_word' id='word_1_664' title='bbox 3049 2344 3276 2397; x_wconf 86' lang='lat' dir='ltr'><strong>alacrem</strong></span> <span class='ocrx_word' id='word_1_665' title='bbox 3307 2344 3455 2407; x_wconf 83' lang='lat' dir='ltr'><strong>dare,</strong></span> <span class='ocrx_word' id='word_1_666' title='bbox 3486 2347 3578 2400; x_wconf 88' lang='lat' dir='ltr'><strong>sed</strong></span> <span class='ocrx_word' id='word_1_667' title='bbox 3608 2348 3816 2413; x_wconf 68' lang='lat' dir='ltr'><strong>lii-tum,</strong></span> 
     </span>
    </p>
   </div>
   <div class='ocr_carea' id='block_1_84' title="bbox 2234 2419 3815 2509">
    <p class='ocr_par' dir='ltr' id='par_1_84' title="bbox 2234 2419 3815 2509">
     <span class='ocr_line' id='line_1_84' title="bbox 2234 2419 3815 2509; baseline 0.012 -36"><span class='ocrx_word' id='word_1_668' title='bbox 2234 2419 2322 2473; x_wconf 83' lang='lat' dir='ltr'><strong>sed</strong></span> <span class='ocrx_word' id='word_1_669' title='bbox 2344 2424 2537 2489; x_wconf 68' lang='lat' dir='ltr'><strong>gratias</strong></span> <span class='ocrx_word' id='word_1_670' title='bbox 2560 2424 2841 2483; x_wconf 60' lang='lat' dir='ltr'><strong>habentem</strong></span> <span class='ocrx_word' id='word_1_671' title='bbox 2861 2432 3158 2498; x_wconf 83' lang='lat' dir='ltr'><strong>accipienti,</strong></span> <span class='ocrx_word' id='word_1_672' title='bbox 3182 2434 3279 2487; x_wconf 88' lang='lat' dir='ltr'><strong>hoc</strong></span> <span class='ocrx_word' id='word_1_673' title='bbox 3296 2443 3395 2494; x_wconf 87' lang='lat' dir='ltr'><strong>est,</strong></span> <span class='ocrx_word' id='word_1_674' title='bbox 3415 2436 3815 2509; x_wconf 78' lang='lat' dir='ltr'><strong>eleemusynam</strong></span> 
     </span>
    </p>
   </div>
   <div class='ocr_carea' id='block_1_85' title="bbox 2236 2512 3819 2587">
    <p class='ocr_par' dir='ltr' id='par_1_85' title="bbox 2236 2512 3819 2587">
     <span class='ocr_line' id='line_1_85' title="bbox 2236 2512 3819 2587; baseline 0.013 -25"><span class='ocrx_word' id='word_1_675' title='bbox 2236 2512 2407 2566; x_wconf 65' lang='lat' dir='ltr'><strong>facere</strong></span> <span class='ocrx_word' id='word_1_676' title='bbox 2442 2532 2454 2565; x_wconf 93' lang='lat'>:</span> <span class='ocrx_word' id='word_1_677' title='bbox 2487 2518 2558 2567; x_wconf 82' lang='lat' dir='ltr'><strong>ait</strong></span> <span class='ocrx_word' id='word_1_678' title='bbox 2586 2518 2748 2579; x_wconf 84' lang='lat' dir='ltr'><strong>enim,</strong></span> <span class='ocrx_word' id='word_1_679' title='bbox 2786 2518 2902 2573; x_wconf 77' lang='lat' dir='ltr'><strong>Non</strong></span> <span class='ocrx_word' id='word_1_680' title='bbox 2933 2537 2995 2574; x_wconf 75' lang='lat' dir='ltr'><strong>ex</strong></span> <span class='ocrx_word' id='word_1_681' title='bbox 3022 2523 3239 2587; x_wconf 84' lang='lat' dir='ltr'><strong>tristitia,</strong></span> <span class='ocrx_word' id='word_1_682' title='bbox 3270 2537 3356 2577; x_wconf 81' lang='lat' dir='ltr'><strong>aut</strong></span> <span class='ocrx_word' id='word_1_683' title='bbox 3386 2542 3447 2579; x_wconf 76' lang='lat' dir='ltr'><strong>er</strong></span> <span class='ocrx_word' id='word_1_684' title='bbox 3473 2529 3769 2581; x_wconf 76' lang='lat' dir='ltr'><strong>necessitate</strong></span> <span class='ocrx_word' id='word_1_685' title='bbox 3798 2545 3819 2582; x_wconf 89' lang='lat'><strong><em>:</em></strong></span> 
     </span>
    </p>
   </div>
   <div class='ocr_carea' id='block_1_86' title="bbox 2231 2604 3812 2687">
    <p class='ocr_par' dir='ltr' id='par_1_86' title="bbox 2231 2604 3812 2687">
     <span class='ocr_line' id='line_1_86' title="bbox 2231 2604 3812 2687; baseline 0.015 -35"><span class='ocrx_word' id='word_1_686' title='bbox 2231 2604 2441 2655; x_wconf 57' lang='lat' dir='ltr'><strong>loturam</strong></span> <span class='ocrx_word' id='word_1_687' title='bbox 2468 2606 2595 2656; x_wconf 77' lang='lat' dir='ltr'><strong>enim</strong></span> <span class='ocrx_word' id='word_1_688' title='bbox 2620 2606 2846 2663; x_wconf 80' lang='lat' dir='ltr'><strong>datorem</strong></span> <span class='ocrx_word' id='word_1_689' title='bbox 2870 2611 3030 2680; x_wconf 83' lang='lat' dir='ltr'><strong>diligit</strong></span> <span class='ocrx_word' id='word_1_690' title='bbox 3054 2611 3285 2683; x_wconf 69' lang='lat' dir='ltr'><strong>Deus(2</strong></span> <span class='ocrx_word' id='word_1_691' title='bbox 3338 2614 3453 2667; x_wconf 83' lang='lat' dir='ltr'><strong>Cor.</strong></span> <span class='ocrx_word' id='word_1_692' title='bbox 3486 2616 3537 2670; x_wconf 88' lang='lat'><strong>9.</strong></span> <span class='ocrx_word' id='word_1_693' title='bbox 3572 2620 3663 2687; x_wconf 84' lang='lat'><strong>7).</strong></span> <span class='ocrx_word' id='word_1_694' title='bbox 3692 2621 3812 2676; x_wconf 79' lang='lat' dir='ltr'><strong>Non</strong></span> 
     </span>
    </p>
   </div>
   <div class='ocr_carea' id='block_1_87' title="bbox 2231 2695 3811 2774">
    <p class='ocr_par' dir='ltr' id='par_1_87' title="bbox 2231 2695 3811 2774">
     <span class='ocr_line' id='line_1_87' title="bbox 2231 2695 3811 2774; baseline 0.014 -29"><span class='ocrx_word' id='word_1_695' title='bbox 2231 2695 2319 2747; x_wconf 84' lang='lat' dir='ltr'><strong>det</strong></span> <span class='ocrx_word' id='word_1_696' title='bbox 2350 2698 2521 2765; x_wconf 62' lang='lat' dir='ltr'><strong>igitur,</strong></span> <span class='ocrx_word' id='word_1_697' title='bbox 2549 2700 2637 2765; x_wconf 74' lang='lat' dir='ltr'><strong>qui</strong></span> <span class='ocrx_word' id='word_1_698' title='bbox 2668 2700 2768 2752; x_wconf 86' lang='lat' dir='ltr'><strong>hoc</strong></span> <span class='ocrx_word' id='word_1_699' title='bbox 2795 2702 2954 2755; x_wconf 87' lang='lat' dir='ltr'><strong>modo</strong></span> <span class='ocrx_word' id='word_1_700' title='bbox 2982 2719 3084 2756; x_wconf 89' lang='lat' dir='ltr'><strong>non</strong></span> <span class='ocrx_word' id='word_1_701' title='bbox 3114 2704 3199 2758; x_wconf 88' lang='lat' dir='ltr'><strong>dat</strong></span> <span class='ocrx_word' id='word_1_702' title='bbox 3234 2723 3245 2759; x_wconf 92' lang='lat'>:</span> <span class='ocrx_word' id='word_1_703' title='bbox 3274 2708 3481 2774; x_wconf 84' lang='lat' dir='ltr'><strong>jactura</strong></span> <span class='ocrx_word' id='word_1_704' title='bbox 3501 2713 3640 2764; x_wconf 84' lang='lat' dir='ltr'><strong>enim</strong></span> <span class='ocrx_word' id='word_1_705' title='bbox 3667 2714 3811 2767; x_wconf 84' lang='lat' dir='ltr'><strong>istud</strong></span> 
     </span>
    </p>
   </div>
   <div class='ocr_carea' id='block_1_88' title="bbox 2228 2790 3811 2874">
    <p class='ocr_par' dir='ltr' id='par_1_88' title="bbox 2228 2790 3811 2874">
     <span class='ocr_line' id='line_1_88' title="bbox 2228 2790 3811 2874; baseline 0.02 -44"><span class='ocrx_word' id='word_1_706' title='bbox 2228 2798 2327 2849; x_wconf 60' lang='lat' dir='ltr'><strong>ea,</strong></span> <span class='ocrx_word' id='word_1_707' title='bbox 2362 2804 2463 2839; x_wconf 79' lang='lat' dir='ltr'><strong>mu</strong></span> <span class='ocrx_word' id='word_1_708' title='bbox 2493 2790 2853 2863; x_wconf 76' lang='lat' dir='ltr'><strong>cleemosyna,</strong></span> <span class='ocrx_word' id='word_1_709' title='bbox 2887 2796 3060 2861; x_wconf 84' lang='lat' dir='ltr'><strong>Quare</strong></span> <span class='ocrx_word' id='word_1_710' title='bbox 3086 2798 3128 2850; x_wconf 90' lang='lat' dir='ltr'><strong>si</strong></span> <span class='ocrx_word' id='word_1_711' title='bbox 3162 2798 3309 2853; x_wconf 85' lang='lat' dir='ltr'><strong>vobis</strong></span> <span class='ocrx_word' id='word_1_712' title='bbox 3342 2800 3440 2856; x_wconf 88' lang='lat' dir='ltr'><strong>hoc</strong></span> <span class='ocrx_word' id='word_1_713' title='bbox 3466 2791 3811 2874; x_wconf 70' lang='lat' dir='ltr'><strong>exploraiurn</strong></span> 
     </span>
    </p>
   </div>
   <div class='ocr_carea' id='block_1_89' title="bbox 2228 2885 3817 2964">
    <p class='ocr_par' dir='ltr' id='par_1_89' title="bbox 2228 2885 3817 2964">
     <span class='ocr_line' id='line_1_89' title="bbox 2228 2885 3817 2964; baseline 0.013 -33"><span class='ocrx_word' id='word_1_714' title='bbox 2228 2889 2329 2941; x_wconf 76' lang='lat' dir='ltr'><strong>est,</strong></span> <span class='ocrx_word' id='word_1_715' title='bbox 2361 2894 2455 2932; x_wconf 81' lang='lat' dir='ltr'><strong>vos</strong></span> <span class='ocrx_word' id='word_1_716' title='bbox 2482 2896 2602 2936; x_wconf 86' lang='lat' dir='ltr'><strong>esse</strong></span> <span class='ocrx_word' id='word_1_717' title='bbox 2628 2885 2715 2948; x_wconf 86' lang='lat' dir='ltr'><strong>qui</strong></span> <span class='ocrx_word' id='word_1_718' title='bbox 2742 2895 3003 2953; x_wconf 79' lang='lat' dir='ltr'><strong>qurrstum</strong></span> <span class='ocrx_word' id='word_1_719' title='bbox 3033 2888 3226 2951; x_wconf 68' lang='lat' dir='ltr'><strong>facitis,</strong></span> <span class='ocrx_word' id='word_1_720' title='bbox 3260 2905 3363 2945; x_wconf 91' lang='lat' dir='ltr'><strong>non</strong></span> <span class='ocrx_word' id='word_1_721' title='bbox 3392 2892 3531 2957; x_wconf 79' lang='lat' dir='ltr'><strong>illos,</strong></span> <span class='ocrx_word' id='word_1_722' title='bbox 3560 2897 3817 2964; x_wconf 76' lang='lat' dir='ltr'><strong>explora-</strong></span> 
     </span>
    </p>
   </div>
   <div class='ocr_carea' id='block_1_90' title="bbox 2229 2974 3814 3046">
    <p class='ocr_par' dir='ltr' id='par_1_90' title="bbox 2229 2974 3814 3046">
     <span class='ocr_line' id='line_1_90' title="bbox 2229 2974 3814 3046; baseline 0.015 -24"><span class='ocrx_word' id='word_1_723' title='bbox 2229 2979 2334 3022; x_wconf 85' lang='lat' dir='ltr'><strong>tum</strong></span> <span class='ocrx_word' id='word_1_724' title='bbox 2362 2986 2569 3041; x_wconf 80' lang='lat' dir='ltr'><strong>quoque</strong></span> <span class='ocrx_word' id='word_1_725' title='bbox 2598 2974 2725 3028; x_wconf 87' lang='lat' dir='ltr'><strong>illud</strong></span> <span class='ocrx_word' id='word_1_726' title='bbox 2752 2976 2839 3040; x_wconf 75' lang='lat' dir='ltr'><strong>sit,</strong></span> <span class='ocrx_word' id='word_1_727' title='bbox 2866 2979 3037 3046; x_wconf 79' lang='lat' dir='ltr'><strong>majus</strong></span> <span class='ocrx_word' id='word_1_728' title='bbox 3059 2981 3217 3033; x_wconf 82' lang='lat' dir='ltr'><strong>etiam</strong></span> <span class='ocrx_word' id='word_1_729' title='bbox 3250 2982 3450 3037; x_wconf 87' lang='lat' dir='ltr'><strong>lucrum</strong></span> <span class='ocrx_word' id='word_1_730' title='bbox 3474 2986 3625 3042; x_wconf 82' lang='lat' dir='ltr'><strong>vobis</strong></span> <span class='ocrx_word' id='word_1_731' title='bbox 3649 3003 3814 3044; x_wconf 87' lang='lat' dir='ltr'><strong>acce-</strong></span> 
     </span>
    </p>
   </div>
   <div class='ocr_carea' id='block_1_91' title="bbox 2224 3062 3809 3140">
    <p class='ocr_par' dir='ltr' id='par_1_91' title="bbox 2224 3062 3809 3140">
     <span class='ocr_line' id='line_1_91' title="bbox 2224 3062 3809 3140; baseline 0.013 -25"><span class='ocrx_word' id='word_1_732' title='bbox 2224 3062 2373 3115; x_wconf 88' lang='lat' dir='ltr'><strong>dere.</strong></span> <span class='ocrx_word' id='word_1_733' title='bbox 2404 3064 2538 3117; x_wconf 68' lang='lat' dir='ltr'><strong>l‘iam</strong></span> <span class='ocrx_word' id='word_1_734' title='bbox 2580 3065 2681 3120; x_wconf 89' lang='lat' dir='ltr'><strong>illis</strong></span> <span class='ocrx_word' id='word_1_735' title='bbox 2725 3067 2938 3137; x_wconf 89' lang='lat' dir='ltr'><strong>quidem</strong></span> <span class='ocrx_word' id='word_1_736' title='bbox 2980 3084 3173 3140; x_wconf 86' lang='lat' dir='ltr'><strong>corpus</strong></span> <span class='ocrx_word' id='word_1_737' title='bbox 3216 3074 3408 3137; x_wconf 87' lang='lat' dir='ltr'><strong>alitur;</strong></span> <span class='ocrx_word' id='word_1_738' title='bbox 3443 3077 3595 3133; x_wconf 88' lang='lat' dir='ltr'><strong>vobis</strong></span> <span class='ocrx_word' id='word_1_739' title='bbox 3620 3086 3809 3135; x_wconf 81' lang='lat' dir='ltr'><strong>autem</strong></span> 
     </span>
    </p>
   </div>
   <div class='ocr_carea' id='block_1_92' title="bbox 2222 3153 3810 3231">
    <p class='ocr_par' dir='ltr' id='par_1_92' title="bbox 2222 3153 3810 3231">
     <span class='ocr_line' id='line_1_92' title="bbox 2222 3153 3810 3231; baseline 0.012 -26"><span class='ocrx_word' id='word_1_740' title='bbox 2222 3153 2545 3220; x_wconf 77' lang='lat' dir='ltr'><strong>splendescit</strong></span> <span class='ocrx_word' id='word_1_741' title='bbox 2575 3156 2748 3209; x_wconf 88' lang='lat' dir='ltr'><strong>anima</strong></span> <span class='ocrx_word' id='word_1_742' title='bbox 2780 3173 2791 3209; x_wconf 95' lang='lat'>:</span> <span class='ocrx_word' id='word_1_743' title='bbox 2823 3159 2959 3223; x_wconf 90' lang='lat' dir='ltr'><strong>illis,</strong></span> <span class='ocrx_word' id='word_1_744' title='bbox 2988 3175 3105 3214; x_wconf 87' lang='lat' dir='ltr'><strong>cum</strong></span> <span class='ocrx_word' id='word_1_745' title='bbox 3140 3164 3403 3231; x_wconf 88' lang='lat' dir='ltr'><strong>accipiunt</strong></span> <span class='ocrx_word' id='word_1_746' title='bbox 3427 3206 3441 3226; x_wconf 92' lang='lat'><strong>,</strong></span> <span class='ocrx_word' id='word_1_747' title='bbox 3476 3168 3679 3221; x_wconf 90' lang='lat' dir='ltr'><strong>nullum</strong></span> <span class='ocrx_word' id='word_1_748' title='bbox 3711 3185 3810 3224; x_wconf 80' lang='lat' dir='ltr'><strong>re-</strong></span> 
     </span>
    </p>
   </div>
   <div class='ocr_carea' id='block_1_93' title="bbox 2223 3238 3811 3315">
    <p class='ocr_par' dir='ltr' id='par_1_93' title="bbox 2223 3238 3811 3315">
     <span class='ocr_line' id='line_1_93' title="bbox 2223 3238 3811 3315; baseline 0.012 -18"><span class='ocrx_word' id='word_1_749' title='bbox 2223 3245 2451 3299; x_wconf 79' lang='lat' dir='ltr'><strong>mittitur</strong></span> <span class='ocrx_word' id='word_1_750' title='bbox 2473 3255 2777 3315; x_wconf 82' lang='lat' dir='ltr'><strong>peccatum;</strong></span> <span class='ocrx_word' id='word_1_751' title='bbox 2800 3250 2951 3304; x_wconf 82' lang='lat' dir='ltr'><strong>vobis</strong></span> <span class='ocrx_word' id='word_1_752' title='bbox 2974 3266 3099 3305; x_wconf 84' lang='lat' dir='ltr'><strong>vero</strong></span> <span class='ocrx_word' id='word_1_753' title='bbox 3122 3255 3298 3307; x_wconf 75' lang='lat' dir='ltr'><strong>multa:</strong></span> <span class='ocrx_word' id='word_1_754' title='bbox 3326 3238 3647 3314; x_wconf 68' lang='lat' dir='ltr'><strong>offensiones</strong></span> <span class='ocrx_word' id='word_1_755' title='bbox 3672 3261 3811 3315; x_wconf 75' lang='lat' dir='ltr'><strong>abo-</strong></span> 
     </span>
    </p>
   </div>
   <div class='ocr_carea' id='block_1_94' title="bbox 2224 3337 3810 3412">
    <p class='ocr_par' dir='ltr' id='par_1_94' title="bbox 2224 3337 3810 3412">
     <span class='ocr_line' id='line_1_94' title="bbox 2224 3337 3810 3412; baseline 0.011 -23"><span class='ocrx_word' id='word_1_756' title='bbox 2224 3337 2417 3390; x_wconf 87' lang='lat' dir='ltr'><strong>lentur.</strong></span> <span class='ocrx_word' id='word_1_757' title='bbox 2450 3337 2917 3395; x_wconf 87' lang='lat' dir='ltr'><strong>Communicemus</strong></span> <span class='ocrx_word' id='word_1_758' title='bbox 2968 3342 3124 3411; x_wconf 84' lang='lat' dir='ltr'><strong>igitur</strong></span> <span class='ocrx_word' id='word_1_759' title='bbox 3167 3344 3294 3412; x_wconf 85' lang='lat' dir='ltr'><strong>ipsis</strong></span> <span class='ocrx_word' id='word_1_760' title='bbox 3339 3347 3390 3399; x_wconf 90' lang='lat' dir='ltr'><strong>in</strong></span> <span class='ocrx_word' id='word_1_761' title='bbox 3430 3348 3706 3403; x_wconf 84' lang='lat' dir='ltr'><strong>laboribus</strong></span> <span class='ocrx_word' id='word_1_762' title='bbox 3734 3366 3810 3406; x_wconf 82' lang='lat' dir='ltr'><strong>ae</strong></span> 
     </span>
    </p>
   </div>
   <div class='ocr_carea' id='block_1_95' title="bbox 2219 3428 3809 3506">
    <p class='ocr_par' dir='ltr' id='par_1_95' title="bbox 2219 3428 3809 3506">
     <span class='ocr_line' id='line_1_95' title="bbox 2219 3428 3809 3506; baseline 0.009 -26"><span class='ocrx_word' id='word_1_763' title='bbox 2219 3428 2631 3492; x_wconf 89' lang='lat' dir='ltr'><strong>certaminibus,</strong></span> <span class='ocrx_word' id='word_1_764' title='bbox 2663 3440 2720 3483; x_wconf 90' lang='lat' dir='ltr'><strong>ut</strong></span> <span class='ocrx_word' id='word_1_765' title='bbox 2749 3432 2801 3484; x_wconf 93' lang='lat' dir='ltr'><strong>in</strong></span> <span class='ocrx_word' id='word_1_766' title='bbox 2834 3434 3039 3501; x_wconf 81' lang='lat' dir='ltr'><strong>magnis</strong></span> <span class='ocrx_word' id='word_1_767' title='bbox 3069 3450 3278 3504; x_wconf 85' lang='lat' dir='ltr'><strong>quoque</strong></span> <span class='ocrx_word' id='word_1_768' title='bbox 3306 3437 3407 3491; x_wconf 90' lang='lat' dir='ltr'><strong>illis</strong></span> <span class='ocrx_word' id='word_1_769' title='bbox 3440 3442 3673 3506; x_wconf 74' lang='lat' dir='ltr'><strong>prmmiis</strong></span> <span class='ocrx_word' id='word_1_770' title='bbox 3702 3444 3809 3495; x_wconf 81' lang='lat' dir='ltr'><strong>ali-</strong></span> 
     </span>
    </p>
   </div>
   <div class='ocr_carea' id='block_1_96' title="bbox 2218 3518 3805 3599">
    <p class='ocr_par' dir='ltr' id='par_1_96' title="bbox 2218 3518 3805 3599">
     <span class='ocr_line' id='line_1_96' title="bbox 2218 3518 3805 3599; baseline 0.012 -32"><span class='ocrx_word' id='word_1_771' title='bbox 2218 3518 2430 3587; x_wconf 86' lang='lat' dir='ltr'><strong>quando</strong></span> <span class='ocrx_word' id='word_1_772' title='bbox 2458 3520 2929 3575; x_wconf 88' lang='lat' dir='ltr'><strong>communicemus.</strong></span> <span class='ocrx_word' id='word_1_773' title='bbox 2961 3522 3073 3577; x_wconf 85' lang='lat' dir='ltr'><strong>Non</strong></span> <span class='ocrx_word' id='word_1_774' title='bbox 3100 3523 3385 3581; x_wconf 88' lang='lat' dir='ltr'><strong>defuerunt</strong></span> <span class='ocrx_word' id='word_1_775' title='bbox 3405 3529 3490 3597; x_wconf 88' lang='lat' dir='ltr'><strong>qui</strong></span> <span class='ocrx_word' id='word_1_776' title='bbox 3516 3536 3668 3599; x_wconf 77' lang='lat' dir='ltr'><strong>rege‘s</strong></span> <span class='ocrx_word' id='word_1_777' title='bbox 3693 3532 3805 3586; x_wconf 82' lang='lat' dir='ltr'><strong>sibi</strong></span> 
     </span>
    </p>
   </div>
   <div class='ocr_carea' id='block_1_97' title="bbox 2218 3608 3807 3691">
    <p class='ocr_par' dir='ltr' id='par_1_97' title="bbox 2218 3608 3807 3691">
     <span class='ocr_line' id='line_1_97' title="bbox 2218 3608 3807 3691; baseline 0.011 -30"><span class='ocrx_word' id='word_1_778' title='bbox 2218 3608 2554 3677; x_wconf 75' lang='lat' dir='ltr'><strong>adoptarem,</strong></span> <span class='ocrx_word' id='word_1_779' title='bbox 2587 3621 2748 3679; x_wconf 76' lang='lat' dir='ltr'><strong>atque</strong></span> <span class='ocrx_word' id='word_1_780' title='bbox 2791 3613 2841 3666; x_wconf 92' lang='lat' dir='ltr'><strong>in</strong></span> <span class='ocrx_word' id='word_1_781' title='bbox 2881 3629 2946 3667; x_wconf 89' lang='lat' dir='ltr'><strong>eo</strong></span> <span class='ocrx_word' id='word_1_782' title='bbox 2989 3616 3157 3684; x_wconf 79' lang='lat' dir='ltr'><strong>magis</strong></span> <span class='ocrx_word' id='word_1_783' title='bbox 3196 3632 3257 3672; x_wconf 86' lang='lat' dir='ltr'><strong>se</strong></span> <span class='ocrx_word' id='word_1_784' title='bbox 3295 3617 3445 3687; x_wconf 86' lang='lat' dir='ltr'><strong>dare,</strong></span> <span class='ocrx_word' id='word_1_785' title='bbox 3473 3636 3629 3691; x_wconf 86' lang='lat' dir='ltr'><strong>quam</strong></span> <span class='ocrx_word' id='word_1_786' title='bbox 3657 3625 3807 3679; x_wconf 86' lang='lat' dir='ltr'><strong>acci-</strong></span> 
     </span>
    </p>
   </div>
   <div class='ocr_carea' id='block_1_98' title="bbox 2217 3701 3806 3780">
    <p class='ocr_par' dir='ltr' id='par_1_98' title="bbox 2217 3701 3806 3780">
     <span class='ocr_line' id='line_1_98' title="bbox 2217 3701 3806 3780; baseline 0.011 -28"><span class='ocrx_word' id='word_1_787' title='bbox 2217 3714 2344 3768; x_wconf 87' lang='lat' dir='ltr'><strong>pere</strong></span> <span class='ocrx_word' id='word_1_788' title='bbox 2374 3709 2637 3767; x_wconf 83' lang='lat' dir='ltr'><strong>putarent.</strong></span> <span class='ocrx_word' id='word_1_789' title='bbox 2680 3701 2761 3757; x_wconf 83' lang='lat' dir='ltr'><strong>Tu</strong></span> <span class='ocrx_word' id='word_1_790' title='bbox 2788 3702 3063 3759; x_wconf 83' lang='lat' dir='ltr'><strong>Christum</strong></span> <span class='ocrx_word' id='word_1_791' title='bbox 3092 3705 3181 3760; x_wconf 88' lang='lat' dir='ltr'><strong>tibi</strong></span> <span class='ocrx_word' id='word_1_792' title='bbox 3210 3706 3421 3778; x_wconf 87' lang='lat' dir='ltr'><strong>adopta,</strong></span> <span class='ocrx_word' id='word_1_793' title='bbox 3458 3719 3679 3780; x_wconf 89' lang='lat' dir='ltr'><strong>tuasque</strong></span> <span class='ocrx_word' id='word_1_794' title='bbox 3707 3727 3806 3769; x_wconf 86' lang='lat' dir='ltr'><strong>res</strong></span> 
     </span>
    </p>
   </div>
   <div class='ocr_carea' id='block_1_99' title="bbox 2220 3791 3803 3872">
    <p class='ocr_par' dir='ltr' id='par_1_99' title="bbox 2220 3791 3803 3872">
     <span class='ocr_line' id='line_1_99' title="bbox 2220 3791 3803 3872; baseline 0.008 -28"><span class='ocrx_word' id='word_1_795' title='bbox 2220 3791 2269 3844; x_wconf 88' lang='lat' dir='ltr'><strong>in</strong></span> <span class='ocrx_word' id='word_1_796' title='bbox 2307 3799 2420 3846; x_wconf 91' lang='lat' dir='ltr'><strong>tuto</strong></span> <span class='ocrx_word' id='word_1_797' title='bbox 2449 3792 2757 3847; x_wconf 84' lang='lat' dir='ltr'><strong>collocabis.</strong></span> <span class='ocrx_word' id='word_1_798' title='bbox 2791 3793 2880 3848; x_wconf 81' lang='lat' dir='ltr'><strong>Vis</strong></span> <span class='ocrx_word' id='word_1_799' title='bbox 2910 3804 2965 3850; x_wconf 92' lang='lat' dir='ltr'><strong>et</strong></span> <span class='ocrx_word' id='word_1_800' title='bbox 2995 3794 3160 3851; x_wconf 84' lang='lat' dir='ltr'><strong>Paulo</strong></span> <span class='ocrx_word' id='word_1_801' title='bbox 3197 3800 3633 3856; x_wconf 79' lang='lat' dir='ltr'><strong>communicare?</strong></span> <span class='ocrx_word' id='word_1_802' title='bbox 3668 3802 3803 3872; x_wconf 82' lang='lat' dir='ltr'><strong>quid</strong></span> 
     </span>
    </p>
   </div>
   <div class='ocr_carea' id='block_1_100' title="bbox 2216 3885 3581 3962">
    <p class='ocr_par' dir='ltr' id='par_1_100' title="bbox 2216 3885 3581 3962">
     <span class='ocr_line' id='line_1_100' title="bbox 2216 3885 3581 3962; baseline 0.005 -21"><span class='ocrx_word' id='word_1_803' title='bbox 2216 3886 2337 3941; x_wconf 90' lang='lat' dir='ltr'><strong>dico</strong></span> <span class='ocrx_word' id='word_1_804' title='bbox 2365 3886 2549 3952; x_wconf 87' lang='lat' dir='ltr'><strong>Paulo,</strong></span> <span class='ocrx_word' id='word_1_805' title='bbox 2582 3887 2670 3943; x_wconf 88' lang='lat' dir='ltr'><strong>ubi</strong></span> <span class='ocrx_word' id='word_1_806' title='bbox 2695 3885 2939 3942; x_wconf 86' lang='lat' dir='ltr'><strong>Christus</strong></span> <span class='ocrx_word' id='word_1_807' title='bbox 2969 3889 3083 3958; x_wconf 89' lang='lat' dir='ltr'><strong>ipse</strong></span> <span class='ocrx_word' id='word_1_808' title='bbox 3108 3899 3211 3953; x_wconf 85' lang='lat' dir='ltr'><strong>est,</strong></span> <span class='ocrx_word' id='word_1_809' title='bbox 3238 3891 3326 3961; x_wconf 92' lang='lat' dir='ltr'><strong>qui</strong></span> <span class='ocrx_word' id='word_1_810' title='bbox 3350 3892 3581 3962; x_wconf 72' lang='lat' dir='ltr'><strong>accipit?</strong></span> 
     </span>
    </p>
   </div>
   <div class='ocr_carea' id='block_1_101' title="bbox 2286 3974 3801 4048">
    <p class='ocr_par' dir='ltr' id='par_1_101' title="bbox 2286 3974 3801 4048">
     <span class='ocr_line' id='line_1_101' title="bbox 2286 3974 3801 4048; baseline 0.003 -15"><span class='ocrx_word' id='word_1_811' title='bbox 2286 3976 2340 4033; x_wconf 82' lang='lat'><strong>5.</strong></span> <span class='ocrx_word' id='word_1_812' title='bbox 2384 3974 2731 4047; x_wconf 76' lang='lat' dir='ltr'><strong>Eleemosyna:</strong></span> <span class='ocrx_word' id='word_1_813' title='bbox 2768 3977 3014 4048; x_wconf 70' lang='lat' dir='ltr'><strong>faciendis</strong></span> <span class='ocrx_word' id='word_1_814' title='bbox 3038 3981 3189 4034; x_wconf 88' lang='lat' dir='ltr'><strong>ratio.</strong></span> <span class='ocrx_word' id='word_1_815' title='bbox 3210 3980 3363 4036; x_wconf 86' lang='lat' dir='ltr'><strong>—Ut</strong></span> <span class='ocrx_word' id='word_1_816' title='bbox 3390 3992 3565 4038; x_wconf 85' lang='lat' dir='ltr'><strong>autem</strong></span> <span class='ocrx_word' id='word_1_817' title='bbox 3596 3983 3801 4039; x_wconf 84' lang='lat' dir='ltr'><strong>intelli-</strong></span> 
     </span>
    </p>
   </div>
   <div class='ocr_carea' id='block_1_102' title="bbox 2213 4065 3808 4145">
    <p class='ocr_par' dir='ltr' id='par_1_102' title="bbox 2213 4065 3808 4145">
     <span class='ocr_line' id='line_1_102' title="bbox 2213 4065 3808 4145; baseline 0.005 -27"><span class='ocrx_word' id='word_1_818' title='bbox 2213 4065 2371 4136; x_wconf 78' lang='lat' dir='ltr'><strong>gatis,</strong></span> <span class='ocrx_word' id='word_1_819' title='bbox 2400 4081 2486 4121; x_wconf 88' lang='lat' dir='ltr'><strong>me</strong></span> <span class='ocrx_word' id='word_1_820' title='bbox 2512 4080 2619 4121; x_wconf 90' lang='lat' dir='ltr'><strong>non</strong></span> <span class='ocrx_word' id='word_1_821' title='bbox 2639 4066 2865 4121; x_wconf 88' lang='lat' dir='ltr'><strong>aliorum</strong></span> <span class='ocrx_word' id='word_1_822' title='bbox 2891 4067 3207 4145; x_wconf 87' lang='lat' dir='ltr'><strong>recreationi</strong></span> <span class='ocrx_word' id='word_1_823' title='bbox 3230 4068 3553 4137; x_wconf 88' lang='lat' dir='ltr'><strong>studentem,</strong></span> <span class='ocrx_word' id='word_1_824' title='bbox 3576 4071 3668 4126; x_wconf 85' lang='lat' dir='ltr'><strong>sed</strong></span> <span class='ocrx_word' id='word_1_825' title='bbox 3703 4087 3808 4126; x_wconf 82' lang='lat' dir='ltr'><strong>ve-</strong></span> 
     </span>
    </p>
   </div>
   <div class='ocr_carea' id='block_1_103' title="bbox 2213 4155 3805 4232">
    <p class='ocr_par' dir='ltr' id='par_1_103' title="bbox 2213 4155 3805 4232">
     <span class='ocr_line' id='line_1_103' title="bbox 2213 4155 3805 4232; baseline 0.003 -21"><span class='ocrx_word' id='word_1_826' title='bbox 2213 4164 2323 4211; x_wconf 87' lang='lat' dir='ltr'><strong>stra</strong></span> <span class='ocrx_word' id='word_1_827' title='bbox 2349 4171 2507 4211; x_wconf 85' lang='lat' dir='ltr'><strong>causa</strong></span> <span class='ocrx_word' id='word_1_828' title='bbox 2532 4155 2647 4212; x_wconf 53' lang='lat' dir='ltr'><strong>haec</strong></span> <span class='ocrx_word' id='word_1_829' title='bbox 2668 4156 2847 4212; x_wconf 87' lang='lat' dir='ltr'><strong>omnia</strong></span> <span class='ocrx_word' id='word_1_830' title='bbox 2868 4164 2922 4211; x_wconf 92' lang='lat' dir='ltr'><strong>et</strong></span> <span class='ocrx_word' id='word_1_831' title='bbox 2952 4158 3134 4213; x_wconf 89' lang='lat' dir='ltr'><strong>dicere</strong></span> <span class='ocrx_word' id='word_1_832' title='bbox 3160 4166 3213 4213; x_wconf 90' lang='lat' dir='ltr'><strong>et</strong></span> <span class='ocrx_word' id='word_1_833' title='bbox 3240 4158 3416 4214; x_wconf 85' lang='lat' dir='ltr'><strong>facere</strong></span> <span class='ocrx_word' id='word_1_834' title='bbox 3439 4177 3452 4213; x_wconf 91' lang='lat'><strong>:</strong></span> <span class='ocrx_word' id='word_1_835' title='bbox 3476 4161 3521 4215; x_wconf 88' lang='lat' dir='ltr'><strong>si</strong></span> <span class='ocrx_word' id='word_1_836' title='bbox 3560 4163 3678 4232; x_wconf 87' lang='lat' dir='ltr'><strong>quis</strong></span> <span class='ocrx_word' id='word_1_837' title='bbox 3707 4172 3805 4216; x_wconf 82' lang='lat' dir='ltr'><strong>est</strong></span> 
     </span>
    </p>
   </div>
   <div class='ocr_carea' id='block_1_104' title="bbox 2214 4245 3803 4321">
    <p class='ocr_par' dir='ltr' id='par_1_104' title="bbox 2214 4245 3803 4321">
     <span class='ocr_line' id='line_1_104' title="bbox 2214 4245 3803 4321; baseline 0.002 -21"><span class='ocrx_word' id='word_1_838' title='bbox 2214 4261 2279 4300; x_wconf 81' lang='lat' dir='ltr'><strong>ex</strong></span> <span class='ocrx_word' id='word_1_839' title='bbox 2304 4245 2567 4316; x_wconf 67' lang='lat' dir='ltr'><strong>priefectis</strong></span> <span class='ocrx_word' id='word_1_840' title='bbox 2585 4245 2857 4309; x_wconf 61' lang='lat' dir='ltr'><strong>Ecclesiae,</strong></span> <span class='ocrx_word' id='word_1_841' title='bbox 2876 4248 2964 4316; x_wconf 88' lang='lat' dir='ltr'><strong>qui</strong></span> <span class='ocrx_word' id='word_1_842' title='bbox 2986 4248 3143 4301; x_wconf 79' lang='lat' dir='ltr'><strong>vitam</strong></span> <span class='ocrx_word' id='word_1_843' title='bbox 3166 4262 3274 4303; x_wconf 90' lang='lat' dir='ltr'><strong>non</strong></span> <span class='ocrx_word' id='word_1_844' title='bbox 3296 4248 3507 4319; x_wconf 89' lang='lat' dir='ltr'><strong>inopem</strong></span> <span class='ocrx_word' id='word_1_845' title='bbox 3532 4260 3653 4321; x_wconf 74' lang='lat' dir='ltr'><strong>agat</strong></span> <span class='ocrx_word' id='word_1_846' title='bbox 3675 4253 3803 4305; x_wconf 70' lang='lat' dir='ltr'><strong>nul-</strong></span> 
     </span>
    </p>
   </div>
   <div class='ocr_carea' id='block_1_105' title="bbox 2216 4338 3797 4409">
    <p class='ocr_par' dir='ltr' id='par_1_105' title="bbox 2216 4338 3797 4409">
     <span class='ocr_line' id='line_1_105' title="bbox 2216 4338 3797 4409; baseline 0.004 -17"><span class='ocrx_word' id='word_1_847' title='bbox 2216 4338 2371 4409; x_wconf 88' lang='lat' dir='ltr'><strong>laque</strong></span> <span class='ocrx_word' id='word_1_848' title='bbox 2400 4353 2459 4393; x_wconf 89' lang='lat' dir='ltr'><strong>re</strong></span> <span class='ocrx_word' id='word_1_849' title='bbox 2488 4347 2661 4408; x_wconf 78' lang='lat' dir='ltr'><strong>egeat,</strong></span> <span class='ocrx_word' id='word_1_850' title='bbox 2695 4338 2903 4393; x_wconf 88' lang='lat' dir='ltr'><strong>etiamsi</strong></span> <span class='ocrx_word' id='word_1_851' title='bbox 2935 4348 3154 4394; x_wconf 88' lang='lat' dir='ltr'><strong>sanctus</strong></span> <span class='ocrx_word' id='word_1_852' title='bbox 3195 4340 3296 4406; x_wconf 90' lang='lat' dir='ltr'><strong>sit,</strong></span> <span class='ocrx_word' id='word_1_853' title='bbox 3330 4350 3509 4397; x_wconf 87' lang='lat' dir='ltr'><strong>tamen</strong></span> <span class='ocrx_word' id='word_1_854' title='bbox 3552 4341 3691 4396; x_wconf 63' lang='lat' dir='ltr'><strong>‘nolo</strong></span> <span class='ocrx_word' id='word_1_855' title='bbox 3737 4343 3797 4398; x_wconf 85' lang='lat' dir='ltr'><strong>ei</strong></span> 
     </span>
    </p>
   </div>
   <div class='ocr_carea' id='block_1_106' title="bbox 2213 4430 3798 4505">
    <p class='ocr_par' dir='ltr' id='par_1_106' title="bbox 2213 4430 3798 4505">
     <span class='ocr_line' id='line_1_106' title="bbox 2213 4430 3798 4505; baseline 0.003 -20"><span class='ocrx_word' id='word_1_856' title='bbox 2213 4431 2342 4497; x_wconf 86' lang='lat' dir='ltr'><strong>des;</strong></span> <span class='ocrx_word' id='word_1_857' title='bbox 2386 4430 2481 4487; x_wconf 85' lang='lat' dir='ltr'><strong>sed</strong></span> <span class='ocrx_word' id='word_1_858' title='bbox 2510 4431 2633 4486; x_wconf 84' lang='lat' dir='ltr'><strong>huic</strong></span> <span class='ocrx_word' id='word_1_859' title='bbox 2657 4446 2911 4501; x_wconf 66' lang='lat' dir='ltr'><strong>praepone</strong></span> <span class='ocrx_word' id='word_1_860' title='bbox 2939 4431 3085 4486; x_wconf 90' lang='lat' dir='ltr'><strong>illum</strong></span> <span class='ocrx_word' id='word_1_861' title='bbox 3111 4430 3201 4502; x_wconf 89' lang='lat' dir='ltr'><strong>qui</strong></span> <span class='ocrx_word' id='word_1_862' title='bbox 3232 4441 3388 4505; x_wconf 78' lang='lat' dir='ltr'><strong>eget,</strong></span> <span class='ocrx_word' id='word_1_863' title='bbox 3413 4435 3657 4503; x_wconf 82' lang='lat' dir='ltr'><strong>quamvis</strong></span> <span class='ocrx_word' id='word_1_864' title='bbox 3682 4449 3798 4489; x_wconf 85' lang='lat' dir='ltr'><strong>non</strong></span> 
     </span>
    </p>
   </div>
   <div class='ocr_carea' id='block_1_107' title="bbox 2215 4521 3798 4596">
    <p class='ocr_par' dir='ltr' id='par_1_107' title="bbox 2215 4521 3798 4596">
     <span class='ocr_line' id='line_1_107' title="bbox 2215 4521 3798 4596; baseline 0.006 -21"><span class='ocrx_word' id='word_1_865' title='bbox 2215 4522 2351 4576; x_wconf 86' lang='lat' dir='ltr'><strong>adeo</strong></span> <span class='ocrx_word' id='word_1_866' title='bbox 2395 4521 2787 4577; x_wconf 85' lang='lat' dir='ltr'><strong>admirabilem.</strong></span> <span class='ocrx_word' id='word_1_867' title='bbox 2841 4521 2979 4591; x_wconf 84' lang='lat' dir='ltr'><strong>Quid</strong></span> <span class='ocrx_word' id='word_1_868' title='bbox 3021 4523 3127 4577; x_wconf 84' lang='lat' dir='ltr'><strong>ita?</strong></span> <span class='ocrx_word' id='word_1_869' title='bbox 3178 4524 3440 4592; x_wconf 88' lang='lat' dir='ltr'><strong>Quoniam</strong></span> <span class='ocrx_word' id='word_1_870' title='bbox 3472 4526 3587 4596; x_wconf 86' lang='lat' dir='ltr'><strong>ipse</strong></span> <span class='ocrx_word' id='word_1_871' title='bbox 3626 4526 3798 4584; x_wconf 74' lang='lat' dir='ltr'><strong>etiam</strong></span> 
     </span>
    </p>
   </div>
   <div class='ocr_carea' id='block_1_108' title="bbox 2215 4611 3802 4683">
    <p class='ocr_par' dir='ltr' id='par_1_108' title="bbox 2215 4611 3802 4683">
     <span class='ocr_line' id='line_1_108' title="bbox 2215 4611 3802 4683; baseline 0.003 -15"><span class='ocrx_word' id='word_1_872' title='bbox 2215 4611 2458 4668; x_wconf 85' lang='lat' dir='ltr'><strong>Christus</strong></span> <span class='ocrx_word' id='word_1_873' title='bbox 2484 4612 2585 4667; x_wconf 90' lang='lat' dir='ltr'><strong>hoc</strong></span> <span class='ocrx_word' id='word_1_874' title='bbox 2607 4612 2678 4667; x_wconf 85' lang='lat' dir='ltr'><strong>ita</strong></span> <span class='ocrx_word' id='word_1_875' title='bbox 2702 4612 2835 4678; x_wconf 88' lang='lat' dir='ltr'><strong>vult,</strong></span> <span class='ocrx_word' id='word_1_876' title='bbox 2864 4613 3027 4683; x_wconf 85' lang='lat' dir='ltr'><strong>idque</strong></span> <span class='ocrx_word' id='word_1_877' title='bbox 3054 4613 3159 4669; x_wconf 87' lang='lat' dir='ltr'><strong>illis</strong></span> <span class='ocrx_word' id='word_1_878' title='bbox 3193 4614 3370 4670; x_wconf 80' lang='lat' dir='ltr'><strong>verbis</strong></span> <span class='ocrx_word' id='word_1_879' title='bbox 3390 4616 3591 4671; x_wconf 88' lang='lat' dir='ltr'><strong>indicat</strong></span> <span class='ocrx_word' id='word_1_880' title='bbox 3617 4633 3631 4669; x_wconf 93' lang='lat'>:</span> <span class='ocrx_word' id='word_1_881' title='bbox 3662 4615 3802 4673; x_wconf 75' lang='lat' dir='ltr'><strong>Cum</strong></span> 
     </span>
    </p>
   </div>
   <div class='ocr_carea' id='block_1_109' title="bbox 2197 4696 3803 4793">
    <p class='ocr_par' dir='ltr' id='par_1_109' title="bbox 2197 4696 3803 4793">
     <span class='ocr_line' id='line_1_109' title="bbox 2197 4696 3803 4793; baseline 0.002 -36"><span class='ocrx_word' id='word_1_882' title='bbox 2197 4702 2342 4793; x_wconf 63' lang='lat' dir='ltr'><strong>facis</strong></span> <span class='ocrx_word' id='word_1_883' title='bbox 2362 4717 2555 4757; x_wconf 72' lang='lat' dir='ltr'><strong>mnam</strong></span> <span class='ocrx_word' id='word_1_884' title='bbox 2581 4712 2668 4756; x_wconf 87' lang='lat' dir='ltr'><strong>aut</strong></span> <span class='ocrx_word' id='word_1_885' title='bbox 2695 4701 3005 4772; x_wconf 69' lang='lat' dir='ltr'><strong>prandium,</strong></span> <span class='ocrx_word' id='word_1_886' title='bbox 3020 4703 3124 4757; x_wconf 83' lang='lat' dir='ltr'><strong>noli</strong></span> <span class='ocrx_word' id='word_1_887' title='bbox 3154 4696 3331 4759; x_wconf 77' lang='lat' dir='ltr'><strong>vocare</strong></span> <span class='ocrx_word' id='word_1_888' title='bbox 3348 4707 3538 4761; x_wconf 79' lang='lat' dir='ltr'><strong>amicos</strong></span> <span class='ocrx_word' id='word_1_889' title='bbox 3567 4715 3679 4765; x_wconf 70' lang='lat' dir='ltr'><strong>tuo:</strong></span> <span class='ocrx_word' id='word_1_890' title='bbox 3699 4722 3803 4760; x_wconf 80' lang='lat' dir='ltr'><strong>ne-</strong></span> 
     </span>
    </p>
   </div>
   <div class='ocr_carea' id='block_1_110' title="bbox 2215 4792 3800 4866">
    <p class='ocr_par' dir='ltr' id='par_1_110' title="bbox 2215 4792 3800 4866">
     <span class='ocr_line' id='line_1_110' title="bbox 2215 4792 3800 4866; baseline 0.004 -19"><span class='ocrx_word' id='word_1_891' title='bbox 2215 4809 2313 4863; x_wconf 78' lang='lat' dir='ltr'><strong>que</strong></span> <span class='ocrx_word' id='word_1_892' title='bbox 2329 4802 2590 4863; x_wconf 76' lang='lat' dir='ltr'><strong>cognatos,</strong></span> <span class='ocrx_word' id='word_1_893' title='bbox 2627 4794 2720 4848; x_wconf 83' lang='lat' dir='ltr'><strong>sed</strong></span> <span class='ocrx_word' id='word_1_894' title='bbox 2754 4792 2961 4857; x_wconf 79' lang='lat' dir='ltr'><strong>debiles,</strong></span> <span class='ocrx_word' id='word_1_895' title='bbox 2994 4794 3204 4850; x_wconf 72' lang='lat' dir='ltr'><strong>claudos</strong></span> <span class='ocrx_word' id='word_1_896' title='bbox 3227 4803 3273 4850; x_wconf 85' lang='lat' dir='ltr'><strong>et</strong></span> <span class='ocrx_word' id='word_1_897' title='bbox 3315 4810 3473 4852; x_wconf 70' lang='lat' dir='ltr'><strong>caecos</strong></span> <span class='ocrx_word' id='word_1_898' title='bbox 3500 4795 3665 4866; x_wconf 76' lang='lat' dir='ltr'><strong>(Lac.</strong></span> <span class='ocrx_word' id='word_1_899' title='bbox 3698 4797 3800 4854; x_wconf 73' lang='grc' dir='ltr'><strong>ιι.</strong></span> 
     </span>
    </p>
   </div>
   <div class='ocr_carea' id='block_1_111' title="bbox 2223 4881 3804 4957">
    <p class='ocr_par' dir='ltr' id='par_1_111' title="bbox 2223 4881 3804 4957">
     <span class='ocr_line' id='line_1_111' title="bbox 2223 4881 3804 4957; baseline 0.004 -19"><span class='ocrx_word' id='word_1_900' title='bbox 2223 4881 2310 4938; x_wconf 71' lang='grc'><strong>12.</strong></span> <span class='ocrx_word' id='word_1_901' title='bbox 2345 4882 2434 4954; x_wconf 79' lang='lat' dir='ltr'><strong>l3)</strong></span> <span class='ocrx_word' id='word_1_902' title='bbox 2461 4898 2473 4935; x_wconf 91' lang='lat'>:</span> <span class='ocrx_word' id='word_1_903' title='bbox 2498 4896 2593 4939; x_wconf 86' lang='lat' dir='ltr'><strong>eos</strong></span> <span class='ocrx_word' id='word_1_904' title='bbox 2622 4882 2869 4938; x_wconf 90' lang='lat' dir='ltr'><strong>nimirum</strong></span> <span class='ocrx_word' id='word_1_905' title='bbox 2890 4924 2907 4950; x_wconf 92' lang='lat'><strong>,</strong></span> <span class='ocrx_word' id='word_1_906' title='bbox 2938 4882 3029 4953; x_wconf 89' lang='lat' dir='ltr'><strong>qui</strong></span> <span class='ocrx_word' id='word_1_907' title='bbox 3061 4884 3153 4939; x_wconf 89' lang='lat' dir='ltr'><strong>tibi</strong></span> <span class='ocrx_word' id='word_1_908' title='bbox 3178 4899 3277 4956; x_wconf 83' lang='lat' dir='ltr'><strong>par</strong></span> <span class='ocrx_word' id='word_1_909' title='bbox 3310 4886 3425 4957; x_wconf 85' lang='lat' dir='ltr'><strong>pari</strong></span> <span class='ocrx_word' id='word_1_910' title='bbox 3452 4884 3656 4943; x_wconf 86' lang='lat' dir='ltr'><strong>referre</strong></span> <span class='ocrx_word' id='word_1_911' title='bbox 3684 4900 3804 4944; x_wconf 83' lang='lat' dir='ltr'><strong>non</strong></span> 
     </span>
    </p>
   </div>
   <div class='ocr_carea' id='block_1_112' title="bbox 2216 4972 3803 5055">
    <p class='ocr_par' dir='ltr' id='par_1_112' title="bbox 2216 4972 3803 5055">
     <span class='ocr_line' id='line_1_112' title="bbox 2216 4972 3803 5055; baseline 0.002 -27"><span class='ocrx_word' id='word_1_912' title='bbox 2216 4983 2460 5045; x_wconf 88' lang='lat' dir='ltr'><strong>possunt.</strong></span> <span class='ocrx_word' id='word_1_913' title='bbox 2487 4972 2603 5029; x_wconf 82' lang='lat' dir='ltr'><strong>Non</strong></span> <span class='ocrx_word' id='word_1_914' title='bbox 2642 4975 2786 5030; x_wconf 88' lang='lat' dir='ltr'><strong>enim</strong></span> <span class='ocrx_word' id='word_1_915' title='bbox 2815 4984 3014 5055; x_wconf 75' lang='lat' dir='ltr'><strong>temere</strong></span> <span class='ocrx_word' id='word_1_916' title='bbox 3057 4984 3184 5031; x_wconf 90' lang='lat' dir='ltr'><strong>sunt</strong></span> <span class='ocrx_word' id='word_1_917' title='bbox 3222 4976 3447 5045; x_wconf 82' lang='lat' dir='ltr'><strong>quilibet</strong></span> <span class='ocrx_word' id='word_1_918' title='bbox 3494 4976 3803 5045; x_wconf 85' lang='lat' dir='ltr'><strong>invitandi,</strong></span> 
     </span>
    </p>
   </div>
   <div class='ocr_carea' id='block_1_113' title="bbox 2217 5064 3811 5139">
    <p class='ocr_par' dir='ltr' id='par_1_113' title="bbox 2217 5064 3811 5139">
     <span class='ocr_line' id='line_1_113' title="bbox 2217 5064 3811 5139; baseline -0.001 -15"><span class='ocrx_word' id='word_1_919' title='bbox 2217 5066 2312 5124; x_wconf 81' lang='lat' dir='ltr'><strong>sed</strong></span> <span class='ocrx_word' id='word_1_920' title='bbox 2341 5065 2663 5134; x_wconf 87' lang='lat' dir='ltr'><strong>esurientes,</strong></span> <span class='ocrx_word' id='word_1_921' title='bbox 2694 5064 2790 5122; x_wconf 88' lang='lat' dir='ltr'><strong>sed</strong></span> <span class='ocrx_word' id='word_1_922' title='bbox 2832 5065 3094 5129; x_wconf 87' lang='lat' dir='ltr'><strong>sitientes.</strong></span> <span class='ocrx_word' id='word_1_923' title='bbox 3124 5066 3218 5122; x_wconf 82' lang='lat' dir='ltr'><strong>sed</strong></span> <span class='ocrx_word' id='word_1_924' title='bbox 3258 5066 3409 5133; x_wconf 88' lang='lat' dir='ltr'><strong>nudi,</strong></span> <span class='ocrx_word' id='word_1_925' title='bbox 3431 5066 3527 5123; x_wconf 85' lang='lat' dir='ltr'><strong>sed</strong></span> <span class='ocrx_word' id='word_1_926' title='bbox 3558 5068 3811 5139; x_wconf 61' lang='lat' dir='ltr'><strong>peregri-</strong></span> 
     </span>
    </p>
   </div>
   <div class='ocr_carea' id='block_1_114' title="bbox 2216 5144 3807 5245">
    <p class='ocr_par' dir='ltr' id='par_1_114' title="bbox 2216 5144 3807 5245">
     <span class='ocr_line' id='line_1_114' title="bbox 2216 5144 3807 5245; baseline 0.001 -32"><span class='ocrx_word' id='word_1_927' title='bbox 2216 5157 2293 5224; x_wconf 91' lang='lat' dir='ltr'><strong>ni,</strong></span> <span class='ocrx_word' id='word_1_928' title='bbox 2325 5156 2403 5230; x_wconf 88' lang='lat' dir='ltr'><strong>(a)</strong></span> <span class='ocrx_word' id='word_1_929' title='bbox 2426 5155 2551 5231; x_wconf 87' lang='lat' dir='ltr'><strong>[sed</strong></span> <span class='ocrx_word' id='word_1_930' title='bbox 2582 5156 2617 5212; x_wconf 93' lang='lat' dir='ltr'><strong>ii</strong></span> <span class='ocrx_word' id='word_1_931' title='bbox 2650 5155 2742 5227; x_wconf 90' lang='lat' dir='ltr'><strong>qui</strong></span> <span class='ocrx_word' id='word_1_932' title='bbox 2782 5172 2850 5213; x_wconf 80' lang='lat' dir='ltr'><strong>ex</strong></span> <span class='ocrx_word' id='word_1_933' title='bbox 2891 5157 3090 5214; x_wconf 73' lang='lat' dir='ltr'><strong>divitiis</strong></span> <span class='ocrx_word' id='word_1_934' title='bbox 3126 5144 3191 5224; x_wconf 60' lang='lat' dir='ltr'><strong>id</strong></span> <span class='ocrx_word' id='word_1_935' title='bbox 3220 5158 3449 5245; x_wconf 78' lang='lat' dir='ltr'><strong>inopiam</strong></span> <span class='ocrx_word' id='word_1_936' title='bbox 3495 5166 3620 5215; x_wconf 85' lang='lat' dir='ltr'><strong>sunt</strong></span> <span class='ocrx_word' id='word_1_937' title='bbox 3669 5158 3807 5215; x_wconf 81' lang='lat' dir='ltr'><strong>red-</strong></span> 
     </span>
    </p>
   </div>
   <div class='ocr_carea' id='block_1_115' title="bbox 2215 5246 3805 5322">
    <p class='ocr_par' dir='ltr' id='par_1_115' title="bbox 2215 5246 3805 5322">
     <span class='ocr_line' id='line_1_115' title="bbox 2215 5246 3805 5322; baseline 0.001 -19"><span class='ocrx_word' id='word_1_938' title='bbox 2215 5246 2367 5322; x_wconf 54' lang='grc' dir='ltr'><strong>ωειλ]</strong></span> <span class='ocrx_word' id='word_1_939' title='bbox 2384 5248 2497 5303; x_wconf 86' lang='lat' dir='ltr'><strong>Non</strong></span> <span class='ocrx_word' id='word_1_940' title='bbox 2514 5248 2656 5304; x_wconf 90' lang='lat' dir='ltr'><strong>enim</strong></span> <span class='ocrx_word' id='word_1_941' title='bbox 2673 5248 2914 5304; x_wconf 86' lang='lat' dir='ltr'><strong>absolute</strong></span> <span class='ocrx_word' id='word_1_942' title='bbox 2924 5248 3081 5317; x_wconf 80' lang='lat' dir='ltr'><strong>dixit,</strong></span> <span class='ocrx_word' id='word_1_943' title='bbox 3095 5249 3314 5304; x_wconf 81' lang='lat' dir='ltr'><strong>Aluistis</strong></span> <span class='ocrx_word' id='word_1_944' title='bbox 3332 5264 3439 5315; x_wconf 87' lang='lat' dir='ltr'><strong>me,</strong></span> <span class='ocrx_word' id='word_1_945' title='bbox 3458 5249 3550 5306; x_wconf 84' lang='lat' dir='ltr'><strong>sed</strong></span> <span class='ocrx_word' id='word_1_946' title='bbox 3568 5250 3805 5319; x_wconf 72' lang='lat' dir='ltr'><strong>addidit,</strong></span> 
     </span>
    </p>
   </div>
   <div class='ocr_carea' id='block_1_116' title="bbox 2216 5338 3808 5410">
    <p class='ocr_par' dir='ltr' id='par_1_116' title="bbox 2216 5338 3808 5410">
     <span class='ocr_line' id='line_1_116' title="bbox 2216 5338 3808 5410; baseline 0.001 -15"><span class='ocrx_word' id='word_1_947' title='bbox 2216 5339 2597 5395; x_wconf 86' lang='lat' dir='ltr'><strong>Esurieutem:</strong></span> <span class='ocrx_word' id='word_1_948' title='bbox 2635 5338 2969 5403; x_wconf 73' lang='lat' dir='ltr'><strong>Esurientem,</strong></span> <span class='ocrx_word' id='word_1_949' title='bbox 3009 5338 3198 5410; x_wconf 87' lang='lat' dir='ltr'><strong>inquit,</strong></span> <span class='ocrx_word' id='word_1_950' title='bbox 3230 5355 3309 5393; x_wconf 84' lang='lat' dir='ltr'><strong>me</strong></span> <span class='ocrx_word' id='word_1_951' title='bbox 3344 5340 3558 5406; x_wconf 79' lang='lat' dir='ltr'><strong>vidistis,</strong></span> <span class='ocrx_word' id='word_1_952' title='bbox 3605 5348 3653 5395; x_wconf 83' lang='lat' dir='ltr'><strong>et</strong></span> <span class='ocrx_word' id='word_1_953' title='bbox 3702 5341 3808 5396; x_wconf 83' lang='lat' dir='ltr'><strong>de-</strong></span> 
     </span>
    </p>
   </div>
   <div class='ocr_carea' id='block_1_117' title="bbox 2214 5429 3812 5503">
    <p class='ocr_par' dir='ltr' id='par_1_117' title="bbox 2214 5429 3812 5503">
     <span class='ocr_line' id='line_1_117' title="bbox 2214 5429 3812 5503; baseline 0.003 -19"><span class='ocrx_word' id='word_1_954' title='bbox 2214 5431 2362 5487; x_wconf 75' lang='lat' dir='ltr'><strong>distis</strong></span> <span class='ocrx_word' id='word_1_955' title='bbox 2376 5431 2501 5486; x_wconf 78' lang='lat' dir='ltr'><strong>mihi</strong></span> <span class='ocrx_word' id='word_1_956' title='bbox 2521 5430 2828 5487; x_wconf 79' lang='lat' dir='ltr'><strong>manducare</strong></span> <span class='ocrx_word' id='word_1_957' title='bbox 2854 5429 3066 5502; x_wconf 70' lang='lat' dir='ltr'><strong>(Matth.</strong></span> <span class='ocrx_word' id='word_1_958' title='bbox 3092 5430 3187 5486; x_wconf 72' lang='lat'><strong>25.</strong></span> <span class='ocrx_word' id='word_1_959' title='bbox 3217 5430 3330 5501; x_wconf 77' lang='lat'><strong>35).</strong></span> <span class='ocrx_word' id='word_1_960' title='bbox 3357 5429 3511 5499; x_wconf 89' lang='lat' dir='ltr'><strong>Quod</strong></span> <span class='ocrx_word' id='word_1_961' title='bbox 3534 5431 3581 5487; x_wconf 83' lang='lat' dir='ltr'><strong>si</strong></span> <span class='ocrx_word' id='word_1_962' title='bbox 3607 5446 3812 5503; x_wconf 78' lang='lat' dir='ltr'><strong>quem-</strong></span> 
     </span>
    </p>
   </div>
   <div class='ocr_carea' id='block_1_118' title="bbox 2214 5520 3808 5594">
    <p class='ocr_par' dir='ltr' id='par_1_118' title="bbox 2214 5520 3808 5594">
     <span class='ocr_line' id='line_1_118' title="bbox 2214 5520 3808 5594; baseline 0.003 -17"><span class='ocrx_word' id='word_1_963' title='bbox 2214 5522 2299 5578; x_wconf 87' lang='lat' dir='ltr'><strong>vis</strong></span> <span class='ocrx_word' id='word_1_964' title='bbox 2333 5521 2662 5579; x_wconf 85' lang='lat' dir='ltr'><strong>esurientem</strong></span> <span class='ocrx_word' id='word_1_965' title='bbox 2707 5520 2913 5577; x_wconf 87' lang='lat' dir='ltr'><strong>nutrire</strong></span> <span class='ocrx_word' id='word_1_966' title='bbox 2940 5533 3079 5594; x_wconf 83' lang='lat' dir='ltr'><strong>opus</strong></span> <span class='ocrx_word' id='word_1_967' title='bbox 3105 5529 3220 5587; x_wconf 88' lang='lat' dir='ltr'><strong>est;</strong></span> <span class='ocrx_word' id='word_1_968' title='bbox 3265 5520 3437 5577; x_wconf 88' lang='lat' dir='ltr'><strong>multo</strong></span> <span class='ocrx_word' id='word_1_969' title='bbox 3474 5523 3645 5593; x_wconf 72' lang='lat' dir='ltr'><strong>magis</strong></span> <span class='ocrx_word' id='word_1_970' title='bbox 3671 5536 3808 5581; x_wconf 84' lang='lat' dir='ltr'><strong>cum</strong></span> 
     </span>
    </p>
   </div>
   <div class='ocr_carea' id='block_1_119' title="bbox 2216 5727 3808 5851">
    <p class='ocr_par' dir='ltr' id='par_1_119' title="bbox 2216 5727 3808 5851">
     <span class='ocr_line' id='line_1_119' title="bbox 2216 5727 3808 5851; baseline -0.004 0"><span class='ocrx_word' id='word_1_971' title='bbox 2216 5731 3442 5851; x_wconf 38' lang='lat' dir='ltr'><strong>uniﬂfighiuﬁiiﬁtdﬁaiwimmsm</strong></span> <span class='ocrx_word' id='word_1_972' title='bbox 3453 5728 3634 5784; x_wconf 51' lang='lat' dir='ltr'><strong>Mc.</strong></span> <span class='ocrx_word' id='word_1_973' title='bbox 3656 5727 3808 5783; x_wconf 54' lang='lat' dir='ltr'><strong>cab-</strong></span> 
     </span>
    </p>
   </div>
  </div>
