4064 6318
122 400 212 458 189

124 512 182 567 ad
207 509 309 568 cibi
330 510 716 566 ecessitatem
745 508 846 563 viri
871 509 1127 563 sanctitas
1149 507 1455 563 accesserit.
1480 506 1688 577 Duplici

125 606 252 658 enim
279 601 501 656 nomine
544 598 782 653 officium
823 597 1025 667 jusmm
1051 607 1135 652 est
1162 638 1177 662 ,
1209 596 1351 666 quod
1383 607 1436 650 et
1476 597 1528 649 in
1566 612 1688 650 sau-

125 700 274 756 ctum,
305 697 361 744 et
390 690 442 742 in
490 688 818 743 esurientem
844 686 1144 741 confertur.
1177 687 1315 755 Ergo
1345 686 1388 740 si
1416 686 1535 754 quis
1561 701 1686 739 san-

126 793 230 835 ctus
251 780 464 850 quidem
495 778 673 842 fuerit,
707 777 801 832 scd
825 791 928 830 non
956 787 1128 846 egeat,
1158 777 1286 830 nihil
1318 777 1367 830 ei
1395 779 1520 830 dato
1542 789 1556 829 :
1582 792 1685 830 non

126 872 253 927 enim
287 871 387 924 hoc
434 871 641 923 lucrum
667 877 785 929 est,
839 883 945 922 non
996 866 1099 920 hoc
1126 867 1372 921 Christus
1399 868 1684 936 praecepit;

126 961 349 1027 quiuimo
377 975 446 1014 ne
463 967 682 1013 sanctus
709 957 924 1026 quidem
950 957 1037 1011 ille
1054 957 1230 1020 fuerit,
1264 957 1352 1024 qui
1375 972 1493 1010 cum
1521 956 1688 1010 abnuo

128 1052 222 1115 det,
254 1050 443 1117 accipit
473 1061 672 1102 tamen.
716 1045 876 1102 Vides
904 1063 1008 1100 nun
1043 1048 1211 1115 turpis
1236 1048 1365 1100 lucri
1392 1061 1549 1099 causa
1575 1045 1688 1099 haec

125 1158 151 1194 s
181 1157 258 1196 me
285 1156 403 1195 esse
429 1141 592 1203 dicta,
639 1139 732 1192 sed
791 1147 985 1191 vestra:
1028 1138 1289 1191 utilitatis.
1325 1139 1422 1191 Ale
1449 1138 1688 1191 esurien-

129 1242 221 1287 tem
243 1272 260 1297 ,
290 1242 344 1286 ut
369 1245 438 1286 ne
472 1231 586 1284 alas
606 1230 861 1299 gebeunm
891 1228 1063 1298 ignem
1107 1244 1122 1281 :
1157 1229 1246 1282 ille
1275 1229 1342 1282 de
1385 1229 1488 1282 tuis
1529 1228 1688 1282 rebus

126 1323 428 1385 comedens,
459 1334 580 1374 eam
609 1322 769 1372 etiam
812 1326 1018 1388 partem
1065 1333 1186 1387 qum
1225 1319 1316 1370 tibi
1353 1317 1685 1387 relinquitur,

126 1415 419 1470 sanctificat.
431 1409 925 1482 Cogita.qnomodo
955 1409 1114 1463 vidua
1156 1409 1358 1463 Heliam
1385 1409 1596 1471 aluerit,
1625 1423 1688 1464 ac

126 1518 224 1556 non
241 1502 403 1570 magis
450 1500 648 1554 aluerit
675 1514 834 1569 quam
864 1500 970 1552 alta
999 1499 1099 1563 sit;
1124 1514 1230 1552 non
1261 1501 1427 1568 magis
1453 1498 1683 1562 dederit,

122 1608 269 1659 quam
298 1592 586 1660 acceperit.
619 1589 676 1642 ld
704 1583 843 1644 nunc
869 1589 1030 1643 etiam
1056 1589 1134 1652 fit,
1165 1597 1218 1642 et
1244 1589 1411 1642 multo
1435 1589 1682 1657 amplius.

122 1683 230 1736 Non
249 1683 386 1737 enim
411 1681 598 1751 hydria
632 1680 842 1745 farinae,
870 1689 961 1732 aut
993 1679 1236 1748 lecythus
1257 1679 1384 1744 olei,
1415 1680 1510 1733 sed
1535 1680 1687 1748 quid?

122 1775 414 1841 centuplum
434 1813 450 1834 ,
479 1782 537 1826 et
559 1771 664 1825 vita
695 1780 896 1825 :eterna
925 1770 1230 1838 bujusmodi
1271 1769 1465 1824 ofliciis
1492 1785 1687 1840 propo-

121 1866 215 1919 sita
245 1880 447 1920 merces
492 1873 593 1918 est.
636 1863 1000 1931 Misericordia
1033 1864 1154 1927 Dei,
1186 1864 1499 1918 alimentum
1527 1864 1685 1934 spiri-

125 1959 256 2010 tuale
283 1957 397 2020 tias,
445 1954 772 2011 fermentum
800 1954 1077 2009 ntuudum.
1113 1954 1277 2006 Vidua
1309 1962 1427 2008 erat
1457 1954 1565 2018 illa,
1597 1970 1687 2007 ur-

121 2046 266 2116 gebat
313 2046 502 2113 fames,
539 2057 594 2101 et
623 2046 756 2100 nihil
788 2046 978 2099 borum
1023 2045 1404 2114 impedimento
1449 2046 1522 2098 illi
1557 2045 1703 2110 fuit;

123 2136 337 2191 habebat
363 2137 532 2202 filios,
560 2151 734 2206 neque
777 2135 901 2190 hinc
943 2137 1104 2191 etiam
1155 2151 1214 2190 se
1247 2136 1507 2190 retardari
1537 2136 1680 2190 sivit.

122 2227 360 2296 liquavit
389 2226 536 2281 illam
559 2267 575 2291 ,
602 2243 723 2296 qua:
747 2227 894 2281 misit
921 2227 1030 2281 duo
1059 2230 1261 2281 minuta
1288 2229 1339 2282 iu
1365 2228 1686 2299 gazophyla-

122 2319 270 2371 cium.
317 2316 434 2372 Non
464 2329 648 2372 secum
680 2316 794 2386 ipsa
821 2317 957 2371 dixit
987 2334 1001 2371 :
1038 2318 1168 2385 Qua.-
1209 2318 1338 2373 mihi
1389 2318 1586 2374 utilitas
1615 2319 1686 2376 ob

124 2410 218 2464 hoc
242 2409 601 2478 exspectanda
627 2409 745 2464 est!
789 2408 905 2478 ipse
928 2418 1051 2479 eget
1083 2425 1096 2460 :
1125 2411 1168 2463 si
1199 2409 1326 2478 quid
1372 2410 1562 2463 virium
1591 2411 1686 2464 ha-

123 2501 293 2567 beret,
346 2516 456 2555 non
509 2500 786 2556 incidisset
835 2500 888 2555 in
941 2499 1181 2554 famem:
1213 2501 1504 2571 depulisset
1547 2502 1686 2557 hanc

122 2593 426 2658 siccitatem,
449 2607 559 2646 non
587 2591 777 2646 iisdem
807 2599 1138 2660 premeretur
1160 2591 1314 2645 malis
1346 2611 1359 2646 :
1394 2592 1616 2647 forsitan
1633 2602 1688 2648 et

123 2684 226 2751 ipse
244 2683 293 2737 in
320 2683 413 2738 Dei
433 2683 784 2737 oll‘ensionem
807 2683 1054 2738 incurrit.
1097 2682 1237 2737 Nihil
1261 2683 1453 2738 horum
1479 2685 1682 2754 cogita-

123 2775 207 2828 vit.
237 2773 393 2830 Vides
437 2761 695 2843 quantum
737 2774 862 2829 boni
891 2774 962 2828 sit
1002 2761 1258 2828 adhibere
1289 2775 1684 2844 simplicitatem

124 2865 170 2918 in
193 2864 588 2929 benefaciendo,
619 2879 720 2920 nec
742 2864 900 2919 nimis
928 2867 1140 2920 curiose
1170 2865 1221 2918 in
1243 2881 1364 2919 eum
1388 2867 1676 2934 inquirere,

127 2989 168 3006 υ

1004 397 1070 453 ΙΝ
1107 394 1322 453 EPIST.
1361 396 1456 452 AD
1494 393 1775 451 PHILIPP.
1819 395 1974 450 CAP.
2017 395 2058 450 Ι.
2100 391 2325 465 HOMIL.
2360 395 2421 450 ΙΙ.

3279 399 3386 454 190

1797 508 1886 576 qui
1934 507 2252 563 beneficium
2283 511 2353 564 sit
2413 513 2770 580 accepturus?
2811 512 2866 569 Si
2897 514 3074 568 omnia
3127 514 3383 577 voluisset

1798 599 1958 652 nimia
1990 601 2218 668 quadam
2247 601 2519 670 diligentia
2541 603 2869 672 expendere,
2903 606 3065 658 multa
3095 607 3234 661 illius
3260 623 3376 662 att:-

1797 703 1940 741 ttttlln
1970 688 2187 744 diverse
2217 693 2542 756 traxissent,
2577 708 2675 747 nec
2703 692 2859 747 fidem
2897 693 3193 750 habuisset.
3225 695 3297 750 ita
3321 707 3378 756 et

1795 779 2063 833 Abraham
2088 782 2130 833 si
2157 782 2368 836 curiose
2395 798 2553 852 agere
2572 783 2851 847 voluisset,
2872 786 3092 855 angelos
3121 802 3226 841 non
3257 803 3378 841 sus-

1795 871 2048 938 cepisset.
2067 871 2205 924 Fieri
2235 873 2377 925 enim
2409 874 2625 928 minime
2646 869 2840 942 pittest,
2857 875 2993 939 fieri,
3015 876 3252 946 inquam,
3273 893 3382 931 non

1797 967 1988 1026 potest,
2024 970 2078 1013 ιιι
2110 964 2197 1028 qui
2243 972 2347 1015 tam
2381 974 2593 1016 tenuem
2626 964 2852 1034 singulis
2893 966 3190 1035 quibusque
3220 967 3412 1042 rebus_
3510 1007 3517 1016 .

1794 1050 2163 1104 examinandis
2190 1051 2516 1120 diligentiam
2561 1053 2800 1118 adhibet,
2825 1064 3011 1107 sancto
3037 1055 3242 1110 homini
3281 1057 3381 1109 ali-

1793 1135 2008 1208 quando
2037 1144 2264 1212 benigne
2300 1144 2494 1210 faciat,
2527 1145 2623 1202 sed
2664 1145 2900 1200 omnium
2930 1149 3163 1201 maxime
3195 1147 3380 1202 incidit

1795 1231 1847 1284 in
1901 1232 2246 1301 itnpostores.
2298 1233 2366 1288 Et
2396 1234 2667 1302 quomodo
2695 1235 2857 1300 istud,
2892 1251 2994 1306 ego
3042 1237 3237 1290 dicam.
3286 1238 3380 1294 Vir

1795 1324 1914 1389 pius
1941 1337 2045 1375 non
2075 1321 2176 1377 hoc
2197 1323 2409 1378 aﬂ'ectat
2434 1365 2449 1389 ,
2483 1333 2539 1378 ut
2569 1326 2688 1394 pius
2726 1324 2990 1390 videatur,
3021 1343 3197 1396 neque
3239 1326 3382 1383 hanc

1793 1413 1893 1465 sibi
1923 1429 2204 1481 personam
2229 1415 2341 1468 vult
2365 1416 2661 1484 imponere,
2689 1418 2898 1472 etiamsi
2917 1417 3153 1472 futurum
3176 1418 3377 1482 videat,

1795 1513 1850 1556 ut
1876 1503 2170 1572 despicatui
2204 1504 2463 1558 habeatur
2491 1525 2504 1560 :
2531 1507 2792 1576 impostor
2811 1517 2989 1561 autem
3011 1549 3024 1572 ,
3055 1509 3256 1577 quippe
3285 1508 3378 1578 qui

1793 1608 1906 1646 rem
1925 1594 2060 1647 hanc
2089 1594 2220 1646 artis
2249 1596 2365 1648 loco
2393 1594 2588 1660 habet,
2621 1596 2832 1651 eximim
2859 1596 3135 1665 cujusdam
3167 1599 3380 1666 pietatis

1792 1685 2026 1752 speciem
2048 1684 2271 1739 artificio
2302 1686 2367 1740 ad
2389 1687 2898 1756 deprehendendum
2923 1688 3241 1744 difficillimo
3269 1707 3381 1760 ιιι-ω

1792 1788 1852 1827 se
1878 1774 1999 1841 fert.
2030 1773 2389 1840 Quamobrem
2422 1770 2511 1841 lit,
2533 1786 2588 1832 ut
2616 1777 2706 1832 ille
2731 1778 2970 1847 quidem,
2998 1780 3267 1849 quietiam
3308 1781 3375 1836 iis

1790 1865 1878 1932 qui
1917 1880 2020 1918 non
2053 1865 2300 1920 videntur
2327 1867 2396 1935 pii
2422 1910 2437 1933 ,
2471 1866 2700 1937 benigne
2727 1869 2871 1934 facit,
2901 1870 2952 1923 in
2976 1871 3094 1939 pios
3132 1870 3330 1926 incidat
3360 1891 3375 1924 :

1791 1960 1879 2025 qui
1906 1966 2085 2011 autem
2113 1974 2206 2011 eos
2257 1959 2402 2012 solos
2433 1961 2624 2024 qua-rit
2651 1960 2741 2029 qui
2770 1962 2840 2030 pii
2871 1963 3268 2028 existimantur,
3293 1966 3376 2019 in-

1789 2047 1928 2101 cidat
1956 2062 2194 2118 persmpe
2243 2048 2294 2102 iu
2320 2049 2557 2118 nimpios.
2594 2040 2834 2104 Obsecro
2876 2052 3056 2121 igitur,
3106 2054 3287 2107 omnia
3320 2055 3375 2109 in

1790 2138 2129 2208 simplicitate
2159 2139 2432 2193 faciamus.
2467 2139 2594 2193 Esto
2621 2141 2787 2205 enim,
2814 2142 2901 2211 qui
2929 2139 2995 2195 ad
3019 2156 3116 2196 nos
3143 2143 3375 2211 accedit,

1791 2231 1859 2284 sit
1881 2231 2140 2295 impostor
2160 2244 2174 2291 ;
2192 2245 2303 2282 non
2337 2240 2511 2282 tamen
2535 2229 2717 2299 jussus
2745 2246 2806 2286 es
2835 2231 2950 2286 hmc
2975 2233 3189 2288 curiose
3217 2248 3375 2289 scru-

1793 2319 1890 2371 tari
1922 2334 1936 2370 :
1967 2317 2120 2372 Omni
2148 2319 2289 2372 enim
2311 2359 2325 2381 ,
2360 2319 2550 2388 inquit,
2580 2335 2612 2372 a
2643 2329 2690 2374 te
2711 2323 2895 2390 petenti
2923 2323 3086 2376 tribue
3118 2323 3286 2395 (Luc.
3315 2325 3378 2381 6.

1790 2409 1880 2479 ’50)
1906 2426 1919 2473 ;
1951 2418 2025 2474 et,
2057 2410 2157 2474 Qui
2187 2411 2457 2464 trahuntur
2477 2410 2546 2464 ad
2574 2412 2852 2478 interitum,
2886 2413 3103 2469 liberare
3127 2432 3190 2469 ne
3213 2432 3379 2474 cesses

1795 2500 1974 2570 (Prov.
2009 2500 2098 2554 24.
2131 2499 2220 2572 ll)
2253 2502 2534 2571 :quamvis
2564 2503 2723 2572 multi,
2739 2519 2924 2558 eorum
2953 2505 3044 2574 qui
3073 2515 3333 2562 necantur
3355 2549 3371 2572 ,

1791 2591 1844 2644 in
1874 2591 2186 2646 criminibus
2227 2590 2550 2661 deprehensi
2583 2607 2644 2648 ea
2673 2608 2826 2662 pmna
2873 2595 3111 2650 mulctati
3145 2595 3376 2664 fuerint;

1789 2683 1909 2748 sed,
1944 2682 2027 2737 Ne
2055 2700 2235 2748 cesses,
2268 2685 2458 2754 inquit.
2491 2669 2796 2740 lta‘situiles
2823 2686 2954 2753 Deo,
2984 2687 3053 2742 ita
3084 2688 3377 2744 admirabi-

1791 2775 1869 2828 les
1892 2777 2111 2836 erimus.
2143 2785 2197 2829 et
2226 2774 2546 2831 immortalia
2570 2778 2705 2832 bona
2735 2793 3128 2850 consequemur
3150 2797 3164 2836 :
3184 2782 3380 2851 quibus

1792 2868 1994 2920 utinam
2016 2867 2161 2936 digni
2191 2867 2508 2935 efficiamur,
2531 2879 2635 2924 etc.

2992 3005 3371 3019 ’ψ

1518 3068 1862 3130 HOMILIA
1907 3071 1987 3132 ΙΙ.

125 3215 236 3272 Cn.
264 3217 314 3270 Ι.
333 3231 389 3268 v.
421 3213 477 3268 8.
509 3211 670 3267 Testis
695 3219 768 3265 est
793 3210 918 3263 mihi
943 3207 1098 3276 Deus,
1126 3209 1380 3280 quomodo
1405 3225 1491 3263 vos
1515 3225 1686 3263 omnes

186 3304 375 3373 cupiam
406 3304 462 3356 in
489 3301 765 3354 uisceribus
786 3298 916 3353 Iesu
943 3297 1150 3352 Christi.
1178 3297 1231 3354 9.
1264 3296 1332 3350 Et
1359 3299 1455 3351 hoc
1480 3313 1592 3363 ora,
1633 3308 1689 3350 ut

187 3393 359 3448 caritas
382 3402 549 3447 vestra
569 3389 739 3443 adhuc
763 3389 926 3459 magis
941 3403 1002 3440 ac
1022 3387 1182 3458 magis
1207 3383 1428 3440 abundet
1448 3387 1501 3439 in
1527 3387 1688 3440 scien-

189 3486 254 3539 tia
292 3495 340 3539 et
378 3483 522 3536 omni
549 3497 697 3535 sensu
722 3496 743 3533 :
773 3479 858 3535 10.
889 3487 947 3532 stt
975 3477 1194 3546 probetis
1225 3478 1443 3546 potiora,
1492 3487 1545 3530 ut
1580 3478 1688 3531 sitis

189 3574 360 3628 ἀπα-ἱ
383 3582 434 3625 et
450 3573 560 3625 sine
583 3551 781 3636 oﬂ'ensa
805 3569 859 3621 in
879 3567 1014 3620 diem
1037 3565 1244 3630 Christi,
1270 3567 1356 3620 Η.
1375 3566 1552 3636 repleti
1574 3570 1689 3634 fru-

188 3664 336 3719 ctibus
352 3663 575 3734 justitlc
591 3675 680 3729 per
705 3659 888 3713 Jesttnt
904 3655 1160 3713 Christum
1185 3657 1238 3710 in
1259 3657 1476 3728 gloriam
1500 3666 1545 3710 et
1573 3657 1688 3710 lau-

190 3753 436 3810 dentDei.

190 3847 238 3902 l.
273 3844 391 3902 Non
443 3841 644 3898 idcirco
682 3839 825 3911 quod
857 3839 958 3895 sibi
994 3838 1126 3894 fides
1154 3852 1261 3893 non
1291 3837 1578 3905 habeatur,
1607 3846 1689 3892 te-

130 3945 250 3993 stem
270 3935 397 3992 citat
425 3932 616 3998 Deum,
639 3931 736 3987 sed
763 3946 832 3985 ex
859 3930 1022 3985 animi
1048 3929 1241 3985 alfectu
1269 3929 1321 3984 id
1351 3916 1499 3993 facit,
1527 3938 1691 3998 utque

132 4027 223 4089 illis
248 4029 345 4083 hoc
372 4025 445 4081 sit
470 4024 962 4096 persuasissimum.
993 4021 1125 4077 Nam
1153 4023 1402 4093 quoniam
1441 4022 1688 4087 dixerat,

132 4132 214 4173 eos
240 4118 335 4173 sibi
361 4115 794 4174 communicasse
820 4129 835 4166 :
867 4128 938 4192 ne
964 4114 1036 4169 ob
1065 4113 1203 4168 hanc
1231 4128 1472 4178 causam,
1521 4112 1576 4168 id
1608 4120 1694 4169 est

131 4208 191 4262 ob
213 4222 270 4263 ea
295 4222 418 4278 qua
444 4206 751 4268 mittebant.
781 4211 1032 4275 putarent
1046 4218 1107 4260 se
1137 4204 1206 4258 ab
1234 4205 1351 4274 ipso
1371 4203 1689 4270 desiderari,

131 4299 331 4355 minime
350 4313 482 4353 vero
501 4295 644 4368 quod
671 4296 771 4366 ipsi
791 4311 887 4367 per
912 4310 972 4350 se
993 4307 1321 4361 amarentur,
1352 4295 1551 4350 idcirco
1566 4294 1693 4349 sub-

127 4389 324 4456 junxit,
375 4387 443 4444 Its
483 4389 753 4443 uisceribus
803 4385 1012 4441 Christi.
1065 4385 1202 4454 Quid
1261 4386 1364 4441 hoc
1408 4386 1509 4440 sibi
1541 4385 1693 4440 vult?

133 4478 260 4535 Idem
302 4495 366 4536 ac
411 4479 459 4534 si
487 4478 747 4545 dixisset,
772 4476 1066 4533 secundum
1094 4474 1365 4532 Christum
1395 4496 1409 4531 :
1438 4477 1689 4546 quoniam

136 4566 302 4624 ﬁdeles
327 4568 460 4625 estis
478 4609 495 4636 ,
522 4568 775 4638 quoniam
814 4567 1008 4621 amatis
1035 4566 1329 4631 Christum,
1360 4575 1578 4636 propter
1605 4564 1690 4619 di-

135 4659 398 4715 lectionem
425 4673 546 4729 qtue
570 4656 868 4714 secundum
895 4654 1170 4712 Christum
1194 4665 1297 4711 est.
1321 4655 1506 4724 Neque
1535 4655 1686 4720 dixit,

136 4749 484 4817 Dilectionem,
512 4750 630 4816 sed,
653 4749 797 4821 quod
814 4747 1090 4804 ardentius
1106 4755 1209 4815 est,
1233 4745 1446 4802 Viscera
1467 4746 1689 4801 Christi:

137 4842 335 4908 perinde
357 4851 520 4912 atque
539 4840 614 4895 ita
635 4839 862 4907 diceret,
891 4838 1096 4894 viscera
1119 4837 1238 4908 ejus
1254 4878 1269 4902 ,
1293 4837 1384 4907 qui
1414 4836 1577 4891 veluti
1601 4851 1694 4906 pa-

135 4939 204 4985 ter
228 4940 403 4988 vester
423 4930 652 4987 eﬂ’ectus
675 4937 762 4986 est
785 4945 881 5000 per
907 4943 1028 4984 eam
1046 4928 1442 4999 cognationem,
1473 4943 1593 4997 qua:
1607 4935 1696 4983 est

134 5021 406 5076 secundum
429 5019 720 5076 Christum.
749 5019 877 5076 Haec
895 5019 1040 5075 enim
1066 5028 1169 5085 est,
1192 5033 1312 5089 qua:
1332 5018 1486 5073 nobis
1505 5018 1599 5072 dat
1617 5019 1695 5072 vi-

133 5123 296 5177 scera,
342 5111 551 5167 viscera
597 5110 829 5177 calentia
877 5117 934 5164 et
962 5107 1285 5164 inﬂammata
1319 5112 1502 5169 :veris
1548 5095 1693 5175 enim

135 5205 283 5260 servis
300 5204 415 5261 suis
436 5204 644 5260 viscera
671 5203 917 5274 largitur.
945 5202 1004 5258 in
1031 5202 1159 5267 illis,
1182 5201 1373 5271 inquit,
1399 5200 1695 5256 visceribus

136 5307 238 5354 amo
260 5312 355 5357 vos
377 5315 396 5352 :
427 5311 493 5352 ac
513 5298 559 5352 si
590 5295 752 5358 dicat,
770 5295 1068 5351 visceribus
1086 5308 1194 5349 non
1222 5294 1574 5359 naturalibus,
1597 5293 1695 5348 sed

139 5387 191 5441 iis
215 5406 325 5460 qua:
340 5389 657 5446 ardentiora
687 5396 839 5453 sunt,
870 5389 1147 5454 nimirum,
1169 5402 1290 5456 quae
1314 5385 1517 5441 Christi
1545 5395 1691 5440 sunt.

141 5473 402 5544 QUO-lado.
430 5481 624 5551 inquit,
646 5494 735 5534 eos
758 5494 929 5534 omnes
951 5479 1177 5549 cupiam.
1197 5478 1400 5533 Omnes
1422 5475 1692 5542 desidero,

139 5571 363 5636 quoniam
389 5581 449 5628 et
475 5585 668 5626 omnes
696 5569 832 5625 tales
859 5569 1011 5624 estis.
1048 5568 1262 5624 Modum
1289 5583 1419 5639 ergo
1445 5566 1693 5624 desiderii

141 5674 228 5714 non
253 5676 465 5732 possum
491 5660 753 5730 consequi
778 5660 1021 5716 oratione
1047 5675 1062 5713 :
1094 5675 1201 5716 non
1225 5660 1368 5715 enim
1396 5662 1575 5718 verbis
1597 5678 1695 5719 ex-

142 5749 272 5816 primi
298 5761 472 5822 potest
500 5768 514 5807 :
545 5755 782 5819 ideoque
824 5749 934 5806 Deo
963 5751 1392 5823 cegnosccudutn
1447 5755 1696 5828 relinquo

1796 3216 2094 3280 penetranti
2123 3215 2308 3270 corda.
2335 3217 2487 3282 Quod
2525 3219 2568 3272 si
2603 3216 2707 3272 iliis
2735 3229 3123 3286 assentaretur,
3155 3224 3380 3279 minime

1795 3300 1958 3355 Deum
1989 3302 2208 3358 citasset
2255 3312 2444 3358 testem
2479 3322 2494 3358 :
2529 3321 2634 3360 non
2666 3307 2808 3361 enim
2858 3309 2910 3362 id
2944 3319 3113 3365 tutum
3152 3323 3256 3366 est.
3309 3312 3379 3366 Et

1786 3390 1913 3453 hoc,
1965 3392 2155 3460 inquit,
2200 3409 2312 3458 oro,
2364 3403 2417 3446 ut
2461 3396 2650 3449 caritas
2680 3409 2843 3450 vestra
2877 3401 3081 3469 magis,
3110 3416 3170 3453 ae
3214 3404 3379 3472 magis

1786 3480 2025 3534 abundet.
2083 3483 2282 3544 Recte;
2338 3485 2636 3540 insatiabile
2680 3487 2821 3541 enim
2868 3499 2953 3544 est
2995 3491 3195 3545 bonum
3251 3492 3374 3548 hoc.

1790 3571 1925 3626 Vide
1980 3575 2270 3642 quomodo,
2303 3591 2427 3630 cum
2471 3576 2608 3631 adeo
2661 3589 2957 3647 amaretur,
2989 3580 3167 3637 adhuc
3209 3589 3380 3654 magis

1786 3664 1952 3716 amari
1981 3663 2249 3731 cupiebat.
2271 3666 2368 3732 Qui
2389 3667 2532 3721 enim
2563 3667 2664 3721 hoc
2681 3670 2841 3723 modo
2871 3682 3038 3734 amat,
3073 3689 3196 3728 eum
3217 3690 3377 3744 quem

1787 3760 1932 3805 amat
1949 3752 2016 3811 ita
2037 3754 2137 3807 sibi
2162 3754 2490 3823 respondere
2507 3757 2638 3821 vult,
2659 3768 2715 3812 ut
2734 3759 2785 3812 in
2812 3760 2960 3814 nullo
2984 3764 3185 3816 amoris
3207 3765 3378 3832 gradu

1790 3844 2090 3898 consistere
2119 3846 2349 3914 patiatur
2377 3863 2390 3899 :
2419 3847 2602 3901 nullus
2631 3849 2776 3903 enim
2803 3857 2886 3904 est
2913 3849 3074 3921 hujus
3097 3842 3224 3907 boni
3264 3869 3384 3908 uto-

1788 3932 1910 3990 dus.
1947 3935 2148 3990 idcirco
2178 3936 2375 3992 Paulus
2407 3937 2457 3993 id
2486 3953 2703 4009 semper
2725 3941 2908 3996 deberi
2937 3944 3051 3998 vult
3098 3961 3112 3997 :
3146 3943 3378 4008 Nemini,

1791 4023 1999 4094 inquit,
2050 4027 2323 4096 quidquam
2366 4030 2588 4085 debeatis
2635 4033 2734 4086 nisi
2786 4043 2840 4086 ut
2893 4035 3107 4089 invicem
3150 4036 3382 4107 diligatis

1791 4114 1970 4184 (Rom.
2006 4116 2094 4170 13.
2121 4117 2198 4185 8).
2235 4117 2424 4173 Modus
2454 4129 2516 4175 et
2551 4135 2800 4176 mensura
2840 4125 3080 4180 caritatis
3116 4135 3219 4192 est,
3246 4143 3382 4182 nus-

1791 4222 1950 4275 quam
2000 4209 2338 4265 consistere:
2373 4209 2440 4266 Ut
2485 4213 2676 4267 caritas
2716 4224 2916 4281 vestra,
2967 4217 3154 4287 inquit,
3212 4219 3384 4273 adhuc

1791 4299 1957 4366 magis
2008 4315 2069 4352 ac
2098 4301 2260 4371 magis
2285 4300 2528 4357 abundet.
2556 4303 2790 4360 Attende
2831 4307 3116 4361 verborum
3143 4308 3380 4382 disposi-

1757 4405 1772 4418 ι
1791 4389 1993 4444 tionem
2024 4404 2040 4440 :
2075 4388 2142 4445 Ut
2170 4390 2339 4444 adhuc
2366 4394 2549 4462 magis,
2573 4394 2766 4463 inquit,
2798 4411 2859 4448 ac
2885 4397 3046 4467 magis
3079 4397 3302 4452 abundet
3326 4400 3383 4453 its

1789 4478 2000 4541 scientia
2027 4489 2072 4534 et
2092 4482 2230 4535 omni
2253 4498 2425 4536 sensu.
2479 4483 2595 4538 Non
2628 4484 2877 4547 universe
2915 4489 3161 4557 quamvis
3186 4490 3385 4544 carim-

1793 4579 1901 4625 tem
1926 4571 2238 4637 admiratur,
2267 4574 2362 4627 sed
2386 4589 2506 4628 eam
2532 4591 2650 4644 qua:
2677 4592 2744 4631 ex
2761 4577 2984 4632 scientia
3000 4579 3378 4648 proficiscitur;

1795 4659 1848 4714 id
1878 4670 1982 4725 est,
2011 4671 2068 4716 ut
2099 4678 2204 4716 non
2232 4678 2360 4733 erga
2385 4680 2578 4721 omnes
2616 4667 2861 4722 eamdem
2894 4670 3175 4724 caritatem
3225 4671 3384 4725 adbi-

1792 4748 1966 4806 beatis
1992 4768 2006 4805 :
2034 4750 2086 4805 id
2116 4751 2260 4806 enim
2283 4754 2504 4810 minime
2529 4757 2766 4810 caritatis
2789 4767 2892 4824 est,
2923 4759 3019 4814 sed
3040 4760 3374 4816 insulsitatis.

1794 4841 1932 4908 Quid
1962 4852 2081 4907 est,
2107 4843 2176 4898 In
2226 4846 2477 4902 scientia?
2505 4846 2759 4903 Adbibito
2781 4849 3009 4918 judicio,
3037 4853 3266 4922 cogitata
3293 4869 3381 4908 ra-

1794 4935 1961 5000 tione,
1990 4935 2199 4990 delectu
2222 4937 2450 5005 quodam
2472 4953 2535 4993 ac
2561 4953 2745 4994 sensu.
2767 4939 2882 4994 Non
2905 4941 3048 4995 enim
3071 4941 3264 4998 desunt
3285 4944 3378 5012 qni

1794 5023 2096 5082 inconsulto
2119 5039 2184 5078 ac
2212 5033 2415 5080 temere
2438 5036 2657 5083 ament:
2687 5044 2751 5083 ex
2778 5044 2886 5098 quo
2906 5029 3067 5084 etiam
3097 5030 3172 5095 lit,
3196 5041 3251 5086 ut
3281 5031 3381 5086 hu.

1793 5113 2027 5184 justnodi
2055 5115 2305 5170 amicitia:
2329 5131 2518 5186 parum
2547 5118 2755 5173 roboris
2774 5119 3025 5175 habeant.
3054 5119 3123 5175 In
3144 5122 3378 5190 scietuia,

1797 5204 1988 5272 inquit,
2018 5215 2062 5257 et
2082 5205 2220 5257 omni
2246 5222 2424 5273 sensu,
2450 5217 2505 5260 stt
2526 5209 2743 5277 probetis
2769 5210 2968 5278 potiora
2998 5225 3016 5264 :
3040 5211 3089 5264 id
3115 5220 3225 5280 est,
3255 5229 3380 5281 qua:

1798 5297 1943 5350 utilia
1969 5306 2115 5352 sunt.
2145 5298 2260 5352 Non
2283 5315 2424 5366 mea,
2451 5300 2642 5370 inquit,
2668 5302 2764 5358 sed
2787 5312 2965 5358 vestra
2992 5305 3382 5373 ipsorunxcau-

1796 5379 1854 5441 sa
1887 5387 2004 5442 haec
2030 5389 2152 5442 dico
2179 5407 2193 5442 :
2224 5390 2519 5459 periculum
2553 5392 2695 5446 enim
2722 5401 2804 5448 est
2833 5409 2903 5448 ne
2924 5395 3045 5464 quis
3071 5396 3142 5450 ab
3169 5395 3383 5450 haereti-

1796 5495 1983 5534 corum
2003 5497 2186 5535 amore
2211 5492 2604 5552 corrumpatur.
2636 5483 2747 5540 Hoc
2770 5486 2913 5540 enim
2938 5494 3109 5542 totum
3135 5487 3388 5543 subindi-

1797 5579 1904 5635 cat,
1935 5570 2060 5624 dum
2090 5571 2160 5625 ita
2203 5570 2460 5640 loquitur.
2526 5572 2655 5627 Vide
2705 5584 2883 5629 autem
2913 5575 3185 5645 quomodo
3237 5576 3380 5632 istud

1797 5661 2000 5733 injicit:
2032 5662 2146 5717 Non
2177 5679 2316 5729 mea,
2345 5663 2537 5734 inquit,
2571 5680 2729 5720 causa
2759 5665 2947 5744 istbmc
2970 5667 3111 5732 dico,
3140 5668 3272 5734 sed,
3304 5667 3375 5722 Ut

1797 5760 1907 5812 sitis
1950 5758 2152 5817 sinceri,
2182 5758 2230 5813 id
2258 5765 2360 5823 est,
2381 5771 2448 5812 uc
2473 5758 2712 5823 spurium
2763 5759 2976 5832 aliquod
3005 5759 3196 5832 dogma
3239 5776 3378 5831 pne-
