  <div class='ocr_page' id='page_1' title='image "/cluster/home/n/w/nwhite01/storage/ocr_20150623/62/pst.000005712625/197.png"; bbox 0 0 4064 6318; ppageno 0'>
   <div class='ocr_carea' id='block_1_1' title="bbox 674 358 764 412">
    <p class='ocr_par' dir='ltr' id='par_1_1' title="bbox 674 358 764 412">
     <span class='ocr_line' id='line_1_1' title="bbox 674 358 764 412; baseline 0.033 -3"><span class='ocrx_word' id='word_1_1' title='bbox 674 358 764 412; x_wconf 77' lang='grc'><strong>191</strong></span> 
     </span>
    </p>
   </div>
   <div class='ocr_carea' id='block_1_2' title="bbox 678 453 2273 536">
    <p class='ocr_par' dir='ltr' id='par_1_2' title="bbox 678 453 2273 536">
     <span class='ocr_line' id='line_1_2' title="bbox 678 453 2273 536; baseline -0.011 -12"><span class='ocrx_word' id='word_1_2' title='bbox 678 486 824 526; x_wconf 77' lang='lat' dir='ltr'><strong>textu</strong></span> <span class='ocrx_word' id='word_1_3' title='bbox 841 458 1077 525; x_wconf 64' lang='lat' dir='ltr'><strong>caritatis</strong></span> <span class='ocrx_word' id='word_1_4' title='bbox 1099 464 1944 536; x_wconf 82' lang='lat' dir='ltr'><strong>admittatis.Qua:res,quomodo</strong></span> <span class='ocrx_word' id='word_1_5' title='bbox 1968 461 2123 532; x_wconf 89' lang='lat' dir='ltr'><strong>igitur</strong></span> <span class='ocrx_word' id='word_1_6' title='bbox 2145 453 2273 510; x_wconf 90' lang='lat' dir='ltr'><strong>alihi</strong></span> 
     </span>
    </p>
   </div>
   <div class='ocr_carea' id='block_1_3' title="bbox 676 552 2256 632">
    <p class='ocr_par' dir='ltr' id='par_1_3' title="bbox 676 552 2256 632">
     <span class='ocr_line' id='line_1_3' title="bbox 676 552 2256 632; baseline -0.009 -17"><span class='ocrx_word' id='word_1_7' title='bbox 676 562 829 626; x_wconf 77' lang='lat' dir='ltr'><strong>dixit,</strong></span> <span class='ocrx_word' id='word_1_8' title='bbox 858 564 917 617; x_wconf 87' lang='lat' dir='ltr'><strong>Si</strong></span> <span class='ocrx_word' id='word_1_9' title='bbox 942 563 1049 630; x_wconf 69' lang='lat' dir='ltr'><strong>ﬁeri</strong></span> <span class='ocrx_word' id='word_1_10' title='bbox 1076 572 1256 632; x_wconf 86' lang='lat' dir='ltr'><strong>potest,</strong></span> <span class='ocrx_word' id='word_1_11' title='bbox 1278 577 1391 613; x_wconf 84' lang='lat' dir='ltr'><strong>cum</strong></span> <span class='ocrx_word' id='word_1_12' title='bbox 1412 560 1639 613; x_wconf 85' lang='lat' dir='ltr'><strong>omnibus</strong></span> <span class='ocrx_word' id='word_1_13' title='bbox 1666 556 1947 609; x_wconf 85' lang='lat' dir='ltr'><strong>hominibus</strong></span> <span class='ocrx_word' id='word_1_14' title='bbox 1968 568 2141 623; x_wconf 83' lang='lat' dir='ltr'><strong>pacem</strong></span> <span class='ocrx_word' id='word_1_15' title='bbox 2164 552 2256 601; x_wconf 75' lang='lat' dir='ltr'><strong>lm-</strong></span> 
     </span>
    </p>
   </div>
   <div class='ocr_carea' id='block_1_4' title="bbox 679 641 2256 719">
    <p class='ocr_par' dir='ltr' id='par_1_4' title="bbox 679 641 2256 719">
     <span class='ocr_line' id='line_1_4' title="bbox 679 641 2256 719; baseline -0.006 -16"><span class='ocrx_word' id='word_1_16' title='bbox 679 652 784 703; x_wconf 75' lang='lat' dir='ltr'><strong>bete</strong></span> <span class='ocrx_word' id='word_1_17' title='bbox 815 653 990 717; x_wconf 80' lang='lat' dir='ltr'><strong>(Itoni.</strong></span> <span class='ocrx_word' id='word_1_18' title='bbox 1025 652 1109 705; x_wconf 74' lang='grc'><strong>12.</strong></span> <span class='ocrx_word' id='word_1_19' title='bbox 1140 650 1270 719; x_wconf 75' lang='lat'><strong>18)?</strong></span> <span class='ocrx_word' id='word_1_20' title='bbox 1297 650 1412 704; x_wconf 81' lang='lat' dir='ltr'><strong>Non</strong></span> <span class='ocrx_word' id='word_1_21' title='bbox 1438 663 1566 701; x_wconf 88' lang='lat' dir='ltr'><strong>sane</strong></span> <span class='ocrx_word' id='word_1_22' title='bbox 1597 648 1696 701; x_wconf 91' lang='lat' dir='ltr'><strong>hoc</strong></span> <span class='ocrx_word' id='word_1_23' title='bbox 1721 646 1941 707; x_wconf 87' lang='lat' dir='ltr'><strong>docens,</strong></span> <span class='ocrx_word' id='word_1_24' title='bbox 1989 644 2058 696; x_wconf 89' lang='lat' dir='ltr'><strong>ita</strong></span> <span class='ocrx_word' id='word_1_25' title='bbox 2103 641 2256 693; x_wconf 87' lang='lat' dir='ltr'><strong>vobis</strong></span> 
     </span>
    </p>
   </div>
   <div class='ocr_carea' id='block_1_5' title="bbox 681 732 2252 802">
    <p class='ocr_par' dir='ltr' id='par_1_5' title="bbox 681 732 2252 802">
     <span class='ocr_line' id='line_1_5' title="bbox 681 732 2252 802; baseline -0.006 -9"><span class='ocrx_word' id='word_1_26' title='bbox 681 742 967 794; x_wconf 85' lang='lat' dir='ltr'><strong>amandum</strong></span> <span class='ocrx_word' id='word_1_27' title='bbox 996 755 1135 801; x_wconf 89' lang='lat' dir='ltr'><strong>esse,</strong></span> <span class='ocrx_word' id='word_1_28' title='bbox 1180 750 1235 792; x_wconf 91' lang='lat' dir='ltr'><strong>nt</strong></span> <span class='ocrx_word' id='word_1_29' title='bbox 1261 756 1323 794; x_wconf 77' lang='lat' dir='ltr'><strong>ex</strong></span> <span class='ocrx_word' id='word_1_30' title='bbox 1362 738 1588 792; x_wconf 77' lang='lat' dir='ltr'><strong>amicitia</strong></span> <span class='ocrx_word' id='word_1_31' title='bbox 1621 736 1869 790; x_wconf 85' lang='lat' dir='ltr'><strong>damnum</strong></span> <span class='ocrx_word' id='word_1_32' title='bbox 1928 732 2211 802; x_wconf 85' lang='lat' dir='ltr'><strong>reportetis</strong></span> <span class='ocrx_word' id='word_1_33' title='bbox 2241 748 2252 782; x_wconf 93' lang='lat'>:</span> 
     </span>
    </p>
   </div>
   <div class='ocr_carea' id='block_1_6' title="bbox 686 822 2259 892">
    <p class='ocr_par' dir='ltr' id='par_1_6' title="bbox 686 822 2259 892">
     <span class='ocr_line' id='line_1_6' title="bbox 686 822 2259 892; baseline -0.006 -12"><span class='ocrx_word' id='word_1_34' title='bbox 686 846 805 881; x_wconf 74' lang='lat' dir='ltr'><strong>nam</strong></span> <span class='ocrx_word' id='word_1_35' title='bbox 839 822 1100 883; x_wconf 32' lang='lat' dir='ltr'><strong>Si‘orulus</strong></span> <span class='ocrx_word' id='word_1_36' title='bbox 1137 840 1255 882; x_wconf 86' lang='lat' dir='ltr'><strong>tuus</strong></span> <span class='ocrx_word' id='word_1_37' title='bbox 1274 830 1445 881; x_wconf 69' lang='lat' dir='ltr'><strong>dexter</strong></span> <span class='ocrx_word' id='word_1_38' title='bbox 1468 826 1779 880; x_wconf 73' lang='lat' dir='ltr'><strong>scandalizat</strong></span> <span class='ocrx_word' id='word_1_39' title='bbox 1811 836 1876 886; x_wconf 85' lang='lat' dir='ltr'><strong>te,</strong></span> <span class='ocrx_word' id='word_1_40' title='bbox 1926 823 2112 892; x_wconf 90' lang='lat' dir='ltr'><strong>inquit,</strong></span> <span class='ocrx_word' id='word_1_41' title='bbox 2142 828 2259 873; x_wconf 82' lang='lat' dir='ltr'><strong>erue</strong></span> 
     </span>
    </p>
   </div>
   <div class='ocr_carea' id='block_1_7' title="bbox 675 911 2259 987">
    <p class='ocr_par' dir='ltr' id='par_1_7' title="bbox 675 911 2259 987">
     <span class='ocr_line' id='line_1_7' title="bbox 675 911 2259 987; baseline -0.006 -16"><span class='ocrx_word' id='word_1_42' title='bbox 675 935 816 981; x_wconf 74' lang='lat' dir='ltr'><strong>eum,</strong></span> <span class='ocrx_word' id='word_1_43' title='bbox 851 929 893 969; x_wconf 82' lang='lat' dir='ltr'><strong>et</strong></span> <span class='ocrx_word' id='word_1_44' title='bbox 918 921 1107 987; x_wconf 76' lang='lat' dir='ltr'><strong>projice</strong></span> <span class='ocrx_word' id='word_1_45' title='bbox 1133 918 1219 971; x_wconf 83' lang='lat' dir='ltr'><strong>abs</strong></span> <span class='ocrx_word' id='word_1_46' title='bbox 1243 929 1288 969; x_wconf 87' lang='lat' dir='ltr'><strong>te</strong></span> <span class='ocrx_word' id='word_1_47' title='bbox 1312 916 1523 986; x_wconf 80' lang='lat' dir='ltr'><strong>(Matth.</strong></span> <span class='ocrx_word' id='word_1_48' title='bbox 1632 916 1723 984; x_wconf 67' lang='lat'><strong>29)</strong></span> <span class='ocrx_word' id='word_1_49' title='bbox 1749 931 1761 965; x_wconf 90' lang='lat'><strong>:</strong></span> <span class='ocrx_word' id='word_1_50' title='bbox 1789 914 1882 967; x_wconf 88' lang='lat' dir='ltr'><strong>sed</strong></span> <span class='ocrx_word' id='word_1_51' title='bbox 1913 913 2037 967; x_wconf 78' lang='lat' dir='ltr'><strong>illud</strong></span> <span class='ocrx_word' id='word_1_52' title='bbox 2063 911 2259 963; x_wconf 83' lang='lat' dir='ltr'><strong>facien-</strong></span> 
     </span>
    </p>
   </div>
   <div class='ocr_carea' id='block_1_8' title="bbox 659 1003 2254 1077">
    <p class='ocr_par' dir='ltr' id='par_1_8' title="bbox 659 1003 2254 1077">
     <span class='ocr_line' id='line_1_8' title="bbox 659 1003 2254 1077; baseline -0.005 -16"><span class='ocrx_word' id='word_1_53' title='bbox 659 1009 804 1061; x_wconf 82' lang='lat' dir='ltr'><strong>‘dunt</strong></span> <span class='ocrx_word' id='word_1_54' title='bbox 832 1025 950 1062; x_wconf 86' lang='lat' dir='ltr'><strong>esse</strong></span> <span class='ocrx_word' id='word_1_55' title='bbox 977 1049 991 1073; x_wconf 90' lang='lat'><strong>,</strong></span> <span class='ocrx_word' id='word_1_56' title='bbox 1030 1008 1095 1062; x_wconf 87' lang='lat' dir='ltr'><strong>Ut</strong></span> <span class='ocrx_word' id='word_1_57' title='bbox 1128 1009 1236 1061; x_wconf 82' lang='lat' dir='ltr'><strong>sitis</strong></span> <span class='ocrx_word' id='word_1_58' title='bbox 1256 1050 1270 1074; x_wconf 90' lang='lat'><strong>,</strong></span> <span class='ocrx_word' id='word_1_59' title='bbox 1304 1008 1442 1077; x_wconf 90' lang='lat' dir='ltr'><strong>quod</strong></span> <span class='ocrx_word' id='word_1_60' title='bbox 1473 1006 1685 1075; x_wconf 80' lang='lat' dir='ltr'><strong>quidem</strong></span> <span class='ocrx_word' id='word_1_61' title='bbox 1716 1005 1780 1058; x_wconf 87' lang='lat' dir='ltr'><strong>ad</strong></span> <span class='ocrx_word' id='word_1_62' title='bbox 1814 1005 1976 1058; x_wconf 82' lang='lat' dir='ltr'><strong>Deum</strong></span> <span class='ocrx_word' id='word_1_63' title='bbox 2007 1003 2254 1071; x_wconf 74' lang='lat' dir='ltr'><strong>pertinet,</strong></span> 
     </span>
    </p>
   </div>
   <div class='ocr_carea' id='block_1_9' title="bbox 676 1094 2259 1169">
    <p class='ocr_par' dir='ltr' id='par_1_9' title="bbox 676 1094 2259 1169">
     <span class='ocr_line' id='line_1_9' title="bbox 676 1094 2259 1169; baseline -0.004 -16"><span class='ocrx_word' id='word_1_64' title='bbox 676 1102 894 1163; x_wconf 83' lang='lat' dir='ltr'><strong>sinceri,</strong></span> <span class='ocrx_word' id='word_1_65' title='bbox 930 1100 1067 1169; x_wconf 90' lang='lat' dir='ltr'><strong>quod</strong></span> <span class='ocrx_word' id='word_1_66' title='bbox 1103 1116 1227 1152; x_wconf 84' lang='lat' dir='ltr'><strong>vero</strong></span> <span class='ocrx_word' id='word_1_67' title='bbox 1258 1100 1321 1152; x_wconf 90' lang='lat' dir='ltr'><strong>ad</strong></span> <span class='ocrx_word' id='word_1_68' title='bbox 1356 1100 1632 1161; x_wconf 75' lang='lat' dir='ltr'><strong>homines,</strong></span> <span class='ocrx_word' id='word_1_69' title='bbox 1676 1098 1782 1149; x_wconf 90' lang='lat' dir='ltr'><strong>sine</strong></span> <span class='ocrx_word' id='word_1_70' title='bbox 1810 1095 2006 1160; x_wconf 69' lang='lat' dir='ltr'><strong>offensa</strong></span> <span class='ocrx_word' id='word_1_71' title='bbox 2028 1110 2047 1147; x_wconf 91' lang='lat'><strong><em>:</em></strong></span> <span class='ocrx_word' id='word_1_72' title='bbox 2079 1094 2259 1147; x_wconf 90' lang='lat' dir='ltr'><strong>multis</strong></span> 
     </span>
    </p>
   </div>
   <div class='ocr_carea' id='block_1_10' title="bbox 679 1174 2256 1260">
    <p class='ocr_par' dir='ltr' id='par_1_10' title="bbox 679 1174 2256 1260">
     <span class='ocr_line' id='line_1_10' title="bbox 679 1174 2256 1260; baseline -0.006 -15"><span class='ocrx_word' id='word_1_73' title='bbox 679 1196 821 1246; x_wconf 74' lang='lat' dir='ltr'><strong>etaim</strong></span> <span class='ocrx_word' id='word_1_74' title='bbox 852 1209 995 1260; x_wconf 78' lang='lat' dir='ltr'><strong>saepe</strong></span> <span class='ocrx_word' id='word_1_75' title='bbox 1017 1192 1263 1244; x_wconf 59' lang='lat' dir='ltr'><strong>amicitiae</strong></span> <span class='ocrx_word' id='word_1_76' title='bbox 1293 1199 1504 1244; x_wconf 77' lang='lat' dir='ltr'><strong>nocent.</strong></span> <span class='ocrx_word' id='word_1_77' title='bbox 1536 1174 1669 1243; x_wconf 76' lang='lat' dir='ltr'><strong>Nam</strong></span> <span class='ocrx_word' id='word_1_78' title='bbox 1694 1190 1789 1241; x_wconf 69' lang='lat' dir='ltr'><strong>etsi</strong></span> <span class='ocrx_word' id='word_1_79' title='bbox 1815 1189 1905 1240; x_wconf 85' lang='lat' dir='ltr'><strong>tibi</strong></span> <span class='ocrx_word' id='word_1_80' title='bbox 1936 1187 2062 1239; x_wconf 86' lang='lat' dir='ltr'><strong>nihil</strong></span> <span class='ocrx_word' id='word_1_81' title='bbox 2082 1195 2256 1247; x_wconf 83' lang='lat' dir='ltr'><strong>nocet,</strong></span> 
     </span>
    </p>
   </div>
   <div class='ocr_carea' id='block_1_11' title="bbox 682 1276 2257 1354">
    <p class='ocr_par' dir='ltr' id='par_1_11' title="bbox 682 1276 2257 1354">
     <span class='ocr_line' id='line_1_11' title="bbox 682 1276 2257 1354; baseline -0.008 -17"><span class='ocrx_word' id='word_1_82' title='bbox 682 1287 876 1354; x_wconf 78' lang='lat' dir='ltr'><strong>inquit,</strong></span> <span class='ocrx_word' id='word_1_83' title='bbox 907 1296 1138 1337; x_wconf 81' lang='lat' dir='ltr'><strong>attamen</strong></span> <span class='ocrx_word' id='word_1_84' title='bbox 1164 1287 1297 1337; x_wconf 70' lang='lat' dir='ltr'><strong>alius</strong></span> <span class='ocrx_word' id='word_1_85' title='bbox 1318 1286 1516 1336; x_wconf 81' lang='lat' dir='ltr'><strong>interea</strong></span> <span class='ocrx_word' id='word_1_86' title='bbox 1536 1282 1839 1334; x_wconf 75' lang='lat' dir='ltr'><strong>olfetiditur.</strong></span> <span class='ocrx_word' id='word_1_87' title='bbox 1863 1278 1925 1330; x_wconf 86' lang='lat' dir='ltr'><strong>In</strong></span> <span class='ocrx_word' id='word_1_88' title='bbox 1954 1280 2085 1329; x_wconf 78' lang='lat' dir='ltr'><strong>diem</strong></span> <span class='ocrx_word' id='word_1_89' title='bbox 2111 1276 2257 1329; x_wconf 79' lang='lat' dir='ltr'><strong>Chri—</strong></span> 
     </span>
    </p>
   </div>
   <div class='ocr_carea' id='block_1_12' title="bbox 680 1370 2262 1441">
    <p class='ocr_par' dir='ltr' id='par_1_12' title="bbox 680 1370 2262 1441">
     <span class='ocr_line' id='line_1_12' title="bbox 680 1370 2262 1441; baseline -0.005 -13"><span class='ocrx_word' id='word_1_90' title='bbox 680 1378 777 1433; x_wconf 83' lang='lat' dir='ltr'><strong>sti:</strong></span> <span class='ocrx_word' id='word_1_91' title='bbox 812 1375 860 1429; x_wconf 89' lang='lat' dir='ltr'><strong>id</strong></span> <span class='ocrx_word' id='word_1_92' title='bbox 887 1385 987 1440; x_wconf 82' lang='lat' dir='ltr'><strong>est,</strong></span> <span class='ocrx_word' id='word_1_93' title='bbox 1023 1386 1077 1428; x_wconf 92' lang='lat' dir='ltr'><strong>ut</strong></span> <span class='ocrx_word' id='word_1_94' title='bbox 1109 1385 1232 1427; x_wconf 91' lang='lat' dir='ltr'><strong>tunc</strong></span> <span class='ocrx_word' id='word_1_95' title='bbox 1265 1373 1605 1441; x_wconf 84' lang='lat' dir='ltr'><strong>reperiamiui</strong></span> <span class='ocrx_word' id='word_1_96' title='bbox 1634 1372 1747 1439; x_wconf 83' lang='lat' dir='ltr'><strong>puri</strong></span> <span class='ocrx_word' id='word_1_97' title='bbox 1778 1412 1792 1433; x_wconf 95' lang='lat'><strong>,</strong></span> <span class='ocrx_word' id='word_1_98' title='bbox 1825 1370 2139 1439; x_wconf 68' lang='lat' dir='ltr'><strong>quippe.qni</strong></span> <span class='ocrx_word' id='word_1_99' title='bbox 2169 1383 2262 1420; x_wconf 86' lang='lat' dir='ltr'><strong>ne-</strong></span> 
     </span>
    </p>
   </div>
   <div class='ocr_carea' id='block_1_13' title="bbox 681 1460 2262 1533">
    <p class='ocr_par' dir='ltr' id='par_1_13' title="bbox 681 1460 2262 1533">
     <span class='ocr_line' id='line_1_13' title="bbox 681 1460 2262 1533; baseline -0.006 -14"><span class='ocrx_word' id='word_1_100' title='bbox 681 1467 812 1519; x_wconf 87' lang='lat' dir='ltr'><strong>mini</strong></span> <span class='ocrx_word' id='word_1_101' title='bbox 845 1467 1099 1519; x_wconf 83' lang='lat' dir='ltr'><strong>scaudalo</strong></span> <span class='ocrx_word' id='word_1_102' title='bbox 1132 1465 1380 1527; x_wconf 87' lang='lat' dir='ltr'><strong>fueritis;</strong></span> <span class='ocrx_word' id='word_1_103' title='bbox 1429 1464 1606 1533; x_wconf 76' lang='lat' dir='ltr'><strong>repleti</strong></span> <span class='ocrx_word' id='word_1_104' title='bbox 1650 1463 1890 1531; x_wconf 77' lang='lat' dir='ltr'><strong>fructibus</strong></span> <span class='ocrx_word' id='word_1_105' title='bbox 1922 1460 2142 1528; x_wconf 78' lang='lat' dir='ltr'><strong>justitia:</strong></span> <span class='ocrx_word' id='word_1_106' title='bbox 2173 1474 2262 1524; x_wconf 80' lang='lat' dir='ltr'><strong>per</strong></span> 
     </span>
    </p>
   </div>
   <div class='ocr_carea' id='block_1_14' title="bbox 625 1538 2262 1623">
    <p class='ocr_par' dir='ltr' id='par_1_14' title="bbox 625 1538 2262 1623">
     <span class='ocr_line' id='line_1_14' title="bbox 625 1538 2262 1623; baseline -0.004 -16"><span class='ocrx_word' id='word_1_107' title='bbox 625 1538 631 1544; x_wconf 44' lang='grc'><em>’</em></span> <span class='ocrx_word' id='word_1_108' title='bbox 682 1555 862 1609; x_wconf 81' lang='lat' dir='ltr'><strong>Jesum</strong></span> <span class='ocrx_word' id='word_1_109' title='bbox 893 1558 1165 1621; x_wconf 75' lang='lat' dir='ltr'><strong>Christum,</strong></span> <span class='ocrx_word' id='word_1_110' title='bbox 1191 1558 1244 1607; x_wconf 87' lang='lat' dir='ltr'><strong>in</strong></span> <span class='ocrx_word' id='word_1_111' title='bbox 1263 1555 1476 1623; x_wconf 79' lang='lat' dir='ltr'><strong>gloriam</strong></span> <span class='ocrx_word' id='word_1_112' title='bbox 1498 1563 1542 1605; x_wconf 88' lang='lat' dir='ltr'><strong>et</strong></span> <span class='ocrx_word' id='word_1_113' title='bbox 1570 1554 1771 1605; x_wconf 85' lang='lat' dir='ltr'><strong>laudem</strong></span> <span class='ocrx_word' id='word_1_114' title='bbox 1802 1551 1926 1615; x_wconf 85' lang='lat' dir='ltr'><strong>Dei;</strong></span> <span class='ocrx_word' id='word_1_115' title='bbox 1953 1550 2001 1603; x_wconf 91' lang='lat' dir='ltr'><strong>id</strong></span> <span class='ocrx_word' id='word_1_116' title='bbox 2025 1558 2127 1613; x_wconf 79' lang='lat' dir='ltr'><strong>est,</strong></span> <span class='ocrx_word' id='word_1_117' title='bbox 2158 1563 2262 1600; x_wconf 81' lang='lat' dir='ltr'><strong>una</strong></span> 
     </span>
    </p>
   </div>
   <div class='ocr_carea' id='block_1_15' title="bbox 684 1639 2263 1715">
    <p class='ocr_par' dir='ltr' id='par_1_15' title="bbox 684 1639 2263 1715">
     <span class='ocr_line' id='line_1_15' title="bbox 684 1639 2263 1715; baseline -0.005 -14"><span class='ocrx_word' id='word_1_118' title='bbox 684 1664 804 1701; x_wconf 87' lang='lat' dir='ltr'><strong>cum</strong></span> <span class='ocrx_word' id='word_1_119' title='bbox 841 1648 1177 1715; x_wconf 65' lang='lat' dir='ltr'><strong>dngtuatibus</strong></span> <span class='ocrx_word' id='word_1_120' title='bbox 1210 1648 1369 1699; x_wconf 85' lang='lat' dir='ltr'><strong>vitam</strong></span> <span class='ocrx_word' id='word_1_121' title='bbox 1408 1660 1619 1714; x_wconf 86' lang='lat' dir='ltr'><strong>quoque</strong></span> <span class='ocrx_word' id='word_1_122' title='bbox 1638 1656 1833 1697; x_wconf 87' lang='lat' dir='ltr'><strong>rectam</strong></span> <span class='ocrx_word' id='word_1_123' title='bbox 1856 1639 2263 1695; x_wconf 81' lang='lat' dir='ltr'><strong>habentes.Nec</strong></span> 
     </span>
    </p>
   </div>
   <div class='ocr_carea' id='block_1_16' title="bbox 682 1731 2262 1808">
    <p class='ocr_par' dir='ltr' id='par_1_16' title="bbox 682 1731 2262 1808">
     <span class='ocr_line' id='line_1_16' title="bbox 682 1731 2262 1808; baseline -0.006 -16"><span class='ocrx_word' id='word_1_124' title='bbox 682 1740 1184 1808; x_wconf 88' lang='lat' dir='ltr'><strong>quomodocumque</strong></span> <span class='ocrx_word' id='word_1_125' title='bbox 1209 1747 1406 1790; x_wconf 87' lang='lat' dir='ltr'><strong>rectam</strong></span> <span class='ocrx_word' id='word_1_126' title='bbox 1438 1751 1557 1789; x_wconf 88' lang='lat' dir='ltr'><strong>esse</strong></span> <span class='ocrx_word' id='word_1_127' title='bbox 1579 1736 1707 1787; x_wconf 86' lang='lat' dir='ltr'><strong>satis</strong></span> <span class='ocrx_word' id='word_1_128' title='bbox 1724 1742 1827 1797; x_wconf 88' lang='lat' dir='ltr'><strong>est,</strong></span> <span class='ocrx_word' id='word_1_129' title='bbox 1859 1733 1948 1787; x_wconf 90' lang='lat' dir='ltr'><strong>sed</strong></span> <span class='ocrx_word' id='word_1_130' title='bbox 1971 1731 2262 1786; x_wconf 88' lang='lat' dir='ltr'><strong>confertam</strong></span> 
     </span>
    </p>
   </div>
   <div class='ocr_carea' id='block_1_17' title="bbox 686 1825 2264 1899">
    <p class='ocr_par' dir='ltr' id='par_1_17' title="bbox 686 1825 2264 1899">
     <span class='ocr_line' id='line_1_17' title="bbox 686 1825 2264 1899; baseline -0.006 -14"><span class='ocrx_word' id='word_1_131' title='bbox 686 1832 946 1885; x_wconf 77' lang='lat' dir='ltr'><strong>fructibus</strong></span> <span class='ocrx_word' id='word_1_132' title='bbox 992 1830 1253 1899; x_wconf 69' lang='lat' dir='ltr'><strong>justitim;</strong></span> <span class='ocrx_word' id='word_1_133' title='bbox 1289 1837 1370 1882; x_wconf 87' lang='lat' dir='ltr'><strong>est</strong></span> <span class='ocrx_word' id='word_1_134' title='bbox 1416 1829 1558 1881; x_wconf 90' lang='lat' dir='ltr'><strong>enim</strong></span> <span class='ocrx_word' id='word_1_135' title='bbox 1605 1825 1844 1895; x_wconf 61' lang='lat' dir='ltr'><strong>qua‘dam</strong></span> <span class='ocrx_word' id='word_1_136' title='bbox 1893 1825 2114 1890; x_wconf 80' lang='lat' dir='ltr'><strong>justitia,</strong></span> <span class='ocrx_word' id='word_1_137' title='bbox 2146 1840 2264 1891; x_wconf 70' lang='lat' dir='ltr'><strong>qua:</strong></span> 
     </span>
    </p>
   </div>
   <div class='ocr_carea' id='block_1_18' title="bbox 687 1913 2269 1980">
    <p class='ocr_par' dir='ltr' id='par_1_18' title="bbox 687 1913 2269 1980">
     <span class='ocr_line' id='line_1_18' title="bbox 687 1913 2269 1980; baseline -0.009 -3"><span class='ocrx_word' id='word_1_138' title='bbox 687 1938 793 1977; x_wconf 88' lang='lat' dir='ltr'><strong>non</strong></span> <span class='ocrx_word' id='word_1_139' title='bbox 824 1921 1112 1976; x_wconf 87' lang='lat' dir='ltr'><strong>secundum</strong></span> <span class='ocrx_word' id='word_1_140' title='bbox 1142 1920 1411 1973; x_wconf 82' lang='lat' dir='ltr'><strong>Christum</strong></span> <span class='ocrx_word' id='word_1_141' title='bbox 1456 1928 1557 1979; x_wconf 88' lang='lat' dir='ltr'><strong>est,</strong></span> <span class='ocrx_word' id='word_1_142' title='bbox 1584 1926 1639 1968; x_wconf 91' lang='lat' dir='ltr'><strong>ut</strong></span> <span class='ocrx_word' id='word_1_143' title='bbox 1682 1917 1782 1969; x_wconf 83' lang='lat' dir='ltr'><strong>vita</strong></span> <span class='ocrx_word' id='word_1_144' title='bbox 1811 1916 1919 1976; x_wconf 85' lang='lat' dir='ltr'><strong>illa,</strong></span> <span class='ocrx_word' id='word_1_145' title='bbox 1952 1930 2071 1980; x_wconf 70' lang='lat' dir='ltr'><strong>qua:</strong></span> <span class='ocrx_word' id='word_1_146' title='bbox 2104 1913 2269 1964; x_wconf 71' lang='lat' dir='ltr'><strong>virtu-</strong></span> 
     </span>
    </p>
   </div>
   <div class='ocr_carea' id='block_1_19' title="bbox 690 2006 2265 2083">
    <p class='ocr_par' dir='ltr' id='par_1_19' title="bbox 690 2006 2265 2083">
     <span class='ocr_line' id='line_1_19' title="bbox 690 2006 2265 2083; baseline -0.009 -14"><span class='ocrx_word' id='word_1_147' title='bbox 690 2024 797 2069; x_wconf 84' lang='lat' dir='ltr'><strong>tem</strong></span> <span class='ocrx_word' id='word_1_148' title='bbox 824 2012 1203 2083; x_wconf 86' lang='lat' dir='ltr'><strong>quoqttomodo</strong></span> <span class='ocrx_word' id='word_1_149' title='bbox 1235 2012 1390 2073; x_wconf 62' lang='lat' dir='ltr'><strong>colit;</strong></span> <span class='ocrx_word' id='word_1_150' title='bbox 1421 2008 1513 2062; x_wconf 85' lang='lat' dir='ltr'><strong>scd</strong></span> <span class='ocrx_word' id='word_1_151' title='bbox 1556 2009 1651 2061; x_wconf 80' lang='lat' dir='ltr'><strong>I’er</strong></span> <span class='ocrx_word' id='word_1_152' title='bbox 1680 2007 1851 2060; x_wconf 79' lang='lat' dir='ltr'><strong>Jcsum</strong></span> <span class='ocrx_word' id='word_1_153' title='bbox 1882 2006 2153 2077; x_wconf 75' lang='lat' dir='ltr'><strong>Christum,</strong></span> <span class='ocrx_word' id='word_1_154' title='bbox 2184 2006 2265 2055; x_wconf 82' lang='lat' dir='ltr'><strong>iu-</strong></span> 
     </span>
    </p>
   </div>
   <div class='ocr_carea' id='block_1_20' title="bbox 687 2095 2265 2174">
    <p class='ocr_par' dir='ltr' id='par_1_20' title="bbox 687 2095 2265 2174">
     <span class='ocr_line' id='line_1_20' title="bbox 687 2095 2265 2174; baseline -0.006 -18"><span class='ocrx_word' id='word_1_155' title='bbox 687 2106 823 2174; x_wconf 86' lang='lat' dir='ltr'><strong>quit,</strong></span> <span class='ocrx_word' id='word_1_156' title='bbox 848 2108 899 2158; x_wconf 85' lang='lat' dir='ltr'><strong>in</strong></span> <span class='ocrx_word' id='word_1_157' title='bbox 926 2105 1139 2174; x_wconf 80' lang='lat' dir='ltr'><strong>gloriam</strong></span> <span class='ocrx_word' id='word_1_158' title='bbox 1172 2113 1215 2153; x_wconf 78' lang='lat' dir='ltr'><strong>cl</strong></span> <span class='ocrx_word' id='word_1_159' title='bbox 1239 2102 1438 2154; x_wconf 80' lang='lat' dir='ltr'><strong>laudent</strong></span> <span class='ocrx_word' id='word_1_160' title='bbox 1468 2100 1577 2152; x_wconf 85' lang='lat' dir='ltr'><strong>Dei.</strong></span> <span class='ocrx_word' id='word_1_161' title='bbox 1612 2098 1772 2151; x_wconf 74' lang='lat' dir='ltr'><strong>Vides</strong></span> <span class='ocrx_word' id='word_1_162' title='bbox 1802 2113 1884 2149; x_wconf 82' lang='lat' dir='ltr'><strong>me</strong></span> <span class='ocrx_word' id='word_1_163' title='bbox 1914 2113 2016 2148; x_wconf 86' lang='lat' dir='ltr'><strong>non</strong></span> <span class='ocrx_word' id='word_1_164' title='bbox 2044 2095 2265 2164; x_wconf 83' lang='lat' dir='ltr'><strong>gloriam</strong></span> 
     </span>
    </p>
   </div>
   <div class='ocr_carea' id='block_1_21' title="bbox 692 2187 2269 2260">
    <p class='ocr_par' dir='ltr' id='par_1_21' title="bbox 692 2187 2269 2260">
     <span class='ocr_line' id='line_1_21' title="bbox 692 2187 2269 2260; baseline -0.008 -11"><span class='ocrx_word' id='word_1_165' title='bbox 692 2213 862 2249; x_wconf 87' lang='lat' dir='ltr'><strong>meam</strong></span> <span class='ocrx_word' id='word_1_166' title='bbox 889 2210 1097 2256; x_wconf 87' lang='lat' dir='ltr'><strong>curare,</strong></span> <span class='ocrx_word' id='word_1_167' title='bbox 1131 2194 1224 2245; x_wconf 86' lang='lat' dir='ltr'><strong>sed</strong></span> <span class='ocrx_word' id='word_1_168' title='bbox 1254 2192 1477 2260; x_wconf 72' lang='lat' dir='ltr'><strong>gloriam</strong></span> <span class='ocrx_word' id='word_1_169' title='bbox 1505 2191 1627 2243; x_wconf 83' lang='lat' dir='ltr'><strong>Dei?</strong></span> <span class='ocrx_word' id='word_1_170' title='bbox 1658 2190 1810 2256; x_wconf 65' lang='lat' dir='ltr'><strong>Sxpe</strong></span> <span class='ocrx_word' id='word_1_171' title='bbox 1828 2196 2004 2241; x_wconf 87' lang='lat' dir='ltr'><strong>autem</strong></span> <span class='ocrx_word' id='word_1_172' title='bbox 2038 2187 2269 2240; x_wconf 69' lang='lat' dir='ltr'><strong>cleemo—</strong></span> 
     </span>
    </p>
   </div>
   <div class='ocr_carea' id='block_1_22' title="bbox 689 2277 2271 2357">
    <p class='ocr_par' dir='ltr' id='par_1_22' title="bbox 689 2277 2271 2357">
     <span class='ocr_line' id='line_1_22' title="bbox 689 2277 2271 2357; baseline -0.006 -18"><span class='ocrx_word' id='word_1_173' title='bbox 689 2302 874 2357; x_wconf 69' lang='lat' dir='ltr'><strong>synam</strong></span> <span class='ocrx_word' id='word_1_174' title='bbox 919 2284 1138 2354; x_wconf 72' lang='lat' dir='ltr'><strong>iustitiae</strong></span> <span class='ocrx_word' id='word_1_175' title='bbox 1170 2283 1381 2336; x_wconf 82' lang='lat' dir='ltr'><strong>nomine</strong></span> <span class='ocrx_word' id='word_1_176' title='bbox 1412 2280 1658 2349; x_wconf 86' lang='lat' dir='ltr'><strong>appellat.</strong></span> <span class='ocrx_word' id='word_1_177' title='bbox 1708 2279 1801 2343; x_wconf 70' lang='lat' dir='ltr'><strong>Ne,</strong></span> <span class='ocrx_word' id='word_1_178' title='bbox 1835 2279 2024 2347; x_wconf 86' lang='lat' dir='ltr'><strong>inquit,</strong></span> <span class='ocrx_word' id='word_1_179' title='bbox 2074 2277 2271 2331; x_wconf 72' lang='lat' dir='ltr'><strong>alliciat</strong></span> 
     </span>
    </p>
   </div>
   <div class='ocr_carea' id='block_1_23' title="bbox 691 2370 2273 2444">
    <p class='ocr_par' dir='ltr' id='par_1_23' title="bbox 691 2370 2273 2444">
     <span class='ocr_line' id='line_1_23' title="bbox 691 2370 2273 2444; baseline -0.006 -13"><span class='ocrx_word' id='word_1_180' title='bbox 691 2381 843 2431; x_wconf 78' lang='lat' dir='ltr'><strong>vobis</strong></span> <span class='ocrx_word' id='word_1_181' title='bbox 871 2381 1087 2439; x_wconf 82' lang='lat' dir='ltr'><strong>caritas,</strong></span> <span class='ocrx_word' id='word_1_182' title='bbox 1120 2377 1401 2444; x_wconf 80' lang='lat' dir='ltr'><strong>quominus</strong></span> <span class='ocrx_word' id='word_1_183' title='bbox 1436 2374 1768 2441; x_wconf 68' lang='lat' dir='ltr'><strong>cognoscatis</strong></span> <span class='ocrx_word' id='word_1_184' title='bbox 1792 2386 1912 2439; x_wconf 80' lang='lat' dir='ltr'><strong>qtue</strong></span> <span class='ocrx_word' id='word_1_185' title='bbox 1944 2370 1995 2423; x_wconf 87' lang='lat' dir='ltr'><strong>in</strong></span> <span class='ocrx_word' id='word_1_186' title='bbox 2029 2386 2137 2422; x_wconf 88' lang='lat' dir='ltr'><strong>rem</strong></span> <span class='ocrx_word' id='word_1_187' title='bbox 2184 2384 2273 2421; x_wconf 83' lang='lat' dir='ltr'><strong>ve-</strong></span> 
     </span>
    </p>
   </div>
   <div class='ocr_carea' id='block_1_24' title="bbox 693 2465 2269 2535">
    <p class='ocr_par' dir='ltr' id='par_1_24' title="bbox 693 2465 2269 2535">
     <span class='ocr_line' id='line_1_24' title="bbox 693 2465 2269 2535; baseline -0.006 -12"><span class='ocrx_word' id='word_1_188' title='bbox 693 2480 857 2523; x_wconf 76' lang='lat' dir='ltr'><strong>stram</strong></span> <span class='ocrx_word' id='word_1_189' title='bbox 892 2478 1047 2532; x_wconf 86' lang='lat' dir='ltr'><strong>sunt;</strong></span> <span class='ocrx_word' id='word_1_190' title='bbox 1080 2483 1175 2519; x_wconf 86' lang='lat' dir='ltr'><strong>nee</strong></span> <span class='ocrx_word' id='word_1_191' title='bbox 1202 2467 1450 2535; x_wconf 82' lang='lat' dir='ltr'><strong>quoniam</strong></span> <span class='ocrx_word' id='word_1_192' title='bbox 1483 2466 1621 2518; x_wconf 87' lang='lat' dir='ltr'><strong>hunc</strong></span> <span class='ocrx_word' id='word_1_193' title='bbox 1652 2465 1729 2517; x_wconf 83' lang='lat' dir='ltr'><strong>vel</strong></span> <span class='ocrx_word' id='word_1_194' title='bbox 1772 2465 1916 2515; x_wconf 82' lang='lat' dir='ltr'><strong>illum</strong></span> <span class='ocrx_word' id='word_1_195' title='bbox 1950 2478 2117 2525; x_wconf 70' lang='lat' dir='ltr'><strong>antas,</strong></span> <span class='ocrx_word' id='word_1_196' title='bbox 2152 2477 2269 2529; x_wconf 89' lang='lat' dir='ltr'><strong>pro-</strong></span> 
     </span>
    </p>
   </div>
   <div class='ocr_carea' id='block_1_25' title="bbox 696 2556 2270 2633">
    <p class='ocr_par' dir='ltr' id='par_1_25' title="bbox 696 2556 2270 2633">
     <span class='ocr_line' id='line_1_25' title="bbox 696 2556 2270 2633; baseline -0.004 -19"><span class='ocrx_word' id='word_1_197' title='bbox 696 2576 875 2633; x_wconf 63' lang='lat' dir='ltr'><strong>pit-rita</strong></span> <span class='ocrx_word' id='word_1_198' title='bbox 926 2562 1229 2615; x_wconf 80' lang='lat' dir='ltr'><strong>collabaris.</strong></span> <span class='ocrx_word' id='word_1_199' title='bbox 1275 2558 1444 2627; x_wconf 73' lang='lat' dir='ltr'><strong>Cupio</strong></span> <span class='ocrx_word' id='word_1_200' title='bbox 1490 2556 1702 2629; x_wconf 80' lang='lat' dir='ltr'><strong>quidem</strong></span> <span class='ocrx_word' id='word_1_201' title='bbox 1752 2565 1981 2612; x_wconf 76' lang='lat' dir='ltr'><strong>vestram</strong></span> <span class='ocrx_word' id='word_1_202' title='bbox 2026 2567 2270 2608; x_wconf 77' lang='lat' dir='ltr'><strong>crescere</strong></span> 
     </span>
    </p>
   </div>
   <div class='ocr_carea' id='block_1_26' title="bbox 696 2652 2272 2717">
    <p class='ocr_par' dir='ltr' id='par_1_26' title="bbox 696 2652 2272 2717">
     <span class='ocr_line' id='line_1_26' title="bbox 696 2652 2272 2717; baseline -0.005 -8"><span class='ocrx_word' id='word_1_203' title='bbox 696 2657 996 2717; x_wconf 80' lang='lat' dir='ltr'><strong>caritatem,</strong></span> <span class='ocrx_word' id='word_1_204' title='bbox 1027 2657 1119 2708; x_wconf 85' lang='lat' dir='ltr'><strong>sed</strong></span> <span class='ocrx_word' id='word_1_205' title='bbox 1156 2671 1257 2706; x_wconf 87' lang='lat' dir='ltr'><strong>non</strong></span> <span class='ocrx_word' id='word_1_206' title='bbox 1306 2654 1458 2717; x_wconf 84' lang='lat' dir='ltr'><strong>adeo,</strong></span> <span class='ocrx_word' id='word_1_207' title='bbox 1509 2662 1567 2705; x_wconf 87' lang='lat' dir='ltr'><strong>ut.</strong></span> <span class='ocrx_word' id='word_1_208' title='bbox 1608 2653 1729 2705; x_wconf 88' lang='lat' dir='ltr'><strong>inde</strong></span> <span class='ocrx_word' id='word_1_209' title='bbox 1778 2653 2027 2705; x_wconf 76' lang='lat' dir='ltr'><strong>damnum</strong></span> <span class='ocrx_word' id='word_1_210' title='bbox 2062 2652 2272 2715; x_wconf 75' lang='lat' dir='ltr'><strong>feratis;</strong></span> 
     </span>
    </p>
   </div>
   <div class='ocr_carea' id='block_1_27' title="bbox 698 2741 2276 2815">
    <p class='ocr_par' dir='ltr' id='par_1_27' title="bbox 698 2741 2276 2815">
     <span class='ocr_line' id='line_1_27' title="bbox 698 2741 2276 2815; baseline -0.005 -14"><span class='ocrx_word' id='word_1_211' title='bbox 698 2763 798 2801; x_wconf 88' lang='lat' dir='ltr'><strong>nec</strong></span> <span class='ocrx_word' id='word_1_212' title='bbox 828 2752 1013 2815; x_wconf 78' lang='lat' dir='ltr'><strong>quavis</strong></span> <span class='ocrx_word' id='word_1_213' title='bbox 1046 2755 1305 2814; x_wconf 74' lang='lat' dir='ltr'><strong>praecepta</strong></span> <span class='ocrx_word' id='word_1_214' title='bbox 1338 2744 1503 2797; x_wconf 85' lang='lat' dir='ltr'><strong>semel</strong></span> <span class='ocrx_word' id='word_1_215' title='bbox 1532 2743 1783 2811; x_wconf 86' lang='lat' dir='ltr'><strong>opinione</strong></span> <span class='ocrx_word' id='word_1_216' title='bbox 1814 2755 1903 2793; x_wconf 71' lang='lat' dir='ltr'><strong>ves</strong></span> <span class='ocrx_word' id='word_1_217' title='bbox 1952 2741 2154 2794; x_wconf 70' lang='lat' dir='ltr'><strong>sueveri</strong></span> <span class='ocrx_word' id='word_1_218' title='bbox 2189 2755 2276 2793; x_wconf 63' lang='lat' dir='ltr'><strong>ie-</strong></span> 
     </span>
    </p>
   </div>
   <div class='ocr_carea' id='block_1_28' title="bbox 698 2831 2275 2903">
    <p class='ocr_par' dir='ltr' id='par_1_28' title="bbox 698 2831 2275 2903">
     <span class='ocr_line' id='line_1_28' title="bbox 698 2831 2275 2903; baseline -0.006 -12"><span class='ocrx_word' id='word_1_219' title='bbox 698 2840 813 2901; x_wconf 88' lang='lat' dir='ltr'><strong>lim,</strong></span> <span class='ocrx_word' id='word_1_220' title='bbox 839 2838 931 2891; x_wconf 88' lang='lat' dir='ltr'><strong>sed</strong></span> <span class='ocrx_word' id='word_1_221' title='bbox 962 2853 1079 2888; x_wconf 89' lang='lat' dir='ltr'><strong>cum</strong></span> <span class='ocrx_word' id='word_1_222' title='bbox 1111 2834 1518 2903; x_wconf 77' lang='lat' dir='ltr'><strong>perpenderitis,</strong></span> <span class='ocrx_word' id='word_1_223' title='bbox 1544 2842 1717 2885; x_wconf 86' lang='lat' dir='ltr'><strong>utrum</strong></span> <span class='ocrx_word' id='word_1_224' title='bbox 1743 2846 1857 2899; x_wconf 73' lang='lat' dir='ltr'><strong>qua:</strong></span> <span class='ocrx_word' id='word_1_225' title='bbox 1884 2831 2108 2883; x_wconf 82' lang='lat' dir='ltr'><strong>dicimus</strong></span> <span class='ocrx_word' id='word_1_226' title='bbox 2132 2839 2275 2882; x_wconf 84' lang='lat' dir='ltr'><strong>recte</strong></span> 
     </span>
    </p>
   </div>
   <div class='ocr_carea' id='block_1_29' title="bbox 699 2916 2276 2992">
    <p class='ocr_par' dir='ltr' id='par_1_29' title="bbox 699 2916 2276 2992">
     <span class='ocr_line' id='line_1_29' title="bbox 699 2916 2276 2992; baseline -0.007 -11"><span class='ocrx_word' id='word_1_227' title='bbox 699 2943 760 2981; x_wconf 79' lang='lat' dir='ltr'><strong>sc</strong></span> <span class='ocrx_word' id='word_1_228' title='bbox 793 2927 1039 2979; x_wconf 83' lang='lat' dir='ltr'><strong>habeant.</strong></span> <span class='ocrx_word' id='word_1_229' title='bbox 1068 2925 1245 2992; x_wconf 65' lang='lat' dir='ltr'><strong>Neque</strong></span> <span class='ocrx_word' id='word_1_230' title='bbox 1277 2924 1428 2985; x_wconf 80' lang='lat' dir='ltr'><strong>dixit,</strong></span> <span class='ocrx_word' id='word_1_231' title='bbox 1455 2925 1652 2977; x_wconf 70' lang='lat' dir='ltr'><strong>lFIntea</strong></span> <span class='ocrx_word' id='word_1_232' title='bbox 1687 2921 2026 2989; x_wconf 63' lang='lat' dir='ltr'><strong>prmponatis.</strong></span> <span class='ocrx_word' id='word_1_233' title='bbox 2060 2920 2174 2981; x_wconf 57' lang='lat' dir='ltr'><strong>Sed,</strong></span> <span class='ocrx_word' id='word_1_234' title='bbox 2210 2916 2276 2971; x_wconf 89' lang='lat' dir='ltr'><strong>Ut</strong></span> 
     </span>
    </p>
   </div>
   <div class='ocr_carea' id='block_1_30' title="bbox 703 3010 2277 3086">
    <p class='ocr_par' dir='ltr' id='par_1_30' title="bbox 703 3010 2277 3086">
     <span class='ocr_line' id='line_1_30' title="bbox 703 3010 2277 3086; baseline -0.004 -19"><span class='ocrx_word' id='word_1_235' title='bbox 703 3016 941 3086; x_wconf 73' lang='lat' dir='ltr'><strong>probetis.</strong></span> <span class='ocrx_word' id='word_1_236' title='bbox 976 3016 1157 3084; x_wconf 75' lang='lat' dir='ltr'><strong>Neque</strong></span> <span class='ocrx_word' id='word_1_237' title='bbox 1190 3015 1474 3083; x_wconf 84' lang='lat' dir='ltr'><strong>perspicue</strong></span> <span class='ocrx_word' id='word_1_238' title='bbox 1511 3013 1663 3076; x_wconf 75' lang='lat' dir='ltr'><strong>dixit,</strong></span> <span class='ocrx_word' id='word_1_239' title='bbox 1695 3012 1771 3067; x_wconf 62' lang='lat' dir='ltr'><strong>Ne</strong></span> <span class='ocrx_word' id='word_1_240' title='bbox 1798 3027 1915 3063; x_wconf 88' lang='lat' dir='ltr'><strong>eum</strong></span> <span class='ocrx_word' id='word_1_241' title='bbox 1950 3012 2049 3063; x_wconf 89' lang='lat' dir='ltr'><strong>isto</strong></span> <span class='ocrx_word' id='word_1_242' title='bbox 2076 3011 2160 3063; x_wconf 86' lang='lat' dir='ltr'><strong>vel</strong></span> <span class='ocrx_word' id='word_1_243' title='bbox 2188 3010 2277 3063; x_wconf 83' lang='lat' dir='ltr'><strong>illo</strong></span> 
     </span>
    </p>
   </div>
   <div class='ocr_carea' id='block_1_31' title="bbox 700 3099 2278 3169">
    <p class='ocr_par' dir='ltr' id='par_1_31' title="bbox 700 3099 2278 3169">
     <span class='ocr_line' id='line_1_31' title="bbox 700 3099 2278 3169; baseline -0.006 -7"><span class='ocrx_word' id='word_1_244' title='bbox 700 3109 1034 3162; x_wconf 86' lang='lat' dir='ltr'><strong>familiariter</strong></span> <span class='ocrx_word' id='word_1_245' title='bbox 1065 3106 1377 3168; x_wconf 83' lang='lat' dir='ltr'><strong>versemini;</strong></span> <span class='ocrx_word' id='word_1_246' title='bbox 1408 3104 1524 3169; x_wconf 77' lang='lat' dir='ltr'><strong>Sl‘d,</strong></span> <span class='ocrx_word' id='word_1_247' title='bbox 1570 3103 1739 3156; x_wconf 84' lang='lat' dir='ltr'><strong>Velim</strong></span> <span class='ocrx_word' id='word_1_248' title='bbox 1781 3102 1975 3155; x_wconf 87' lang='lat' dir='ltr'><strong>caritas</strong></span> <span class='ocrx_word' id='word_1_249' title='bbox 2018 3099 2167 3153; x_wconf 87' lang='lat' dir='ltr'><strong>vobis</strong></span> <span class='ocrx_word' id='word_1_250' title='bbox 2213 3100 2278 3152; x_wconf 86' lang='lat' dir='ltr'><strong>ad</strong></span> 
     </span>
    </p>
   </div>
   <div class='ocr_carea' id='block_1_32' title="bbox 703 3194 2276 3268">
    <p class='ocr_par' dir='ltr' id='par_1_32' title="bbox 703 3194 2276 3268">
     <span class='ocr_line' id='line_1_32' title="bbox 703 3194 2276 3268; baseline -0.006 -14"><span class='ocrx_word' id='word_1_251' title='bbox 703 3202 987 3255; x_wconf 89' lang='lat' dir='ltr'><strong>utilitatem</strong></span> <span class='ocrx_word' id='word_1_252' title='bbox 1016 3198 1285 3268; x_wconf 82' lang='lat' dir='ltr'><strong>proﬁciat;</strong></span> <span class='ocrx_word' id='word_1_253' title='bbox 1317 3199 1532 3251; x_wconf 88' lang='lat' dir='ltr'><strong>minime</strong></span> <span class='ocrx_word' id='word_1_254' title='bbox 1557 3211 1682 3250; x_wconf 90' lang='lat' dir='ltr'><strong>vero</strong></span> <span class='ocrx_word' id='word_1_255' title='bbox 1704 3195 1920 3263; x_wconf 83' lang='lat' dir='ltr'><strong>perinde</strong></span> <span class='ocrx_word' id='word_1_256' title='bbox 1940 3194 2111 3247; x_wconf 74' lang='lat' dir='ltr'><strong>allecti</strong></span> <span class='ocrx_word' id='word_1_257' title='bbox 2140 3194 2276 3258; x_wconf 75' lang='lat' dir='ltr'><strong>sitis,</strong></span> 
     </span>
    </p>
   </div>
   <div class='ocr_carea' id='block_1_33' title="bbox 707 3286 2279 3355">
    <p class='ocr_par' dir='ltr' id='par_1_33' title="bbox 707 3286 2279 3355">
     <span class='ocr_line' id='line_1_33' title="bbox 707 3286 2279 3355; baseline -0.005 -12"><span class='ocrx_word' id='word_1_258' title='bbox 707 3306 770 3344; x_wconf 87' lang='lat' dir='ltr'><strong>ac</strong></span> <span class='ocrx_word' id='word_1_259' title='bbox 793 3292 837 3344; x_wconf 88' lang='lat' dir='ltr'><strong>si</strong></span> <span class='ocrx_word' id='word_1_260' title='bbox 864 3306 1024 3345; x_wconf 87' lang='lat' dir='ltr'><strong>sensu</strong></span> <span class='ocrx_word' id='word_1_261' title='bbox 1042 3291 1286 3343; x_wconf 81' lang='lat' dir='ltr'><strong>carentis.</strong></span> <span class='ocrx_word' id='word_1_262' title='bbox 1315 3287 1418 3341; x_wconf 81' lang='lat' dir='ltr'><strong>Res</strong></span> <span class='ocrx_word' id='word_1_263' title='bbox 1432 3288 1573 3341; x_wconf 87' lang='lat' dir='ltr'><strong>enim</strong></span> <span class='ocrx_word' id='word_1_264' title='bbox 1596 3288 1831 3339; x_wconf 73' lang='lat' dir='ltr'><strong>stultitia:</strong></span> <span class='ocrx_word' id='word_1_265' title='bbox 1849 3286 2154 3355; x_wconf 87' lang='lat' dir='ltr'><strong>plenissima</strong></span> <span class='ocrx_word' id='word_1_266' title='bbox 2176 3294 2279 3347; x_wconf 89' lang='lat' dir='ltr'><strong>est,</strong></span> 
     </span>
    </p>
   </div>
   <div class='ocr_carea' id='block_1_34' title="bbox 703 3380 2282 3452">
    <p class='ocr_par' dir='ltr' id='par_1_34' title="bbox 703 3380 2282 3452">
     <span class='ocr_line' id='line_1_34' title="bbox 703 3380 2282 3452; baseline -0.004 -17"><span class='ocrx_word' id='word_1_267' title='bbox 703 3383 963 3452; x_wconf 83' lang='lat' dir='ltr'><strong>justitiam</strong></span> <span class='ocrx_word' id='word_1_268' title='bbox 1020 3382 1229 3449; x_wconf 84' lang='lat' dir='ltr'><strong>operari</strong></span> <span class='ocrx_word' id='word_1_269' title='bbox 1274 3381 1429 3433; x_wconf 86' lang='lat' dir='ltr'><strong>aliam</strong></span> <span class='ocrx_word' id='word_1_270' title='bbox 1477 3380 1545 3431; x_wconf 90' lang='lat' dir='ltr'><strong>ob</strong></span> <span class='ocrx_word' id='word_1_271' title='bbox 1574 3394 1783 3433; x_wconf 86' lang='lat' dir='ltr'><strong>causam</strong></span> <span class='ocrx_word' id='word_1_272' title='bbox 1811 3418 1825 3441; x_wconf 94' lang='lat'><strong>,</strong></span> <span class='ocrx_word' id='word_1_273' title='bbox 1875 3392 2029 3444; x_wconf 88' lang='lat' dir='ltr'><strong>quam</strong></span> <span class='ocrx_word' id='word_1_274' title='bbox 2065 3384 2282 3444; x_wconf 87' lang='lat' dir='ltr'><strong>propter</strong></span> 
     </span>
    </p>
   </div>
   <div class='ocr_carea' id='block_1_35' title="bbox 704 3469 2280 3543">
    <p class='ocr_par' dir='ltr' id='par_1_35' title="bbox 704 3469 2280 3543">
     <span class='ocr_line' id='line_1_35' title="bbox 704 3469 2280 3543; baseline -0.003 -17"><span class='ocrx_word' id='word_1_275' title='bbox 704 3476 976 3533; x_wconf 85' lang='lat' dir='ltr'><strong>Christum</strong></span> <span class='ocrx_word' id='word_1_276' title='bbox 1023 3484 1071 3528; x_wconf 90' lang='lat' dir='ltr'><strong>et</strong></span> <span class='ocrx_word' id='word_1_277' title='bbox 1104 3488 1198 3543; x_wconf 90' lang='lat' dir='ltr'><strong>per</strong></span> <span class='ocrx_word' id='word_1_278' title='bbox 1228 3474 1423 3541; x_wconf 90' lang='lat' dir='ltr'><strong>ipsum.</strong></span> <span class='ocrx_word' id='word_1_279' title='bbox 1458 3472 1595 3525; x_wconf 82' lang='lat' dir='ltr'><strong>Ecce</strong></span> <span class='ocrx_word' id='word_1_280' title='bbox 1642 3486 1826 3524; x_wconf 84' lang='lat' dir='ltr'><strong>rursus</strong></span> <span class='ocrx_word' id='word_1_281' title='bbox 1854 3471 1992 3526; x_wconf 80' lang='lat' dir='ltr'><strong>illam</strong></span> <span class='ocrx_word' id='word_1_282' title='bbox 2034 3469 2280 3537; x_wconf 78' lang='lat' dir='ltr'><strong>loquendi</strong></span> 
     </span>
    </p>
   </div>
   <div class='ocr_carea' id='block_1_36' title="bbox 706 3553 2285 3633">
    <p class='ocr_par' dir='ltr' id='par_1_36' title="bbox 706 3553 2285 3633">
     <span class='ocr_line' id='line_1_36' title="bbox 706 3553 2285 3633; baseline -0.008 -12"><span class='ocrx_word' id='word_1_283' title='bbox 706 3553 1013 3628; x_wconf 73' lang='lat' dir='ltr'><strong>formulam,</strong></span> <span class='ocrx_word' id='word_1_284' title='bbox 1039 3566 1138 3619; x_wconf 83' lang='lat' dir='ltr'><strong>Per</strong></span> <span class='ocrx_word' id='word_1_285' title='bbox 1169 3565 1363 3633; x_wconf 85' lang='lat' dir='ltr'><strong>ipsum.</strong></span> <span class='ocrx_word' id='word_1_286' title='bbox 1396 3562 1528 3615; x_wconf 77' lang='lat' dir='ltr'><strong>Num</strong></span> <span class='ocrx_word' id='word_1_287' title='bbox 1548 3562 1705 3628; x_wconf 75' lang='lat' dir='ltr'><strong>igitur</strong></span> <span class='ocrx_word' id='word_1_288' title='bbox 1735 3576 1859 3613; x_wconf 88' lang='lat' dir='ltr'><strong>usus</strong></span> <span class='ocrx_word' id='word_1_289' title='bbox 1879 3568 1962 3613; x_wconf 83' lang='lat' dir='ltr'><strong>est</strong></span> <span class='ocrx_word' id='word_1_290' title='bbox 1993 3559 2119 3622; x_wconf 85' lang='lat' dir='ltr'><strong>Deo,</strong></span> <span class='ocrx_word' id='word_1_291' title='bbox 2150 3568 2285 3610; x_wconf 82' lang='lat' dir='ltr'><strong>tam-</strong></span> 
     </span>
    </p>
   </div>
   <div class='ocr_carea' id='block_1_37' title="bbox 707 3649 2283 3725">
    <p class='ocr_par' dir='ltr' id='par_1_37' title="bbox 707 3649 2283 3725">
     <span class='ocr_line' id='line_1_37' title="bbox 707 3649 2283 3725; baseline -0.003 -18"><span class='ocrx_word' id='word_1_292' title='bbox 707 3670 868 3725; x_wconf 90' lang='lat' dir='ltr'><strong>quam</strong></span> <span class='ocrx_word' id='word_1_293' title='bbox 898 3656 1114 3718; x_wconf 85' lang='lat' dir='ltr'><strong>famulo,</strong></span> <span class='ocrx_word' id='word_1_294' title='bbox 1145 3654 1236 3723; x_wconf 87' lang='lat' dir='ltr'><strong>qui</strong></span> <span class='ocrx_word' id='word_1_295' title='bbox 1266 3654 1572 3707; x_wconf 77' lang='lat' dir='ltr'><strong>inferiorem</strong></span> <span class='ocrx_word' id='word_1_296' title='bbox 1603 3653 1653 3704; x_wconf 91' lang='lat' dir='ltr'><strong>in</strong></span> <span class='ocrx_word' id='word_1_297' title='bbox 1686 3650 1954 3720; x_wconf 84' lang='lat' dir='ltr'><strong>operando</strong></span> <span class='ocrx_word' id='word_1_298' title='bbox 1985 3649 2155 3703; x_wconf 88' lang='lat' dir='ltr'><strong>locum</strong></span> <span class='ocrx_word' id='word_1_299' title='bbox 2202 3658 2283 3703; x_wconf 83' lang='lat' dir='ltr'><strong>te-</strong></span> 
     </span>
    </p>
   </div>
   <div class='ocr_carea' id='block_1_38' title="bbox 709 3739 2282 3813">
    <p class='ocr_par' dir='ltr' id='par_1_38' title="bbox 709 3739 2282 3813">
     <span class='ocr_line' id='line_1_38' title="bbox 709 3739 2282 3813; baseline -0.006 -12"><span class='ocrx_word' id='word_1_300' title='bbox 709 3742 912 3801; x_wconf 86' lang='lat' dir='ltr'><strong>nebat?</strong></span> <span class='ocrx_word' id='word_1_301' title='bbox 939 3746 1111 3800; x_wconf 82' lang='lat' dir='ltr'><strong>Absit.</strong></span> <span class='ocrx_word' id='word_1_302' title='bbox 1139 3745 1313 3813; x_wconf 89' lang='lat' dir='ltr'><strong>inquit</strong></span> <span class='ocrx_word' id='word_1_303' title='bbox 1355 3744 1535 3812; x_wconf 79' lang='lat' dir='ltr'><strong>igitur,</strong></span> <span class='ocrx_word' id='word_1_304' title='bbox 1584 3742 1698 3795; x_wconf 80' lang='lat' dir='ltr'><strong>Non</strong></span> <span class='ocrx_word' id='word_1_305' title='bbox 1744 3751 1798 3793; x_wconf 89' lang='lat' dir='ltr'><strong>ut</strong></span> <span class='ocrx_word' id='word_1_306' title='bbox 1827 3755 1924 3810; x_wconf 87' lang='lat' dir='ltr'><strong>ego</strong></span> <span class='ocrx_word' id='word_1_307' title='bbox 1953 3739 2158 3803; x_wconf 84' lang='lat' dir='ltr'><strong>lauder,</strong></span> <span class='ocrx_word' id='word_1_308' title='bbox 2213 3740 2282 3792; x_wconf 89' lang='lat' dir='ltr'><strong>ita</strong></span> 
     </span>
    </p>
   </div>
   <div class='ocr_carea' id='block_1_39' title="bbox 706 3831 2287 3907">
    <p class='ocr_par' dir='ltr' id='par_1_39' title="bbox 706 3831 2287 3907">
     <span class='ocr_line' id='line_1_39' title="bbox 706 3831 2287 3907; baseline -0.007 -15"><span class='ocrx_word' id='word_1_309' title='bbox 706 3838 959 3907; x_wconf 81' lang='lat' dir='ltr'><strong>loquutus</strong></span> <span class='ocrx_word' id='word_1_310' title='bbox 978 3851 1118 3903; x_wconf 89' lang='lat' dir='ltr'><strong>sum,</strong></span> <span class='ocrx_word' id='word_1_311' title='bbox 1147 3836 1241 3891; x_wconf 88' lang='lat' dir='ltr'><strong>sed</strong></span> <span class='ocrx_word' id='word_1_312' title='bbox 1270 3845 1324 3889; x_wconf 91' lang='lat' dir='ltr'><strong>ut</strong></span> <span class='ocrx_word' id='word_1_313' title='bbox 1353 3832 1678 3905; x_wconf 73' lang='lat' dir='ltr'><strong>gloriﬁcatur</strong></span> <span class='ocrx_word' id='word_1_314' title='bbox 1710 3832 1868 3886; x_wconf 86' lang='lat' dir='ltr'><strong>Deus.</strong></span> <span class='ocrx_word' id='word_1_315' title='bbox 1901 3832 1986 3885; x_wconf 69' lang='grc'><strong>12.</strong></span> <span class='ocrx_word' id='word_1_316' title='bbox 2029 3831 2173 3885; x_wconf 77' lang='lat' dir='ltr'><strong>Scire</strong></span> <span class='ocrx_word' id='word_1_317' title='bbox 2196 3846 2287 3882; x_wconf 82' lang='lat' dir='ltr'><strong>au-</strong></span> 
     </span>
    </p>
   </div>
   <div class='ocr_carea' id='block_1_40' title="bbox 713 3925 2287 3997">
    <p class='ocr_par' dir='ltr' id='par_1_40' title="bbox 713 3925 2287 3997">
     <span class='ocr_line' id='line_1_40' title="bbox 713 3925 2287 3997; baseline -0.003 -15"><span class='ocrx_word' id='word_1_318' title='bbox 713 3938 812 3982; x_wconf 85' lang='lat' dir='ltr'><strong>tem</strong></span> <span class='ocrx_word' id='word_1_319' title='bbox 837 3944 923 3983; x_wconf 79' lang='lat' dir='ltr'><strong>vos</strong></span> <span class='ocrx_word' id='word_1_320' title='bbox 945 3929 1079 3995; x_wconf 75' lang='lat' dir='ltr'><strong>uolo,</strong></span> <span class='ocrx_word' id='word_1_321' title='bbox 1111 3931 1314 3997; x_wconf 76' lang='lat' dir='ltr'><strong>fratres,</strong></span> <span class='ocrx_word' id='word_1_322' title='bbox 1346 3929 1464 3996; x_wconf 87' lang='lat' dir='ltr'><strong>quia</strong></span> <span class='ocrx_word' id='word_1_323' title='bbox 1490 3942 1604 3996; x_wconf 79' lang='lat' dir='ltr'><strong>qute</strong></span> <span class='ocrx_word' id='word_1_324' title='bbox 1646 3926 1781 3978; x_wconf 87' lang='lat' dir='ltr'><strong>circa</strong></span> <span class='ocrx_word' id='word_1_325' title='bbox 1824 3942 1901 3977; x_wconf 86' lang='lat' dir='ltr'><strong>me</strong></span> <span class='ocrx_word' id='word_1_326' title='bbox 1943 3934 2059 3984; x_wconf 84' lang='lat' dir='ltr'><strong>sunt</strong></span> <span class='ocrx_word' id='word_1_327' title='bbox 2081 3966 2096 3989; x_wconf 90' lang='lat'><strong>,</strong></span> <span class='ocrx_word' id='word_1_328' title='bbox 2125 3925 2287 3995; x_wconf 82' lang='lat' dir='ltr'><strong>magis</strong></span> 
     </span>
    </p>
   </div>
   <div class='ocr_carea' id='block_1_41' title="bbox 714 4016 2288 4091">
    <p class='ocr_par' dir='ltr' id='par_1_41' title="bbox 714 4016 2288 4091">
     <span class='ocr_line' id='line_1_41' title="bbox 714 4016 2288 4091; baseline -0.004 -16"><span class='ocrx_word' id='word_1_329' title='bbox 714 4023 784 4075; x_wconf 86' lang='lat' dir='ltr'><strong>ad</strong></span> <span class='ocrx_word' id='word_1_330' title='bbox 810 4026 1091 4091; x_wconf 79' lang='lat' dir='ltr'><strong>profectum</strong></span> <span class='ocrx_word' id='word_1_331' title='bbox 1121 4030 1357 4076; x_wconf 79' lang='lat' dir='ltr'><strong>venerunt</strong></span> <span class='ocrx_word' id='word_1_332' title='bbox 1385 4018 1646 4088; x_wconf 84' lang='lat' dir='ltr'><strong>evangelii,</strong></span> <span class='ocrx_word' id='word_1_333' title='bbox 1682 4017 1749 4071; x_wconf 76' lang='grc'><strong>15</strong></span> <span class='ocrx_word' id='word_1_334' title='bbox 1792 4017 1861 4069; x_wconf 87' lang='lat' dir='ltr'><strong>ita</strong></span> <span class='ocrx_word' id='word_1_335' title='bbox 1883 4026 1937 4069; x_wconf 86' lang='lat' dir='ltr'><strong>ut</strong></span> <span class='ocrx_word' id='word_1_336' title='bbox 1959 4016 2157 4069; x_wconf 80' lang='lat' dir='ltr'><strong>vincula</strong></span> <span class='ocrx_word' id='word_1_337' title='bbox 2177 4032 2288 4069; x_wconf 85' lang='lat' dir='ltr'><strong>mea</strong></span> 
     </span>
    </p>
   </div>
   <div class='ocr_carea' id='block_1_42' title="bbox 714 4107 2288 4182">
    <p class='ocr_par' dir='ltr' id='par_1_42' title="bbox 714 4107 2288 4182">
     <span class='ocr_line' id='line_1_42' title="bbox 714 4107 2288 4182; baseline -0.003 -19"><span class='ocrx_word' id='word_1_338' title='bbox 714 4113 986 4182; x_wconf 76' lang='lat' dir='ltr'><strong>manifesta</strong></span> <span class='ocrx_word' id='word_1_339' title='bbox 1008 4111 1185 4179; x_wconf 78' lang='lat' dir='ltr'><strong>ﬁerent</strong></span> <span class='ocrx_word' id='word_1_340' title='bbox 1211 4111 1265 4165; x_wconf 86' lang='lat' dir='ltr'><strong>in</strong></span> <span class='ocrx_word' id='word_1_341' title='bbox 1286 4107 1484 4164; x_wconf 81' lang='lat' dir='ltr'><strong>Christo</strong></span> <span class='ocrx_word' id='word_1_342' title='bbox 1505 4108 1556 4161; x_wconf 87' lang='lat' dir='ltr'><strong>in</strong></span> <span class='ocrx_word' id='word_1_343' title='bbox 1584 4107 1721 4161; x_wconf 86' lang='lat' dir='ltr'><strong>omni</strong></span> <span class='ocrx_word' id='word_1_344' title='bbox 1750 4109 2009 4182; x_wconf 66' lang='lat' dir='ltr'><strong>pra&#39;torio,</strong></span> <span class='ocrx_word' id='word_1_345' title='bbox 2039 4115 2083 4160; x_wconf 88' lang='lat' dir='ltr'><strong>et</strong></span> <span class='ocrx_word' id='word_1_346' title='bbox 2113 4107 2165 4159; x_wconf 85' lang='lat' dir='ltr'><strong>in</strong></span> <span class='ocrx_word' id='word_1_347' title='bbox 2189 4122 2288 4159; x_wconf 71' lang='lat' dir='ltr'><strong>ca:-</strong></span> 
     </span>
    </p>
   </div>
   <div class='ocr_carea' id='block_1_43' title="bbox 705 4176 1820 4270">
    <p class='ocr_par' dir='ltr' id='par_1_43' title="bbox 705 4176 1820 4270">
     <span class='ocr_line' id='line_1_43' title="bbox 705 4176 1820 4270; baseline -0.001 -13"><span class='ocrx_word' id='word_1_348' title='bbox 705 4204 827 4270; x_wconf 84' lang='lat' dir='ltr'><strong>_teris</strong></span> <span class='ocrx_word' id='word_1_349' title='bbox 855 4204 1107 4258; x_wconf 85' lang='lat' dir='ltr'><strong>omnibus.</strong></span> <span class='ocrx_word' id='word_1_350' title='bbox 1810 4176 1820 4202; x_wconf 64' lang='grc'><strong>’</strong></span> 
     </span>
    </p>
   </div>
   <div class='ocr_carea' id='block_1_44' title="bbox 785 4289 2288 4357">
    <p class='ocr_par' dir='ltr' id='par_1_44' title="bbox 785 4289 2288 4357">
     <span class='ocr_line' id='line_1_44' title="bbox 785 4289 2288 4357; baseline -0.005 -7"><span class='ocrx_word' id='word_1_351' title='bbox 785 4297 841 4350; x_wconf 76' lang='grc' dir='ltr'><strong>Ξ.</strong></span> <span class='ocrx_word' id='word_1_352' title='bbox 865 4294 1168 4351; x_wconf 86' lang='lat' dir='ltr'><strong>Verisimile</strong></span> <span class='ocrx_word' id='word_1_353' title='bbox 1192 4301 1309 4348; x_wconf 89' lang='lat' dir='ltr'><strong>erat</strong></span> <span class='ocrx_word' id='word_1_354' title='bbox 1346 4292 1486 4357; x_wconf 84' lang='lat' dir='ltr'><strong>illos,</strong></span> <span class='ocrx_word' id='word_1_355' title='bbox 1516 4305 1635 4347; x_wconf 90' lang='lat' dir='ltr'><strong>cum</strong></span> <span class='ocrx_word' id='word_1_356' title='bbox 1671 4306 1793 4344; x_wconf 88' lang='lat' dir='ltr'><strong>eum</strong></span> <span class='ocrx_word' id='word_1_357' title='bbox 1829 4291 1880 4344; x_wconf 92' lang='lat' dir='ltr'><strong>in</strong></span> <span class='ocrx_word' id='word_1_358' title='bbox 1913 4289 2137 4344; x_wconf 81' lang='lat' dir='ltr'><strong>vinculis</strong></span> <span class='ocrx_word' id='word_1_359' title='bbox 2166 4303 2288 4344; x_wconf 80' lang='lat' dir='ltr'><strong>esse</strong></span> 
     </span>
    </p>
   </div>
   <div class='ocr_carea' id='block_1_45' title="bbox 712 4381 2288 4453">
    <p class='ocr_par' dir='ltr' id='par_1_45' title="bbox 712 4381 2288 4453">
     <span class='ocr_line' id='line_1_45' title="bbox 712 4381 2288 4453; baseline -0.004 -13"><span class='ocrx_word' id='word_1_360' title='bbox 712 4388 1025 4451; x_wconf 87' lang='lat' dir='ltr'><strong>audissent,</strong></span> <span class='ocrx_word' id='word_1_361' title='bbox 1057 4384 1275 4448; x_wconf 89' lang='lat' dir='ltr'><strong>dolere,</strong></span> <span class='ocrx_word' id='word_1_362' title='bbox 1309 4393 1601 4453; x_wconf 87' lang='lat' dir='ltr'><strong>putareque</strong></span> <span class='ocrx_word' id='word_1_363' title='bbox 1629 4383 1951 4437; x_wconf 86' lang='lat' dir='ltr'><strong>obstructam</strong></span> <span class='ocrx_word' id='word_1_364' title='bbox 1991 4394 2112 4434; x_wconf 88' lang='lat' dir='ltr'><strong>esse</strong></span> <span class='ocrx_word' id='word_1_365' title='bbox 2147 4381 2288 4433; x_wconf 82' lang='lat' dir='ltr'><strong>viam</strong></span> 
     </span>
    </p>
   </div>
   <div class='ocr_carea' id='block_1_46' title="bbox 715 4472 2290 4549">
    <p class='ocr_par' dir='ltr' id='par_1_46' title="bbox 715 4472 2290 4549">
     <span class='ocr_line' id='line_1_46' title="bbox 715 4472 2290 4549; baseline -0.006 -15"><span class='ocrx_word' id='word_1_366' title='bbox 715 4477 1104 4549; x_wconf 67' lang='lat' dir='ltr'><strong>praedicatioui.</strong></span> <span class='ocrx_word' id='word_1_367' title='bbox 1128 4474 1264 4545; x_wconf 86' lang='lat' dir='ltr'><strong>Quid</strong></span> <span class='ocrx_word' id='word_1_368' title='bbox 1290 4475 1450 4543; x_wconf 81' lang='lat' dir='ltr'><strong>igitur</strong></span> <span class='ocrx_word' id='word_1_369' title='bbox 1472 4474 1636 4530; x_wconf 82' lang='lat' dir='ltr'><strong>facit?</strong></span> <span class='ocrx_word' id='word_1_370' title='bbox 1657 4473 1844 4529; x_wconf 88' lang='lat' dir='ltr'><strong>Statim</strong></span> <span class='ocrx_word' id='word_1_371' title='bbox 1868 4472 2005 4527; x_wconf 88' lang='lat' dir='ltr'><strong>hanc</strong></span> <span class='ocrx_word' id='word_1_372' title='bbox 2029 4472 2290 4542; x_wconf 83' lang='lat' dir='ltr'><strong>suspicio-</strong></span> 
     </span>
    </p>
   </div>
   <div class='ocr_carea' id='block_1_47' title="bbox 717 4563 2291 4636">
    <p class='ocr_par' dir='ltr' id='par_1_47' title="bbox 717 4563 2291 4636">
     <span class='ocr_line' id='line_1_47' title="bbox 717 4563 2291 4636; baseline -0.006 -11"><span class='ocrx_word' id='word_1_373' title='bbox 717 4586 841 4626; x_wconf 87' lang='lat' dir='ltr'><strong>nem</strong></span> <span class='ocrx_word' id='word_1_374' title='bbox 874 4569 1045 4631; x_wconf 85' lang='lat' dir='ltr'><strong>tollit,</strong></span> <span class='ocrx_word' id='word_1_375' title='bbox 1080 4578 1241 4636; x_wconf 88' lang='lat' dir='ltr'><strong>atque</strong></span> <span class='ocrx_word' id='word_1_376' title='bbox 1275 4567 1346 4621; x_wconf 90' lang='lat' dir='ltr'><strong>ita</strong></span> <span class='ocrx_word' id='word_1_377' title='bbox 1392 4566 1563 4636; x_wconf 86' lang='lat' dir='ltr'><strong>inquit</strong></span> <span class='ocrx_word' id='word_1_378' title='bbox 1593 4582 1607 4618; x_wconf 92' lang='lat'><strong>:</strong></span> <span class='ocrx_word' id='word_1_379' title='bbox 1645 4563 1725 4618; x_wconf 83' lang='lat' dir='ltr'><strong>Ea</strong></span> <span class='ocrx_word' id='word_1_380' title='bbox 1749 4579 1863 4633; x_wconf 75' lang='lat' dir='ltr'><strong>qua:</strong></span> <span class='ocrx_word' id='word_1_381' title='bbox 1888 4565 2022 4618; x_wconf 89' lang='lat' dir='ltr'><strong>circa</strong></span> <span class='ocrx_word' id='word_1_382' title='bbox 2051 4579 2130 4617; x_wconf 85' lang='lat' dir='ltr'><strong>me</strong></span> <span class='ocrx_word' id='word_1_383' title='bbox 2175 4571 2291 4616; x_wconf 86' lang='lat' dir='ltr'><strong>sunt</strong></span> 
     </span>
    </p>
   </div>
   <div class='ocr_carea' id='block_1_48' title="bbox 718 4657 2292 4732">
    <p class='ocr_par' dir='ltr' id='par_1_48' title="bbox 718 4657 2292 4732">
     <span class='ocr_line' id='line_1_48' title="bbox 718 4657 2292 4732; baseline -0.003 -17"><span class='ocrx_word' id='word_1_384' title='bbox 718 4662 881 4732; x_wconf 81' lang='lat' dir='ltr'><strong>magis</strong></span> <span class='ocrx_word' id='word_1_385' title='bbox 907 4662 976 4714; x_wconf 86' lang='lat' dir='ltr'><strong>ad</strong></span> <span class='ocrx_word' id='word_1_386' title='bbox 1013 4661 1295 4731; x_wconf 77' lang='lat' dir='ltr'><strong>profectum</strong></span> <span class='ocrx_word' id='word_1_387' title='bbox 1323 4668 1561 4714; x_wconf 79' lang='lat' dir='ltr'><strong>venerunt</strong></span> <span class='ocrx_word' id='word_1_388' title='bbox 1590 4658 1850 4728; x_wconf 73' lang='lat' dir='ltr'><strong>evangelii.</strong></span> <span class='ocrx_word' id='word_1_389' title='bbox 1896 4657 1992 4711; x_wconf 87' lang='lat' dir='ltr'><strong>Est</strong></span> <span class='ocrx_word' id='word_1_390' title='bbox 2030 4667 2208 4711; x_wconf 88' lang='lat' dir='ltr'><strong>autem</strong></span> <span class='ocrx_word' id='word_1_391' title='bbox 2237 4665 2292 4710; x_wconf 89' lang='lat' dir='ltr'><strong>et</strong></span> 
     </span>
    </p>
   </div>
   <div class='ocr_carea' id='block_1_49' title="bbox 718 4748 2291 4820">
    <p class='ocr_par' dir='ltr' id='par_1_49' title="bbox 718 4748 2291 4820">
     <span class='ocr_line' id='line_1_49' title="bbox 718 4748 2291 4820; baseline -0.004 -12"><span class='ocrx_word' id='word_1_392' title='bbox 718 4754 824 4811; x_wconf 84' lang='lat' dir='ltr'><strong>hoc</strong></span> <span class='ocrx_word' id='word_1_393' title='bbox 848 4754 1096 4818; x_wconf 84' lang='lat' dir='ltr'><strong>amantis,</strong></span> <span class='ocrx_word' id='word_1_394' title='bbox 1119 4765 1244 4807; x_wconf 85' lang='lat' dir='ltr'><strong>suas</strong></span> <span class='ocrx_word' id='word_1_395' title='bbox 1267 4751 1372 4807; x_wconf 89' lang='lat' dir='ltr'><strong>illis</strong></span> <span class='ocrx_word' id='word_1_396' title='bbox 1410 4765 1497 4806; x_wconf 89' lang='lat' dir='ltr'><strong>res</strong></span> <span class='ocrx_word' id='word_1_397' title='bbox 1531 4750 1862 4820; x_wconf 80' lang='lat' dir='ltr'><strong>patefacere,</strong></span> <span class='ocrx_word' id='word_1_398' title='bbox 1891 4757 2075 4818; x_wconf 89' lang='lat' dir='ltr'><strong>utpote</strong></span> <span class='ocrx_word' id='word_1_399' title='bbox 2099 4748 2291 4818; x_wconf 83' lang='lat' dir='ltr'><strong>quibus</strong></span> 
     </span>
    </p>
   </div>
   <div class='ocr_carea' id='block_1_50' title="bbox 716 4840 2288 4912">
    <p class='ocr_par' dir='ltr' id='par_1_50' title="bbox 716 4840 2288 4912">
     <span class='ocr_line' id='line_1_50' title="bbox 716 4840 2288 4912; baseline -0.004 -11"><span class='ocrx_word' id='word_1_400' title='bbox 716 4862 862 4901; x_wconf 73' lang='lat' dir='ltr'><strong>curas</strong></span> <span class='ocrx_word' id='word_1_401' title='bbox 890 4846 1018 4900; x_wconf 84' lang='lat' dir='ltr'><strong>sint.</strong></span> <span class='ocrx_word' id='word_1_402' title='bbox 1053 4842 1191 4911; x_wconf 84' lang='lat' dir='ltr'><strong>Quid</strong></span> <span class='ocrx_word' id='word_1_403' title='bbox 1232 4844 1353 4898; x_wconf 84' lang='lat' dir='ltr'><strong>ais?</strong></span> <span class='ocrx_word' id='word_1_404' title='bbox 1382 4844 1434 4897; x_wconf 93' lang='lat' dir='ltr'><strong>iu</strong></span> <span class='ocrx_word' id='word_1_405' title='bbox 1461 4843 1685 4899; x_wconf 76' lang='lat' dir='ltr'><strong>vinculis</strong></span> <span class='ocrx_word' id='word_1_406' title='bbox 1720 4856 1780 4898; x_wconf 88' lang='lat' dir='ltr'><strong>es</strong></span> <span class='ocrx_word' id='word_1_407' title='bbox 1802 4882 1817 4909; x_wconf 93' lang='lat'><strong>,</strong></span> <span class='ocrx_word' id='word_1_408' title='bbox 1859 4840 2144 4912; x_wconf 88' lang='lat' dir='ltr'><strong>impeditus</strong></span> <span class='ocrx_word' id='word_1_409' title='bbox 2180 4852 2288 4896; x_wconf 80' lang='lat' dir='ltr'><strong>eS‘:</strong></span> 
     </span>
    </p>
   </div>
   <div class='ocr_carea' id='block_1_51' title="bbox 713 4931 2290 5009">
    <p class='ocr_par' dir='ltr' id='par_1_51' title="bbox 713 4931 2290 5009">
     <span class='ocr_line' id='line_1_51' title="bbox 713 4931 2290 5009; baseline -0.006 -14"><span class='ocrx_word' id='word_1_410' title='bbox 713 4953 885 5009; x_wconf 86' lang='lat' dir='ltr'><strong>ecquo</strong></span> <span class='ocrx_word' id='word_1_411' title='bbox 914 4936 1073 5008; x_wconf 87' lang='lat' dir='ltr'><strong>igitur</strong></span> <span class='ocrx_word' id='word_1_412' title='bbox 1101 4934 1263 4991; x_wconf 89' lang='lat' dir='ltr'><strong>modo</strong></span> <span class='ocrx_word' id='word_1_413' title='bbox 1295 4934 1628 5004; x_wconf 79' lang='lat' dir='ltr'><strong>evangelium</strong></span> <span class='ocrx_word' id='word_1_414' title='bbox 1666 4932 1836 5004; x_wconf 91' lang='lat' dir='ltr'><strong>ipsum</strong></span> <span class='ocrx_word' id='word_1_415' title='bbox 1862 4947 2181 5004; x_wconf 84' lang='lat' dir='ltr'><strong>progressus</strong></span> <span class='ocrx_word' id='word_1_416' title='bbox 2208 4931 2290 4987; x_wconf 82' lang='lat' dir='ltr'><strong>fa-</strong></span> 
     </span>
    </p>
   </div>
   <div class='ocr_carea' id='block_1_52' title="bbox 713 5025 2291 5104">
    <p class='ocr_par' dir='ltr' id='par_1_52' title="bbox 713 5025 2291 5104">
     <span class='ocr_line' id='line_1_52' title="bbox 713 5025 2291 5104; baseline -0.005 -18"><span class='ocrx_word' id='word_1_417' title='bbox 713 5028 826 5087; x_wconf 73' lang='lat' dir='ltr'><strong>cit?</strong></span> <span class='ocrx_word' id='word_1_418' title='bbox 856 5027 925 5084; x_wconf 87' lang='lat' dir='ltr'><strong>Ut</strong></span> <span class='ocrx_word' id='word_1_419' title='bbox 944 5026 1142 5104; x_wconf 74' lang='lat' dir='ltr'><strong>vincula</strong></span> <span class='ocrx_word' id='word_1_420' title='bbox 1160 5043 1292 5095; x_wconf 87' lang='lat' dir='ltr'><strong>mea,</strong></span> <span class='ocrx_word' id='word_1_421' title='bbox 1321 5026 1511 5097; x_wconf 90' lang='lat' dir='ltr'><strong>inquit,</strong></span> <span class='ocrx_word' id='word_1_422' title='bbox 1529 5025 1798 5096; x_wconf 73' lang='lat' dir='ltr'><strong>manifesta</strong></span> <span class='ocrx_word' id='word_1_423' title='bbox 1820 5025 2016 5095; x_wconf 73' lang='lat' dir='ltr'><strong>ﬁerent,</strong></span> <span class='ocrx_word' id='word_1_424' title='bbox 2036 5038 2151 5094; x_wconf 67' lang='lat' dir='ltr'><strong>quae</strong></span> <span class='ocrx_word' id='word_1_425' title='bbox 2173 5034 2291 5078; x_wconf 79' lang='lat' dir='ltr'><strong>sunt</strong></span> 
     </span>
    </p>
   </div>
   <div class='ocr_carea' id='block_1_53' title="bbox 708 5114 2292 5192">
    <p class='ocr_par' dir='ltr' id='par_1_53' title="bbox 708 5114 2292 5192">
     <span class='ocr_line' id='line_1_53' title="bbox 708 5114 2292 5192; baseline -0.003 -15"><span class='ocrx_word' id='word_1_426' title='bbox 708 5122 764 5177; x_wconf 72' lang='lat' dir='ltr'><strong>in</strong></span> <span class='ocrx_word' id='word_1_427' title='bbox 792 5119 1018 5186; x_wconf 72' lang='lat' dir='ltr'><strong>Christo,</strong></span> <span class='ocrx_word' id='word_1_428' title='bbox 1049 5120 1103 5175; x_wconf 87' lang='lat' dir='ltr'><strong>in</strong></span> <span class='ocrx_word' id='word_1_429' title='bbox 1130 5121 1269 5175; x_wconf 77' lang='lat' dir='ltr'><strong>amni</strong></span> <span class='ocrx_word' id='word_1_430' title='bbox 1293 5119 1553 5192; x_wconf 74' lang='lat' dir='ltr'><strong>prwtorio.</strong></span> <span class='ocrx_word' id='word_1_431' title='bbox 1581 5118 1637 5174; x_wconf 91' lang='lat' dir='ltr'><strong>ld</strong></span> <span class='ocrx_word' id='word_1_432' title='bbox 1668 5133 1777 5174; x_wconf 92' lang='lat' dir='ltr'><strong>non</strong></span> <span class='ocrx_word' id='word_1_433' title='bbox 1803 5117 1965 5174; x_wconf 89' lang='lat' dir='ltr'><strong>modo</strong></span> <span class='ocrx_word' id='word_1_434' title='bbox 1983 5117 2104 5174; x_wconf 90' lang='lat' dir='ltr'><strong>aliis</strong></span> <span class='ocrx_word' id='word_1_435' title='bbox 2129 5114 2292 5174; x_wconf 88' lang='lat' dir='ltr'><strong>silen-</strong></span> 
     </span>
    </p>
   </div>
   <div class='ocr_carea' id='block_1_54' title="bbox 712 5209 2289 5282">
    <p class='ocr_par' dir='ltr' id='par_1_54' title="bbox 712 5209 2289 5282">
     <span class='ocr_line' id='line_1_54' title="bbox 712 5209 2289 5282; baseline -0.002 -14"><span class='ocrx_word' id='word_1_436' title='bbox 712 5214 844 5268; x_wconf 88' lang='lat' dir='ltr'><strong>tium</strong></span> <span class='ocrx_word' id='word_1_437' title='bbox 862 5228 967 5268; x_wconf 87' lang='lat' dir='ltr'><strong>non</strong></span> <span class='ocrx_word' id='word_1_438' title='bbox 992 5211 1266 5282; x_wconf 86' lang='lat' dir='ltr'><strong>imposuit,</strong></span> <span class='ocrx_word' id='word_1_439' title='bbox 1288 5226 1463 5282; x_wconf 86' lang='lat' dir='ltr'><strong>neque</strong></span> <span class='ocrx_word' id='word_1_440' title='bbox 1475 5211 1721 5268; x_wconf 87' lang='lat' dir='ltr'><strong>timorem</strong></span> <span class='ocrx_word' id='word_1_441' title='bbox 1748 5211 1990 5278; x_wconf 88' lang='lat' dir='ltr'><strong>incussit,</strong></span> <span class='ocrx_word' id='word_1_442' title='bbox 2013 5209 2108 5267; x_wconf 88' lang='lat' dir='ltr'><strong>sed</strong></span> <span class='ocrx_word' id='word_1_443' title='bbox 2128 5211 2289 5266; x_wconf 89' lang='lat' dir='ltr'><strong>etiam</strong></span> 
     </span>
    </p>
   </div>
   <div class='ocr_carea' id='block_1_55' title="bbox 714 5302 2290 5374">
    <p class='ocr_par' dir='ltr' id='par_1_55' title="bbox 714 5302 2290 5374">
     <span class='ocr_line' id='line_1_55' title="bbox 714 5302 2290 5374; baseline -0.001 -15"><span class='ocrx_word' id='word_1_444' title='bbox 714 5302 818 5359; x_wconf 81' lang='lat' dir='ltr'><strong>hoc</strong></span> <span class='ocrx_word' id='word_1_445' title='bbox 858 5304 975 5374; x_wconf 86' lang='lat' dir='ltr'><strong>ipso</strong></span> <span class='ocrx_word' id='word_1_446' title='bbox 1000 5302 1310 5360; x_wconf 86' lang='lat' dir='ltr'><strong>tldentiores</strong></span> <span class='ocrx_word' id='word_1_447' title='bbox 1344 5306 1468 5358; x_wconf 90' lang='lat' dir='ltr'><strong>sunt</strong></span> <span class='ocrx_word' id='word_1_448' title='bbox 1494 5302 1641 5360; x_wconf 85' lang='lat' dir='ltr'><strong>facti.</strong></span> <span class='ocrx_word' id='word_1_449' title='bbox 1681 5302 1835 5372; x_wconf 82' lang='lat' dir='ltr'><strong>Quod</strong></span> <span class='ocrx_word' id='word_1_450' title='bbox 1876 5303 1923 5359; x_wconf 82' lang='lat' dir='ltr'><strong>si</strong></span> <span class='ocrx_word' id='word_1_451' title='bbox 1951 5302 2051 5369; x_wconf 88' lang='lat' dir='ltr'><strong>illi,</strong></span> <span class='ocrx_word' id='word_1_452' title='bbox 2100 5302 2190 5373; x_wconf 89' lang='lat' dir='ltr'><strong>qui</strong></span> <span class='ocrx_word' id='word_1_453' title='bbox 2236 5303 2290 5358; x_wconf 93' lang='lat' dir='ltr'><strong>in</strong></span> 
     </span>
    </p>
   </div>
   <div class='ocr_carea' id='block_1_56' title="bbox 714 5393 2289 5466">
    <p class='ocr_par' dir='ltr' id='par_1_56' title="bbox 714 5393 2289 5466">
     <span class='ocr_line' id='line_1_56' title="bbox 714 5393 2289 5466; baseline -0.001 -15"><span class='ocrx_word' id='word_1_454' title='bbox 714 5394 907 5451; x_wconf 88' lang='lat' dir='ltr'><strong>mediis</strong></span> <span class='ocrx_word' id='word_1_455' title='bbox 952 5394 1205 5466; x_wconf 84' lang='lat' dir='ltr'><strong>periculis</strong></span> <span class='ocrx_word' id='word_1_456' title='bbox 1240 5403 1543 5459; x_wconf 74' lang='lat' dir='ltr'><strong>versantur,</strong></span> <span class='ocrx_word' id='word_1_457' title='bbox 1576 5410 1682 5452; x_wconf 88' lang='lat' dir='ltr'><strong>non</strong></span> <span class='ocrx_word' id='word_1_458' title='bbox 1732 5396 1903 5451; x_wconf 87' lang='lat' dir='ltr'><strong>solum</strong></span> <span class='ocrx_word' id='word_1_459' title='bbox 1935 5393 2067 5451; x_wconf 83' lang='lat' dir='ltr'><strong>nihil</strong></span> <span class='ocrx_word' id='word_1_460' title='bbox 2110 5394 2289 5450; x_wconf 89' lang='lat' dir='ltr'><strong>damni</strong></span> 
     </span>
    </p>
   </div>
   <div class='ocr_carea' id='block_1_57' title="bbox 716 5487 2290 5560">
    <p class='ocr_par' dir='ltr' id='par_1_57' title="bbox 716 5487 2290 5560">
     <span class='ocr_line' id='line_1_57' title="bbox 716 5487 2290 5560; baseline 0.002 -17"><span class='ocrx_word' id='word_1_461' title='bbox 716 5488 988 5554; x_wconf 90' lang='lat' dir='ltr'><strong>tulerunt,</strong></span> <span class='ocrx_word' id='word_1_462' title='bbox 1015 5487 1110 5544; x_wconf 89' lang='lat' dir='ltr'><strong>sed</strong></span> <span class='ocrx_word' id='word_1_463' title='bbox 1131 5487 1314 5544; x_wconf 83' lang='lat' dir='ltr'><strong>.etiam</strong></span> <span class='ocrx_word' id='word_1_464' title='bbox 1344 5487 1465 5560; x_wconf 89' lang='lat' dir='ltr'><strong>plus</strong></span> <span class='ocrx_word' id='word_1_465' title='bbox 1494 5487 1657 5543; x_wconf 89' lang='lat' dir='ltr'><strong>animi</strong></span> <span class='ocrx_word' id='word_1_466' title='bbox 1695 5504 1758 5544; x_wconf 82' lang='lat' dir='ltr'><strong>ac</strong></span> <span class='ocrx_word' id='word_1_467' title='bbox 1798 5489 2028 5545; x_wconf 64' lang='lat' dir='ltr'><strong>fidentia:</strong></span> <span class='ocrx_word' id='word_1_468' title='bbox 2047 5504 2290 5559; x_wconf 87' lang='lat' dir='ltr'><strong>sumpse-</strong></span> 
     </span>
    </p>
   </div>
   <div class='ocr_carea' id='block_1_58' title="bbox 712 5562 2292 5652">
    <p class='ocr_par' dir='ltr' id='par_1_58' title="bbox 712 5562 2292 5652">
     <span class='ocr_line' id='line_1_58' title="bbox 712 5562 2292 5652; baseline 0.003 -17"><span class='ocrx_word' id='word_1_469' title='bbox 712 5589 881 5636; x_wconf 86' lang='lat' dir='ltr'><strong>runt:</strong></span> <span class='ocrx_word' id='word_1_470' title='bbox 913 5579 1083 5635; x_wconf 89' lang='lat' dir='ltr'><strong>multo</strong></span> <span class='ocrx_word' id='word_1_471' title='bbox 1123 5581 1292 5652; x_wconf 82' lang='lat' dir='ltr'><strong>magis</strong></span> <span class='ocrx_word' id='word_1_472' title='bbox 1335 5595 1434 5637; x_wconf 83' lang='lat' dir='ltr'><strong>vos</strong></span> <span class='ocrx_word' id='word_1_473' title='bbox 1474 5580 1650 5636; x_wconf 84' lang='lat' dir='ltr'><strong>fidatis</strong></span> <span class='ocrx_word' id='word_1_474' title='bbox 1684 5564 1910 5651; x_wconf 84' lang='lat' dir='ltr'><strong>oportet.</strong></span> <span class='ocrx_word' id='word_1_475' title='bbox 1950 5580 2083 5636; x_wconf 86' lang='lat' dir='ltr'><strong>Nam</strong></span> <span class='ocrx_word' id='word_1_476' title='bbox 2118 5583 2163 5637; x_wconf 90' lang='lat' dir='ltr'><strong>si</strong></span> <span class='ocrx_word' id='word_1_477' title='bbox 2202 5562 2292 5639; x_wconf 74' lang='lat' dir='ltr'><strong>ille</strong></span> 
     </span>
    </p>
   </div>
   <div class='ocr_carea' id='block_1_59' title="bbox 712 5671 2291 5744">
    <p class='ocr_par' dir='ltr' id='par_1_59' title="bbox 712 5671 2291 5744">
     <span class='ocr_line' id='line_1_59' title="bbox 712 5671 2291 5744; baseline 0.006 -23"><span class='ocrx_word' id='word_1_478' title='bbox 712 5671 949 5742; x_wconf 85' lang='lat' dir='ltr'><strong>quidem,</strong></span> <span class='ocrx_word' id='word_1_479' title='bbox 978 5673 1068 5744; x_wconf 89' lang='lat' dir='ltr'><strong>qui</strong></span> <span class='ocrx_word' id='word_1_480' title='bbox 1105 5673 1313 5729; x_wconf 81' lang='lat' dir='ltr'><strong>vinctus</strong></span> <span class='ocrx_word' id='word_1_481' title='bbox 1337 5681 1444 5740; x_wconf 87' lang='lat' dir='ltr'><strong>est,</strong></span> <span class='ocrx_word' id='word_1_482' title='bbox 1477 5671 1529 5727; x_wconf 90' lang='lat' dir='ltr'><strong>id</strong></span> <span class='ocrx_word' id='word_1_483' title='bbox 1557 5672 1786 5728; x_wconf 67' lang='lat' dir='ltr'><strong>miseriae</strong></span> <span class='ocrx_word' id='word_1_484' title='bbox 1827 5672 1946 5729; x_wconf 90' lang='lat' dir='ltr'><strong>loco</strong></span> <span class='ocrx_word' id='word_1_485' title='bbox 1971 5673 2181 5731; x_wconf 83' lang='lat' dir='ltr'><strong>tulisset</strong></span> <span class='ocrx_word' id='word_1_486' title='bbox 2227 5689 2291 5730; x_wconf 91' lang='lat' dir='ltr'><strong>ac</strong></span> 
     </span>
    </p>
   </div>
   <div class='ocr_carea' id='block_1_60' title="bbox 716 5750 2284 5835">
    <p class='ocr_par' dir='ltr' id='par_1_60' title="bbox 716 5750 2284 5835">
     <span class='ocr_line' id='line_1_60' title="bbox 716 5750 2284 5835; baseline 0.002 -13"><span class='ocrx_word' id='word_1_487' title='bbox 716 5764 987 5835; x_wconf 75' lang='lat' dir='ltr'><strong>tacuisset,</strong></span> <span class='ocrx_word' id='word_1_488' title='bbox 1010 5750 1429 5823; x_wconf 75' lang='lat' dir='ltr'><strong>consentaneum</strong></span> <span class='ocrx_word' id='word_1_489' title='bbox 1450 5773 1563 5822; x_wconf 82' lang='lat' dir='ltr'><strong>erat</strong></span> <span class='ocrx_word' id='word_1_490' title='bbox 1586 5763 1706 5823; x_wconf 84' lang='lat' dir='ltr'><strong>illos</strong></span> <span class='ocrx_word' id='word_1_491' title='bbox 1725 5764 1916 5826; x_wconf 84' lang='lat' dir='ltr'><strong>eodem</strong></span> <span class='ocrx_word' id='word_1_492' title='bbox 1928 5765 2088 5826; x_wconf 84' lang='lat' dir='ltr'><strong>modo</strong></span> <span class='ocrx_word' id='word_1_493' title='bbox 2109 5766 2246 5825; x_wconf 79' lang='lat' dir='ltr'><strong>affici</strong></span> <span class='ocrx_word' id='word_1_494' title='bbox 2270 5785 2284 5824; x_wconf 88' lang='lat'><strong>:</strong></span> 
     </span>
    </p>
   </div>
   <div class='ocr_carea' id='block_1_61' title="bbox 1344 324 3132 412">
    <p class='ocr_par' dir='ltr' id='par_1_61' title="bbox 1344 324 3132 412">
     <span class='ocr_line' id='line_1_61' title="bbox 1344 324 3132 412; baseline 0 -2"><span class='ocrx_word' id='word_1_495' title='bbox 1344 354 1400 410; x_wconf 91' lang='lat' dir='ltr'><strong>s.</strong></span> <span class='ocrx_word' id='word_1_496' title='bbox 1438 350 1713 410; x_wconf 71' lang='lat' dir='ltr'><strong>JOANNIS</strong></span> <span class='ocrx_word' id='word_1_497' title='bbox 1747 324 2210 404; x_wconf 75' lang='lat' dir='ltr'><strong>CilllYSOSTmll</strong></span> <span class='ocrx_word' id='word_1_498' title='bbox 2244 338 2565 405; x_wconf 69' lang='lat' dir='ltr'><strong>ansulae.</strong></span> <span class='ocrx_word' id='word_1_499' title='bbox 2604 345 3132 412; x_wconf 62' lang='lat' dir='ltr'><strong>consummes.</strong></span> 
     </span>
    </p>
   </div>
   <div class='ocr_carea' id='block_1_62' title="bbox 3850 368 3943 422">
    <p class='ocr_par' dir='ltr' id='par_1_62' title="bbox 3850 368 3943 422">
     <span class='ocr_line' id='line_1_62' title="bbox 3850 368 3943 422; baseline 0 0"><span class='ocrx_word' id='word_1_500' title='bbox 3850 368 3943 422; x_wconf 68' lang='lat'><strong>192</strong></span> 
     </span>
    </p>
   </div>
   <div class='ocr_carea' id='block_1_63' title="bbox 2383 466 3939 541">
    <p class='ocr_par' dir='ltr' id='par_1_63' title="bbox 2383 466 3939 541">
     <span class='ocr_line' id='line_1_63' title="bbox 2383 466 3939 541; baseline 0.019 -32"><span class='ocrx_word' id='word_1_501' title='bbox 2383 472 2522 513; x_wconf 89' lang='lat' dir='ltr'><strong>nunc</strong></span> <span class='ocrx_word' id='word_1_502' title='bbox 2547 474 2675 516; x_wconf 86' lang='lat' dir='ltr'><strong>vero</strong></span> <span class='ocrx_word' id='word_1_503' title='bbox 2698 466 2887 520; x_wconf 88' lang='lat' dir='ltr'><strong>cumis</strong></span> <span class='ocrx_word' id='word_1_504' title='bbox 2921 471 3008 538; x_wconf 88' lang='lat' dir='ltr'><strong>qui</strong></span> <span class='ocrx_word' id='word_1_505' title='bbox 3035 480 3116 524; x_wconf 86' lang='lat' dir='ltr'><strong>est</strong></span> <span class='ocrx_word' id='word_1_506' title='bbox 3144 472 3195 524; x_wconf 91' lang='lat' dir='ltr'><strong>in</strong></span> <span class='ocrx_word' id='word_1_507' title='bbox 3229 474 3487 541; x_wconf 86' lang='lat' dir='ltr'><strong>vinculis,</strong></span> <span class='ocrx_word' id='word_1_508' title='bbox 3535 476 3756 537; x_wconf 81' lang='lat' dir='ltr'><strong>liberius</strong></span> <span class='ocrx_word' id='word_1_509' title='bbox 3799 493 3851 537; x_wconf 88' lang='lat' dir='ltr'><strong>et</strong></span> <span class='ocrx_word' id='word_1_510' title='bbox 3882 489 3939 537; x_wconf 81' lang='lat' dir='ltr'><strong>tt-</strong></span> 
     </span>
    </p>
   </div>
   <div class='ocr_carea' id='block_1_64' title="bbox 2365 546 3942 640">
    <p class='ocr_par' dir='ltr' id='par_1_64' title="bbox 2365 546 3942 640">
     <span class='ocr_line' id='line_1_64' title="bbox 2365 546 3942 640; baseline 0.016 -39"><span class='ocrx_word' id='word_1_511' title='bbox 2365 546 2582 605; x_wconf 87' lang='lat' dir='ltr'><strong>dentius</strong></span> <span class='ocrx_word' id='word_1_512' title='bbox 2606 553 2745 624; x_wconf 88' lang='lat' dir='ltr'><strong>agit,</strong></span> <span class='ocrx_word' id='word_1_513' title='bbox 2788 557 2943 624; x_wconf 88' lang='lat' dir='ltr'><strong>longe</strong></span> <span class='ocrx_word' id='word_1_514' title='bbox 2968 561 3134 629; x_wconf 84' lang='lat' dir='ltr'><strong>magis</strong></span> <span class='ocrx_word' id='word_1_515' title='bbox 3163 563 3400 619; x_wconf 89' lang='lat' dir='ltr'><strong>animum</strong></span> <span class='ocrx_word' id='word_1_516' title='bbox 3447 567 3553 620; x_wconf 83' lang='lat' dir='ltr'><strong>illis</strong></span> <span class='ocrx_word' id='word_1_517' title='bbox 3579 570 3757 637; x_wconf 86' lang='lat' dir='ltr'><strong>addit,</strong></span> <span class='ocrx_word' id='word_1_518' title='bbox 3786 587 3942 640; x_wconf 82' lang='lat' dir='ltr'><strong>quam</strong></span> 
     </span>
    </p>
   </div>
   <div class='ocr_carea' id='block_1_65' title="bbox 2363 640 3944 733">
    <p class='ocr_par' dir='ltr' id='par_1_65' title="bbox 2363 640 3944 733">
     <span class='ocr_line' id='line_1_65' title="bbox 2363 640 3944 733; baseline 0.017 -40"><span class='ocrx_word' id='word_1_519' title='bbox 2363 641 2407 694; x_wconf 90' lang='lat' dir='ltr'><strong>si</strong></span> <span class='ocrx_word' id='word_1_520' title='bbox 2434 640 2643 699; x_wconf 84' lang='lat' dir='ltr'><strong>vinctus</strong></span> <span class='ocrx_word' id='word_1_521' title='bbox 2675 662 2780 730; x_wconf 78' lang='lat' dir='ltr'><strong>non</strong></span> <span class='ocrx_word' id='word_1_522' title='bbox 2803 659 2965 705; x_wconf 88' lang='lat' dir='ltr'><strong>esset.</strong></span> <span class='ocrx_word' id='word_1_523' title='bbox 3019 650 3126 707; x_wconf 89' lang='lat' dir='ltr'><strong>Sed</strong></span> <span class='ocrx_word' id='word_1_524' title='bbox 3163 657 3432 723; x_wconf 87' lang='lat' dir='ltr'><strong>quomodo</strong></span> <span class='ocrx_word' id='word_1_525' title='bbox 3462 658 3670 715; x_wconf 86' lang='lat' dir='ltr'><strong>vincula</strong></span> <span class='ocrx_word' id='word_1_526' title='bbox 3714 663 3780 717; x_wconf 86' lang='lat' dir='ltr'><strong>ad</strong></span> <span class='ocrx_word' id='word_1_527' title='bbox 3822 681 3944 733; x_wconf 86' lang='lat' dir='ltr'><strong>pro-</strong></span> 
     </span>
    </p>
   </div>
   <div class='ocr_carea' id='block_1_66' title="bbox 2362 740 3948 821">
    <p class='ocr_par' dir='ltr' id='par_1_66' title="bbox 2362 740 3948 821">
     <span class='ocr_line' id='line_1_66' title="bbox 2362 740 3948 821; baseline 0.015 -37"><span class='ocrx_word' id='word_1_528' title='bbox 2362 749 2601 799; x_wconf 81' lang='lat' dir='ltr'><strong>gressum</strong></span> <span class='ocrx_word' id='word_1_529' title='bbox 2625 740 2887 807; x_wconf 77' lang='lat' dir='ltr'><strong>evangelii</strong></span> <span class='ocrx_word' id='word_1_530' title='bbox 2932 740 3180 796; x_wconf 86' lang='lat' dir='ltr'><strong>fuerunt?</strong></span> <span class='ocrx_word' id='word_1_531' title='bbox 3202 745 3333 799; x_wconf 79' lang='lat' dir='ltr'><strong>‘lloc</strong></span> <span class='ocrx_word' id='word_1_532' title='bbox 3351 788 3368 811; x_wconf 88' lang='lat'><strong>,</strong></span> <span class='ocrx_word' id='word_1_533' title='bbox 3398 748 3603 819; x_wconf 88' lang='lat' dir='ltr'><strong>inquit,</strong></span> <span class='ocrx_word' id='word_1_534' title='bbox 3631 752 3948 821; x_wconf 83' lang='lat' dir='ltr'><strong>gubernavit</strong></span> 
     </span>
    </p>
   </div>
   <div class='ocr_carea' id='block_1_67' title="bbox 2366 823 3940 908">
    <p class='ocr_par' dir='ltr' id='par_1_67' title="bbox 2366 823 3940 908">
     <span class='ocr_line' id='line_1_67' title="bbox 2366 823 3940 908; baseline 0.015 -35"><span class='ocrx_word' id='word_1_535' title='bbox 2366 823 2526 885; x_wconf 85' lang='lat' dir='ltr'><strong>Deus,</strong></span> <span class='ocrx_word' id='word_1_536' title='bbox 2561 832 2615 877; x_wconf 90' lang='lat' dir='ltr'><strong>ut</strong></span> <span class='ocrx_word' id='word_1_537' title='bbox 2661 841 2734 883; x_wconf 88' lang='lat' dir='ltr'><strong>ne</strong></span> <span class='ocrx_word' id='word_1_538' title='bbox 2766 828 2993 883; x_wconf 85' lang='lat' dir='ltr'><strong>laterent</strong></span> <span class='ocrx_word' id='word_1_539' title='bbox 3034 847 3150 885; x_wconf 89' lang='lat' dir='ltr'><strong>mea</strong></span> <span class='ocrx_word' id='word_1_540' title='bbox 3179 834 3408 901; x_wconf 84' lang='lat' dir='ltr'><strong>vincula,</strong></span> <span class='ocrx_word' id='word_1_541' title='bbox 3439 854 3558 905; x_wconf 72' lang='lat' dir='ltr'><strong>qua:</strong></span> <span class='ocrx_word' id='word_1_542' title='bbox 3610 841 3662 893; x_wconf 88' lang='lat' dir='ltr'><strong>in</strong></span> <span class='ocrx_word' id='word_1_543' title='bbox 3690 828 3940 908; x_wconf 74' lang='lat' dir='ltr'><strong>Christo,</strong></span> 
     </span>
    </p>
   </div>
   <div class='ocr_carea' id='block_1_68' title="bbox 2362 913 3944 993">
    <p class='ocr_par' dir='ltr' id='par_1_68' title="bbox 2362 913 3944 993">
     <span class='ocr_line' id='line_1_68' title="bbox 2362 913 3944 993; baseline 0.015 -31"><span class='ocrx_word' id='word_1_544' title='bbox 2362 929 2479 978; x_wconf 67' lang='lat' dir='ltr'><strong>qua!</strong></span> <span class='ocrx_word' id='word_1_545' title='bbox 2510 927 2606 981; x_wconf 87' lang='lat' dir='ltr'><strong>per</strong></span> <span class='ocrx_word' id='word_1_546' title='bbox 2643 913 2953 985; x_wconf 90' lang='lat' dir='ltr'><strong>Christum,</strong></span> <span class='ocrx_word' id='word_1_547' title='bbox 3002 919 3067 972; x_wconf 87' lang='lat' dir='ltr'><strong>In</strong></span> <span class='ocrx_word' id='word_1_548' title='bbox 3112 924 3250 974; x_wconf 85' lang='lat' dir='ltr'><strong>omni</strong></span> <span class='ocrx_word' id='word_1_549' title='bbox 3296 928 3551 993; x_wconf 64' lang='lat' dir='ltr'><strong>praetorio.</strong></span> <span class='ocrx_word' id='word_1_550' title='bbox 3602 929 3749 984; x_wconf 88' lang='lat' dir='ltr'><strong>Tunc</strong></span> <span class='ocrx_word' id='word_1_551' title='bbox 3803 934 3944 986; x_wconf 87' lang='lat' dir='ltr'><strong>enim</strong></span> 
     </span>
    </p>
   </div>
   <div class='ocr_carea' id='block_1_69' title="bbox 2367 1004 3945 1091">
    <p class='ocr_par' dir='ltr' id='par_1_69' title="bbox 2367 1004 3945 1091">
     <span class='ocr_line' id='line_1_69' title="bbox 2367 1004 3945 1091; baseline 0.015 -38"><span class='ocrx_word' id='word_1_552' title='bbox 2367 1004 2465 1056; x_wconf 88' lang='lat' dir='ltr'><strong>hoc</strong></span> <span class='ocrx_word' id='word_1_553' title='bbox 2511 1007 2727 1060; x_wconf 87' lang='lat' dir='ltr'><strong>nomine</strong></span> <span class='ocrx_word' id='word_1_554' title='bbox 2768 1012 2945 1077; x_wconf 79' lang='lat' dir='ltr'><strong>regias</strong></span> <span class='ocrx_word' id='word_1_555' title='bbox 2986 1014 3344 1091; x_wconf 85' lang='lat' dir='ltr'><strong>appellabant.</strong></span> <span class='ocrx_word' id='word_1_556' title='bbox 3380 1016 3563 1088; x_wconf 79' lang='lat' dir='ltr'><strong>Neque</strong></span> <span class='ocrx_word' id='word_1_557' title='bbox 3610 1038 3737 1076; x_wconf 83' lang='lat' dir='ltr'><strong>vero</strong></span> <span class='ocrx_word' id='word_1_558' title='bbox 3774 1025 3945 1078; x_wconf 89' lang='lat' dir='ltr'><strong>solum</strong></span> 
     </span>
    </p>
   </div>
   <div class='ocr_carea' id='block_1_70' title="bbox 2365 1094 3942 1171">
    <p class='ocr_par' dir='ltr' id='par_1_70' title="bbox 2365 1094 3942 1171">
     <span class='ocr_line' id='line_1_70' title="bbox 2365 1094 3942 1171; baseline 0.015 -25"><span class='ocrx_word' id='word_1_559' title='bbox 2365 1094 2566 1164; x_wconf 86' lang='lat' dir='ltr'><strong>inquit,</strong></span> <span class='ocrx_word' id='word_1_560' title='bbox 2600 1095 2662 1150; x_wconf 84' lang='lat' dir='ltr'><strong>In</strong></span> <span class='ocrx_word' id='word_1_561' title='bbox 2695 1103 2969 1167; x_wconf 70' lang='lat' dir='ltr'><strong>praetorio,</strong></span> <span class='ocrx_word' id='word_1_562' title='bbox 3002 1105 3094 1157; x_wconf 85' lang='lat' dir='ltr'><strong>sed</strong></span> <span class='ocrx_word' id='word_1_563' title='bbox 3125 1106 3309 1171; x_wconf 87' lang='lat' dir='ltr'><strong>etiam,</strong></span> <span class='ocrx_word' id='word_1_564' title='bbox 3344 1107 3398 1160; x_wconf 89' lang='lat' dir='ltr'><strong>lu</strong></span> <span class='ocrx_word' id='word_1_565' title='bbox 3431 1111 3676 1165; x_wconf 82' lang='lat' dir='ltr'><strong>universa</strong></span> <span class='ocrx_word' id='word_1_566' title='bbox 3710 1115 3942 1169; x_wconf 74' lang='lat' dir='ltr'><strong>civitate.</strong></span> 
     </span>
    </p>
   </div>
   <div class='ocr_carea' id='block_1_71' title="bbox 2368 1185 3944 1267">
    <p class='ocr_par' dir='ltr' id='par_1_71' title="bbox 2368 1185 3944 1267">
     <span class='ocr_line' id='line_1_71' title="bbox 2368 1185 3944 1267; baseline 0.015 -31"><span class='ocrx_word' id='word_1_567' title='bbox 2368 1187 2451 1239; x_wconf 75' lang='lat' dir='ltr'><strong>ll.</strong></span> <span class='ocrx_word' id='word_1_568' title='bbox 2490 1185 2552 1239; x_wconf 74' lang='grc' dir='ltr'><strong>Ιῖε</strong></span> <span class='ocrx_word' id='word_1_569' title='bbox 2577 1188 2745 1254; x_wconf 86' lang='lat' dir='ltr'><strong>plures</strong></span> <span class='ocrx_word' id='word_1_570' title='bbox 2776 1206 2801 1242; x_wconf 88' lang='lat' dir='ltr'><strong>e</strong></span> <span class='ocrx_word' id='word_1_571' title='bbox 2832 1190 3074 1259; x_wconf 81' lang='lat' dir='ltr'><strong>fratribus</strong></span> <span class='ocrx_word' id='word_1_572' title='bbox 3097 1196 3148 1247; x_wconf 85' lang='lat' dir='ltr'><strong>in</strong></span> <span class='ocrx_word' id='word_1_573' title='bbox 3180 1194 3399 1251; x_wconf 82' lang='lat' dir='ltr'><strong>Domino</strong></span> <span class='ocrx_word' id='word_1_574' title='bbox 3421 1203 3727 1267; x_wconf 78' lang='lat' dir='ltr'><strong>conﬁdentes</strong></span> <span class='ocrx_word' id='word_1_575' title='bbox 3752 1208 3805 1258; x_wconf 85' lang='lat' dir='ltr'><strong>in</strong></span> <span class='ocrx_word' id='word_1_576' title='bbox 3837 1208 3944 1258; x_wconf 79' lang='lat' dir='ltr'><strong>cin-</strong></span> 
     </span>
    </p>
   </div>
   <div class='ocr_carea' id='block_1_72' title="bbox 2365 1277 3947 1348">
    <p class='ocr_par' dir='ltr' id='par_1_72' title="bbox 2365 1277 3947 1348">
     <span class='ocr_line' id='line_1_72' title="bbox 2365 1277 3947 1348; baseline 0.014 -22"><span class='ocrx_word' id='word_1_577' title='bbox 2365 1277 2491 1327; x_wconf 80' lang='lat' dir='ltr'><strong>culis</strong></span> <span class='ocrx_word' id='word_1_578' title='bbox 2538 1279 2657 1330; x_wconf 81' lang='lat' dir='ltr'><strong>meis</strong></span> <span class='ocrx_word' id='word_1_579' title='bbox 2682 1318 2697 1343; x_wconf 93' lang='lat'><strong>,</strong></span> <span class='ocrx_word' id='word_1_580' title='bbox 2751 1279 3089 1337; x_wconf 85' lang='lat' dir='ltr'><strong>abundantius</strong></span> <span class='ocrx_word' id='word_1_581' title='bbox 3131 1287 3373 1340; x_wconf 85' lang='lat' dir='ltr'><strong>auderent</strong></span> <span class='ocrx_word' id='word_1_582' title='bbox 3398 1289 3506 1343; x_wconf 81' lang='lat' dir='ltr'><strong>sine</strong></span> <span class='ocrx_word' id='word_1_583' title='bbox 3544 1292 3720 1346; x_wconf 86' lang='lat' dir='ltr'><strong>timore</strong></span> <span class='ocrx_word' id='word_1_584' title='bbox 3747 1300 3947 1348; x_wconf 82' lang='lat' dir='ltr'><strong>verbum</strong></span> 
     </span>
    </p>
   </div>
   <div class='ocr_carea' id='block_1_73' title="bbox 2366 1369 3947 1441">
    <p class='ocr_par' dir='ltr' id='par_1_73' title="bbox 2366 1369 3947 1441">
     <span class='ocr_line' id='line_1_73' title="bbox 2366 1369 3947 1441; baseline 0.013 -20"><span class='ocrx_word' id='word_1_585' title='bbox 2366 1369 2519 1435; x_wconf 81' lang='lat' dir='ltr'><strong>loqui.</strong></span> <span class='ocrx_word' id='word_1_586' title='bbox 2591 1370 2681 1424; x_wconf 87' lang='lat' dir='ltr'><strong>llis</strong></span> <span class='ocrx_word' id='word_1_587' title='bbox 2731 1373 2906 1427; x_wconf 82' lang='lat' dir='ltr'><strong>verbis</strong></span> <span class='ocrx_word' id='word_1_588' title='bbox 2960 1376 3194 1429; x_wconf 80' lang='lat' dir='ltr'><strong>OSlelldll</strong></span> <span class='ocrx_word' id='word_1_589' title='bbox 3251 1388 3304 1433; x_wconf 82' lang='lat' dir='ltr'><strong>et</strong></span> <span class='ocrx_word' id='word_1_590' title='bbox 3349 1390 3503 1435; x_wconf 87' lang='lat' dir='ltr'><strong>antea</strong></span> <span class='ocrx_word' id='word_1_591' title='bbox 3555 1381 3782 1439; x_wconf 82' lang='lat' dir='ltr'><strong>ﬁdenter</strong></span> <span class='ocrx_word' id='word_1_592' title='bbox 3830 1387 3947 1441; x_wconf 85' lang='lat' dir='ltr'><strong>illos</strong></span> 
     </span>
    </p>
   </div>
   <div class='ocr_carea' id='block_1_74' title="bbox 2365 1464 3945 1546">
    <p class='ocr_par' dir='ltr' id='par_1_74' title="bbox 2365 1464 3945 1546">
     <span class='ocr_line' id='line_1_74' title="bbox 2365 1464 3945 1546; baseline 0.01 -32"><span class='ocrx_word' id='word_1_593' title='bbox 2365 1464 2537 1531; x_wconf 83' lang='lat' dir='ltr'><strong>egisse</strong></span> <span class='ocrx_word' id='word_1_594' title='bbox 2580 1479 2641 1518; x_wconf 87' lang='lat' dir='ltr'><strong>ac</strong></span> <span class='ocrx_word' id='word_1_595' title='bbox 2686 1466 2848 1520; x_wconf 87' lang='lat' dir='ltr'><strong>libere</strong></span> <span class='ocrx_word' id='word_1_596' title='bbox 2879 1468 3229 1534; x_wconf 84' lang='lat' dir='ltr'><strong>disseruisse,</strong></span> <span class='ocrx_word' id='word_1_597' title='bbox 3263 1470 3356 1526; x_wconf 84' lang='lat' dir='ltr'><strong>sed</strong></span> <span class='ocrx_word' id='word_1_598' title='bbox 3388 1488 3531 1526; x_wconf 91' lang='lat' dir='ltr'><strong>nunc</strong></span> <span class='ocrx_word' id='word_1_599' title='bbox 3560 1476 3724 1529; x_wconf 88' lang='lat' dir='ltr'><strong>multo</strong></span> <span class='ocrx_word' id='word_1_600' title='bbox 3757 1481 3945 1546; x_wconf 81' lang='lat' dir='ltr'><strong>magis.</strong></span> 
     </span>
    </p>
   </div>
   <div class='ocr_carea' id='block_1_75' title="bbox 2367 1554 3943 1635">
    <p class='ocr_par' dir='ltr' id='par_1_75' title="bbox 2367 1554 3943 1635">
     <span class='ocr_line' id='line_1_75' title="bbox 2367 1554 3943 1635; baseline 0.009 -29"><span class='ocrx_word' id='word_1_601' title='bbox 2367 1554 2545 1622; x_wconf 85' lang='lat' dir='ltr'><strong>Ergo,</strong></span> <span class='ocrx_word' id='word_1_602' title='bbox 2588 1556 2631 1607; x_wconf 89' lang='lat' dir='ltr'><strong>si</strong></span> <span class='ocrx_word' id='word_1_603' title='bbox 2682 1557 2769 1610; x_wconf 87' lang='lat' dir='ltr'><strong>alii</strong></span> <span class='ocrx_word' id='word_1_604' title='bbox 2799 1568 3020 1626; x_wconf 83' lang='lat' dir='ltr'><strong>propter</strong></span> <span class='ocrx_word' id='word_1_605' title='bbox 3051 1575 3167 1613; x_wconf 85' lang='lat' dir='ltr'><strong>mea</strong></span> <span class='ocrx_word' id='word_1_606' title='bbox 3215 1562 3424 1614; x_wconf 85' lang='lat' dir='ltr'><strong>vincula</strong></span> <span class='ocrx_word' id='word_1_607' title='bbox 3477 1563 3700 1620; x_wconf 78' lang='lat' dir='ltr'><strong>ﬁdenter</strong></span> <span class='ocrx_word' id='word_1_608' title='bbox 3748 1578 3943 1635; x_wconf 84' lang='lat' dir='ltr'><strong>agunt,</strong></span> 
     </span>
    </p>
   </div>
   <div class='ocr_carea' id='block_1_76' title="bbox 2368 1643 3947 1716">
    <p class='ocr_par' dir='ltr' id='par_1_76' title="bbox 2368 1643 3947 1716">
     <span class='ocr_line' id='line_1_76' title="bbox 2368 1643 3947 1716; baseline 0.01 -23"><span class='ocrx_word' id='word_1_609' title='bbox 2368 1643 2535 1695; x_wconf 88' lang='lat' dir='ltr'><strong>multo</strong></span> <span class='ocrx_word' id='word_1_610' title='bbox 2562 1647 2729 1713; x_wconf 86' lang='lat' dir='ltr'><strong>magis</strong></span> <span class='ocrx_word' id='word_1_611' title='bbox 2757 1661 2892 1715; x_wconf 87' lang='lat' dir='ltr'><strong>ego;</strong></span> <span class='ocrx_word' id='word_1_612' title='bbox 2924 1647 2965 1699; x_wconf 87' lang='lat' dir='ltr'><strong>si</strong></span> <span class='ocrx_word' id='word_1_613' title='bbox 3001 1648 3118 1701; x_wconf 87' lang='lat' dir='ltr'><strong>aliis</strong></span> <span class='ocrx_word' id='word_1_614' title='bbox 3151 1648 3380 1703; x_wconf 76' lang='lat' dir='ltr'><strong>fidentia:</strong></span> <span class='ocrx_word' id='word_1_615' title='bbox 3408 1666 3569 1706; x_wconf 87' lang='lat' dir='ltr'><strong>causa</strong></span> <span class='ocrx_word' id='word_1_616' title='bbox 3607 1669 3745 1716; x_wconf 85' lang='lat' dir='ltr'><strong>sum.</strong></span> <span class='ocrx_word' id='word_1_617' title='bbox 3778 1656 3947 1709; x_wconf 84' lang='lat' dir='ltr'><strong>multo</strong></span> 
     </span>
    </p>
   </div>
   <div class='ocr_carea' id='block_1_77' title="bbox 2348 1734 3948 1811">
    <p class='ocr_par' dir='ltr' id='par_1_77' title="bbox 2348 1734 3948 1811">
     <span class='ocr_line' id='line_1_77' title="bbox 2348 1734 3948 1811; baseline 0.006 -26"><span class='ocrx_word' id='word_1_618' title='bbox 2348 1736 2537 1801; x_wconf 49' lang='lat' dir='ltr'><strong>.magis</strong></span> <span class='ocrx_word' id='word_1_619' title='bbox 2570 1734 2697 1786; x_wconf 85' lang='lat' dir='ltr'><strong>mihi</strong></span> <span class='ocrx_word' id='word_1_620' title='bbox 2723 1735 2841 1803; x_wconf 83' lang='lat' dir='ltr'><strong>ipsi.</strong></span> <span class='ocrx_word' id='word_1_621' title='bbox 2877 1734 2940 1787; x_wconf 78' lang='lat' dir='ltr'><strong>Et</strong></span> <span class='ocrx_word' id='word_1_622' title='bbox 2962 1738 3131 1805; x_wconf 76' lang='lat' dir='ltr'><strong>plures</strong></span> <span class='ocrx_word' id='word_1_623' title='bbox 3154 1757 3180 1792; x_wconf 90' lang='lat' dir='ltr'><strong>e</strong></span> <span class='ocrx_word' id='word_1_624' title='bbox 3206 1740 3445 1807; x_wconf 78' lang='lat' dir='ltr'><strong>fratribus</strong></span> <span class='ocrx_word' id='word_1_625' title='bbox 3475 1742 3524 1795; x_wconf 83' lang='lat' dir='ltr'><strong>in</strong></span> <span class='ocrx_word' id='word_1_626' title='bbox 3551 1741 3788 1797; x_wconf 83' lang='lat' dir='ltr'><strong>Domino.</strong></span> <span class='ocrx_word' id='word_1_627' title='bbox 3808 1745 3948 1811; x_wconf 66' lang='lat' dir='ltr'><strong>Quo.</strong></span> 
     </span>
    </p>
   </div>
   <div class='ocr_carea' id='block_1_78' title="bbox 2370 1825 3944 1894">
    <p class='ocr_par' dir='ltr' id='par_1_78' title="bbox 2370 1825 3944 1894">
     <span class='ocr_line' id='line_1_78' title="bbox 2370 1825 3944 1894; baseline 0.009 -18"><span class='ocrx_word' id='word_1_628' title='bbox 2370 1825 2508 1877; x_wconf 84' lang='lat' dir='ltr'><strong>uiam</strong></span> <span class='ocrx_word' id='word_1_629' title='bbox 2540 1841 2785 1894; x_wconf 86' lang='lat' dir='ltr'><strong>magnum</strong></span> <span class='ocrx_word' id='word_1_630' title='bbox 2830 1826 2975 1880; x_wconf 88' lang='lat' dir='ltr'><strong>dictu</strong></span> <span class='ocrx_word' id='word_1_631' title='bbox 3004 1838 3139 1891; x_wconf 85' lang='lat' dir='ltr'><strong>erat,</strong></span> <span class='ocrx_word' id='word_1_632' title='bbox 3188 1846 3305 1883; x_wconf 88' lang='lat' dir='ltr'><strong>mea</strong></span> <span class='ocrx_word' id='word_1_633' title='bbox 3336 1833 3439 1886; x_wconf 89' lang='lat' dir='ltr'><strong>illis</strong></span> <span class='ocrx_word' id='word_1_634' title='bbox 3471 1835 3673 1889; x_wconf 74' lang='lat' dir='ltr'><strong>vincula</strong></span> <span class='ocrx_word' id='word_1_635' title='bbox 3714 1840 3944 1890; x_wconf 86' lang='lat' dir='ltr'><strong>animum</strong></span> 
     </span>
    </p>
   </div>
   <div class='ocr_carea' id='block_1_79' title="bbox 2372 1912 3949 1991">
    <p class='ocr_par' dir='ltr' id='par_1_79' title="bbox 2372 1912 3949 1991">
     <span class='ocr_line' id='line_1_79' title="bbox 2372 1912 3949 1991; baseline 0.008 -23"><span class='ocrx_word' id='word_1_636' title='bbox 2372 1912 2667 1979; x_wconf 79' lang='lat' dir='ltr'><strong>addidisse;</strong></span> <span class='ocrx_word' id='word_1_637' title='bbox 2694 1928 2971 1986; x_wconf 84' lang='lat' dir='ltr'><strong>propterea</strong></span> <span class='ocrx_word' id='word_1_638' title='bbox 3003 1935 3271 1991; x_wconf 85' lang='lat' dir='ltr'><strong>occupans</strong></span> <span class='ocrx_word' id='word_1_639' title='bbox 3300 1923 3455 1988; x_wconf 76' lang='lat' dir='ltr'><strong>dixit,</strong></span> <span class='ocrx_word' id='word_1_640' title='bbox 3488 1924 3554 1977; x_wconf 84' lang='lat' dir='ltr'><strong>In</strong></span> <span class='ocrx_word' id='word_1_641' title='bbox 3584 1925 3825 1980; x_wconf 85' lang='lat' dir='ltr'><strong>Domino.</strong></span> <span class='ocrx_word' id='word_1_642' title='bbox 3866 1929 3949 1980; x_wconf 65' lang='grc' dir='ltr'><strong>νὶ-</strong></span> 
     </span>
    </p>
   </div>
   <div class='ocr_carea' id='block_1_80' title="bbox 2370 2007 3948 2084">
    <p class='ocr_par' dir='ltr' id='par_1_80' title="bbox 2370 2007 3948 2084">
     <span class='ocr_line' id='line_1_80' title="bbox 2370 2007 3948 2084; baseline 0.007 -24"><span class='ocrx_word' id='word_1_643' title='bbox 2370 2007 2465 2061; x_wconf 87' lang='lat' dir='ltr'><strong>des</strong></span> <span class='ocrx_word' id='word_1_644' title='bbox 2492 2011 2811 2063; x_wconf 77' lang='lat' dir='ltr'><strong>necessitate</strong></span> <span class='ocrx_word' id='word_1_645' title='bbox 2858 2013 3020 2064; x_wconf 88' lang='lat' dir='ltr'><strong>etiam</strong></span> <span class='ocrx_word' id='word_1_646' title='bbox 3069 2012 3164 2079; x_wconf 86' lang='lat' dir='ltr'><strong>ipsi</strong></span> <span class='ocrx_word' id='word_1_647' title='bbox 3196 2013 3440 2077; x_wconf 85' lang='lat' dir='ltr'><strong>imposita</strong></span> <span class='ocrx_word' id='word_1_648' title='bbox 3486 2018 3763 2084; x_wconf 86' lang='lat' dir='ltr'><strong>magnifice</strong></span> <span class='ocrx_word' id='word_1_649' title='bbox 3792 2018 3859 2070; x_wconf 86' lang='lat' dir='ltr'><strong>de</strong></span> <span class='ocrx_word' id='word_1_650' title='bbox 3893 2036 3948 2072; x_wconf 84' lang='lat' dir='ltr'><strong>se</strong></span> 
     </span>
    </p>
   </div>
   <div class='ocr_carea' id='block_1_81' title="bbox 2373 2097 3948 2167">
    <p class='ocr_par' dir='ltr' id='par_1_81' title="bbox 2373 2097 3948 2167">
     <span class='ocr_line' id='line_1_81' title="bbox 2373 2097 3948 2167; baseline 0.006 -17"><span class='ocrx_word' id='word_1_651' title='bbox 2373 2097 2662 2166; x_wconf 86' lang='lat' dir='ltr'><strong>loquendi,</strong></span> <span class='ocrx_word' id='word_1_652' title='bbox 2691 2115 2848 2167; x_wconf 82' lang='lat' dir='ltr'><strong>quant</strong></span> <span class='ocrx_word' id='word_1_653' title='bbox 2899 2110 3073 2153; x_wconf 87' lang='lat' dir='ltr'><strong>tamen</strong></span> <span class='ocrx_word' id='word_1_654' title='bbox 3122 2103 3399 2157; x_wconf 62' lang='lat' dir='ltr'><strong>modestia:</strong></span> <span class='ocrx_word' id='word_1_655' title='bbox 3428 2120 3534 2159; x_wconf 88' lang='lat' dir='ltr'><strong>non</strong></span> <span class='ocrx_word' id='word_1_656' title='bbox 3565 2106 3908 2161; x_wconf 77' lang='lat' dir='ltr'><strong>obliviscatur</strong></span> <span class='ocrx_word' id='word_1_657' title='bbox 3928 2112 3948 2159; x_wconf 67' lang='grc' dir='ltr'><strong>’ἐ</strong></span> 
     </span>
    </p>
   </div>
   <div class='ocr_carea' id='block_1_82' title="bbox 2376 2190 3946 2261">
    <p class='ocr_par' dir='ltr' id='par_1_82' title="bbox 2376 2190 3946 2261">
     <span class='ocr_line' id='line_1_82' title="bbox 2376 2190 3946 2261; baseline 0.008 -21"><span class='ocrx_word' id='word_1_658' title='bbox 2376 2190 2727 2257; x_wconf 73' lang='grc' dir='ltr'><strong>Λριιηάαητὶιιδ</strong></span> <span class='ocrx_word' id='word_1_659' title='bbox 2756 2192 3019 2255; x_wconf 86' lang='lat' dir='ltr'><strong>auderent,</strong></span> <span class='ocrx_word' id='word_1_660' title='bbox 3056 2194 3244 2261; x_wconf 88' lang='lat' dir='ltr'><strong>inquit,</strong></span> <span class='ocrx_word' id='word_1_661' title='bbox 3289 2196 3398 2249; x_wconf 84' lang='lat' dir='ltr'><strong>sine</strong></span> <span class='ocrx_word' id='word_1_662' title='bbox 3422 2198 3598 2251; x_wconf 85' lang='lat' dir='ltr'><strong>timore</strong></span> <span class='ocrx_word' id='word_1_663' title='bbox 3641 2199 3840 2251; x_wconf 77' lang='lat' dir='ltr'><strong>rerlmnt</strong></span> <span class='ocrx_word' id='word_1_664' title='bbox 3873 2200 3946 2252; x_wconf 70' lang='grc' dir='ltr'><strong>ιο.</strong></span> 
     </span>
    </p>
   </div>
   <div class='ocr_carea' id='block_1_83' title="bbox 2373 2279 3947 2358">
    <p class='ocr_par' dir='ltr' id='par_1_83' title="bbox 2373 2279 3947 2358">
     <span class='ocr_line' id='line_1_83' title="bbox 2373 2279 3947 2358; baseline 0.008 -29"><span class='ocrx_word' id='word_1_665' title='bbox 2373 2281 2476 2347; x_wconf 85' lang='lat' dir='ltr'><strong>qui.</strong></span> <span class='ocrx_word' id='word_1_666' title='bbox 2508 2279 2637 2339; x_wconf 86' lang='lat' dir='ltr'><strong>Uum</strong></span> <span class='ocrx_word' id='word_1_667' title='bbox 2668 2280 2855 2355; x_wconf 48' lang='lat' dir='ltr'><strong>inﬁcit,</strong></span> <span class='ocrx_word' id='word_1_668' title='bbox 2887 2282 3257 2348; x_wconf 75' lang='lat' dir='ltr'><strong>Abundantius,</strong></span> <span class='ocrx_word' id='word_1_669' title='bbox 3280 2286 3407 2358; x_wconf 59' lang='lat' dir='ltr'><strong>satis</strong></span> <span class='ocrx_word' id='word_1_670' title='bbox 3438 2285 3653 2347; x_wconf 82' lang='lat' dir='ltr'><strong>indicat,</strong></span> <span class='ocrx_word' id='word_1_671' title='bbox 3679 2288 3947 2355; x_wconf 86' lang='lat' dir='ltr'><strong>illosjam-</strong></span> 
     </span>
    </p>
   </div>
   <div class='ocr_carea' id='block_1_84' title="bbox 2377 2366 3947 2444">
    <p class='ocr_par' dir='ltr' id='par_1_84' title="bbox 2377 2366 3947 2444">
     <span class='ocr_line' id='line_1_84' title="bbox 2377 2366 3947 2444; baseline 0.009 -29"><span class='ocrx_word' id='word_1_672' title='bbox 2377 2366 2579 2433; x_wconf 81' lang='lat' dir='ltr'><strong>pridem</strong></span> <span class='ocrx_word' id='word_1_673' title='bbox 2609 2370 2856 2435; x_wconf 71' lang='lat' dir='ltr'><strong>CthiSSC.</strong></span> <span class='ocrx_word' id='word_1_674' title='bbox 2892 2372 2977 2425; x_wconf 73' lang='grc'><strong>13.</strong></span> <span class='ocrx_word' id='word_1_675' title='bbox 3012 2371 3227 2434; x_wconf 81' lang='lat' dir='ltr'><strong>Quidam</strong></span> <span class='ocrx_word' id='word_1_676' title='bbox 3252 2375 3450 2441; x_wconf 84' lang='lat' dir='ltr'><strong>quidem</strong></span> <span class='ocrx_word' id='word_1_677' title='bbox 3478 2388 3684 2444; x_wconf 74' lang='lat' dir='ltr'><strong>propter</strong></span> <span class='ocrx_word' id='word_1_678' title='bbox 3712 2378 3947 2430; x_wconf 74' lang='lat' dir='ltr'><strong>incidimn</strong></span> 
     </span>
    </p>
   </div>
   <div class='ocr_carea' id='block_1_85' title="bbox 2376 2459 3949 2533">
    <p class='ocr_par' dir='ltr' id='par_1_85' title="bbox 2376 2459 3949 2533">
     <span class='ocr_line' id='line_1_85' title="bbox 2376 2459 3949 2533; baseline 0.008 -25"><span class='ocrx_word' id='word_1_679' title='bbox 2376 2467 2422 2509; x_wconf 89' lang='lat' dir='ltr'><strong>et</strong></span> <span class='ocrx_word' id='word_1_680' title='bbox 2451 2459 2835 2522; x_wconf 80' lang='lat' dir='ltr'><strong>contentionem,</strong></span> <span class='ocrx_word' id='word_1_681' title='bbox 2865 2460 3071 2528; x_wconf 83' lang='lat' dir='ltr'><strong>quidam</strong></span> <span class='ocrx_word' id='word_1_682' title='bbox 3115 2478 3228 2514; x_wconf 84' lang='lat' dir='ltr'><strong>vero</strong></span> <span class='ocrx_word' id='word_1_683' title='bbox 3259 2472 3305 2515; x_wconf 89' lang='lat' dir='ltr'><strong>et</strong></span> <span class='ocrx_word' id='word_1_684' title='bbox 3333 2475 3539 2533; x_wconf 84' lang='lat' dir='ltr'><strong>propter</strong></span> <span class='ocrx_word' id='word_1_685' title='bbox 3566 2466 3745 2519; x_wconf 81' lang='lat' dir='ltr'><strong>bonam</strong></span> <span class='ocrx_word' id='word_1_686' title='bbox 3773 2468 3949 2520; x_wconf 81' lang='lat' dir='ltr'><strong>volun-</strong></span> 
     </span>
    </p>
   </div>
   <div class='ocr_carea' id='block_1_86' title="bbox 2380 2547 3953 2623">
    <p class='ocr_par' dir='ltr' id='par_1_86' title="bbox 2380 2547 3953 2623">
     <span class='ocr_line' id='line_1_86' title="bbox 2380 2547 3953 2623; baseline 0.008 -24"><span class='ocrx_word' id='word_1_687' title='bbox 2380 2557 2529 2600; x_wconf 85' lang='lat' dir='ltr'><strong>tatem</strong></span> <span class='ocrx_word' id='word_1_688' title='bbox 2592 2547 2842 2602; x_wconf 81' lang='lat' dir='ltr'><strong>Christum</strong></span> <span class='ocrx_word' id='word_1_689' title='bbox 2891 2552 3188 2619; x_wconf 76' lang='lat' dir='ltr'><strong>prwdicant.</strong></span> <span class='ocrx_word' id='word_1_690' title='bbox 3255 2552 3443 2621; x_wconf 78' lang='lat' dir='ltr'><strong>Opera:</strong></span> <span class='ocrx_word' id='word_1_691' title='bbox 3503 2556 3726 2623; x_wconf 86' lang='lat' dir='ltr'><strong>pretium</strong></span> <span class='ocrx_word' id='word_1_692' title='bbox 3798 2558 3953 2612; x_wconf 83' lang='lat' dir='ltr'><strong>fuerit</strong></span> 
     </span>
    </p>
   </div>
   <div class='ocr_carea' id='block_1_87' title="bbox 2384 2638 3954 2707">
    <p class='ocr_par' dir='ltr' id='par_1_87' title="bbox 2384 2638 3954 2707">
     <span class='ocr_line' id='line_1_87' title="bbox 2384 2638 3954 2707; baseline 0.008 -18"><span class='ocrx_word' id='word_1_693' title='bbox 2384 2644 2727 2705; x_wconf 77' lang='lat' dir='ltr'><strong>cognoscere,</strong></span> <span class='ocrx_word' id='word_1_694' title='bbox 2759 2638 2883 2707; x_wconf 89' lang='lat' dir='ltr'><strong>quid</strong></span> <span class='ocrx_word' id='word_1_695' title='bbox 2918 2640 3017 2693; x_wconf 92' lang='lat' dir='ltr'><strong>hoc</strong></span> <span class='ocrx_word' id='word_1_696' title='bbox 3061 2643 3149 2694; x_wconf 86' lang='lat' dir='ltr'><strong>sit.</strong></span> <span class='ocrx_word' id='word_1_697' title='bbox 3180 2640 3311 2696; x_wconf 88' lang='lat' dir='ltr'><strong>Cum</strong></span> <span class='ocrx_word' id='word_1_698' title='bbox 3356 2642 3406 2697; x_wconf 90' lang='lat' dir='ltr'><strong>in</strong></span> <span class='ocrx_word' id='word_1_699' title='bbox 3437 2645 3663 2698; x_wconf 83' lang='lat' dir='ltr'><strong>vinculis</strong></span> <span class='ocrx_word' id='word_1_700' title='bbox 3690 2646 3954 2701; x_wconf 82' lang='lat' dir='ltr'><strong>detinere-</strong></span> 
     </span>
    </p>
   </div>
   <div class='ocr_carea' id='block_1_88' title="bbox 2382 2728 3951 2804">
    <p class='ocr_par' dir='ltr' id='par_1_88' title="bbox 2382 2728 3951 2804">
     <span class='ocr_line' id='line_1_88' title="bbox 2382 2728 3951 2804; baseline 0.006 -21"><span class='ocrx_word' id='word_1_701' title='bbox 2382 2740 2466 2783; x_wconf 87' lang='lat' dir='ltr'><strong>tur</strong></span> <span class='ocrx_word' id='word_1_702' title='bbox 2492 2728 2705 2798; x_wconf 83' lang='lat' dir='ltr'><strong>Paulus,</strong></span> <span class='ocrx_word' id='word_1_703' title='bbox 2733 2731 2881 2783; x_wconf 89' lang='lat' dir='ltr'><strong>multi</strong></span> <span class='ocrx_word' id='word_1_704' title='bbox 2919 2745 2982 2786; x_wconf 80' lang='lat' dir='ltr'><strong>ex</strong></span> <span class='ocrx_word' id='word_1_705' title='bbox 3012 2732 3313 2788; x_wconf 80' lang='lat' dir='ltr'><strong>inﬁdelibus</strong></span> <span class='ocrx_word' id='word_1_706' title='bbox 3342 2737 3621 2804; x_wconf 82' lang='lat' dir='ltr'><strong>cupientes</strong></span> <span class='ocrx_word' id='word_1_707' title='bbox 3664 2754 3784 2793; x_wconf 86' lang='lat' dir='ltr'><strong>acre</strong></span> <span class='ocrx_word' id='word_1_708' title='bbox 3839 2741 3951 2793; x_wconf 86' lang='lat' dir='ltr'><strong>bel-</strong></span> 
     </span>
    </p>
   </div>
   <div class='ocr_carea' id='block_1_89' title="bbox 2382 2821 3952 2897">
    <p class='ocr_par' dir='ltr' id='par_1_89' title="bbox 2382 2821 3952 2897">
     <span class='ocr_line' id='line_1_89' title="bbox 2382 2821 3952 2897; baseline 0.008 -28"><span class='ocrx_word' id='word_1_709' title='bbox 2382 2821 2489 2873; x_wconf 89' lang='lat' dir='ltr'><strong>lum</strong></span> <span class='ocrx_word' id='word_1_710' title='bbox 2548 2823 2613 2875; x_wconf 87' lang='lat' dir='ltr'><strong>ab</strong></span> <span class='ocrx_word' id='word_1_711' title='bbox 2668 2824 2994 2892; x_wconf 76' lang='lat' dir='ltr'><strong>imperatore</strong></span> <span class='ocrx_word' id='word_1_712' title='bbox 3050 2823 3304 2878; x_wconf 80' lang='lat' dir='ltr'><strong>adversus</strong></span> <span class='ocrx_word' id='word_1_713' title='bbox 3352 2826 3797 2891; x_wconf 71' lang='lat' dir='ltr'><strong>illumcxritare,</strong></span> <span class='ocrx_word' id='word_1_714' title='bbox 3860 2831 3952 2897; x_wconf 86' lang='lat' dir='ltr'><strong>ipsi</strong></span> 
     </span>
    </p>
   </div>
   <div class='ocr_carea' id='block_1_90' title="bbox 2380 2912 3952 2987">
    <p class='ocr_par' dir='ltr' id='par_1_90' title="bbox 2380 2912 3952 2987">
     <span class='ocr_line' id='line_1_90' title="bbox 2380 2912 3952 2987; baseline 0.009 -25"><span class='ocrx_word' id='word_1_715' title='bbox 2380 2928 2590 2980; x_wconf 87' lang='lat' dir='ltr'><strong>quoque</strong></span> <span class='ocrx_word' id='word_1_716' title='bbox 2619 2912 2887 2967; x_wconf 82' lang='lat' dir='ltr'><strong>Christum</strong></span> <span class='ocrx_word' id='word_1_717' title='bbox 2944 2915 3346 2987; x_wconf 67' lang='lat' dir='ltr'><strong>przcdieabant,</strong></span> <span class='ocrx_word' id='word_1_718' title='bbox 3399 2927 3454 2970; x_wconf 90' lang='lat' dir='ltr'><strong>ut</strong></span> <span class='ocrx_word' id='word_1_719' title='bbox 3492 2918 3830 2985; x_wconf 69' lang='lat' dir='ltr'><strong>Imperatoris</strong></span> <span class='ocrx_word' id='word_1_720' title='bbox 3882 2923 3952 2975; x_wconf 81' lang='lat' dir='ltr'><strong>ira</strong></span> 
     </span>
    </p>
   </div>
   <div class='ocr_carea' id='block_1_91' title="bbox 2382 3004 3953 3078">
    <p class='ocr_par' dir='ltr' id='par_1_91' title="bbox 2382 3004 3953 3078">
     <span class='ocr_line' id='line_1_91' title="bbox 2382 3004 3953 3078; baseline 0.007 -24"><span class='ocrx_word' id='word_1_721' title='bbox 2382 3004 2747 3059; x_wconf 81' lang='lat' dir='ltr'><strong>vehementior</strong></span> <span class='ocrx_word' id='word_1_722' title='bbox 2786 3007 2974 3071; x_wconf 83' lang='lat' dir='ltr'><strong>ﬁeret,</strong></span> <span class='ocrx_word' id='word_1_723' title='bbox 3017 3009 3353 3065; x_wconf 83' lang='lat' dir='ltr'><strong>disseminari</strong></span> <span class='ocrx_word' id='word_1_724' title='bbox 3399 3011 3734 3078; x_wconf 85' lang='lat' dir='ltr'><strong>evangelunn</strong></span> <span class='ocrx_word' id='word_1_725' title='bbox 3780 3014 3953 3065; x_wconf 81' lang='lat' dir='ltr'><strong>anim-</strong></span> 
     </span>
    </p>
   </div>
   <div class='ocr_carea' id='block_1_92' title="bbox 2348 3094 3955 3172">
    <p class='ocr_par' dir='ltr' id='par_1_92' title="bbox 2348 3094 3955 3172">
     <span class='ocr_line' id='line_1_92' title="bbox 2348 3094 3955 3172; baseline 0.007 -27"><span class='ocrx_word' id='word_1_726' title='bbox 2348 3094 2729 3170; x_wconf 79' lang='lat' dir='ltr'><strong>_advertentis,</strong></span> <span class='ocrx_word' id='word_1_727' title='bbox 2762 3105 2815 3150; x_wconf 85' lang='lat' dir='ltr'><strong>et</strong></span> <span class='ocrx_word' id='word_1_728' title='bbox 2861 3100 2910 3152; x_wconf 89' lang='lat' dir='ltr'><strong>in</strong></span> <span class='ocrx_word' id='word_1_729' title='bbox 2949 3099 3099 3153; x_wconf 79' lang='lat' dir='ltr'><strong>Pauli</strong></span> <span class='ocrx_word' id='word_1_730' title='bbox 3146 3113 3333 3169; x_wconf 76' lang='lat' dir='ltr'><strong>caput,</strong></span> <span class='ocrx_word' id='word_1_731' title='bbox 3367 3094 3616 3172; x_wconf 86' lang='lat' dir='ltr'><strong>quidquid</strong></span> <span class='ocrx_word' id='word_1_732' title='bbox 3648 3104 3732 3157; x_wconf 77' lang='lat' dir='ltr'><strong>ille</strong></span> <span class='ocrx_word' id='word_1_733' title='bbox 3761 3104 3955 3159; x_wconf 56' lang='lat' dir='ltr'><strong>furoris</strong></span> 
     </span>
    </p>
   </div>
   <div class='ocr_carea' id='block_1_93' title="bbox 2383 3186 3954 3261">
    <p class='ocr_par' dir='ltr' id='par_1_93' title="bbox 2383 3186 3954 3261">
     <span class='ocr_line' id='line_1_93' title="bbox 2383 3186 3954 3261; baseline 0.007 -24"><span class='ocrx_word' id='word_1_734' title='bbox 2383 3186 2737 3253; x_wconf 81' lang='lat' dir='ltr'><strong>concepisset,</strong></span> <span class='ocrx_word' id='word_1_735' title='bbox 2765 3187 3050 3243; x_wconf 89' lang='lat' dir='ltr'><strong>recideret.</strong></span> <span class='ocrx_word' id='word_1_736' title='bbox 3078 3190 3256 3259; x_wconf 88' lang='lat' dir='ltr'><strong>itaque</strong></span> <span class='ocrx_word' id='word_1_737' title='bbox 3280 3192 3398 3245; x_wconf 72' lang='lat' dir='ltr'><strong>dum</strong></span> <span class='ocrx_word' id='word_1_738' title='bbox 3421 3194 3607 3261; x_wconf 84' lang='lat' dir='ltr'><strong>agendi</strong></span> <span class='ocrx_word' id='word_1_739' title='bbox 3636 3198 3870 3250; x_wconf 81' lang='lat' dir='ltr'><strong>rationes</strong></span> <span class='ocrx_word' id='word_1_740' title='bbox 3890 3210 3954 3249; x_wconf 78' lang='lat' dir='ltr'><strong>ex</strong></span> 
     </span>
    </p>
   </div>
   <div class='ocr_carea' id='block_1_94' title="bbox 2384 3275 3957 3356">
    <p class='ocr_par' dir='ltr' id='par_1_94' title="bbox 2384 3275 3957 3356">
     <span class='ocr_line' id='line_1_94' title="bbox 2384 3275 3957 3356; baseline 0.008 -31"><span class='ocrx_word' id='word_1_741' title='bbox 2384 3275 2609 3327; x_wconf 87' lang='lat' dir='ltr'><strong>vinculis</strong></span> <span class='ocrx_word' id='word_1_742' title='bbox 2640 3276 2810 3341; x_wconf 85' lang='lat' dir='ltr'><strong>Pauli,</strong></span> <span class='ocrx_word' id='word_1_743' title='bbox 2848 3286 3116 3346; x_wconf 85' lang='lat' dir='ltr'><strong>tamquam</strong></span> <span class='ocrx_word' id='word_1_744' title='bbox 3156 3295 3220 3334; x_wconf 81' lang='lat' dir='ltr'><strong>ex</strong></span> <span class='ocrx_word' id='word_1_745' title='bbox 3253 3296 3412 3356; x_wconf 71' lang='lat' dir='ltr'><strong>causa</strong></span> <span class='ocrx_word' id='word_1_746' title='bbox 3443 3286 3763 3339; x_wconf 82' lang='lat' dir='ltr'><strong>exstiterunt</strong></span> <span class='ocrx_word' id='word_1_747' title='bbox 3794 3304 3809 3337; x_wconf 88' lang='lat'><strong>:</strong></span> <span class='ocrx_word' id='word_1_748' title='bbox 3842 3287 3957 3339; x_wconf 65' lang='lat' dir='ltr'><strong>aliis</strong></span> 
     </span>
    </p>
   </div>
   <div class='ocr_carea' id='block_1_95' title="bbox 2386 3365 3958 3438">
    <p class='ocr_par' dir='ltr' id='par_1_95' title="bbox 2386 3365 3958 3438">
     <span class='ocr_line' id='line_1_95' title="bbox 2386 3365 3958 3438; baseline 0.008 -20"><span class='ocrx_word' id='word_1_749' title='bbox 2386 3368 2527 3418; x_wconf 85' lang='lat' dir='ltr'><strong>enim</strong></span> <span class='ocrx_word' id='word_1_750' title='bbox 2574 3365 2666 3419; x_wconf 81' lang='lat' dir='ltr'><strong>illa&#39;</strong></span> <span class='ocrx_word' id='word_1_751' title='bbox 2694 3366 2917 3421; x_wconf 87' lang='lat' dir='ltr'><strong>multum</strong></span> <span class='ocrx_word' id='word_1_752' title='bbox 2965 3370 3127 3423; x_wconf 89' lang='lat' dir='ltr'><strong>animi</strong></span> <span class='ocrx_word' id='word_1_753' title='bbox 3177 3371 3532 3438; x_wconf 87' lang='lat' dir='ltr'><strong>addiderunt;</strong></span> <span class='ocrx_word' id='word_1_754' title='bbox 3565 3376 3698 3428; x_wconf 87' lang='lat' dir='ltr'><strong>alios</strong></span> <span class='ocrx_word' id='word_1_755' title='bbox 3732 3391 3862 3430; x_wconf 86' lang='lat' dir='ltr'><strong>vero</strong></span> <span class='ocrx_word' id='word_1_756' title='bbox 3912 3381 3958 3431; x_wconf 85' lang='lat' dir='ltr'><strong>in</strong></span> 
     </span>
    </p>
   </div>
   <div class='ocr_carea' id='block_1_96' title="bbox 2385 3456 3962 3529">
    <p class='ocr_par' dir='ltr' id='par_1_96' title="bbox 2385 3456 3962 3529">
     <span class='ocr_line' id='line_1_96' title="bbox 2385 3456 3962 3529; baseline 0.008 -23"><span class='ocrx_word' id='word_1_757' title='bbox 2385 3470 2533 3523; x_wconf 87' lang='lat' dir='ltr'><strong>spem</strong></span> <span class='ocrx_word' id='word_1_758' title='bbox 2558 3456 2810 3523; x_wconf 86' lang='lat' dir='ltr'><strong>perniciei</strong></span> <span class='ocrx_word' id='word_1_759' title='bbox 2832 3472 2965 3510; x_wconf 77' lang='lat' dir='ltr'><strong>mete</strong></span> <span class='ocrx_word' id='word_1_760' title='bbox 2986 3458 3301 3513; x_wconf 88' lang='lat' dir='ltr'><strong>adducendo</strong></span> <span class='ocrx_word' id='word_1_761' title='bbox 3317 3462 3379 3514; x_wconf 89' lang='lat' dir='ltr'><strong>ad</strong></span> <span class='ocrx_word' id='word_1_762' title='bbox 3402 3462 3791 3529; x_wconf 72' lang='lat' dir='ltr'><strong>praedicandum</strong></span> <span class='ocrx_word' id='word_1_763' title='bbox 3813 3462 3962 3518; x_wconf 77' lang='lat' dir='ltr'><strong>Chri-</strong></span> 
     </span>
    </p>
   </div>
   <div class='ocr_carea' id='block_1_97' title="bbox 2387 3532 3959 3622">
    <p class='ocr_par' dir='ltr' id='par_1_97' title="bbox 2387 3532 3959 3622">
     <span class='ocr_line' id='line_1_97' title="bbox 2387 3532 3959 3622; baseline 0.006 -22"><span class='ocrx_word' id='word_1_764' title='bbox 2387 3558 2526 3603; x_wconf 89' lang='lat' dir='ltr'><strong>stum</strong></span> <span class='ocrx_word' id='word_1_765' title='bbox 2557 3549 2864 3603; x_wconf 84' lang='lat' dir='ltr'><strong>invitarunt.</strong></span> <span class='ocrx_word' id='word_1_766' title='bbox 2897 3551 3115 3614; x_wconf 75' lang='lat' dir='ltr'><strong>Quidam</strong></span> <span class='ocrx_word' id='word_1_767' title='bbox 3143 3553 3343 3620; x_wconf 86' lang='lat' dir='ltr'><strong>quidem</strong></span> <span class='ocrx_word' id='word_1_768' title='bbox 3365 3565 3570 3622; x_wconf 85' lang='lat' dir='ltr'><strong>prapter</strong></span> <span class='ocrx_word' id='word_1_769' title='bbox 3605 3557 3884 3619; x_wconf 76' lang='lat' dir='ltr'><strong>invidiam;</strong></span> <span class='ocrx_word' id='word_1_770' title='bbox 3914 3532 3959 3609; x_wconf 85' lang='lat' dir='ltr'><strong>id</strong></span> 
     </span>
    </p>
   </div>
   <div class='ocr_carea' id='block_1_98' title="bbox 2387 3640 3961 3713">
    <p class='ocr_par' dir='ltr' id='par_1_98' title="bbox 2387 3640 3961 3713">
     <span class='ocr_line' id='line_1_98' title="bbox 2387 3640 3961 3713; baseline 0.004 -20"><span class='ocrx_word' id='word_1_771' title='bbox 2387 3649 2504 3705; x_wconf 89' lang='lat' dir='ltr'><strong>est,</strong></span> <span class='ocrx_word' id='word_1_772' title='bbox 2534 3654 2668 3694; x_wconf 61' lang='lat' dir='ltr'><strong>mea:</strong></span> <span class='ocrx_word' id='word_1_773' title='bbox 2700 3640 2998 3695; x_wconf 80' lang='lat' dir='ltr'><strong>invidentes</strong></span> <span class='ocrx_word' id='word_1_774' title='bbox 3023 3642 3208 3710; x_wconf 73' lang='lat' dir='ltr'><strong>gloriae</strong></span> <span class='ocrx_word' id='word_1_775' title='bbox 3239 3652 3291 3696; x_wconf 90' lang='lat' dir='ltr'><strong>et</strong></span> <span class='ocrx_word' id='word_1_776' title='bbox 3318 3644 3587 3712; x_wconf 66' lang='lat' dir='ltr'><strong>praeclaris</strong></span> <span class='ocrx_word' id='word_1_777' title='bbox 3614 3646 3798 3713; x_wconf 89' lang='lat' dir='ltr'><strong>initiis,</strong></span> <span class='ocrx_word' id='word_1_778' title='bbox 3849 3662 3961 3700; x_wconf 85' lang='lat' dir='ltr'><strong>tue-</strong></span> 
     </span>
    </p>
   </div>
   <div class='ocr_carea' id='block_1_99' title="bbox 2387 3732 3964 3806">
    <p class='ocr_par' dir='ltr' id='par_1_99' title="bbox 2387 3732 3964 3806">
     <span class='ocr_line' id='line_1_99' title="bbox 2387 3732 3964 3806; baseline 0.003 -21"><span class='ocrx_word' id='word_1_779' title='bbox 2387 3748 2493 3803; x_wconf 88' lang='lat' dir='ltr'><strong>que</strong></span> <span class='ocrx_word' id='word_1_780' title='bbox 2513 3732 2778 3802; x_wconf 89' lang='lat' dir='ltr'><strong>perditum</strong></span> <span class='ocrx_word' id='word_1_781' title='bbox 2800 3733 3096 3802; x_wconf 88' lang='lat' dir='ltr'><strong>cupientes,</strong></span> <span class='ocrx_word' id='word_1_782' title='bbox 3121 3749 3436 3803; x_wconf 87' lang='lat' dir='ltr'><strong>mecumque</strong></span> <span class='ocrx_word' id='word_1_783' title='bbox 3476 3746 3787 3805; x_wconf 84' lang='lat' dir='ltr'><strong>pugnantes.</strong></span> <span class='ocrx_word' id='word_1_784' title='bbox 3820 3738 3964 3806; x_wconf 88' lang='lat' dir='ltr'><strong>adju-</strong></span> 
     </span>
    </p>
   </div>
   <div class='ocr_carea' id='block_1_100' title="bbox 2389 3823 3964 3898">
    <p class='ocr_par' dir='ltr' id='par_1_100' title="bbox 2389 3823 3964 3898">
     <span class='ocr_line' id='line_1_100' title="bbox 2389 3823 3964 3898; baseline 0.005 -22"><span class='ocrx_word' id='word_1_785' title='bbox 2389 3834 2515 3878; x_wconf 84' lang='lat' dir='ltr'><strong>vant</strong></span> <span class='ocrx_word' id='word_1_786' title='bbox 2558 3839 2621 3878; x_wconf 86' lang='lat' dir='ltr'><strong>ac</strong></span> <span class='ocrx_word' id='word_1_787' title='bbox 2649 3823 2950 3893; x_wconf 84' lang='lat' dir='ltr'><strong>provehunt</strong></span> <span class='ocrx_word' id='word_1_788' title='bbox 2976 3826 3217 3881; x_wconf 90' lang='lat' dir='ltr'><strong>actiones</strong></span> <span class='ocrx_word' id='word_1_789' title='bbox 3259 3841 3441 3889; x_wconf 89' lang='lat' dir='ltr'><strong>meas;</strong></span> <span class='ocrx_word' id='word_1_790' title='bbox 3475 3827 3559 3882; x_wconf 86' lang='lat' dir='ltr'><strong>vel</strong></span> <span class='ocrx_word' id='word_1_791' title='bbox 3606 3828 3707 3897; x_wconf 87' lang='lat' dir='ltr'><strong>ipsi</strong></span> <span class='ocrx_word' id='word_1_792' title='bbox 3756 3844 3964 3898; x_wconf 84' lang='lat' dir='ltr'><strong>quoque</strong></span> 
     </span>
    </p>
   </div>
   <div class='ocr_carea' id='block_1_101' title="bbox 2392 3916 3962 3990">
    <p class='ocr_par' dir='ltr' id='par_1_101' title="bbox 2392 3916 3962 3990">
     <span class='ocr_line' id='line_1_101' title="bbox 2392 3916 3962 3990; baseline 0.001 -19"><span class='ocrx_word' id='word_1_793' title='bbox 2392 3917 2609 3973; x_wconf 90' lang='lat' dir='ltr'><strong>honoris</strong></span> <span class='ocrx_word' id='word_1_794' title='bbox 2638 3917 2925 3987; x_wconf 89' lang='lat' dir='ltr'><strong>cupiditate</strong></span> <span class='ocrx_word' id='word_1_795' title='bbox 2951 3916 3117 3984; x_wconf 90' lang='lat' dir='ltr'><strong>ducti,</strong></span> <span class='ocrx_word' id='word_1_796' title='bbox 3144 3932 3206 3972; x_wconf 91' lang='lat' dir='ltr'><strong>ac</strong></span> <span class='ocrx_word' id='word_1_797' title='bbox 3249 3926 3496 3987; x_wconf 82' lang='lat' dir='ltr'><strong>putantes</strong></span> <span class='ocrx_word' id='word_1_798' title='bbox 3535 3919 3653 3974; x_wconf 78' lang='lat' dir='ltr'><strong>fore</strong></span> <span class='ocrx_word' id='word_1_799' title='bbox 3690 3926 3746 3973; x_wconf 90' lang='lat' dir='ltr'><strong>ut</strong></span> <span class='ocrx_word' id='word_1_800' title='bbox 3772 3920 3962 3990; x_wconf 82' lang='lat' dir='ltr'><strong>aliquid</strong></span> 
     </span>
    </p>
   </div>
   <div class='ocr_carea' id='block_1_102' title="bbox 2390 4010 3965 4083">
    <p class='ocr_par' dir='ltr' id='par_1_102' title="bbox 2390 4010 3965 4083">
     <span class='ocr_line' id='line_1_102' title="bbox 2390 4010 3965 4083; baseline 0 -18"><span class='ocrx_word' id='word_1_801' title='bbox 2390 4012 2458 4066; x_wconf 91' lang='lat' dir='ltr'><strong>de</strong></span> <span class='ocrx_word' id='word_1_802' title='bbox 2482 4027 2598 4066; x_wconf 89' lang='lat' dir='ltr'><strong>mea</strong></span> <span class='ocrx_word' id='word_1_803' title='bbox 2629 4010 2795 4079; x_wconf 80' lang='lat' dir='ltr'><strong>gloria</strong></span> <span class='ocrx_word' id='word_1_804' title='bbox 2824 4010 3134 4080; x_wconf 85' lang='lat' dir='ltr'><strong>decerpant.</strong></span> <span class='ocrx_word' id='word_1_805' title='bbox 3181 4010 3399 4075; x_wconf 83' lang='lat' dir='ltr'><strong>Quidam</strong></span> <span class='ocrx_word' id='word_1_806' title='bbox 3427 4027 3543 4065; x_wconf 77' lang='lat' dir='ltr'><strong>vero</strong></span> <span class='ocrx_word' id='word_1_807' title='bbox 3571 4019 3620 4066; x_wconf 89' lang='lat' dir='ltr'><strong>et</strong></span> <span class='ocrx_word' id='word_1_808' title='bbox 3653 4021 3859 4083; x_wconf 84' lang='lat' dir='ltr'><strong>propter</strong></span> <span class='ocrx_word' id='word_1_809' title='bbox 3884 4012 3965 4065; x_wconf 82' lang='lat' dir='ltr'><strong>bo-</strong></span> 
     </span>
    </p>
   </div>
   <div class='ocr_carea' id='block_1_103' title="bbox 2391 4100 3965 4172">
    <p class='ocr_par' dir='ltr' id='par_1_103' title="bbox 2391 4100 3965 4172">
     <span class='ocr_line' id='line_1_103' title="bbox 2391 4100 3965 4172; baseline 0.002 -18"><span class='ocrx_word' id='word_1_810' title='bbox 2391 4118 2506 4155; x_wconf 87' lang='lat' dir='ltr'><strong>nam</strong></span> <span class='ocrx_word' id='word_1_811' title='bbox 2536 4102 2878 4167; x_wconf 78' lang='lat' dir='ltr'><strong>voluntatem;</strong></span> <span class='ocrx_word' id='word_1_812' title='bbox 2907 4100 2960 4155; x_wconf 92' lang='lat' dir='ltr'><strong>id</strong></span> <span class='ocrx_word' id='word_1_813' title='bbox 2987 4107 3089 4167; x_wconf 86' lang='lat' dir='ltr'><strong>est,</strong></span> <span class='ocrx_word' id='word_1_814' title='bbox 3112 4101 3230 4156; x_wconf 87' lang='lat' dir='ltr'><strong>sine</strong></span> <span class='ocrx_word' id='word_1_815' title='bbox 3255 4100 3617 4167; x_wconf 87' lang='lat' dir='ltr'><strong>simulatione,</strong></span> <span class='ocrx_word' id='word_1_816' title='bbox 3658 4103 3965 4172; x_wconf 76' lang='lat' dir='ltr'><strong>penitusque</strong></span> 
     </span>
    </p>
   </div>
   <div class='ocr_carea' id='block_1_104' title="bbox 2391 4180 3971 4260">
    <p class='ocr_par' dir='ltr' id='par_1_104' title="bbox 2391 4180 3971 4260">
     <span class='ocr_line' id='line_1_104' title="bbox 2391 4180 3971 4260; baseline 0.003 -14"><span class='ocrx_word' id='word_1_817' title='bbox 2391 4207 2458 4246; x_wconf 82' lang='lat' dir='ltr'><strong>ex</strong></span> <span class='ocrx_word' id='word_1_818' title='bbox 2489 4192 2690 4246; x_wconf 88' lang='lat' dir='ltr'><strong>animo.</strong></span> <span class='ocrx_word' id='word_1_819' title='bbox 2733 4190 2823 4245; x_wconf 79' lang='grc'><strong>16.</strong></span> <span class='ocrx_word' id='word_1_820' title='bbox 2880 4189 3102 4257; x_wconf 68' lang='lat' dir='ltr'><strong>Quidam</strong></span> <span class='ocrx_word' id='word_1_821' title='bbox 3134 4190 3336 4260; x_wconf 83' lang='lat' dir='ltr'><strong>quidem</strong></span> <span class='ocrx_word' id='word_1_822' title='bbox 3374 4207 3438 4246; x_wconf 79' lang='lat' dir='ltr'><strong>ea:</strong></span> <span class='ocrx_word' id='word_1_823' title='bbox 3476 4180 3793 4248; x_wconf 75' lang='lat' dir='ltr'><strong>contentione</strong></span> <span class='ocrx_word' id='word_1_824' title='bbox 3826 4191 3971 4251; x_wconf 53' lang='lat' dir='ltr'><strong>Cleri:</strong></span> 
     </span>
    </p>
   </div>
   <div class='ocr_carea' id='block_1_105' title="bbox 2392 4282 3962 4354">
    <p class='ocr_par' dir='ltr' id='par_1_105' title="bbox 2392 4282 3962 4354">
     <span class='ocr_line' id='line_1_105' title="bbox 2392 4282 3962 4354; baseline 0.001 -17"><span class='ocrx_word' id='word_1_825' title='bbox 2392 4294 2523 4338; x_wconf 84' lang='lat' dir='ltr'><strong>stum</strong></span> <span class='ocrx_word' id='word_1_826' title='bbox 2548 4282 2848 4337; x_wconf 85' lang='lat' dir='ltr'><strong>annuntiant</strong></span> <span class='ocrx_word' id='word_1_827' title='bbox 2876 4298 2976 4337; x_wconf 86' lang='lat' dir='ltr'><strong>non</strong></span> <span class='ocrx_word' id='word_1_828' title='bbox 3003 4284 3235 4347; x_wconf 84' lang='lat' dir='ltr'><strong>sincere;</strong></span> <span class='ocrx_word' id='word_1_829' title='bbox 3262 4282 3313 4338; x_wconf 92' lang='lat' dir='ltr'><strong>id</strong></span> <span class='ocrx_word' id='word_1_830' title='bbox 3340 4290 3455 4348; x_wconf 88' lang='lat' dir='ltr'><strong>est,</strong></span> <span class='ocrx_word' id='word_1_831' title='bbox 3504 4297 3611 4339; x_wconf 90' lang='lat' dir='ltr'><strong>non</strong></span> <span class='ocrx_word' id='word_1_832' title='bbox 3637 4300 3768 4352; x_wconf 88' lang='lat' dir='ltr'><strong>pure</strong></span> <span class='ocrx_word' id='word_1_833' title='bbox 3804 4293 3962 4354; x_wconf 85' lang='lat' dir='ltr'><strong>atque</strong></span> 
     </span>
    </p>
   </div>
   <div class='ocr_carea' id='block_1_106' title="bbox 2394 4373 3963 4445">
    <p class='ocr_par' dir='ltr' id='par_1_106' title="bbox 2394 4373 3963 4445">
     <span class='ocr_line' id='line_1_106' title="bbox 2394 4373 3963 4445; baseline -0.003 -15"><span class='ocrx_word' id='word_1_834' title='bbox 2394 4377 2635 4445; x_wconf 83' lang='lat' dir='ltr'><strong>integre,</strong></span> <span class='ocrx_word' id='word_1_835' title='bbox 2681 4388 2787 4428; x_wconf 90' lang='lat' dir='ltr'><strong>non</strong></span> <span class='ocrx_word' id='word_1_836' title='bbox 2815 4382 3038 4443; x_wconf 87' lang='lat' dir='ltr'><strong>propter</strong></span> <span class='ocrx_word' id='word_1_837' title='bbox 3077 4387 3193 4429; x_wconf 87' lang='lat' dir='ltr'><strong>rem</strong></span> <span class='ocrx_word' id='word_1_838' title='bbox 3223 4374 3415 4442; x_wconf 83' lang='lat' dir='ltr'><strong>ipsam,</strong></span> <span class='ocrx_word' id='word_1_839' title='bbox 3465 4374 3561 4429; x_wconf 85' lang='lat' dir='ltr'><strong>sed</strong></span> <span class='ocrx_word' id='word_1_840' title='bbox 3601 4377 3744 4430; x_wconf 87' lang='lat' dir='ltr'><strong>cur?</strong></span> <span class='ocrx_word' id='word_1_841' title='bbox 3775 4373 3963 4430; x_wconf 75' lang='lat' dir='ltr'><strong>Existi-</strong></span> 
     </span>
    </p>
   </div>
   <div class='ocr_carea' id='block_1_107' title="bbox 2394 4464 3965 4536">
    <p class='ocr_par' dir='ltr' id='par_1_107' title="bbox 2394 4464 3965 4536">
     <span class='ocr_line' id='line_1_107' title="bbox 2394 4464 3965 4536; baseline -0.001 -16"><span class='ocrx_word' id='word_1_842' title='bbox 2394 4475 2584 4520; x_wconf 86' lang='lat' dir='ltr'><strong>mantes</strong></span> <span class='ocrx_word' id='word_1_843' title='bbox 2612 4481 2898 4536; x_wconf 83' lang='lat' dir='ltr'><strong>pressuram</strong></span> <span class='ocrx_word' id='word_1_844' title='bbox 2919 4465 3162 4518; x_wconf 86' lang='lat' dir='ltr'><strong>suscitare</strong></span> <span class='ocrx_word' id='word_1_845' title='bbox 3184 4464 3398 4520; x_wconf 78' lang='lat' dir='ltr'><strong>vinculis</strong></span> <span class='ocrx_word' id='word_1_846' title='bbox 3423 4466 3565 4519; x_wconf 83' lang='lat' dir='ltr'><strong>nteis.</strong></span> <span class='ocrx_word' id='word_1_847' title='bbox 3594 4465 3965 4520; x_wconf 82' lang='lat' dir='ltr'><strong>Existimantes</strong></span> 
     </span>
    </p>
   </div>
   <div class='ocr_carea' id='block_1_108' title="bbox 2395 4554 3962 4625">
    <p class='ocr_par' dir='ltr' id='par_1_108' title="bbox 2395 4554 3962 4625">
     <span class='ocr_line' id='line_1_108' title="bbox 2395 4554 3962 4625; baseline -0.002 -13"><span class='ocrx_word' id='word_1_848' title='bbox 2395 4558 2537 4612; x_wconf 87' lang='lat' dir='ltr'><strong>enim</strong></span> <span class='ocrx_word' id='word_1_849' title='bbox 2580 4557 2650 4611; x_wconf 89' lang='lat' dir='ltr'><strong>ita</strong></span> <span class='ocrx_word' id='word_1_850' title='bbox 2671 4556 2802 4611; x_wconf 87' lang='lat' dir='ltr'><strong>mihi</strong></span> <span class='ocrx_word' id='word_1_851' title='bbox 2833 4554 3009 4625; x_wconf 83' lang='lat' dir='ltr'><strong>majus</strong></span> <span class='ocrx_word' id='word_1_852' title='bbox 3033 4556 3328 4625; x_wconf 88' lang='lat' dir='ltr'><strong>periculum</strong></span> <span class='ocrx_word' id='word_1_853' title='bbox 3373 4557 3576 4623; x_wconf 62' lang='lat' dir='ltr'><strong>creari,</strong></span> <span class='ocrx_word' id='word_1_854' title='bbox 3600 4555 3839 4611; x_wconf 87' lang='lat' dir='ltr'><strong>dolorem</strong></span> <span class='ocrx_word' id='word_1_855' title='bbox 3871 4557 3962 4611; x_wconf 88' lang='lat' dir='ltr'><strong>du-</strong></span> 
     </span>
    </p>
   </div>
   <div class='ocr_carea' id='block_1_109' title="bbox 2396 4645 3963 4717">
    <p class='ocr_par' dir='ltr' id='par_1_109' title="bbox 2396 4645 3963 4717">
     <span class='ocr_line' id='line_1_109' title="bbox 2396 4645 3963 4717; baseline -0.001 -15"><span class='ocrx_word' id='word_1_856' title='bbox 2396 4648 2509 4703; x_wconf 87' lang='lat' dir='ltr'><strong>lore</strong></span> <span class='ocrx_word' id='word_1_857' title='bbox 2537 4648 2832 4703; x_wconf 83' lang='lat' dir='ltr'><strong>cumulant.</strong></span> <span class='ocrx_word' id='word_1_858' title='bbox 2859 4646 2905 4702; x_wconf 91' lang='lat'>0</span> <span class='ocrx_word' id='word_1_859' title='bbox 2932 4645 3335 4702; x_wconf 82' lang='lat' dir='ltr'><strong>crudelitatem!</strong></span> <span class='ocrx_word' id='word_1_860' title='bbox 3378 4660 3412 4702; x_wconf 88' lang='grc' dir='ltr'>ο</span> <span class='ocrx_word' id='word_1_861' title='bbox 3435 4646 3760 4702; x_wconf 90' lang='lat' dir='ltr'><strong>diabolicum</strong></span> <span class='ocrx_word' id='word_1_862' title='bbox 3804 4648 3963 4717; x_wconf 81' lang='lat' dir='ltr'><strong>impe-</strong></span> 
     </span>
    </p>
   </div>
   <div class='ocr_carea' id='block_1_110' title="bbox 2393 4738 3955 4811">
    <p class='ocr_par' dir='ltr' id='par_1_110' title="bbox 2393 4738 3955 4811">
     <span class='ocr_line' id='line_1_110' title="bbox 2393 4738 3955 4811; baseline -0.001 -16"><span class='ocrx_word' id='word_1_863' title='bbox 2393 4743 2537 4796; x_wconf 88' lang='lat' dir='ltr'><strong>tum!</strong></span> <span class='ocrx_word' id='word_1_864' title='bbox 2568 4741 2803 4796; x_wconf 86' lang='lat' dir='ltr'><strong>vinctum</strong></span> <span class='ocrx_word' id='word_1_865' title='bbox 2826 4739 3139 4808; x_wconf 86' lang='lat' dir='ltr'><strong>cernebant,</strong></span> <span class='ocrx_word' id='word_1_866' title='bbox 3176 4738 3584 4811; x_wconf 72' lang='lat' dir='ltr'><strong>coniectumque</strong></span> <span class='ocrx_word' id='word_1_867' title='bbox 3600 4739 3654 4795; x_wconf 90' lang='lat' dir='ltr'><strong>in</strong></span> <span class='ocrx_word' id='word_1_868' title='bbox 3676 4754 3955 4808; x_wconf 85' lang='lat' dir='ltr'><strong>carcerem,</strong></span> 
     </span>
    </p>
   </div>
   <div class='ocr_carea' id='block_1_111' title="bbox 2395 4831 3962 4905">
    <p class='ocr_par' dir='ltr' id='par_1_111' title="bbox 2395 4831 3962 4905">
     <span class='ocr_line' id='line_1_111' title="bbox 2395 4831 3962 4905; baseline -0.003 -15"><span class='ocrx_word' id='word_1_869' title='bbox 2395 4842 2451 4890; x_wconf 87' lang='lat' dir='ltr'><strong>et</strong></span> <span class='ocrx_word' id='word_1_870' title='bbox 2476 4833 2650 4890; x_wconf 89' lang='lat' dir='ltr'><strong>adhuc</strong></span> <span class='ocrx_word' id='word_1_871' title='bbox 2689 4833 3000 4891; x_wconf 84' lang='lat' dir='ltr'><strong>invidebant</strong></span> <span class='ocrx_word' id='word_1_872' title='bbox 3025 4849 3041 4890; x_wconf 88' lang='lat'><strong>:</strong></span> <span class='ocrx_word' id='word_1_873' title='bbox 3072 4846 3271 4905; x_wconf 82' lang='lat' dir='ltr'><strong>augere</strong></span> <span class='ocrx_word' id='word_1_874' title='bbox 3292 4834 3459 4904; x_wconf 87' lang='lat' dir='ltr'><strong>ipsius</strong></span> <span class='ocrx_word' id='word_1_875' title='bbox 3483 4831 3851 4901; x_wconf 85' lang='lat' dir='ltr'><strong>calamitates,</strong></span> <span class='ocrx_word' id='word_1_876' title='bbox 3880 4847 3962 4886; x_wconf 77' lang='lat' dir='ltr'><strong>re-</strong></span> 
     </span>
    </p>
   </div>
   <div class='ocr_carea' id='block_1_112' title="bbox 2397 4924 3965 4997">
    <p class='ocr_par' dir='ltr' id='par_1_112' title="bbox 2397 4924 3965 4997">
     <span class='ocr_line' id='line_1_112' title="bbox 2397 4924 3965 4997; baseline -0.003 -16"><span class='ocrx_word' id='word_1_877' title='bbox 2397 4926 2824 4997; x_wconf 85' lang='lat' dir='ltr'><strong>hementiorique</strong></span> <span class='ocrx_word' id='word_1_878' title='bbox 2855 4930 2951 4982; x_wconf 65' lang='lat' dir='ltr'><strong>ira:</strong></span> <span class='ocrx_word' id='word_1_879' title='bbox 2976 4924 3269 4981; x_wconf 81' lang='lat' dir='ltr'><strong>obnoxium</strong></span> <span class='ocrx_word' id='word_1_880' title='bbox 3311 4924 3539 4981; x_wconf 86' lang='lat' dir='ltr'><strong>reddere</strong></span> <span class='ocrx_word' id='word_1_881' title='bbox 3566 4925 3870 4994; x_wconf 84' lang='lat' dir='ltr'><strong>cupiebant.</strong></span> <span class='ocrx_word' id='word_1_882' title='bbox 3895 4925 3965 4978; x_wconf 82' lang='lat' dir='ltr'><strong>Ac</strong></span> 
     </span>
    </p>
   </div>
   <div class='ocr_carea' id='block_1_113' title="bbox 2394 5015 3960 5086">
    <p class='ocr_par' dir='ltr' id='par_1_113' title="bbox 2394 5015 3960 5086">
     <span class='ocr_line' id='line_1_113' title="bbox 2394 5015 3960 5086; baseline -0.003 -13"><span class='ocrx_word' id='word_1_883' title='bbox 2394 5016 2541 5075; x_wconf 81' lang='lat' dir='ltr'><strong>recte</strong></span> <span class='ocrx_word' id='word_1_884' title='bbox 2561 5018 2718 5086; x_wconf 83' lang='lat' dir='ltr'><strong>dixit,</strong></span> <span class='ocrx_word' id='word_1_885' title='bbox 2749 5017 3133 5082; x_wconf 59' lang='lat' dir='ltr'><strong>Existimant“;</strong></span> <span class='ocrx_word' id='word_1_886' title='bbox 3158 5030 3266 5071; x_wconf 91' lang='lat' dir='ltr'><strong>non</strong></span> <span class='ocrx_word' id='word_1_887' title='bbox 3296 5015 3442 5072; x_wconf 87' lang='lat' dir='ltr'><strong>enim</strong></span> <span class='ocrx_word' id='word_1_888' title='bbox 3466 5015 3518 5070; x_wconf 87' lang='lat' dir='ltr'><strong>id</strong></span> <span class='ocrx_word' id='word_1_889' title='bbox 3545 5015 3652 5070; x_wconf 89' lang='lat' dir='ltr'><strong>illis</strong></span> <span class='ocrx_word' id='word_1_890' title='bbox 3671 5030 3739 5070; x_wconf 77' lang='lat' dir='ltr'><strong>ex</strong></span> <span class='ocrx_word' id='word_1_891' title='bbox 3762 5023 3960 5070; x_wconf 82' lang='lat' dir='ltr'><strong>senten-</strong></span> 
     </span>
    </p>
   </div>
   <div class='ocr_carea' id='block_1_114' title="bbox 2397 5104 3964 5179">
    <p class='ocr_par' dir='ltr' id='par_1_114' title="bbox 2397 5104 3964 5179">
     <span class='ocr_line' id='line_1_114' title="bbox 2397 5104 3964 5179; baseline -0.003 -16"><span class='ocrx_word' id='word_1_892' title='bbox 2397 5109 2469 5164; x_wconf 91' lang='lat' dir='ltr'><strong>tia</strong></span> <span class='ocrx_word' id='word_1_893' title='bbox 2488 5108 2767 5165; x_wconf 85' lang='lat' dir='ltr'><strong>successit.</strong></span> <span class='ocrx_word' id='word_1_894' title='bbox 2782 5106 2914 5163; x_wconf 87' lang='lat' dir='ltr'><strong>Nam</strong></span> <span class='ocrx_word' id='word_1_895' title='bbox 2933 5106 3008 5163; x_wconf 90' lang='lat' dir='ltr'><strong>illi</strong></span> <span class='ocrx_word' id='word_1_896' title='bbox 3025 5106 3240 5179; x_wconf 87' lang='lat' dir='ltr'><strong>quidem</strong></span> <span class='ocrx_word' id='word_1_897' title='bbox 3259 5105 3359 5161; x_wconf 85' lang='lat' dir='ltr'><strong>hac</strong></span> <span class='ocrx_word' id='word_1_898' title='bbox 3382 5120 3442 5161; x_wconf 87' lang='lat' dir='ltr'><strong>re</strong></span> <span class='ocrx_word' id='word_1_899' title='bbox 3461 5104 3718 5176; x_wconf 80' lang='lat' dir='ltr'><strong>putabant</strong></span> <span class='ocrx_word' id='word_1_900' title='bbox 3735 5104 3964 5160; x_wconf 86' lang='lat' dir='ltr'><strong>dolorem</strong></span> 
     </span>
    </p>
   </div>
   <div class='ocr_carea' id='block_1_115' title="bbox 2397 5193 3962 5269">
    <p class='ocr_par' dir='ltr' id='par_1_115' title="bbox 2397 5193 3962 5269">
     <span class='ocr_line' id='line_1_115' title="bbox 2397 5193 3962 5269; baseline -0.004 -15"><span class='ocrx_word' id='word_1_901' title='bbox 2397 5198 2530 5254; x_wconf 88' lang='lat' dir='ltr'><strong>mihi</strong></span> <span class='ocrx_word' id='word_1_902' title='bbox 2556 5198 2753 5255; x_wconf 68' lang='lat' dir='ltr'><strong>aderre</strong></span> <span class='ocrx_word' id='word_1_903' title='bbox 2773 5216 2790 5267; x_wconf 88' lang='lat'><strong>;</strong></span> <span class='ocrx_word' id='word_1_904' title='bbox 2814 5213 2916 5269; x_wconf 88' lang='lat' dir='ltr'><strong>ego</strong></span> <span class='ocrx_word' id='word_1_905' title='bbox 2937 5211 3070 5254; x_wconf 88' lang='lat' dir='ltr'><strong>vero</strong></span> <span class='ocrx_word' id='word_1_906' title='bbox 3098 5195 3359 5268; x_wconf 84' lang='lat' dir='ltr'><strong>evangelii</strong></span> <span class='ocrx_word' id='word_1_907' title='bbox 3408 5209 3694 5267; x_wconf 86' lang='lat' dir='ltr'><strong>progressu</strong></span> <span class='ocrx_word' id='word_1_908' title='bbox 3736 5193 3962 5251; x_wconf 65' lang='lat' dir='ltr'><strong>laetabar.</strong></span> 
     </span>
    </p>
   </div>
   <div class='ocr_carea' id='block_1_116' title="bbox 2397 5283 3968 5359">
    <p class='ocr_par' dir='ltr' id='par_1_116' title="bbox 2397 5283 3968 5359">
     <span class='ocr_line' id='line_1_116' title="bbox 2397 5283 3968 5359; baseline -0.006 -12"><span class='ocrx_word' id='word_1_909' title='bbox 2397 5292 2473 5347; x_wconf 85' lang='lat' dir='ltr'><strong>Ita</strong></span> <span class='ocrx_word' id='word_1_910' title='bbox 2500 5291 2769 5348; x_wconf 87' lang='lat' dir='ltr'><strong>interdum</strong></span> <span class='ocrx_word' id='word_1_911' title='bbox 2799 5299 2906 5358; x_wconf 85' lang='lat' dir='ltr'><strong>est,</strong></span> <span class='ocrx_word' id='word_1_912' title='bbox 2932 5303 3056 5346; x_wconf 88' lang='lat' dir='ltr'><strong>cum</strong></span> <span class='ocrx_word' id='word_1_913' title='bbox 3081 5300 3220 5359; x_wconf 77' lang='lat' dir='ltr'><strong>Opus</strong></span> <span class='ocrx_word' id='word_1_914' title='bbox 3239 5287 3439 5343; x_wconf 91' lang='lat' dir='ltr'><strong>bonum</strong></span> <span class='ocrx_word' id='word_1_915' title='bbox 3467 5300 3572 5342; x_wconf 89' lang='lat' dir='ltr'><strong>non</strong></span> <span class='ocrx_word' id='word_1_916' title='bbox 3600 5301 3667 5341; x_wconf 80' lang='lat' dir='ltr'><strong>ex</strong></span> <span class='ocrx_word' id='word_1_917' title='bbox 3689 5283 3834 5341; x_wconf 89' lang='lat' dir='ltr'><strong>bono</strong></span> <span class='ocrx_word' id='word_1_918' title='bbox 3852 5298 3968 5354; x_wconf 90' lang='lat' dir='ltr'><strong>pro-</strong></span> 
     </span>
    </p>
   </div>
   <div class='ocr_carea' id='block_1_117' title="bbox 2397 5374 3964 5454">
    <p class='ocr_par' dir='ltr' id='par_1_117' title="bbox 2397 5374 3964 5454">
     <span class='ocr_line' id='line_1_117' title="bbox 2397 5374 3964 5454; baseline -0.006 -16"><span class='ocrx_word' id='word_1_919' title='bbox 2397 5383 2573 5454; x_wconf 87' lang='lat' dir='ltr'><strong>posito</strong></span> <span class='ocrx_word' id='word_1_920' title='bbox 2600 5382 2697 5448; x_wconf 86' lang='lat' dir='ltr'><strong>lit;</strong></span> <span class='ocrx_word' id='word_1_921' title='bbox 2730 5378 3017 5436; x_wconf 82' lang='lat' dir='ltr'><strong>nec‘modo</strong></span> <span class='ocrx_word' id='word_1_922' title='bbox 3043 5378 3188 5434; x_wconf 87' lang='lat' dir='ltr'><strong>nulla</strong></span> <span class='ocrx_word' id='word_1_923' title='bbox 3219 5376 3294 5433; x_wconf 93' lang='lat' dir='ltr'><strong>illi</strong></span> <span class='ocrx_word' id='word_1_924' title='bbox 3324 5389 3532 5432; x_wconf 85' lang='lat' dir='ltr'><strong>merces</strong></span> <span class='ocrx_word' id='word_1_925' title='bbox 3558 5384 3643 5431; x_wconf 87' lang='lat' dir='ltr'><strong>est</strong></span> <span class='ocrx_word' id='word_1_926' title='bbox 3672 5374 3964 5445; x_wconf 81' lang='lat' dir='ltr'><strong>proposita,</strong></span> 
     </span>
    </p>
   </div>
   <div class='ocr_carea' id='block_1_118' title="bbox 2396 5464 3965 5548">
    <p class='ocr_par' dir='ltr' id='par_1_118' title="bbox 2396 5464 3965 5548">
     <span class='ocr_line' id='line_1_118' title="bbox 2396 5464 3965 5548; baseline -0.01 -14"><span class='ocrx_word' id='word_1_927' title='bbox 2396 5476 2491 5534; x_wconf 89' lang='lat' dir='ltr'><strong>sed</strong></span> <span class='ocrx_word' id='word_1_928' title='bbox 2532 5475 2851 5548; x_wconf 87' lang='lat' dir='ltr'><strong>supplicium</strong></span> <span class='ocrx_word' id='word_1_929' title='bbox 2880 5480 3080 5530; x_wconf 85' lang='lat' dir='ltr'><strong>manet.</strong></span> <span class='ocrx_word' id='word_1_930' title='bbox 3110 5469 3245 5527; x_wconf 83' lang='lat' dir='ltr'><strong>Nam</strong></span> <span class='ocrx_word' id='word_1_931' title='bbox 3274 5467 3526 5540; x_wconf 87' lang='lat' dir='ltr'><strong>quoniam</strong></span> <span class='ocrx_word' id='word_1_932' title='bbox 3555 5467 3679 5523; x_wconf 87' lang='lat' dir='ltr'><strong>ideo</strong></span> <span class='ocrx_word' id='word_1_933' title='bbox 3706 5464 3965 5523; x_wconf 85' lang='lat' dir='ltr'><strong>Christum</strong></span> 
     </span>
    </p>
   </div>
   <div class='ocr_carea' id='block_1_119' title="bbox 2396 5558 3963 5645">
    <p class='ocr_par' dir='ltr' id='par_1_119' title="bbox 2396 5558 3963 5645">
     <span class='ocr_line' id='line_1_119' title="bbox 2396 5558 3963 5645; baseline -0.015 -14"><span class='ocrx_word' id='word_1_934' title='bbox 2396 5570 2776 5645; x_wconf 70' lang='lat' dir='ltr'><strong>prmdicabant,</strong></span> <span class='ocrx_word' id='word_1_935' title='bbox 2820 5564 2964 5638; x_wconf 88' lang='lat' dir='ltr'><strong>quod</strong></span> <span class='ocrx_word' id='word_1_936' title='bbox 2992 5563 3189 5623; x_wconf 84' lang='lat' dir='ltr'><strong>Christi</strong></span> <span class='ocrx_word' id='word_1_937' title='bbox 3230 5560 3634 5645; x_wconf 61' lang='lat' dir='ltr'><strong>praedicatores!)</strong></span> <span class='ocrx_word' id='word_1_938' title='bbox 3675 5560 3730 5615; x_wconf 92' lang='lat' dir='ltr'><strong>in</strong></span> <span class='ocrx_word' id='word_1_939' title='bbox 3774 5558 3963 5627; x_wconf 74' lang='lat' dir='ltr'><strong>majora</strong></span> 
     </span>
    </p>
   </div>
   <div class='ocr_carea' id='block_1_120' title="bbox 2396 5650 3976 5739">
    <p class='ocr_par' dir='ltr' id='par_1_120' title="bbox 2396 5650 3976 5739">
     <span class='ocr_line' id='line_1_120' title="bbox 2396 5650 3976 5739; baseline -0.013 -18"><span class='ocrx_word' id='word_1_940' title='bbox 2396 5665 2631 5739; x_wconf 73' lang='lat' dir='ltr'><strong>pericula</strong></span> <span class='ocrx_word' id='word_1_941' title='bbox 2648 5662 2951 5733; x_wconf 84' lang='lat' dir='ltr'><strong>conjectum</strong></span> <span class='ocrx_word' id='word_1_942' title='bbox 2972 5659 3203 5725; x_wconf 83' lang='lat' dir='ltr'><strong>vellent;</strong></span> <span class='ocrx_word' id='word_1_943' title='bbox 3226 5671 3332 5713; x_wconf 89' lang='lat' dir='ltr'><strong>non</strong></span> <span class='ocrx_word' id='word_1_944' title='bbox 3356 5654 3520 5712; x_wconf 90' lang='lat' dir='ltr'><strong>modo</strong></span> <span class='ocrx_word' id='word_1_945' title='bbox 3537 5652 3740 5710; x_wconf 88' lang='lat' dir='ltr'><strong>nullam</strong></span> <span class='ocrx_word' id='word_1_946' title='bbox 3766 5650 3976 5728; x_wconf 81' lang='lat' dir='ltr'><strong>capient</strong></span> 
     </span>
    </p>
   </div>
   <div class='ocr_carea' id='block_1_121' title="bbox 2397 5743 3964 5825">
    <p class='ocr_par' dir='ltr' id='par_1_121' title="bbox 2397 5743 3964 5825">
     <span class='ocr_line' id='line_1_121' title="bbox 2397 5743 3964 5825; baseline -0.02 -3"><span class='ocrx_word' id='word_1_947' title='bbox 2397 5757 2732 5825; x_wconf 80' lang='lat' dir='ltr'><strong>mercedem,</strong></span> <span class='ocrx_word' id='word_1_948' title='bbox 2773 5753 2867 5812; x_wconf 82' lang='lat' dir='ltr'><strong>sed</strong></span> <span class='ocrx_word' id='word_1_949' title='bbox 2909 5752 3070 5809; x_wconf 81' lang='lat' dir='ltr'><strong>etiam</strong></span> <span class='ocrx_word' id='word_1_950' title='bbox 3113 5745 3375 5821; x_wconf 81' lang='lat' dir='ltr'><strong>supplicio</strong></span> <span class='ocrx_word' id='word_1_951' title='bbox 3405 5754 3562 5804; x_wconf 88' lang='lat' dir='ltr'><strong>erunt</strong></span> <span class='ocrx_word' id='word_1_952' title='bbox 3605 5743 3862 5812; x_wconf 79' lang='lat' dir='ltr'><strong>obnoxii,</strong></span> <span class='ocrx_word' id='word_1_953' title='bbox 3909 5747 3964 5791; x_wconf 80' lang='lat' dir='ltr'><strong>ac</strong></span> 
     </span>
    </p>
   </div>
  </div>
