4068 6310
815 383 918 437 ιθδ

802 491 973 561 ὀργῆς
1001 489 1303 544 ὑπεύθυνον
1332 488 1613 559 λαθιστᾷν.
1640 488 1753 541 Kal
1786 486 1966 549 καλῶς
1987 482 2107 540 εἷπε
2132 485 2213 549 τὸ,
2235 483 2368 537 Old-

804 598 971 648 μενοι
997 597 1012 613 ·
1041 581 1103 633 οὐ
1149 580 1258 651 γὰρ
1299 579 1475 642 οὕτως
1506 578 1801 645 ἐξέϐαινεν.
1841 578 2066 631 Ἐκεῖνοι
2116 576 2216 647 μὲν
2264 575 2373 644 γὰρ

806 669 1055 740 ἐνόμιζόν
1087 687 1156 740 με
1187 670 1361 741 τούτῳ
1410 670 1621 733 λυπεῖν,
1670 668 1781 737 ἐγὼ
1824 668 1881 721 δὲ
1934 667 2150 737 ἔχαιρον
2181 667 2262 719 ὅτι
2313 666 2375 719 τὸ

806 763 1071 830 κήρυγμα
1094 757 1358 811 ἐπεδίδου.
1382 756 1569 821 Οὕτως
1600 756 1698 819 ἔνι,
1730 756 1889 827 ἔργον
1925 755 2147 825 ποιῆσαι
2175 753 2376 821 ἀγαθὸν

806 850 907 902 οὐκ
931 849 1038 903 ἀπὺ
1066 847 1440 919 προαιρέσεως
1461 845 1674 915 ἀγαθῆς
1692 860 1706 874 ·
1736 845 1829 898 καὶ
1850 845 1911 897 οὐ
1937 844 2097 913 μόνον
2122 843 2182 896 οὐ
2200 844 2376 896 κεῖται

812 938 1002 1008 μισθὸς
1035 937 1173 1007 ύπὶρ
1202 936 1414 1001 τούτου,
1456 936 1591 989 ἀλλά
1620 936 1714 989 καὶ
1735 934 1975 998 κόλασις.
2015 932 2234 1003 Ἐπειδὴ
2267 932 2377 1002 γάρ

814 1027 1026 1097 μείζοσι
1045 1026 1311 1089 κινδύνοις
1333 1025 1649 1094 περιϐαλεῖν
1674 1025 1767 1083 τὸν
1796 1023 1884 1077 τοῦ
1898 1021 2134 1095 Χριστοῦ
2160 1023 2377 1093 κήρυκα

797 1117 1151 1189 βουλόμενοι,
1180 1116 1274 1170 τὸν
1302 1116 1538 1187 Χριστὸν
1565 1104 1884 1187 ἐκήρυττον,
1909 1117 1970 1167 οὐ
2000 1114 2159 1185 μόνον
2186 1114 2248 1166 οὐ
2281 1112 2379 1183 λήο

808 1207 1004 1276 ψονται
1037 1205 1249 1276 μισθὸν,
1289 1206 1425 1259 ἀλλά
1459 1205 1555 1259 καὶ
1601 1204 1873 1275 τιμωρίας
1903 1203 2114 1256 ἔσονται
2145 1202 2379 1257 ὑπεύθυο

811 1312 892 1350 vos
915 1295 1009 1349 καὶ
1032 1295 1329 1358 κολάσεως.
1354 1297 1421 1349 οι
1450 1295 1519 1348 δὲ
1539 1294 1609 1359 ἐξ
1636 1294 1891 1365 ἀγάπης,
1923 1292 2148 1360 ειδότες
2175 1293 2265 1347 ὅτι
2294 1294 2379 1357 εις

813 1386 1151 1449 ἀπολογίαν·
1181 1385 1288 1440 τοῦ
1316 1376 1688 1454 Εὐαγτελίου
1723 1383 1934 1453 κεῖμαι.
1960 1383 2220 1448 Τίεέστιν,
2251 1383 2379 1436 Ὀτι

811 1478 901 1542 είς
926 1476 1262 1545 ἀπολογίαν
1292 1476 1401 1529 τοῦ
1446 1459 1818 1545 Εὐαττελίού
1844 1476 2070 1543 mima;
2101 1471 2377 1536 Τουτιστι,

811 1565 909 1629 τὰς
934 1564 1163 1628 εὐθύνας
1213 1582 1305 1635 μοι
1348 1564 1746 1634 ὑποτέμνοντες
1791 1562 1891 1628 τάς
1940 1564 2077 1634 πρὸς
2110 1564 2203 1617 τὸν
2225 1563 2379 1628 Θεὸν,

814 1654 909 1707 καὶ
940 1654 1565 1725 συναντιλαμϐανόμενοί
1597 1673 1649 1708 τι
1672 1645 1764 1718 ἐίς
1791 1653 2106 1722 ἀπολογίαν.
2126 1656 2191 1708 Ὃ
2211 1654 2381 1723 λέγει,

812 1744 972 1798 τοῦτό
1005 1748 1122 1799 ἐστι
1144 1763 1161 1779 ·
1191 1747 1545 1816 Προσετάγην
1571 1746 1835 1817 κηρῦξαιο
1871 1744 2048 1816 μέλλω
2069 1745 2267 1799 διδόναι
2296 1747 2384 1799 εύ-

813 1836 998 1900 θύνας,
1026 1836 1122 1889 xal
1165 1835 1551 1905 ἀπολογεῖσθαι
1584 1837 1726 1908 ὑπὲρ
1752 1835 1848 1889 τοῦ
1894 1836 2078 1907 ἔργου,
2123 1830 2185 1890 οῦ
2216 1853 2386 1908 προσ-

813 1925 1045 1996 ετάγηνο
1094 1925 1239 1979 ὥστε
1269 1922 1363 1980 οὖν
1390 1944 1480 1997 μοι
1504 1922 1605 1998 τὴν
1629 1926 1931 1994 ἀπολογίαν
1957 1927 2208 1996 γενέσθαι
2230 1926 2387 1980 εὔκο-

811 2014 927 2078 λον,
972 2004 1562 2085 συναντιλαμϐἀνονταί
1594 2030 1732 2088 ·μοι.
1785 2018 1909 2069 Ἐὰν
1946 2017 2055 2087 γὰρ
2101 2018 2369 2087 εὐρεθῶσι

816 2106 1001 2159 πολλοὶ
1025 2108 1075 2159 οί
1103 2107 1505 2178 κατηχηθέντες
1536 2107 1946 2171 πιστεύσαντες,
1974 2108 2194 2171 εὔκολός
2224 2126 2313 2179 μοι
2352 2110 2385 2179 ἡ

818 2195 1085 2263 ἀπολογία
1122 2194 1295 2248 ἔσται.
1338 2195 1399 2248 Τί
1438 2194 1587 2265 γάρς
1616 2194 1784 2262 πλὴν
1820 2196 1997 2248 παντὶ
2024 2196 2236 2264 τρόπῳ,
2267 2197 2387 2249 alta

816 2284 1135 2353 προφάσει,
1163 2286 1285 2338 εἴτε
1313 2286 1564 2354 ἀληθείᾳ
1611 2285 1863 2354 Χριστὸς
1898 2285 2385 2355 καταγγέλλεται.

819 2375 965 2446 Ὅρα
1010 2375 1073 2428 τὸ
1119 2374 1408 2444 φιλόσοφον
1465 2376 1558 2429 τοῦ
1601 2375 1817 2445 ἀνδρός’
1872 2375 1931 2429 οὐ
1978 2376 2183 2446 σφόδρα
2210 2376 2388 2429 αὐτῶν

821 2468 1221 2539 κατηγόρησεν,
1245 2466 1359 2539 ἀλλ’
1385 2464 1507 2521 εἷπε
1537 2468 1597 2519 τὸ
1626 2468 1923 2536 γινόμενον.
1950 2468 2014 2519 Τί
2041 2468 2167 2538 γὰρ,
2204 2470 2387 2538 φησὶν,

819 2547 945 2627 λμοὶ
985 2556 1349 2628 διαφέρει,.ἀν
1379 2574 1437 2610 τε
1488 2556 1681 2621 οὕτως,
1712 2557 1777 2611 ἀν
1824 2575 1881 2610 τε
1934 2558 2188 2625 ἐκείνως;
2250 2559 2390 2631 πλήν

820 2649 986 2702 παντὶ
1040 2648 1245 2717 τρόπῳ,
1298 2648 1406 2700 εἴτε
1459 2648 1751 2720 προφάσει,
1798 2646 1949 2719 [206]
2010 2649 2119 2701 εἴτε
2162 2649 2391 2721 ἀληθείᾳ

820 2736 1056 2809 Χριστὸς
1100 2736 1549 2806 καταγγέλλεται.
1590 2738 1705 2791 Οὐκ
1732 2732 1873 2802 εἷπε,
1906 2737 2393 2807 Καταγγελλέσθω,

823 2826 1149 2897 νομοθετῶν,
1177 2826 1314 2880 ἀλλά
1363 2826 1578 2894 πρῶτον
1628 2829 1726 2897 μέν
1764 2828 1824 2880 τὸ
1869 2827 2163 2897 συμϐαῖνον
2210 2830 2395 2900 ἀπήγ-

822 2916 994 2987 γειλε,
1040 2918 1294 2989 δεύτερον
1338 2919 1418 2980 δὲ,
1449 2919 1498 2969 εί
1538 2919 1631 2970 καὶ
1673 2917 1979 2988 νομοθετῶν
2026 2918 2232 2988 ἔλεγεν,
2275 2920 2395 2973 οὐδὲ

823 3005 969 3059 οὕτω
996 3007 1093 3071 τὰς
1117 3006 1358 3077 αἱρέσεις
1386 3008 1627 3076 εἰσῆγεν.

897 3248 979 3315 γθζ
1013 3248 1386 3318 Ἐξετάσωμεν
1400 3249 1527 3319 γὰρ,
1546 3250 1592 3300 εἰ
1606 3249 1769 3313 δοκεῖ,
1786 3251 1843 3303 τὸ
1861 3253 2109 3321 πρᾶγμα,
2127 3254 2220 3306 καὶ
2236 3254 2398 3325 εὑρή-

827 3356 992 3408 σομεν
1016 3379 1032 3406 ,
1072 3342 1175 3404 ὅτι,
1214 3340 1261 3391 εί
1298 3340 1390 3391 καὶ
1428 3339 1595 3403 οὕτως
1647 3342 1914 3412 ἐπέτρεπε
1960 3343 2269 3413 κηρύττειν,
2322 3346 2398 3408 ὼς

826 3431 1046 3493 ἐκεῖνοι,
1095 3430 1215 3483 ούδέ
1266 3429 1437 3493 οὕτως
1483 3432 1732 3501 εἰσήγετο
1777 3432 2007 3500 αἵρεσις.
2066 3433 2218 3498 Πῶς;
2276 3434 2397 3485 Ὀτι

828 3522 1022 3573 ἐκεῖνοι
1052 3521 1215 3586 ὑγιῆς
1247 3519 1344 3590 μέν
1379 3520 1694 3591 ἐκήρυττον.
1725 3523 1753 3575 6
1784 3523 1986 3587 σκοπὸς
2018 3523 2075 3575 δέ
2104 3524 2198 3579 καὶ
2225 3524 2258 3593 ή
2284 3523 2399 3577 διὰ-

827 3628 966 3672 νοια,
998 3611 1113 3681 μεθ’
1143 3606 1212 3683 ἦς
1237 3610 1454 3663 ἐποίουν
1486 3610 1649 3675 οὕτω,
1686 3611 1995 3683 διέφθαρτο,
2033 3612 2094 3665 ού
2134 3612 2195 3665 τὸ
2227 3614 2399 3683 κήρυ-

829 3696 1285 3771 γμαένήλλακτο.
1320 3702 1429 3754 Καὶ
1453 3701 1649 3770 πολλὴν
1679 3697 1823 3770 εἶχον
1855 3702 2098 3771 ἀνάγκην
2130 3700 2272 3754 σ’ύτω
2298 3719 2393 3773 κη-

833 3789 1066 3859 ρύττειν.
1114 3788 1211 3849 Διά
1255 3788 1342 3855 τί;
1380 3790 1499 3843 Ὅτι
1530 3792 1577 3843 εί
1611 3790 1809 3861 ἑτέρως
1851 3789 2155 3861 ἐκήρυξαν,
2187 3791 2285 3859 οὐχ
2324 3790 2400 3854 ὠς

831 3880 1063 3943 Παῦλος,
1103 3882 1152 3933 εῖ
1181 3880 1380 3951 ἑτέρως
1414 3880 1680 3945 ἐδίδαξαν,
1713 3883 1811 3951 οὐχ
1848 3873 1921 3944 ὧς
1949 3882 2176 3944 ἐκεῖνος,
2209 3882 2307 3934 οὐκ
2335 3880 2400 3934 ἂν

831 3971 930 4041 τήν
952 3970 1047 4023 τοῦ
1096 3952 1359 4040 βασιλέως
1386 3972 1554 4042 ὀργήν
1585 3971 1848 4040 ηὔξησαν·
1884 3970 1977 4024 νῦν
2005 3972 2061 4024 δὲ
2092 3971 2170 4041 τῷ
2198 3971 2258 4025 τὸ
2297 3973 2399 4041 κή-

835 4052 1020 4130 ρυγμα
1050 4059 1215 4113 αὐτοῦ
1244 4058 1429 4124 αὔξειν
1464 4062 1559 4114 καὶ
1586 4060 1781 4129 ὁμοίως
1806 4061 2097 4125 διδάσκειν,
2133 4063 2223 4114 καὶ
2255 4061 2401 4125 ῖσους

831 4150 981 4221 αύτῷ
1006 4150 1252 4221 μαθητάς
1279 4154 1468 4212 ποιεῖν,
1507 4153 1731 4221 ῖσχυσαν
1765 4152 2146 4221 ἐκπολεμῶσαι
2182 4152 2273 4205 τὸν
2307 4152 2403 4223 βα-

836 4238 1009 4305 σιλέα,
1040 4240 1137 4293 ἀτε
1166 4240 1360 4294 πολλοῦ
1396 4240 1491 4293 τοῦ
1527 4240 1763 4310 πλήθους
1795 4241 1904 4293 τῶν
1934 4240 2191 4310 μαθητῶν
2219 4257 2404 4310 φαινο-

836 4328 1023 4399 μένου.
1054 4328 1214 4383 Ἀλλά
1229 4346 1309 4391 τις
1334 4330 1528 4400 μιαρδς
1550 4330 1643 4383 καῖ
1662 4329 2002 4400 ἀναίσθητος,
2021 4331 2405 4401 ἐπιλαϐόμενος

834 4417 929 4471 τοῦ
957 4416 1158 4489 χωρίου
1182 4418 1393 4484 τούτου,
1421 4420 1572 4488 φησί·
1596 4419 1705 4471 Kal
1729 4420 1835 4489 μήν
1864 4413 1923 4473 τὶ
1944 4415 2185 4473 ἐναντίον
2218 4423 2408 4491 είρτά-

837 4524 998 4562 σαντο
1039 4509 1127 4574 ἂν,
1165 4510 1293 4573 τοὺς
1332 4511 1433 4581 ήδη
1466 4510 1897 4574 πεπιστευκότας
1940 4512 2245 4582 ἀπήλασαν,
2289 4513 2406 4583 οὐχὶ

834 4600 961 4662 τοὺς
990 4602 1215 4665 πιστοὺς
1234 4600 1509 4654 ἐπιδοῦναι
1540 4599 1799 4670 ἐποίησαν
1821 4598 1907 4665 ἂν,
1934 4601 1986 4654 εῖ
2014 4617 2077 4669 γε
2100 4602 2287 4656 δακεῖν
2307 4605 2407 4657 αύ-

834 4689 927 4743 τδν
960 4688 1261 4761 ἐϐούλοντο.
1298 4692 1368 4744 Τί
1405 4687 1499 4745 οὖν
1530 4690 1798 4761 ἐροῦμενς
1834 4691 1953 4745 Ὀτι
1983 4693 2118 4763 πρὸς
2149 4693 2208 4746 ἓν
2252 4694 2409 4749 τοῦτο

837 4779 1023 4851 ἐώρων
1065 4781 1285 4857 ἐκεῖνοι,
1330 4781 1392 4835 τὸ
1443 4781 1707 4839 κινδύνοις
1747 4783 1911 4837 αὑτὸν
1944 4783 2259 4854 περιϐαλεῖν
2294 4790 2409 4849 τοῖς

839 4868 1093 4940 παροῦσι,
1128 4869 1189 4924 τὸ
1223 4869 1298 4940 μή
1331 4870 1551 4940 ἀφεῖναι
1586 4870 1891 4943 διαφυγεῖν·
1931 4875 2027 4929 καῖ
2064 4876 2238 4946 τούτῳ
2270 4877 2410 4948 μᾶλ-

838 4960 931 5013 λον
962 4958 1132 5031 ᾤοντο
1154 4960 1315 5015 αὐτὸν
1345 4963 1552 5028 λυπεῖν,
1582 4954 1688 5015 ’καὶ
1710 4964 1773 5018 τὸ
1806 4965 2065 5037 κήρυγμα
2102 4967 2405 5034 σϐεννύναι,

839 5050 875 5121 ή
908 5050 1149 5115 ἐκείνως.
1188 5049 1421 5122 Ἑτέρως
1440 5053 1540 5123 μὲν
1560 5054 1667 5125 γάρ
1696 5054 1762 5109 ἂν
1783 5057 1877 5109 καὶ
1897 5056 2126 5111 ἔσϐεσαν
2141 5059 2233 5113 τοῦ
2255 5060 2411 5130 βασιο

840 5140 978 5204 λέως
1005 5140 1107 5211 τήν
1142 5140 1330 5211 ὀργήν,
1362 5144 1456 5196 καὶ
1488 5143 1708 5215 ἀφῆκαν
1738 5145 1804 5199 ἂν
1836 5144 2093 5214 ἐξελθεῖν,
2124 5151 2217 5203 καὶ
2248 5151 2409 5204 πάλιν

843 5230 1097 5301 κηρῦξαιθ
1136 5229 1279 5284 οὕτω
1320 5229 1378 5285 δέ
1418 5232 1486 5286 δι’
1516 5234 1676 5289 αὐτὸν
1708 5236 1769 5289 τὺ
1803 5238 1912 5291 πᾶν
1943 5239 2083 5294 ἑλεῖν
2124 5240 2407 5310 ἐνόμιζον,

842 5321 1124 5383 ἀνελόντες
1153 5320 1335 5375 αὐτόν.
1362 5322 1473 5376 Kal
1502 5324 1659 5378 τοῦτο
1683 5326 1784 5380 οὐκ
1811 5322 1881 5399 ἦν
1911 5329 2019 5382 τῶν
2050 5329 2261 5384 πολλῶν
2290 5348 2413 5385 συν-

847 5411 996 5474 ιδεῖν,
1014 5409 1151 5465 ἀλλά
1170 5410 1384 5483 πικρῶν
1397 5429 1557 5467 τινων
1576 5415 1673 5468 καὶ
1690 5416 1894 5491 σφόδρα
1918 5419 2226 5492 μοχθηρῶν.
2251 5417 2409 5489 Εῐτα,

843 5499 957 5554 Καὶ
983 5500 1057 5554 ἐν
1081 5502 1289 5570 τούτῳ,
1318 5503 1475 5573 φησὶ,
1507 5506 1709 5574 χαίρω,
1732 5506 1893 5563 ἀλλὰ
1918 5509 2019 5564 καὶ
2052 5511 2409 5582 χαρήσομαι.

824 5590 913 5675 ΙΤί
943 5590 1114 5659 ἐστιν,
1154 5591 1342 5649 Ἀλλά
1367 5596 1744 5667 χαρήσομαις
1787 5596 1904 5652 Κάν
1941 5600 2218 5656 ιπιπλεῖον
2246 5604 2411 5675 γένη-

845 5697 960 5751 ται,
994 5682 1179 5756 φησίν.
1221 5684 1377 5757 Ἐμοὶ
1421 5685 1532 5759 γὰρ
1578 5688 1989 5768 συμπράττουσι
2030 5694 2124 5747 καὶ
2164 5693 2408 5761 ἄκοντες,

1500 376 1560 433 S.
1598 372 1884 431 JOANNIS
1918 368 2393 429 οιιῐιῐεοδτοιίι

2496 366 2764 432 ΚΟΗΙΕΡ,
2806 366 3355 426 CONSTANTINOP.

3937 368 4023 425 ιιι

2476 482 2570 535 καὶ
2591 480 2701 535 τῶν
2721 480 2901 545 αὐτοῖς
2927 482 3315 552 πεπονημένων
3338 483 3528 535 ἐκεῖνοι
3554 480 3651 551 μὲν
3670 477 4026 549 κόλασιν,ιέγὼ

2472 572 2529 625 δέ
2558 574 2587 624 6
2622 571 2787 642 μηδὲν
2826 572 3295 644 συμϐαλλόμενος,
3337 572 3531 643 μισθὸν
3574 572 3840 643 λήψομαι.
3897 567 4028 641 ’Δρα

2481 660 2603 712 ἐστι
2630 676 2682 714 τι
2726 658 2819 714 τοῦ
2852 660 3099 716 διαϐόλου
3131 663 3486 734 μιαρώτερον,
3515 661 3608 716 τοῦ
3640 663 3905 731 κήρυγμα
3926 662 4028 713 ἑπι-

2474 750 2765 817 νοήσαντος
2791 749 3149 815 ἀναδέξασθαι
3170 751 3389 805 κόλασιν
3415 754 3527 815 τοῖς
3549 750 3897 821 πειθομένοις
3916 768 4028 823 1:90-

2477 838 2661 905 ξενοῦν
2683 858 2699 908 ;
2730 841 2895 913 Ὁρᾷς
2920 842 3107 906 πόσοις
3128 846 3320 906 κακοῖς
3339 843 3465 906 τοὺς
3486 842 3677 896 ἑαυτοῦ
3699 842 4029 913 περιπείρεις

2475 931 2695 985 κόλασιν
2723 933 2815 986 καὶ
2843 932 3112 1003 τιμωρίαν
3142 935 3323 994 αὐτοῖς
3352 935 3416 987 ἐκ
3446 932 3541 985 τοῦ
3574 933 3926 1006 κηρύγματος
3949 933 4032 984 καὶ

2475 1019 2586 1076 τῶν
2613 1021 2792 1075 πόνων
2815 1022 3023 1075 ἐπινοεῖ
3043 1021 3265 1077 τούτων.
3294 1023 3404 1076 Kal
3427 1025 3575 1084 ποῖος
3593 1022 3659 1077 ἀν
3677 1023 3839 1085 ἄλλος
3863 1020 4035 1092 ἐχθρὸς

2478 1114 2575 1165 καὶ
2604 1112 2862 1183 πολέμιος
2893 1114 2993 1182 τῆς
3022 1115 3249 1169 ἐκείνων
3287 1114 3557 1186 σωτηρίας
3581 1114 3643 1168 τδ
3678 1117 3786 1168 πᾶν
3816 1115 3956 1166 οὓτω
3978 1114 4039 1164 δι·

2482 1202 2701 1273 έθηκενς
2716 1202 2879 1275 Ὁρᾷς
2893 1205 2975 1257 ὅτι
2992 1205 3021 1257 6
3039 1204 3138 1274 τήν
3156 1204 3413 1276 ἀλήθειαν
3430 1204 3676 1276 πολεμῶν
3689 1205 3843 1258 οὐδὲν
3860 1204 4036 1273 ἰσχύει,

2493 1291 2607 1345 ἀλλ’
2630 1291 2820 1344 ἑαυτὸν
2850 1291 3082 1363 πλήττει
3103 1294 3302 1364 μᾶλλον
3323 1334 3339 1359 ,
3373 1294 3448 1358 ὡς
3474 1297 3502 1347 6
3539 1292 3674 1363 πρδς
3717 1294 3923 1363 κέντρα
3958 1293 4039 1346 λα-

2480 1380 2717 1445 κτίζων;
2742 1376 2895 1434 ὀῖδα
2914 1381 3047 1451 γὰρ,
3076 1382 3262 1453 φησὶν,
3302 1381 3393 1436 ὅτι
3418 1380 3595 1436 τοῦτό
3619 1399 3722 1452 μοι
3748 1381 4039 1449 ἀποϐήσεο

2480 1488 2576 1525 ται
2612 1473 2694 1537 είς
2720 1473 3025 1541 σωτηρίαν
3052 1472 3151 1527 διά
3170 1472 3282 1541 τῆς
3302 1471 3469 1542 ὑμῶν
3493 1471 3776 1538 δεήσεως,
3809 1472 3908 1526 καὶ
3931 1472 4043 1525 ἐπι-

2480 1562 2766 1630 χορηγίας
2794 1562 2902 1617 τοῦ
2948 1563 3295 1633 Πνεύματος
3344 1564 3539 1629 Ἰησοῦ
3576 1564 3856 1633 Χριστοῦ.
3892 1563 4045 1616 Οὐδὲν

2481 1651 2576 1705 τοῦ
2621 1651 2866 1706 διαϐόλου
2918 1651 3258 1726 μιαρώτερον
3282 1670 3297 1684 '
3355 1653 3497 1709 οὕτω
3552 1651 3828 1725 πανταχοῦ
3879 1654 4045 1716 πόνοις

2485 1738 2761 1808 ἀνονήτοις
2792 1742 2917 1803 τοὺς
2955 1742 3149 1795 ἑαυτοῦ
3181 1742 3494 1810 περιϐάλλει
3515 1782 3531 1807 ,
3588 1744 3682 1796 καὶ
3706 1743 3932 1813 διασπᾷ·
3962 1744 4045 1795 καὶ

2484 1828 2547 1879 οὐ
2572 1830 2732 1897 μόνον
2762 1828 2868 1881 τῶν
2900 1828 3051 1901 [207]
3077 1831 3325 1883 ἐπάθλων
3353 1833 3454 1885 οὐκ
3470 1834 3667 1903 ἀφίησι
3690 1834 3896 1903 τυχεῖν,
3923 1832 4046 1885 ἀλλά

2486 1919 2581 1971 καὶ
2609 1919 2883 1984 κολάσεως
2923 1920 3259 1985 ὑπευθύνους
3286 1924 3459 1975 ποιεῖν
3480 1918 3639 1978 οἶδεν.
3672 1924 3879 1996 οὐγὰρ
3902 1924 4053 1992 μόνον

2488 2007 2767 2078 κήρυγμα,
2803 2008 2941 2062 ἀλλά
2970 2011 3063 2064 καὶ
3091 2011 3343 2081 νηστείαν
3366 2011 3621 2084 τοιαύτην
3644 2013 3745 2066 καὶ
3765 2013 4047 2084 παρθενίαν

2489 2098 2673 2160 αὐτοῖς
2705 2099 3015 2168 νομοθετεῖ,
3050 2102 3085 2172 ή
3118 2103 3178 2154 οὐ
3221 2103 3380 2174 μόνον
3426 2102 3633 2174 μισθῶν
3674 2105 4049 2174 ἀποστερήσει,

2488 2186 2623 2240 ἀλλά
2658 2189 2749 2242 καὶ
2779 2190 2921 2260 μέγα
2963 2192 3133 2247 κακὸν
3174 2193 3367 2259 ἐπάξει
3410 2196 3523 2259 τοῖς
3569 2194 3738 2265 αὐτὴν
3769 2193 4047 2265 μετιοῦσι·

2490 2280 2619 2350 περὶ
2648 2274 2724 2334 ὧν
2749 2298 2881 2351 φησι
2912 2284 3009 2337 καὶ
3030 2284 3261 2355 ἀλλαχοῦ
3284 2300 3297 2314 ⁸
3323 2288 3909 2355 Κεκαυτηριασμένοι
3946 2286 4051 2351 τὴν

2492 2369 2653 2422 ίδιάν
2699 2370 3077 2441 συνείδησιν.
3134 2374 3225 2427 Διὸ
3270 2375 3594 2446 παρακαλῶ.
3649 2375 3791 2447 ὑπὲρ
3850 2377 4053 2428 πάντων

2489 2460 2897 2531 εὐχαριστῶμεν
2942 2462 3022 2533 τῷ
3069 2462 3206 2534 Θεῷ,
3251 2466 3333 2519 ὅτι
3364 2467 3496 2534 ήμῖν
3543 2467 3635 2519 καὶ
3690 2468 3820 2531 τοὺς
3870 2469 4053 2529 πόνους

2491 2550 2848 2620 ἐπεκούφισε,
2879 2553 2972 2607 καὶ
3017 2555 3139 2619 τοὺς
3178 2556 3401 2625 μισθοὺς
3448 2556 3699 2628 ηὔξησεν.
3733 2551 3842 2625 Ὧν
3883 2559 3987 2629 γὰρ
4012 2558 4055 2610 οί

2480 2642 2623 2711 ’παρ’
2649 2643 2781 2711 ήμῖν
2810 2642 3115 2713 γαμοῦντες
3148 2645 3441 2716 σωφρόνως
3468 2646 3803 2701 ἀπολαύουσι
3834 2649 4055 2718 μισθῶν,

2493 2730 2592 2781 οὐκ
2626 2730 2988 2785 ἀπολαύουσιν
3017 2735 3065 2786 οί
3093 2735 3514 2805 παρθενεύοντες
3539 2738 3669 2809 παρ’
3701 2738 3910 2802 αὐτοῖς,
3934 2738 4056 2793 ἀλλά

2492 2822 2559 2888 τῇ
2590 2820 2698 2872 τῶν
2725 2823 3095 2891 πορνευόντων
3122 2825 3171 2877 οί
3217 2826 3635 2897 παρθενεύοντες
3662 2828 3816 2898 παρά
3845 2831 3958 2891 τοῖς
3988 2831 4056 2880 αἱ⁴

2499 2914 2729 2978 ρετικοῖς
2756 2911 3188 2985 δίκῃ’γεγόνασιν
3208 2915 3517 2971 ὑπεύθυνοι.
3543 2918 3714 2972 Πόθεν
3736 2935 3751 2983 ;
3799 2919 3902 2972 Ἐκ
3930 2920 4016 2971 τοῦ
4038 2932 4056 2960 ι

2499 3002 2575 3070 μή
2608 3002 2752 3072 ὀρθῷ
2786 3004 2976 3075 σκοπῷ
3008 3023 3060 3058 τι
3096 3009 3289 3074 ποιεῖν,
3322 3007 3436 3061 ἀλλ’
3461 3010 3556 3063 ἐπὶ
3583 3010 3803 3082 διαϐολῇ
3838 3012 3950 3065 τῶν
3977 3010 4056 3064 τοῦ

2496 3090 2632 3144 Θεοῦ
2666 3094 2981 3164 κτισμάτων
3009 3097 3101 3149 καὶ
3131 3099 3441 3169 ἀπορρήτου
3492 3101 3683 3170 σοφίας
3727 3102 3930 3157 αὐτοῦ.
3983 3104 4058 3175 Μὴ

2495 3180 2559 3250 δὴ
2588 3182 2943 3254 ῥᾳθυμῶμενο
2977 3185 3177 3239 ἔδωκεν
3200 3189 3331 3258 ήμῖν
3356 3191 3385 3242 ὁ
3402 3190 3536 3255 Θεὸς
3560 3192 3916 3263 συμμέτρους
3932 3195 4058 3262 ἀγῶ‹

2497 3289 2610 3335 νας,
2642 3274 2833 3329 οὐδένα
2866 3276 3027 3329 πόνον
3056 3276 3301 3348 ἔχοντας.
3343 3280 3503 3334 ’Δλλά
3536 3281 3609 3353 μή
3638 3285 4058 3354 καταφρονῶμεν

2496 3361 2585 3414 διὰ
2614 3362 2787 3439 τοῦτο.
2812 3365 2875 3418 Εἰ
2904 3365 3017 3435 γάρ
3039 3369 3087 3418 οἱ
3110 3370 3376 3438 αῖρετικοὶ
3417 3372 3823 3425 κατατείνουσιν
3853 3376 4058 3437 ἑαυτοὺς

2498 3451 2679 3513 πόνοις
2709 3453 3007 3524 ἀνονήτοις,
3037 3455 3120 3517 τίς
3150 3457 3279 3526 ἡμῖν
3310 3457 3463 3511 ἐσται
3483 3458 3747 3525 ἀπολογία
3778 3462 3922 3530 μηδὲ
3950 3463 4058 3521 τοὺς

2509 3541 2817 3605 ἐλάττονας,
2858 3546 2951 3597 καὶ
2978 3545 3199 3617 πλείονα
3242 3547 3431 3616 μισθὸν
3466 3547 3687 3619 ἔχοντας
3728 3549 4058 3621 βουλομένοις

2504 3632 2749 3697 ἐνεγκεῖν
2772 3648 2787 3697 ;
2810 3632 2875 3685 Τί
2899 3636 3006 3703 γάρ
3033 3636 3306 3704 φορτικὸν,
3325 3636 3377 3689 τί
3395 3637 3452 3690 δέ
3466 3637 3697 3708 ἐπαχθὲς
3719 3639 3833 3692 τῶν
3854 3642 4057 3705 ὲπιταγ·

2514 3722 2700 3789 μάτων
2727 3721 2822 3774 τοῦ
2856 3723 3126 3793 Χριστοῦς
3186 3724 3260 3777 Οὐ
3300 3724 3525 3779 δύνασαι
3566 3727 3961 3797 παρθενεύειν;
3992 3729 4057 3792 ἐξ·

2504 3811 2621 3863 εστί
2638 3829 2718 3864 σοι
2740 3815 2959 3882 γαμεῖν.
2977 3814 3049 3867 Ού
3072 3814 3298 3869 δύνασαι
3324 3817 3539 3871 πάντων
3561 3817 3752 3871 ἑαυτὸν
3773 3820 4057 3889 ἀποστερεῆ⁴

2504 3917 2593 3954 σαι
2622 3902 2728 3954 τῶν
2761 3902 2901 3968 σῶν;
2938 3903 3115 3967 ἒξεστί
3155 3921 3236 3958 σοι
3268 3906 3377 3959 ἀπὸ
3420 3906 3529 3961 τῶν
3574 3907 3743 3962 όντων
3777 3915 4039 3981 χορηγεῖν

2510 3989 2579 4059 Τὸ
2633 3988 2799 4059 ὑμῶν
2852 3992 3227 4062 περίσσευμα
3250 4035 3265 4059 ,
3321 3996 3483 4064 φησὶν
3505 4036 3522 4063 ,
3580 3999 3669 4065 είς
3715 3998 3783 4052 τὸ
3832 4001 4057 4054 ἐκείνου

2503 4079 2824 4149 ὑστέρημα.
2866 4081 3048 4135 Ταῦτα
3086 4084 3193 4155 γὰρ
3221 4080 3360 4138 εἶναι
3390 4085 3537 4141 δοκεῖ
3566 4089 3824 4159 φορτικὰ,
3858 4092 4057 4161 χρημά·

2502 4187 2612 4223 των
2652 4171 2797 4238 λέγω
2843 4178 3223 4245 καταφρονεῖν,
3272 4178 3366 4230 καὶ
3412 4178 3709 4249 ἐπιθυμίας
3753 4184 4057 4253 σωματική,

2506 4264 2905 4331 περιγενέσθαι’
2954 4266 3022 4318 τὰ
3051 4266 3108 4318 δὲ
3139 4265 3275 4321 ἀλλα
3313 4268 3568 4339 οὐδεμιᾶς
3607 4271 3777 4325 δεῖται
3810 4272 4056 4343 δαπάνης

2506 4354 2758 4424 οὐδεμιᾶς
2789 4354 2925 4425 βίας.
2963 4357 3101 4411 Ποία
3126 4358 3255 4429 γὰρ,
3288 4359 3410 4414 είπέ
3438 4377 3550 4431 μοι,
3580 4361 3671 4432 βία
3699 4362 3759 4416 τὺ
3790 4366 3870 4435 μή
3902 4365 4057 4417 κακῶ.

2508 4448 2703 4511 εἰπεῖν,
2747 4448 2882 4519 μηδὲ
2928 4448 3231 4504 διαϐάλλειν
3264 4448 3485 4517 ἀπλῶς;
3533 4453 3661 4507 ποία
3689 4453 3749 4507 δέ
3794 4453 3891 4524 βία
3919 4456 3980 4509 τὸ
4010 4456 4057 4525 μί

2510 4533 2822 4603 βασκαίνειν
2850 4540 2959 4601 τοῖς
2988 4539 3190 4610 ἐτέρων
3218 4541 3483 4609 ἀγαθοῖς;
3534 4542 3566 4612 ή
3611 4542 3743 4596 ποία
3784 4544 3881 4615 βία
3909 4547 3971 4599 τὸ
4010 4546 4058 4615 μὶ

2507 4623 2633 4696 δόξῃ
2667 4627 2865 4701 ἁλῶναι
2888 4644 2903 4693 ;
2933 4629 3007 4682 Τὸ
3035 4630 3415 4699 βασανίζεσθαι
3439 4631 3536 4686 καὶ
3556 4632 3763 4703 φέρειν,
3789 4637 4057 4708 καρτερία

2509 4716 2653 4769 ἐστί·
2680 4718 2996 4790 καρτερίας,
3038 4722 3135 4775 καὶ
3180 4722 3495 4792 φιλοσοφίαν
3521 4724 3731 4779 ἀσκεῖν’
3763 4729 4057 4799 καρτερίας

2508 4806 2571 4861 τδ
2623 4811 2813 4863 πενίαν
2868 4810 3201 4880 διενεγκεῖνο
3260 4814 3585 4887 καρτερίας,
3626 4816 3688 4868 τὸ
3735 4796 3887 4888 λιμῶ

2512 4899 2775 4955 παλαῖσαι
2800 4902 2897 4956 καὶ
2922 4902 3084 4973 δίψει.
3120 4902 3290 4959 Ὅταν
3315 4905 3373 4959 δὲ
3422 4906 3590 4976 μηδὲν
3626 4906 3830 4961 τούτων
3868 4902 3908 4983 ᾖ
3927 4948 3942 4971 ,

2511 4990 2720 5056 ἔξεστιν
2738 4992 3075 5048 ἀπολαύοντα
3090 4994 3198 5048 τῶν
3207 4995 3395 5061 όντων,
3406 4996 3481 5061 ὡς
3491 4998 3803 5069 Χριστιανῷ
3812 5004 4057 5072 προσῆκε

2515 5081 2589 5152 μή
2623 5082 2834 5151 φθονεῖν
2869 5087 2982 5147 τοῖς
3011 5085 3234 5157 ἐτέρων,
3260 5088 3388 5141 ποία
3418 5086 3547 5159 βίας
3571 5089 3889 5158 Οὑδαμόθεν
3934 5093 4058 5145 ἀλλο

2513 5171 2603 5225 θεν
2618 5172 2875 5241 ὁφθόνος,
2892 5175 3011 5228 ἀλλ’
3039 5177 3104 5229 ἐκ
3118 5175 3212 5229 τοῦ
3237 5175 3665 5250 προστετηκόναι
3684 5183 3799 5244 τοῖς
3824 5184 4057 5254 παροῦσι

2516 5264 2716 5335 μᾶλλον
2746 5266 2803 5321 δὲ
2849 5270 3028 5323 πάντα
3056 5271 3124 5324 τά
3155 5272 3317 5325 κακά.
3361 5272 3425 5325 Et
3469 5272 3577 5344 γάρ
3624 5273 3793 5343 μηδὲν
3839 5276 4057 5345 ἐνόμιζε

2513 5351 2654 5409 εἶναι
2687 5357 2757 5411 τά
2775 5361 3055 5431 χρήματα,
3088 5362 3181 5416 xal
3211 5364 3310 5434 τήν
3330 5364 3489 5430 δόξαν
3514 5361 3609 5419 τοῦ
3630 5365 3844 5438 κόσμου
3876 5371 4058 5424 τούτοι

2513 5446 2617 5501 οὐκ
2653 5446 2719 5502 ἀν
2744 5451 2859 5513 τοῖς
2886 5449 3103 5521 εχουσιν
3129 5453 3459 5526 ὲϐἀσκηνας.

2581 5717 2607 5745 ⁸
2636 5715 2815 5778 Πόθεν;
2840 5712 2912 5766 sic
2930 5728 3049 5765 mss.
3076 5713 3205 5767 Edili
3229 5729 3361 5779 vero,
3382 5717 3437 5765 τὸ
3457 5718 3507 5767 δὲ
3526 5722 3617 5767 πᾶν
3633 5718 3687 5769 ιιι
3702 5715 3809 5769 τοῦ.
