4064 6318
63 409 143 459 .95
955 403 1020 459 ΙΝ
1060 402 1272 460 ΕΡΙΒΤ.
1314 404 1403 459 AD
1442 403 1609 459 PlllLl

1714 443 1729 460 .
1768 403 1919 460 CAP.
1963 408 2002 461 I.
2046 407 2275 463 HOMIL.
2318 407 2382 463 ll.

54 537 217 592 minas
241 522 472 576 dabunt.
504 519 592 574 ΓΙ.
627 519 844 583 Quidam
891 533 1004 570 vero
1030 532 1092 570 ea:
1129 518 1373 580 caritate,
1404 519 1616 572 scientes

54 615 268 678 quoniam
314 614 367 663 in
404 611 750 681 defensionem
779 608 1020 677 evangelii
1062 609 1252 678 positus
1296 624 1426 661 sunt.
1478 608 1614 675 Quid

54 713 142 758 cst.
172 700 237 753 in
258 701 608 768 defensionem
634 698 878 767 evangelii
906 697 1097 768 positus
1120 698 1277 750 sum?
1306 697 1359 752 Id
1387 706 1485 760 est,
1516 698 1617 753 hoc

56 797 385 859 praestantes,
416 797 474 842 ut
503 804 570 843 ne
599 787 726 858 mihi
773 788 824 842 in
869 788 1173 850 rationibus,
1191 789 1302 842 Deo
1330 787 1616 844 reddendis

47 880 189 934 uide
217 877 571 935 laborandum
599 877 702 941 sit,
755 887 808 933 et
835 877 1084 947 quiddam
1133 878 1261 932 mibi
1289 879 1509 933 subsidii
1547 879 1614 933 ad

49 970 401 1025 defensionem
429 966 737 1029 afferentes.
767 968 879 1022 lloc
906 977 1007 1033 est,
1051 968 1242 1023 Jussus
1271 984 1386 1022 sum
1415 969 1612 1038 praedi-

49 1074 190 1123 care;
217 1060 462 1114 rationes
488 1057 925 1112 mihi-reddendae
950 1069 1094 1120 sunt,
1122 1073 1185 1112 ac
1206 1057 1443 1113 defensio
1467 1074 1616 1112 com-

52 1147 266 1215 paranda
299 1163 398 1216 pro
443 1147 694 1218 imposito
737 1148 865 1202 mihi
909 1147 1124 1202 officio:
1173 1149 1347 1217 igitur,
1391 1157 1449 1203 ut
1496 1164 1611 1202 mea

51 1236 274 1295 defensio
300 1238 371 1290 sit
401 1236 625 1301 facilior,
657 1237 967 1305 adjuntento
1011 1238 1142 1292 mihi
1188 1250 1332 1294 sunt.
1375 1239 1608 1307 Etenim,

51 1333 86 1380 si
114 1327 257 1382 multi
279 1328 487 1381 inventi
525 1326 720 1382 fuerint
746 1329 837 1397 qui
859 1329 1180 1384 catechesim
1210 1331 1514 1400 acceperint
1558 1341 1614 1386 et

51 1415 379 1483 (redidcrint,
407 1417 574 1471 facilis
601 1418 732 1471 tuilii
752 1418 996 1473 defensio
1018 1421 1140 1476 erit.
1165 1420 1251 1477 18.
1279 1421 1415 1488 Quid
1439 1424 1570 1476 enim
1587 1424 1613 1478 .’

48 1510 154 1561 dum
173 1507 310 1561 omni
338 1509 490 1560 modo
511 1509 614 1562 sive
642 1525 732 1579 per
757 1511 1092 1573 occasionem,
1121 1512 1224 1565 sive
1239 1529 1328 1583 per
1353 1516 1612 1568 veritatem

49 1592 261 1649 Christus
288 1599 644 1649 mentiatur.
676 1597 806 1666 Vide
833 1599 930 1653 viri
958 1599 1347 1670 philosOphiam
1377 1620 1391 1657 :
1420 1618 1524 1657 non
1559 1606 1611 1658 in

53 1685 152 1739 illos
175 1685 523 1742 vehementer
545 1688 789 1744 invectus
813 1700 921 1756 est,
942 1691 1034 1744 sed
1065 1691 1257 1746 factum
1289 1693 1461 1764 ipsum
1487 1709 1611 1749 nar-

51 1775 189 1830 ravit.
213 1774 354 1843 Quid
382 1777 525 1832 enim
551 1792 688 1842 mea,
714 1779 905 1849 inquit,
938 1780 1185 1848 interest,
1214 1791 1388 1837 utrum
1417 1784 1520 1839 hoc
1541 1801 1611 1841 an

53 1867 132 1920 illo
153 1867 353 1922 modo?
389 1868 434 1922 si
466 1867 814 1924 nihilominus
836 1872 949 1925 sive
976 1873 1288 1938 occasione,
1315 1873 1428 1930 sive
1472 1877 1612 1930 veri-

48 1966 143 2013 tate
163 1957 413 2014 Christus
428 1961 638 2015 interea
661 1963 1043 2017 snnuntiatur'!
1068 1963 1182 2018 Non
1204 1965 1358 2032 dixit,
1389 1969 1611 2021 Annuu-

50 2049 210 2111 tiatur,
253 2050 408 2118 quasi
453 2049 626 2118 legem
669 2049 888 2116 ferens,
930 2050 1027 2105 sed
1077 2053 1308 2121 primum
1361 2066 1608 2112 eventum

52 2141 200 2206 ipsum
230 2141 515 2205 narravit;
544 2140 762 2207 deinde,
790 2142 949 2195 etiam
993 2141 1039 2196 si
1083 2141 1255 2212 legem
1283 2143 1462 2199 ferens
1508 2145 1611 2202 hoc

49 2228 297 2295 dixisset,
354 2244 464 2284 non
495 2239 778 2300 propterea
827 2229 1119 2286 haeresibus
1154 2232 1356 2288 aditum
1402 2233 1608 2304 patefe-

49 2327 207 2372 Cisset.

106 2409 153 2462 3.
188 2409 318 2464 Rem
348 2410 493 2464 enim
526 2411 719 2479 ipsam,
745 2411 789 2464 si
819 2411 968 2478 libet,
997 2413 1364 2482 expendamus
1386 2455 1402 2479 ,
1443 2426 1500 2470 et
1526 2416 1610 2470 in-

49 2502 327 2570 telligemus
355 2502 615 2571 profecto,
637 2503 797 2557 etiam
833 2505 878 2558 si
914 2504 980 2558 ad
1015 2520 1137 2560 eum
1167 2506 1384 2560 modum
1415 2508 1610 2576 przedi-
1645 2528 1650 2533 -

48 2609 153 2646 care
174 2595 443 2662 jussisset,
485 2595 932 2663 quemadmodum
967 2597 1042 2650 illi
1075 2598 1470 2666 praadicabant:
1499 2613 1607 2654 non

49 2695 204 2738 tmen
251 2685 352 2739 hac
397 2685 605 2739 ratione
649 2685 841 2740 hmresi
889 2687 1064 2741 locum
1110 2689 1248 2742 dari.
1296 2688 1608 2756 Quomodo?

45 2775 286 2840 Quoniam
321 2775 395 2829 illi
423 2790 609 2832 sanam
631 2775 846 2844 quidem
895 2776 1192 2831 doctrinam
1221 2779 1606 2846 prmdicabaut,

49 2867 362 2933 propositum
393 2881 522 2920 vero
547 2881 610 2920 ac
629 2881 804 2933 tuens,
832 2883 933 2936 qua
964 2868 1014 2920 id
1037 2867 1324 2933 faciebant,
1356 2882 1607 2940 corrupta

48 2969 164 3020 erat,
188 2973 292 3010 non
317 2966 494 3010 tamen
523 2965 580 3010 ut
601 2957 841 3011 doctrina
878 2957 1160 3026 praedicata
1195 2960 1487 3014 variaretur
1508 2960 1605 3031 (a).

50 3045 139 3100 Sed
169 3057 225 3101 ut
248 3046 441 3101 eodem
472 3046 632 3101 modo
657 3046 1034 3117 pra-dicarem,
1064 3062 1252 3118 magna
1284 3049 1389 3103 illis
1435 3050 1608 3118 impo-

49 3141 132 3191 sita
159 3140 450 3195 necessitas
475 3149 609 3194 erat.
654 3140 1031 3211 Quapropter?
1059 3142 1342 3208 Quoniam,
1378 3143 1424 3198 si
1453 3143 1610 3198 aliter

50 3232 410 3296 prsedicasseut
437 3247 500 3286 ac
534 3232 763 3298 Paulus;
805 3233 851 3286 si
893 3234 1052 3289 aliter
1097 3235 1406 3290 docuissent
1447 3245 1607 3305 atque

49 3320 139 3379 ille.
170 3324 407 3390 profecto
439 3323 781 3394 Imperatoris
811 3325 943 3378 iram
973 3341 1081 3379 non
1119 3328 1398 3392 auxissent
1423 3347 1435 3382 :
1465 3343 1608 3382 nunc
1632 3347 1644 3364 -

49 3426 158 3466 vero
185 3413 286 3467 hoc
328 3413 466 3482 ipso,
498 3413 639 3484 quod
671 3414 816 3468 illius
842 3415 1276 3486 praedicationem
1315 3418 1609 3475 dilatabant

49 3512 189 3570 atque
236 3491 429 3561 eadem
473 3504 775 3574 docebant,
825 3517 880 3562 et
924 3508 1128 3564 similes
1171 3509 1272 3564 sibi
1318 3519 1478 3582 atque
1516 3513 1608 3569 ille

48 3589 318 3662 discipulos
340 3595 740 3665 comparabant,
769 3596 1150 3667 imperatorem
1181 3601 1393 3656 irritare
1415 3612 1608 3672 potue-

48 3693 172 3752 rant,
198 3693 342 3741 tanta
390 3685 772 3757 discipulorum
825 3689 1163 3746 multitudine
1211 3694 1507 3764 prodeunte
1553 3698 1606 3753 in

48 3784 391 3857 conspectum.
440 3777 546 3834 Sed
590 3777 930 3849 importunus
975 3782 1235 3853 quiSpiam
1278 3796 1333 3839 et
1380 3788 1606 3844 stolidus

49 3862 174 3919 hunc
202 3866 377 3922 locum
417 3869 853 3938 reprehendens,
900 3871 973 3926 ita
998 3873 1140 3928 dicet
1172 3891 1186 3928 :
1217 3874 1328 3930 lmo
1371 3893 1499 3933 vero
1529 3880 1605 3934 illi

51 3959 349 4014 contrariam
377 3960 638 4016 rationem
667 3964 878 4030 sequuti
909 3973 1090 4018 essent
1111 4005 1126 4028 ,
1153 3968 1199 4019 si
1243 3966 1464 4022 Paulum
1514 3970 1607 4024 lte-

53 4046 161 4102 dere
192 4051 525 4106 voluissent:
556 4067 660 4107 non
681 4055 824 4108 enim
850 4054 1088 4109 fidelium
1122 4073 1398 4114 numerum
1429 4062 1604 4117 auxiso

53 4141 288 4219 scut,.sed
319 4156 415 4196 eos
442 4143 619 4211 potius
647 4144 738 4214 qui
750 4143 862 4214 jam
886 4146 1252 4215 crediderunt,
1281 4149 1603 4220 abegisseut.

53 4225 166 4290 Quid
184 4210 338 4300 igitur
360 4210 839 4301 respondebimus?
860 4235 971 4290 Hoc
988 4252 1148 4291 unum
1171 4210 1291 4294 illos
1311 4210 1602 4312 spectasse,

53 4327 100 4369 ut
124 4318 331 4375 Paulum
361 4324 712 4389 praesentibus
733 4325 983 4395 periculis
1010 4327 1514 4400 circumcingerent,
1541 4347 1606 4390 ut

54 4423 112 4463 ne
139 4411 275 4466 illum
297 4413 495 4469 dimitti
523 4415 783 4483 sinerent;
813 4420 1092 4494 atquehac
1118 4424 1326 4478 ratione
1348 4428 1607 4494 putabant

54 4496 283 4568 majorem
314 4517 376 4557 se
407 4502 482 4556 illi
506 4503 750 4560 dolorem
774 4506 1052 4572 allaturos,
1082 4521 1242 4580 atque
1267 4517 1604 4584 evangelium

53 4589 384 4646 exstincturus
405 4633 420 4658 ,
453 4606 614 4662 quam
650 4596 695 4649 si
730 4595 849 4652 illos
891 4598 1216 4668 abegisseut.
1250 4601 1433 4661 ‘Aliter
1460 4606 1605 4661 enim

56 4675 270 4736 faciendo
297 4690 355 4738 et
397 4681 740 4755 imperatoris
760 4687 892 4742 iram
929 4689 1210 4747 sedassent
1233 4734 1249 4760 ,
1279 4705 1334 4750 et
1380 4696 1604 4753 Paulum

55 4767 182 4823 exire
196 4784 256 4824 ac
273 4776 462 4829 rursus
479 4774 770 4844 pradicare
796 4777 1057 4836 sivissent
1076 4797 1092 4845 ;
1127 4783 1228 4839 hoc
1249 4795 1428 4856 autem
1445 4789 1606 4845 modo

57 4864 195 4912 totam
214 4875 272 4916 se
287 4878 407 4918 rem
423 4872 666 4929 evertere
681 4867 1202 4937 existimabant,cum
1222 4875 1394 4945 ipsum
1413 4877 1480 4933 de
1493 4894 1607 4934 me-

56 4944 130 5000 dio
151 4953 504 5008 sustulissent.
533 4954 714 5026 Neque
739 4973 869 5014 vero
898 4961 1050 5016 multi
1084 4963 1188 5020 huc
1229 4944 1604 5036 penetrabant,

56 5037 132 5089 sed
154 5042 312 5097 autari
333 5043 550 5112 quidam
581 5046 826 5104 homines
846 5060 900 5104 et
931 5052 1176 5122 improbi.
1203 5056 1425 5124 Deinde,
1460 5061 1526 5114 Et
1553 5063 1607 5116 in

60 5126 150 5191 ftoc,
168 5131 350 5202 inquit,
379 5135 597 5204 gaudeo,
620 5138 709 5192 sed
737 5148 784 5193 et
803 5142 1050 5211 gaudebo.
1081 5146 1216 5213 Quid
1247 5150 1347 5204 hoc
1367 5163 1467 5216 est,
1499 5152 1608 5208 Sed

59 5229 92 5266 et
115 5219 322 5287 gnuaer
341 5223 370 5276 .’
400 5224 571 5279 Etiam
593 5225 659 5288 si.
678 5228 866 5300 inquit,
889 5237 1057 5304 magis
1073 5253 1135 5290 ac
1157 5242 1324 5310 magis
1347 5242 1396 5295 id
1423 5255 1600 5312 agant.

59 5306 162 5361 Nam
191 5312 268 5367 vel
309 5313 468 5370 inviti
505 5319 742 5377 actiones
770 5338 917 5378 meas
959 5306 1336 5397 adjuvantpet
1362 5335 1604 5393 laborum

108 5504 674 5591 fgL-“if:
703 5524 755 5591 et
786 5531 852 5569 ex
889 5519 1073 5591 Nobilio
1116 5527 1435 5578 restituimus.
1480 5530 1602 5591 Quae

61 5569 216 5644 i‘i‘f’i
229 5568 898 5644 μμσέοίῂωπιξοξιοφιιέέ
909 5568 1103 5644 eam
1118 5568 1604 5644 ὧῑὶἐόῖιῖιὶῗὲιιῶἶῖἒ

62 5631 148 5724 Eua
167 5632 354 5699 malit
390 5635 439 5682 in
463 5631 674 5704 Humilia
695 5639 747 5687 in
770 5631 900 5708 hunc
921 5631 1238 5714 Epistoué'ad
1248 5631 1605 5722 vianti-‘35;

225 5698 324 5760 5‘”;
347 5707 436 5756 Ρεν
451 5708 768 5760 95W“.
789 5713 886 5752 ειυϐ
904 5717 990 5760 per
1013 5714 1260 5757 veritatem
1281 5711 1496 5760 Christus
1512 5729 1603 5760 (m-

63 5707 205 5752 num.
225 5707 324 5742 suae
347 5707 436 5756 per
451 5708 768 5757 occasionem,
789 5707 886 5752 sive
904 5717 990 5766 per
1013 5707 1260 5757 veritatem
1281 5707 1496 5764 Chrisius
1512 5729 1603 5766 an-

62 5747 260 5798 nanhetur
303 5757 425 5813 Qus:
451 5752 663 5808 habetur
679 5766 809 5811 Tom.
834 5762 923 5825 ιιι,
946 5765 1041 5817 col.
1064 5769 1294 5819 511-312.

3211 423 3316 481 194

1728 534 1863 586 quos
1892 519 1943 572 in
1989 520 2085 575 hac
2113 537 2170 575 re
2197 522 2529 591 impendunt,
2561 523 2658 593 ipsi
2687 525 2901 596 quidem
2930 541 3162 597 pinnam,
3207 547 3311 603 ego

1725 624 1852 662 vero
1881 611 1968 677 qui
1997 625 2063 665 eo
2107 612 2238 666 nihil
2281 612 2526 677 confero,
2570 617 2872 672 mercedem
2909 619 3095 673 feram.
3141 621 3311 678 Estne

1723 698 2015 768 quidquam
2042 688 2258 754 diabolo
2285 702 2567 762 scelestius
2597 703 2698 758 hoc
2719 715 2933 775 agente,
2962 718 3018 761 ut
3045 715 3312 779 evangelii

1722 789 1993 857 susceptio
2022 790 2107 854 iis,
2159 792 2355 870 quibus
2382 794 2658 860 suscipere
2684 799 3012 864 persuaserit
3037 840 3051 863 ,
3104 803 3297 870 suppil-

1723 876 1863 931 cium
1913 866 2206 935 conciliet?
2236 881 2398 937 Vides
2445 885 2661 952 quantis
2705 886 2860 940 malis
2905 889 3138 958 undique
3173 866 3307 948 suos

1720 967 2024 1036 perfodisti
2068 984 2282 1039 pinnam
2333 972 2452 1027 istis
2498 983 2556 1028 et
2597 964 2916 1044 supplicium
2961 994 3027 1032 ex
3073 980 3302 1050 ipsamet

1721 1056 2101 1124 praedicatione
2127 1069 2184 1113 et
2205 1060 2482 1116 laboribus
2508 1062 2562 1116 in
2593 1078 2654 1118 ea
2696 1068 2961 1136 susceptis
2990 1067 3300 1128 fabricatur.

1721 1145 1918 1216 Ecquis
1945 1147 2081 1201 alius
2112 1149 2361 1206 inimicus
2387 1163 2547 1222 atque
2575 1154 2768 1219 hostis,
2794 1157 3052 1227 quidquid
3083 1161 3149 1214 ad
3180 1161 3301 1214 illo-

1720 1253 1838 1292 rum
1860 1239 2089 1294 salutem
2118 1241 2335 1308 faceret,
2359 1245 2438 1299 sic
2463 1245 2855 1316 disposuisset?
2884 1248 3141 1321 Intelligis
3168 1254 3304 1308 nihil

1718 1342 1840 1382 eum
1873 1345 2051 1399 posse,
2078 1332 2169 1401 qui
2197 1333 2461 1389 adversus
2489 1337 2767 1392 veritatem
2797 1339 2994 1395 bellum
3025 1341 3183 1411 gerit,
3204 1347 3302 1399 sed

1718 1421 1895 1489 potius
1907 1423 2140 1492 seips'um
2160 1426 2461 1491 vulnerare,
2474 1429 2928 1497 quemadmodum
2943 1433 3033 1501 qui
3047 1435 3303 1492 adversus

1717 1513 1989 1570 stimulum
2016 1515 2301 1585 calcitrat?
2330 1517 2419 1573 l9.
2453 1517 2576 1574 Scio
2601 1522 2757 1587 enim,
2789 1523 2963 1592 inquit
2984 1563 3000 1587 ,
3048 1526 3168 1594 quia
3207 1527 3304 1581 hoc

1717 1606 1844 1659 milii
1871 1611 2128 1675 proveniet
2171 1610 2239 1661 ad
2283 1610 2500 1666 “(autem
2545 1628 2634 1681 per
2663 1623 2879 1666 vestram
2931 1616 3213 1670 orationem
3252 1627 3300 1672 et

1714 1696 2233 1760 subntinistrationem
2261 1700 2492 1770 Spiritus
2536 1700 2663 1756 Jesu
2689 1702 2896 1758 Christi.
2923 1704 3064 1759 Nihil
3088 1707 3300 1762 diabolo

1716 1788 1999 1849 scelestius
2041 1808 2056 1844 :
2101 1791 2168 1843 ita
2218 1792 2413 1864 ubique
2455 1791 2797 1849 infructuosis
2849 1795 3121 1852 laboribus
3171 1815 3300 1854 suos

1713 1877 1891 1934 obruit
1921 1893 1984 1934 ac
2009 1879 2231 1935 dilaniat
2264 1899 2278 1936 :
2311 1897 2410 1938 nec
2436 1886 2611 1937 solum
2642 1887 2982 1954 praemiorum
3021 1899 3300 1958 compotes

1713 1981 1836 2023 esse
1858 1969 2077 2025 minime
2104 1973 2250 2039 sinit,
2279 1973 2372 2027 sed
2389 1975 2549 2029 etiam
2572 1977 2832 2046 supplicio
2863 1980 3010 2033 novit
3037 1979 3299 2037 obnoxios

1714 2055 1910 2113 facere.
1940 2059 2058 2114 Non
2106 2061 2249 2116 enim
2278 2063 2450 2117 solum
2491 2066 2922 2134 prtedicationem
2945 2109 2962 2133 ,
3008 2069 3102 2124 sed
3133 2073 3295 2126 etiam

1714 2147 1976 2217 ejusmodi
2001 2151 2200 2219 jejunia
2243 2166 2308 2208 ac
2338 2153 2690 2224 virginitatem
2725 2157 2857 2226 ipsis
2884 2158 3132 2231 iniungit,
3176 2177 3298 2232 quas

1714 2253 1820 2293 non
1848 2240 2007 2296 modo
2043 2244 2276 2311 praemiis
2299 2247 2370 2299 sit
2414 2245 2537 2301 illos
2562 2249 2826 2318 privatura
2852 2292 2870 2317 ,
2899 2267 3083 2307 verum
3132 2255 3295 2310 etiam

1711 2343 1961 2399 magnam
1988 2332 2348 2389 calamitatem
2385 2335 2467 2400 iis,
2501 2338 2590 2406 qui
2619 2339 2788 2407 ipsam
2815 2336 3055 2411 amplexi
3078 2343 3295 2410 fuerint,

1715 2417 2011 2477 invectum.
2041 2421 2116 2476 De
2135 2423 2330 2491 quibus
2353 2433 2408 2480 et
2426 2425 2550 2480 alibi
2582 2427 2753 2498 inquit
2791 2446 2806 2484 :
2834 2429 3176 2488 Canteriatam
3203 2435 3300 2489 Ita-

1712 2508 1881 2564 bentes
1905 2526 2050 2563 suam
2073 2513 2428 2567 conscientiam
2457 2514 2533 2586 (l.
2566 2515 2703 2576 Tim.
2733 2519 2787 2574 4.
2815 2519 2893 2590 2).
2933 2519 3292 2588 Quamobrem

1715 2599 1920 2666 hortor,
1954 2617 2052 2672 pro
2096 2604 2344 2658 omnibus
2374 2607 2570 2674 gratias
2603 2623 2822 2678 agamus
2855 2611 2983 2677 Deo,
3015 2614 3103 2682 qui
3145 2615 3299 2669 nobis

1712 2699 1768 2743 ct
1791 2690 2000 2746 labores
2028 2693 2172 2748 leves
2212 2692 2357 2759 fecit,
2399 2708 2453 2750 et
2482 2698 2760 2754 mercedes
2787 2702 2955 2756 auxit.
2987 2703 3131 2770 Quas
3153 2706 3294 2760 enim

1714 2782 1991 2838 mercedes
2018 2786 2156 2852 apud
2194 2801 2291 2839 nos
2321 2787 2355 2840 ii
2384 2799 2806 2858 consequuntur,
2839 2794 2927 2862 qui
2960 2805 3108 2850 caste
3137 2810 3296 2851 utun-

1715 2880 1801 2926 tur
1829 2875 2191 2944 matrimonio,
2237 2892 2330 2932 eas
2353 2879 2493 2948 apud
2541 2881 2671 2936 istos
2698 2898 2766 2936 ne
2811 2883 2886 2937 illi
2927 2886 3165 2955 quidem,
3204 2891 3296 2958 qui

1712 2965 2066 3034 virginitatem
2096 2978 2329 3033 servant,
2364 2973 2573 3040 assequi
2602 2985 2854 3042 possunt;
2900 2977 2991 3030 sed
3023 2979 3112 3046 qui
3156 2980 3296 3048 apud

1714 3054 1997 3109 haereticos
2029 3059 2382 3128 virginitatem
2412 3062 2616 3125 colunt,
2648 3065 2891 3120 eamdem
2919 3082 2982 3122 ac
3008 3070 3297 3126 fornicato-

1714 3157 1801 3196 res
1833 3159 2043 3211 ptenam
2072 3147 2325 3201 subeunt.
2361 3148 2545 3204 Unde?
2573 3151 2724 3219 Quod
2759 3153 2885 3207 nihil
2913 3157 3054 3211 bono
3072 3161 3298 3215 ec-nsilio

1710 3246 1772 3285 ac
1800 3235 2073 3302 pr0pusito
2118 3234 2313 3291 faciant
2336 3278 2372 3303 ,.
2403 3239 2495 3293 sed
2527 3251 2582 3293 ιιι
2621 3253 2898 3298 creaturas
2931 3246 3023 3301 Dei
3061 3248 3294 3305 immen-

1710 3337 1932 3394 samque
1961 3326 2102 3380 illius
2129 3329 2442 3398 sapientiam
2475 3333 2842 3389 criminentur.
2877 3337 3038 3406 Igitur
3076 3355 3142 3395 ne
3187 3323 3318 3402 tur--

1711 3427 1930 3481 peamus
1949 3408 2268 3487 negligentia
2302 3436 2316 3472 :
2348 3420 2621 3476 moderata
2653 3424 2808 3478 nobis
2832 3428 3125 3484 certamina
3155 3432 3297 3488 Deus

1713 3495 1977 3575 iujunxit,
2010 3510 2207 3565 nullius
2236 3509 2350 3565 fere
2381 3511 2579 3567 laboris
2614 3515 2788 3584 plena.
2823 3517 2932 3573 Nec
2962 3530 3137 3575 tamen
3169 3539 3297 3592 pro.

1711 3607 1893 3666 pterea
1919 3599 2296 3668 despiciemus.
2332 3602 2465 3658 Nam
2496 3608 2541 3659 sl
2568 3605 2808 3664 hatretici
2836 3611 3111 3667 inutilibus
3142 3616 3296 3671 labo-

1711 3689 1860 3744 ribus
1887 3692 2094 3760 seipsos
2121 3693 2317 3748 misere
2341 3693 2601 3751 afflictant
2626 3713 2641 3763 ;
2690 3713 2812 3768 qua:
2837 3701 2994 3758 nobis
3020 3709 3296 3761 excusatio

1711 3781 1913 3851 reliqua
1936 3782 2057 3846 erit,
2091 3784 2134 3836 si
2166 3799 2338 3854 neque
2369 3794 2517 3841 tanto
2543 3789 2780 3844 minores
2801 3831 2817 3856 ,
2850 3792 3149 3864 quibusque
3175 3813 3293 3852 nia-
3383 3838 3395 3848 .

1711 3873 1849 3926 xiuia
1864 3881 1948 3928 est
1961 3877 2226 3944 proposita
2249 3892 2478 3943 merces,
2498 3880 2679 3936 subire
2697 3885 3022 3940 voluerimus
3034 3890 3059 3942 ?
3075 3889 3292 3960 Ecquod

1714 3963 1852 4026 enim
1882 3963 2078 4018 Chriin
2117 3977 2502 4036 praceptorum
2527 3973 2728 4040 grave?
2756 3977 2962 4043 ecquod
2994 3979 3148 4034 valde
3177 3997 3296 4034 nio-

1719 4055 1910 4107 lestum
1942 4057 2061 4108 est?
2083 4056 2198 4110 Non
2219 4067 2371 4127 potes
2393 4060 2443 4113 in
2471 4061 2768 4130 virginitate
2795 4066 3028 4135 degere?
3050 4069 3173 4125 licet
3202 4072 3295 4129 tibi

1712 4148 2052 4199 matrimonio
2075 4148 2249 4217 jungi.
2296 4149 2412 4204 Non
2440 4162 2590 4221 potes
2625 4155 2729 4208 tuis
2772 4167 2821 4210 te
2852 4159 3011 4215 rebus
3044 4164 3296 4219 omnibus

1713 4237 1957 4321 privare?
1989 4239 2105 4293 licet
2137 4240 2230 4294 tibi
2274 4256 2338 4296 ex
2375 4237 2537 4298 bonis
2564 4246 2669 4300 tuis
2695 4248 2848 4303 alti-ri
2895 4255 3235 4321 suppeditare
3275 4273 3294 4315 :

1723 4314 1922 4391 Vestra,
1967 4328 2154 4398 inquit,
2207 4330 2519 4386 abundantia
2541 4333 2745 4389 illorum
2789 4314 3016 4410 inapiani
3062 4345 3296 4414 suppleat

1715 4414 1790 4485 (Ξ.
1823 4417 1941 4470 Cor.
1961 4419 2014 4472 8.
2045 4420 2155 4490 ll).
2187 4420 2319 4476 Nam
2352 4423 2450 4478 ista
2488 4426 2706 4494 quidem
2734 4430 2884 4483 valde
2908 4433 3092 4500 gravia
3123 4437 3292 4492 videri

1711 4508 1955 4577 possint,
2003 4511 2260 4578 pecunias
2304 4528 2400 4581 pro
2447 4515 2614 4569 nihilo
2667 4519 2897 4584 habere,
2946 4533 3001 4576 et
3035 4539 3296 4593 corporea

1709 4598 2002 4666 cupiditate
2038 4596 2386 4671 superiorem
2435 4621 2588 4671 esse;
2636 4609 2737 4663 alia
2769 4627 2898 4666 vero
2942 4623 2998 4668 ut
3049 4629 3292 4686 pra-stes,

1711 4689 1858 4742 nullo
1877 4699 2110 4760 sumptu,
2135 4694 2276 4747 nulla
2300 4693 2550 4751 violentia
2567 4712 2702 4768 opus
2718 4711 2818 4754 est.
2839 4701 3007 4769 Quam
3022 4709 3176 4777 enini
3202 4710 3294 4764 tibi

1711 4777 1816 4831 vim
1859 4777 2306 4850 efferasoportet,
2337 4795 2392 4838 ut
2419 4800 2487 4841 ne
2536 4789 2825 4846 maledicas
2855 4809 2955 4848 nec
2987 4797 3297 4864 criiuincris

1714 4868 1961 4922 temere?
1991 4884 2058 4923 ne
2087 4880 2407 4927 ceterorum
2439 4874 2595 4947 bonis
2617 4878 2896 4936 invideas?
2919 4899 2984 4938 ne
3005 4887 3296 4945 :unbitione

1711 4959 1979 5028 capiaris?
2005 4961 2312 5020 Tormentis
2337 4967 2549 5036 subjici,
2580 4985 2680 5025 nec
2699 4972 2766 5026 de
2789 4977 2955 5043 gradu
2979 4961 3169 5047 dejiei,
3203 4998 3297 5052 ιιι.
3321 5013 3325 5017 η

1712 5051 1914 5104 tientia:
1941 5061 2053 5117 est;
2083 5056 2136 5107 in
2165 5057 2550 5114 exercitatione
2598 5061 2963 5134 philosophica
3011 5083 3071 5125 se
3116 5051 3296 5128 conti-

1712 5156 1863 5204 nere.
1891 5143 2158 5211 patientia:
2188 5155 2303 5211 est;
2329 5158 2694 5217 paupertatem
2723 5153 2886 5222 ferre,
2913 5172 3034 5214 cum
3061 5161 3203 5218 fame
3231 5180 3295 5224 as

1711 5231 1798 5284 siti
1829 5231 2040 5299 luctari,
2073 5235 2340 5301 patientia“:
2385 5247 2488 5292 est.
2519 5241 2590 5294 At
2637 5242 2723 5296 ubi
2751 5245 2887 5299 nihil
2940 5249 3128 5304 horum
3157 5268 3297 5322 pm:-

1712 5328 1856 5375 stare
1899 5324 2141 5393 cogeris,
2191 5326 2284 5381 sed
2337 5326 2462 5382 licet
2507 5330 2606 5410 tibi
2645 5331 2803 5388 bonis
2844 5336 2987 5403 tuis,
3034 5353 3295 5410 quatenus

1710 5409 2075 5468 Christianum
2105 5415 2281 5482 decet,
2313 5405 2610 5488 fruentem:
2633 5423 2826 5479 alienis
2870 5443 2976 5495 non
3007 5405 3248 5490 invidere
3276 5454 3293 5491 :

1711 5517 1871 5572 quam
1915 5503 2170 5558 adhibeas
2218 5507 2524 5563 violentiam
2573 5515 2827 5580 oportet?
2879 5515 3037 5574 Certe
3101 5522 3293 5579 invidia

1711 5591 1927 5646 aliunde
1949 5607 2055 5646 non
2082 5595 2326 5665 exsistit,
2355 5613 2514 5667 quam
2541 5603 2681 5671 quod
2705 5618 2772 5658 ex
2811 5608 3173 5674 prtesentibus
3207 5623 3293 5666 re-

1711 5680 1811 5735 bus
1842 5681 2166 5750 pendemus;
2196 5687 2303 5740 imo
2325 5703 2453 5754 vero
2481 5706 2652 5760 neque
2699 5695 2913 5752 aliunde
2958 5705 3136 5756 omnia
3178 5722 3295 5759 nia-

1716 5773 1783 5827 ls.
1823 5774 1954 5829 Nam
1981 5777 2026 5831 si
2083 5778 2362 5848 pecuniam
2403 5790 2457 5836 et
2498 5785 2720 5853 gloriam
2766 5790 2950 5846 mundi
3003 5792 3156 5851 huius
3199 5813 3301 5868 pro
