4064 6318
784 414 883 469 195

782 526 947 579 nzhilo
980 530 1133 593 {nites
1157 562 1170 586 ,
1222 521 1527 589 neutiquam
1572 519 1635 572 iis
1662 519 1852 588 quibus
1894 526 2181 587 suppetunt
2216 517 2353 571 invio

782 616 953 669 dehis.

852 706 902 758 4.
927 703 1028 758 Sed
1060 702 1309 770 quoniam
1341 702 1455 755 istis
1486 699 1679 763 inhias,
1712 701 1807 753 ista
1842 699 2121 753 admiraris
2144 714 2207 752 ac
2236 707 2355 751 stu-

782 810 876 864 pes
904 811 918 851 :
952 794 1149 847 idcirco
1194 792 1403 847 invidiae
1429 834 1444 858 ,
1480 794 1675 847 idcirco
1707 792 1877 845 inanis
1904 792 2089 859 glorire
2120 790 2353 845 stimulis

781 886 998 955 agitaris
1034 902 1044 937 :
1078 900 1139 937 ac
1170 885 1398 954 denique
1428 886 1603 938 omnia
1638 883 1759 936 hinc
1794 882 2203 951 proﬁciscuntur
2235 923 2250 947 ,
2284 897 2351 935 ex

782 976 1133 1030 admiratione
1161 1017 1176 1041 ,
1210 975 1422 1045 inquam
1460 1014 1473 1037 ,
1521 975 1639 1027 vitae
1672 974 1950 1041 prsesentis
1980 989 2263 1043 rerumque
2292 972 2357 1025 ad

784 1054 927 1119 illam
963 1066 1367 1135 pertinentium.
1398 1065 1607 1120 lnvides
1637 1066 1729 1129 illi,
1762 1082 1918 1135 quem
1952 1066 2098 1121 vides
2129 1065 2358 1120 ditesce-
2384 1127 2400 1143 ο

785 1157 885 1212 re?
916 1158 980 1211 At
1008 1156 1096 1211 ille
1118 1156 1481 1211 misericordia
1504 1158 1679 1226 potius
1695 1174 1755 1211 ac
1780 1157 2027 1229 lncrymis
2048 1157 2237 1224 dignus
2254 1168 2356 1211 est.

784 1246 889 1302 Sed
919 1247 1175 1302 continuo
1205 1262 1325 1299 cum
1354 1247 1463 1299 risu
1486 1246 1661 1315 inquis
1691 1265 1702 1299 :
1730 1246 1839 1316 Ego
1865 1248 2111 1318 lacrymis
2134 1247 2321 1315 dignus
2341 1286 2355 1307 ,

786 1356 893 1395 non
940 1340 1029 1393 ille
1071 1336 1330 1408 profecto.
1377 1338 1649 1408 Lacrymis
1676 1338 1865 1407 dignus
1893 1346 1948 1393 et
1986 1346 2064 1403 tu,
2092 1352 2197 1391 non
2240 1337 2359 1391 ideo

784 1434 923 1503 quod
958 1447 1158 1502 pauper
1186 1446 1265 1494 es,
1292 1430 1384 1485 sed
1412 1431 1662 1500 quoniam
1694 1440 1744 1485 te
1772 1431 1941 1500 ipsum
1972 1431 2223 1485 miserum
2252 1428 2353 1481 du-

784 1525 885 1579 cis.
944 1521 1051 1577 Eos
1088 1523 1231 1576 enim
1260 1562 1276 1588 ,
1299 1522 1492 1592 quibus
1532 1520 1662 1574 nihil
1695 1521 1821 1574 mali
1849 1520 2004 1575 adest
2031 1558 2048 1587 ,
2090 1533 2153 1574 ac
2180 1526 2356 1573 tamen

784 1627 927 1682 aegro
954 1613 1133 1664 animo
1154 1618 1279 1664 sunt
1310 1650 1325 1673 ,
1357 1611 1606 1681 lacrytnis
1635 1610 2006 1679 prosequimur
2031 1649 2047 1674 ,
2078 1623 2184 1662 non
2216 1606 2356 1677 quod

786 1705 925 1758 male
953 1704 1200 1765 habeant,
1234 1702 1327 1756 sed
1351 1702 1514 1772 quod,
1543 1718 1662 1755 cum
1686 1702 1903 1755 minime
1930 1702 2067 1755 male
2093 1698 2319 1753 habeant
2338 1740 2356 1766 ,

786 1797 981 1849 habere
1004 1810 1063 1849 se
1092 1804 1297 1864 putant.
1348 1791 1830 1855 Etenim,dicmihi
1855 1834 1871 1857 ,
1913 1792 1957 1846 si
2005 1793 2175 1863 quisa
2210 1791 2359 1847 febre

782 1888 918 1941 liber
959 1895 1182 1940 intereat
1222 1884 1510 1953 volensque
1550 1883 1834 1938 decumbat
1874 1895 2035 1953 atque
2075 1884 2126 1937 in
2157 1882 2357 1937 lectulo

779 1976 1202 2037 circumferatur,
1237 1992 1413 2029 nonne
1441 1976 1540 2029 iste
1568 1975 1819 2045 lacrymis
1848 1974 2063 2045 dignior
2087 1990 2245 2046 quam
2281 1974 2359 2029 fe-

782 2067 864 2121 bri
891 2067 1215 2140 laborantes,
1247 2081 1352 2119 non
1382 2064 1521 2135 quod
1550 2064 1683 2119 febri
1715 2066 1917 2121 laboret
1946 2107 1961 2130 ,
1992 2067 2085 2121 sed
2113 2065 2255 2136 quod
2282 2068 2361 2121 ni-

782 2156 854 2210 hil
897 2158 1018 2210 tnali
1071 2155 1314 2221 habens,
1343 2155 1541 2211 habere
1583 2169 1643 2209 se
1672 2156 1864 2222 putet?
1893 2154 1973 2209 Tu
2020 2169 2234 2225 quoque
2282 2155 2359 2209 la-

780 2247 979 2316 crymis
1028 2244 1241 2314 dignus,
1289 2243 1410 2313 quia
1461 2252 1511 2297 te
1561 2245 1731 2312 ipsum
1780 2242 2135 2298 miserabilem
2164 2244 2353 2308 ducis;

782 2338 1000 2391 minime
1053 2351 1182 2390 vero
1235 2344 1453 2404 prepter
1506 2342 1911 2403 paupertatem;
1958 2350 2081 2387 nam
2130 2349 2357 2405 pauper-

782 2439 861 2484 tas
907 2430 1017 2498 ipsa
1059 2428 1141 2482 vel
1182 2427 1547 2480 beatissimum
1588 2436 1639 2479 te
1676 2426 1890 2480 iaceret.
1920 2424 2055 2491 Quid
2096 2434 2177 2479 est
2216 2424 2357 2494 quod

782 2520 1019 2574 invideas
1041 2517 1233 2573 diviti?
1251 2516 1393 2587 quod
1422 2517 1495 2570 sei
1504 2531 1654 2585 psum
1682 2514 1922 2585 pluribus
1941 2515 2087 2569 curis
2106 2514 2357 2583 subjecit?

781 2610 919 2679 quod
948 2609 1235 2664 difﬁciliori
1282 2608 1574 2663 servituti?
1617 2608 1757 2678 quod
1802 2606 2069 2661 sexcentis
2094 2608 2302 2662 catenis
2335 2646 2355 2675 ,

780 2704 940 2757 veluti
990 2703 1140 2756 eainis
1180 2700 1441 2771 quispiam
1474 2740 1489 2765 ,
1518 2701 1632 2754 suis
1682 2700 1917 2769 pecuniis
1964 2699 2194 2768 illigatus
2230 2700 2361 2753 est?

778 2793 1010 2847 Advenit
1040 2808 1232 2862 vesper
1253 2832 1268 2857 ,
1298 2792 1555 2846 successit
1594 2806 1696 2845 nox
1728 2831 1743 2857 ,
1788 2790 1909 2844 huic
1939 2805 2063 2844 vero
2090 2790 2265 2846 solatii
2294 2804 2357 2845 ac

779 2886 1033 2955 requietis
1064 2894 1269 2959 tempus
1302 2884 1359 2938 lit
1401 2884 1657 2938 tumultus
1686 2923 1700 2947 ,
1736 2883 1962 2939 tristitia:
1994 2923 2010 2952 ,
2057 2884 2305 2939 mereris
2336 2926 2352 2951 ,

782 2974 1155 3030 sollicitudinis
1189 2985 1417 3039 tempus.
1448 2974 1715 3043 lncrepuit
1737 2973 1903 3044 quid?
1931 2974 2188 3029 continuo
2232 2990 2356 3046 pro-

779 3066 902 3134 ripit
925 3080 1003 3119 se.
1030 3066 1069 3118 A
1101 3065 1397 3120 latronibus
1416 3063 1676 3134 spoliatus
1693 3071 1776 3117 est
1795 3063 2057 3133 quispiam
2080 3063 2104 3115 τ
2125 3063 2215 3134 qui
2240 3062 2354 3117 nul.

778 3152 887 3209 lum
927 3154 1179 3210 damnum
1230 3154 1391 3209 habet
1433 3154 1635 3222 majore
1678 3160 1958 3223 torquetur
1993 3152 2358 3209 sollicitudine

776 3258 935 3315 quam
956 3244 1049 3301 ille
1067 3246 1155 3315 qui
1184 3259 1372 3315 passus
1393 3252 1497 3299 est.
1521 3242 1655 3298 Nam
1683 3241 1772 3297 ille
1798 3242 2012 3312 quidem
2038 3243 2206 3301 semel
2236 3258 2358 3315 per-

776 3336 907 3392 didit
934 3377 951 3403 ,
996 3351 1060 3392 ac
1088 3336 1277 3392 dolore
1302 3346 1525 3407 accepto
1554 3351 1737 3389 curam
1766 3334 2017 3405 deposuit
2044 3350 2059 3400 ;
2108 3336 2194 3391 hic
2224 3349 2357 3391 vero

781 3441 1043 3501 perpetuo
1067 3444 1249 3484 secum
1279 3428 1419 3483 illam
1446 3427 1600 3498 gerit.
1632 3427 1863 3483 Advenit
1886 3442 2011 3494 nox,
2035 3436 2219 3497 portus
2244 3443 2355 3481 ma-

777 3520 948 3575 lorum
982 3529 1311 3586 nostrorum,
1342 3528 1645 3573 nostrarum
1676 3518 2041 3573 calamitatium
2064 3518 2311 3572 solatium
2334 3559 2351 3584 ,

773 3612 1051 3665 vulnerum
1081 3611 1528 3667 medicamentum
1560 3627 1575 3675 ;
1616 3625 1739 3664 nam
1776 3620 1831 3685 et
1874 3611 1948 3665 illi
1990 3610 2080 3682 qui
2127 3611 2179 3664 in
2210 3609 2352 3665 luctu

773 3704 954 3773 aliquo
981 3712 1107 3757 sunt
1134 3744 1150 3767 ,
1187 3704 1373 3757 amicis
1398 3702 1615 3773 quidem
1642 3710 1697 3757 et
1723 3704 1964 3772 cognatis
1991 3712 2047 3759 et
2077 3700 2354 3757 familiari-

774 3793 874 3847 bus
899 3834 914 3857 ,
943 3809 1005 3848 ac
1030 3809 1172 3863 swpe
1199 3794 1360 3848 etiam
1394 3793 1634 3863 patribus
1660 3794 2081 3855 consolationem
2117 3793 2352 3848 aﬂeren-

774 3882 936 3949 tibus,
966 3898 1071 3937 non
1104 3882 1566 3953 obtemperarunt,
1600 3898 1775 3952 nequo
1790 3899 1991 3943 morem
2019 3893 2299 3955 gesserunt
2332 3923 2349 3950 ,

771 3973 866 4027 sed
894 3976 1053 4027 etiam
1086 3973 1179 4027 illo
1208 3974 1324 4043 ipso
1347 3987 1597 4027 sermone
1621 3973 1686 4027 ad
1712 3973 2043 4028 iracundiam
2074 3986 2198 4030 sunt
2223 3990 2351 4045 pro-

771 4066 942 4121 vocati
968 4084 982 4122 :
1007 4066 1186 4120 nullus
1205 4065 1347 4120 enim
1364 4067 1529 4119 iustus
1549 4075 1651 4129 est,
1665 4068 1752 4135 qui
1775 4075 1831 4119 ut
1847 4048 2347 4133 acerbitasdoloris,

770 4160 975 4212 animas
1003 4167 1213 4212 nostras
1241 4158 1443 4212 cruciet
1468 4198 1483 4222 ,
1510 4172 1703 4212 sonmo
1730 4167 1907 4213 autem
1937 4160 2176 4229 requiem
2206 4160 2349 4215 iudi-

768 4258 923 4303 centc
950 4290 965 4315 ,
996 4263 1061 4301 ne
1088 4247 1276 4301 oculos
1306 4246 1526 4317 quidem
1553 4256 1740 4303 contra
1770 4250 2017 4305 attollere
2041 4242 2345 4309 valuerunt.

766 4336 1226 4403 Quemadmodum
1267 4336 1426 4406 igitur
1459 4350 1654 4405 corpus
1682 4337 1834 4393 valde
1877 4349 2113 4395 aestuans
2152 4350 2206 4395 et
2248 4341 2351 4396 sub

770 4427 1179 4483 ferventioribus
1197 4427 1356 4482 radiis
1374 4426 1646 4492 fatiscens,
1660 4427 1953 4484 diversorio
1968 4430 2118 4500 quasi
2134 4431 2344 4486 cuidam

768 4519 949 4575 multis
976 4520 1176 4588 irriguo
1199 4518 1453 4585 fontibus,
1485 4528 1541 4573 et
1564 4535 1627 4573 ex
1660 4519 1759 4575 levi
1779 4534 1908 4575 aura
1935 4521 2185 4576 solatium
2216 4521 2349 4577 alie-

768 4611 904 4665 renti
950 4609 1329 4664 commendare
1378 4610 1657 4665 solemus:
1689 4611 1759 4665 ita
1807 4626 1912 4665 nox
1953 4626 2145 4666 somno
2184 4614 2347 4670 tradit

767 4702 1000 4755 animam
1048 4710 1328 4766 nostram;
1355 4702 1436 4755 vel
1469 4701 1645 4770 potius
1688 4716 1861 4771 neque
1898 4717 2024 4767 nox,
2058 4718 2232 4774 neque
2258 4720 2346 4759 so-

768 4807 923 4847 mnus
965 4790 1066 4846 boc
1098 4799 1314 4861 praestat
1342 4832 1357 4858 ,
1390 4791 1483 4846 sed
1531 4792 1709 4845 omnia
1740 4790 1855 4846 haec
1896 4808 1926 4847 a
1974 4793 2083 4848 Deo
2110 4794 2343 4863 profecta

765 4893 937 4952 sunt,
982 4884 1073 4952 qui
1123 4883 1373 4938 miseram
1435 4883 1652 4937 humani
1706 4883 1919 4953 generis
1979 4886 2340 4941 conditionem

765 4975 927 5030 novit.

834 5064 1137 5120 Diuitiarum
1177 5081 1350 5119 onera.
1380 5094 1453 5105 —
1482 5064 1677 5120 Verum
1708 5080 1813 5119 non
1839 5067 2009 5122 nostri
2036 5067 2341 5124 misericor-

760 5158 849 5213 dia
882 5159 1181 5228 tangimur;
1215 5156 1309 5211 sed
1342 5155 1595 5225 perinde,
1624 5170 1687 5211 ac
1712 5156 1868 5211 nobis
1897 5156 1993 5227 ipsi
2024 5157 2221 5214 inimici
2263 5159 2341 5213 si-

770 5264 889 5303 nms
920 5287 935 5315 ,
968 5246 1301 5318 tyrannidem
1333 5246 1559 5300 naturali
1591 5246 1915 5303 necessitate
1942 5255 1997 5302 et
2019 5248 2213 5305 solatio
2253 5263 2345 5304 su-

760 5338 1027 5409 periorem
1057 5336 1211 5390 nobis
1234 5338 1674 5405 comparavimus,
1706 5337 1931 5407 vigilias,
1956 5338 2193 5409 inquam,
2222 5354 2343 5410 quae

762 5444 827 5485 ex
855 5428 1053 5482 divitiis
1072 5428 1351 5483 exsistunt.
1372 5425 1678 5481 Diuitiarum
1705 5428 1869 5495 enim,
1890 5429 2079 5499 inquit,
2096 5446 2220 5484 cura
2248 5447 2343 5485 au-

762 5523 862 5592 fert
903 5537 1134 5575 somnum
1177 5518 1197 5593 (
1224 5520 1385 5574 Eccli.
1418 5521 1507 5576 5i.
1541 5522 1560 5574 Ι
1592 5518 1635 5592 ).
1680 5520 1757 5576 Ac
1784 5520 1902 5576 vide
1927 5532 2122 5590 quanta
2149 5522 2221 5579 sit
2247 5522 2341 5580 Dei

758 5613 1116 5683 providentia.
1146 5612 1405 5667 Solatium
1431 5621 1487 5666 et
1511 5611 1749 5683 requiem
1772 5612 1909 5668 hanc
1930 5628 2035 5667 non
2066 5615 2340 5684 proposito

759 5705 1092 5775 consilioque
1119 5703 1411 5768 commisit,
1440 5703 1615 5757 somni
1642 5718 1798 5758 usum
1822 5719 1928 5759 non
1946 5703 2219 5762 electionis
2235 5722 2338 5761 no-

755 5808 881 5855 strae
910 5809 1032 5853 esse
1062 5792 1269 5863 voluit;
1298 5791 1393 5851 sed
1432 5790 1690 5851 naturalis
1734 5794 2066 5852 necessitatis
2106 5796 2333 5857 vinculis

1516 406 1570 459 s.
1614 404 1885 463 JOANNIS
1922 382 2391 461 CHRYSOSTUMI
2432 400 2745 457 ARClllEP.
2786 398 3313 457 CONSTANTINOP.
3960 392 4041 449 in.

2468 510 2772 577 adstrinxit,
2809 521 2866 565 ut
2888 512 2969 566 vel
3000 514 3147 565 inviti
3182 514 3497 567 beneficium
3523 513 3855 585 accipiamus
3890 516 4041 572 :dtn-

2468 605 2602 659 mire
2643 605 2785 657 enim
2835 616 3039 657 natura:
3078 615 3178 657 est.
3211 605 3315 659 Nos
3355 616 3531 660 autem
3578 610 3730 673 quasi
3769 625 3873 662 nos
3913 607 4043 678 ipsus

2466 697 2619 750 valde
2647 696 2935 759 oderimus,
2955 695 3106 765 quasi
3130 713 3233 749 non
3263 713 3378 752 nos.
3406 699 3499 753 sed
3524 700 3731 753 alienos
3762 700 3911 753 bello
3937 717 4041 769 per.

2466 801 2755 853 sequamur
2780 801 2841 839 ac
2874 802 3127 841 vexemus
3152 828 3164 849 ,
3200 787 3296 842 hac
3330 789 3439 855 ipsa
3466 790 3699 842 naturali
3727 793 4039 844 necessitate

2467 875 2722 943 majorem
2756 876 2911 929 nobis
2940 876 3276 946 tyrannidem
3301 878 3674 946 imposuimus,
3710 879 3859 933 illam
3890 880 4037 932 nino.

2467 980 2583 1018 rnm
2614 980 2732 1033 quae
2754 982 2820 1019 ex
2853 967 3092 1035 pecuniis
3114 976 3215 1020 est.
3246 967 3367 1019 Dies
3396 968 3613 1020 illuxit?
3641 976 3805 1037 atque
3836 968 3925 1021 hic
3954 970 4041 1021 Silii

2467 1058 2653 1111 metuit
2681 1072 2707 1108 a
2736 1057 3100 1127 sycophmtis.
3136 1058 3245 1112 Nox
3278 1060 3577 1113 successit?
3605 1060 3759 1113 timet
3788 1060 4037 1113 latrones.

2466 1146 2711 1204 Imminet
2754 1150 2943 1203 mors?
2990 1166 3093 1203 non
3125 1162 3330 1204 tantum
3374 1166 3436 1203 ex
3472 1151 3583 1218 ipsa
3626 1167 3691 1203 nn
3718 1161 3800 1205 rte
3844 1150 4039 1205 dolons

2464 1242 2603 1310 capit
2631 1283 2645 1307 ,
2689 1258 2846 1312 quam
2875 1242 3017 1312 quod
3049 1257 3142 1296 sua
3177 1244 3230 1297 in
3258 1244 3485 1295 aliorum
3516 1257 3709 1296 manus
3734 1242 4037 1296 devenient.

2466 1333 2747 1387 Pucrnlum
2780 1334 2943 1387 habet
2969 1333 2993 1387 ἲ
3025 1343 3149 1389 ttmc
3188 1348 3317 1387 vero
3357 1342 3503 1387 tanto
3535 1336 3707 1402 major
3732 1334 3999 1403 cupiditas
4029 1370 4040 1395 ,

2467 1431 2591 1476 tunc
2619 1438 2678 1479 se
2709 1439 2994 1492 pauperem
3021 1435 3188 1492 putat.
3214 1421 3326 1477 Non
3354 1423 3894 1493 littltt‘l?;t‘grlltltlllle
3921 1438 4035 1478 con-

2466 1514 2664 1569 ficitur.
2712 1515 2860 1570 ilunc
2891 1516 3051 1585 igitur
3079 1517 3291 1569 beatum
3318 1515 3527 1584 judicas
3553 1557 3567 1577 ,
3600 1516 3667 1569 ad
3698 1532 3861 1585 quem
3904 1516 4039 1570 nullo

2463 1618 2526 1659 ex
2556 1605 2675 1660 loco
2700 1605 2915 1660 afﬂuere
2946 1615 3118 1675 potest
3139 1607 3413 1675 voluptas?
3437 1606 3556 1659 huic
3582 1606 3831 1659 lluctilius
3847 1606 4037 1674 jactato

2463 1696 2669 1750 invides
2692 1737 2707 1757 .
2746 1712 2867 1751 cum
2898 1709 2950 1749 tu
2983 1698 3034 1750 in
3066 1698 3353 1767 tranquillo
3384 1712 3559 1767 portu.
3589 1707 3928 1767 paupertate,
3961 1698 4033 1751 in-

2462 1802 2620 1857 quam
2643 1827 2659 1852 ,
2703 1790 3101 1858 conquiescas?
3132 1789 3266 1843 Vere
3295 1799 3347 1843 et
3379 1788 3493 1843 lure
3521 1789 3807 1843 intirmitas
3832 1797 3917 1844 est
3945 1804 4029 1843 na-

2462 1886 2595 1932 tura:
2626 1878 2890 1945 humanm,
2922 1879 3057 1933 bona
3084 1895 3343 1949 generose
3374 1894 3477 1934 non
3511 1879 3670 1945 ferre,
3690 1881 3785 1936 sed
3810 1896 3874 1935 ea
3902 1882 4033 1934 unde

2414 2006 2419 2007 κ
2464 1970 2615 2022 nobis
2638 1968 2772 2022 bene
2793 1978 2874 2023 est
2893 1968 3235 2022 contumeliis
3262 1969 3550 2024 incessere.
3583 1973 3756 2040 Atque
3778 1969 3898 2025 haec
3927 1974 4031 2041 qui-

2460 2057 2581 2112 dem
2631 2059 2685 2111 in
2730 2058 2830 2112 hoc
2860 2060 3057 2113 mundo
3088 2077 3102 2112 :
3136 2075 3320 2113 verum
3360 2075 3480 2113 cum
3529 2061 3656 2115 illuc
3697 2061 3985 2116 abierimus
4018 2104 4029 2125 ,

2461 2150 2583 2203 audi
2604 2150 2728 2219 quid
2750 2149 2892 2203 dicat
2908 2150 3056 2205 dives
3078 2151 3167 2205 ille
3186 2152 3649 2207 innumerabilium
3669 2154 3935 2208 bimorum
3955 2154 4033 2208 do-

2463 2242 2660 2307 minus,
2678 2252 2734 2295 ut
2754 2242 2966 2312 quidem
2991 2251 3043 2296 tu
3066 2243 3196 2297 dicis
3221 2259 3234 2295 :
3263 2260 3432 2312 neque
3449 2246 3590 2298 enim
3612 2260 3711 2316 ego
3735 2247 3874 2300 bona
3898 2247 4033 2300 dite-

2460 2337 2583 2401 rim,
2597 2335 2689 2390 sed
2706 2334 3077 2390 indifferentia.
3100 2335 3191 2389 llic
3211 2336 3368 2406 igitur
3390 2337 3862 2393 innumerabilium
3882 2340 4032 2394 bono.

2461 2441 2579 2479 rum
2598 2426 2869 2493 dominus,
2886 2426 3008 2480 audi
3038 2426 3160 2495 quid
3183 2426 3344 2494 dicat,
3367 2437 3419 2482 et
3440 2428 3592 2499 cujus
3618 2430 3693 2484 rei
3720 2431 4029 2485 necessitate

2461 2514 2685 2569 laboret.
2713 2514 2884 2577 Pater,
2906 2516 3097 2586 inquit,
3118 2516 3557 2583 Abrahamhmitte
3586 2518 3864 2586 Lazarum,
3885 2531 3938 2573 at
3964 2523 4030 2573 in-

2460 2607 2619 2679 tingat
2638 2616 2916 2668 extremum
2931 2608 3077 2678 digiti
3088 2610 3166 2661 sui
3184 2609 3236 2662 in
3256 2625 3457 2678 aquam,
3476 2620 3523 2663 et
3535 2612 3795 2683 refrigeret
3815 2613 4028 2683 linguam

2460 2714 2653 2762 meam,
2687 2700 2926 2765 quoniam
2951 2700 3149 2753 crucior
3179 2700 3231 2753 in
3258 2702 3353 2754 hac
3382 2702 3590 2771 ﬂamma
3616 2700 3769 2771 (Luc.
3807 2704 3895 2759 16.
3925 2705 4027 2771 24).

2460 2786 2589 2841 Nam
2621 2788 2719 2842 etsi
2752 2788 2905 2843 dives
2933 2790 3032 2843 iste
3066 2789 3198 2844 nihil
3228 2806 3414 2846 eorum
3444 2793 3703 2849 malorum
3737 2836 3753 2860 ,
3801 2813 3923 2863 qum
3948 2813 4026 2851 su-

2459 2893 2552 2950 pra
2594 2882 3080 2936 commemorabam
3112 2923 3128 2947 ,
3174 2871 3459 2954 perpessus
3503 2897 3658 2950 erat;
3691 2888 3793 2943 etsi
3826 2906 4027 2943 onmem

2459 2970 2618 3024 vitam
2646 2970 3008 3027 sollicitudine
3035 2982 3088 3027 et
3117 2987 3245 3027 cura
3275 2973 3409 3029 liber
3431 2976 3789 3045 placidissime
3821 2991 4023 3049 egerat:

2457 3076 2796 3133 quamquam,
2830 3063 2954 3133 quid
2978 3064 3117 3129 dico,
3147 3080 3362 3122 omnem
3390 3069 3548 3123 vitam
3574 3081 3753 3141 egerat
3776 3071 3801 3125 τ
3826 3074 4023 3129 unicum

2457 3154 2586 3209 illud
2617 3165 2980 3222 momentum;
3012 3166 3341 3213 momentum
3385 3160 3528 3214 enim
3567 3171 3649 3215 est
3691 3164 3936 3230 unicum,
3961 3167 4025 3219 in-

2457 3245 2570 3314 quit
2601 3283 2615 3306 ,
2658 3246 2834 3299 omnis
2866 3255 3045 3299 nostra
3076 3246 3180 3300 vita
3209 3288 3224 3314 ,
3256 3246 3300 3301 si
3331 3264 3452 3304 cum
3482 3249 3573 3305 illo
3602 3252 3816 3307 infinito
3841 3256 4024 3309 saeculo

2457 3334 2766 3389 conferatur
2796 3336 2930 3390 :etsi
2971 3337 3129 3407 igitur
3153 3317 3446 3394 omnia‘illi
3482 3356 3545 3395 ex
3580 3346 3847 3397 sententia
3874 3344 4023 3399 ﬂuxe-

2458 3435 2577 3477 rant
2610 3466 2623 3487 ,
2667 3440 2843 3478 nonne
2874 3441 2939 3480 ex
2969 3425 3050 3479 his
3079 3427 3209 3495 ipsis
3241 3430 3419 3483 verbis
3453 3470 3469 3495 ,
3514 3430 3596 3485 vel
3628 3434 3807 3501 potius
3846 3450 3915 3491 ex
3955 3438 4022 3489 his

2456 3515 2587 3585 ipsis
2626 3516 2783 3572 rebus
2820 3519 3138 3573 miserabilis
3168 3520 3289 3574 est?
3315 3526 3504 3576 Annon
3534 3522 3657 3577 vino
3686 3532 3775 3579 tua
3800 3527 4020 3595 undique

2457 3620 2640 3659 mensa
2690 3606 3059 3661 rcdttltdubztl?
3106 3624 3244 3663 nunc
3292 3626 3421 3665 vero
3466 3627 3533 3667 ne
3572 3624 3774 3683 guttam
3819 3618 4018 3687 quidem

2454 3712 2609 3767 aqua:
2636 3697 2688 3751 in
2720 3706 2980 3767 potestate
3010 3699 3209 3762 habes,
3242 3715 3363 3755 cmn
3392 3703 3622 3759 maxime
3661 3722 3806 3775 eges.
3845 3712 4016 3763 Annon

2456 3801 2743 3855 pauperem
2781 3788 2927 3841 illum
2971 3789 3241 3844 ulceribus
3268 3790 3622 3848 deformatum
3657 3795 4019 3867 despicit-bas?

2454 3891 2595 3933 nunc
2612 3894 2736 3933 vero
2760 3882 3013 3949 postulas,
3040 3891 3095 3935 nt
3118 3882 3287 3951 ipsiim
3312 3885 3481 3953 possis
3506 3886 3767 3956 aspicere,
3794 3904 3859 3945 ac
3880 3905 4017 3945 nemo

2455 3970 2735 4039 permittit.
2760 3970 2841 4024 Ad
2870 3971 3011 4027 fores
3052 3981 3168 4027 tuas
3200 3973 3447 4043 jacebat;
3477 3992 3615 4032 nunc
3654 3993 3786 4035 vero
3830 3982 3881 4035 in
3913 3985 4016 4036 sinu

2454 4061 2684 4116 Abraha:
2731 4073 2814 4118 est
2847 4081 2860 4117 :
2889 4072 2944 4117 tu
2986 4064 3086 4119 sub
3126 4066 3319 4135 amplis
3364 4066 3703 4138 laquearibus
3748 4072 4013 4136 cubabas;

2454 4166 2593 4205 nunc
2619 4167 2747 4207 vero
2775 4154 2826 4207 in
2855 4152 2976 4223 igne
3002 4153 3284 4224 gehennae.

2522 4242 2577 4297 5.
2606 4242 2837 4298 Audiant
2867 4245 2977 4299 lucc
3006 4245 3218 4311 divites,
3236 4246 3317 4301 vel
3352 4249 3529 4317 potius
3559 4266 3663 4306 non
3691 4251 3907 4322 divites,
3935 4254 4013 4308 sed

2452 4332 2726 4389 inhumani
2757 4351 2770 4388 :
2806 4352 2910 4390 non
2948 4337 3092 4391 enim
3132 4338 3331 4393 idcirco
3362 4340 3450 4394 ille
3480 4344 3801 4410 punis-batur
3829 4388 3845 4407 .
3893 4362 4011 4416 quo-

2452 4424 2594 4479 niam
2620 4424 2769 4479 dives
2793 4436 2928 4489 erat,
2952 4427 3045 4481 sed
3068 4430 3319 4498 quoniam
3344 4430 3593 4487 misertus
3618 4449 3722 4487 non
3751 4448 3851 4490 est.
3885 4437 4012 4490 Licet

2448 4518 2590 4572 enim
2617 4517 2788 4584 diviti,
2809 4517 3100 4573 dummodo
3128 4520 3494 4576 misericordia
3525 4538 3584 4577 se
3604 4525 3725 4579 duci
3748 4528 3908 4591 sinat,
3935 4544 4011 4581 cu-

2444 4608 2616 4678 jusvis
2644 4607 2767 4663 boni
2798 4624 2919 4663 esse
2956 4620 3281 4678 compotem.
3325 4614 3402 4665 Ae
3446 4628 3577 4667 sane
3607 4614 3727 4670 ideo
3758 4618 4008 4671 nemiuem

2450 4699 2551 4753 iste
2578 4698 2738 4752 alium
2772 4696 2922 4764 vidit,
2948 4714 3107 4769 quam
3133 4700 3280 4755 illum
3304 4711 3571 4770 egentem,
3599 4704 3813 4793 ntJinc
3840 4707 3891 4761 in
3916 4724 4009 4760 nn:-

2449 4790 2673 4844 mnriam
2701 4790 2911 4845 rediens
2937 4789 3195 4846 factorum
3222 4808 3439 4847 suorum
3464 4789 3784 4865 intelligéret
3804 4799 3943 4869 juste
3961 4812 4009 4851 se

2450 4880 2753 4950 hujusmodi
2783 4884 2954 4951 ptenis
2978 4880 3137 4937 afﬁci.
3169 4883 3251 4937 An
3284 4882 3509 4940 fortasse
3536 4884 3757 4942 deerant
3784 4891 4006 4943 sexcenti

2447 4971 2536 5025 alii
2570 4986 2827 5042 pauperes
2859 4972 3027 5041 justi?
3054 4972 3156 5028 Sed
3184 4973 3272 5043 qui
3304 4975 3371 5028 ad
3399 4974 3539 5030 fores
3570 4976 3737 5046 ipsius
3763 4981 3967 5048 jaoebat
3993 5020 4003 5037 .

2448 5062 2494 5117 is
2517 5063 2621 5116 illis
2650 5077 2708 5117 se
2728 5060 3074 5132 spectandum
3099 5064 3323 5134 przebet,
3358 5082 3458 5119 una
3481 5066 3732 5122 erudiens
3763 5068 3930 5137 ipsum
3956 5085 4005 5121 ac

2448 5168 2577 5220 nos,
2609 5165 2865 5225 quantum
2896 5156 3019 5209 boui
3045 5155 3114 5210 sit
3143 5156 3382 5225 pecuniis
3419 5173 3523 5211 non
3554 5158 3848 5216 confidere.
3882 5160 4003 5215 Nihil

2447 5246 2520 5301 illi
2550 5255 2833 5317 paupertas
2862 5245 3032 5301 obfuit
3051 5246 3115 5300 ad
3142 5262 3365 5317 regnum
3391 5246 3863 5318 consequendum;
3890 5250 4002 5305 nihil

2447 5337 2571 5393 huic
2590 5337 2789 5393 divitia:
2813 5337 3131 5406 profuerunt
3149 5337 3214 5392 ad
3236 5337 3502 5393 vitandam
3518 5339 3841 5409 gehennam.
3873 5342 4001 5408 Quo-

2446 5444 2616 5501 usque
2645 5444 2907 5500 pauperes
2931 5429 2955 5483 ‘l
2980 5443 3258 5500 quousque
3289 5422 3516 5485 mendici
3542 5430 3565 5484 ἲ
3592 5430 3708 5485 Non
3740 5442 3824 5488 est
3852 5475 3866 5499 ,
3910 5446 3998 5486 non

2446 5533 2528 5581 est
2554 5537 2754 5595 pauper
2783 5522 2871 5577 ille
2900 5522 2992 5593 qui
3020 5522 3152 5576 nihil
3184 5521 3363 5586 habet,
3395 5521 3491 5579 sed
3516 5522 3605 5593 qui
3637 5523 3804 5577 multa
3828 5524 3958 5592 cupit
3987 5540 3997 5573 :

2443 5631 2552 5675 non
2574 5625 2655 5671 est
2680 5614 2830 5671 dives
2855 5614 2944 5684 qui
2969 5614 3131 5667 multa
3153 5612 3414 5684 possidet,
3445 5613 3547 5668 sed
3567 5613 3657 5684 qui
3681 5614 3881 5669 nullius
3899 5625 3998 5683 eget

2443 5726 2547 5764 ret.
2576 5704 2714 5773 Quid
2745 5706 2887 5760 enim
2920 5702 3139 5774 prodest
3168 5703 3478 5758 universum
3508 5703 3722 5773 quidem
3757 5714 3994 5760 terrarum

2445 5796 2629 5854 orbem
2656 5793 2956 5869 possidere,
2986 5792 3153 5849 nihilo
3182 5807 3310 5848 vero
3338 5791 3627 5863 jucundius
3646 5793 3716 5849 iis
3732 5794 3905 5851 vivere
3922 5792 3994 5863 qui
