4064 6318
157 443 245 499 197
1019 438 1083 495 IN
1125 388 1339 495 IiPtST.
1381 434 1471 491 AD
1510 412 1774 488 PlllLllil’
1835 430 1991 486 CAP.
2033 429 2074 486 l.
2117 430 2348 487 llOﬂlL.
2390 429 2479 487 ΙΙΙ.
3304 427 3409 486 198

158 560 270 615 nihil
289 558 489 615 habent
515 559 537 613 ἶ
565 556 868 618 Electiones
893 556 1022 627 ipsa
1041 564 1096 610 et
1124 555 1247 609 vita:
1273 554 1511 608 fnstituta
1534 561 1660 605 sunt
1692 590 1709 615 ,
1824 555 1992 601 stent.
2022 548 2107 602 An
2135 547 2278 617 quod
2307 547 2626 629 multisnon
2659 561 2719 602 es
2758 547 2949 603 terrori
2975 548 2999 602 l
3040 546 3237 613 Absit,
3266 558 3325 603 ut
3352 550 3406 605 id

158 667 262 720 qua:
298 648 494 705 divites
533 658 590 705 et
634 662 899 720 pauperes
942 644 1145 702 faciunt
1170 684 1187 711 ,
1221 660 1327 699 non
1368 641 1710 714 pecuniarum
1827 640 1922 695 tibi
1951 655 2203 709 umquam
2231 644 2447 696 eveniat
2472 656 2486 693 :
2511 655 2633 710 qua:
2680 639 2825 695 enim
2857 640 3103 711 voluptas
3126 682 3144 708 ,
3169 655 3291 696 esse
3320 658 3414 712 qut

159 738 461 794 abundantia
492 744 588 794 aut
615 736 813 809 inopia.
840 736 933 793 Vis
960 744 1017 792 tu
1036 776 1053 804 ,
1084 750 1121 791 o
1150 748 1351 805 pauper
1374 774 1390 798 ,
1416 729 1720 788 ditescere?
1828 742 1881 787 te
1920 740 2162 787 metuant
2193 747 2259 786 ac
2298 731 2630 787 formident?
2658 733 2737 786 An
2768 731 2911 802 quod
2937 732 3075 787 alios
3103 731 3362 787 formidas
3390 733 3419 787 Ἰ

160 830 210 884 Si
235 830 358 885 velis
379 870 393 894 .
442 831 569 885 licet
608 828 701 883 tibi
736 844 751 882 :
778 841 938 883 nemo
959 837 1043 884 est
1064 867 1082 893 ,
1109 828 1198 897 qui
1230 825 1507 897 prohibeat
1537 840 1553 877 :
1582 838 1707 877 con-
1826 824 1896 879 At
1923 823 2044 878 licet
2071 838 2178 877 non
2207 821 2518 878 formidare.
2572 821 2661 877 Vis
2686 823 2831 878 enim
2862 840 2963 877 non
2987 823 3163 877 timere
3187 834 3417 893 potesta-

162 930 320 975 temne
338 921 521 975 mundi
550 919 823 989 pecunias,
856 934 954 990 pro
984 917 1153 973 nihilo
1175 918 1293 971 illas
1322 915 1461 971 habe
1488 957 1504 982 ,
1537 922 1596 969 ut
1625 928 1719 969 re-
1828 923 1928 969 tem
1958 916 1984 970 Ρ
2008 915 2194 970 bonum
2223 918 2327 993 fac,
2358 926 2410 970 et
2440 914 2645 969 Iubebis
2672 916 2878 969 laudent
2898 932 2962 969 ex
2988 915 3081 969 illa
3110 914 3289 983 (Rom.
3319 917 3410 972 12’.
3458 956 3463 964 .

165 1025 276 1064 vera
305 1011 433 1065 nihil
463 1022 587 1066 sunt
620 1053 636 1075 ,
682 1010 852 1081 abjiee
894 1011 1199 1066 divitiarum
1237 1009 1579 1080 cupiditatem
1606 1048 1623 1073 ,
1663 1015 1721 1063 et
1826 1007 1903 1075 3).
1929 1008 1999 1061 At
2021 1006 2167 1063 enim
2195 1006 2332 1061 dicis
2354 1047 2370 1070 ,
2398 1005 2577 1061 Facile
2600 1008 2998 1062 contemnimnr
3026 1047 3042 1071 ,
3076 1005 3231 1062 facile
3257 1006 3418 1070 malis

163 1098 317 1153 factus
337 1114 397 1154 es
417 1100 570 1155 dives
618 1101 721 1167 Qui
747 1100 903 1155 ditari
937 1116 1044 1155 non
1071 1100 1209 1167 vult,
1240 1100 1327 1156 hic
1352 1100 1545 1166 estqui
1575 1099 1713 1153 dita-
1828 1097 2095 1153 allicimur
2120 1098 2144 1151 l
2169 1097 2425 1165 Quinimo
2455 1096 2506 1152 id
2534 1097 2871 1167 potissimum
2904 1097 3029 1152 facit
3056 1097 3371 1168 improbitas
3397 1138 3417 1164 ,

166 1198 241 1240 tur
269 1207 281 1241 :
309 1190 397 1258 qui
426 1191 645 1245 minime
687 1192 797 1243 vult
844 1191 896 1249 in
944 1200 1313 1259 paupertatem
1362 1189 1596 1244 incidere
1624 1231 1639 1252 .
1672 1190 1719 1243 is
1829 1204 1936 1243 non
1991 1200 2302 1259 paupertas.
2355 1190 2567 1246 Etenim
2623 1205 2746 1245 cum
2801 1189 2951 1243 multi
3018 1204 3281 1260 pauperes
3332 1191 3418 1245 vi—

164 1277 347 1331 inritlit.
378 1278 508 1334 Nam
537 1290 595 1333 ut
625 1281 672 1333 is
700 1295 825 1335 vere
851 1289 1095 1350 aegrotat,
1121 1278 1391 1350 quietiam
1420 1280 1469 1334 in
1493 1280 1722 1336 sanitate
1830 1289 1937 1335 tam
1972 1290 2142 1349 agant
2180 1281 2298 1336 sine
2342 1281 2587 1335 molestia
2612 1296 2630 1346 ;
2668 1296 2774 1334 non
2818 1280 3107 1334 defuerunt
3142 1281 3417 1351 principes

164 1366 361 1438 languet
386 1383 550 1439 seque
578 1371 799 1425 afﬂictat
817 1412 831 1428 .
873 1387 977 1425 non
1025 1372 1117 1427 ille
1154 1372 1244 1441 qui
1272 1370 1518 1425 morbum
1550 1371 1718 1425 nihilo
1828 1372 2164 1427 abundantes
2183 1371 2408 1438 divitiis,
2437 1385 2502 1427 ac
2521 1370 2786 1442 dynastas,
2812 1370 2901 1441 qui
2928 1370 3117 1441 quovis
3139 1369 3416 1430 facinoro-

161 1458 409 1514 dtl'tieitius
451 1461 552 1515 lert
586 1477 747 1531 quam
791 1462 1051 1531 integram
1082 1463 1373 1517 sanitatem
1407 1478 1421 1516 :
1455 1462 1524 1515 ita
1555 1462 1717 1516 etiam
1829 1479 1926 1527 so,
1960 1464 2169 1518 latrone
2196 1472 2251 1517 et
2277 1462 2651 1532 sepulcrorum
2697 1460 2957 1517 effossore
2986 1459 3227 1515 deterius
3270 1461 3418 1515 mul-

162 1562 348 1617 pauper
374 1559 458 1604 est
483 1552 575 1618 qui
604 1562 976 1622 paupertatem
1003 1554 1146 1608 ferre
1177 1568 1282 1607 non
1316 1562 1490 1622 potest
1516 1596 1532 1619 ,
1560 1564 1723 1625 atque
1832 1556 1925 1609 tati
1957 1555 2347 1609 discesserunt.
2379 1553 2535 1619 Quod
2560 1553 2709 1607 enim
2744 1552 2796 1605 in
2827 1561 2880 1607 te
2908 1560 3199 1621 paupertas
3220 1592 3238 1617 ,
3287 1551 3339 1605 id
3363 1550 3417 1606 in

161 1638 381 1709 undique
405 1639 750 1697 afﬂuentibus
773 1643 975 1698 divitiis
1003 1658 1062 1698 se
1092 1659 1203 1714 pra:
1235 1645 1486 1700 omnibus
1517 1661 1720 1716 paupe-
1831 1645 1920 1698 illo
1944 1644 2145 1700 divitia:
2180 1644 2401 1707 faciunt.
2432 1644 2566 1699 Nam
2604 1643 2695 1715 qui
2741 1643 3058 1699 malefacere
3100 1642 3289 1697 volunt
3311 1681 3328 1707 ,
3359 1652 3421 1697 ut

162 1742 265 1782 rem
294 1738 470 1797 putat:
492 1746 609 1785 non.
628 1732 713 1787 ille
739 1732 830 1801 qui
856 1742 1223 1803 paupertatem
1249 1736 1497 1790 facillime
1520 1736 1720 1805 ferens,
1831 1735 1925 1789 tibi
1956 1751 2021 1789 ex
2050 1744 2383 1804 contemptu.
2409 1736 2481 1789 ita
2508 1733 2661 1789 diviti
2687 1750 2753 1789 ex
2786 1732 2983 1787 invidia
3008 1741 3064 1787 et
3096 1733 3267 1787 livore
3296 1748 3416 1786 ma-

163 1815 370 1871 hilarius
395 1818 522 1873 vivit
544 1835 704 1888 quam
732 1821 924 1877 divites
944 1840 957 1876 :
974 1822 1061 1877 hic
1084 1822 1226 1878 enim
1252 1824 1411 1894 longe
1434 1824 1597 1881 ditior
1618 1835 1719 1882 est.
1831 1825 2123 1890 lefacitint;
2151 1834 2313 1895 atque
2334 1826 2504 1896 magis
2528 1825 2689 1881 invidi
2719 1840 2879 1895 quam
2905 1823 3132 1880 malefici
3156 1842 3169 1878 :
3190 1824 3243 1879 hi
3272 1825 3418 1880 enim

164 1906 247 1963 Dic
270 1909 408 1963 enim
444 1910 596 1976 mihi,
627 1928 724 1967 cur
756 1924 1120 1986 paupertatem
1152 1916 1347 1972 times?
1380 1932 1477 1972 cur
1498 1920 1724 1973 tremis?
1829 1920 2089 1975 validiore
2122 1919 2326 1990 impetu
2353 1918 2419 1972 ad
2450 1916 2895 1973 malefaciendum
2920 1917 3291 1985 impelluntur.
3316 1916 3415 1972 Et-

160 2012 324 2053 Mnlte
350 2011 564 2070 propter
593 2004 747 2057 famis
777 2005 1108 2074 periculum?
1128 2022 1305 2063 nonne
1335 2018 1551 2077 propter
1580 2011 1724 2079 peri-
1830 2012 1974 2066 enim
2005 2012 2094 2081 qui
2124 2011 2345 2076 invidet,
2372 2024 2589 2065 omnem
2615 2008 2775 2063 anim’
2843 2009 2853 2019 ‘
2900 2026 2909 2037 π
2947 2018 3004 2063 et
3034 2007 3338 2063 facultatem
3364 2010 3418 2063 in

159 2088 324 2141 enlnm
370 2091 485 2145 sitis
526 2102 581 2146 et
630 2094 881 2163 frigoris?
911 2110 1088 2151 nonne
1130 2097 1201 2151 ub
1243 2098 1376 2152 alias
1421 2099 1721 2167 bujusmodi
1831 2102 2040 2173 agendo
2064 2101 2284 2157 adhibet
2316 2119 2330 2155 :
2363 2109 2419 2156 at
2446 2100 2538 2171 qui
2562 2102 2881 2165 contemni',
2907 2115 3053 2170 sirpe
3087 2098 3249 2155 etiam
3275 2100 3419 2155 illius

158 2181 375 2234 cattsas?
406 2182 472 2235 At
500 2198 680 2242 nemo.
713 2200 887 2249 nemo,
926 2185 1161 2256 inquam,
1189 2197 1292 2253 est,
1317 2191 1405 2259 qni
1438 2190 1490 2245 in
1523 2200 1722 2245 tantam
1830 2209 1991 2264 quem
2018 2192 2317 2248 contemnit
2345 2191 2677 2258 miseretur;
2708 2200 2871 2260 atque
2911 2189 3017 2246 hoc
3048 2191 3221 2262 ipsum
3253 2205 3415 2244 causa

161 2270 379 2340 inopiam
409 2274 659 2329 redactus
694 2275 785 2328 sit.
832 2276 1085 2347 Respicite
1121 2278 1265 2334 enim
1297 2281 1348 2334 in
1376 2281 1608 2349 antiquas
1635 2298 1725 2352 ge—
1833 2284 1907 2338 illi
1939 2284 2126 2340 salutis
2154 2284 2272 2347 fuit,
2302 2298 2614 2353 pauperem,
2640 2282 3040 2350 inquuu.,esse,
3060 2281 3189 2335 nihil
3219 2280 3422 2337 habere

160 2370 429 2424 iterationes
457 2410 471 2433 ,
512 2380 561 2424 et
582 2371 744 2425 videte
776 2386 794 2425 :
819 2372 931 2442 quis
956 2372 1168 2427 credidit
1194 2372 1303 2427 Deo
1332 2413 1347 2437 ,
1385 2384 1431 2427 et
1460 2374 1725 2429 derelictus
1833 2377 2050 2432 virium.
2081 2376 2155 2430 Ita
2180 2375 2325 2430 cnittt
2356 2375 2613 2429 adversus
2640 2390 2761 2427 cum
2786 2373 2877 2443 qui
2901 2373 3122 2443 pauperi
3148 2373 3414 2435 imminet,

159 2468 224 2511 est
245 2460 270 2511 .’
293 2458 372 2513 vel
394 2462 506 2527 quis
532 2464 750 2529 speravit
780 2464 831 2516 in
861 2465 992 2533 ipso,
1016 2475 1064 2518 et
1093 2464 1337 2535 confusus
1356 2476 1427 2520 est
1454 2466 1639 2535 (Ecclt'.
1668 2467 1722 2521 ‘2.
1830 2468 2013 2531 dicere
2040 2460 2185 2522 soliti
2205 2481 2426 2521 sumus:
2452 2465 2696 2535 Magnum
2729 2479 2856 2519 vero
2880 2462 3132 2534 quiddam
3154 2461 3419 2525 effeceris,

162 2548 282 2616 ll)?
311 2560 362 2603 et
382 2565 592 2613 rursus,
612 2552 861 2621 Respicite
882 2554 1105 2607 volatilia
1127 2556 1257 2619 ctzlt',
1285 2571 1398 2624 qua:
1421 2573 1521 2609 non
1551 2568 1724 2611 serunt
1830 2561 1874 2613 si
1904 2558 2046 2613 hunc
2072 2557 2355 2613 sustuleris
2380 2597 2397 2623 ,
2430 2556 2473 2611 si
2507 2570 2797 2626 pauperem
2827 2569 2993 2607 unum
3029 2553 3366 2608 interfeceris
3400 2571 3412 2606 :

160 2654 303 2707 neque
332 2649 518 2691 metunt
548 2658 709 2704 neque
741 2655 1048 2715 congregant
1071 2646 1123 2699 in
1154 2648 1355 2711 horrea,
1381 2658 1427 2699 et
1458 2646 1615 2701 Pater
1637 2664 1725 2702 ve-
1830 2665 1899 2705 en
1928 2660 2131 2719 quanta
2165 2660 2222 2704 et
2263 2663 2423 2717 quam
2453 2648 2630 2716 ampla
2658 2646 3006 2715 consequeris
3036 2647 3255 2713 praemia
3288 2662 3302 2698 ε
3333 2656 3409 2697 at-

156 2737 249 2779 ειη-
271 2728 475 2782 celestis
501 2732 662 2799 pascit
698 2732 791 2785 illa
839 2733 857 2803 (
885 2733 1071 2788 Matth.
1106 2734 1158 2790 6.
1191 2736 1260 2790 26
1292 2737 1331 2803 ).
1373 2735 1543 2791 Nemo
1570 2738 1726 2794 nobis
1830 2756 1937 2812 que
1959 2742 2042 2795 bis
2070 2739 2247 2795 verbis
2277 2737 2514 2793 furorem
2544 2738 2684 2792 illius
2708 2736 3041 2790 cohibcmus.
3065 2735 3132 2788 At
3160 2735 3420 2789 adversus

157 2819 447 2886 quempiam
478 2822 757 2888 protulerit
781 2864 795 2888 ,
836 2824 925 2893 qui
953 2826 1066 2879 cito
1096 2827 1237 2882 fame
1276 2837 1365 2882 aut
1398 2828 1596 2898 frigore
1629 2847 1723 2899 pe-
1830 2829 2240 2887 divitesinvidia
2266 2828 2338 2882 ita
2361 2828 2607 2896 insurgit,
2641 2837 2697 2880 ut
2721 2841 2825 2879 non
2854 2836 2978 2880 ante
3003 2825 3232 2890 desinat,
3260 2840 3420 2893 quam

157 2909 334 2962 ricrit:
366 2927 461 2966 cur
509 2928 640 2985 ergo
691 2926 1056 2986 paupertatem
1099 2919 1346 2977 timeas?
1377 2922 1517 2977 Nihil
1559 2924 1723 2982 babes
1831 2920 1973 2992 quod
2015 2920 2130 2974 vult
2171 2919 2449 2982 effecerit,
2485 2931 2749 2985 Sttlltlltltle
2793 2931 3059 2970 venenum
3090 2915 3417 2968 cvontuerit.

156 3000 285 3065 quod
316 3004 664 3071 respondeas.
695 3005 828 3060 Nam
858 3007 901 3061 si
933 3010 1233 3064 necessaria
1260 3010 1352 3065 tibi
1385 3024 1674 3082 suppetunt
1703 3054 1720 3080 ,
1832 3010 1996 3065 Vides
2028 3026 2135 3065 non
2181 3011 2232 3063 in
2262 3017 2579 3080 paupertate
2609 3016 2699 3061 aut
2725 3007 2927 3060 divitiis
2957 3007 3113 3060 sitam
3146 3021 3264 3073 esse
3298 3005 3421 3058 boni

157 3102 245 3141 cur
268 3090 495 3160 denique
529 3092 672 3147 illam
708 3096 910 3151 times?
941 3099 1081 3166 quod
1112 3116 1215 3155 non
1247 3102 1339 3155 tibi
1371 3103 1524 3158 adest
1556 3104 1723 3160 lamu-
1830 3112 2077 3158 naturam
2112 3140 2129 3165 ,
2160 3100 2255 3155 sed
2298 3101 2350 3169 in
2386 3110 2575 3153 nostro
2603 3098 2873 3153 arbitrio?
2904 3098 3054 3152 lianc
3087 3097 3246 3166 igitur
3273 3112 3424 3151 eom-

156 3177 315 3233 lornm
357 3185 684 3238 multitudo?
714 3185 769 3240 Id
812 3202 941 3243 vero
984 3190 1113 3244 nihil
1158 3192 1299 3247 aliud
1330 3204 1414 3248 est
1444 3235 1457 3259 ,
1491 3213 1647 3265 quam
1691 3214 1720 3253 a
1828 3207 2115 3263 ponamus,
2137 3190 2533 3256 doceamusque
2559 3186 2944 3257 philosophari.
2973 3186 3028 3241 Si
3060 3186 3175 3240 luce
3203 3189 3335 3240 bene
3363 3200 3423 3239 se

156 3268 375 3326 dmninis
404 3288 523 3329 esse
550 3276 774 3330 liberum
806 3319 819 3340 ,
850 3294 1007 3348 quam
1040 3291 1293 3349 perpetua
1324 3287 1563 3353 quaedam
1594 3288 1724 3344 bca-
1833 3283 2110 3345 habuerit,
2130 3297 2303 3351 neque
2328 3280 2532 3334 divitia:
2562 3294 2660 3333 nos
2681 3278 2969 3333 excludere
2999 3294 3026 3331 a
3069 3293 3235 3347 regno
3266 3289 3423 3346 pote-

160 3359 318 3413 titudo
348 3402 361 3423 ,
392 3380 547 3429 quam
580 3382 827 3420 curarum
857 3370 1094 3425 vacuitas
1118 3381 1173 3426 et
1198 3374 1435 3429 libertas.
1469 3379 1549 3432 An
1582 3381 1721 3447 quod
1832 3386 1956 3428 runt
1981 3415 1994 3434 ,
2033 3388 2133 3428 nec
2178 3372 2469 3442 quidquam
2518 3370 2670 3424 nobis
2705 3370 2907 3423 adimet
2950 3380 3275 3439 paupertati;
3324 3370 3421 3422 SC"

156 3463 265 3501 vasa
288 3491 303 3516 .
330 3453 492 3508 Ιοεῑοε
514 3495 530 3518 ο
569 3459 955 3524 Slllk'llectilem
988 3477 1091 3516 non
1116 3462 1281 3518 babes
1308 3480 1372 3520 ex
1399 3477 1620 3537 argento
1644 3470 1725 3522 fa-
1830 3477 1985 3533 :rqno
2014 3467 2179 3535 ipsam
2204 3458 2439 3518 feremus
2469 3463 2671 3525 animo,
2703 3461 2905 3514 nullum
2937 3476 3000 3514 ex
3030 3475 3091 3512 ca
3124 3461 3422 3513 tlt'lrllllCll-

156 3540 378 3596 ltrefacta
407 3546 431 3596 ?
470 3546 533 3599 Et
584 3548 710 3614 quid
762 3550 879 3615 plus
928 3550 1087 3606 habet
1134 3569 1293 3622 quam
1341 3566 1393 3608 tu
1424 3598 1440 3620 ,
1474 3559 1613 3625 quod
1656 3559 1720 3613 ad
1832 3567 1940 3610 tttttt
1972 3567 2064 3609 aut
2092 3556 2157 3609 ad
2188 3553 2366 3608 futura
2401 3554 2537 3606 bona
2570 3550 2969 3620 consequentia.
2992 3561 3076 3603 aut
3103 3551 3151 3602 in
3186 3551 3285 3603 hac
3315 3550 3417 3601 \‘ila

154 3627 419 3687 frnvndnm
444 3638 694 3704 pertinet,
726 3639 769 3693 is
796 3644 878 3693 cui
908 3642 1005 3697 ista
1038 3654 1323 3712 suppetunt
1348 3645 1371 3697 ἲ
1395 3645 1570 3702 Nihil:
1597 3665 1725 3705 usus
1828 3656 2211 3716 l'epurtatites;
2244 3646 2337 3700 sed
2370 3655 2419 3700 et
2474 3644 2556 3697 his
2613 3643 2851 3697 fruemur
2894 3654 2943 3695 et
2978 3641 3283 3694 ca'lestibm
3315 3641 3418 3692 illi,

158 3728 287 3779 enini
319 3728 454 3781 idem
479 3738 585 3793 est,
621 3731 738 3783 sive
763 3747 825 3786 ex
853 3733 952 3789 hac
981 3736 1095 3790 sive
1122 3752 1188 3791 ex
1220 3738 1305 3792 illa
1337 3742 1557 3795 materia
1588 3758 1720 3799 (ξοη-
1831 3744 2097 3812 potiemur
2128 3740 2309 3792 bouis:
2339 3736 2531 3804 quibus
2560 3735 2757 3787 utinam
2792 3734 2937 3802 digni
2964 3732 3279 3797 efficiamur,
3311 3744 3419 3789 etc.

154 3858 235 3865 .—

2812 3865 3042 3876 —-—-——-

3048 3866 3426 3879 m

1540 3947 1872 4010 HOMILIA
1924 3948 2035 4008 ΙΙΙ.

151 4079 272 4133 ειν.
317 4086 365 4136 ι.
406 4098 455 4134 v.
503 4083 589 4136 l8.
634 4082 769 4136 Etin
804 4085 900 4137 hoc
927 4085 1145 4154 gaudeo,
1174 4086 1261 4139 sed
1287 4097 1329 4140 et
1361 4088 1606 4153 gaudebo.
1634 4089 1718 4143 l9.

219 4170 338 4224 Scio
380 4174 513 4225 enim
552 4174 671 4238 quia
705 4174 799 4227 Itoc
836 4174 957 4228 mihi
1003 4177 1255 4245 proveniet
1301 4177 1367 4228 ad
1395 4176 1609 4229 salutem
1638 4196 1726 4242 per

218 4273 425 4314 uestram
442 4263 739 4327 orationem,
764 4273 809 4316 et
829 4263 1338 4319 subministrationem
1363 4266 1725 4335 Splrituslesu

219 4350 419 4413 Christi,
440 4351 532 4406 20.
560 4353 835 4406 secundum
861 4355 1278 4422 exspectationem
1304 4366 1349 4407 et
1375 4373 1514 4423 spent
1542 4374 1723 4419 nteant,

216 4443 332 4507 quia
378 4444 429 4495 in
477 4443 617 4497 nullo
662 4444 977 4511 confundor,
1026 4445 1115 4497 sed
1140 4446 1193 4497 in
1223 4448 1359 4498 omni
1384 4449 1568 4511 ﬁducia
1597 4449 1723 4501 sicut

219 4548 430 4599 semper,
466 4542 512 4585 et
553 4549 687 4584 nunc
719 4533 1125 4601 magni/imbitur
1156 4534 1388 4589 Christus
1428 4537 1479 4588 in
1518 4552 1728 4605 corpore

219 4639 347 4688 meo,
376 4620 477 4677 sire
508 4640 597 4692 per
617 4624 791 4688 vitam,
821 4624 923 4677 sive
947 4641 1036 4693 per
1064 4634 1293 4679 mortem.

223 4712 271 4765 i.
311 4711 548 4782 Magnam
578 4722 630 4767 et
665 4713 1084 4781 philosOpbicam
1112 4715 1345 4769 animam
1376 4716 1538 4779 nihil,
1585 4718 1723 4787 quod

157 4802 203 4855 in
230 4803 328 4858 hac
352 4806 456 4858 vita
488 4806 712 4859 moleste
743 4807 968 4871 accidat,
999 4806 1193 4860 iiCdCl‘O
1224 4817 1397 4876 potest
1428 4828 1439 4861 :
1476 4824 1579 4861 non
1625 4810 1723 4863 iui-

158 4895 382 4963 micitite,
410 4912 517 4951 non
542 4896 935 4959 accusationes,
967 4913 1074 4951 non
1103 4898 1404 4962 calumnim,
1445 4915 1549 4952 non
1582 4900 1723 4968 peri.

156 4986 285 5051 cula,
316 5001 421 5041 non
449 4985 678 5042 insidiae.
708 4986 839 5040 Nam
872 4986 1091 5057 perinde
1114 4996 1271 5058 atque
1302 4988 1344 5041 si
1376 4986 1427 5042 in
1455 4989 1723 5043 excelsum

154 5074 407 5141 quoddam
430 5077 627 5130 montis
651 5091 905 5132 cacumen
932 5092 989 5131 se
1021 5078 1303 5148 receperit,
1329 5079 1459 5132 nihil
1486 5078 1551 5132 ad
1583 5080 1724 5132 illaut

158 5180 212 5218 cx
245 5166 309 5220 iis
336 5182 455 5235 qua:
491 5165 559 5220 de
590 5166 845 5221 inferiore
870 5167 989 5221 loco
1013 5167 1079 5221 de
1118 5179 1257 5222 terra
1284 5169 1573 5236 iaciuntur.
1604 5185 1726 5237 pcr—

156 5256 325 5312 venire
347 5265 545 5327 potest.
568 5257 713 5311 Talis
732 5267 848 5311 erat
874 5257 1021 5312 Pauli
1051 5258 1229 5312 anima
1264 5276 1275 5310 :
1302 5259 1489 5327 quovis
1518 5258 1727 5325 fastigio

155 5347 387 5401 altiorem
420 5347 594 5424 locum
630 5346 1001 5415 preltcndt-rat,
1035 5348 1208 5402 locum
1236 5348 1583 5416 philosophia:
1616 5351 1726 5414 Spi-

156 5438 369 5503 ritualis.
408 5456 550 5494 vene
578 5440 946 5509 philosophiae.
977 5439 1111 5495 Nam
1139 5456 1202 5493 ea
1229 5442 1281 5493 in
1312 5441 1509 5509 quibus
1528 5441 1725 5493 ethnici

155 5542 461 5595 versantur,
493 5533 656 5585 verba
686 5540 891 5585 tantum
934 5540 1060 5586 sunt.
1108 5540 1164 5586 et
1208 5518 1495 5601 puerorum
1552 5533 1723 5585 lusus.

156 5619 339 5677 Verum
363 5623 432 5677 de
463 5622 547 5676 bis
571 5638 711 5676 nunc
738 5638 917 5677 sermo
944 5638 1047 5677 non
1076 5634 1156 5677 est
1182 5639 1196 5687 ;
1240 5622 1331 5676 scd
1365 5622 1429 5677 de
1462 5623 1608 5677 Pauli
1638 5638 1723 5677 re-

156 5708 245 5763 bus
266 5712 425 5765 verba
458 5712 702 5765 facimus.
757 5713 945 5766 Beatus
986 5713 1073 5766 ille
1116 5723 1166 5767 et
1200 5712 1580 5781 imperatorem
1627 5714 1725 5766 sibi

161 5800 517 5858 adversantem
566 5800 826 5861 habt-bat.
874 5812 927 5855 ct
969 5801 1107 5855 alius
1162 5809 1419 5871 praetcrea
1453 5800 1720 5870 inimicos,

484 5883 751 5944 ΡΑτιιοι.
802 5884 914 5944 Gn.
971 5885 1153 5948 LXII.

1832 4088 1921 4158 qui
1979 4088 2137 4142 variis
2186 4095 2242 4141 ct
2291 4084 2652 4139 acerbissimae
2704 4083 2983 4138 calumnia:
3031 4083 3200 4151 plenis
3248 4084 3423 4136 modi.-

1836 4182 2007 4248 ipsum
2039 4178 2300 4232 vexabant
2331 4194 2345 4229 :
2372 4177 2575 4245 etquid
2615 4177 2733 4229 ait?
2772 4175 2885 4229 Non
2939 4175 3099 4228 tttndu
3140 4184 3420 4244 propterea

1836 4288 1940 4325 non
1972 4271 2129 4325 doleo
2159 4283 2333 4339 neque
2359 4268 2540 4339 animo
2567 4266 2792 4320 concide
2816 4307 2830 4329 ,
2876 4265 2970 4318 sed
3000 4265 3160 4319 etiam
3190 4265 3422 4334 gaudeo,

1833 4374 1882 4415 et
1914 4361 2158 4431 gaudebo
2199 4376 2213 4412 :
2241 4374 2345 4413 non
2372 4358 2438 4411 ad
2471 4369 2701 4425 tempus,
2728 4356 2921 4425 inquit,
2961 4356 3056 4410 sed
3105 4371 3319 4422 semper
3355 4357 3425 4411 de

1836 4452 1918 4505 bis
1962 4449 2227 4520 gaudebo.
2262 4447 2385 4502 Scio
2428 4448 2561 4500 enim
2606 4447 2727 4515 quia
2767 4448 2860 4498 hoc
2902 4446 3026 4497 mihi
3057 4446 3309 4512 proveniet
3350 4448 3419 4498 ad

1834 4542 2049 4595 salutem
2078 4540 2332 4607 futuram.
2381 4539 2448 4593 Et
2475 4537 2746 4608 quomodo
2776 4552 2880 4590 non
2917 4538 3224 4604 proveniat,
3253 4552 3425 4607 quan-

1834 4631 1905 4685 «ιο
1950 4640 2005 4683 ct
2045 4628 2335 4684 inimicitize
2378 4637 2435 4682 et
2474 4627 2623 4681 zelus
2667 4626 2950 4680 adversum
3010 4640 3095 4679 me
3145 4636 3427 4695 susceptus

1839 4721 2272 4789 pra‘dicatinnetn
2298 4720 2524 4788 juvant?
2552 4718 2651 4771 Per
2676 4728 2889 4771 vestram
2908 4720 3205 4783 orationem,
3232 4720 3422 4789 inquit,

1837 4824 1881 4865 et
1928 4812 2442 4865 subministrationem
2488 4811 2714 4877 Spiritus
2754 4808 2879 4864 Jesn
2920 4810 3107 4863 Christi
3145 4812 3418 4887 secundum

1838 4902 2257 4969 rxspertationem
2284 4911 2328 4953 et
2355 4912 2493 4969 spent
2524 4916 2703 4952 nteant.
2744 4899 2876 4953 Vide
2899 4900 3036 4953 beati
3067 4900 3220 4969 hujus
3252 4901 3425 4955 Immi-

1840 4994 2043 5045 litatcm

1838 5092 1988 5134 erant
2034 5082 2200 5149 ipsius
2238 5081 2510 5133 benefacta
2537 5121 2549 5141 ,
2599 5080 2925 5149 jamjzunque
2952 5094 3203 5133 coronam
3258 5082 3425 5151 ipsum

1842 5174 2089 5236 tenebat;
2124 5173 2316 5225 l‘attlus
2346 5173 2487 5224 cnim
2518 5180 2633 5224 erat
2660 5189 2670 5221 :
2707 5186 2827 5223 nam
2856 5171 2980 5237 quid
3014 5174 3185 5231 majus
3207 5172 3306 5223 dici
3331 5189 3430 5240 ρο..

1843 5273 1941 5315 test
1969 5266 1990 5313 ἲ
2016 5278 2077 5316 ac
2118 5273 2291 5315 tamen
2318 5261 2752 5329 Philippensiltus
2777 5260 2842 5312 ad
2874 5260 3014 5312 hunc
3044 5260 3258 5313 modum
3284 5264 3420 5315 sciri-

1838 5352 1915 5406 bit
1940 5394 1952 5414 .
1987 5352 2087 5406 Per
2120 5361 2348 5406 vestram
2377 5351 2671 5403 orationem
2704 5364 2919 5417 possunt
2960 5350 3185 5403 Salutem
3232 5368 3425 5404 conse-

1842 5444 1930 5511 qui
1986 5442 2143 5505 :ille,
2193 5442 2423 5509 inquam,
2474 5440 2556 5493 cui
2601 5446 2859 5493 sexcenta
2892 5438 3168 5493 benefacta
3203 5442 3427 5494 salutem

1838 5531 2242 5600 comparabant.
2282 5531 2343 5583 Et
2381 5530 2918 5593 subministrationem,
2972 5528 3162 5600 inquit,
3206 5530 3434 5598 Spiritus

1841 5622 1967 5676 Jcsu
2007 5622 2215 5676 Christi.
2250 5622 2301 5676 LI
2349 5636 2431 5677 cst
2454 5666 2467 5687 ,
2499 5622 2541 5673 si
2595 5636 2688 5689 per
2718 5628 2920 5674 vestras
2966 5635 3152 5689 preces
3186 5620 3432 5689 dignatus

1840 5712 1989 5766 fuero
2024 5714 2211 5781 gratia.
2250 5712 2355 5767 Vox
2388 5713 2529 5765 enim
2562 5712 2681 5775 ista,
2712 5710 3265 5775 Subntinistratimtem,
3316 5708 3428 5763 hoc

1840 5802 2135 5872 significat,
2175 5802 2231 5854 Si
2273 5801 2729 5868 sulnuiuistrelur,
2769 5800 2814 5854 si
2850 5800 2979 5852 mihi
3027 5799 3145 5863 plus
3190 5797 3427 5868 Spiritus

2986 5876 3075 5939 13‘

2087 5010 2099 5044 :
2142 4992 2191 5044 itt
2239 4991 2629 5044 ccrtntinnilms
2675 4989 2970 5044 laborabat.
3020 4990 3425 5044 innumerabilia
3472 5027 3481 5035 ~
3560 4992 3581 5003 ”
