4064 6318
663 437 765 495 199

660 556 914 611 tributum
943 550 1100 606 fuerit
1131 566 1147 603 :
1178 547 1244 601 ad
1265 546 1517 610 salutem;
1563 544 1613 598 id
1644 552 1756 605 est,
1787 542 1851 595 ad
1893 540 1993 594 hoc
2019 550 2077 593 ut
2103 539 2234 593 libe-

660 666 769 715 rer,
801 659 852 701 ct
889 662 953 701 ex
985 642 1233 715 przcsenti
1263 638 1498 710 periculo
1529 634 1749 706 perinde
1785 642 1945 701 atque
1971 646 2035 685 ex
2066 631 2239 699 primo

656 759 704 794 (ει
721 741 871 809 ipiar.
902 738 974 792 De
1000 736 1174 808 primo
1198 732 1337 786 enim
1359 730 1511 790 dixit,
1545 726 1610 781 In
1634 728 1796 797 prima
1824 741 1933 778 mea
1953 723 2243 791 defensione

657 847 804 897 nemo
833 830 963 887 mihi
995 827 1204 898 adfuit:
1234 840 1332 878 non
1369 822 1472 876 illis
1510 821 1785 889 imputetur
1813 834 1832 871 :
1870 816 2113 869 Dominus
2149 830 2242 867 au-

656 933 755 974 tem
778 920 901 974 mihi
928 918 1141 981 adstitit,
1169 924 1215 969 et
1242 911 1545 983 confer-tavit
1566 925 1644 963 me
1671 909 1751 978 (2.
1779 906 1913 961 Tim.
1937 906 1988 960 4.
2023 905 2108 959 16.
2126 902 2237 973 i7).

657 1011 771 1066 lloc
796 1010 954 1081 igitur
980 1018 1035 1063 et
1062 1020 1207 1060 nunc
1239 1002 1551 1072 prophetico
1581 998 1819 1069 przcdicit
1854 1013 1869 1054 :
1904 995 2005 1049 Pcr
2026 1004 2240 1048 vestram

658 1101 936 1154 orationem
979 1105 1025 1151 et
1068 1092 1585 1150 subministrationem
1628 1089 1856 1159 Spiritus
1898 1085 2025 1139 Jesu
2053 1083 2241 1139 Christi

657 1192 933 1246 secundum
977 1187 1397 1259 exspectationem
1438 1192 1483 1238 ct
1524 1198 1664 1251 spent
1706 1196 1886 1233 meam.
1940 1177 2016 1231 Ita
2056 1175 2235 1241 enim,

660 1282 848 1352 inquit,
877 1292 1055 1348 Spero.
1085 1276 1227 1342 Nam
1254 1285 1311 1328 ut
1355 1287 1459 1327 non
1491 1271 1563 1326 ita
1593 1281 1761 1324 totum
1804 1267 2200 1321 committamus
2222 1304 2237 1329 ,

659 1351 908 1442 precibus
928 1410 941 1434 ,
973 1384 1092 1439 qua:
1126 1380 1223 1435 pro
1253 1363 1406 1418 nobis
1432 1361 1749 1423 funduntur,
1781 1368 1838 1412 ut
1870 1356 2003 1410 nihil
2035 1356 2135 1424 ipsi
2162 1351 2243 1405 afo

659 1465 894 1517 teramus
918 1476 934 1525 ;
969 1459 1088 1513 vide
1107 1454 1378 1526 quomodo
1410 1459 1640 1521 exponat
1668 1448 1794 1520 quid
1821 1449 1940 1517 ipse
1963 1444 2197 1500 attulerit
2221 1484 2237 1509 ,

660 1553 911 1605 nimirum
952 1562 1102 1618 spem
1138 1547 1376 1600 omnium
1426 1543 1688 1597 bonorum
1732 1553 1946 1613 cansam
1995 1554 2010 1591 :
2048 1549 2239 1605 quem-

659 1643 947 1697 admodum
979 1638 1238 1709 prOpheta
1268 1636 1458 1706 inquit,
1486 1632 1604 1686 Fiat
1623 1629 1969 1685 misericordia
1992 1637 2101 1692 tua,
2138 1626 2241 1678 Do-

658 1736 813 1799 mine,
833 1749 985 1802 super
1008 1747 1116 1795 nos,
1133 1726 1555 1795 quemadmodum
1581 1723 1892 1794 speravimus
1917 1721 1968 1773 in
1997 1731 2043 1773 te
2068 1718 2237 1789 (Psul.

659 1826 743 1880 32.
765 1825 888 1892 22);
915 1834 968 1875 ut
990 1832 1044 1877 et
1062 1821 1186 1875 alibi
1203 1819 1357 1883 alius,
1386 1816 1637 1885 Respicite
1653 1816 1703 1867 in
1721 1814 1953 1881 antiquas
1968 1811 2242 1882 generatio-

657 1934 770 1981 nes,
799 1927 845 1970 et
873 1915 1073 1969 videte:
1115 1912 1225 1981 quis
1251 1908 1469 1981 speravit
1492 1908 1546 1961 in
1571 1906 1813 1971 Domino,
1836 1914 1882 1958 et
1906 1906 2149 1975 confusus
2169 1910 2242 1955 est

660 2008 849 2081 (Eccli.
878 2007 933 2061 2.
964 2002 1086 2077 ll)?
1118 2003 1183 2057 Et
1217 2014 1404 2057 rursus
1443 2000 1630 2053 beatus
1656 1996 1742 2049 hic
1769 1995 1876 2060 ait,
1918 1993 2049 2064 Spes
2077 2003 2243 2045 autent

658 2117 762 2155 non
786 2100 1051 2170 confundit
1081 2095 1257 2167 (Rom.
1285 2094 1338 2149 5.
1365 2093 1443 2164 5).
1469 2090 1762 2145 Secundum
1798 2086 2240 2154 exspectationem,

661 2193 850 2262 inquit,
872 2202 916 2245 et
938 2206 1078 2257 spem
1098 2201 1283 2250 meum,
1298 2185 1417 2254 quia
1442 2184 1495 2235 in
1525 2181 1667 2234 nullo
1691 2177 1996 2248 confundor.
2023 2176 2146 2228 llaec
2160 2184 2245 2228 est

660 2281 811 2337 Pauli
841 2294 1001 2349 Spes;
1048 2290 1267 2348 sperare
1298 2286 1557 2341 nusquam
1583 2285 1642 2325 se
1668 2268 1947 2323 confusum
1976 2264 2061 2320 iri.
2083 2264 2245 2319 Vides

666 2381 924 2442 quantum
954 2369 1122 2422 valeat
1147 2378 1365 2435 sperare
1410 2362 1463 2417 in
1496 2358 1649 2415 Deo?
1691 2356 1961 2427 Quidquid
1984 2397 2002 2423 ,
2037 2355 2240 2425 inquit,

660 2462 893 2523 eveniat,
942 2472 1047 2513 non
1091 2453 1428 2511 confundar:
1457 2451 1511 2507 id
1536 2458 1618 2504 est
1637 2490 1653 2516 ,
1685 2463 1792 2504 non
1819 2447 1875 2503 hi
1912 2461 1998 2500 me
2028 2458 2247 2514 supcra-

666 2554 821 2607 bunt.
851 2548 959 2605 Sed
983 2550 1035 2602 in
1060 2547 1197 2600 omni
1223 2543 1412 2614 ﬁducia
1433 2542 1561 2596 sicut
1581 2554 1799 2609 semper,
1824 2546 1871 2592 et
1893 2551 2026 2590 nunc
2052 2533 2243 2604 magni-

664 2641 898 2713 [icsbitur
920 2638 1152 2695 Christus
1175 2636 1229 2690 in
1253 2650 1467 2702 corpore
1494 2648 1625 2686 meo.
1659 2628 1958 2701 Sperabam
1999 2627 2073 2682 illi
2118 2625 2245 2681 dolo

665 2747 764 2787 suo
785 2731 949 2787 veluti
980 2723 1172 2798 laqueo
1199 2724 1433 2795 quodam
1466 2722 1569 2778 hoc
1597 2736 1655 2777 se
1681 2718 1900 2775 efﬁcere
1941 2732 2101 2788 posse
2124 2758 2140 2784 ,
2188 2724 2248 2770 ut

671 2823 896 2882 Paulum
928 2818 1141 2891 quidem
1181 2832 1212 2873 e
1258 2815 1437 2870 medio
1478 2812 1765 2873 tollerent,
1808 2808 2246 2879 praedicationem

667 2932 801 2973 vero
824 2900 1243 2983 exstinguerent,
1288 2907 1415 2961 dolo
1457 2918 1649 2972 nempe
1686 2916 1785 2957 suo
1809 2898 2152 2971 pra-valente.
2192 2897 2246 2951 Id

671 3010 837 3079 igitur
884 3018 1025 3060 nunc
1065 3003 1298 3055 futurum
1337 3004 1535 3067 negat:
1568 2994 1683 3050 Non
1719 2998 1881 3058 nunc,
1904 2990 2096 3061 inquit,
2126 3000 2253 3063 mo-l

668 3100 808 3164 riar;
840 3082 945 3152 Sed
964 3094 1091 3148 sicut
1116 3105 1332 3159 semper,
1356 3098 1402 3143 et
1429 3101 1563 3140 nunc
1584 3082 1996 3156 magniﬁcabitur
2016 3080 2249 3134 Christus

654 3194 723 3247 in
750 3204 962 3258 corpore
984 3201 1115 3241 meo.
1152 3180 1472 3250 Quomodo?
1517 3177 1753 3247 Stepein
1780 3173 2015 3247 pericula
2045 3172 2246 3236 incidi,

667 3282 723 3337 in
755 3279 948 3352 quibus
974 3277 1041 3333 de
1081 3274 1238 3330 nobis
1272 3287 1377 3326 non
1408 3269 1569 3324 modo
1594 3266 1722 3333 alii,
1772 3258 1866 3319 sed
1897 3279 1996 3318 nos
2022 3261 2121 3331 ipsi
2150 3261 2249 3315 de-

668 3370 1047 3442 sperabamus;
1099 3364 1211 3436 Ipsi
1249 3363 1391 3419 enim
1434 3362 1490 3415 in
1534 3354 1904 3426 nobismetipsis
1955 3365 2252 3424 responsum

665 3462 843 3517 mortis
870 3459 1135 3514 habuimus
1174 3455 1253 3527 (2.
1287 3454 1408 3509 Cor.
1438 3454 1489 3506 t.
1514 3452 1614 3520 9);
1646 3463 1708 3505 ac
1747 3456 1924 3503 tamen
1970 3460 2036 3499 ex
2072 3442 2251 3497 omni-

666 3557 767 3613 bus
795 3567 894 3609 nos
922 3548 1118 3622 eripuit
1141 3548 1299 3603 Deus.
1346 3543 1423 3600 Ita
1458 3552 1513 3598 et
1544 3556 1684 3595 nunc
1727 3535 2161 3609 magniﬁcabitur
2199 3532 2250 3586 in

666 3659 894 3716 corpore
942 3657 1083 3698 meo.
1111 3639 1311 3695 Verum
1337 3650 1406 3691 ne
1434 3635 1552 3703 quis
1587 3632 1657 3687 ita
1683 3630 1912 3699 cogitet,
1954 3640 2018 3680 ac
2062 3624 2200 3678 dicat
2232 3638 2250 3679 :

668 3714 809 3808 Quid
836 3735 881 3792 si
905 3743 959 3789 tu
987 3730 1209 3796 obieris,
1237 3742 1343 3784 non
1366 3718 1824 3794 magniﬁeabituri
1843 3717 2037 3779 Probe.
2062 3714 2250 3785 inquit,

670 3805 794 3887 novi
819 3844 835 3895 ;
885 3835 1048 3897 atque
1076 3822 1199 3878 ideo
1226 3833 1331 3874 non
1363 3815 1471 3871 dixi
1493 3856 1509 3879 ,
1539 3828 1633 3882 per
1660 3810 1830 3865 solam
1858 3809 2021 3863 vitam
2049 3805 2254 3875 magni-

671 3922 822 3978 ﬁcari
849 3896 1157 3980 Dominum,
1198 3916 1293 3967 sed
1320 3906 1501 3964 addidi
1527 3904 1721 3969 etiam,
1752 3901 1854 3958 Per
1873 3908 2101 3965 mortem.
2147 3896 2253 3951 Sed

672 4014 900 4078 interea,
942 4006 1135 4080 inquit,
1181 4002 1286 4059 Per
1316 4002 1507 4064 vitam;
1549 4010 1658 4051 non
1698 3993 1842 4078 enim
1892 4006 1980 4064 me
2022 3990 2205 4045 tolli-nt
2238 4010 2253 4043 :

673 4103 817 4176 quod
843 4102 888 4158 si
919 4099 1128 4162 tollant,
1177 4090 1532 4151 nihilominus
1560 4088 1630 4142 ita
1654 4085 1816 4142 etiam
1836 4080 2258 4153 magniﬁcabitur

670 4172 937 4252 Christus.
965 4183 1287 4258 Quomodo?
1315 4181 1417 4239 Per
1443 4180 1605 4234 vitam
1634 4174 1869 4247 quidem,
1894 4172 2143 4244 quoniam
2170 4184 2256 4225 ine

670 4285 905 4357 eripuit;
936 4296 1034 4353 per
1060 4287 1287 4335 mortem
1316 4287 1467 4339 vero,
1499 4269 1756 4341 quoniam
1786 4280 1959 4335 neque
1989 4278 2134 4319 mors
2154 4304 2169 4328 ,
2200 4272 2257 4317 ut

672 4380 825 4437 illum
848 4388 1122 4448 negarem,
1153 4368 1285 4426 mihi
1318 4363 1603 4438 persuasit.
1631 4361 1898 4431 Quoniam
1926 4358 2017 4414 ille
2051 4366 2254 4411 tantum

674 4471 805 4530 mihi
834 4467 1124 4525 alacritatis
1152 4461 1371 4533 largitus
1396 4468 1510 4524 est,
1558 4470 1751 4527 meque
1789 4460 1965 4510 morte
2002 4450 2254 4521 superio-

674 4579 790 4621 rem
857 4558 987 4615 fecit
1025 4574 1040 4611 :
1087 4555 1162 4610 ibi
1202 4551 1421 4624 quidem
1448 4589 1464 4615 ,
1508 4546 1764 4619 quoniam
1808 4559 1895 4600 me
1933 4558 1963 4596 a
2012 4539 2260 4613 periculis

675 4651 958 4715 liberavit;
1004 4646 1093 4701 hic
1127 4657 1277 4709 vero,
1308 4640 1562 4712 quoniam
1588 4651 1676 4693 me
1701 4651 1733 4691 a
1764 4634 1952 4691 mortis
1974 4630 2262 4704 tyrannide

680 4751 922 4798 metuere
944 4751 1049 4794 non
1075 4734 1223 4794 sivit.
1255 4732 1331 4789 Ita
1359 4745 1459 4803 per
1487 4728 1650 4785 vitam
1679 4734 1735 4783 et
1761 4732 1990 4781 mortem
2014 4721 2261 4793 magniﬁ-

676 4833 904 4890 cabitur.

748 4925 807 4984 2.
849 4921 1007 4978 Pauli
1050 4917 1274 4974 chm'itas
1300 4923 1349 4971 et
1376 4912 1684 4969 constantia.
1715 4938 1787 4951 -
1810 4906 1936 4964 llaec
1963 4921 2090 4963 vero
2110 4904 2259 4971 dicit,

682 5030 790 5073 non
823 5012 969 5085 quod
1008 5017 1237 5067 mortem
1276 5012 1421 5063 esset
1466 5002 1733 5067 obiturus,
1776 4998 1871 5055 sed
1922 5012 1988 5054 ne
2026 4997 2103 5053 illi
2126 5038 2141 5063 ,
2174 4997 2264 5051 ubi

682 5112 910 5161 mortem
940 5101 1171 5168 obierit,
1201 5098 1434 5153 humana
1461 5091 1705 5163 quasdam
1737 5090 2029 5162 patiantur.
2056 5088 2265 5143 Etenim

682 5212 754 5252 ne
780 5200 1029 5267 putarent
1066 5201 1339 5260 tamquam
1370 5184 1639 5241 obiturum
1680 5182 1794 5237 hare
1833 5178 2036 5235 dixisse
2058 5220 2074 5243 ,
2124 5177 2267 5248 quod

684 5302 878 5360 magna
928 5286 1050 5342 illos
1103 5279 1422 5353 a-gritudine
1472 5275 1777 5340 adt-cisset;
1837 5272 1957 5328 vide
1997 5270 2268 5342 quomodo

686 5379 940 5436 adhibeat
975 5373 1433 5437 consolationem;
1472 5367 1666 5425 talibus
1695 5379 1858 5436 prope
1888 5362 2066 5417 verbis
2096 5377 2222 5417 usus
2251 5380 2266 5417 :

691 5473 820 5529 llaec
857 5477 1036 5525 autem
1067 5466 1282 5536 loquor,
1314 5460 1503 5532 inquit.
1553 5473 1661 5515 non
1687 5439 1838 5528 quasi
1875 5453 2004 5511 mihi
2036 5454 2269 5506 morien-

690 5571 819 5617 dum
845 5559 938 5616 sit.
981 5557 1272 5629 Propterea
1298 5561 1354 5609 et
1382 5552 1437 5607 in
1466 5561 1748 5621 progressu
1778 5545 1865 5601 illa
1890 5543 2152 5613 adiungit,
2203 5541 2270 5595 Et

697 5656 793 5712 ltot'
821 5650 1083 5723 conﬁdas
1101 5648 1231 5714 seio,
1260 5647 1380 5718 quia
1409 5642 1643 5710 manebo,
1664 5652 1730 5723 .et
1760 5640 2062 5713 permanebo
2099 5638 2271 5693 omni-

697 5747 795 5800 bus
820 5744 976 5799 vobis.
1019 5739 1153 5799 illud
1183 5748 1382 5801 autem,
1423 5734 1489 5790 In
1535 5735 1681 5789 nullo
1717 5728 2025 5803 caufundar,
2064 5730 2267 5796 idest,

694 5842 894 5897 nullam
917 5832 1046 5891 mihi
1075 5832 1451 5905 ignominiam,
1494 5826 1592 5884 sed
1621 5840 1870 5899 mgnum
1894 5822 2103 5881 lucrum
2132 5818 2268 5879 atie-

1452 427 1507 484 S.
1548 424 1824 483 JOANNIS
1858 422 2334 480 CIIRYSUSTOMI
2374 421 2686 480 ARCIIIEP.
2715 421 3246 481 CONSTANTINOP.

3338 278 3381 325 ,εξ

3813 419 3926 477 200

2350 547 2430 593 ret
2460 552 2623 593 mors.
2663 538 2877 606 Quare?
2909 537 3230 594 Immortalis
3258 536 3472 611 quidem
3501 528 3721 593 minime
3759 551 3882 592 sum
3906 577 3926 601 ,

2344 628 2437 682 sed
2452 628 2645 683 clarior
2669 643 2764 683 ero
2792 644 2948 698 quam
2973 629 3016 682 si
3044 629 3361 684 immortalis
3373 629 3535 685 etiam
3562 643 3737 700 essent
3769 646 3784 685 :
3811 640 3926 682 non

2343 721 2485 775 enim
2511 736 2611 791 par
2636 721 2750 775 laus
2769 730 2887 786 est,
2916 722 2962 777 si
2990 723 3306 777 immortalis
3330 719 3559 779 mortem
3585 731 3925 789 contemnat,

2344 827 2405 866 ac
2445 811 2491 865 si
2546 811 2806 866 mortalis.
2853 810 3211 879 Quamobrem
3254 814 3358 868 etsi
3397 813 3730 869 moriendum
3776 827 3929 868 nune

2345 902 2474 957 mihi
2517 912 2699 969 esset,
2742 903 2947 957 nullum
2993 903 3120 959 hinc
3157 902 3392 959 subirem
3419 904 3671 972 dedecus;
3699 918 3927 958 verum-

2343 1000 2520 1046 tamen
2550 1007 2655 1045 non
2683 992 2900 1047 moriar.
2953 989 3020 1046 In
3056 992 3196 1046 nullo
3216 994 3539 1065 coufuudar;
3564 1008 3736 1063 neque
3762 994 3807 1048 si
3838 992 3935 1048 vi-

2346 1097 2485 1147 vam,
2515 1096 2687 1151 neque
2716 1082 2761 1135 si
2791 1082 3027 1136 moriar:
3057 1090 3341 1152 utrumque
3379 1084 3521 1138 enim
3553 1098 3814 1154 generose
3840 1084 3927 1137 le-

2345 1188 2480 1239 ram,
2523 1174 2637 1228 sive
2658 1173 2939 1228 vivendum
2962 1214 2978 1241 ,
3007 1175 3120 1229 sive
3148 1175 3488 1231 moriendum
3518 1175 3606 1231 sit.
3642 1175 3875 1231 Pulchre
3906 1192 3925 1230 :

2346 1265 2460 1319 lioc
2488 1265 2795 1320 christiana:
2821 1265 3013 1320 anima:
3040 1275 3139 1320 εει.
3175 1265 3282 1321 Sed
3301 1267 3355 1320 iu
3382 1269 3540 1334 omni,
3570 1268 3757 1338 inquit,
3782 1268 3930 1337 ﬁda-

2345 1353 2444 1407 cia.
2472 1352 2631 1408 Vides
2656 1354 2924 1424 quomodo
2952 1370 3057 1410 non
3099 1354 3434 1411 confundar?
3480 1357 3609 1412 Nam
3632 1359 3677 1412 si
3703 1357 3930 1428 quidem

2346 1445 2536 1498 mortis
2562 1446 2720 1499 timor
2747 1458 2922 1500 meam
2949 1448 3078 1501 mihi
3108 1448 3398 1504 ademisset
3422 1448 3690 1511 ﬁduciam.
3713 1448 3929 1520 puden-

2345 1534 2471 1587 dum
2513 1550 2641 1590 sane
2679 1535 2868 1592 luisset
2899 1539 3033 1592 mori
3062 1556 3075 1603 ;
3106 1556 3246 1594 nunc
3272 1555 3421 1606 vero,
3446 1556 3566 1595 cum
3600 1542 3685 1595 illa
3714 1544 3929 1611 impen-

2346 1626 2480 1682 dens
2508 1644 2591 1683 me
2623 1628 2752 1683 nihil
2781 1632 2991 1695 terruit,
3020 1631 3488 1700 nullum‘profecto
3518 1635 3570 1687 in
3605 1648 3668 1687 ea
3688 1633 3928 1689 dedecus

2346 1725 2488 1771 esset
2542 1716 2647 1771 Sed
2678 1719 2790 1774 sive
2818 1719 3012 1784 vivam,
3046 1735 3111 1775 ex
3143 1723 3249 1775 vita
3277 1737 3382 1776 non
3408 1722 3729 1787 confundar;
3781 1738 3926 1793 pne-

2346 1806 2464 1859 dico
2490 1808 2633 1862 enim
2662 1810 2922 1879 evangelii
2954 1812 3383 1878 praedicationem
3413 1832 3426 1869 :
3457 1813 3568 1881 sive
3588 1815 3807 1879 moriar,
3853 1829 3927 1868 ex

2349 1908 2519 1951 morte
2548 1912 2651 1952 non
2677 1899 3010 1966 confundor;
3049 1918 3151 1955 non
3180 1902 3323 1957 enim
3359 1913 3571 1958 coercet
3602 1920 3687 1958 me
3715 1905 3879 1959 timor
3908 1920 3925 1966 ;

2346 1990 2588 2043 eamdem
2642 1990 2911 2046 ﬁdentiam
2951 2002 3109 2061 atque
3150 1993 3314 2049 animi
3357 1994 3655 2050 libertatein
3698 2011 3807 2064 pra:
3836 2011 3929 2049 me

2348 2080 2478 2136 [ιιι-ο.
2511 2081 2693 2151 Neque
2717 2084 2880 2145 enim,
2912 2083 3053 2153 quod
3083 2086 3416 2140 vinculorum
3446 2086 3772 2140 mentionem
3796 2084 3927 2151 fori,

2349 2184 2461 2224 rem
2492 2172 2644 2225 istam
2685 2181 2890 2242 turpem
2926 2175 3142 2242 putetis.
3180 2174 3472 2229 Tantorum
3503 2176 3631 2230 mihi
3661 2178 3929 2231 bonorum

2348 2278 2507 2317 causa
2541 2265 2746 2318 luerunt
2775 2307 2791 2330 ,
2814 2276 2870 2318 ut
2898 2265 3110 2319 caeteris
3142 2268 3304 2321 etiam
3329 2267 3564 2321 animum
3594 2250 3945 2333 addiderint,

2347 2370 2455 2425 quo
2499 2356 2783 2409 conﬁdant.
2828 2356 2946 2411 Non
2997 2359 3140 2413 enim
3193 2360 3426 2415 vinctum
3472 2374 3595 2414 esse
3634 2374 3730 2430 pro
3772 2359 3935 2415 Chri-

2350 2453 2467 2512 sto,
2497 2446 2593 2501 sed
2626 2447 2954 2503 vinculorum
2998 2458 3140 2503 metu
3168 2450 3397 2520 prodere
3418 2450 3686 2520 quidpiam
3736 2467 3934 2507 eorum

2350 2548 2467 2604 quae
2493 2535 2689 2590 Christi
2719 2522 2843 2590 sunt
2868 2578 2885 2603 ,
2914 2538 2964 2591 id
3016 2548 3171 2607 turpe
3201 2548 3282 2593 est
3308 2556 3321 2592 :
3350 2541 3603 2609 quamdiu
3633 2538 3774 2597 istud
3822 2544 3936 2596 tui-

2351 2627 2494 2680 nime
2540 2628 2778 2694 accidet,
2825 2628 3159 2684 iidemiorem
3207 2630 3442 2685 animum
3466 2632 3677 2685 vincula
3706 2610 3934 2687 faciunt.

2351 2715 2465 2770 Non
2483 2718 2733 2786 quoniam
2759 2732 2901 2788 smpe
2925 2733 2989 2772 ex
3019 2719 3267 2787 periculis
3288 2721 3431 2775 evasi
3454 2738 3468 2785 ;
3494 2731 3653 2791 atque
3680 2721 3802 2777 inde
3821 2704 3935 2790 est,

2352 2822 2450 2861 cur
2493 2806 2748 2861 adversus
2791 2807 3033 2863 inﬁdeles
3079 2810 3322 2878 glorier:
3354 2811 3398 2865 si
3437 2812 3561 2880 quid
3608 2811 3785 2868 simile
3822 2822 3937 2868 non

2350 2897 2588 2962 accidat,
2615 2898 2722 2966 jam
2754 2913 2849 2953 vos
2876 2898 3163 2975 ignominia
3206 2892 3379 2955 notari
3407 2901 3728 2956 existimetis
3754 2918 3769 2955 :
3798 2916 3931 2957 nam

2353 2996 2407 3041 et
2434 2986 2719 3059 licentiam
2744 3002 2849 3041 non
2877 2990 3055 3043 minus
3076 2988 3229 3043 vobis
3258 2989 3493 3044 ﬁdentia:
3525 2989 3749 3059 praebet,
3770 3006 3938 3061 quam

2356 3078 2500 3132 illud.
2523 3078 2677 3144 Vide,
2705 3080 2973 3149 quomodo
2999 3082 3099 3135 sub
3126 3095 3354 3151 persona
3382 3095 3477 3136 sua
3504 3080 3642 3136 hanc
3667 3098 3784 3138 rem
3812 3098 3942 3154 per-

2355 3177 2591 3223 tractet:
2641 3168 2784 3238 quod
2824 3177 2879 3223 et
2922 3184 3067 3240 saepe
3119 3170 3247 3225 alibi
3292 3170 3440 3241 facit,
3480 3171 3938 3242 quemadmodum

2354 3272 2479 3327 erga
2510 3257 2797 3323 Romanos,
2834 3257 2954 3313 Non
2989 3261 3124 3314 enim
3152 3259 3387 3316 erubesco
3414 3262 3729 3334 euangelium
3753 3261 3936 3334 (Rom.

2356 3278 2479 3327 erga
2510 3278 2797 3323 nomattos,
2834 3278 2954 3313 non
2989 3278 3124 3314 etum
3152 3278 3387 3316 σείσεκο
3414 3278 3502 3315 eoa
3573 3278 3729 3316 etiam
3753 3278 3936 3334 (nam.

2356 3349 2409 3403 1.
2439 3348 2567 3419 16);
2595 3357 2652 3403 ιιι
2680 3364 2804 3420 erga
2830 3350 3136 3405 Corinthios
3154 3392 3169 3414 ,
3222 3350 3348 3406 Hcce
3373 3278 3939 3427 αυιολωιεβςιιναινί

2354 3441 2406 3497 in
2433 3458 2532 3508 me,
2564 3450 2612 3495 et
2641 3443 2825 3514 Apollo
2842 3443 2892 3513 (l
2908 3482 2920 3496 .
2946 3442 3065 3498 Cor.
3091 3446 3144 3499 4.
3167 3445 3245 3508 6).
3267 3446 3387 3501 Sive
3416 3463 3504 3514 per
3528 3448 3701 3513 vitam,
3722 3450 3827 3504 sive
3851 3466 3943 3517 per

2356 3541 2584 3587 mortem.
2608 3532 2722 3586 Non
2748 3531 2848 3587 hoc
2872 3533 3035 3587 veluti
3061 3534 3313 3604 ignorans
3341 3534 3470 3590 dicit
3499 3554 3514 3589 :
3546 3546 3768 3593 noverat
3786 3541 3939 3593 enim

2359 3621 2577 3676 minime
2618 3631 2742 3676 tunc
2788 3623 2888 3677 sibi
2933 3625 3264 3678 moriendum
3306 3640 3447 3689 esse,
3474 3626 3568 3681 sed
3604 3628 3657 3682 in
3692 3630 3941 3698 sequenti

2353 3721 2618 3782 tempore,
2641 3722 2874 3767 attamen
2891 3713 3001 3783 jam
3025 3714 3259 3784 ipsorum
3278 3717 3508 3772 animam
3533 3728 3793 3788 prmparat
3816 3719 3907 3773 εει
3923 3759 3939 3774 .

2360 3802 2492 3856 Mihi
2519 3804 2673 3862 enim.
2698 3803 2883 3873 inquit,
2903 3805 3064 3881 vivere
3083 3804 3332 3873 Christus,
3345 3816 3390 3859 et
3405 3807 3533 3859 mori
3557 3807 3775 3861 lucrum.
3803 3808 3941 3863 Nam

2358 3906 2414 3953 et
2460 3896 2755 3963 moriendo,
2798 3897 2987 3967 inquit,
3021 3914 3125 3953 non
3172 3900 3389 3967 moriar,
3430 3901 3593 3955 vitam
3629 3900 3839 3958 habens
3887 3905 3941 3959 in

2359 3993 2583 4064 meipso.
2613 3993 2759 4049 Tune
2784 4011 2870 4049 mc
2895 3994 3255 4059 sustulissent,
3286 3993 3329 4049 si
3362 4008 3458 4064 per
3496 4004 3694 4049 metum
3736 3998 3944 4065 potuis-

2359 4093 2479 4138 sent
2518 4100 2584 4139 ex
2628 4085 2803 4139 anima
2834 4099 2949 4140 mea
2986 4083 3145 4143 ﬁdem
3175 4086 3459 4140 exturbare
3490 4101 3503 4138 :
3529 4084 3782 4154 quamdiu
3813 4102 3945 4141 vero

2358 4175 2833 4256 Christuspnecnm
2878 4176 3059 4243 fuerit,
3097 4174 3304 4232 etiamsi
3353 4190 3499 4231 mors
3544 4176 3824 4247 ingruerit,
3856 4178 3943 4231 vi-

2361 4282 2501 4322 vam.
2533 4269 2707 4338 Atque
2752 4267 2805 4322 in
2860 4266 2959 4322 hac
3003 4269 3162 4322 etiam
3206 4268 3335 4334 vita,
3385 4283 3489 4323 non
3540 4268 3641 4322 hoc
3688 4266 3817 4322 mihi
3863 4269 3943 4322 vi-

2362 4374 2485 4414 vere
2511 4368 2613 4426 est,
2646 4358 2739 4414 sed
2775 4355 3040 4414 Christus.
3071 4358 3222 4426 Quod
3268 4360 3313 4414 si
3358 4359 3485 4414 dum
3528 4359 3613 4414 hic
3655 4358 3798 4422 vivo.
3835 4375 3943 4415 non

2362 4454 2465 4509 hoc
2504 4453 2634 4509 mihi
2674 4452 2855 4508 vivere
2881 4452 2900 4484 ¹
2930 4470 2945 4508 :
2980 4451 3131 4520 Quod
3158 4467 3272 4506 vero
3297 4467 3452 4516 nunc,
3479 4451 3680 4521 inquit,
3704 4451 3757 4505 in
3788 4467 3947 4507 carne

2363 4546 2491 4611 vivo,
2533 4545 2587 4599 in
2613 4545 2716 4615 [ide
2738 4545 2848 4613 vivo
2888 4560 2908 4598 :
2947 4543 3047 4598 hoc
3072 4550 3129 4599 et
3158 4540 3230 4598 ibi
3256 4542 3377 4596 dico
3408 4559 3421 4595 :
3452 4539 3584 4597 Viuo
3621 4552 3788 4596 autem
3827 4543 3945 4616 jam

2365 4655 2465 4693 non
2491 4654 2605 4710 ego,
2630 4638 2747 4693 uiuit
2773 4652 2887 4709 vero
2912 4636 2964 4689 in
3000 4652 3079 4691 me
3105 4633 3335 4690 Christus
3357 4633 3500 4703 (Gut.
3529 4634 3584 4689 Ξ.
3615 4616 3733 4706 ἑο).
3755 4633 3946 4691 ‘l'alctn

2365 4740 2576 4801 oportet
2600 4728 2964 4799 Christianum
2991 4742 3131 4781 esse.
3156 4724 3272 4781 Non
3304 4726 3446 4792 viro,
3475 4725 3677 4795 inquit,
3702 4739 3947 4779 commu-

2367 4836 2489 4877 nem
2520 4822 2699 4876 vitam.
2725 4818 3009 4888 Quomodo
3040 4816 3201 4888 igitur
3224 4817 3382 4884 vivis,
3425 4817 3579 4871 beate
3608 4814 3768 4870 Paule
3786 4816 3814 4867 ϊ
3838 4830 3948 4871 non

2366 4911 2536 4968 solem
2561 4907 2788 4981 aspicis?
2804 4922 2911 4963 non
2937 4921 3277 4962 communem
3299 4921 3479 4962 aerem
3511 4904 3821 4976 respirando
3848 4904 3949 4959 du-

2368 5000 2490 5057 cis?
2520 5014 2625 5056 non
2656 4997 2842 5054 iisdem
2871 5008 3031 5069 atque
3055 5011 3245 5053 omnes
3272 4995 3542 5052 alimentis
3572 4995 3817 5052 nutriris?
3840 5010 3947 5051 non

2371 5104 2606 5160 terram,
2650 5090 3099 5163 quemadmodum
3143 5105 3240 5146 nos
3281 5087 3535 5156 facitnus,
3587 5087 3805 5142 calcas!
3841 5104 3949 5143 non

2370 5183 2543 5240 somni
2570 5182 2733 5253 eges?
2763 5197 2868 5236 non
2896 5182 3121 5235 vestium
3142 5220 3158 5245 ,
3188 5195 3294 5237 non
3319 5178 3664 5234 calceorum?
3686 5176 3841 5246 Quid
3871 5178 3953 5231 di-

2370 5277 2448 5331 cis
2472 5316 2487 5339 ,
2528 5274 2648 5329 Non
2688 5276 2798 5329 viro
2816 5274 2842 5327 .'
2882 5270 3157 5343 quomodo
3185 5285 3294 5325 non
3323 5267 3501 5325 vivis‘l
3540 5266 3675 5336 Quid
3701 5268 3800 5321 sibi
3832 5267 3951 5321 vult

2373 5368 2473 5423 iste
2509 5366 2792 5422 verborum
2841 5361 3057 5418 tumor?
3085 5361 3202 5417 Non
3239 5370 3365 5427 sunt
3403 5359 3518 5414 lucc
3547 5356 3948 5412 ostentationis.

2375 5461 2582 5516 Etenim
2610 5459 2711 5514 nisi
2738 5472 2824 5512 rcs
2846 5457 2977 5527 ipsa:
3008 5453 3369 5510 testimonium
3392 5450 3585 5507 darent
3604 5491 3619 5513 ,
3638 5449 3832 5502 nierito
3859 5448 3951 5502 illa

2371 5551 2636 5622 quispiam
2677 5548 2873 5603 tumori
2896 5560 2961 5602 ac
2990 5544 3211 5601 vanitati
3236 5540 3567 5597 adscriberet
3604 5557 3620 5596 :
3652 5551 3791 5592 tione
3824 5552 3954 5593 vero

2438 5706 2453 5770 ξ
2490 5706 2573 5770 uie
2596 5705 2645 5770 in
2660 5701 2833 5770 ,(Ξηεα
2853 5698 3257 5770 Meuanith
3272 5694 3601 5770 desierat:

2372 5752 2539 5829 primit
2796 5776 2810 5811 :
3072 5752 3412 5829 viuere
3433 5752 3660 5829 rsum-6
3678 5752 3860 5804 sucula
3870 5753 3951 5815 (uc

2377 5817 2541 5878 iurum
2560 5833 2630 5877 est
2645 5823 2678 5877 ἵ
2694 5823 2995 5886 Μιηιιωίμὶ
3016 5821 3166 5891 nostri
3192 5817 3311 5868 nihil
3331 5817 3530 5867 habent.
