4064 6318
128 343 200 397 ξθι

129 473 222 511 cum
247 470 325 509 res
357 456 486 524 ipsa:
511 454 876 509 testimonium
900 454 1062 520 dent,
1107 456 1263 524 quam
1295 450 1667 508 ostentationis

131 546 323 616 speciem
365 546 678 602 habebunt?
718 547 992 601 Discamus
1042 547 1199 615 igitur
1246 543 1517 615 quomodo
1566 556 1671 596 non

133 637 240 690 vitat
265 654 278 690 :
312 652 432 689 nam
461 647 514 691 et
538 637 664 690 alibi
688 636 816 690 dicit
838 677 855 702 ,
891 635 1001 706 Ego
1029 635 1305 703 cruciﬁxus
1325 651 1434 687 sum
1463 632 1670 697 mundo,

131 740 166 777 rt
194 726 295 778 inihi
333 727 550 779 mundus
592 725 736 794 (Gal.
763 727 816 780 6.
848 727 958 793 Ν).
1008 725 1290 792 Quomodo
1332 725 1493 794 igitur
1522 724 1670 788 dicit,

134 813 231 868 Non
260 817 480 886 ,ᾕρησο
526 818 655 882 viro,
711 825 767 870 et
801 815 1072 884 quomodo
1115 829 1320 877 rursus,
1351 813 1483 866 Mihi
1517 815 1678 866 vivere

131 906 346 970 Christus,
379 907 624 961 audiatis.

200 996 309 1050 l’itte
323 1015 508 1068 genere
529 997 784 1068 quedam.
808 1027 879 1036 —
897 996 1028 1050 Viue
1057 1012 1252 1051 nomen
1275 995 1548 1065 multiplex
1577 1004 1677 1057 est,

133 1090 282 1143 dita-eti
310 1108 322 1140 :
354 1090 705 1152 idest,innlta
732 1088 1030 1157 signiﬁcat,
1064 1097 1121 1142 ut
1168 1090 1358 1142 mortis
1397 1088 1557 1139 etiam
1589 1103 1683 1139 no—

136 1194 256 1233 men.
301 1179 392 1232 Est
418 1180 522 1232 vita
550 1179 665 1233 lure
689 1180 961 1247 corporis;
993 1187 1075 1232 est
1111 1179 1273 1232 etiam
1305 1177 1410 1232 vita
1437 1175 1682 1244 qiuudaui

136 1269 340 1338 peccati,
385 1270 836 1339 quemadn'ioduin
885 1269 1081 1322 Paulus
1120 1269 1245 1322 alibi
1275 1268 1422 1331 dii-it,
1457 1268 1516 1322 Si
1554 1273 1687 1320 enim

139 1362 295 1415 mortui
327 1378 501 1416 situlus
540 1372 777 1432 peccato,
825 1361 1072 1431 quomodo
1099 1361 1264 1413 adhuc
1283 1361 1499 1412 vivemus
1524 1362 1574 1413 in
1598 1360 1688 1412 illo

138 1449 286 1520 (Rom.
309 1450 364 1506 (ὃ.
394 1451 456 1519 Ξ)
475 1452 502 1505 ?
529 1452 621 1505 list
647 1451 803 1524 igitur
819 1454 1003 1504 vivere
1043 1451 1246 1520 peccati
1281 1450 1441 1503 vitam
1479 1469 1491 1504 :
1520 1459 1691 1502 atten-

139 1543 248 1607 dite,
285 1543 528 1608 obsecro,
561 1540 865 1612 diligenter,
897 1557 964 1596 ne
994 1540 1187 1596 frustra
1219 1543 1526 1596 laboremus
1558 1559 1570 1593 :
1602 1551 1688 1596 est

138 1633 229 1685 vita
252 1642 440 1686 :eterna
472 1643 526 1685 et
558 1632 894 1693 immortalis,
931 1647 1050 1700 qu:e
1092 1632 1254 1685 etiam
1299 1631 1532 1685 ezelestis
1556 1641 1636 1683 est
1671 1649 1685 1683 :

142 1722 310 1777 Nostra
332 1724 496 1785 enim,
525 1723 715 1792 inquit,
746 1724 1058 1777 conversatio
1081 1724 1133 1776 in
1168 1725 1306 1777 aclis
1331 1733 1404 1776 est
1432 1721 1689 1792 (Philipp.

139 1824 184 1876 3.
207 1822 580 1893 ‘20).Estetiam
606 1823 710 1874 vita
734 1822 995 1891 corporis,
1017 1819 1084 1872 de
1114 1835 1215 1887 qua
1240 1819 1388 1881 dicit,
1416 1818 1513 1871 Per
1534 1817 1697 1886 ipsum

140 1918 352 1982 rit-intus,
374 1927 419 1969 et
452 1931 725 1978 moremur,
754 1923 800 1968 et
835 1929 1006 1966 animi:
1035 1912 1149 1981 (Act
1194 1912 1279 1965 Π.
1313 1911 1428 1977 ΞΒ).
1462 1909 1575 1963 Non
1605 1908 1698 1976 igi-

142 2019 214 2060 tur
241 2018 386 2075 negat
429 2005 725 2059 naturalem
760 2018 819 2059 se
843 2005 1006 2056 vitam
1039 2003 1240 2064 vivere,
1291 2001 1382 2054 sed
1413 2015 1531 2053 eam
1577 2013 1694 2066 qua:

145 2108 460 2164 peccatorum
505 2104 607 2156 est.
660 2109 821 2163 quam
866 2094 1054 2147 vivunt
1097 2106 1285 2145 omnes
1329 2090 1593 2143 homines.
1637 2088 1703 2140 Et

143 2189 317 2241 merito
346 2185 557 2257 quidem
597 2195 776 2254 negat.
814 2184 944 2239 Nam
975 2184 1065 2254 qui
1095 2184 1372 2253 prmseutis
1397 2183 1520 2236 vita:
1545 2182 1702 2249 cupi-

144 2279 231 2331 dus
260 2293 358 2330 non
390 2287 490 2338 est,
520 2276 793 2346 quomodo
824 2275 960 2329 banc
993 2275 1163 2328 vivit?
1209 2274 1298 2344 qui
1366 2273 1432 2326 ad
1478 2273 1705 2325 alterum

144 2369 358 2432 festinat,
389 2367 658 2437 quomodo
683 2367 822 2421 hanc
848 2367 1115 2435 vivithui
1145 2373 1373 2419 mortem
1392 2365 1704 2424 contemnit,

145 2466 390 2526 quomodo
416 2459 552 2512 hanc
581 2459 744 2512 vivit?
788 2458 876 2526 qui
906 2457 1037 2510 nihil
1063 2473 1130 2510 ex
1155 2457 1219 2508 iis
1247 2471 1366 2524 qua:
1409 2455 1460 2508 in
1499 2455 1700 2507 mundo

150 2556 260 2603 sunt
295 2549 641 2617 concupiscit,
689 2549 957 2617 quomodo
987 2547 1123 2601 hanc
1150 2547 1317 2599 vivit?
1359 2546 1493 2600 Nzun
1517 2561 1709 2615 quein-

151 2642 416 2697 admodum
441 2643 530 2710 qui
554 2655 621 2696 ex
650 2642 933 2695 adamante
958 2648 1188 2701 constat.
1219 2655 1285 2692 ne
1309 2639 1353 2692 si
1382 2639 1576 2692 millies
1597 2639 1713 2706 qui-

149 2735 256 2786 dem
280 2732 933 2802 percutiatur,quidquam
961 2729 1386 2783 commovebitur
1417 2747 1428 2781 :
1461 2731 1529 2781 ita
1553 2730 1712 2780 etiam

152 2825 328 2878 l’aulus
358 2843 369 2875 :
399 2823 518 2877 l’ioo
546 2834 736 2887 autem,
766 2823 954 2890 inquit,
985 2838 1084 2874 non
1101 2822 1214 2890 jam
1245 2837 1357 2890 ego,
1393 2818 1443 2872 id
1471 2829 1576 2882 est,
1609 2833 1712 2869 non

148 2905 247 2980 jam
275 2927 420 2967 vetus
449 2913 609 2985 homo
643 2929 657 2964 :
690 2923 744 2967 et
775 2927 958 2965 rursus
984 2910 1106 2963 alibi
1133 2951 1147 2971 ,
1197 2909 1357 2962 Miser
1396 2925 1487 2977 ego
1532 2906 1718 2959 homo!

153 3006 251 3069 quis
267 3021 341 3058 me
365 3003 591 3057 liberabit
618 3014 680 3057 ea:
699 3019 914 3072 corpore
935 3003 1110 3054 mortis
1140 3002 1295 3069 hujus
1321 2998 1496 3067 (liam.
1525 3001 1575 3051 7.
1599 2998 1721 3065 2i)?

156 3096 219 3147 ita
245 3097 326 3162 qui
359 3094 485 3149 nihil
513 3093 773 3155 alimenti,
805 3092 934 3146 nihil
970 3091 1194 3145 vestium
1216 3131 1231 3155 ,
1282 3089 1414 3143 nihil
1445 3089 1607 3141 ullius
1640 3087 1717 3140 rei

156 3187 416 3252 pra-sentis
458 3200 621 3239 causa
665 3184 785 3237 facit
805 3225 819 3249 ,
844 3182 1114 3252 quomodo
1160 3181 1245 3234 hic
1275 3180 1400 3232 vivit
1426 3179 1448 3231 ἲ
1477 3179 1572 3232 llic
1603 3194 1724 3247 pro-

156 3281 284 3329 iecto
325 3293 385 3330 ne
426 3277 724 3329 naturalem
769 3275 985 3344 quidem
1026 3275 1188 3327 vitam
1238 3273 1420 3326 vivere
1467 3271 1724 3325 dicendus

156 3378 231 3420 est
262 3386 273 3418 :
301 3369 386 3437 qui
416 3368 543 3420 nihil
572 3382 761 3422 eorum
791 3383 910 3435 qua:
941 3364 1008 3419 ad
1038 3365 1198 3418 vitam
1231 3364 1434 3418 faciunt
1461 3374 1606 3416 curat
1629 3403 1643 3426 ,
1684 3365 1727 3416 is

157 3472 247 3512 nec
270 3461 417 3512 vivit.
447 3458 553 3511 Nos
582 3457 720 3511 hanc
751 3457 914 3510 vitam
942 3455 1170 3509 vivimus
1191 3496 1206 3518 ,
1242 3455 1332 3523 qui
1362 3468 1457 3522 pro
1489 3453 1588 3506 hac
1613 3468 1727 3505 om-

156 3552 233 3602 nia
261 3549 519 3614 facimus;
549 3550 638 3603 ille
680 3564 807 3602 vero
852 3564 956 3600 non
1013 3546 1243 3610 vivebat,
1276 3559 1446 3612 neque
1481 3544 1531 3596 in
1571 3546 1730 3596 rebus

159 3641 270 3693 ullis
313 3639 654 3693 inferioribus
705 3639 1037 3692 versabatur.
1085 3636 1365 3703 Quomodo
1399 3635 1559 3704 igitur
1586 3635 1727 3689 vive-

159 3729 283 3782 bat?
311 3729 382 3783 Ita
403 3732 562 3784 etiam
596 3728 666 3782 de
692 3727 1013 3798 quibusdam
1042 3726 1294 3791 dicimus,
1325 3725 1418 3780 Ille
1450 3725 1580 3778 mihi
1625 3741 1729 3779 non

160 3819 340 3887 adest;
381 3823 468 3876 ubi
515 3820 648 3876 nihil
693 3829 854 3890 agat,
903 3820 1047 3890 quod
1086 3819 1151 3873 ad
1202 3835 1288 3873 me
1332 3818 1729 3888 pertineat:ita

159 3915 308 3968 etiam
331 3929 532 3980 rursus,
568 3913 663 3968 Ille
689 3913 818 3967 inihi
853 3927 956 3965 non
990 3912 1139 3966 vivit.
1166 3910 1317 3978 Quod
1347 3912 1488 3964 enim
1519 3919 1735 3963 natura-

164 4010 258 4058 lem
287 4005 421 4059 hanc
452 4007 614 4060 vitam
645 4019 751 4059 non
786 4005 1014 4072 rejieiat,
1053 4003 1177 4056 alibi
1221 4002 1302 4056 bis
1346 4002 1521 4056 verbis
1548 4013 1733 4055 osten-

161 4096 232 4148 dit
261 4113 274 4147 :
310 4097 456 4162 Quod
481 4103 647 4150 autem
675 4112 808 4148 nunc
834 4097 942 4148 uiuo
971 4096 1021 4146 in
1049 4110 1219 4157 carne,
1265 4094 1316 4146 in
1346 4094 1448 4161 [ide
1476 4095 1583 4146 vivo
1612 4092 1735 4146 Filii

168 4186 280 4249 Dei,
328 4187 413 4254 qui
453 4187 630 4240 dilexit
659 4202 772 4250 me,
801 4196 848 4239 et
877 4186 1085 4238 tradidit
1109 4188 1329 4254 seipsum
1359 4202 1451 4254 pro
1478 4203 1556 4238 me
1592 4186 1733 4254 ((inl.

160 4277 196 4328 ‘2
234 4276 358 4344 20)..
385 4277 437 4330 ω
462 4287 544 4331 est
563 4318 580 4342 ,
613 4291 806 4330 novam
834 4276 1118 4346 quamdam
1152 4279 1311 4330 vitam
1340 4277 1457 4331 vivo
1485 4286 1643 4347 atque
1670 4279 1737 4332 ab

165 4369 346 4420 usitata
374 4370 656 4423 diversam.

229 4461 279 4513 5.
311 4461 439 4515 ll:ec
465 4477 595 4514 sane
638 4461 814 4514 omnia
845 4461 910 4514 ad
949 4461 1387 4530 Philippensinm'
1413 4464 1737 4516 consolatio-

166 4566 280 4603 nem
298 4551 443 4604 dicit.
472 4551 549 4605 Ne
571 4553 789 4621 putetis,
821 4552 1008 4617 inquit,
1031 4553 1145 4606 fore
1167 4563 1221 4605 ut
1246 4554 1344 4606 hac
1368 4554 1472 4607 vita
1498 4554 1696 4621 spolier
1720 4571 1735 4609 ε

166 4641 592 4710 quandoquidem
609 4657 675 4695 ne
697 4641 880 4694 vivens
895 4642 1107 4709 quidem
1138 4643 1274 4696 hanc
1289 4643 1531 4696 vivebam
1554 4644 1736 4707 vitam,

168 4732 253 4785 sed
282 4733 448 4796 illam,
472 4749 632 4801 quam
649 4733 859 4787 volebat
887 4734 1153 4788 Christus.
1189 4736 1283 4789 Dic
1307 4737 1450 4789 enim
1475 4737 1624 4798 mihi,
1648 4737 1739 4805 qui

168 4826 412 4890 pecunias
441 4811 758 4888 contemnit,
793 4827 881 4895 qni
910 4826 1110 4891 cibum,
1141 4831 1228 4895 qui
1259 4827 1453 4881 famem
1485 4837 1538 4881 et
1565 4829 1733 4894 sitim,

167 4915 248 4978 qtti
279 4915 534 4982 pericula,
564 4918 656 4984 qui
687 4916 993 4980 sanitatem,
1027 4919 1113 4984 qui
1163 4919 1389 4972 salutem
1417 4934 1430 4982 ;
1461 4920 1576 4972 isne
1605 4919 1742 4972 hanc

167 5005 321 5057 \iL'tm
355 5007 526 5060 vivit?
552 5007 644 5076 qui
673 5007 803 5060 nihil
837 5009 888 5060 in
924 5010 1081 5063 terris
1113 5008 1294 5072 habet,
1320 5012 1408 5078 qui
1440 5025 1584 5080 smpe
1614 5027 1738 5080 pro-

170 5094 385 5152 fundere
427 5098 595 5165 ips-im
623 5099 772 5166 cupit
796 5139 811 5162 ,
841 5099 884 5150 si
913 5113 1048 5167 opus
1074 5101 1144 5171 sit
1165 5141 1178 5164 ,
1215 5116 1386 5168 neque
1414 5102 1740 5167 reluctatur;

169 5187 274 5240 isne
305 5187 445 5240 lianc
489 5189 618 5241 vivit
649 5189 851 5243 vitam?
882 5188 1219 5258 Neutiquam.
1262 5191 1369 5244 Sed
1414 5192 1551 5244 istud
1590 5193 1744 5247 vobis

160 5278 309 5344 quasi
347 5278 596 5346 exemplo
622 5278 852 5345 quodam
911 5281 1246 5348 perSpiCtiiitn
1304 5281 1600 5336 iaciendum
1638 5294 1740 5336 est.

171 5366 290 5420 Esto
329 5370 594 5437 quispiam
641 5367 842 5423 divitiis
881 5371 1082 5434 inullis,
1131 5371 1359 5437 famulis,
1399 5388 1528 5426 auro
1573 5374 1742 5427 abun-

169 5455 337 5520 dans;
371 5459 514 5512 nulla
545 5471 723 5513 autem
756 5460 941 5513 harum
972 5477 1148 5514 rerum
1178 5471 1355 5516 utatur
1387 5482 1398 5516 :
1434 5481 1558 5516 num
1594 5465 1637 5517 is
1667 5466 1744 5517 di-

171 5547 302 5600 vitiis
335 5549 452 5603 istis
491 5549 645 5604 dives
669 5551 812 5606 erit?
843 5551 1078 5606 Minime.
1127 5553 1230 5606 Sed
1274 5553 1449 5607 videat
1490 5565 1744 5623 pratterea

170 5636 297 5689 bona
327 5654 358 5690 a
391 5639 516 5695 liliis
543 5641 790 5712 dissipari
820 5651 1025 5697 temere
1050 5643 1616 5711 eireuincursantilnis,
1647 5654 1745 5702 nec

167 5727 446 5798 quidquam
492 5741 680 5800 curet;
729 5731 864 5788 adde
903 5733 1066 5789 etiam
1091 5733 1134 5787 si
1167 5734 1280 5799 vis,
1315 5749 1596 5804 percussus
1640 5751 1742 5791 non

1005 340 1070 398 ΙΝ
1111 340 1326 397 EPIST.
1373 340 1463 394 AD
1501 335 1783 394 PlllLlPP.
1827 335 1983 390 CAP.
2023 333 2062 389 l.
2106 333 2338 402 “0min
2382 333 2466 390 111.

3256 332 3359 386 20-3

1778 448 1988 504 doleat:
2013 465 2078 502 an
2100 447 2240 503 hunc
2260 448 2500 502 dicemus
2520 446 2571 499 in
2599 443 2798 500 divitiis
2813 459 2931 500 csse
2951 445 2972 498 ’ἓ
2996 444 3362 514 Nequaquam,

1781 540 1991 593 tametsi
2022 539 2192 608 ipsius
2217 546 2340 592 sunt
2360 537 2579 592 divitiae.
2605 535 2686 591 Ad
2714 537 2853 589 hunc
2879 536 3039 590 etiatn
3068 537 3283 589 modum
3307 552 3366 591 se

1779 629 2010 683 habebat
2032 629 2247 683 l’aulus:
2272 628 2420 692 Mihi,
2443 629 2632 697 inquit,
2657 628 2822 681 virere
2837 625 3090 681 Christus.
3111 627 3164 680 Si
3190 642 3364 681 meam

1784 720 1916 773 velis
1945 719 2211 788 vestigare
2242 719 2432 780 vitam,
2465 718 2555 770 ille
2601 716 2729 772 inihi
2759 724 2858 769 est.
2894 713 2961 769 Et
2992 717 3119 768 mori
3148 717 3368 769 (iterum.

1782 813 1934 866 Cur?
1961 813 2224 880 Quoniam
2268 812 2440 880 major
2468 808 2596 864 mihi
2626 809 2769 863 illius
2797 811 2988 882 notitia
3015 811 3140 869 erit,
3168 817 3223 862 et
3250 823 3372 861 cuin

1786 906 1902 972 ipso
1921 905 2378 972 versabor.Quare
2397 904 2497 959 hoc
2514 903 2642 958 nihil
2659 902 2802 956 aliud
2815 911 2896 955 est
2912 917 3071 971 quam
3090 901 3375 956 nim-iendo

1787 997 1858 1050 ad
1881 999 2040 1051 vitam
2074 997 2390 1067 pervenire?
2408 997 2554 1053 Nihil
2576 997 2704 1050 mihi
2730 996 2917 1050 durius
2949 994 3142 1049 facient
3170 995 3262 1064 qui
3293 995 3374 1048 in-

1791 1086 2118 1153 terfecerint,
2146 1087 2212 1141 ad
2239 1103 2410 1143 meam
2441 1103 2527 1141 me
2564 1088 2871 1141 emittentes
2900 1087 3081 1151 vitam,
3113 1095 3164 1139 et
3191 1083 3258 1137 ab
3279 1082 3380 1136 hac

1790 1194 1907 1255 quin
1927 1179 2054 1231 mihi
2078 1188 2197 1248 apta
2219 1195 2326 1232 non
2345 1189 2429 1233 est
2446 1179 2753 1233 liberantes.
2774 1177 2909 1245 Quid
2934 1177 3092 1247 igitur
3110 1177 3132 1229 ?
3149 1176 3274 1230 dum
3295 1176 3383 1230 hic

1791 1286 1870 1334 es,
1893 1270 2092 1323 Christi
2120 1286 2226 1324 non
2252 1271 2399 1325 eris?
2417 1270 2483 1324 Et
2512 1270 2664 1324 valde
2690 1267 2930 1340 quidem.
2950 1270 3042 1323 2‘2.
3067 1270 3216 1335 Quod
3245 1270 3287 1324 si
3309 1271 3384 1321 oi-

1794 1377 1905 1415 vere
1926 1363 1979 1414 in
1999 1377 2170 1426 carne,
2195 1362 2290 1416 hoc
2312 1363 2434 1415 mihi
2462 1365 2657 1433 fructus
2678 1364 2844 1431 operis
2862 1373 2953 1427 est,
2983 1373 3031 1416 et
3055 1363 3178 1433 quid
3198 1363 3383 1432 eligam

1797 1455 1992 1523 ignoro.
2023 1452 2100 1508 Ne
2119 1454 2237 1524 quis
2258 1454 2401 1508 dicat
2423 1472 2433 1506 :
2457 1453 2512 1508 Si
2542 1456 2700 1523 igitur
2717 1455 2845 1508 illud
2879 1465 2962 1509 est
2984 1457 3110 1520 vita,
3130 1455 3389 1510 cuerri-

1798 1555 1914 1597 stus
1941 1545 2027 1597 hic
2053 1553 2106 1598 te
2135 1560 2354 1599 manere
2383 1545 2553 1598 sinit?
2585 1544 2828 1608 Fructus,
2862 1546 3069 1615 inquit,
3098 1547 3264 1614 aperis
3291 1555 3385 1599 est.

1798 1634 2155 1700 Quamobrem
2180 1635 2305 1689 licet
2325 1637 2573 1703 praesenti
2595 1638 2753 1690 etiam
2783 1636 2889 1689 vita
2907 1652 2993 1700 eo,
3020 1652 3127 1705 quo
3148 1646 3386 1706 oportet,

1802 1727 1961 1780 modo
2002 1727 2115 1790 uti,
2148 1727 2193 1780 si
2223 1728 2390 1795 ipsam
2421 1727 2638 1779 minime
2670 1726 2913 1780 vivamus
2941 1741 3008 1781 eo
3049 1728 3208 1780 modo
3232 1768 3248 1792 ,
3279 1742 3390 1795 quo

1803 1817 1994 1885 vulgus
2015 1817 2164 1870 vivit.
2189 1817 2298 1871 Iloc
2325 1817 2446 1871 ideo
2463 1816 2612 1880 dicit,
2631 1833 2697 1872 ne
2727 1826 2880 1886 putes
2907 1817 3070 1870 vitam
3094 1818 3262 1886 ipsam
3283 1817 3390 1870 cri-

1806 1909 1933 1960 mini
1963 1907 2114 1972 dari;
2137 1924 2314 1978 neque
2339 1908 2506 1971 dicas,
2525 1909 2579 1963 Si
2610 1909 2769 1977 igitur
2790 1909 2878 1964 bic
2898 1908 3040 1962 nulla
3068 1910 3223 1964 nobis
3247 1924 3397 1963 com-

1807 2009 2022 2066 paratur
2050 1999 2273 2064 utilitas,
2293 2000 2520 2070 qnidest
2543 2015 2640 2053 cur
2656 2014 2754 2054 nos
2772 2016 2876 2054 non
2895 2015 2924 2055 e
2947 1999 3125 2055 medio
3144 1987 3395 2054 tollamus

1807 2098 1862 2142 et
1890 2087 2196 2142 occidamus
2216 2089 2602 2160 ?Nentiquam,
2623 2092 2794 2160 inquit
2819 2111 2832 2146 :
2860 2093 2987 2146 licet
3005 2106 3072 2146 ex
3102 2091 3201 2145 hac
3231 2093 3394 2146 etiam

1812 2180 2087 2249 mansione
2117 2180 2323 2234 lucrum
2348 2191 2645 2249 reportare,
2676 2182 2721 2234 si
2754 2183 2892 2234 hanc
2917 2183 3086 2234 vitam
3115 2197 3218 2235 non
3247 2182 3397 2235 viva-

1809 2287 1954 2336 mus,
1985 2271 2078 2324 sed
2107 2270 2353 2325 alteram.
2387 2271 2492 2326 Sed
2516 2273 2779 2341 quispiain
2811 2271 3040 2326 fortasse
3063 2273 3355 2339 interroget
3384 2288 3401 2325 :

1815 2362 2000 2416 llocne
2033 2362 2124 2416 tibi
2167 2363 2393 2417 fructum
2427 2365 2581 2418 all'ert
2606 2365 2633 2416 ἲ
2660 2365 2816 2419 Certe
2840 2405 2854 2428 ,
2897 2367 3088 2434 inquit.
3132 2364 3230 2419 Ubi
3265 2380 3404 2416 nunc

1816 2451 2051 2506 luerctici
2074 2455 2100 2504 Υ
2128 2452 2255 2505 Vide
2284 2470 2423 2506 nunc
2453 2495 2466 2516 ,
2510 2453 2683 2506 Vivere
2707 2456 2757 2506 in
2785 2472 2938 2508 carne
2963 2494 2976 2517 ,
3014 2455 3114 2508 hoc
3140 2454 3268 2507 dicit
3298 2455 3407 2507 l'ru~

1816 2551 1958 2593 ctum
1978 2542 2188 2609 operis:
2218 2543 2398 2610 operis
2421 2544 2562 2596 enim
2591 2554 2694 2596 est.
2729 2543 3010 2609 Quomodo
3043 2546 3245 2597 fructus
3274 2561 3407 2610 ope-

1820 2632 1929 2683 ris?
1956 2632 2101 2696 Quod
2122 2644 2288 2685 autent
2311 2651 2443 2686 nunc
2470 2637 2578 2687 uiro
2607 2636 2659 2686 in
2694 2651 2844 2687 carne
2868 2677 2882 2700 ,
2907 2637 2959 2687 in
2988 2636 3090 2703 ﬁde
3117 2638 3244 2688 vivo.
3276 2635 3411 2689 llinc

1829 2723 2032 2776 fructus
2061 2725 2260 2792 operis.
2288 2724 2354 2777 Et
2376 2726 2698 2795 quideligam
2725 2727 2923 2797 ignoro.

1900 2815 2051 2866 Pauli
2083 2817 2428 2886 philosophia.
2477 2847 2548 2856 —-
2577 2819 2731 2888 Papa!
2764 2821 2777 2871 !
2823 2829 3018 2888 quanta
3049 2829 3134 2874 est
3167 2821 3411 2890 philoso-

1827 2905 1981 2972 phia!
2031 2907 2310 2971 Quomodo
2338 2910 2770 2976 praesentisuitw
2797 2910 3144 2979 cupiditatem
3191 2912 3410 2978 abjcce-

1826 3006 1943 3060 rat,
1974 3013 2073 3051 nec
2105 3008 2279 3053 tamen
2310 2999 2454 3053 illiilli
2478 3001 2858 3055 criminabatur
2879 3002 2902 3053 ?
2927 3018 3047 3055 nam
3077 3002 3159 3056 his
3198 3002 3413 3071 quidem

1828 3089 2028 3152 verbis,
2076 3089 2211 3144 Mori
2268 3091 2483 3153 lucrum,
2537 3092 2884 3158 cupiditatem
2935 3093 3254 3160 abjiciebat;
3311 3093 3418 3146 illis

1830 3195 1977 3242 vero,
2020 3179 2191 3233 Vivere
2220 3181 2270 3232 in
2297 3197 2449 3234 came
2476 3183 2669 3246 fructm
2691 3184 2878 3248 Operis,
2911 3184 3145 3237 ostendit
3174 3200 3414 3252 pra‘scu-

1832 3281 1936 3326 tem
1968 3287 2181 3341 quoque
2211 3275 2370 3327 vitam
2418 3290 2538 3328 esse
2580 3276 2956 3330 necessaiiam.
3010 3277 3333 3343 Quomodo?
3363 3281 3420 3333 Si

1833 3366 1944 3432 ipsa
1978 3376 2033 3416 ut
2063 3373 2276 3432 oportet
2301 3374 2536 3429 utamur,
2567 3366 2611 3420 si
2642 3367 2871 3421 fructum
2906 3368 3141 3422 feramus
3172 3387 3182 3419 :
3217 3372 3417 3424 etenim

1833 3458 1875 3508 si
1902 3455 2230 3510 infructuosa
2263 3456 2374 3522 sit,
2407 3472 2582 3525 neque
2611 3459 2717 3511 vita
2771 3459 3002 3526 amplius
3041 3469 3144 3512 est.
3189 3459 3321 3513 Nam
3370 3472 3425 3515 et

1834 3547 2055 3601 arbores
2085 3563 2203 3616 qua:
2229 3546 2463 3602 fructum
2497 3551 2616 3602 non'
2635 3549 2834 3616 ferunt,
2864 3551 3087 3619 perinde
3117 3563 3278 3622 atque
3308 3556 3385 3606 ari
3404 3584 3420 3593 -

1835 3637 1929 3690 das
1956 3652 2269 3691 aversamur
2295 3647 2349 3693 et
2379 3639 2430 3692 in
2463 3640 2638 3709 ignem
2670 3642 3007 3709 conjicimus.
3038 3643 3246 3697 Rursus
3276 3647 3422 3698 enim

1839 3729 1940 3780 vita
1971 3740 2052 3783 est
2081 3745 2145 3784 ex
2178 3745 2364 3784 earum
2413 3747 2594 3785 rerum
2625 3749 2849 3788 numero
2871 3775 2886 3799 ,
2929 3751 3049 3804 quin
3080 3736 3271 3790 media:
3301 3747 3429 3791 sont

1837 3829 1890 3874 et
1915 3820 2278 3877 indifferentes
2303 3839 2319 3887 ;
2348 3823 2486 3879 bene
2511 3833 2688 3878 autem
2720 3826 2801 3880 vel
2835 3827 2972 3880 male
2999 3830 3178 3882 vivere
3207 3870 3219 3893 ,
3245 3829 3426 3883 inuo-

1841 3909 1920 3962 bis
1959 3919 2041 3964 est
2088 3911 2270 3965 situm.
2320 3913 2487 3982 Igitur
2530 3930 2597 3968 ne
2625 3917 2902 3984 displiceat
2951 3919 3055 3972 vita
3105 3935 3267 3974 :naui
3301 3919 3429 3976 licet

1839 4001 2000 4052 etiam
2050 4001 2276 4056 honeste
2326 4004 2505 4058 vivere
2555 4021 2570 4056 :
2617 4006 2662 4059 si
2709 4007 2850 4061 male
2900 4009 3002 4061 vita
3036 4019 3280 4075 utamur,
3315 4028 3425 4067 non

1839 4091 2001 4143 etiam
2039 4100 2318 4160 propterea
2370 4094 2537 4162 ipsam
2581 4109 2836 4150 accmare
2864 4097 3176 4154 debeamus.
3207 4100 3430 4167 Quare?

1841 4180 2103 4246 Quoniam
2133 4199 2237 4236 non
2271 4184 2383 4253 ipsa
2412 4201 2572 4238 causa
2610 4186 2727 4253 luit,
2755 4189 2849 4241 sed
2880 4189 3074 4244 electio
3100 4206 3309 4258 eorum,
3339 4196 3432 4263 qui

1844 4271 1982 4325 male
2018 4272 2130 4340 ipsa
2168 4283 2292 4327 sunt
2321 4275 2422 4328 usi.
2453 4275 2586 4329 Nam
2618 4277 2755 4332 Deus
2782 4280 2998 4346 quidem
3027 4280 3148 4335 ideo
3171 4291 3222 4338 te
3253 4283 3434 4340 vivere

1843 4364 2129 4427 concessit,
2167 4373 2223 4417 ut
2253 4365 2353 4434 ipsi
2386 4367 2528 4420 vivas
2564 4385 2577 4421 :
2609 4378 2661 4421 tu
2693 4384 2822 4423 vero
2851 4381 3068 4439 propter
3084 4372 3431 4444 vitiositatt-tn

1847 4465 2069 4521 peccato
2090 4455 2296 4520 vivens,
2329 4471 2543 4510 omnem
2566 4458 2616 4511 in
2649 4468 2698 4513 te
2730 4459 2936 4515 haerere
2961 4461 3175 4532 culpam
3194 4465 3431 4520 voluisti.

1845 4545 1980 4610 Quid
1998 4547 2096 4612 ais,
2117 4562 2321 4615 quaiso,
2345 4548 2545 4603 Paule?
2565 4552 2775 4620 ignoras
2800 4554 2930 4621 quid
2955 4556 3155 4626 eligas?
3181 4557 3291 4612 lloc
3316 4559 3437 4614 loco

1847 4652 2096 4704 magnum
2126 4638 2723 4710 patelecitmysterium,
2755 4659 2947 4713 nempe
2968 4645 3161 4700 factam
3184 4648 3284 4702 sibi
3314 4665 3436 4706 esse

1850 4735 2166 4793 potestatem
2213 4729 2505 4784 decedendi
2541 4747 2555 4783 :
2598 4733 2811 4800 quando
2843 4735 2984 4787 enim
3019 4737 3173 4790 nobis
3203 4737 3439 4807 eligendi

1848 4818 2000 4885 Copia
2017 4816 2192 4882 datur,
2214 4829 2530 4886 potestatem
2553 4821 2827 4876 habemus.
2848 4824 2985 4891 Quid
3008 4827 3216 4897 eligam,
3240 4829 3432 4898 inquit,

1849 4907 2047 4975 ignoro.
2075 4908 2214 4978 Ergo
2243 4910 2294 4962 in
2326 4920 2377 4964 te
2403 4910 2562 4964 situm
2591 4912 2717 4964 est?
2746 4913 2926 4980 Certe,
2955 4915 3157 4983 inquit,
3193 4918 3236 4969 si
3268 4932 3298 4970 a
3330 4920 3442 4973 Deo

1852 4997 1987 5052 hanc
2019 5000 2288 5067 postulare
2326 5003 2552 5070 gratiam
2597 5004 2836 5057 v'oluero.
2867 5003 2957 5058 25.
2989 5006 3228 5059 Coarclor
3255 5010 3385 5061 enim
3426 5005 3466 5074 ,³

1852 5090 2067 5154 duobus,
2091 5092 2392 5146 desiderium
2415 5095 2621 5148 habens.
2648 5097 2879 5150 Attende
2912 5098 3049 5151 beati
3079 5098 3239 5166 hujus
3265 5111 3442 5167 pater-

1852 5197 1979 5235 num
2007 5182 2253 5236 allectum
2286 5202 2297 5236 :
2332 5184 2430 5238 lllIC
2459 5186 2616 5238 etiam
2650 5188 2856 5240 ratiooe
2900 5188 3043 5256 ipsus
3088 5189 3398 5243 consolatur
3422 5232 3440 5258 ,

1853 5273 1938 5326 ubi
1971 5275 2331 5329 intellexerint
2379 5278 2427 5330 id
2461 5279 2511 5330 iit
2563 5280 2732 5346 ipsius
2775 5282 3049 5333 voluntate
3099 5283 3256 5333 situm
3290 5297 3433 5346 csse,

1854 5381 2028 5434 neque
2057 5369 2125 5420 ab
2148 5368 2423 5421 hominum
2451 5370 2812 5438 improbitate,
2843 5373 2934 5424 sed
2966 5389 2994 5424 ιι
3026 5372 3118 5426 Dei
3151 5375 3440 5442 providen-

1855 5460 1922 5510 tia
1951 5461 2236 5529 proficisci.
2262 5462 2367 5515 Cur
2395 5477 2542 5531 ergo,
2571 5463 2762 5533 inquit,
2789 5479 2933 5517 mors
2965 5463 3117 5518 vobis
3142 5480 3430 5520 niteret-eui

1853 5551 2049 5604 allert?
2104 5552 2271 5606 multo
2312 5554 2478 5606 satius
2518 5565 2633 5608 erat
2690 5555 3010 5624 jampridem
3061 5555 3359 5611 decessisse
3417 5572 3435 5609 :

1855 5641 2074 5696 Dissolvi
2105 5645 2264 5710 enim,
2300 5645 2485 5714 inquit,
2505 5655 2549 5697 et
2568 5662 2672 5698 esse
2696 5663 2809 5699 cum
2840 5646 3037 5700 Christo
3067 5648 3222 5701 multo
3239 5648 3436 5711 melius;

1857 5734 1944 5790 ﬁl.
1977 5751 2176 5790 manere
2223 5738 2458 5791 autcmin
2484 5753 2637 5793 carne
2662 5741 2821 5809 magis
2863 5742 3197 5797 necessarium
3236 5753 3448 5811 propter
