4064 6318
695 324 802 381 205

702 452 806 488 ros.
842 431 964 486 llarc
991 428 1359 502 pra'parahant
1378 430 1444 484 ad
1476 429 1705 485 fulto-am
1730 430 1895 500 ipsius
1920 440 2144 483 mortem
2173 444 2269 495 ge-

701 541 893 582 nerose
936 523 1206 580 ferendam
1242 544 1255 578 :
1289 524 1405 577 hzec
1434 522 1833 593 philosophiam
1863 522 2146 577 docebant.
2178 520 2253 573 Bo

700 633 849 682 num,
880 615 1069 686 inquit,
1100 626 1181 670 est
1210 614 1449 674 dissolvi.
1484 622 1540 667 et
1564 627 1683 666 csse
1708 626 1829 664 eum
1859 611 2122 665 Christo:
2156 626 2276 663 nam

697 717 755 761 et
804 696 916 777 ipsa
952 723 1096 761 mors
1142 708 1192 761 in
1228 721 1463 760 numero
1506 719 1682 757 rerum
1723 702 2136 756 indill'crentium
2168 710 2267 754 cst.

698 797 813 851 Non
841 797 983 852 enim
1014 812 1160 851 mors
1183 797 1380 850 tnalum
1414 805 1515 858 est,
1540 796 1635 849 sed
1667 802 1785 863 post
1827 803 2053 848 mortem
2087 807 2275 861 pinnas

698 891 847 957 dare,
880 889 981 953 hoc
1006 890 1204 953 malum
1232 899 1315 943 est
1341 928 1355 951 ,
1388 904 1557 957 neque
1583 887 1743 940 etiam
1775 885 1969 938 bonum
1998 895 2079 938 est
2108 901 2273 948 lttttl‘-,

698 981 793 1035 sed
835 989 1115 1051 postquam
1147 980 1445 1034 decesseris
1469 1019 1485 1044 ,
1518 994 1637 1031 cum
1668 976 1881 1032 Christo
1907 991 2029 1031 esse
2053 1017 2068 1041 ,
2098 974 2149 1028 id
2179 975 2277 1027 iw-

700 1085 827 1124 num
857 1079 941 1124 est
987 1086 1000 1122 :
1038 1085 1156 1139 qua:
1204 1079 1323 1137 post
1368 1078 1592 1122 mortem
1618 1108 1632 1145 ,
1662 1083 1724 1121 ea
1755 1067 1970 1121 dcmutn
2020 1074 2147 1119 sunt
2193 1064 2273 1117 vel

699 1161 835 1215 bona
865 1162 949 1215 vel
970 1162 1129 1215 mala.
1164 1160 1325 1230 Igitur
1353 1175 1456 1213 non
1478 1159 1774 1228 generatim
1802 1174 1894 1213 eos
1916 1158 2005 1227 qui
2036 1157 2273 1212 moriun-

699 1265 807 1319 tttr,
842 1254 1115 1324 lugeamus
1144 1293 1160 1319 ,
1189 1268 1358 1323 neque
1385 1254 1453 1308 de
1480 1254 1774 1308 viventibus
1811 1253 2106 1323 generatim
2146 1244 2274 1321 gau-

695 1346 955 1413 deatuus;
984 1346 1077 1401 sed
1100 1346 1227 1416 quid
1250 1348 1272 1399 ?
1298 1345 1596 1415 Lugeamus
1626 1356 1933 1415 peccatores
1960 1362 2064 1400 non
2091 1345 2267 1399 solum

697 1439 1010 1505 morientes,
1033 1437 1127 1493 sed
1150 1439 1310 1492 etiam
1336 1439 1571 1492 viventes
1603 1454 1617 1493 :
1651 1440 1717 1493 de
1737 1438 1895 1507 justis
1914 1437 2262 1508 gaudeamus,

702 1546 809 1584 non
837 1531 1007 1584 solum
1039 1530 1163 1581 dum
1198 1530 1403 1593 vivunt,
1434 1546 1614 1583 verum
1642 1531 1801 1583 etiam
1823 1539 2099 1598 postquam
2132 1544 2274 1582 mor-

701 1621 774 1674 tui
809 1621 1025 1674 fuerint.
1058 1619 1189 1673 Nam
1216 1620 1288 1673 illi
1308 1619 1518 1689 quidem
1546 1620 1705 1673 etiam
1737 1619 1866 1674 dum
1896 1620 2102 1686 vivunt,
2127 1635 2272 1673 mor-

701 1711 776 1764 tui
808 1720 931 1764 sunt
957 1728 971 1764 :
1000 1709 1054 1764 hi
1088 1727 1214 1764 vero
1246 1712 1406 1763 etiam
1436 1726 1559 1764 cum
1592 1712 1785 1764 tnorttti
1813 1710 2040 1775 fuerint,
2065 1712 2272 1767 vivunt.

700 1801 780 1855 Illi
811 1798 973 1856 etiam
1016 1801 1141 1855 dum
1172 1801 1258 1856 hic
1286 1810 1409 1855 sunt
1434 1842 1450 1868 ,
1482 1802 1720 1855 onmium
1747 1800 1941 1856 elicere
1972 1802 2274 1856 misericor-

700 1891 841 1944 diam
866 1888 1083 1952 tlcbent,
1113 1891 1363 1959 quoniam
1410 1890 1574 1943 Deum
1605 1889 1887 1945 oll'enduut
1924 1911 1937 1945 ε
1972 1873 2024 1944 hi
2046 1905 2176 1945 vero
2205 1891 2271 1944 il-

696 1979 783 2034 inc
832 1980 991 2034 etiam
1048 1980 1286 2034 translati
1335 1981 1473 2035 beati
1523 1990 1674 2044 sunt,
1703 1980 1951 2051 quoniam
2002 1981 2071 2035 ad
2117 1980 2273 2035 Chri-

697 2080 839 2125 stum
862 2080 985 2126 sunt
1011 2072 1247 2141 protecti.
1273 2071 1603 2137 l’cccatores,
1632 2072 1807 2128 ubiubi
1837 2083 1956 2127 sunt
1976 2112 1993 2139 ,
2024 2074 2202 2141 procul
2240 2087 2271 2126 a

703 2161 846 2232 [tege
890 2172 1052 2229 sunt;
1091 2173 1368 2233 propterea
1415 2164 1664 2235 lacrymis
1694 2163 1882 2234 digni:
1925 2162 2056 2232 justi
2096 2175 2271 2218 auzem

697 2252 815 2307 sive
843 2252 951 2317 hic,
980 2254 1093 2307 sive
1120 2254 1212 2318 ibi,
1260 2270 1382 2308 cum
1409 2254 1551 2324 lit-ge
1576 2263 1727 2317 Sttttl;
1752 2264 1911 2322 atque
1936 2254 2007 2308 ibi
2056 2253 2270 2323 quidem

704 2344 872 2399 multo
900 2345 1069 2415 magis
1098 2360 1160 2398 ac
1191 2345 1440 2414 propius,
1475 2361 1579 2398 non
1612 2360 1707 2413 per
1732 2349 1986 2415 speciem,
2018 2361 2123 2398 non
2181 2360 2273 2413 per

701 2439 899 2504 fidem,
926 2439 1021 2493 sed
1044 2437 1219 2502 Facie,
1247 2438 1440 2509 inquit,
1472 2439 1540 2491 ad
1578 2441 1758 2508 facient
1788 2436 1864 2511 (ι.
1896 2438 2014 2492 Cor.
2043 2438 2128 2492 l5.
2156 2436 2268 2507 li).

764 2531 821 2585 ι.
858 2528 961 2595 Qui
1006 2531 1191 2583 mortui
1228 2531 1327 2583 sint
1383 2530 1606 2601 lugendi.
1662 2528 2028 2598 Exsequiarum
2071 2528 2270 2581 modus.

696 2618 1019 2673 Hortuorum
1048 2621 1289 2674 memoria
1316 2621 1369 2672 in
1388 2621 1655 2690 mysteriis.
1682 2647 1755 2658 —-
1772 2618 1887 2673 Non
1911 2619 2067 2689 igitur
2085 2634 2273 2673 omnes

696 2714 968 2780 ploremus
989 2721 1250 2775 mortuos,
1270 2710 1363 2765 sed
1384 2727 1475 2764 eos
1500 2712 1591 2779 qui
1612 2712 1662 2764 in
1689 2711 1954 2779 peccatis;
1978 2709 2031 2763 hi
2070 2710 2265 2763 lamen-

695 2805 767 2857 tis
791 2802 978 2873 digni,
1010 2803 1061 2856 hi
1100 2803 1296 2872 ejnlattt
1327 2842 1342 2868 ,
1394 2804 1446 2857 hi
1476 2803 1751 2873 lacrytnis.
1799 2802 1929 2868 Qute
1973 2804 2115 2857 enim
2144 2842 2159 2867 ,
2185 2802 2273 2855 dic

696 2893 824 2948 mihi
850 2934 865 2957 ,
894 2908 1018 2963 spes
1060 2902 1145 2948 est
1190 2908 1291 2947 una
1317 2892 1700 2985 eumpcccatis
1745 2907 1812 2947 eo
1841 2892 2140 2971 discedere,
2184 2892 2271 2947 ubi

695 2996 911 3057 peccata
959 3002 1158 3043 exuere
1204 3003 1309 3042 non
1362 2978 1530 3042 licet?
1559 2988 1738 3042 Donec
1784 2986 1930 3042 enim
1976 2978 2266 3052 hiceraut,

694 3096 884 3148 magna
912 3078 1134 3134 forsitan
1162 3090 1280 3135 erat
1304 3094 1450 3149 spes,
1479 3079 1593 3134 fore
1622 3088 1681 3133 ut
1711 3088 2181 3144 converterentur,
2212 3088 2270 3133 ut

694 3171 947 3226 meliores
990 3170 1283 3225 evaderent
1314 3188 1329 3224 :
1356 3180 1411 3224 at
1435 3171 1480 3225 si
1506 3172 1558 3225 in
1594 3170 1857 3224 infernum
1886 3169 2119 3225 abierint
2138 3209 2152 3231 .
2182 3168 2271 3224 ubi

696 3260 830 3315 nihil
874 3261 1007 3314 lucri
1036 3276 1102 3315 es
1133 3261 1446 3330 pmnitentia
1474 3261 1733 3329 reportari
1781 3270 1987 3329 potest;
2031 3276 2172 3322 nam,
2205 3258 2271 3313 In

693 3350 931 3420 inferno,
968 3351 1175 3420 inquit,
1202 3350 1314 3420 quis
1357 3350 1676 3417 conﬁtebitur
1720 3350 1808 3404 tibi
1836 3351 1855 3420 (
1888 3350 2032 3404 l’sttl.
2064 3350 2117 3405 6.
2155 3350 2271 3418 6)?

694 3438 964 3508 quomodo
1012 3455 1117 3495 non
1165 3440 1415 3495 lamentis
1456 3440 1642 3509 digni?
1673 3440 1969 3510 Lugeamus
1999 3455 2129 3507 eos,
2172 3440 2262 3508 qui

694 3530 799 3585 hoc
823 3531 982 3586 tnodo
1010 3530 1298 3598 decedunt,
1323 3548 1431 3586 non
1460 3532 1510 3585 id
1542 3531 1810 3601 impedio;
1840 3532 2134 3599 lugeamus,
2169 3530 2263 3585 sed

694 3637 803 3676 non
858 3632 1052 3691 pra-ter
1089 3622 1366 3687 decorum,
1415 3638 1520 3675 non
1560 3622 1818 3677 vellentes
1863 3621 2115 3691 capillos,
2162 3636 2267 3675 non

692 3712 911 3768 brachia
936 3712 1219 3777 nudantes,
1242 3730 1347 3785 non
1382 3715 1678 3770 lacerantes
1711 3714 1923 3780 faciem,
1956 3730 2061 3769 non
2093 3715 2264 3784 pullas

694 3815 874 3859 πεδιοε
924 3803 1242 3867 induentcs;
1288 3802 1380 3858 sed
1426 3803 1600 3858 solutn
1656 3804 1709 3857 in
1765 3805 1942 3858 anima
2006 3805 2268 3874 lacrytnas

692 3908 904 3947 amaras
952 3895 1132 3961 quiete
1177 3894 1478 3947 fomlamus.
1532 3894 1745 3949 Etenim
1801 3896 1918 3950 sine
1969 3896 2265 3949 hae"etiatn

693 4001 884 4056 pompa
905 3985 1028 4038 licet
1056 4000 1234 4038 amare
1264 3985 1413 4051 flere,
1436 3995 1489 4040 et
1521 4000 1625 4041 non
1658 3994 1861 4040 tantum
1889 3986 2091 4041 ludere.
2124 3985 2253 4040 Nam

692 4098 813 4149 qua:
840 4097 869 4136 a
902 4081 1172 4135 nonnullis
1203 4080 1335 4134 fiunt
1364 4122 1378 4146 ,
1411 4097 1438 4131 a
1470 4096 1752 4149 puerorum
1778 4081 1980 4136 lusibus
2007 4080 2135 4135 nihil
2166 4080 2268 4134 dif-

693 4173 896 4226 ferunt.
927 4172 1003 4224 Illi
1030 4174 1173 4225 enim
1204 4172 1357 4224 fletus
1384 4173 1623 4226 forenses
1652 4187 1755 4226 non
1784 4189 1846 4226 ex
1872 4172 2082 4236 dolore,
2106 4187 2264 4242 quem

691 4263 908 4333 quidam
938 4271 1139 4316 natura:
1184 4278 1479 4317 consensus
1522 4263 1796 4326 attulerit,
1832 4264 2263 4332 proﬁciscuntur,

691 4354 787 4408 sed
815 4368 882 4408 ex
908 4353 1264 4409 ostentatione
1289 4362 1343 4407 et
1366 4353 1656 4408 ambitione
1681 4362 1737 4408 et
1767 4370 1917 4408 vana:
1942 4355 2128 4423 glori:e
2148 4364 2260 4408 stu-

689 4441 780 4495 dio
811 4456 827 4495 :
857 4441 977 4496 ideo
1002 4442 1186 4496 multa:
1230 4442 1570 4497 inveniuntur
1611 4444 1863 4498 mulieres
1888 4485 1903 4509 ,
1933 4460 2051 4514 qua:
2096 4445 2255 4513 hujus

690 4533 767 4587 rei
811 4542 978 4587 artem
1025 4544 1297 4588 exercent.
1330 4536 1523 4589 Amare
1555 4534 1705 4601 fleas,
1738 4534 1881 4590 domi
1929 4536 2107 4603 plores
2128 4576 2141 4599 ,
2173 4552 2267 4590 ne-

688 4624 835 4679 mine
874 4624 1127 4688 vidente;
1158 4624 1209 4679 id
1243 4625 1624 4680 misericordia:
1653 4626 1811 4680 fuerit
1836 4667 1851 4690 ,
1896 4627 1946 4680 id
1981 4626 2075 4681 tibi
2101 4626 2263 4681 etiam

1435 318 1493 375 S.
1518 316 1794 374 JOANNIS
1829 312 2290 373 CIIRYSOSTOMI
2328 311 2637 369 ARClllEP.
2677 313 3203 374 CONSTANTINOP.

2337 2376 2341 2380 .
2375 2336 2631 2388 memoria
2688 2351 2874 2391 eorum
2926 2340 3014 2391 liat
3045 2379 3063 2402 ,
3096 2339 3184 2407 qui
3234 2339 3583 2396 decesserunt

3855 323 3960 381 306

2383 432 2690 482 notuerunt.
2724 427 2833 485 llos
2854 430 3067 500 quidem
3095 446 3193 488 nos
3221 447 3413 489 omnes
3436 446 3490 490 ct
3520 436 3725 503 publice
3762 448 3809 494 et
3846 440 3958 510 pri-

2384 516 2542 569 vatim
2566 516 2862 587 lugeamus,
2888 520 2985 575 sed
3008 522 3102 585 ita,
3131 531 3190 577 ut
3212 538 3244 578 a
3266 523 3462 579 decoro
3486 541 3553 581 ne
3574 527 3872 593 recedatur,
3893 542 3951 582 ut

2378 605 2695 675 gravitatem
2726 617 3004 676 tueamur,
3037 620 3184 667 utne
3213 628 3314 668 nos
3342 613 3489 685 ipsos
3515 616 3745 672 ludiLrio
3783 634 3957 687 espo-

2379 713 2588 751 namus.
2622 698 2730 753 llos
2759 699 3033 769 lugeamus
3064 718 3169 757 non
3196 720 3359 758 unum
3387 716 3479 759 aut
3521 709 3745 763 alterum
3768 710 3913 763 diem
3943 752 3958 776 ,

2377 788 2471 841 sed
2495 803 2589 857 per
2617 803 2775 844 omne
2798 792 2918 844 vita:
2942 802 3143 848 nostra:
3174 802 3401 864 tempus.
3433 796 3707 868 Lacrytute
3732 800 3809 853 Ine
3835 816 3947 855 non

2376 880 2757 955 suntamentis
2781 883 3215 950 perturbationis,
3243 896 3300 939 at
3321 887 3430 940 veri
3456 905 3519 941 ac
3542 892 3779 959 germani
3798 908 3954 944 amo—

2378 967 2491 1032 ris;
2524 967 2639 1025 .illtr
2672 986 2798 1026 vero
2835 974 3064 1027 amentis
3094 974 3252 1043 plane
3280 977 3581 1033 affectionis
3610 997 3627 1034 ε
3675 993 3954 1050 propterea

2374 1059 2533 1113 etiam
2562 1061 2670 1117 cito
2689 1074 2961 1119 arescunt.
2990 1064 3121 1131 Quae
3142 1067 3284 1123 enim
3307 1084 3372 1123 es
3406 1070 3498 1125 Dei
3530 1073 3719 1127 timore
3742 1075 3954 1143 prolici-

2373 1164 2615 1220 scuntur,
2646 1169 2859 1225 semper
2885 1157 3102 1214 durant.
3134 1159 3245 1215 llos
3272 1159 3438 1228 igitur
3459 1164 3766 1233 lugeamus,
3795 1182 3954 1236 opem

2375 1261 2473 1315 pro
2503 1248 2701 1303 viribus
2730 1248 2985 1316 feramus,
3015 1251 3234 1321 aliquod
3258 1253 3427 1323 ipsius
3447 1254 3708 1312 auxilium
3732 1272 3954 1328 compa-

2375 1353 2577 1404 remus,
2603 1341 2855 1409 exiguum
2886 1341 3015 1397 illud
3040 1341 3282 1413 quidem,
3309 1343 3402 1399 sed
3432 1347 3573 1414 quod
3606 1357 3780 1403 tamen
3801 1349 3958 1403 auxi-

2375 1426 2492 1481 liari
2550 1438 2732 1498 queat.
2784 1431 3104 1498 Quomodo,
3138 1449 3311 1503 quave
3362 1437 3615 1491 ratione?
3666 1438 3797 1493 Cum
3852 1441 3954 1509 ipsi

2375 1534 2559 1588 preces
2593 1520 2901 1587 fundentes,
2933 1534 3044 1578 tum
3071 1526 3205 1580 alios
3235 1537 3290 1580 ut
3333 1543 3428 1596 pro
3458 1528 3587 1597 ipsis
3614 1529 3831 1585 fundant
3851 1532 3953 1586 ob.

2373 1622 2668 1678 sacrantes,
2687 1628 2751 1669 ac
2776 1628 2874 1683 pro
2895 1615 3026 1685 ipsis
3044 1618 3353 1686 frequenter
3370 1619 3561 1674 dantes
3586 1621 3953 1694 eleemosynas

2374 1702 2713 1771 pauperibus.
2740 1703 2909 1758 Aﬂ‘ert
2932 1704 3046 1760 hinc
3066 1722 3156 1760 res
3182 1708 3381 1778 aliquid
3408 1710 3583 1764 solatii
3614 1728 3629 1764 :
3659 1712 3779 1765 audi
3805 1712 3952 1767 enim

2377 1791 2540 1846 Deum
2586 1792 2656 1847 ita
2703 1793 2969 1850 dicentem
3000 1814 3016 1851 :
3052 1794 3326 1868 Protegam
3359 1801 3530 1856 urbem
3577 1802 3709 1856 hanc
3750 1816 3953 1874 propter

2375 1896 2474 1947 me,
2507 1892 2553 1934 et
2573 1894 2779 1952 prapter
2804 1884 2968 1938 David
2992 1902 3193 1943 servum
3218 1905 3381 1943 meum
3408 1890 3486 1960 (4.
3521 1892 3647 1963 lit-9.
3670 1892 3759 1950 20.
3788 1895 3866 1966 6).
3895 1896 3950 1951 Si

2373 1972 2485 2025 sola
2505 1972 2635 2041 justi
2662 1976 2915 2029 memoria
2948 1984 3153 2031 tantum
3183 1979 3367 2042 valuit,
3394 1980 3481 2035 ubi
3504 1998 3665 2050 opera
3693 1996 3950 2054 praetcrea

2374 2077 2471 2130 pro
2510 2074 2721 2118 mortuo
2769 2064 2933 2132 fiant,
2990 2067 3117 2134 quid
3172 2083 3281 2123 non
3339 2072 3627 2140 poterunt?
3663 2073 3789 2128 Non
3834 2076 3951 2131 fru-

2371 2160 2483 2205 stra
2534 2152 2651 2208 htec
2701 2153 2771 2208 ab
2807 2156 3068 2225 apostolis
3121 2166 3247 2213 sunt
3301 2158 3508 2230 legibus
3532 2164 3859 2233 constituta:
3898 2176 3954 2235 ut

2375 2241 2427 2297 in
2459 2245 2773 2299 venerandis
2795 2287 2812 2311 ,
2870 2247 3084 2316 inquam
3111 2289 3129 2316 ,
3157 2258 3318 2319 atque
3375 2252 3641 2307 horritieis
3685 2259 3954 2326 mysteriis

3630 2360 3644 2396 ἒ
3696 2361 3953 2399 noverant

2372 2423 2497 2478 hinc
2544 2426 2767 2481 multum
2814 2426 2883 2482 ad
2928 2429 3047 2483 illos
3095 2429 3224 2483 lucri
3273 2432 3549 2499 aet-edere,
3578 2434 3800 2489 multum
3848 2442 3953 2491 uti-

2373 2515 2559 2571 litatis.
2619 2517 2697 2572 Eo
2742 2519 2884 2574 enim
2948 2529 3224 2589 tempore,
3276 2537 3383 2591 quo
3451 2518 3743 2581 universus
3782 2542 3955 2598 μορυ-

2375 2605 2457 2660 lus
2501 2616 2606 2661 stat
2648 2610 2895 2663 manibus
2944 2610 3115 2678 passis
3149 2626 3213 2664 ac
3263 2622 3436 2679 cretus
3483 2615 3853 2683 sacerdotalis,
3901 2628 3955 2671 et

2373 2694 2502 2749 illud
2525 2694 2801 2752 horrorem
2827 2698 3093 2752 incutiens
3113 2700 3433 2754 sacrificium
3460 2718 3476 2766 ;
3499 2705 3769 2771 quomodo
3784 2706 3950 2767 Deum

2373 2800 2481 2840 non
2520 2786 2846 2856 placabimus
2877 2804 2974 2857 pro
3000 2789 3119 2843 istis
3145 2791 3405 2844 orantes?
3438 2791 3615 2861 Atque
3652 2794 3706 2849 id
3728 2795 3947 2865 quidem

2372 2878 2441 2933 de
2477 2880 2577 2946 iis,
2606 2879 2699 2950 qui
2750 2880 2803 2934 in
2847 2880 2951 2935 fide
2996 2882 3383 2937 decesserunt:
3418 2887 3783 2943 catechumeni
3830 2905 3957 2945 vero

2372 2985 2545 3038 neque
2573 2969 2672 3024 hac
2696 2970 2981 3040 dignantur
3002 2972 3374 3027 consolatione
3392 3014 3408 3040 ,
3447 2976 3540 3028 sed
3569 2980 3715 3032 omni
3740 2982 3941 3034 auxilio

2373 3070 2500 3115 sunt
2522 3061 2785 3127 destituti,
2814 3078 2919 3116 uno
2940 3062 3172 3132 quodam
3199 3076 3443 3133 excepto.
3471 3068 3643 3134 Quale
3666 3086 3794 3126 vero
3820 3073 3954 3127 hic?

2372 3152 2525 3208 Licet
2554 3154 2877 3223 pauperibus
2919 3170 3016 3223 pro
3053 3155 3183 3225 ipsis
3210 3144 3376 3225 dare,
3414 3170 3576 3229 atque
3603 3160 3729 3217 hinc
3749 3163 3951 3234 aliquid

2374 3245 2674 3313 percipiunt
2696 3244 3119 3314 refrigerationis
3148 3262 3164 3301 :
3193 3247 3304 3301 vult
3323 3249 3468 3302 enim
3506 3250 3647 3306 Deus
3666 3292 3682 3317 ,
3714 3265 3768 3306 ut
3798 3255 3952 3309 nobis

2373 3343 2612 3388 mutuum
2662 3335 2943 3389 auxiliumr
2974 3336 3285 3394 aﬂ'cramns.
3352 3339 3557 3409 Ecquid
3608 3344 3751 3397 enim
3810 3346 3952 3398 aliud

2371 3440 2548 3479 causa:
2573 3424 2644 3479 sit
2672 3466 2690 3491 ,
2718 3441 2814 3481 cur
2840 3440 2937 3495 pro
2960 3442 3090 3496 pace
3113 3437 3171 3482 et
3194 3427 3338 3483 bono
3359 3432 3543 3484 mundi
3570 3441 3715 3486 statu
3743 3435 3954 3503 precari

2368 3515 2629 3584 jusserit?
2652 3528 2748 3570 cur
2768 3530 2865 3584 pro
2887 3516 3135 3570 omnibus
3175 3516 3526 3572 hominibus?
3555 3519 3687 3575 Nam
3720 3521 3809 3577 hic
3828 3524 3949 3590 qui-

2373 3608 2496 3663 dem
2521 3606 2663 3663 inter
2687 3622 2876 3663 Otones
2918 3619 3043 3663 sunt
3086 3609 3253 3664 etiam
3280 3611 3516 3668 latrones
3535 3654 3553 3680 ,
3579 3617 3949 3686 sepulcrorum

2370 3698 2676 3765 ell‘ossores,
2707 3698 2852 3754 fures
2873 3738 2889 3765 ,
2928 3709 3091 3770 atque
3113 3701 3205 3757 alii
3232 3705 3503 3759 sescentis
3530 3717 3799 3764 scatentes
3828 3726 3942 3762 ma-

2372 3793 2439 3848 lis
2464 3810 2480 3848 :
2509 3804 2742 3849 attamen
2772 3811 2867 3864 pro
2896 3795 3147 3851 onmibus
3182 3812 3465 3867 precamur
3496 3818 3510 3853 :
3540 3802 3642 3856 erit
3668 3804 3810 3857 enim
3843 3803 3951 3858 for-

2373 3894 2517 3941 tasse
2562 3886 2807 3955 qutcdam
2850 3887 3088 3957 ipsorum
3139 3892 3444 3947 converu‘o.
3492 3892 3949 3960 Quemadmodum

2373 3978 2533 4048 igitur
2560 3993 2657 4048 pro
2680 3979 2983 4035 viventibus
3013 3980 3129 4035 istis
3172 3997 3456 4052 precamur
3480 4025 3494 4048 ,
3521 3987 3610 4054 qui
3643 3986 3775 4042 nihil
3801 4005 3832 4043 a
3862 4003 3951 4042 ca-

2370 4068 2660 4123 daveribus
2684 4069 2936 4124 differunt
2962 4087 2979 4125 :
3006 4072 3079 4125 ita
3120 4085 3217 4140 pro
3247 4072 3354 4126 illis
3378 4073 3539 4128 etiam
3570 4078 3775 4145 precari
3807 4078 3947 4132 licet.

2370 4159 2473 4215 Job
2519 4176 2615 4230 pro
2664 4160 2788 4215 filiis
2821 4163 3082 4217 sacrificia
3124 4163 3373 4229 faciebat,
3403 4176 3456 4220 et
3486 4166 3631 4236 ipsos
3654 4183 3684 4221 a
3716 4173 3947 4238 peccatis

2373 4253 2667 4318 liberabat;
2704 4251 2785 4306 Ne
2808 4254 2930 4323 quid
2976 4258 3122 4325 forte,
3151 4257 3320 4326 inquit
3340 4298 3356 4319 ,
3383 4259 3711 4328 cogitaverim
3741 4261 3795 4313 in
3840 4278 3950 4315 cor-

2370 4343 2515 4398 dibus
2554 4346 2660 4398 suis
2686 4346 2704 4414 (
2735 4344 2832 4398 Job
2864 4347 2912 4399 Ι.
2946 4346 2980 4401 5
3001 4347 3043 4417 ).
3079 4348 3187 4402 lloc
3216 4348 3378 4402 modo
3416 4351 3713 4406 consulitur
3749 4353 3944 4409 liberis.

2368 4434 2486 4490 Non
2532 4436 2779 4500 dicebat,
2807 4437 2951 4507 quod
2990 4438 3231 4508 plerique
3276 4455 3419 4495 nunc
3457 4441 3703 4496 homines
3752 4447 3946 4509 solent,

2370 4527 2512 4596 Opes
2538 4528 2644 4581 iliis
2670 4528 2965 4598 relinquam
2994 4550 3007 4584 :
3034 4546 3137 4582 non
3163 4529 3395 4597 dicebat,
3420 4532 3651 4585 Gloriam
3674 4534 3777 4588 illis
3805 4550 3950 4589 eom—

2373 4619 2571 4688 parabo
2601 4637 2615 4673 :
2647 4636 2752 4674 non
2793 4620 3035 4684 dicebat,
3076 4621 3353 4675 Mercabor
3405 4622 3760 4693 principatum
3796 4644 3813 4679 :
3848 4644 3945 4679 nou

691 4713 970 4782 profucrit.
1002 4714 1131 4767 Nam
1162 4716 1251 4784 qui
1276 4716 1431 4777 illum
1455 4714 1557 4769 hoc
1584 4715 1742 4769 modo
1764 4716 1927 4786 luget,
1960 4717 2127 4771 multo
2147 4733 2263 4771 tna-
2325 4706 2615 4776 \dicehat,
2646 4713 2816 4781 Agros
2842 4726 3015 4766 emam
3050 4730 3062 4765 :
3096 4712 3191 4766 sed
3215 4713 3343 4781 Quid
3363 4714 3387 4763 ἲ
3427 4712 3512 4766 Ne
3550 4714 3674 4783 quid
3701 4717 3946 4786 cogitare-

686 4806 771 4872 gis
792 4804 907 4874 ipse
930 4805 1157 4859 studium
1181 4804 1473 4867 adhibebit.
1497 4822 1565 4860 ne
1583 4806 1636 4860 in
1664 4806 1848 4861 eadem
1873 4807 2067 4862 incidat
2091 4808 2261 4862 mala:

691 4908 952 4950 terrorem
981 4896 1073 4950 tibi
1097 4895 1319 4966 posthac
1346 4906 1619 4966 peceatum
1645 4897 1883 4952 incutiet.
1917 4898 2057 4968 Lnge
2076 4898 2263 4953 inﬁde-

690 4988 788 5050 les,
823 4988 942 5055 lnge
970 5002 1065 5040 cos
1106 4988 1194 5056 qui
1225 4987 1361 5043 nihil
1403 4988 1471 5041 ab
1497 4986 1805 5042 inlidelibus
1832 4988 2084 5043 dill‘erunt
2106 5029 2122 5055 ,
2170 4992 2260 5060 qui

687 5079 805 5133 sine
847 5077 1256 5142 illuminatione,
1306 5079 1423 5133 sine
1465 5078 1740 5148 signaculo
1786 5078 2131 5134 decesserunt
2160 5100 2173 5135 :
2207 5082 2259 5136 hi

687 5184 815 5225 vere
836 5169 1083 5223 lamentis
1118 5168 1286 5238 digni,
1317 5168 1371 5223 lii
1400 5169 1649 5240 lacrytnis
1678 5187 1691 5223 :
1717 5181 1868 5224 extra
1909 5172 2105 5241 regiam
2137 5186 2262 5227 sunt

689 5274 791 5313 una
812 5273 931 5313 cum
956 5257 1143 5327 iis,qui
1162 5272 1331 5327 poenae
1353 5267 1475 5312 sunt
1498 5259 1736 5325 obnoxii,
1760 5276 1861 5313 una
1882 5276 2002 5315 cum
2034 5261 2260 5315 damna-

689 5351 778 5405 tis.
804 5349 962 5402 Amcn
1005 5348 1119 5403 dico
1148 5349 1303 5414 vobis,
1326 5350 1424 5402 nisi
1447 5349 1559 5414 quis
1606 5359 1753 5403 natus
1782 5352 1934 5420 fuerit
1954 5367 2018 5404 ea:
2051 5367 2184 5421 aqua
2211 5361 2262 5405 et

692 5439 915 5507 Spiritu,
938 5456 1041 5493 non
1060 5438 1284 5493 introibit
1308 5440 1360 5492 in
1387 5455 1599 5510 regnant
1628 5439 1867 5493 (telorum
1888 5439 2068 5511 (Joun.
2091 5442 2144 5496 5.
2177 5443 2257 5510 3).

688 5529 832 5600 Lngc
871 5545 969 5585 eos
992 5531 1081 5600 qui
1112 5529 1163 5585 in
1186 5528 1385 5583 divitiis
1414 5538 1540 5583 sunt
1576 5532 1806 5595 mortui,
1829 5547 1951 5587 cum
1973 5548 2037 5587 ex
2062 5533 2261 5587 divitiis

688 5622 890 5675 nullum
932 5619 1214 5676 animabus
1257 5619 1370 5675 suis
1402 5621 1653 5677 solatium
1679 5635 2079 5693 comparassent
2120 5643 2134 5679 :
2167 5641 2259 5679 eos

688 5712 879 5784 quibus
922 5712 1167 5770 abluendi
1206 5722 1422 5785 peccata
1460 5728 1555 5773 sua
1589 5722 1826 5786 potestas
1871 5715 2008 5772 facta
2039 5726 2172 5784 erat,
2204 5726 2258 5772 et

2369 4801 2472 4855 rint
2497 4803 2547 4855 in
2570 4802 2802 4855 cordibus
2830 4804 2951 4856 suis.
2984 4802 3115 4869 Qua:
3135 4804 3277 4856 cnim
3308 4818 3372 4857 ex
3403 4804 3563 4857 rebus
3592 4805 3696 4860 illis
3726 4807 3945 4862 utilitas.

2369 4909 2490 4946 cum
2520 4894 2603 4946 hic
2636 4893 2877 4946 restent?
2901 4891 3074 4945 Nulla.
3119 4892 3269 4945 Illum
3295 4935 3311 4956 ,
3342 4893 3543 4962 inquit,
3571 4895 3809 4947 onmium
3847 4898 3944 4949 Ile-

2370 5000 2488 5052 gcm
2530 4982 2815 5052 propitium
2864 4981 2992 5051 ipsis
3034 4981 3285 5041 reddam;
3313 4993 3368 5035 et
3409 4982 3539 5035 nihil
3572 4984 3701 5051 ipsis
3728 4986 3945 5051 posthac

2370 5075 2561 5129 deerit.
2588 5075 2761 5145 lnqnit
2789 5073 2955 5137 enim,
2984 5071 3233 5125 Dominus
3259 5073 3419 5141 pascit
3447 5088 3544 5136 me,
3574 5085 3621 5125 et
3666 5073 3793 5126 nihil
3830 5074 3944 5127 mihi

2370 5167 2525 5218 deerit
2556 5168 2572 5232 (
2600 5164 2742 5217 Psul.
2772 5165 2861 5217 ἓξ.
2896 5163 2970 5233 l).
3006 5165 3128 5217 lla=c
3169 5173 3252 5217 est
3303 5180 3491 5232 magna
3523 5165 3790 5233 opulentia
3815 5222 3828 5231 _
3868 5168 3943 5219 hic

2371 5260 2652 5314 thesaurus
2686 5266 2771 5313 est
2801 5274 2815 5309 :
2861 5258 2906 5311 si
2956 5257 3047 5311 Dei
3077 5257 3325 5311 timarcm
3361 5256 3651 5311 habeamus
3676 5298 3694 5324 ,
3745 5257 3939 5313 nullius

2346 5351 2444 5404 -rei
2474 5349 2787 5419 egebimus;
2815 5347 2897 5401 sin
2926 5348 3103 5402 minus
3128 5387 3143 5411 ,
3176 5346 3387 5400 tametsi
3429 5362 3652 5415 regnum
3697 5347 3943 5405 obtinea-

2369 5457 2487 5495 mus
2512 5483 2529 5508 ,
2578 5440 2832 5494 onmihus
2866 5439 3168 5493 hominibus
3207 5437 3377 5507 magis
3422 5454 3685 5508 pauperes
3737 5454 3939 5495 sumus.

2368 5532 2508 5587 Nihil
2538 5532 2589 5586 ei
2621 5546 2718 5601 par
2765 5530 2986 5584 inveniri
3040 5539 3235 5598 potest,
3268 5530 3359 5598 qui
3392 5529 3554 5583 Deum
3596 5531 3747 5586 timet
3777 5546 3792 5585 :
3826 5548 3939 5587 nam

2367 5624 2562 5686 Timor,
2589 5623 2778 5693 inquit,
2800 5621 3029 5683 Domini,
3050 5636 3201 5689 super
3221 5620 3791 5689 onmiasesuperposuit
3822 5622 3938 5691 (Εε-

2366 5724 2452 5778 cli.
2481 5723 2573 5779 25.
2600 5723 2620 5776 l
2643 5720 2705 5791 l).
2738 5718 2887 5774 llunc
2910 5714 3063 5771 nobis
3087 5728 3478 5783 comparemus,
3513 5728 3609 5785 pro
3636 5714 3735 5770 hoc
3766 5714 3938 5770 omnia
