4064 6318
106 330 193 387 Et!
975 327 1039 383 IN
1081 325 1296 383 EPiS'l'.
1336 326 1431 382 AD
1468 325 1660 383 PlllL'Il

1798 324 1950 378 CAP.
1994 322 2033 377 Ι.
2076 322 2310 378 ιιολιιι..
2355 323 2444 381 ιν.

110 443 377 504 heinsius;
404 440 619 497 etiamsi
648 439 918 496 reddenda
958 440 1133 493 anima
1160 439 1269 502 sit,
1296 437 1505 493 etiamsi
1536 450 1656 490 cor-

106 551 188 603 pus
210 533 606 598 trucidandum,
632 548 741 587 non
770 532 893 586 ideo
916 532 1243 601 refugiamus
1268 546 1283 594 ;
1324 531 1505 583 omnia
1535 544 1657 598 qua:

103 628 268 679 decent
305 623 584 687 lseianms,
636 631 693 676 ut
750 621 893 675 hunc
942 620 1189 675 timorem
1242 633 1657 688 consequamur.

104 715 199 769 lloc
225 714 363 770 enim
403 713 565 768 modo
587 722 641 767 et
661 712 913 768 omnibus
941 712 1145 766 erimus
1169 710 1366 784 opulcn
1379 710 1575 775 tiores,
1603 718 1661 765 et

3254 327 3360 384 906

1765 434 1939 488 futura
1979 450 2374 505 consequemur
2412 437 2575 501 bona,
2622 438 2675 491 in
2723 437 2939 492 Christo
2967 439 3093 494 Jesn
3133 441 3359 497 Domino

1765 535 1975 592 nostro,
2008 542 2129 581 cum
2159 542 2268 597 quo
2300 528 2442 582 Patri
2469 528 2626 582 simul
2657 545 2779 584 cum
2802 542 2989 585 saneto
3015 532 3213 603 Spiritu
3239 537 3359 605 glo-

1765 619 1868 683 ria,
1896 619 2156 689 potentia,
2175 630 2232 674 et
2255 619 2449 688 honor,
2480 635 2625 678 nunc
2648 631 2702 677 et
2730 638 2963 694 semper,
2998 634 3051 681 et
3077 625 3131 681 in
3159 629 3358 683 mola

1765 714 2105 769 steculornm.
2141 715 2336 770 Amen.

1539 941 1746 1002 HOMI
1754 942 1883 1005 ΜΛ
1930 944 2015 1007 IV
2022 990 2040 1006 .

102 1093 209 1149 Cn.
242 1093 288 1148 Ι.
314 1092 403 1149 22.
442 1092 508 1147 Et
535 1094 656 1162 quid
684 1092 888 1163 eligam,
920 1093 1116 1164 ignoro.
1142 1089 1235 1145 '15.
1265 1088 1514 1144 Coarctor
1557 1103 1653 1139 (ει-

162 1197 250 1239 trin
273 1186 491 1249 duobus,
521 1184 825 1239 desiderium
850 1185 1041 1237 habens
1070 1182 1279 1236 dissolvi
1306 1190 1353 1235 et
1395 1195 1503 1234 esse
1543 1194 1659 1231 eum

162 1276 391 1339 Christo;
437 1275 598 1328 multo
634 1274 769 1327 enim
807 1273 969 1342 magis
1000 1273 1179 1325 melius
1202 1286 1221 1325 :
1241 1271 1332 1324 ει.
1363 1284 1661 1339 permanere

160 1383 316 1427 autem
337 1372 391 1427 iu
421 1386 579 1425 eme
605 1370 769 1441 magis
796 1368 1137 1423 necessarium
1175 1375 1382 1433 propter
1419 1378 1524 1417 ros.
1564 1361 1657 1416 9-5.

160 1461 221 1515 Et
246 1464 337 1515 lue
375 1461 642 1529 conlidens
675 1460 783 1515 scio
811 1460 932 1529 quia
972 1457 1185 1511 nionebe
1204 1496 1221 1521 ,
1251 1464 1299 1510 et
1334 1451 1660 1509 conuiuanebo

160 1553 375 1607 omnibus
393 1554 532 1607 vobis
550 1553 621 1606 ad
635 1541 913 1623 profectum
934 1560 1149 1603 vestrum
1172 1557 1221 1601 et
1235 1546 1480 1617 gaudium
1499 1544 1620 1612 ﬁdei
1638 1560 1659 1598 :

156 1644 238 1698 Sti.
262 1654 313 1697 ut
338 1644 580 1714 gloria'io
604 1653 771 1697 vestra
798 1641 1018 1694 abundet
1040 1640 1095 1692 in
1117 1637 1323 1695 Christo
1342 1634 1469 1690 Jesl
1507 1636 1559 1688 in
1581 1650 1661 1688 me

158 1749 240 1802 per
258 1750 423 1786 mus
440 1733 711 1786 adventum
729 1731 913 1785 iterum
932 1730 1002 1783 ad
1023 1744 1131 1783 ros.

158 1826 205 1879 ι.
241 1824 377 1879 Nihil
404 1824 555 1879 Pauli
578 1824 754 1878 anima
783 1821 993 1877 beatius
1012 1862 1029 1888 ,
1058 1821 1312 1890 quoniam
1341 1818 1469 1873 nihil
1496 1818 1658 1872 etiam

104 1915 254 1984 magis
278 1930 616 1986 generosum.
643 1912 795 1969 Nunc
819 1928 949 1967 vero
975 1920 1163 1967 contra
1190 1910 1260 1966 de
1278 1910 1528 1964 omnibus
1550 1908 1657 1963 dici

103 2015 301 2073 potest:
337 2004 467 2059 nihil
498 2002 654 2059 nobis
679 2003 963 2068 inﬁrmius,
994 2002 1127 2057 nihil
1170 2000 1439 2055 miserius.
1486 1999 1657 2068 Prop-

101 2107 227 2151 terea
255 2110 443 2151 omues
470 2096 751 2151 horremus
777 2076 1030 2159 mortem,
1063 2094 1257 2165 partim
1282 2092 1501 2164 quidem
1529 2106 1658 2161 pec-

98 2200 315 2244 catorum
361 2188 703 2243 multitudine
748 2188 952 2258 gravati
978 2228 992 2249 ,
1040 2201 1266 2257 quorum
1309 2200 1411 2255 ego
1446 2198 1660 2255 qumpte

100 2296 218 2334 unus
234 2295 382 2345 sum;
408 2281 602 2350 partim
629 2294 761 2334 vero
787 2280 908 2332 vita:
937 2278 1137 2347 cupidi,
1164 2286 1220 2331 et
1246 2276 1381 2331 mori
1404 2275 1657 2329 miserum

96 2368 331 2424 ducentes
357 2385 371 2421 :
395 2369 591 2439 quibus
619 2383 721 2439 ego
754 2371 958 2422 utinam
988 2381 1278 2437 numquam
1304 2364 1657 2423 adnumerer!

97 2460 335 2514 animales
351 2460 495 2516 enim
523 2470 670 2526 sunt,
697 2460 788 2529 qui
814 2459 955 2513 hunc
983 2459 1231 2512 timorem
1261 2458 1468 2511 timent.
1517 2454 1660 2524 Ergo

102 2551 208 2615 hoc,
232 2550 368 2620 quod
398 2565 589 2605 omnes
619 2550 924 2614 horremus,
956 2549 1047 2603 ille
1072 2548 1326 2617 Optabat,
1359 2561 1533 2615 eoque
1576 2546 1660 2599 in-

100 2639 390 2705 cumbebat,
424 2641 497 2693 ita
526 2639 715 2695 dicens
743 2656 757 2692 :
789 2638 1011 2691 Dissolvi
1051 2638 1209 2691 multo
1242 2638 1404 2708 magis
1443 2636 1656 2701 melius,

98 2742 137 2784 et
154 2730 267 2797 quid
288 2731 492 2800 eligam,
521 2733 723 2802 ignoro.
750 2730 886 2799 Quid
917 2732 1036 2805 ais?
1064 2746 1184 2783 cum
1216 2729 1339 2783 hinc
1363 2730 1546 2783 abiens
1590 2729 1657 2783 ad

99 2823 265 2877 Cttlttttt
286 2823 361 2877 sis
385 2823 727 2890 migraturus,
758 2833 959 2877 etcum
990 2820 1203 2875 Christo
1235 2822 1474 2880 futurus.
1507 2820 1657 2889 igno-

101 2928 172 2965 ras
191 2913 312 2983 quid
334 2914 540 2983 eligas?
560 2913 667 2969 Sed
688 2914 843 2980 longe
863 2915 980 2967 hac
1004 2912 1199 2965 absunt
1224 2927 1252 2964 a
1282 2910 1431 2964 Pauli
1457 2911 1658 2965 anima.

99 3004 210 3070 Quis
237 3005 377 3059 enim
406 3004 599 3070 fuerit,
630 3005 713 3058 cui
743 3004 789 3057 si
817 3003 933 3057 haec
960 3018 1084 3057 vere
1112 3001 1369 3056 offeratur
1395 3001 1654 3066 conditio,

100 3094 339 3148 nniiillam
360 3096 753 3163 quamprimum
765 3093 1021 3163 arripiat?
1042 3093 1223 3157 Certe,
1244 3094 1435 3163 inquit,
1457 3107 1616 3147 nemo
1638 3106 1654 3146 :

99 3198 121 3234 s
149 3184 177 3237 d
203 3185 645 3254 queinadmodum
674 3186 893 3239 minime
920 3194 1165 3238 nostrum
1214 3193 1295 3239 est
1337 3198 1494 3253 posse
1530 3184 1657 3237 illud

100 3272 280 3335 dicere.
308 3273 474 3344 Cupio
495 3274 738 3338 dissolvi,
770 3283 825 3329 et
848 3288 968 3329 esSe
988 3289 1111 3328 cum
1137 3274 1355 3328 Christo
1386 3290 1400 3328 :
1434 3274 1503 3328 ita
1534 3290 1656 3327 cum

101 3364 142 3415 id
163 3366 364 3433 assequi
392 3365 574 3429 liceat,
602 3365 824 3419 minitnc
850 3376 1093 3419 nostrum
1142 3375 1223 3418 est
1247 3406 1264 3430 ,
1315 3365 1401 3419 hic
1443 3381 1659 3420 manere

100 3454 256 3519 velle;
284 3454 377 3509 sed
404 3465 689 3523 utrumque
714 3454 862 3509 Pauli
890 3464 993 3519 est,
1024 3464 1079 3509 et
1104 3455 1247 3507 illius
1276 3456 1488 3507 anitme.
1520 3453 1658 3521 Quid

99 3556 186 3611 est,
203 3547 339 3616 quod
354 3546 524 3601 dicis?
551 3547 692 3601 nosti
708 3560 771 3601 ac.
796 3562 894 3617 pro
919 3560 1197 3615 comperto
1228 3545 1393 3599 habes
1422 3546 1553 3599 futm
1570 3562 1659 3599 nm

102 3647 144 3690 te
168 3654 280 3693 esse
307 3655 428 3694 cum
456 3638 693 3705 Christo,
721 3648 775 3693 et
802 3639 1017 3693 haesitas
1043 3654 1107 3693 ac
1132 3638 1290 3702 dicis,
1322 3636 1459 3702 Quid
1476 3638 1662 3706 eligunt

101 3727 488 3799 nudataque
518 3730 622 3783 hoc
666 3736 870 3783 tantum
895 3767 911 3790 .
952 3728 1049 3783 sed
1102 3728 1263 3781 etiam
1310 3727 1397 3781 hic
1442 3742 1663 3781 manere

101 3818 235 3887 eligis
252 3820 278 3871 ἲ
300 3819 534 3884 ﬂauere,
566 3818 807 3888 inquam,
836 3817 889 3873 in
909 3818 1112 3872 carne?
1138 3816 1276 3885 Quid
1327 3816 1439 3869 ita?
1484 3831 1663 3871 nonne

101 3911 328 3966 acerbam
357 3912 521 3966 vitam
549 3911 786 3965 ducebas
805 3912 831 3963 ‘!
858 3910 909 3964 in
939 3909 1153 3980 vigiliis,
1184 3910 1236 3963 in
1261 3910 1569 3983 naufragiis,
1607 3910 1659 3964 in

102 3998 225 4054 fame
246 4001 408 4055 etsiti
437 4009 496 4056 et
518 4000 780 4065 nuditate,
812 4000 865 4054 in
886 4001 1029 4054 curis
1068 4009 1126 4053 et
1167 3999 1659 4063 sollicitudinibus;

100 4091 327 4152 eumiis.
357 4090 450 4159 qui
504 4090 950 4156 inﬁrmabantur,
999 4090 1398 4157 inlirmabaris;
1445 4100 1663 4160 propter

102 4195 201 4245 eos,
219 4184 307 4253 qui
336 4185 390 4238 in
420 4183 730 4237 scandalum
762 4182 1085 4246 incidebant,
1111 4183 1371 4238 urebaris.
1392 4182 1458 4236 In
1480 4183 1661 4248 utitltn,

104 4273 293 4343 inquit,
322 4276 593 4345 patientia,
622 4275 676 4329 in
711 4275 1141 4339 tribulationibus,
1170 4276 1223 4329 in
1259 4276 1656 4340 necessitatibus,

101 4362 144 4415 in
166 4368 422 4435 angustiis,
452 4367 504 4418 in
531 4366 717 4436 plagis,
745 4368 798 4419 in
824 4366 1129 4429 carceribus,
1154 4370 1207 4419 in
1229 4367 1557 4420 seditionibus
1576 4407 1591 4429 ,
1612 4368 1663 4419 iu

93 4453 306 4521 jr‘jttliis,
329 4457 385 4510 in
404 4459 635 4511 castitate
670 4456 762 4525 (2.
795 4458 910 4511 Cor.
939 4459 991 4511 6.
1022 4459 1075 4511 4.
1105 4458 1138 4513 5
1162 4459 1200 4527 ).
1233 4458 1511 4527 Quinquies
1536 4476 1665 4529 qua-

101 4542 331 4613 dragenas
361 4564 465 4599 una
488 4548 653 4600 minus
674 4549 867 4617 accepi,
892 4558 965 4602 ter
984 4548 1136 4619 uirgis
1159 4564 1321 4603 uestis
1349 4566 1459 4603 sum
1476 4591 1490 4613 ,
1514 4552 1666 4604 semel

103 4632 336 4703 lapidatus
353 4655 491 4703 sunt,
517 4648 661 4694 nocte
683 4650 730 4692 et
754 4640 837 4692 die
858 4642 908 4691 in
931 4640 1190 4708 profundo
1212 4641 1365 4693 maris
1388 4642 1463 4709 [ni
1483 4656 1502 4703 ;
1532 4642 1668 4709 peri-

104 4726 213 4777 culis
238 4728 528 4796 ﬂuminum,
556 4729 791 4797 periculis
810 4728 1086 4793 latronum,
1112 4730 1348 4799 periculis
1368 4731 1419 4783 in
1446 4732 1659 4798 civitate,

105 4818 313 4871 uerirult's
342 4820 397 4870 in
423 4814 718 4883 solitudine,
742 4818 981 4887 periculis
1018 4820 1069 4871 in
1096 4820 1242 4887 [uisis
1274 4820 1517 4889 patribus
1568 4821 1663 4888 (2.

104 4903 205 4961 Σοτ.
235 4910 316 4963 Η.
348 4909 446 4963 24.
474 4908 595 4976 2b).
624 4907 813 4965 Nonne
833 4926 956 4963 cum
980 4918 1088 4963 tota
1115 4910 1421 4965 Galatarum
1448 4928 1579 4981 gens
1599 4912 1664 4966 ad

102 4994 214 5064 legis
236 4999 668 5054 observationem
695 5016 910 5056 reversa
940 5013 1107 5066 esset,
1137 5001 1406 5056 clamabas
1433 5004 1618 5057 dicens
1647 5020 1661 5056 :

104 5086 185 5151 Qui
212 5092 259 5144 in
278 5093 389 5162 lege
404 5093 781 5161 justilicantini,
806 5111 838 5145 α
863 5093 1030 5163 gratia
1051 5095 1307 5147 excidisti:
1329 5093 1469 5160 (Cal.
1582 5094 1666 5162 4)?

101 5183 246 5259 Quem
265 5196 395 5239 tunc
416 5186 617 5239 luctum
648 5201 757 5239 non
783 5186 1042 5239 hausisti?
1072 5196 1230 5253 atque
1256 5186 1432 5241 adhuc
1464 5187 1664 5240 [laxam

102 5269 217 5325 hanc
242 5274 405 5327 vitam
437 5272 759 5327 desideras?
792 5273 920 5328 Nam
939 5273 1161 5328 tametsi
1192 5274 1324 5327 nihil
1354 5276 1541 5327 horum
1571 5274 1665 5329 tibi

101 5364 355 5420 accidisset
375 5406 391 5429 ,
425 5376 483 5419 et
511 5364 938 5435 quibuscumque
961 5375 1110 5420 recte
1137 5365 1461 5433 lungcbaris,
1485 5366 1666 5436 quieze

101 5463 271 5509 etcum
298 5454 579 5525 voluptate
606 5456 816 5509 lnncms
847 5471 994 5509 esses
1028 5473 1041 5508 :
1073 5472 1251 5510 nonne
1281 5466 1457 5510 tamen
1500 5470 1666 5523 Opor-

101 5546 220 5602 tebat
248 5550 450 5605 incerta
486 5548 649 5602 futuri
676 5548 932 5617 temporis
957 5549 1425 5619 pertimescentctn
1450 5546 1515 5601 ad
1543 5563 1667 5616 por-

101 5647 192 5693 tum
215 5642 444 5714 aliquem
472 5640 845 5696 contendere?
870 5640 1063 5711 Ecquis
1091 5650 1360 5697 mercator
1385 5641 1503 5695 navi
1542 5656 1664 5696 vce-

102 5736 175 5783 ῑιιει
210 5731 678 5791 iimmtierabilium
731 5732 1101 5788 thesaurorum
1160 5734 1350 5804 plena,
1405 5733 1447 5788 si
1504 5733 1663 5789 liccat

1768 1086 1954 1141 subire
1985 1099 2196 1156 portum
2228 1104 2290 1144 ac
2331 1091 2711 1160 requiescere,
2758 1091 2889 1145 mari
2941 1092 3119 1148 adhuc
3161 1096 3354 1158 jac-Lari

1767 1178 1958 1232 malit?
1983 1180 2166 1249 ecquis
2191 1180 2414 1248 athleta,
2436 1197 2556 1235 cum
2578 1182 2733 1236 liceat
2750 1197 2947 1236 corona
2974 1186 3152 1252 potiri,
3179 1185 3357 1238 adhuc

1765 1280 1973 1325 certare
2002 1272 2278 1339 postulet?
2306 1272 2490 1341 ecquis
2515 1273 2655 1341 pugil
2676 1314 2691 1336 ,
2726 1288 2850 1326 cum
2886 1288 3140 1327 coronam
3187 1277 3357 1342 possit

1765 1364 2032 1432 act-ipere,
2064 1364 2215 1418 maiit
2241 1380 2429 1419 rursus
2471 1365 2522 1419 in
2556 1376 2841 1419 certamen
2888 1365 3219 1420 descendere
3245 1410 3259 1426 .
3301 1375 3357 1422 et

1765 1468 1921 1506 suum
1964 1454 2132 1523 ipsius
2187 1466 2349 1525 caput
2392 1457 2782 1511 cnncidendum
2831 1458 3117 1526 prtl‘lDCI'u?
3166 1462 3354 1525 ecquis

1764 1544 1896 1609 dux,
1920 1546 2008 1615 qui
2030 1562 2059 1599 τι
2083 1546 2221 1600 bello
2241 1562 2363 1600 cum
2384 1548 2552 1616 gloria
2603 1556 2658 1600 et
2680 1548 2897 1615 trotrris
2926 1547 3138 1601 Iilxerari
3165 1559 3344 1617 queat,

1765 1648 1819 1691 et
1845 1652 1966 1690 cum
1998 1653 2123 1706 rege
2151 1637 2203 1691 in
2233 1639 2376 1706 regia
2404 1640 2616 1708 quietus
2647 1639 2842 1705 degere
2872 1638 3351 1706 seqneoldectare,

1764 1728 1938 1781 mltnic
1967 1738 2021 1781 et
2046 1729 2239 1782 sudare
2261 1738 2539 1797 praeoptet,
2568 1740 2616 1779 ot
2643 1729 2695 1782 in
2722 1728 2891 1782 aciem
2923 1729 3179 1797 prodire?
3208 1730 3357 1797 Quo-

1766 1820 1925 1873 modo
1949 1820 2109 1888 igitur
2134 1820 2270 1875 adeo
2315 1821 2563 1874 acerbam
2616 1822 2779 1872 vitam
2824 1820 3011 1873 virens
3055 1820 3228 1876 adhuc
3274 1823 3355 1875 ris

1767 1911 1818 1964 in
1850 1915 2012 1965 terris
2036 1914 2301 1967 manere?
2328 1930 2506 1968 annon
2536 1923 2623 1967 tua
2654 1925 2779 1966 sunt
2806 1914 2906 1968 ista
2935 1916 3135 1970 verba?
3183 1915 3353 1969 Titum

1765 2020 1828 2056 ue
1848 2008 2120 2073 forte,cmn
2145 2004 2263 2058 aliis
2286 2005 2664 2072 prtedieaverim
2685 2046 2701 2069 ,
2731 2005 2842 2073 ipse
2882 2005 3127 2075 reprobus
3166 2006 3356 2076 (gitim-

1766 2095 1784 2162 (
1811 2095 1857 2149 l.
1892 2092 2011 2147 Cor.
2042 2095 2097 2150 9.
2124 2093 2194 2148 27
2214 2098 2254 2163 ).
2284 2094 2341 2149 Si
2371 2096 2499 2148 nihil
2530 2094 2674 2148 aliud
2702 2106 2959 2163 prteterea
3001 2112 3179 2150 eausm
3226 2096 3355 2148 luis-

1765 2194 1876 2246 set.
1909 2184 2024 2239 ltmc
2051 2185 2182 2239 satis
2206 2196 2321 2239 erat
2346 2227 2361 2245 .
2390 2200 2497 2254 quo
2526 2185 2778 2241 liberalia
2803 2186 3203 2241 desideraretur
3244 2202 3258 2237 :
3305 2185 3352 2239 si

1766 2274 2247 2329 innumerabilibus
2274 2276 2427 2331 bonis
2456 2291 2693 2345 praesens
2738 2277 2842 2329 vita
2887 2275 3213 2330 abundasSt-t
3236 2319 3252 2340 ,
3284 2277 3354 2330 ab

1767 2366 1868 2421 hac
1912 2375 2088 2420 tamen
2145 2366 2359 2421 liberari
2410 2368 2700 2435 optandum
2744 2378 2895 2432 crat,
2931 2368 3001 2419 ob
3041 2368 3350 2432 Christum,

1764 2472 1923 2526 quem
1951 2456 2313 2510 desiderabas.
2341 2457 2386 2511 0
2418 2457 2563 2511 Pauli
2598 2459 2828 2510 animauit
2851 2460 2864 2512 !
2892 2457 3022 2511 nihil
3047 2458 3121 2510 illi
3153 2474 3245 2527 par
3262 2470 3353 2512 aut

1766 2547 1884 2607 fuit,
1909 2557 2000 2600 ant
2027 2547 2260 2601 futurum
2282 2556 2381 2603 est.
2403 2549 2587 2602 Times
2607 2550 2651 2603 si
2680 2549 2732 2602 in
2754 2551 2853 2603 hac
2874 2549 2977 2602 vita
3011 2565 3351 2618 permaneas,

1764 2637 1892 2706 quid
1928 2637 2161 2692 futurum
2189 2638 2299 2699 sit;
2332 2638 2627 2693 innumeris
2650 2641 2803 2692 malis
2834 2640 3133 2708 implicatus
3170 2656 3228 2693 es
3254 2682 3268 2703 ,
3299 2650 3356 2693 et

1768 2738 1944 2779 tamen
1974 2742 2189 2781 recusas
2214 2730 2354 2793 apud
2385 2728 2657 2783 Christum
2690 2730 2847 2783 esse?
2877 2729 3109 2792 llecnso,
3141 2730 3305 2799 inquit
3336 2770 3351 2792 ,

1768 2817 1925 2886 idque
1955 2828 2171 2887 propter
2203 2816 2477 2873 Christum
2513 2838 2525 2874 :
2560 2830 2609 2872 ut
2644 2834 2778 2888 quos
2801 2820 2874 2874 illi
2903 2821 3085 2889 paravi
3129 2835 3314 2873 senos
3336 2860 3351 2881 ,

1767 2909 1973 2961 llrmins
2000 2910 2051 2961 in
2082 2911 2223 2963 illius
2249 2927 2433 2965 amore
2456 2912 2720 2965 stabiliam
2758 2929 2770 2964 :
2801 2924 2855 2965 ιιι
2886 2928 2949 2967 ex
2996 2929 3157 2981 agro,
3190 2928 3353 2982 quem

1766 3000 2019 3068 plattlut‘i,
2047 3001 2249 3054 fluetus
2268 3000 2483 3071 decerpi
2512 3018 2717 3058 curem.
2742 3003 2858 3057 Non
2890 3004 3107 3066 audisti,
3139 3021 3351 3058 menon

1763 3106 2005 3158 quasrcre
2031 3092 2183 3162 quod
2202 3092 2331 3147 mihi
2375 3094 2503 3147 utile
2552 3107 2668 3159 est,
2716 3095 2809 3148 sed
2858 3096 3000 3165 quod
3052 3095 3357 3165 proximis?

1768 3197 1872 3235 non
1896 3182 2113 3247 audisti,
2144 3184 2271 3238 mihi
2304 3186 2355 3238 in
2382 3187 2578 3253 aptatis
2608 3186 2772 3240 fuisse
2822 3188 3105 3241 anathema
3157 3188 3273 3243 ﬁeri
3322 3205 3352 3242 a

1765 3273 1999 3335 Christo,
2030 3291 2138 3344 quo
2164 3275 2312 3329 inulti
2340 3277 2405 3330 ad
2437 3276 2584 3330 illttnt
2618 3278 2899 3332 Venit-ent?
2925 3278 3025 3346 Qui
3050 3278 3175 3333 illud
3193 3279 3349 3347 elegi,

1767 3381 1871 3418 non
1903 3365 2262 3434 multomagis
2288 3365 2389 3420 hoc
2415 3367 2630 3435 eligam,
2661 3379 2711 3421 ut
2742 3368 2997 3422 damnum
3033 3371 3146 3438 ipse
3166 3385 3231 3423 es
3256 3368 3357 3423 hac

1768 3470 1916 3509 nnna
1946 3465 2001 3509 et
2025 3454 2281 3509 dilatione
2310 3458 2500 3524 patiar,
2528 3472 2635 3526 quo
2662 3457 2767 3511 illis
2802 3458 2977 3528 aliqua
3017 3458 3084 3513 ad
3126 3460 3353 3513 salutem

1735 3551 1739 3554 ’
1764 3546 2002 3600 accessio
2033 3546 2117 3598 liat
2139 3547 2160 3600 τ

1800 3706 1803 3707 ν
1840 3634 1997 3690 Pauli
2017 3636 2214 3691 laudes.
2241 3668 2309 3679 —-
2334 3637 2461 3703 Quis
2499 3638 2729 3707 loquetur
2752 3639 3001 3708 potentius
3027 3642 3180 3711 lttas(
3208 3639 3353 3695 Paul.

1768 3726 1890 3782 105.
1920 3725 2017 3794 2),
2056 3727 2299 3789 nomine,
2332 3728 2421 3797 qui
2453 3728 2673 3783 Paulum
2705 3731 2921 3783 minimc
2946 3731 3114 3786 latere
3139 3734 3354 3799 siveris,

1766 3818 1857 3889 qni
1884 3820 2041 3872 talem
2071 3818 2241 3872 \irum
2266 3819 2382 3873 orbi
2404 3820 2745 3874 ostenderis?
2776 3820 3149 3877 Laudaruntte
3166 3839 3357 3878 omnes

1768 3910 1942 3978 angeli
1964 3926 2071 3964 uno
2097 3910 2277 3965 animo
2301 3950 2316 3971 ,
2343 3926 2465 3965 cum
2492 3919 2635 3965 astra
2664 3911 2950 3966 fabricatus
2981 3927 3041 3966 es
3085 3921 3139 3966 et
3182 3913 3354 3967 solem

1768 3999 1913 4069 (Job
1943 4001 2033 4055 38.
2064 4001 2170 4071 7);
2201 4002 2296 4056 sed
2350 4017 2455 4056 non
2511 4001 2732 4071 perinde
2769 4012 2926 4073 atque
2969 4019 3034 4057 eo
3077 4012 3352 4072 tempore,

1767 4108 1873 4161 quo
1900 4092 2054 4148 nobis
2079 4095 2285 4164 totique
2308 4094 2424 4149 orbi
2455 4094 2676 4149 Panhnn
2697 4094 3002 4149 ostendisti.
3037 4095 3169 4149 lline
3210 4106 3355 4150 terra

1772 4184 1906 4238 facta
1928 4194 2008 4239 est
2040 4183 2369 4254 splendidior
2391 4185 2544 4251 cmlo,
2578 4184 2850 4255 pulchrior
2877 4185 2963 4239 hic
2991 4185 3122 4240 solis
3156 4185 3358 4241 lumine
3423 4198 3439 4205 ‘

1776 4275 2163 4343 splendidiores
2191 4275 2370 4332 emisit
2402 4275 2636 4346 fulgores
2659 4315 2676 4341 ,
2725 4277 2877 4331 laetos
2920 4275 3107 4331 eﬂudit
3155 4276 3357 4331 radios.

1769 4370 2037 4436 Quantum
2072 4367 2159 4421 hic
2184 4367 2339 4423 nobis
2369 4369 2575 4437 peperit
2606 4368 2853 4432 l‘metum,
2886 4383 2992 4422 noo
3028 4370 3202 4439 spicas
3232 4370 3359 4438 pin-

1771 4459 2076 4528 gncl’acicns
2095 4500 2110 4524 ,
2138 4466 2230 4511 aut
2262 4458 2485 4512 arbores
2511 4459 2783 4520 Ittttt‘iClh‘,
2813 4458 2905 4511 sed
2935 4457 3107 4525 ipsum
3145 4458 3361 4527 pietatis

1772 4551 2001 4604 fructum
2028 4558 2081 4603 et
2110 4564 2398 4618 procrcans
2427 4560 2479 4601 ct
2507 4549 2572 4602 ad
2600 4548 2837 4617 vigorem
2865 4548 3160 4613 adducens,
3185 4559 3238 4604 et
3263 4564 3359 4603 eos

1770 4642 1861 4710 qni
1888 4640 2261 4703 concidebant,
2289 4640 2503 4693 assidue
2547 4640 2843 4693 recreans?
2872 4638 3000 4693 lure
3044 4657 3057 4693 :
3100 4656 3222 4693 nam
3270 4640 3359 4695 hic

1769 4731 1985 4801 quidem
2008 4731 2109 4795 sol,
2143 4730 2285 4801 quod
2314 4731 2481 4785 semel
2517 4732 2567 4783 in
2600 4730 2853 4784 arborum
2903 4731 3164 4785 fructibus
3207 4746 3361 4785 cmu-

1773 4820 2057 4891 pntruerit,
2093 4823 2375 4877 restituere
2406 4838 2741 4891 nequaquam
2769 4823 3001 4889 poterit;
3039 4822 3236 4877 Paulus
3264 4840 3361 4876 au-

1772 4922 1875 4968 tem
1905 4928 1999 4968 eos
2026 4914 2209 4976 etiam,
2236 4913 2326 4983 qni
2350 4922 2601 4966 sexcenta
2631 4914 2808 4966 olet-ra
2840 4913 3129 4979 habebant,
3170 4929 3199 4967 a
3235 4930 3359 4982 pec-

1768 5006 1903 5061 catis
1926 5006 2194 5083 revocat'it
2228 5014 2431 5073 :atque
2472 5005 2560 5058 hic
2604 5005 2744 5058 nocti
2795 5005 3042 5069 decedit;
3094 5004 3184 5059 ille
3231 5020 3363 5058 vero

1769 5097 1985 5151 diabolo
2014 5097 2261 5166 superior
2281 5095 2401 5150 fuit.
2431 5096 2572 5150 Nihil
2602 5096 2747 5149 illum
2776 5097 2965 5150 evertit
2987 5137 3004 5159 ,
3028 5096 3159 5149 nihil
3192 5110 3358 5164 snpe-

1772 5189 1925 5241 ravit.
1952 5188 2048 5242 llic
2076 5188 2143 5241 de
2169 5186 2384 5241 sublimi
2418 5186 2536 5240 loco
2564 5186 2688 5239 dum
2718 5186 2885 5239 fertur
2907 5226 2923 5248 ,
2970 5186 3149 5239 radios
3193 5185 3355 5240 deor-

1769 5292 1887 5331 som
1918 5278 2110 5331 emittit
2142 5294 2154 5329 :
2187 5277 2381 5330 Paulus
2408 5292 2534 5329 vero
2572 5276 2640 5329 de
2686 5275 2857 5328 infero
2903 5275 3023 5328 loco
3065 5275 3315 5328 exoriens
3336 5315 3353 5339 ,

1770 5369 2013 5423 nonem“
2041 5383 2103 5422 ac
2136 5376 2291 5421 teme
2322 5365 2601 5421 dimidium
2648 5366 2847 5418 lumine
2892 5364 3179 5431 complein
3203 5404 3216 5427 ,
3261 5363 3353 5417 sed

1769 5460 1929 5513 simul
1960 5471 2121 5523 atque
2150 5472 2211 5511 os
2241 5457 2454 5525 aperuit
2476 5499 2490 5518 ,
2523 5456 2744 5525 angelos
2776 5456 2939 5507 etiam
2975 5454 3119 5521 ipsos
3164 5468 3358 5522 magna

1770 5552 1995 5620 replevit
2018 5551 2311 5617 voluptate.
2341 5548 2473 5602 Nam
2503 5549 2547 5602 si
2576 5564 2685 5600 uno
2731 5546 2949 5600 homine
2986 5544 3357 5615 ptenitentiam

1768 5649 1961 5709 agente
1980 5638 2231 5710 gaudium
2255 5638 2463 5693 exsistit
2484 5638 2535 5692 in
2567 5636 2716 5691 cadis
2746 5634 2911 5701 (Luc.
2943 5635 3032 5688 15.
3064 5634 3131 5689 l0
3157 5634 3210 5703 );
3235 5649 3357 5688 cum

1774 5730 1968 5790 Paulus
1994 5746 2024 5785 s
2054 5726 2225 5801 prima
2253 5729 2513 5787 concione
2543 5728 2741 5786 multos
2767 5734 2988 5784 senatus
3014 5726 3194 5793 luerit,
3223 5730 3358 5797 quoe
