4064 6318
717 312 825 368 207
1459 308 1516 364 S.
1554 307 1831 364 JOANXIS
1868 304 2325 364 CllliYSOS'l‘OMi

2429 270 2691 363 neuter.
2732 307 3259 367 consummet

717 428 881 481 modo
906 425 1021 480 ﬁeri
1052 424 1240 494 potuit,
1265 431 1320 477 ιιι
1348 434 1573 492 superas
1612 430 1910 493 potestates
1944 419 2137 489 gaudio
2182 433 2295 473 non

722 516 1002 586 impleret?
1744 521 1761 529 ‘

786 606 845 662 2.
871 604 1071 675 Ecquid
1096 603 1260 660 dico?
1286 602 1418 660 satis
1436 612 1555 657 erat
1604 601 1826 658 Paulum
1867 602 2011 671 loqui
2036 616 2050 665 ;
2100 609 2151 653 el
2197 598 2300 656 hoc

720 700 838 767 ipso
870 698 986 753 ca-li
1016 696 1353 753 exsultabant
1381 705 1434 750 et
1473 695 1787 749 lmtalntutur
1828 693 1847 764 (
1874 692 2018 747 Pent.
2073 693 2161 747 l3.
2206 693 2236 746 Ἰ
2257 694 2298 761 ).

723 790 933 844 liteniut
960 790 1005 845 si
1034 788 1290 843 lsraclilis
1313 802 1379 843 ex
1399 781 1655 858 ‘Egypto
1688 787 2005 840 exeuntibus
2032 825 2048 849 ,
2092 796 2302 839 nmntes

720 880 1061 933 essultarunt
1088 887 1146 932 ut
1174 878 1371 933 arietes
1403 894 1417 931 :
1452 876 1665 947 quando
1692 876 1940 929 homines
1966 890 2029 928 ex
2079 884 2218 927 terra
2250 875 2301 927 in

720 970 914 1023 caelum
944 966 1417 1031 transfert-bantur,
1445 974 1699 1035 quantum
1724 964 1898 1032 gaudii
1932 972 2083 1033 putas
2101 962 2304 1017 fuisse?

2406 416 2699 472 in-modum
2723 420 2937 488 glorier.
2970 420 3289 487 Quomodo?
3336 417 3405 475 L't
3440 420 3681 491 gloriatio
3703 461 3720 485 ,
3770 420 3966 487 inquit.

2404 517 2563 561 vestra
2592 508 2827 563 abundet.
2867 509 3119 579 Ilajorem
3144 511 3285 565 enim
3317 509 3487 565 habeo
3512 510 3851 582 gloriationis
3873 526 3971 561 ma-

2407 602 2615 664 terism,
2632 616 2753 654 cum
2770 616 2864 653 vos
2881 602 3159 671 prolicitis.
3192 600 3294 655 Per
3318 618 3479 655 meum
3503 602 3773 655 adventum
3799 600 3966 653 imum

2405 690 2476 743 ad
2497 705 2603 745 vos.
2630 691 2731 760 Qui
2764 692 2959 762 igitur?
2986 708 3111 746 num
3134 691 3199 745 ad
3250 694 3393 761 ipsos
3431 691 3631 747 rediit?
3680 690 3790 745 lloe
3832 689 3968 743 vobis

2410 782 2786 853 inquirendum
2818 784 3094 855 relinquo.
3123 795 3300 839 utrum
3345 783 3583 838 redierit.
3633 784 3725 837 27.
3765 781 3969 835 Tantm

2408 875 2578 945 digne,
2606 876 2809 947 inquit,
2853 878 3111 948 evangelio
3158 874 3347 930 Christi
3388 873 3775 930 conversamiui.
3826 873 3969 927 Vides

2407 966 2585 1019 omnia
2627 981 2973 1037 quamcumque
3017 967 3184 1030 dixit,
3236 967 3341 1024 huc
3381 976 3656 1037 spectasse
3682 1008 3697 1031 ,
3747 975 3803 1020 ιιι
3839 966 3971 1035 ipsos

726 1058 1016 1131 Propterea
1037 1059 1197 1128 igitur
1222 1055 1529 1111 Permanere
1544 1056 1594 1109 in
1611 1071 1762 1109 carne
1790 1055 1947 1125 magis
1968 1056 2304 1108 necessarium

730 1158 935 1220 propter
963 1166 1067 1204 vos.
1092 1148 1159 1204 Et
1197 1164 1316 1219 qua:
1346 1148 1501 1202 uobis
1532 1146 1753 1217 posthac
1793 1145 1981 1201 relicta
2024 1155 2108 1201 est
2145 1160 2305 1200 excu-

726 1242 914 1296 satio?
952 1232 1035 1297 Fit
1077 1242 1220 1297 enim
1264 1255 1541 1311 pers.1:pe,
1573 1250 1631 1294 ιιι
1668 1239 1930 1308 quispiam
1981 1254 2195 1307 parvam
2244 1251 2307 1290 ac

726 1348 1017 1401 pauperem
1044 1332 1315 1388 civitatem
1344 1340 1551 1396 nactus,
1580 1330 1728 1385 abire
1769 1339 1947 1395 tamen
1988 1329 2095 1382 alio
2134 1326 2267 1381 nolit
2288 1369 2303 1388 ,

726 1434 927 1477 cetera
969 1422 1146 1477 omnia
1201 1438 1311 1491 pra:
1356 1439 1449 1478 sua
1498 1424 1680 1492 quiete
1731 1430 2046 1491 postputans
2086 1436 2100 1471 :
2146 1417 2309 1472 Paulo

726 1514 1033 1569 abeundtun
1058 1514 1122 1567 ad
1145 1513 1417 1570 Christum
1444 1526 1578 1570 erat.
1604 1525 1785 1568 etnon
1809 1512 1973 1565 voluit
1996 1510 2266 1565 Christum
2290 1526 2307 1574 ;

730 1602 1004 1657 Christum
1029 1604 1202 1670 illum,
1232 1620 1391 1673 quem
1420 1604 1491 1659 ita
1535 1602 1906 1667 desiderabat,
1952 1611 2009 1655 ut
2056 1617 2153 1671 pro
2194 1600 2311 1670 ipso

729 1693 1034 1761 gehennam
1061 1694 1222 1749 etiam
1254 1694 1513 1764 eligeret:
1544 1693 1638 1748 sed
1665 1692 1840 1747 adhuc
1871 1691 2040 1746 voluit
2068 1708 2307 1757 manere,

727 1799 795 1862 ac
826 1783 1072 1839 laborare
1101 1785 1152 1839 in
1195 1799 1367 1855 pugna
1416 1800 1519 1855 pro
1562 1784 1887 1838 ltutninilttts.
1937 1784 2113 1854 Ecqua
2158 1784 2313 1839 nobis

734 1874 840 1927 erit
861 1874 1182 1929 excusatio?
1212 1874 1408 1929 Verum
1437 1884 1590 1929 estne
1617 1875 1866 1931 universe
1891 1884 2093 1929 tantum
2113 1875 2313 1929 mentio

734 1962 978 2018 iacienda
1007 1963 1203 2019 Pauli?
1242 1964 1475 2019 Attende
1518 1964 1645 2035 quid
1691 1965 1878 2034 egerit.
1936 1964 2078 2019 Dixit
2121 1964 2311 2019 melius

730 2067 857 2107 esse
882 2052 1053 2119 abire,
1085 2068 1153 2108 ne
1178 2054 1251 2109 illi
1282 2054 1349 2109 de
1376 2053 1547 2123 ipsius
1575 2065 1745 2108 morte
1772 2055 2052 2117 dolerent;
2080 2055 2314 2109 oSIendit

731 2143 921 2209 etiam,
950 2144 994 2198 si
1023 2153 1255 2209 maneat,
1288 2145 1486 2198 ideirco
1518 2160 1735 2199 manere
1762 2156 1815 2197 ut
1846 2146 1949 2199 illis
1978 2146 2146 2214 prosit
2172 2163 2186 2200 :
2208 2162 2312 2200 non

733 2234 879 2289 enim
904 2233 954 2287 id
977 2250 1042 2289 ex
1068 2235 1205 2289 mala
1232 2234 1594 2289 insidiantium
1619 2246 1795 2291 mente
1822 2237 2130 2292 succedere.
2155 2237 2316 2307 Igitur

736 2334 796 2377 ut
821 2323 893 2379 illi
918 2322 1123 2379 facilius
1143 2324 1208 2377 ad
1232 2323 1332 2377 hoc
1360 2324 1687 2379 eredendtun
1717 2326 2068 2386 addurantur.
2098 2342 2313 2380 causam

738 2415 1010 2486 apposuit.
1041 2414 1173 2470 Nam
1199 2416 1245 2470 si
1271 2414 1323 2470 id
1354 2417 1714 2471 necessatium
1748 2427 1829 2471 est
1850 2459 1864 2479 ,
1895 2418 2115 2472 omnino
2141 2418 2317 2474 adhuc

740 2505 1000 2569 manebo;
1045 2520 1145 2562 nec
1192 2514 1394 2561 tantum
1436 2508 1663 2561 manebo
1683 2549 1698 2572 ,
1728 2509 1821 2560 sed
1850 2508 2009 2561 etiam
2042 2509 2317 2564 vobiscum

744 2596 990 2652 manebo.
1026 2596 1139 2653 Iloe
1158 2598 1302 2652 enim
1332 2598 1434 2652 sibi
1459 2598 1645 2653 \‘ulttttt
1672 2599 1829 2654 verba
1862 2600 1973 2660 illa,
2008 2600 2069 2653 Et
2098 2618 2321 2654 comnm-

743 2690 889 2752 nrbo.
920 2689 971 2744 id
998 2697 1102 2755 est,
1130 2690 1437 2745 \‘idebot'os
1463 2700 1516 2743 ct
1543 2691 1813 2745 vobiscum
1846 2690 2114 2744 member.
2148 2694 2316 2757 Quam

743 2780 815 2831 ob
834 2793 1048 2833 causam
1070 2779 1096 2832 ?
1120 2780 1199 2833 Διι
1224 2783 1503 2850 profectum
1533 2790 1747 2833 vestrum
1790 2789 1837 2833 et
1880 2781 2125 2849 gaudium
2176 2781 2317 2848 ﬁdei.

747 2869 1177 2942 lloelucoipsos
1217 2869 1456 2933 excitat,
1508 2879 1564 2921 ut
1612 2867 1712 2923 sibi
1758 2868 2055 2922 attendant.
2101 2869 2232 2924 Nam
2275 2870 2321 2924 si

748 2971 967 3029 propter
995 2975 1112 3027 \‘us,
1141 2959 1332 3029 inquit,
1358 2958 1627 3021 manebo;
1655 2957 1835 3013 videte
1884 2975 1952 3013 ne
1988 2958 2321 3013 mansionem

748 3066 921 3104 meam
947 3048 1304 3105 dedecoretis.
1331 3049 1475 3103 Cum
1488 3050 1598 3118 jam
1626 3048 1876 3101 Christus
1902 3047 2033 3102 mihi
2062 3048 2325 3103 videndus

748 3150 913 3206 esset,
939 3139 1074 3210 elegi
1107 3150 1323 3211 propter
1352 3149 1588 3193 vestrum
1622 3137 1918 3207 profectum
1945 3154 2182 3194 manere.
2210 3132 2325 3195 Mea

748 3233 893 3286 enim
924 3233 1207 3302 przesentia
1232 3241 1286 3286 et
1304 3231 1370 3286 ad
1396 3232 1551 3285 tidem
1582 3231 1731 3285 vobis
1778 3231 1902 3285 facit
1924 3272 1940 3295 ,
1966 3242 2045 3286 .et
2083 3232 2148 3286 ad
2192 3248 2325 3304 gau-

750 3323 899 3379 dium
930 3341 944 3378 :
981 3332 1261 3392 propterea
1287 3320 1421 3391 elegi
1453 3338 1691 3376 manere.
1732 3322 1869 3391 Q-tid
1896 3322 2098 3393 igitur?
2128 3324 2326 3394 Philip-

754 3417 1071 3491 pensiumue
1094 3424 1297 3468 tantum
1322 3415 1490 3484 gratia
1524 3414 1757 3469 mansit?
1782 3415 1897 3469 Non
1942 3431 2073 3472 sane
2113 3418 2327 3474 illorum

756 3516 960 3559 ι.ιιιιιιιιι
981 3506 1149 3573 gratia
1177 3497 1392 3568 mansit,
1424 3504 1519 3559 sed
1548 3503 1630 3557 his
1678 3505 1854 3559 verbis
1892 3507 2178 3575 quamdam
2226 3509 2333 3563 illis

756 3595 974 3650 adhibet
1020 3596 1194 3650 lenem
1242 3595 1583 3649 medicinam.
1633 3595 1912 3661 Qutnnodo
1958 3607 2139 3652 autem
2179 3608 2334 3655 erant

758 3687 831 3741 illi
863 3686 1152 3757 profecturi
1183 3688 1236 3740 in
1269 3686 1413 3741 ﬁde?
1442 3686 1507 3741 L't
1549 3687 1717 3755 magis
1746 3688 2021 3757 magisque
2065 3704 2159 3744 vos
2198 3706 2333 3746 cou-

760 3779 967 3831 lirmem
999 3792 1012 3827 :
1044 3776 1265 3846 perinde
1312 3791 1376 3830 ac
1426 3776 1602 3844 pullos
1649 3778 1906 3845 quosdam
1962 3781 2147 3844 matris
2206 3796 2333 3837 cura

759 3881 980 3939 egentes
1004 3908 1019 3931 ,
1047 3868 1220 3921 donec
1247 3868 1375 3933 ipsis
1400 3866 1680 3921 ~o|idiores
1707 3880 2049 3923 suecrescaut
2075 3871 2193 3925 al.e.
2228 3873 2338 3926 Illa-

760 3977 920 4030 gnmn
943 3964 1043 4014 hoc
1062 3960 1299 4013 caritatis
1323 3959 1595 4012 indicium.
1622 3953 1699 4012 Ad
1722 3958 1861 4014 hunc
1883 3961 2096 4015 utodunt
2126 3979 2156 4017 a
2182 3966 2337 4021 nobis

760 4053 923 4110 etiun
972 4052 1187 4123 quidam
1234 4050 1452 4105 excitari
1504 4051 1707 4112 solent,
1760 4062 1919 4121 atque
1973 4054 2044 4106 ita
2069 4054 2337 4111 dicimus:

763 4144 873 4200 Tua
899 4157 1059 4198 causa
1087 4141 1257 4196 mansi
1281 4182 1296 4204 ,
1328 4149 1383 4194 ιιι
1412 4151 1461 4193 te
1489 4140 1684 4195 bonum
1713 4141 2012 4196 redderem.
2048 4143 2115 4197 Ut
2158 4158 2338 4215 gratu-

764 4235 886 4288 latio
914 4242 1097 4294 vestra,
1126 4232 1317 4301 inquit,
1351 4232 1569 4283 abundet
1594 4231 1645 4283 in
1672 4231 1870 4285 Christo
1896 4231 2021 4287 Jestt
2049 4236 2100 4287 in
2132 4252 2209 4289 nte
2250 4253 2342 4305 per

764 4341 927 4378 meum
954 4323 1223 4377 adventum
1248 4323 1425 4375 iterum
1452 4322 1522 4375 ad
1532 4330 1653 4375 τοι.
1684 4322 1844 4377 Vides
1873 4325 1970 4377 ista
2008 4340 2157 4389 voce,
2190 4326 2340 4381 Com-

765 4412 994 4476 manebo,
1024 4413 1123 4464 hoe
1144 4411 1284 4480 quod
1312 4411 1555 4465 dicebam
1585 4413 1938 4481 signiﬁcatum
1982 4420 2149 4470 esse?
2196 4417 2339 4473 Cou-

765 4503 940 4557 sitlera
988 4504 1358 4558 luuuilitatt-m.
1404 4503 1666 4570 Quoniam
1714 4506 1843 4559 dixit
1872 4546 1887 4570 ,
1931 4507 2011 4560 Ad
2059 4510 2342 4578 profectum
2390 4514 2407 4521 '

765 4608 978 4650 restrain
1001 4636 1016 4657 ,
1040 4596 1272 4650 ostendit
1304 4595 1354 4649 id
1384 4596 1482 4649 sibi
1524 4613 1735 4666 quoque
1785 4599 2064 4652 utifit‘atetn
2112 4601 2339 4665 allcrt‘e;

763 4690 1093 4758 quodetiam
1123 4687 1338 4743 lacitad
1390 4687 1661 4742 Romanos
1704 4691 1946 4743 scribens
1994 4691 2076 4743 his
2129 4692 2340 4759 verbis,

765 4778 826 4832 ιιι
862 4790 951 4837 cst.
977 4779 1129 4832 simul
1148 4778 1400 4833 consolari
1441 4779 1493 4830 in
1536 4778 1670 4831 vobis
1692 4794 1712 4830 :
1735 4789 1888 4831 antea
1917 4780 2060 4834 enim
2092 4781 2341 4847 dixerat,

769 4871 835 4925 Ut
856 4870 1051 4937 aliquid
1077 4869 1337 4933 impertiar
1364 4866 1500 4922 vbbis
1530 4872 1709 4939 gratim
1736 4871 2017 4937 spiritualis
2054 4872 2073 4940 (
2099 4873 2245 4925 liom.
2290 4873 2341 4926 l.

770 4961 852 5015 l2.
886 4965 938 5012 ιι
963 4960 1002 5027 ).
1020 4958 1154 5025 Quid
1177 4967 1354 5012 autem
1383 4960 1482 5011 hoc
1506 4968 1608 5030 est,
1641 4958 1709 5013 Ut
1738 4960 1975 5030 gloriatio
1996 4972 2156 5015 vestra
2176 4962 2342 5016 abun-

766 5052 889 5106 det?
919 5051 972 5104 Id
995 5060 1099 5116 est,
1129 5059 1189 5104 ut
1211 5059 1418 5105 crescat
1444 5022 1683 5121 idfquod
1712 5061 1829 5106 erat
1854 5068 2009 5106 causa
2038 5054 2298 5123 gloriandi
2322 5069 2337 5107 :

768 5144 869 5197 huc
901 5149 1076 5195 autem
1104 5150 1185 5195 est
1205 5140 1538 5199 corroborari
1567 5144 1617 5195 lll
1647 5142 1748 5195 litle
1775 5144 1793 5209 (
1818 5142 1929 5195 lure.
1960 5145 2100 5196 enim
2127 5154 2208 5197 est
2229 5145 2345 5213 glo-

770 5233 926 5287 riatio
957 5232 1007 5284 in
1037 5231 1295 5300 Christo),
1330 5242 1472 5284 recte
1500 5232 1695 5285 vivere.
1731 5232 1872 5299 Ergo
1903 5231 2152 5285 Gloriatio
2180 5244 2345 5285 vestra

768 5328 820 5378 in
850 5342 927 5378 me
951 5341 1041 5393 per
1070 5340 1234 5378 meum
1261 5322 1528 5376 adventum
1558 5324 1737 5375 iterum
1759 5324 1825 5373 (nl
1847 5325 1970 5375 eos?
1993 5324 2238 5387 Maxime,
2266 5324 2343 5376 itt-

768 5416 904 5485 quit,
940 5415 1066 5482 Qna:
1089 5418 1221 5468 enim
1246 5424 1318 5467 est
1344 5431 1460 5483 spes
1486 5423 1659 5467 nostra
1679 5423 1765 5465 tutt
1794 5430 1905 5483 qua:
1928 5430 2117 5467 corona
2146 5414 2340 5483 gloria-

768 5507 960 5561 tiouis?
989 5522 1154 5559 nonne
1182 5516 1229 5559 et
1268 5521 1351 5558 vos
1394 5504 1481 5576 (ι.
1536 5504 1712 5558 Thess.
1760 5506 1816 5560 Ξ.
1864 5506 2007 5576 l9)?
2063 5504 2157 5560 Vos
2200 5507 2341 5560 enim

768 5599 887 5649 estis
912 5597 1146 5666 gloriatio
1170 5606 1343 5649 nostra
1366 5635 1380 5657 ,
1411 5595 1829 5664 quetnadmodtun
1855 5606 1901 5649 et
1921 5614 2011 5649 nos
2044 5606 2206 5651 vestra
2244 5598 2262 5664 (
2283 5598 2337 5651 9..

765 5689 885 5743 CUI.
922 5689 969 5743 ί.
1007 5686 1130 5754 ll);
1162 5686 1212 5741 id
1240 5694 1340 5750 est,
1374 5695 1429 5739 ut
1451 5684 1674 5742 habeam
1699 5702 1804 5755 quo
1829 5688 1877 5741 in
1903 5688 2052 5742 vobis
2078 5688 2337 5756 majorem

2409 1053 2723 1110 etltortetur
2749 1056 2815 1111 ad
2846 1057 3079 1127 majores
3104 1058 3157 1112 in
3191 1058 3387 1112 virtute
3427 1072 3741 1126 progressus
3787 1055 3972 1110 iacien-

2408 1145 2547 1200 dos?
2588 1146 2807 1201 Tantum
2855 1149 3006 1219 digne
3032 1146 3310 1219 evangelio
3360 1149 3548 1204 Christi
3598 1150 3970 1203 ronversemiiti.
4032 1194 4033 1199 η

2410 1238 2544 1306 Quid
2568 1249 2648 1293 est
2673 1239 2814 1309 quod
2844 1241 3033 1310 inquit,
3065 1240 3327 1318 Tantum?
3354 1234 3667 1297 ldeurralet
3708 1256 3773 1295 ac
3816 1241 3865 1293 si
3898 1242 3971 1294 di-

2410 1341 2600 1385 ceret:
2630 1330 2741 1387 lloe
2784 1332 2958 1386 solum
3006 1341 3127 1395 est,
3168 1332 3311 1402 quod
3360 1333 3683 1402 requiritur;
3732 1341 3973 1400 pra'terea

2415 1422 2543 1476 nihil
2573 1438 2585 1473 :
2619 1424 2665 1477 si
2693 1423 2793 1478 hoe
2820 1424 2979 1490 adsit,
3012 1424 3145 1479 nihil
3168 1425 3318 1479 vobis
3364 1425 3575 1478 molesti
3615 1424 3873 1492 obtinget.
3914 1422 3976 1478 Ut

2412 1513 2515 1566 sive
2538 1528 2651 1565 cunt
2682 1529 2861 1566 venero
2893 1526 2939 1566 et
2979 1515 3148 1567 videro
3192 1528 3277 1567 vos
3296 1553 3311 1577 ,
3339 1514 3442 1567 sive
3467 1515 3645 1567 absens
3684 1514 3888 1567 audiam
3921 1515 3977 1565 de

2414 1601 2561 1654 rebus
2580 1604 2774 1655 vestris.
2792 1601 2906 1657 Non
2931 1602 3043 1657 hac
3062 1603 3212 1669 dicit,
3232 1604 3381 1672 quasi
3409 1603 3627 1658 mutarit
3644 1604 3974 1666 sententiam,

2416 1706 2587 1761 neque
2628 1691 2696 1744 ad
2750 1692 2894 1759 ipsos
2942 1693 3115 1747 redire
3157 1692 3393 1761 amplius
3432 1693 3592 1757 velit;
3634 1692 3766 1759 sed,
3814 1692 3975 1747 Etiuu

2415 1784 2459 1836 si
2488 1782 2588 1837 hoc
2614 1784 2840 1848 accidat,
2867 1785 3071 1854 inquit,
3102 1784 3297 1839 absens
3319 1800 3529 1853 quoque
3556 1784 3721 1840 la-tari
3750 1800 3973 1854 possunt.

2418 1873 2481 1929 Si
2502 1875 2733 1939 audiero,
2759 1875 2878 1942 quia
2907 1878 3051 1929 statis
3074 1877 3128 1929 in
3153 1891 3254 1930 uno
3279 1877 3458 1944 spiritu
3484 1886 3533 1930 et
3562 1893 3664 1930 una
3688 1877 3876 1931 anima.

2489 1967 2543 2021 5.
2586 1966 2696 2020 lloc
2721 1976 2824 2031 est,
2851 1966 2993 2036 quod
3024 1968 3253 2023 maxime
3285 1967 3469 2023 lideles
3489 1968 3786 2040 coniungit,
3814 1978 3868 2024 et
3894 1985 3977 2023 ca-

2417 2057 2626 2111 ritatem
2658 2056 2827 2125 ipsam
2865 2057 3105 2111 continet
3139 2074 3151 2110 :
3185 2057 3311 2112 hinc
3338 2058 3427 2113 illa
3462 2058 3670 2113 Domini
3699 2060 3888 2122 verba,
3920 2058 3981 2113 Ut

2417 2149 2515 2201 sint
2542 2164 2698 2201 unum
2728 2146 2908 2216 (Joan.
2938 2150 3021 2203 l7.
3063 2150 3171 2218 ll).
3204 2148 3335 2203 Nam
3370 2149 3618 2219 Regnum,
3649 2150 3838 2218 inquit,
3866 2152 3915 2203 in
3937 2167 3983 2204 se

2418 2240 2668 2305 divisum,
2697 2256 2796 2293 non
2825 2241 3004 2309 poterit
3029 2250 3165 2294 stare
3192 2239 3409 2309 (Matth.
3444 2241 3527 2295 l2.
3560 2242 3676 2312 25).
3709 2242 3984 2311 Propterea

2418 2342 2472 2385 et
2498 2330 2697 2385 Paulus
2724 2330 2924 2384 multus
2953 2331 3145 2400 ubique
3171 2340 3255 2385 est
3282 2331 3333 2384 in
3363 2332 3651 2387 concordia
3681 2331 3944 2387 suadenda
3969 2350 3981 2384 :

2422 2422 2542 2476 ideo
2567 2430 2621 2476 et
2646 2420 2893 2476 Christus
2916 2420 3103 2490 inquit,
3135 2418 3198 2475 In
3223 2424 3316 2475 hoc
3336 2433 3643 2493 cognoscent.
3659 2432 3850 2485 amnes,
3877 2425 3984 2490 quia

2422 2514 2661 2585 discipuli
2689 2513 2784 2566 mei
2810 2514 2948 2578 estis,
2979 2515 3023 2567 si
3053 2514 3369 2568 dilectionem
3401 2515 3677 2591 habueritis
3701 2517 3769 2567 ad
3794 2516 3985 2568 invicem

2426 2607 2602 2679 (Joan.
2638 2607 2715 2661 l5.
2749 2606 2864 2675 55).
2893 2604 2971 2659 Ne
3000 2605 3182 2675 igitur,
3218 2606 3389 2676 inquit
3416 2607 3630 2667 Paulus.
3666 2606 3767 2661 mei
3794 2606 3984 2660 adven-

2426 2708 2509 2750 Ins
2534 2695 2935 2765 exsliectatiune
2978 2696 3274 2766 pendentes
3318 2698 3519 2750 interea
3566 2697 3867 2751 obdormite
3894 2713 3908 2759 ;
3940 2704 3987 2747 ut

2424 2804 2545 2846 eum
2576 2786 2717 2855 qttod
2746 2786 3146 2854 esspeetaliatis
3165 2825 3182 2850 ,
3213 2776 3559 2851 successerit,
3586 2803 3777 2857 tneque
3803 2787 3986 2840 videri-

2428 2881 2517 2937 tis.
2548 2878 2801 2946 dcineeps
2827 2876 3159 2945 diligentiam
3200 2876 3486 2932 remittatis
3511 2894 3574 2932 ac
3608 2878 3985 2933 dissolvamini.

2426 2969 2558 3025 Nam
2598 2968 2759 3022 etiam
2802 2982 2867 3020 ex
2915 2966 3097 3021 auditu
3142 2969 3386 3023 eamdem
3433 2984 3630 3036 capere
3674 2969 3989 3038 voluptatem

2431 3074 2668 3130 possum.
2691 3057 2827 3124 Quid
2854 3058 2987 3111 istuc
3007 3067 3109 3121 est,
3146 3056 3209 3111 In
3237 3074 3337 3111 ttno
3356 3060 3535 3128 spiritu
3561 3060 3586 3111 .9
3613 3059 3669 3113 ld
3692 3069 3791 3119 cst.
3816 3060 3989 3113 eadem

2432 3152 2520 3206 illa
2562 3149 2727 3218 gratia
2784 3146 3125 3211 concordi:e,
3171 3147 3482 3201 alacritatis.
3534 3148 3681 3203 Unus
3724 3149 3883 3202 etiam
3921 3158 3991 3200 Cal

2432 3242 2650 3311 spiritus
2682 3257 2695 3292 :
2724 3245 2886 3306 atque
2918 3237 2967 3291 id
2999 3253 3062 3291 ex
3090 3252 3155 3290 eo
3180 3238 3483 3291 ostenditur
3504 3278 3518 3300 ,
3546 3238 3689 3307 quod
3721 3253 3865 3307 sa'pe
3907 3238 3991 3290 loc

2432 3326 2593 3382 tnodo
2610 3324 2809 3379 dictum
2834 3325 2905 3378 sit
2932 3342 2945 3377 :
2976 3323 3047 3376 ita
3073 3322 3218 3374 enim
3245 3330 3403 3375 estet
3434 3322 3485 3373 in
3514 3336 3617 3373 una
3645 3332 3790 3377 stare
3808 3323 3991 3381 aninn,

2432 3434 2555 3475 curn
2582 3432 2769 3471 omnes
2791 3431 2952 3469 ttnutn
2974 3414 3220 3483 Spiritum
3251 3411 3561 3466 habeamus.
3591 3411 3722 3466 Vide
3744 3427 3875 3466 voce
3896 3412 3992 3473 illa,

2434 3519 2528 3579 μιᾷ
2554 3518 2679 3580 ψυχῇ
2701 3549 2716 3574 ,
2747 3507 2797 3561 id
2826 3514 2928 3567 est,
2963 3521 3063 3559 una
3095 3503 3295 3565 anima,
3328 3502 3670 3557 concordiam
3697 3519 3819 3559 esse
3841 3504 3992 3574 Signi-

2438 3600 2646 3653 licatam
2678 3616 2693 3650 ;
2724 3597 2843 3652 \ide
2873 3596 3066 3650 multas
3088 3594 3296 3650 animas
3323 3610 3480 3648 unant
3508 3594 3633 3648 dici.
3663 3594 3736 3649 Ita
3766 3611 3826 3650 se
3854 3596 3997 3648 hahe-

2438 3691 2530 3746 bat
2576 3688 2867 3759 antiquitus
2897 3705 2910 3741 :
2941 3686 3215 3749 Omnium,
3250 3685 3455 3755 inquit,
3490 3694 3600 3739 erat
3626 3702 3716 3739 cor
3754 3697 3802 3740 et
3844 3687 3996 3739 anima

2440 3798 2541 3834 una
2572 3780 2709 3850 (.lct.
2755 3778 2808 3833 ι.
2854 3778 2966 3847 5'2).
2996 3776 3375 3830 Collaborantes
3412 3775 3531 3843 ﬁdei
3574 3774 3840 3845 evangelii.
3876 3774 3995 3830 Nunt

2442 3884 2710 3942 tamquam
2742 3870 2843 3924 lide
2865 3869 3141 3923 laborante
3172 3869 3223 3921 in
3251 3867 3566 3932 certamine,
3592 3877 3800 3931 mutuo,
3826 3866 3995 3935 inquit,

2440 3967 2830 4021 collaborantes
2849 3963 2874 4015 ?
2900 3977 3001 4029 qua
3031 3962 3236 4014 ratione
3262 3958 3313 4014 id
3342 3969 3485 4013 stare
3508 3959 3715 4027 possit?
3737 3959 3850 4012 Non
3873 3958 3997 4011 enim

2444 4057 2583 4110 inter
2612 4069 2670 4109 se
2702 4053 3025 4123 pugnabant;
3057 4050 3151 4104 sed
3179 4049 3317 4119 quod
3350 4050 3455 4103 vult
3488 4048 3683 4102 Paulus
3705 4088 3721 4113 ,
3762 4049 3861 4101 hoc
3888 4054 3996 4101 est:

2445 4148 2682 4202 Mutuom
2704 4188 2719 4210 ,
2750 4144 2955 4214 inquit,
2986 4143 3139 4197 vobis
3171 4141 3427 4196 auxilium
3458 4140 3646 4195 allerte
3671 4182 3685 4206 ,
3718 4141 3843 4193 dum
3885 4140 3999 4191 ﬁdes

2443 4236 2701 4305 evangelii
2733 4237 2785 4290 in
2814 4234 3108 4290 certamine
3139 4242 3399 4287 versatur.
3431 4232 3521 4287 28.
3554 4231 3619 4285 Et
3658 4234 3709 4285 in
3739 4232 3881 4285 nullo
3906 4240 3996 4283 ler-

2445 4332 2525 4384 riti
2555 4331 2619 4383 ab
2643 4327 2946 4382 adversariis
2968 4368 2983 4390 ,
3014 4326 3151 4395 quod
3174 4325 3375 4396 quidem
3414 4325 3540 4392 ipsis
3565 4334 3638 4377 est
3663 4332 3999 4394 argumentum

2447 4421 2766 4491 perditionis,
2792 4417 2927 4471 vobis
2951 4426 3118 4471 autent
3144 4416 3341 4470 salutis.
3366 4416 3578 4484 Optime
3603 4416 3761 4477 dixit,
3794 4414 4001 4469 Territi:

2449 4514 2569 4565 talia
2593 4512 2733 4565 enim
2770 4518 2895 4563 sunt
2917 4549 2932 4572 ,
2964 4521 3083 4575 qua:
3109 4506 3178 4565 ab
3204 4504 3529 4560 adversariis
3561 4504 3962 4574 proﬁciscuntur
3987 4516 3997 4553 :

2448 4610 2651 4657 terrent
2681 4597 3069 4654 tantummodo.
3099 4597 3235 4651 Dicit
3261 4596 3437 4665 igitur,
3466 4594 3532 4649 In
3559 4596 3701 4648 nullo
3727 4588 3998 4664 :quidquid

2446 4692 2706 4758 evenerit,
2733 4689 2955 4745 etiamsi
2980 4687 3213 4757 pericula
3238 4687 3506 4755 proposita
3529 4686 3656 4750 sint,
3674 4685 3835 4739 etiam
3860 4684 3901 4737 si
3930 4683 3998 4734 itt-

2448 4784 2630 4840 sidia‘:
2660 4782 2762 4835 hoc
2780 4780 2923 4835 enim
2951 4788 3033 4833 est
3060 4788 3204 4833 recte
3230 4778 3502 4833 stantium.
3539 4777 3615 4831 Ι]Ιί
3644 4778 3789 4831 enim
3822 4788 4003 4830 terrere

2448 4875 2723 4929 dumtaxat
2752 4879 3009 4936 possunt;
3060 4877 3318 4937 pratterea
3370 4867 3523 4920 nihil.
3554 4866 3689 4932 Quia
3717 4866 3860 4920 enim
3885 4862 4001 4917 reri-

2449 4962 2622 5019 simile
2643 4969 2759 5017 erat
2788 4960 2909 5014 illos
2937 4958 3091 5012 valde
3119 4957 3435 5025 perturbari,
3467 4971 3587 5010 cum
3625 4954 3999 5009 animadverte-

2449 5062 2569 5108 rent
2595 5052 2813 5107 Paulum
2842 5047 3261 5102 innumerabiles
3298 5046 3478 5100 subire
3503 5046 3873 5100 calamitates:
3904 5042 4001 5097 Non

2448 5145 2593 5210 dico,
2626 5142 2828 5211 inquit,
2862 5140 2937 5195 Ne
2968 5139 3251 5205 ﬂuetuetis,
3285 5139 3378 5192 sed
3402 5180 3415 5198 .
3442 5138 3519 5191 Ne
3548 5138 3895 5199 tcrreamini;
3926 5132 4001 5189 sed

2448 5235 2609 5290 etiam
2643 5234 2761 5287 illos
2788 5232 2943 5286 valde
2964 5228 3340 5285 eontcotnatis.
3368 5228 3498 5283 Nam
3527 5230 3570 5282 si
3602 5227 3705 5282 hoc
3727 5228 3884 5282 modo
3905 5226 4001 5278 ani-

2451 5326 2577 5379 mati
2606 5324 2743 5385 sitis,
2775 5322 2898 5375 hinc
2922 5322 3031 5388 jam
3062 5332 3111 5373 et
3143 5321 3381 5388 ipsorum
3422 5317 3779 5385 perditionem
3802 5358 3819 5383 ,
3847 5327 3897 5371 et
3923 5328 4002 5365 ve.-

2451 5422 2612 5468 stram
2637 5414 2862 5467 salutem
2889 5410 3219 5481 perspicuam
3252 5408 3473 5463 facietis.
3502 5408 3711 5463 Etenim
3736 5422 3857 5461 euut
3878 5405 4001 5459 vide-

2451 5505 2556 5559 rint
2587 5512 2834 5559 sexcenta
2864 5518 2922 5557 se
2957 5501 3181 5554 artiﬁcia
3213 5498 3545 5553 comminisci
3571 5538 3586 5563 ,
3628 5513 3693 5551 ac
3720 5513 3788 5553 ne
3815 5507 3999 5554 terrete

2448 5594 2661 5665 quidem
2684 5610 2782 5647 vos
2810 5606 2968 5662 posse
2992 5630 3009 5657 ,
3038 5600 3182 5645 certa
3219 5593 3301 5645 sui
3333 5590 3566 5659 ipsorum
3595 5588 3844 5645 interitus
3864 5602 3995 5656 argu-

2458 5697 2633 5744 men'a
2677 5685 2907 5755 capient.
2974 5681 3196 5752 Quando
3246 5682 3387 5739 enim
3447 5692 3727 5738 relaturos
3778 5681 3843 5737 iis
3886 5689 3996 5746 ques
