4064 6318
111 442 209 501 909

114 566 297 612 νιιιειιιι
323 559 636 628 superiores
676 575 782 613 non
805 558 1044 614 evadunt
1065 600 1080 621 .
1112 574 1218 612 non
1249 557 1591 612 insidiatores
1616 555 1683 611 iis

113 666 240 718 quiis
264 651 314 703 iu
344 659 612 717 potestate
633 651 832 729 habent
857 669 871 705 :
905 666 1083 705 nonne
1106 665 1175 705 es
1202 653 1303 705 hoc
1331 650 1447 719 ipso
1475 648 1686 720 perspi-

111 755 204 793 cue
230 739 571 808 intelligent,
612 755 671 795 se
703 740 769 795 ad
801 742 1077 795 interitum
1117 756 1300 805 ruere,
1331 740 1461 795 nihil
1485 755 1646 811 posse
1668 780 1686 806 ,

111 844 199 885 Sua
223 844 342 884 esse
379 830 511 884 l’alsa
541 841 598 885 et
625 830 880 885 inlirma?
910 830 978 885 Et
1005 832 1100 886 hoc
1123 849 1156 885 a
1182 829 1313 896 Deo,
1346 833 1520 902 inquit
1543 850 1558 887 :
1587 830 1682 887 29.

112 922 223 987 quia
248 922 386 975 nobis
420 922 669 975 deitatem
714 932 789 975 est
822 939 912 989 pro
948 923 1148 978 Christo
1172 963 1187 987 ,
1229 938 1329 977 non
1356 924 1523 977 solum
1549 933 1605 976 ut
1630 926 1684 976 ut

114 1028 215 1064 (uin
253 1008 469 1068 credatis
492 1055 511 1080 ,
549 1017 639 1069 sed
667 1014 817 1068 etiam
841 1026 896 1069 ut
920 1033 1012 1085 pro
1038 1014 1129 1069 illa
1155 1016 1447 1084 patiamini.
1477 1016 1684 1070 Ilursus

113 1104 223 1158 illos
265 1108 577 1174 componit.
622 1118 678 1160 ut
711 1106 782 1161 de
825 1122 885 1161 se
931 1106 1175 1162 modeste
1204 1107 1442 1161 sentiant
1465 1147 1480 1169 .
1511 1116 1682 1161 totum

117 1193 218 1248 Deo
246 1195 558 1252 adscribens
582 1238 598 1258 .
626 1207 680 1249 et
726 1197 952 1265 gratiam
983 1206 1039 1251 et
1072 1197 1343 1251 charisma
1387 1206 1443 1251 et
1481 1196 1683 1251 donum

116 1300 226 1339 esse
253 1285 439 1342 dicens
480 1287 587 1355 pati
626 1302 724 1357 pro
750 1286 991 1342 Christo.
1036 1286 1221 1358 Itaque
1261 1304 1329 1343 ne
1365 1304 1460 1344 vos
1488 1289 1683 1358 pudeat

113 1374 173 1428 de
196 1374 562 1432 charismate:
589 1386 673 1431 est
700 1378 846 1432 enim
887 1378 1047 1447 longe
1078 1379 1482 1444 admirabilius,
1521 1395 1680 1449 quam

112 1476 337 1520 mortuos
363 1466 435 1521 ad
463 1467 624 1521 vitatu
653 1481 910 1523 revocare
938 1507 955 1533 ,
992 1482 1057 1523 ac
1080 1460 1276 1524 cabtera
1308 1470 1563 1524 miracula
1594 1468 1678 1523 fa-

110 1569 244 1607 rere.
280 1553 414 1609 Nam
460 1554 532 1609 ibi
581 1556 798 1625 quidem
842 1570 945 1627 ego
987 1570 1104 1611 smn
1134 1556 1383 1623 debitor;
1434 1557 1522 1613 hic
1547 1574 1679 1613 vero

110 1643 398 1699 debitorem
430 1644 605 1700 habeo
627 1644 921 1701 Christum.
952 1645 1133 1714 Quare
1162 1654 1368 1702 tantum
1396 1649 1588 1714 abest,
1619 1657 1678 1702 ut

114 1734 280 1803 probri
307 1735 428 1790 loco
456 1730 507 1790 id
536 1735 840 1803 habendum
868 1737 977 1806 sit,
1008 1747 1071 1793 ut
1097 1740 1273 1808 potius
1300 1740 1372 1794 sit
1394 1740 1676 1795 essultan-
1724 1791 1727 1793 .

106 1824 224 1879 dtuu
245 1840 309 1881 ac
336 1826 699 1898 gaudendum,
724 1830 923 1900 quippe
943 1829 1033 1900 qui
1059 1829 1326 1887 charisma
1356 1831 1673 1888 habeamus.

108 1914 331 1973 Virtutes
357 1926 513 1972 vocat
530 1917 855 1974 charismata
880 1931 936 1976 et
959 1921 1121 1988 dona,
1149 1938 1257 1977 non
1282 1932 1460 1979 tanien
1480 1923 1673 1979 eodem

105 2007 276 2074 modo,
299 2018 462 2079 angue
483 2010 587 2066 alia
613 2027 628 2066 :
657 2010 745 2066 illa
774 2012 919 2068 enim
948 2021 1057 2069 tota
1087 2012 1181 2069 Dei
1205 2024 1365 2079 sunt;
1398 2016 1513 2069 lucc
1543 2030 1675 2070 vero

104 2097 254 2153 etiam
298 2108 505 2157 nostra.
530 2098 912 2158 Verumtamen
956 2105 1207 2174 qtmuiam
1234 2114 1290 2160 et
1309 2106 1397 2161 hic
1420 2106 1591 2177 major
1609 2122 1673 2162 ac

105 2189 268 2255 potior
292 2204 415 2261 pars
456 2192 550 2248 Del
574 2202 659 2249 est
677 2233 696 2260 ,
720 2204 1002 2265 propterea
1032 2205 1205 2271 totum
1238 2197 1407 2266 ipsius
1430 2213 1554 2253 esse
1583 2200 1671 2253 in-

103 2279 243 2346 quit,
270 2296 375 2337 non
402 2282 696 2340 voluntatis
727 2274 1029 2342 libertatem
1056 2298 1309 2343 evertens
1331 2329 1348 2353 ,
1384 2288 1481 2344 sed
1525 2290 1671 2359 ipsos

103 2386 350 2438 aptarans
377 2381 435 2426 ut.
472 2373 732 2430 moderati
774 2386 828 2430 et
870 2379 1004 2447 grati
1042 2377 1171 2433 sint.
1197 2378 1286 2435 ὅθ.
1333 2378 1479 2433 Idem
1506 2390 1670 2434 certa-

103 2478 204 2514 men
230 2462 484 2531 habentes,
514 2468 668 2534 quale
695 2468 889 2523 vidistis
917 2470 969 2523 in
998 2486 1097 2524 nte.
1132 2470 1318 2536 ld'est.
1353 2472 1667 2541 Exemplum

103 2552 248 2606 etiam
275 2553 503 2611 habetis.
531 2556 737 2612 Rursus
760 2558 862 2614 hoc
894 2559 1010 2616 loco
1033 2562 1177 2631 ipsos
1203 2564 1433 2618 extollit.
1459 2563 1667 2635 Ubique

104 2646 232 2698 etum
270 2661 363 2701 eos
406 2649 643 2703 ostendit
696 2650 748 2704 in
810 2652 1001 2708 iisdem
1057 2669 1237 2709 secum
1278 2658 1667 2712 certaminibus

103 2737 303 2801 versari,
327 2738 547 2794 eosdem
577 2741 805 2809 impetus
829 2745 989 2809 terre,
1020 2745 1267 2811 privatim
1290 2748 1476 2812 etiam,
1504 2757 1667 2817 atque

102 2827 223 2906 apud
257 2828 505 2900 seipsos:
534 2845 603 2886 eo
639 2833 781 2901 quod
827 2834 1043 2889 easdem
1081 2845 1242 2904 atque
1286 2838 1401 2907 ipse
1433 2839 1666 2912 tolerent

105 2904 422 2975 mutationes.
452 2918 568 2975 Non
597 2922 752 2985 dixit.
796 2924 1036 2979 Audistis
1056 2968 1071 2988 ,
1103 2927 1220 2991 sed,
1261 2904 1506 2982 Vidislis:
1539 2906 1661 2983 nam

101 3014 147 3056 et
171 3006 303 3071 illic,
342 3009 395 3064 id
421 3019 506 3065 est
548 3012 604 3066 in
654 3012 1077 3085 Pltilippensium
1125 3018 1256 3077 urbe
1284 3059 1300 3081 ,
1331 3029 1657 3077 certaverat.

103 3093 198 3148 line
240 3098 393 3166 igitur
434 3117 640 3171 magna:
684 3105 895 3159 virtuts
940 3116 1043 3160 est.
1087 3106 1449 3173 Quamobrem
1492 3120 1547 3164 et
1594 3112 1659 3166 ad

100 3183 295 3241 Galatas
315 3191 560 3245 scribens
581 3194 793 3248 dicebat
817 3214 830 3249 :
860 3194 1024 3249 Tanta
1043 3200 1183 3267 passi
1211 3201 1331 3252 estis
1351 3201 1457 3254 sine
1481 3217 1658 3265 causa,

100 3276 138 3328 ti
161 3287 316 3332 tamen
353 3283 464 3334 sine
496 3299 652 3334 causa
693 3284 834 3355 (Gal.
870 3288 925 3342 ὅ.
956 3286 1051 3358 4);
1085 3298 1143 3343 et
1184 3290 1425 3345 llebm-is
1473 3307 1660 3346 rursus

100 3366 316 3422 scribens
340 3369 589 3436 diccbat,
608 3370 1038 3430 liememormuini
1063 3390 1228 3432 autem
1260 3382 1499 3448 pristinos
1528 3384 1656 3447 dies,

100 3452 142 3505 in
160 3458 327 3524 quibus
352 3460 630 3515 illuminati
658 3480 899 3536 maguum
925 3478 1175 3522 certamen
1198 3472 1511 3526 sustinuistis
1539 3490 1658 3542 pas-

103 3548 273 3602 tionum
293 3594 307 3614 ,
335 3562 379 3606 rt
414 3554 467 3607 in
502 3551 662 3608 altero
688 3558 891 3625 quidem
926 3561 1213 3628 opprobriis
1242 3572 1289 3615 et
1316 3563 1659 3617 tribulationi-

100 3638 175 3691 ltus
200 3647 536 3707 spectaculum
581 3649 745 3717 facti,
797 3651 849 3703 in
895 3652 1056 3705 altero
1101 3650 1268 3707 autem
1316 3658 1442 3709 socii
1484 3658 1655 3711 taliter

101 3736 472 3789 conversantium
510 3737 673 3804 e/I’ecti
702 3742 719 3809 (
745 3739 901 3796 llebr.
938 3743 1020 3797 l0.
1063 3746 1150 3797 39..
1178 3744 1307 3817 55).
1358 3748 1425 3801 Ει
1468 3764 1656 3803 rursus

101 3821 454 3883 Macedonibus
480 3870 495 3894 ,
542 3830 591 3884 id
641 3840 763 3895 est,
792 3832 1367 3894 Thessalonicenibus
1411 3842 1654 3897 scribens

99 3909 302 3983 dicebat,
338 3917 602 3998 Ipsieuim
632 3924 695 3976 de
721 3925 864 3978 nobis
894 3931 1218 3997 aunnutiant,
1247 3933 1445 4002 qualem
1475 3935 1653 3989 introi-

99 4012 185 4057 tum
212 4007 525 4065 habuerimus
551 4014 620 4067 ad
649 4030 733 4070 vos
754 4030 776 4081 ;
800 4028 853 4071 et
881 4034 1088 4085 rursus,
1125 4021 1263 4076 Nam
1289 4035 1335 4076 et
1364 4025 1465 4093 ipsi
1489 4028 1647 4093 scitis,

100 4096 289 4165 fratres,
316 4102 579 4157 introitum
600 4117 825 4161 nostrum
851 4111 920 4163 ad
950 4128 1055 4177 ros,
1086 4130 1205 4183 quia
1236 4133 1336 4170 non
1364 4119 1529 4172 inanis
1556 4122 1652 4186 fuit

99 4182 162 4246 (l.
182 4184 353 4245 Thess.
390 4193 440 4246 l.
464 4194 517 4247 9.
549 4205 596 4249 et
635 4196 686 4250 2.
719 4199 795 4267 l).
825 4182 1164 4272 Ouiuinoque
1189 4206 1259 4259 de
1284 4209 1533 4263 omnibus
1556 4182 1650 4264 ida

99 4272 247 4367 ipsum
285 4282 535 4340 similiter
577 4293 805 4343 testatur
830 4330 843 4353 ,
886 4294 1177 4347 certamina
1220 4306 1275 4349 et
1322 4314 1545 4367 pugnas.
1584 4304 1651 4355 At

97 4363 290 4422 minimc
325 4371 426 4427 hoc
457 4389 600 4430 nunc
642 4379 779 4447 apud
830 4373 933 4436 nos
961 4384 1261 4440 invenietur
1291 4406 1305 4439 :
1338 4404 1479 4444 nunc
1503 4391 1646 4444 enim

97 4454 206 4550 salis
228 4457 357 4515 bene
394 4466 574 4532 agitur
597 4505 612 4530 ,
659 4468 704 4520 si
735 4470 853 4537 quis
883 4473 967 4527 vel
1013 4473 1065 4527 in
1098 4477 1338 4545 pecuniis
1372 4480 1645 4550 quidpiam

96 4541 368 4603 detrimenti
396 4552 550 4609 lerat.
580 4557 652 4611 Ae
673 4574 802 4614 sane
827 4560 877 4613 in
912 4541 1152 4632 pecuniis
1178 4541 1645 4638 quoque-prsticla-

97 4646 192 4689 tum
223 4637 286 4693 de
314 4636 422 4697 illis'
449 4648 814 4704 testimonium
852 4652 944 4706 dat
994 4636 1233 4712 Paulus:
1268 4636 1391 4712 nam
1416 4636 1485 4716 de
1526 4662 1645 4718 aliis

96 4727 279 4790 quidem
324 4734 395 4787 ita
440 4736 605 4803 dicit,
642 4738 894 4811 Rapina»:
940 4745 1184 4801 bonorum
1214 4761 1492 4804 vestrorum
1533 4770 1648 4806 cmn

94 4818 252 4908 gaudia
272 4827 564 4896 suscepistis
598 4829 779 4900 (Ilelvr.
819 4836 901 4890 l0.
929 4836 1022 4907 5i)
1048 4856 1061 4903 ;
1088 4839 1156 4895 de
1181 4842 1302 4895 aliis
1326 4859 1476 4908 vero,
1511 4842 1645 4898 Pro-

94 4902 302 4965 bmrunt
333 4915 640 4973 Macedonia
662 4933 709 4975 et
736 4926 931 4980 Achaia
954 4931 1274 4985 collationem
1311 4935 1535 5005 aliquam
1562 4939 1645 5007 [u-

94 5010 183 5051 cm
206 5002 253 5054 in
290 5023 542 5079 pauperes
580 5013 759 5081 (Rom.
792 5020 877 5074 15.
906 5020 1039 5093 26);
1083 5036 1139 5079 et
1177 5002 1414 5093 iterum,
1468 5002 1646 5083 Vestra

92 5093 311 5190 a-iusltnio
345 5106 637 5166 prouocarit
664 5107 910 5178 plurimos
937 5113 1014 5183 (2.
1046 5114 1165 5172 Cor.
1196 5117 1249 5174 9.
1279 5119 1357 5190 2).

149 5182 193 5236 ι.
232 5185 392 5245 Vides
441 5194 587 5250 illius
628 5204 887 5271 temporis
925 5182 1157 5263 virorum
1203 5182 1490 5270 eucomia?
1532 5216 1641 5273 Nos

94 5282 278 5377 Vero-ne
300 5282 370 5337 ad
393 5285 578 5357 alapas
606 5292 821 5360 quidem
848 5306 896 5350 et
932 5300 1111 5369 plagas
1139 5318 1305 5374 usque
1328 5307 1640 5377 sapientiam

94 5369 410 5467 adhibemus:
441 5380 550 5434 imo
570 5395 675 5440 non
697 5390 1102 5461 contumeliam,
1135 5369 1240 5450 non
1291 5369 1636 5467 pecuniarum

91 5456 313 5523 iacturam
354 5468 600 5529 ferimus.
627 5473 705 5530 llli
738 5477 849 5545 jam
874 5495 1064 5537 omnes
1087 5456 1429 5545 :emulaiores
1450 5503 1603 5547 erant
1622 5536 1637 5559 ,

92 5561 133 5600 tu
156 5566 399 5621 martyres
430 5560 483 5614 in
518 5574 793 5622 certamen
824 5568 1250 5638 descendentes;
1280 5594 1379 5634 nos
1402 5597 1529 5635 vero
1553 5598 1644 5637 ca-

95 5640 268 5700 ritatem
308 5649 363 5704 in
411 5649 683 5710 Christum
733 5660 1187 5730 relrigeravimus.
1231 5667 1439 5725 Rursus
1478 5688 1642 5742 cogor

96 5745 374 5829 Prusentem
407 5760 587 5801 rerum
619 5755 819 5805 statum
849 5767 1126 5810 accusare.
1159 5758 1224 5813 Et
1246 5761 1372 5829 quid
1406 5762 1642 5818 faciam?

96 5825 251 5887 nollem
274 5835 517 5905 quidem,
542 5837 638 5894 sed
678 5840 834 5911 plane
854 5858 1037 5915 cogor.
1067 5838 1198 5905 Nam
1222 5825 1279 5906 si
1296 5852 1409 5908 lteri
1432 5866 1635 5928 posset,

1007 442 1073 501 ev
1113 444 1323 503 erm.
1362 443 1455 500 ao
1493 440 1781 499 ruturr.
1820 440 1974 500 car.
2017 445 2056 499 ι.
2100 445 2329 504 uouit.
2371 449 2458 506 tv.

3274 462 3387 518 suo

1795 564 1854 610 ut
1882 558 2110 615 tacendo
2132 600 2150 625 ,
2182 578 2282 618 nec
2306 564 2593 635 quidquam
2630 582 2696 623 es
2729 568 2796 624 iis
2825 586 2944 640 qua:
2970 582 3120 641 gesta
3158 572 3385 630 fuissent

1797 652 2297 719 commemorando,
2340 654 2554 709 silentio
2596 658 2712 725 ipso
2742 700 2758 723 .
2799 674 2863 715 ea
2900 676 3022 731 qua:
3064 673 3326 731 geruntur
3351 681 3384 720 e

1795 737 1975 794 mcdio
2006 741 2360 812 tollerentur,
2393 748 2674 804 tacendum
2717 760 2865 807 certe
2888 763 3007 808 erat
3035 771 3049 807 :
3078 756 3161 808 sin
3199 764 3379 813 autem

1793 838 1980 883 contra
2012 829 2090 896 tit,
2121 841 2177 886 et
2205 834 2364 889 nobis
2389 837 2688 892 tacentibus
2716 857 2820 893 non
2853 841 3016 899 modo
3040 858 3149 899 non
3184 847 3383 900 tollun-

1794 929 1904 984 tur,
1934 920 2031 974 sed
2068 924 2315 992 graviora
2338 926 2499 981 etiam
2532 926 2664 981 llum
2686 969 2703 995 ,
2743 930 3032 987 dicendum
3074 937 3380 989 necessario

1791 1020 1894 1065 est.
1925 1011 2059 1067 Nam
2083 1015 2173 1084 qui
2203 1026 2417 1084 peccata
2449 1029 2685 1083 accusat,
2720 1032 2777 1074 ut
2804 1022 2937 1096 nihil
2965 1023 3106 1077 aliud
3138 1035 3377 1093 prarstet,

1792 1111 1940 1157 certe
1966 1102 2177 1175 longius
2202 1106 2294 1162 ille
2331 1109 2577 1178 progredi
2609 1125 2718 1165 non
2759 1096 2908 1166 sinit.
2941 1113 3094 1167 Nulla
3125 1116 3269 1169 enim
3296 1126 3379 1170 ειμι

1792 1200 1900 1247 tam
1944 1193 2227 1264 impudens
2254 1197 2431 1253 anima
2462 1214 2526 1253 ac
2554 1200 2837 1255 temeraria
2866 1242 2883 1266 ,
2913 1219 3033 1272 qua:
3078 1205 3124 1258 si
3162 1205 3377 1261 assidue

1790 1298 1850 1338 se
1878 1284 2199 1353 reprehendi
2227 1288 2443 1355 audiat,
2475 1305 2580 1344 non
2611 1291 2950 1346 sull’undatur
2985 1293 3186 1362 pudore
3211 1336 3227 1360 ,
3268 1312 3374 1350 non

1788 1376 2029 1430 remittat
2072 1376 2274 1447 aliquid
2318 1379 2387 1434 tle
2432 1394 2637 1434 summa
2686 1383 2772 1437 illa
2818 1382 3182 1453 improbitate.
3233 1385 3377 1442 Inest

1788 1465 1968 1533 enim,
2013 1468 2152 1530 inest
2191 1469 2353 1523 etiam
2399 1470 2452 1525 in
2501 1471 2903 1541 impudentibus
2940 1475 3212 1545 paululum
3244 1478 3372 1548 quid

1785 1558 2123 1614 verecundia:
2152 1578 2165 1615 :
2192 1572 2395 1615 natum
2416 1563 2559 1617 enim
2586 1574 2783 1619 nostra:
2806 1565 2948 1619 Deus
2969 1566 3085 1635 ipse
3112 1568 3370 1638 pudorem

1785 1646 2000 1704 insevit.
2046 1638 2512 1723 Etenim'quando
2559 1670 2664 1709 non
2704 1656 2836 1710 satis
2864 1666 3069 1727 poterat
3103 1659 3264 1713 timor
3300 1659 3370 1714 ad

1783 1755 1884 1795 nos
1909 1744 2332 1813 eotnponeudos,
2365 1746 2561 1801 multas
2598 1747 2733 1802 alias
2763 1765 2868 1803 non
2901 1751 3174 1821 peccando
3201 1757 3371 1806 ratio-

1784 1846 1879 1887 nes
1903 1836 2183 1904 apparavit
2214 1852 2228 1889 :
2256 1846 2312 1890 ut
2343 1838 2788 1908 reprehensiones
2820 1840 3095 1896 hominum
3115 1883 3130 1907 ,
3165 1853 3367 1899 metum

1782 1921 2135 1979 humanarum
2186 1926 2383 1997 legum.
2433 1942 2672 1984 amorem
2716 1931 2903 2002 gloria:
2932 1974 2948 1996 ,
3003 1934 3365 1990 amicitiarum

1779 2014 2039 2070 studium.
2066 2016 2259 2074 Omnia
2286 2020 2429 2074 enim
2461 2019 2577 2077 lucc
2604 2037 2670 2076 eo
2697 2037 2797 2077 nos
2823 2023 3116 2089 adducunt,
3149 2034 3207 2079 ut
3238 2042 3365 2096 pec-

1776 2106 2006 2161 candum
2032 2123 2138 2163 non
2161 2118 2423 2179 putemus.
2452 2111 2607 2183 Saepe
2630 2113 2774 2168 enim
2801 2130 2922 2185 qua:
2947 2125 3164 2185 propter
3192 2117 3356 2173 Deum

1776 2197 1999 2254 minime
2028 2199 2248 2266 ﬁebant,
2281 2198 2504 2274 propter
2528 2203 2786 2273 pudorem
2818 2214 2942 2261 sunt
2969 2204 3105 2260 facta
3126 2224 3143 2273 ;
3168 2216 3220 2260 et
3242 2225 3363 2278 qua:

1776 2287 1870 2343 Dei
1896 2304 2080 2357 causa,
2111 2299 2171 2345 ut
2196 2292 2421 2347 velimus
2451 2308 2554 2347 non
2583 2293 2921 2361 adducimur,
2950 2311 3011 2350 ea
3043 2298 3233 2351 timore
3266 2298 3365 2352 bo-

1774 2380 1978 2435 minum
2006 2382 2349 2451 suscipimus.
2378 2383 2529 2452 Quod
2556 2387 2699 2440 enim
2732 2388 2950 2455 petitur,
2980 2387 3082 2442 hoc
3101 2398 3184 2442 est
3208 2430 3221 2453 ,
3253 2392 3363 2459 pri-

1774 2489 1921 2528 mum
1944 2516 1961 2539 ,
1991 2484 2049 2548 ut
2069 2474 2340 2531 discamus
2368 2492 2474 2531 non
2520 2494 2747 2548 peccare
2772 2494 2789 2543 ;
2820 2479 3016 2535 deinde
3062 2497 3189 2535 vero
3228 2483 3360 2538 illud

1773 2564 1956 2630 etiam,
1991 2575 2047 2618 ut
2070 2565 2162 2620 Dei
2190 2582 2348 2621 causa
2378 2570 2478 2622 hoc
2508 2585 2749 2639 agamus,
2774 2586 3185 2640 consequemur.
3213 2574 3365 2627 Alio~

1770 2656 1860 2725 qui
1903 2656 2031 2725 quid
2062 2672 2240 2711 caustn
2285 2658 2506 2722 [ιιίεευι.
2534 2676 2630 2714 cur
2662 2661 2860 2715 Paulus
2885 2678 2978 2717 eos
2998 2702 3015 2728 ,
3047 2665 3241 2732 quibus
3265 2682 3357 2720 su-

1774 2748 1990 2815 perandi
2014 2749 2306 2803 adversarii
2338 2766 2429 2819 per
2453 2751 2762 2819 patientiam
2781 2762 2955 2816 erant,
2982 2769 3085 2807 neu
3108 2771 3137 2807 a
3166 2755 3358 2810 timore

1774 2838 1868 2892 Dei
1897 2839 2251 2905 cohortatur,
2299 2842 2392 2895 sed
2436 2843 2579 2907 inde,
2608 2844 2749 2913 quod
2795 2845 3118 2915 suppbcium
3147 2848 3216 2901 de
3254 2849 3357 2901 ιιΙίιι

1770 2929 2034 2997 sumpturi
2064 2932 2289 2985 eSseut?
2324 2930 2437 2985 Hoc
2464 2933 2595 2985 enim
2621 2934 2816 3003 faciens
2838 2975 2853 2998 ,
2886 2938 3089 3005 inquit,
3118 2938 3356 2992 carbones

1767 3019 1899 3088 ignis
1925 3037 2165 3091 congere:
2192 3039 2343 3093 super
2368 3033 2518 3091 caput
2544 3024 2653 3095 ejus
2683 3025 2856 3095 (Rom.
2888 3026 2974 3081 12.
3005 3027 3120 3092 ΞΟ).
3149 3028 3352 3084 Interea

1768 3111 1915 3163 enim
1968 3111 2105 3165 hanc
2146 3115 2577 3182 progressionem
2642 3115 2754 3169 ﬁeri
2806 3117 2916 3170 vult
2960 3118 3024 3170 ad
3078 3118 3350 3173 virtutem.

1769 3200 1909 3255 Inest
1937 3202 2098 3271 igitur
2120 3244 2133 3265 ,
2162 3204 2302 3273 quod
2328 3215 2481 3258 antea
2526 3207 2769 3262 dicebam
2799 3249 2812 3271 ,
2862 3210 2913 3262 in
2969 3211 3137 3274 nobis
3166 3212 3350 3265 nescio

1766 3292 1892 3361 quid
1917 3296 2207 3349 verecundi
2238 3336 2255 3360 ,
2290 3297 2561 3367 multaque
2602 3301 2861 3353 naturalia
2912 3302 3168 3356 habemus
3211 3304 3348 3359 bona

1763 3383 1830 3436 ad
1864 3384 2113 3439 virtutem
2144 3403 2158 3438 :
2192 3387 2423 3456 evetnpli
2456 3402 2645 3453 causa,
2682 3390 2746 3443 ad
2780 3392 3199 3448 mist-ricordiam
3226 3410 3347 3450 ont-

1766 3488 1861 3526 ncs
1890 3487 1919 3526 a
1963 3484 2149 3528 natura
2182 3491 2495 3542 metemur,
2533 3493 2630 3533 nec
2660 3480 2947 3549 quidquam
2986 3485 3127 3537 aliud
3164 3487 3213 3538 in
3248 3503 3347 3540 na-

1764 3571 1881 3618 tura
1912 3576 2093 3619 nostra
2125 3582 2277 3636 teque
2307 3568 2504 3622 bomnn
2541 3581 2621 3624 est
2647 3581 2806 3640 atque
2834 3572 2956 3627 hoc.
2986 3574 3344 3642 Quamobrem

1752 3658 1956 3719 merito
1985 3660 2144 3713 etiam
2173 3661 2432 3729 quispiam
2455 3664 2744 3730 quaesierit,
2779 3682 2936 3732 quam
2961 3667 3029 3719 ob
3053 3684 3267 3723 cauSam
3292 3670 3345 3724 id

1760 3750 2096 3819 potissimum
2129 3762 2325 3805 nostra:
2349 3762 2552 3807 natura:
2582 3756 2649 3808 sit
2680 3756 2919 3821 insitum,
2954 3766 3010 3812 ut
3040 3758 3346 3828 frangantur

1761 3843 2051 3916 lacrymis,
2081 3844 2359 3899 ﬂectamnr
2405 3854 2459 3899 et
2502 3844 2568 3899 ad
2619 3848 2953 3902 miscriCordi
2993 3866 3042 3903 ιιι
3094 3855 3343 3920 propensi

1760 3936 1951 3989 simus.
1982 3936 2151 3991 Nemo
2192 3946 2381 3991 natura
2423 3947 2669 3992 strenuus
2697 3951 2777 3993 est
2803 3982 2817 4002 ,
2863 3958 3021 3995 uerno
3060 3955 3247 3999 natura
3279 3946 3347 3999 ab

1759 4027 1933 4081 inanis
1962 4028 2145 4096 gloria:
2171 4027 2463 4096 cupiditate
2488 4028 2625 4083 liber
2644 4072 2656 4094 ,
2690 4047 2848 4084 nemo
2878 4041 3062 4086 natura
3095 4038 3343 4103 superior

1758 4119 2101 4173 mmulatione
2134 4137 2147 4173 :
2175 4119 2270 4173 scd
2300 4120 2539 4175 misereri
2571 4122 2820 4177 omnibus
2845 4138 2875 4177 a
2904 4136 3090 4179 natura
3120 4126 3343 4182 indittuu
3376 4162 3384 4169 υ

1757 4218 1861 4275 est,
1884 4211 2228 4280 quantumvis
2256 4211 2488 4265 crudelis
2515 4212 2597 4266 sit~
2628 4214 2747 4283 quis
2786 4224 2840 4269 et
2884 4230 3076 4271 sawus.
3112 4218 3177 4272 Et
3216 4218 3343 4289 quid

1758 4301 1975 4366 mirum,
2006 4300 2049 4354 si
2090 4315 2211 4371 erga
2256 4299 2500 4354 homines
2533 4303 2669 4356 hanc
2713 4306 3124 4373 propensionem
3154 4316 3343 4362 ostru-

1757 4391 1989 4445 damttsl
2017 4392 2250 4447 ferarum
2272 4393 2431 4447 etiam
2458 4393 2777 4449 miserentur
2801 4413 2813 4447 :
2842 4395 2977 4450 adeo
3001 4398 3155 4451 nobis
3178 4399 3341 4454 indita

1757 4492 1840 4537 est
1886 4482 2272 4538 misericordia.
2322 4482 2418 4537 Vel
2472 4484 2639 4538 leonis
2687 4487 2919 4540 catulum
2977 4489 3341 4557 aspicientes,

1756 4574 2000 4629 nonnihil
2026 4588 2429 4628 commoventur
2462 4592 2475 4627 :
2510 4583 2711 4644 quanto
2740 4577 2899 4647 igitur
2926 4579 3095 4650 magis
3114 4597 3238 4650 erga
3264 4583 3339 4647 id.

1753 4667 1895 4737 quod
1919 4668 2158 4735 ejusdem
2191 4668 2467 4722 nobiscum
2494 4670 2706 4738 generis
2736 4681 2816 4724 est
2840 4672 2863 4724 ?
2892 4673 3020 4727 llcm
3054 4686 3185 4744 quot
3209 4679 3338 4732 caci

1754 4770 1807 4814 et
1826 4760 2143 4830 corporibus
2163 4760 2440 4823 mutilatis.
2466 4776 2607 4830 szrpe
2627 4762 2879 4826 dicimus,
2904 4780 3007 4819 non
3033 4767 3341 4835 ignorantes

1755 4855 1808 4909 id
1837 4855 1968 4909 satis
1996 4864 2175 4925 aptum
2203 4868 2356 4920 esse,
2388 4853 2528 4925 quod
2569 4868 2667 4909 nos
2696 4853 2761 4908 ad
2791 4856 3214 4911 misericordiam
3236 4863 3332 4917 ad-

1752 4945 1930 4999 ducat.

1828 5034 1976 5088 Nihil
2001 5048 2141 5103 atque
2175 5034 2335 5087 Deum
2359 5034 2572 5088 delectat
2601 5045 2653 5087 ut
2683 5036 3026 5090 misericordia
3055 5048 3104 5090 et
3124 5038 3339 5094 elerum-

1750 5142 1900 5195 syna.
1923 5155 1994 5165 -—
2013 5125 2150 5179 Nihil
2194 5140 2345 5195 teque
2372 5126 2537 5179 Deum
2568 5126 2831 5193 delectat,
2866 5139 2918 5181 ut
2946 5130 3334 5187 misericordia.

1750 5219 2107 5287 Quamobrem
2139 5218 2446 5273 sacerdotes
2465 5258 2480 5282 ,
2512 5233 2684 5286 rcges,
2713 5221 2987 5287 preplietm
3016 5222 3135 5274 oleo
3165 5237 3333 5291 unge-

1751 5311 1944 5365 batitur
1972 5320 1987 5363 ':
2016 5311 2190 5365 oleum
2222 5309 2363 5363 enim
2403 5324 2500 5377 pro
2532 5308 2777 5378 symbolo
2820 5310 2911 5362 Dei
2951 5312 3335 5368 miseriCordize

1751 5403 2037 5457 habebant.
2060 5402 2323 5457 Prmtcrca
2354 5398 2634 5454 discebant
2664 5399 2711 5450 in
2746 5399 2984 5468 principe
3016 5402 3133 5469 plus
3170 5408 3334 5457 tnise.

1751 5493 1996 5548 ricordiae
2020 5492 2214 5561 requiri
2247 5509 2261 5545 :
2287 5490 2413 5544 item
2438 5489 2819 5543 ostendebatur
2840 5491 3083 5557 Spiritum
3116 5508 3332 5563 propter

1750 5584 2170 5639 misericordiam
2191 5592 2468 5637 venturum
2490 5596 2606 5635 esse
2639 5583 2688 5635 in
2714 5581 3004 5635 hominem.
3028 5585 3167 5639 heus
3185 5590 3328 5642 enim

1750 5675 2026 5729 hominum
2067 5674 2374 5737 miseretur,
2404 5682 2458 5727 et
2486 5672 2715 5742 benigne
2742 5689 2861 5726 cum
2906 5675 3034 5743 ipsis
3058 5679 3165 5745 agit
3191 5696 3203 5729 :
3236 5679 3338 5729 Mi-

1748 5767 1925 5821 sereris
1949 5765 2082 5818 enim
2122 5765 2342 5818 omnium
2363 5805 2378 5829 ,
2408 5764 2607 5833 inquit,
2640 5766 2756 5833 quia
2784 5764 2953 5816 nuntia
2984 5777 3125 5831 potes
3167 5768 3323 5837 (δίῳ.

1749 5858 1836 5914 ll.
1864 5856 1980 5929 ει).
2010 5857 2295 5925 Propterea
2320 5856 2438 5911 oleo
2468 5857 2876 5925 iuungebantur.
2910 5855 3041 5909 Nam
3073 5869 3124 5911 et
3151 5874 3328 5915 sacer-
