4064 6318
700 415 795 470 911

704 527 906 580 dolium
939 524 1202 593 ipsnures
1227 521 1596 577 misericordia
1623 520 1870 574 instituit.
1901 519 2092 572 Verum
2124 530 2276 582 rcges

705 622 864 670 etiam
886 617 1007 671 oleo
1040 614 1448 686 inungebanlur.
1468 613 1536 667 Et
1555 613 1598 667 si
1620 613 1739 682 quis
1762 610 2049 681 principem
2077 606 2277 671 laudet,

705 709 834 763 nihil
861 706 1002 776 quod
1032 722 1183 776 teque
1210 707 1382 776 ipsum
1411 703 1597 785 deceat
1622 702 1834 765 sileret,
1866 714 1929 754 ac
1975 699 2280 753 miscricor-

703 799 844 852 diam
872 817 884 851 :
917 798 1246 868 principatus
1260 798 1401 851 enim
1433 796 1706 866 proprium
1725 790 2280 858 estmisereri.Cogita

705 905 772 942 ex
814 888 1177 942 misericordia
1218 902 1338 943 esse
1365 887 1636 942 conditum
1669 884 1961 948 mundum,
1990 892 2043 936 et
2072 882 2287 935 imitari!

711 979 1322 1043 DomiuumJliseratio,
1358 978 1548 1047 inquit,
1574 977 1788 1030 hominis
1823 977 1955 1027 circa
1998 972 2282 1042 proximum

706 1087 855 1125 suum
872 1086 887 1122 :
907 1069 1248 1123 misericordia
1263 1080 1428 1122 autem
1451 1067 1542 1121 Dei
1556 1084 1707 1136 super
1721 1081 1916 1119 onmem
1932 1079 2131 1125 carnem
2157 1058 2283 1130 (Ec-

707 1163 790 1214 eli.
809 1160 1009 1228 l8.12).
1025 1160 1324 1226 QuomOdo,
1343 1160 1512 1230 Super
1528 1173 1728 1211 onmem
1749 1154 1990 1210 carnem?
2011 1153 2136 1208 Sive
2160 1165 2284 1219 pec-

710 1261 942 1316 cat0res,
972 1251 1082 1303 sive
1108 1250 1284 1320 justos
1313 1249 1596 1318 protuleris
1621 1287 1637 1312 ,
1667 1261 1855 1300 omnes
1876 1258 2096 1314 egemus
2122 1242 2285 1296 mise-

712 1341 937 1395 ricordia
961 1342 1073 1406 Dei,
1097 1357 1283 1412 omnes
1306 1341 1418 1409 ip-a
1442 1340 1686 1402 fruimur,
1711 1335 1822 1390 sive
1843 1337 1958 1405 ipse
1977 1336 2045 1387 sit
2071 1332 2284 1391 Paulus.

713 1435 826 1487 sive
850 1435 1056 1495 Petrus,
1081 1434 1193 1486 sive
1213 1432 1465 1486 Joannes.
1493 1432 1663 1498 Atque
1683 1428 1804 1483 audi
1829 1427 2062 1495 ipsorum
2085 1422 2245 1477 verba
2272 1439 2285 1475 :

714 1525 840 1593 quid
868 1527 1008 1577 enim
1039 1526 1234 1578 nostris
1255 1539 1388 1590 opus
1409 1525 1531 1575 est?
1569 1520 1702 1588 Quid
1735 1521 1892 1588 igitur
1913 1517 2076 1585 inquit
2106 1515 2292 1568 beatus

717 1615 841 1667 hic?
863 1611 966 1667 Sed
991 1614 1384 1666 misericordiam
1406 1622 1739 1680 consequutus
1760 1601 1888 1670 sum,
1911 1609 2028 1677 quia
2052 1607 2294 1675 ignorans

717 1706 815 1775 feci
845 1705 931 1772 (1.
959 1688 1098 1757 τεω.
1135 1705 1183 1758 1.
1219 1704 1342 1773 15).
1388 1702 1523 1767 Quid
1552 1702 1723 1768 ergo?
1751 1709 1928 1766 postea
1966 1713 2070 1750 non
2105 1697 2294 1763 egebat

719 1794 1083 1848 misericordia
1106 1793 1130 1845 ?
1159 1794 1292 1846 Audi
1318 1792 1440 1861 quid
1464 1793 1604 1845 dicat
1629 1808 1643 1842 :
1675 1788 2024 1841 Abundantius
2053 1787 2155 1838 illis
2181 1800 2282 1836 ont-

719 1888 864 1938 nibus
893 1884 1118 1938 laborari
1142 1925 1156 1946 ,
1189 1901 1289 1937 non
1327 1900 1416 1952 ego
1444 1892 1610 1934 autem
1628 1924 1640 1944 ,
1675 1881 1762 1934 sed
1788 1880 1951 1949 gratia
1980 1877 2075 1930 Dei
2104 1891 2294 1930 mecum

723 1979 798 2050 (l.
832 1977 952 2032 Cor.
988 1979 1074 2032 l5.
1105 1976 1224 2048 10);
1259 1992 1321 2030 ac
1349 1991 1535 2029 rursus
1573 1974 1638 2027 de
1676 1972 2040 2041 Epaphrodito
2085 1969 2294 2037 inquit,

724 2070 864 2123 Nam
891 2081 935 2122 et
977 2071 1258 2137 inﬁrmatus
1287 2078 1358 2121 est
1389 2083 1542 2136 usque
1565 2067 1630 2117 ad
1664 2073 1866 2117 mortem
1888 2104 1900 2123 ,
1929 2062 2016 2115 sed
2049 2060 2181 2113 Dens
2206 2060 2298 2111 mi-

722 2174 881 2218 sertus
909 2171 991 2214 est-
1012 2162 1138 2228 ejus,
1171 2176 1270 2212 non
1300 2158 1463 2212 solum
1491 2165 1654 2209 autent
1681 2156 1790 2224 eius
1812 2195 1827 2218 ,
1861 2169 2031 2207 verum
2059 2152 2210 2202 etiam
2251 2159 2300 2204 et

726 2255 824 2306 mei
845 2294 858 2311 .
891 2269 953 2304 ne
978 2236 1233 2303 tristitiam
1268 2265 1424 2317 super
1446 2247 1703 2299 tristitiam
1745 2243 1974 2296 haberem
2020 2241 2038 2308 (
2065 2237 2296 2308 Philipp.

724 2343 780 2396 2.
811 2343 936 2410 27):
968 2352 1019 2394 et
1049 2353 1233 2393 rursus
1256 2380 1271 2403 ,
1304 2337 1534 2400 Cratvati,
1569 2335 1771 2406 inquit,
1802 2349 1976 2388 sumus
2001 2348 2158 2400 supra
2187 2345 2301 2381 mo-

728 2434 869 2489 dum.
897 2435 969 2482 ita
996 2440 1046 2481 ut
1076 2429 1278 2481 twderet
1303 2439 1394 2480 nos
1420 2430 1565 2478 etiam
1592 2427 1772 2478 vivere.
1808 2423 1912 2478 Sed
1939 2423 2036 2492 ipsi
2062 2420 2304 2486 innabis-

729 2524 956 2591 metipsis
995 2536 1290 2590 responsum
1336 2519 1509 2571 mortis
1558 2516 1821 2570 habuimus
1846 2557 1859 2578 ,
1913 2523 1968 2566 ut
2007 2530 2105 2565 non
2148 2513 2305 2564 simus

730 2615 939 2684 ﬁdentes
961 2615 1011 2665 in
1052 2610 1226 2672 nobis,
1266 2611 1355 2663 sed
1391 2610 1441 2660 in
1483 2607 1592 2662 Deo
1615 2649 1628 2671 ,
1671 2606 1756 2676 qui
1782 2606 1844 2658 de
1882 2605 2034 2656 tantis
2063 2601 2305 2654 mortibus

729 2706 913 2774 eripuit
945 2721 1052 2766 nos,
1079 2713 1130 2755 et
1153 2701 1327 2769 eripiet
1349 2699 1427 2767 (2.
1447 2697 1565 2752 Cor.
1599 2699 1644 2752 1.
1675 2699 1729 2751 8.
1750 2695 1912 2764 9—10)
1941 2711 1956 2758 ;
2001 2701 2056 2748 ct
2079 2707 2265 2746 rursus
2288 2732 2304 2755 ,

734 2795 996 2850 Liberatus
1026 2810 1134 2845 sum
1161 2793 1223 2845 de
1249 2808 1334 2843 ore
1357 2792 1516 2843 leonis
1541 2830 1555 2851 ,
1603 2799 1649 2841 et
1685 2788 1909 2842 liberavit
1952 2801 2031 2837 me
2062 2783 2308 2837 Dominus

734 2887 814 2954 (Ξ.
844 2884 975 2939 Tim.
1000 2885 1063 2953 4.,
1092 2884 1173 2937 17.
1205 2881 1318 2948 18).
1350 2883 1523 2949 Atque
1545 2881 1741 2946 ubique
1772 2879 1939 2946 ipsum
1973 2876 2308 2929 Inveniemus
2379 2882 2384 2884 ’

735 2977 788 3032 id
815 2976 1128 3046 gloriantem
1151 3013 1167 3039 ,
1200 2972 1340 3042 quod
1362 2969 1737 3024 -tniseriCordia
1773 2968 1998 3023 Salutem
2023 2966 2093 3020 sit
2121 2979 2310 3019 conse-

735 3078 949 3138 quutus.

807 3160 861 3212 5.
892 3158 1048 3228 Atqui
1096 3157 1284 3211 Petrus
1321 3153 1504 3217 etiam,
1551 3167 1616 3207 eo
1638 3150 1778 3221 quod
1821 3150 1873 3203 in
1903 3149 2074 3219 ipsum
2103 3147 2313 3202 miscri-

737 3250 914 3304 cordia
948 3248 1135 3301 fuisset
1159 3244 1430 3308 adhibita,
1469 3241 1588 3296 talis
1633 3248 1765 3294 erat.
1801 3238 1937 3293 Audi
1980 3245 2122 3292 enim
2151 3238 2303 3291 Chri-

739 3354 878 3398 stum
906 3343 1008 3394 boc
1037 3338 1136 3408 ipsi
1160 3336 1337 3390 verbis
1367 3335 1472 3388 illis
1499 3331 1886 3401 signiﬁcantem
1913 3347 1927 3384 :
1957 3328 2086 3382 Ecce
2106 3337 2313 3381 satanas

741 3431 976 3501 expetivit
1006 3445 1092 3482 vos
1124 3435 1175 3478 ut
1207 3425 1449 3478 cribraret
1485 3423 1613 3476 sicut
1644 3421 1862 3473 triticum
1884 3433 1903 3482 ,'
1923 3434 2014 3487 ego
2041 3426 2208 3469 autent
2231 3433 2316 3470 νου

740 3523 853 3594 gari
874 3538 965 3590 pro
989 3514 1056 3583 te;
1081 3527 1250 3569 utnon
1279 3515 1482 3582 deﬁciat
1506 3511 1632 3578 ﬁdes
1658 3521 1742 3563 tua
1773 3509 1918 3579 (Luc.
1940 3508 2030 3562 92.
2057 3508 2144 3562 51.
2173 3506 2242 3559 52
2273 3508 2310 3574 ).

743 3615 810 3671 Et.
831 3613 1063 3666 Joannes
1090 3605 1453 3661 misericordia
1487 3603 1604 3656 talis
1633 3612 1744 3654 erat
1771 3615 1785 3664 ;
1815 3609 1970 3668 atque
1994 3613 2181 3652 omnes
2201 3613 2316 3648 om-

748 3706 877 3759 nino
907 3699 1156 3770 apostoli.
1207 3694 1345 3751 Audi
1374 3695 1513 3746 enim
1543 3691 1668 3761 quid
1695 3690 1938 3744 Christus
1963 3689 2138 3742 dicat:
2195 3685 2316 3738 Non

747 3812 830 3850 vos
852 3810 930 3846 me
953 3791 1189 3861 elegistis,
1216 3790 1304 3842 sed
1328 3803 1420 3856 ego
1445 3784 1571 3854 elegi
1599 3800 1684 3837 vos
1707 3782 1884 3853 (Joan.
1914 3782 2000 3836 15.
2026 3781 2094 3835 16
2120 3779 2160 3850 ).
2192 3779 2319 3832 0m-

746 3902 842 3942 ncs
888 3884 1030 3937 enim
1078 3893 1298 3949 egemus
1347 3874 1711 3930 misericordia
1769 3872 1895 3926 Dei:
1968 3870 2318 3924 Misericordia

745 3977 877 4032 enim
913 3973 1008 4028 Dei
1034 4012 1048 4033 .
1084 3969 1256 4038 inquit
1278 4007 1293 4028 ,
1329 3981 1479 4034 super
1494 3972 1691 4016 omnem
1719 3977 1944 4014 carnem.
1980 3961 2129 4026 Quod
2159 3962 2202 4013 si
2230 3962 2317 4014 isti

747 4078 959 4136 quoque
997 4060 1225 4128 egebant
1265 4053 1635 4110 misericordia
1668 4051 1790 4116 Dei,
1839 4052 1963 4128 quid
2013 4051 2223 4104 tandem
2254 4052 2322 4105 de

747 4154 957 4213 exteris
982 4149 1266 4205 dicendum
1295 4145 1432 4202 erit?
1456 4143 1654 4212 Ecquid
1685 4143 1825 4197 enim
1856 4141 2018 4206 aliud,
2044 4142 2128 4195 dic
2157 4140 2317 4203 mihi,

702 4281 714 4290 -
748 4260 923 4301 causa:
951 4251 1052 4304 est,
1081 4254 1177 4293 cur
1201 4237 1371 4291 solem
1415 4233 1608 4288 cxnriri
1657 4230 1816 4286 faciat
1846 4245 2009 4300 super
2049 4229 2221 4283 malos
2267 4237 2322 4283 et

751 4337 961 4395 bonos?
986 4332 1164 4402 Quid?
1184 4330 1228 4384 si
1251 4333 1413 4383 unum
1440 4326 1717 4380 dumtaxat
1736 4339 1935 4376 atnnnn
1968 4321 2194 4390 pluviam
2225 4335 2322 4376 co-
2399 4331 2403 4336 '

752 4430 1052 4487 bibuisset,
1084 4434 1262 4476 nonne
1291 4432 1481 4472 omnes
1519 4413 1875 4486 peremisset?
1917 4412 2043 4481 quid
2073 4427 2232 4472 vero.
2277 4412 2324 4466 si

754 4522 952 4578 imbres
978 4511 1295 4570 densassctl
1318 4509 1422 4566 Sed
1444 4507 1568 4579 quid
1590 4508 1634 4561 si
1661 4506 1878 4577 pluisset
1897 4503 2107 4574 ignem?
2127 4504 2172 4558 si
2191 4517 2327 4558 mus-

752 4627 844 4669 ras
887 4606 1228 4667 immisisset;
1275 4600 1371 4657 sed
1413 4598 1540 4668 quid
1586 4598 1689 4651 hoc
1739 4595 1941 4649 adero?
1979 4594 2023 4647 si
2076 4591 2327 4648 tenebras

757 4702 1072 4761 induxisset,
1094 4693 1234 4764 quod
1255 4690 1540 4761 aliquando
1566 4688 1709 4753 fecit,
1739 4701 1914 4740 nonne
1938 4699 2125 4740 omnes
2151 4670 2328 4752 perdi-

753 4796 920 4849 disset
938 4791 963 4844 τ
981 4790 1028 4845 si
1059 4797 1255 4842 terram
1274 4781 1634 4838 concussisset
1658 4820 1672 4844 ,
1703 4793 1879 4833 nonne
1907 4776 2192 4846 periissem
2212 4789 2329 4828 om-

755 4884 891 4940 nes?
921 4879 1056 4947 Quid
1075 4885 1147 4930 est
1175 4875 1341 4935 homo,
1366 4870 1500 4941 quod
1519 4885 1706 4923 memor
1726 4885 1776 4922 es
1800 4869 1909 4937 ejus
1936 4864 2107 4937 (Psal.
2132 4864 2187 4920 8.
2213 4865 2272 4932 5)
2304 4864 2327 4918 ‘.’

754 4978 1067 5046 Opportune
1094 4983 1234 5023 nunc
1261 4966 1482 5020 dixero:
1520 4963 1576 5018 Si
1611 4963 1690 5016 vel
1722 4971 1877 5015 terrm
1908 4959 2182 5013 minitetur
2213 4963 2329 5009 tau-

752 5079 894 5130 Ium,
922 5078 1110 5119 omnes
1139 5073 1299 5114 unum
1326 5055 1626 5124 sepulcrum
1658 5053 1804 5107 ﬂent.
1838 5051 1994 5118 Quasi
2021 5049 2159 5101 stilla
2183 5061 2329 5116 aqua

757 5160 820 5213 de
859 5153 1030 5216 situla,
1060 5149 1224 5220 inquit
1252 5188 1269 5214 ,
1313 5147 1384 5198 ita
1412 5153 1580 5216 gentes
1605 5159 1772 5197 coram
1793 5142 1904 5212 ipso
1927 5156 1944 5194 :
1965 5138 2118 5210 quasi
2148 5153 2330 5208 spuma

757 5246 1143 5317 reputabuntur,
1174 5239 1317 5310 quasi
1355 5246 1655 5291 momentum
1676 5243 1875 5288 statera
1915 5229 2070 5302 (lsai.
2097 5227 2188 5282 40.
2214 5225 2325 5296 15).

757 5336 1216 5412 Quemadmodum
1236 5333 1387 5387 nobis
1412 5331 1568 5410 facile,
1591 5341 1674 5386 est
1700 5329 1950 5384 trutinam
1981 5341 2197 5381 movere
2223 5323 2328 5378 :ita

761 5407 861 5504 ipsi
892 5429 1070 5486 omnia
1101 5425 1346 5517 perdere.
1375 5437 1439 5477 ac
1467 5422 1535 5478 de
1555 5407 1764 5492 integro
1789 5421 1980 5474 lacere.
2034 5415 2137 5484 Qui
2165 5415 2328 5485 igitur

760 5534 868 5578 tam
886 5523 1052 5574 nosin
1081 5506 1174 5571 sua
1204 5523 1465 5583 potestate
1486 5511 1664 5575 habet,
1696 5524 1761 5566 ac
1780 5508 1920 5564 videt
1939 5506 2175 5577 quotidie
2204 5518 2326 5574 μου

759 5619 961 5673 cantes,
996 5620 1095 5662 nec
1119 5617 1295 5658 tamen
1328 5601 1498 5669 punit,
1526 5614 1703 5654 nonne
1725 5599 1827 5654 fert
1843 5613 1909 5652 ex
1938 5594 2328 5651 misericordia?

758 5702 866 5758 Sed
909 5699 1031 5753 vide
1062 5696 1222 5751 etiam
1263 5692 1501 5762 jumeuta
1533 5705 1629 5760 per
1670 5685 2086 5745 misericordiam
2113 5697 2235 5740 esse
2274 5693 2330 5737 et

755 5770 983 5850 servari.
1020 5786 1263 5842 [laminas
1292 5783 1457 5847 enim,
1487 5781 1679 5854 inquit,
1710 5789 1756 5837 et
1799 5782 2020 5846 iumenta
2067 5777 2284 5834 saltabis
2307 5814 2324 5843 ,

1372 410 1431 467 S.
1467 408 1744 467 JOANNIS
1771 404 2238 462 ειιιιγςιοςτυδιι
2280 400 2593 458 ARCHHZP.
2631 403 3160 460 CONSTANTINOP.

3868 405 3963 460 2Ιῖ

2392 512 2606 567 Domine
2639 516 2656 584 (
2689 513 2831 568 Psal.
2866 517 2954 570 55.
2986 516 3081 585 7
3132 517 3385 587 Respexit
3435 527 3668 585 terram,
3698 527 3756 574 et
3797 519 3956 590 ipsam
4025 521 4028 540 ³

2387 607 2624 675 implevit
2676 608 3013 662 animalibus.
3055 609 3456 676 Quamobrem?
3504 611 3734 681 PrOptor
3776 621 3863 666 te:
3917 623 3960 666 te
4030 615 4031 618 “

2388 715 2521 754 vero
2549 714 2646 753 cur
2673 697 2838 753 fecit?
2866 715 3044 753 nonne
3073 709 3291 769 propter
3313 703 3647 756 bonitatem?
3676 702 3824 756 Nihil
3850 703 3962 756 oleo

2390 792 2620 846 melius:
2655 791 2787 846 lucis
2817 805 2976 846 causa
3001 802 3082 846 est
3113 802 3163 845 et
3194 794 3264 846 ibi
3294 803 3347 846 et
3379 794 3483 847 hic.
3518 792 3662 847 Tum:
3687 794 3858 858 enim,
3886 795 3978 848 in~

2387 883 2502 949 quit
2535 881 2790 949 propheta
2817 922 2831 945 ,
2873 881 3125 934 exorietur
3150 899 3296 935 mane
3324 883 3490 937 luinen
3522 893 3663 937 tuum
3691 882 3852 951 (lsai.
3883 885 3970 950 58,

2390 969 2423 1025 8
2455 973 2492 1040 ),
2519 973 2562 1025 si
2595 974 3014 1027 misericordiam
3042 990 3164 1040 erga
3189 977 3489 1042 proximum
3518 966 3842 1047 praestiteris
3867 997 3882 1032 :
3908 993 3963 1030 ac

2392 1062 2583 1114 merito
2635 1063 2876 1129 quidem.
2928 1063 3388 1129 Quemadmodum
3443 1067 3620 1121 olemn
3664 1068 3769 1122 hoc
3800 1068 3964 1122 lucem

2395 1153 2594 1222 pnebct
2625 1155 3013 1221 navigantibus,
3047 1157 3116 1208 ita
3138 1168 3191 1209 et
3219 1157 3562 1229 eleemosyna
3583 1175 3843 1229 magnum
3869 1160 3968 1214 illic

2393 1255 2446 1298 et
2477 1244 2790 1298 admirabile
2819 1247 2972 1299 nobis
3011 1248 3234 1315 largitur
3261 1248 3462 1303 lumen.
3519 1250 3668 1305 Talis
3697 1251 3805 1305 olei
3861 1267 3966 1304 ma.

2394 1351 2548 1404 gnam
2570 1335 2728 1389 habet
2750 1337 3010 1391 rationem
3034 1338 3249 1392 Paulus:
3267 1340 3389 1393 audi
3407 1341 3548 1394 enim
3572 1343 3845 1400 interdum
3861 1345 3968 1411 qui-

2395 1428 2513 1482 dem
2563 1429 2849 1492 dicuntem,
2881 1431 3096 1483 Tantum
3138 1441 3192 1484 ut
3238 1450 3518 1503 pauperum
3545 1450 3792 1488 memores
3840 1452 3967 1489 esse-

2397 1539 2506 1573 mus
2555 1521 2695 1588 (Gal.
2721 1522 2774 1574 2.
2809 1521 2937 1591 10);
2970 1523 3232 1576 interdum
3276 1539 3438 1591 vero,
3467 1525 3528 1580 Si
3548 1527 3756 1595 dignum
3784 1527 3968 1594 fuerit,

2398 1624 2448 1662 ut
2475 1630 2564 1680 ego
2593 1613 2778 1678 eam.(l
2811 1610 3047 1690 Comiti.
3089 1615 3165 1682 ι).
3223 1612 3557 1685 Omninoque
3598 1615 3777 1684 ipsum
3830 1616 3969 1670 vides

2401 1703 2597 1770 ubique
2626 1705 2871 1757 omnibus
2900 1705 3071 1760 modis
3100 1705 3237 1759 banc
3265 1722 3378 1760 rem
3406 1707 3639 1762 sollicite
3664 1722 3880 1761 curare.
3912 1708 3970 1761 Et

2401 1807 2604 1856 rursus,
2642 1793 2851 1847 Discant
2877 1800 3102 1848 autemet
3133 1797 3290 1849 nostri
3310 1796 3453 1850 bonis
3467 1797 3709 1866 operibus
3738 1814 3970 1865 prcesse;

2401 1893 2454 1937 et
2492 1901 2675 1938 rursus
2698 1926 2709 1944 .
2773 1885 2895 1939 Iltrc
2931 1886 3062 1941 enim
3103 1898 3220 1940 sunt
3259 1887 3389 1942 bona
3429 1899 3475 1941 et
3515 1889 3662 1960 utilia
3696 1890 3973 1943 hominibus

2403 1971 2544 2042 (Tit.
2579 1975 2632 2027 5.
2667 1976 2751 2029 11.
2783 1975 2863 2045 8)
2925 1976 3061 2031 Audi
3109 1993 3237 2031 vero
3275 1987 3329 2032 et
3383 1978 3545 2032 alium
3576 1980 3864 2048 quemdam
3911 1979 3972 2034 ita

2404 2063 2668 2118 dicentem
2695 2109 2708 2128 ,
2755 2065 3085 2136 Elcemosyna
3124 2084 3155 2120 a
3197 2080 3354 2122 morte
3379 2069 3556 2123 liberat
3587 2069 3735 2139 (Tob.
3770 2069 3857 2124 li.
3887 2069 3969 2136 9);

2407 2162 2461 2206 ct
2487 2154 2666 2215 alium.
2703 2154 2764 2208 Si
2791 2156 3190 2209 misericordiam
3221 2160 3510 2224 removeris,
3532 2158 3770 2223 Domine,
3804 2158 3976 2212 Domi-

2406 2260 2484 2307 ne,
2506 2247 2616 2312 quis
2641 2247 2936 2299 sustinebit!
2961 2257 3015 2302 et
3033 2263 3238 2314 rursus,
3260 2249 3319 2302 Si
3339 2250 3514 2314 intres,
3543 2250 3735 2319 inquit,
3764 2252 3819 2303 in
3837 2253 3980 2322 judi-

2407 2335 2540 2389 cium
2600 2354 2714 2390 cum
2756 2355 2918 2391 serra.
2944 2349 3031 2392 tuo
3082 2339 3254 2412 (Psal.
3289 2339 3419 2398 199.
3451 2341 3508 2394 ὃ.
3537 2352 3586 2394 et
3613 2341 3718 2396 H3
3762 2342 3800 2395 2
3828 2346 3888 2413 );
3932 2353 3981 2397 et

2408 2427 2567 2490 alius,
2601 2426 2847 2500 Magnum
2871 2430 3114 2497 quiddam
3135 2432 3299 2491 horno,
3335 2439 3384 2482 et
3413 2430 3714 2498 pra-clarum
3741 2433 3819 2483 vir
3845 2432 3981 2483 mise-

2409 2519 2566 2571 ricors
2597 2519 2615 2587 (
2638 2517 2794 2572 Prov.
2816 2520 2907 2573 20.
2937 2520 2970 2575 6
3002 2521 3039 2588 ).
3079 2520 3188 2574 lloc
3227 2520 3368 2574 enim
3409 2529 3490 2573 est
3540 2520 3815 2576 hominem
3846 2536 3978 2584 esse,

2410 2608 2494 2663 vel
2516 2609 2691 2678 potius
2721 2608 2823 2665 hoc
2852 2619 2934 2664 est
2953 2609 3118 2664 Deum
3144 2623 3284 2674 esse,
3318 2610 3583 2665 misereri.
3604 2609 3766 2666 Vides
3792 2625 3980 2682 quanta

2413 2699 2610 2753 divina:
2647 2700 3030 2754 misericordia:
3058 2701 3128 2753 sit
3155 2700 3433 2771 potentia?
3472 2700 3598 2755 Ιιςιιθ
3620 2701 3800 2756 omnia
3831 2700 3980 2762 fecit,

2413 2790 2528 2845 hmo
2552 2790 2806 2844 mundum
2827 2791 3080 2856 condidit,
3102 2790 3216 2845 lucc
3236 2791 3454 2860 angelos
3485 2790 3645 2857 fecit;
3676 2806 3773 2860 per
3798 2791 3980 2855 solam,

2415 2882 2651 2952 inquam,
2673 2883 2986 2940 bonitatem.
3011 2882 3295 2952 Propterea
3314 2881 3455 2935 enim
3485 2881 3790 2952 gehennam
3823 2884 3983 2936 mina-

2341 3033 2344 3036 λ
2417 2983 2499 3026 tus
2525 2984 2626 3038 est,
2659 2981 2716 3027 ut
2745 2989 2968 3040 regnum
2991 2987 3369 3041 assequamur;
3399 2988 3620 3044 regnum
3647 2989 3779 3028 vero
3804 2989 3984 3028 consc-

2345 3110 2348 3113 .
2415 3066 2626 3134 (ptimur
2666 3080 2760 3134 per
2800 3064 3242 3119 misericordiam.
3274 3064 3382 3118 Cur
3406 3067 3548 3119 enim
3576 3079 3699 3119 cum
3732 3065 3885 3118 solus
3909 3079 3984 3117 es-

2417 3167 2499 3210 set
2532 3157 2703 3218 Deus,
2737 3167 2813 3209 tot
2838 3155 2968 3210 deos
3011 3155 3169 3208 lccit?
3198 3171 3375 3209 nonne
3407 3164 3623 3224 propter
3650 3154 3984 3208 bonitatem?

2421 3263 2595 3302 nonne
2620 3256 2836 3316 propter
2861 3245 3241 3315 benignitatem
3269 3253 3427 3314 atque
3454 3245 3844 3299 humanitatem
3873 3245 3895 3298 ?
3935 3243 3984 3298 Si

2419 3341 2712 3411 qumsicris.
2740 3356 2835 3394 cur
2859 3340 2980 3401 hoc,
3015 3355 3110 3391 cur
3130 3339 3256 3391 illud
3288 3336 3495 3404 fecerit,
3523 3336 3721 3407 ubique
3751 3337 3986 3390 invenies

2422 3433 2733 3487 bonitatem.
2764 3430 2944 3500 Itaque
2973 3430 3333 3499 proximorum
3362 3428 3735 3491 misereantur,
3768 3427 3988 3482 utetiam

2422 3527 2472 3580 in
2501 3541 2598 3580 nos
2625 3521 2987 3578 misericordia
3008 3521 3337 3575 adhibeatur.
3361 3518 3669 3593 Norymagis
3695 3517 3986 3585 illis,quatn

2424 3616 2576 3672 nobis
2617 3616 2746 3684 ipsis
2774 3614 3077 3682 colligimus
3109 3609 3531 3665 miscricordiam
3564 3609 3617 3662 in
3652 3607 3798 3662 diem
3829 3608 3987 3661 illum.

2425 3710 2522 3766 Ubi
2552 3709 2843 3764 vehemens
2874 3706 3032 3760 fuerit
3057 3705 3268 3758 ﬂamma
3297 3704 3454 3772 ignis,
3488 3700 3858 3757 misericordia
3889 3699 3990 3754 hac

2425 3802 2600 3872 ignem
2627 3798 2842 3870 quidem
2869 3795 3170 3865 restinguit,
3203 3794 3337 3849 lucis
3351 3800 3529 3846 autem
3549 3792 3704 3846 nobis
3720 3805 3885 3845 causa
3899 3799 3988 3843 est.

2426 3896 2499 3950 Ita
2530 3888 2686 3962 hujus
2711 3906 2873 3961 Opera
2913 3905 2942 3942 a
2969 3887 3227 3959 gehennae
3268 3885 3374 3955 igni
3416 3885 3798 3939 liberal-2mm:
3840 3893 3989 3936 exnte-

2427 3985 2615 4055 roquin
2659 3981 2801 4037 unde
2842 3997 2936 4034 sua
2989 3980 3143 4032 vobis
3177 3977 3380 4031 viscera
3407 3978 3612 4046 aperiet
3631 3975 3815 4030 Deus?
3866 3974 3991 4028 unde

2431 4074 2807 4131 miserebitur?
2842 4072 2918 4125 Ex
2937 4071 3157 4125 caritate
3178 4067 3546 4124 misericordia
3566 4067 3829 4121 exoritur.
3863 4064 3989 4119 Nihl

2427 4167 2561 4220 adeo
2589 4165 2762 4219 irritat
2793 4163 2977 4226 Deum,
3022 4151 3180 4228 atqtie
3217 4157 3697 4212 inmisericordem
3728 4171 3872 4211 esse.
3898 4153 3992 4208 0b-

2431 4260 2567 4312 latus
2592 4265 2676 4311 est
2701 4256 2749 4309 ei
2777 4253 3059 4323 quispiam,
3087 4250 3176 4321 qui
3208 4249 3395 4304 decem
3423 4248 3585 4303 millia
3619 4248 3818 4303 talenta
3845 4247 3989 4302 debe-

2432 4353 2539 4412 bat,
2564 4359 2616 4403 et
2647 4344 3009 4401 misericordia
3036 4354 3209 4397 motus
3239 4342 3477 4396 debitum
3506 4341 3750 4396 remisit:
3791 4351 3847 4395 at
3883 4355 3989 4393 cum

2434 4444 2520 4497 hic
2551 4441 2688 4496 idem
2717 4452 3036 4494 conservum
3057 4436 3126 4488 ob
3149 4433 3357 4489 debitos
3391 4434 3492 4488 sibi
3512 4442 3726 4488 centum
3752 4433 3992 4487 denarios

2433 4534 2753 4597 sull'ocaret,
2803 4539 2926 4584 tunc
2949 4527 3161 4583 tradidit
3207 4541 3329 4580 cum
3376 4510 3630 4580 Dominus
3674 4524 3990 4584 tortoribus.

2436 4642 2713 4698 quousque
2737 4623 2984 4678 redderet
3015 4621 3276 4677 debitum.
3310 4619 3434 4675 lizcc
3462 4618 3761 4684 audientes,
3799 4615 3990 4672 miseri-

2434 4718 2626 4774 cordes
2645 4717 2812 4772 simus
2840 4730 2964 4785 erga
2992 4713 3263 4770 debitores
3291 4713 3342 4766 in
3374 4711 3605 4781 twocatis
3629 4726 3643 4762 :
3673 4723 3836 4763 nemo
3863 4706 3989 4774 inju-

2437 4813 2637 4867 riarum
2673 4809 2742 4865 sit
2780 4821 3022 4872 memor,
3059 4806 3160 4861 nisi
3190 4805 3426 4874 seipsum
3469 4802 3666 4857 laedere
3694 4802 3843 4856 velit.
3892 4797 3991 4853 Non

2436 4903 2578 4958 enim
2601 4910 2803 4954 tantum
2833 4899 3091 4953 molestia:
3112 4897 3186 4950 illi
3208 4895 3366 4950 alters
3394 4909 3498 4949 non
3525 4893 3826 4956 remittens,
3846 4904 3994 4960 quau-

2438 5006 2542 5050 tam
2568 4996 2661 5049 tibi
2713 4995 2812 5064 ipsi
2854 4993 3019 5048 iniers
3045 4991 3312 5061 iniuriam.
3365 4988 3493 5042 Nam
3526 4999 3577 5042 te
3606 4986 3824 5056 quidem
3859 4986 3992 5040 illum

2438 5097 2790 5158 persequente
2815 5127 2831 5152 ,
2883 5100 2989 5140 non
3022 5083 3359 5154 persequitur
3381 5070 3553 5135 Deus:
3585 5088 3638 5135 te
3668 5094 3798 5134 vero
3824 5077 3990 5132 dimit-

2438 5191 2603 5246 tente,
2621 5188 2710 5233 aut
2739 5179 2889 5233 illum
2911 5176 3249 5247 persequitur
3269 5174 3430 5238 Deus,
3456 5181 3547 5227 aut
3563 5180 3650 5225 tua
3678 5170 3772 5226 tibi
3793 5168 3992 5225 dimittit

2439 5281 2676 5342 peccata.
2706 5268 2984 5338 Quomodo
3003 5275 3180 5321 autem
3201 5306 3218 5330 ,
3244 5265 3347 5320 nisi
3376 5272 3432 5317 tu
3459 5262 3699 5317 remittas
3729 5260 3961 5331 proximo
3978 5296 3990 5319 .

2437 5367 2502 5421 ad
2532 5379 2753 5435 regnum
2766 5360 3008 5432 aspirasl
3033 5359 3151 5428 Quo
3167 5356 3378 5428 quidem
3392 5355 3587 5435 damno
3603 5367 3672 5409 ne
3687 5348 3990 5413 amciamur,

2441 5433 2776 5512 remittamus
2798 5451 3086 5516 omnibus;
3131 5448 3286 5505 nobis
3312 5433 3613 5516 enim'ipsis
3641 5445 3952 5500 remittimus
3976 5459 3990 5494 :

2437 5546 2822 5614 condoncmus.
2849 5550 2909 5595 ut
2927 5539 3083 5595 nobis
3109 5536 3378 5593 condonet
3403 5535 3546 5591 Deus
3567 5544 3783 5606 peccata
3806 5542 3993 5610 nostra.

2436 5649 2596 5710 atque
2621 5637 2691 5692 ita
2714 5634 2902 5691 luturis
2926 5633 3189 5706 potiantur
3213 5628 3386 5696 bonis,
3415 5636 3518 5683 etc.
