4064 6318
104 407 202 463 ειη
980 397 1045 452 IN
1088 394 1299 450 EPIST.
1345 393 1434 448 AD
1473 389 1758 446 PIIILIPP.
1804 388 1956 447 CAP.
1999 390 2064 446 ll.
2109 393 2338 450 IIOMIL.
2383 395 2450 450 γ.

3261 396 3370 450 ςιι

1465 528 1795 592 HOMILIA
1849 532 1923 589 V.

407 591 437 612 ’δ

99 645 223 699 Cn.
247 645 301 698 2.
324 657 376 698 v.
404 641 456 698 1.
489 646 550 698 Si
576 661 674 714 qua
699 659 818 713 ergo
839 639 1114 695 consolatio
1141 641 1194 690 in
1216 635 1435 694 Christo.
1462 629 1506 686 si
1533 631 1670 698 quod

166 737 396 790 solatium
425 737 672 797 caritatis,
702 735 747 786 si
768 749 868 802 qua
896 733 1107 787 societas
1134 729 1361 797 spiritus,
1393 725 1436 778 si
1470 739 1570 792 qua
1597 721 1668 774 oi-

165 844 301 880 scera
328 836 376 880 et
401 826 748 880 miserationes
776 838 797 879 :
823 823 877 876 2.
906 821 1109 889 implete
1136 817 1378 890 gaudium
1406 829 1590 876 meum,
1613 821 1669 864 ut

163 918 293 972 idem
307 917 540 988 sapiatis,
573 913 796 969 eamdem
820 915 1079 967 caritatem
1109 909 1362 964 habentes,
1382 903 1666 967 unanimes,
1711 954 1716 959 ,

163 1011 380 1080 idipsmn
409 1011 660 1076 sapientes
689 1022 706 1058 :
733 1008 785 1060 5.
817 1005 946 1057 nihil
973 1019 1064 1071 per
1088 999 1478 1058 contentionem,
1511 1009 1670 1062 neque

163 1119 250 1170 per
270 1103 471 1154 inanem
499 1100 736 1169 gloriam,
773 1096 861 1150 sed
885 1097 938 1148 in
965 1092 1247 1146 humilitate
1271 1087 1553 1158 superiores
1573 1085 1670 1137 sibi

160 1194 367 1244 invicem
391 1190 735 1244 arbitrantes:
761 1188 812 1240 4.
861 1201 962 1238 ιιοιι
1009 1198 1124 1252 qua
1159 1197 1252 1234 sua
1283 1187 1430 1240 sunt,
1477 1172 1668 1244 singuli

161 1281 487 1341 considerate,
517 1275 606 1332 sed
633 1287 680 1331 et
700 1291 758 1330 ea
787 1291 898 1344 qute
923 1276 1164 1338 aliorum,
1194 1268 1554 1338 unusquisque.

162 1373 214 1425 l.
242 1369 383 1424 Nihil
427 1370 651 1434 melius,
691 1365 822 1421 nihil
870 1366 922 1420 in
958 1377 1141 1418 amore
1171 1360 1407 1416 tenerius
1443 1356 1666 1411 doctore

93 1462 348 1532 spirituali
372 1479 386 1515 τ
411 1459 604 1530 quovis
631 1457 856 1512 naturali
883 1465 1033 1526 patre
1059 1453 1315 1523 majorem
1338 1447 1663 1505 benevolen-

93 1555 214 1606 tiam
235 1561 468 1621 prmstat.
499 1549 752 1612 Attende,
780 1549 1025 1609 obsecro,
1050 1560 1206 1615 quam
1234 1540 1548 1613 suppliciter
1572 1557 1663 1609 pe-

92 1653 165 1698 tat
190 1659 218 1697 a
244 1642 676 1712 Philippensibns
703 1655 763 1694 ea
787 1654 904 1709 quae
925 1654 956 1692 e
986 1654 1045 1693 re
1069 1637 1302 1706 ipsorum
1327 1641 1498 1688 erant.
1522 1632 1659 1700 Quid

90 1737 228 1789 enim
263 1734 389 1788 dicit
417 1734 483 1787 ad
523 1732 864 1788 concordiam
893 1731 1130 1784 omnium
1163 1727 1423 1782 bonorum
1444 1740 1661 1780 causam

88 1825 411 1880 cohortaris?
435 1835 488 1879 et
506 1823 647 1889 vide,
663 1838 821 1892 quam
842 1821 1082 1891 cepiose,
1106 1835 1262 1889 quam
1289 1818 1657 1884 vehementer,

87 1923 285 1984 quanto
307 1929 428 1969 cum
453 1912 648 1968 aﬂ‘ectu
677 1927 693 1967 :
719 1912 780 1967 Si
805 1928 904 1982 qua
919 1927 1039 1982 ergo
1060 1908 1338 1964 consolatio
1358 1909 1410 1961 in
1435 1906 1655 1974 Christo,

88 2005 275 2077 inquit.
294 2000 349 2061 Id
365 2015 466 2070 est,
485 2002 540 2059 Si
564 2004 688 2074 quid
709 2003 916 2058 habetis
938 2001 1321 2058 consolationis
1346 2001 1396 2055 in
1419 2001 1655 2066 Christo;

87 2096 299 2167 perinde
335 2112 397 2152 ac
424 2096 470 2151 si
499 2095 702 2150 diceret
726 2111 740 2148 :
768 2093 825 2149 Si
856 2108 1013 2164 quam
1044 2091 1146 2148 mei
1171 2094 1429 2148 rationem
1452 2092 1618 2148 habes
1637 2133 1653 2157 .

85 2191 126 2243 si
152 2204 252 2254 qua
285 2187 372 2241 tibi
397 2185 503 2241 mei
533 2199 682 2252 cura,
704 2185 748 2239 si
773 2184 899 2255 quid
929 2185 1065 2240 bene
1095 2198 1346 2254 umquam
1370 2183 1439 2238 de
1467 2194 1519 2239 te
1541 2198 1656 2239 me-

86 2282 179 2342 rni,
209 2281 308 2333 hoc
327 2277 509 2332 facito.
541 2277 650 2332 liae
675 2291 806 2333 vero
830 2277 1088 2332 orationis
1121 2276 1285 2346 ﬁgura
1315 2277 1366 2331 in
1392 2275 1656 2332 movendo

84 2368 268 2424 ail‘ectu
294 2371 514 2436 utimur,
549 2370 592 2424 si
623 2369 748 2440 quid
773 2368 1147 2439 postulandum
1176 2369 1266 2434 sit,
1319 2367 1459 2438 quod
1489 2375 1653 2423 cmic-

85 2463 153 2515 ris
178 2461 424 2517 omnibus
453 2475 848 2531 prmponamus.
879 2460 1011 2515 Nam
1042 2461 1142 2516 nisi
1170 2460 1416 2516 omnibus
1447 2474 1656 2530 prtepo-

84 2567 354 2617 ncremus,
405 2567 510 2606 non
551 2567 618 2607 eo
647 2567 752 2605 uno
781 2551 1065 2621 impetrato
1092 2551 1330 2606 omnimn
1371 2549 1527 2606 nobis
1552 2565 1652 2604 ex-

85 2638 322 2696 haustam
367 2656 489 2697 esse
537 2642 840 2697 mercedem
889 2642 1184 2708 vellemus,
1240 2657 1338 2697 nec
1384 2656 1481 2711 per
1521 2641 1652 2696 illud

81 2735 370 2788 diceremus
391 2733 651 2804 quidquid
671 2733 826 2788 nobis
848 2731 1164 2799 debebatur,
1193 2746 1315 2790 esse
1341 2747 1648 2804 reprresen-

83 2832 260 2877 talum.
286 2823 388 2879 Sed
417 2839 515 2879 nos
540 2823 754 2895 quidem
771 2825 1008 2880 carnalia
1026 2823 1290 2881 beneficia
1313 2839 1644 2881 commemo-

82 2929 253 2970 ramus
284 2933 298 2968 :
328 2926 383 2971 ut
410 2917 456 2972 si
497 2929 650 2987 pater
677 2933 802 2990 erga
837 2919 1002 2974 lilium
1042 2919 1285 2988 diceret,
1333 2921 1388 2978 Si
1421 2939 1522 2995 qua
1553 2923 1645 2980 tibi

82 3007 365 3062 reverentia
398 3022 524 3079 erga
565 3019 769 3078 patrem
791 3050 806 3073 ,
831 3011 875 3064 si
919 3026 1022 3081 qua
1052 3010 1414 3081 educationis,
1470 3014 1517 3069 si
1542 3031 1646 3086 qua

80 3097 280 3165 pietatis
301 3111 431 3168 erga
445 3114 553 3161 me.
573 3100 616 3154 si
638 3115 742 3172 qua
766 3099 983 3156 honoris
1004 3116 1163 3172 quem
1183 3117 1250 3159 ex
1269 3119 1356 3160 me
1375 3119 1436 3160 es
1456 3119 1648 3163 conse-

79 3198 282 3256 quutus,
311 3191 358 3246 si
383 3207 489 3262 qua
515 3192 903 3248 benevolentiae
923 3195 1201 3259 memoria,
1228 3211 1359 3267 rogo
1381 3207 1455 3264 te,
1484 3212 1552 3254 ne
1567 3199 1645 3255 sis

82 3278 320 3338 inimicus
344 3280 525 3346 fratri;
557 3283 658 3340 hoc
681 3294 784 3350 est,
811 3300 909 3353 pro
934 3287 1182 3341 omnibus
1199 3287 1306 3343 illis
1331 3287 1469 3346 hanc
1485 3289 1646 3361 exigo

79 3369 395 3445 mercedem.
432 3370 540 3428 Sed
564 3389 669 3428 non
693 3375 762 3428 ita
795 3374 1027 3451 Paulus:
1058 3372 1190 3433 nihil
1215 3379 1383 3447 enim,
1409 3380 1554 3450 quod
1575 3379 1643 3436 ad

75 3474 277 3517 cantem
307 3462 604 3532 pertineat,
648 3465 842 3537 redigit
879 3466 947 3523 ad
975 3470 1312 3534 memoriam,
1333 3471 1429 3527 sed
1457 3472 1638 3528 omnia

76 3551 383 3621 spiritualia.
412 3554 566 3622 Quod
589 3565 768 3614 autem
797 3558 961 3626 dicit,
991 3556 1096 3617 tale
1121 3571 1206 3618 est
1234 3579 1248 3616 :
1275 3561 1330 3620 Si
1350 3563 1478 3634 quid
1508 3564 1642 3623 mihi

74 3641 236 3697 solatii
260 3641 420 3699 vultis
445 3645 500 3700 in
529 3647 914 3705 tentationihus
932 3648 1147 3716 ail'erre,
1172 3668 1364 3723 meque
1389 3669 1640 3714 recreare

75 3739 123 3795 in
146 3740 375 3810 Christo,
402 3745 450 3801 si
485 3762 642 3816 quam
666 3731 1087 3806 consolationem
1117 3752 1378 3820 caritatis,
1408 3756 1453 3808 si
1483 3751 1639 3824 quid-

73 3836 352 3905 quamejus
381 3840 777 3896 communionis
799 3856 918 3911 qua:
935 3843 990 3898 in
1015 3843 1210 3914 spiritu
1237 3853 1342 3910 est,
1371 3846 1532 3902 vultis
1549 3862 1640 3904 os-

76 3925 280 3983 tendere
297 3971 312 3992 ,
341 3929 386 3984 si
412 3946 517 4001 qua
549 3930 756 3988 habetis
783 3932 986 3989 viscera
1011 3945 1063 3989 et
1103 3935 1489 3993 misericordia:
1511 3953 1636 3994 seu-

75 4026 202 4082 sum,
235 4017 449 4090 implete
475 4037 653 4079 meum
676 4023 951 4094 gaudium.
983 4023 1046 4082 Si
1073 4043 1174 4095 qua
1204 4028 1392 4083 uiscera
1415 4039 1464 4084 et
1484 4031 1634 4086 mise-

75 4107 297 4166 rationes.
337 4110 733 4168 Iliscrationem
778 4113 880 4170 sibi
908 4115 1206 4171 exhibitam
1249 4127 1408 4173 vocat
1442 4118 1638 4174 Paulus

75 4195 442 4268 discipulorum
476 4203 817 4258 concordiam
838 4245 855 4268 ,
889 4204 1194 4276 ostendens
1235 4222 1500 4264 summum
1537 4209 1638 4265 im-

75 4289 263 4344 utiuerc
290 4292 587 4360 periculum
609 4335 626 4358 ,
676 4293 779 4349 nisi
821 4297 1121 4352 concordes
1146 4296 1365 4354 fuerint.
1413 4299 1470 4354 Si
1507 4301 1634 4372 quid

76 4381 230 4444 mihi,
271 4383 442 4453 inquit
465 4427 480 4447 ,
521 4385 698 4441 solatii
724 4401 754 4441 a
781 4387 931 4443 vobis
957 4389 1379 4459 exspectandum
1404 4399 1488 4446 est
1510 4430 1528 4456 ,
1588 4393 1634 4446 si

74 4468 187 4536 quid
224 4474 603 4530 consolationis
630 4491 699 4532 ex
728 4485 904 4533 vestra
925 4479 1151 4535 caritate
1173 4490 1449 4551 reportare
1469 4483 1632 4548 licet;

75 4559 113 4613 si
137 4564 322 4630 possim
346 4565 621 4620 vobiscum
648 4569 1045 4625 communicare
1075 4569 1132 4625 in
1157 4572 1371 4642 spiritu,
1405 4572 1452 4628 si
1480 4588 1633 4630 com-

76 4653 331 4711 municare
363 4656 640 4713 vobiscum
674 4657 725 4712 iu
751 4659 1013 4726 Domino;
1043 4662 1087 4716 si
1118 4678 1222 4733 qua
1251 4663 1380 4718 mihi
1414 4679 1446 4719 a
1481 4665 1634 4722 vobis

77 4743 420 4802 misericordia
448 4756 504 4802 et
527 4749 920 4805 commiseratio
947 4753 1245 4823 przcstanda
1262 4762 1364 4819 est,
1392 4756 1631 4811 omnium

79 4832 243 4892 harum
283 4855 463 4896 rerum
511 4842 810 4899 mercedem
842 4844 894 4899 in
925 4847 1151 4902 caritate
1175 4847 1288 4916 ipsa
1324 4848 1516 4904 tuenda
1542 4864 1633 4905 re-

78 4937 393 4989 prmsentate.
421 4931 564 4986 Satis
586 4933 714 4987 mihi
732 4948 762 4986 a
785 4934 934 4989 vobis
955 4935 1148 4990 factum
1175 4951 1315 5002 esse,
1347 4939 1632 5010 omniaque

75 5027 444 5086 consequutum
480 5022 698 5090 putabo,
724 5023 768 5078 si
796 5041 888 5079 vos
914 5037 1103 5081 mutuo
1132 5030 1460 5084 amaveritis.
1513 5030 1541 5084 Ι
1551 5049 1631 5085 ιιι-

77 5107 186 5166 plete
209 5111 449 5177 gaudium
480 5127 665 5165 meum.
695 5114 769 5168 Ne
801 5131 920 5183 qua:
947 5115 1096 5182 dicit,
1120 5117 1503 5178 admonitionis
1524 5121 1629 5175 vim

77 5195 250 5256 habere
279 5203 618 5270 viderentur,
647 5208 798 5275 quasi
832 5209 908 5262 illi
933 5208 1041 5278 jam
1073 5210 1140 5263 ab
1165 5209 1344 5264 oﬂicin
1368 5211 1632 5268 decessis-

78 5299 194 5354 sent,
215 5309 317 5347 non
347 5294 419 5349 ita
446 5295 595 5361 dicit,
627 5297 810 5354 Facile
836 5300 988 5365 mihi,
1017 5301 1136 5366 sed,
1176 5299 1423 5372 lmplete;
1449 5304 1500 5358 id
1522 5315 1626 5369 est,

77 5378 295 5451 Coepistis
317 5388 431 5457 jam
461 5389 512 5442 in
535 5405 622 5444 me
647 5405 848 5458 serere,
870 5392 978 5462 jam
1003 5394 1131 5447 mihi
1160 5395 1403 5462 dedistis,
1428 5400 1627 5452 utsatis

78 5472 258 5537 quietus
285 5478 408 5542 sim,
438 5479 531 5534 sed
557 5480 622 5534 ad
653 5481 810 5536 linem
842 5485 1124 5553 pervenire
1165 5485 1435 5542 desidero.
1485 5487 1626 5555 Quid

76 5561 321 5623 desideras
341 5611 356 5632 .
383 5569 469 5624 dic
498 5570 673 5625 mihi?
718 5583 772 5626 ut
801 5583 850 5627 te
878 5589 906 5626 a
937 5575 1187 5641 periculis
1211 5575 1542 5632 liberemus?
1571 5590 1626 5633 ut

78 5653 155 5707 tibi
171 5659 428 5729 quidpiam
452 5661 890 5731 suppeditemus?
918 5663 1052 5717 Nihil
1073 5665 1396 5734 hujusmodi,
1429 5669 1620 5738 inquit,

78 5746 152 5800 sed
193 5748 256 5805 Ut
293 5769 382 5808 ros
422 5754 556 5806 idem
586 5755 796 5821 sapiatis
822 5755 1043 5808 eamdem
1073 5757 1308 5812 habentes
1338 5763 1622 5833 caritatem,

376 5855 646 5916 ΡΔτιιοι.
693 5851 807 5912 Gn.
857 5853 1045 5916 LXII.

1783 630 1836 683 in
1864 647 1966 700 qua
1996 633 2271 702 coepistis,
2313 635 2606 697 unanimes,
2657 651 2813 686 unum
2851 635 3123 704 sapientes.
3177 634 3364 703 Papae!

1778 723 1990 790 quoties
2018 723 2159 778 idem
2189 727 2382 795 repetit
2425 741 2490 779 ex
2537 741 2730 796 magno
2768 726 2997 795 quodam
3039 726 3264 780 alie-ctu!
3298 726 3368 779 ιί

1777 816 1912 870 ideas
1933 819 2170 885 sapiatis,
2199 818 2390 888 inquit,
2415 819 2524 872 into
2553 835 2682 872 vero
2714 829 2772 872 nt
2799 834 2961 872 unum
2984 819 3220 888 sapiatis.
3252 804 3368 872 lloc

1779 907 1922 961 enim
1956 909 2305 977 progrediens
2330 910 2569 964 ostendit
2592 911 2772 964 verbis
2799 910 2904 964 illis
2925 953 2938 974 ,
2967 909 3136 964 Unum
3163 911 3367 979 sapien-

1777 1008 1850 1051 tes
1872 1015 1892 1051 :
1928 1000 2069 1067 quod
2103 1000 2275 1069 majus
2291 999 2583 1070 quidquam
2614 1011 2696 1054 cst
2717 1042 2731 1065 ,
2763 1017 2924 1070 quam
2964 1000 3103 1054 idem
3150 1016 3358 1069 sapere.

1777 1086 2026 1141 Eamdem
2070 1091 2333 1144 caritatem
2379 1091 2662 1145 habentes:
2718 1091 2766 1142 id
2819 1100 3044 1154 cst,nou
3077 1100 3281 1144 tantum
3309 1096 3364 1143 in

1776 1180 1916 1234 nuda
1941 1179 2064 1243 fide,
2094 1180 2188 1234 sed
2223 1182 2274 1234 in
2304 1183 2519 1235 caeteris
2548 1182 2708 1235 etiam
2742 1181 2994 1234 omnibus
3025 1181 3202 1234 rebus.
3232 1181 3365 1234 Pos-

1773 1286 1959 1326 sumus
1977 1272 2121 1326 enim
2147 1281 2204 1326 et
2231 1271 2372 1326 idem
2397 1287 2609 1339 sapere,
2633 1281 2688 1326 et
2707 1272 2986 1324 caritatem
3003 1287 3108 1324 non
3139 1270 3358 1324 habere.

1775 1365 2021 1418 Eamdem
2047 1367 2310 1419 raritatem
2331 1364 2569 1419 habentes
2598 1379 2616 1417 :
2644 1364 2693 1417 id
2722 1374 2826 1428 est,
2851 1377 3003 1433 teque
3029 1371 3083 1416 et
3107 1378 3288 1416 amare
3305 1371 3362 1416 et

1771 1459 1962 1512 amari.
1993 1457 2142 1518 Noli,
2173 1474 2294 1511 cum
2337 1473 2522 1528 magna
2549 1457 2776 1510 aliorum
2806 1457 2858 1509 in
2888 1460 2940 1510 te
2966 1456 3190 1510 caritate
3215 1454 3363 1508 frna-

1773 1549 1884 1614 ris,
1913 1549 2177 1602 minorem
2217 1547 2351 1617 Ipsis
2375 1556 2630 1616 praestare
2650 1587 2665 1606 .
2697 1546 2849 1614 quasi
2883 1545 2982 1600 hac
3017 1547 3178 1600 etiam
3219 1545 3272 1599 in
3299 1561 3361 1598 re

1771 1641 1889 1710 plus
1909 1656 2065 1711 arquo
2092 1641 2184 1694 tibi
2216 1647 2459 1710 appetas.
2500 1635 2632 1694 Nam
2660 1639 2703 1691 si
2737 1637 2978 1692 nonnulli
3009 1638 3244 1707 suntqui
3271 1637 3357 1692 fa—

1766 1733 1932 1796 ciant,
1963 1742 2017 1786 tu
2042 1731 2091 1786 id
2123 1732 2174 1786 in
2206 1741 2258 1785 te
2280 1730 2476 1786 cadere
2504 1728 2652 1784 nullo
2673 1739 2832 1800 pacto
2859 1728 3020 1782 feras.
3055 1727 3354 1789 Uuanintes,

1767 1825 1939 1894 inquit
1964 1843 1976 1878 :
2009 1820 2060 1878 id
2085 1832 2187 1887 est,
2217 1825 2306 1877 uni
2333 1823 2528 1876 anima:
2548 1822 2789 1876 omnium
2813 1834 3036 1890 corpora
3062 1821 3210 1890 quasi
3232 1835 3356 1889 pro-

1769 1914 1885 1984 pria
1915 1912 2391 1968 accommodantes
2411 1953 2427 1978 ,
2485 1927 2590 1966 non
2613 1911 2830 1981 quidem
2863 1911 3160 1965 substantia
3196 1911 3353 1980 ipsa;

1766 2019 1886 2058 nam
1913 2003 1965 2058 id
1998 2003 2110 2059 fieri
2151 2018 2258 2058 non
2305 2011 2513 2074 potest;
2541 2000 2636 2058 sed
2664 2003 2928 2057 electione
2949 2011 3005 2056 et
3035 2001 3302 2058 sententia
3334 2018 3350 2056 :

1763 2096 1914 2164 quasi
1940 2110 2004 2149 ex
2030 2107 2130 2150 una
2172 2096 2348 2150 anima
2380 2095 2560 2148 omnia
2593 2091 3023 2163 proﬁciscantur.
3070 2093 3205 2158 Quid
3226 2102 3350 2156 est,

1767 2184 2087 2240 Unanintcs?
2115 2186 2227 2241 Iloc
2253 2186 2544 2242 declaravit
2569 2185 2804 2250 addens,
2843 2183 3013 2239 Unum
3058 2186 3309 2253 sapientes
3331 2202 3353 2240 :

1763 2277 1979 2332 unicum
2011 2277 2155 2332 enim
2183 2277 2296 2331 vult
2326 2292 2449 2332 esse
2479 2277 2719 2331 omnium
2747 2290 2961 2331 sensum
2986 2317 3002 2343 ,
3047 2277 3267 2346 perinde
3287 2292 3349 2332 ac

1759 2369 1806 2424 si
1841 2383 1906 2424 cx
1947 2384 2049 2428 una
2079 2370 2254 2423 anima
2295 2370 2612 2440 penderent.
2665 2369 2814 2423 Nihil
2839 2382 2932 2440 per
2956 2372 3345 2426 contentionem.

1765 2459 1936 2530 Rogat
1963 2460 2160 2516 deinde
2199 2470 2254 2515 et
2280 2462 2502 2528 exponit
2535 2460 2752 2516 modum
2783 2477 2891 2531 quo
2936 2461 2988 2516 id
3041 2462 3166 2528 fiat.;
3201 2462 3350 2517 Nihil

1758 2571 1848 2624 per
1871 2554 2239 2608 contentionem
2267 2554 2345 2608 cel
2367 2554 2571 2608 inanem
2595 2554 2832 2624 gloriam,
2867 2554 3057 2624 inquit.
3081 2554 3232 2623 Quod
3262 2561 3347 2623 ip-

1757 2663 1876 2704 sum
1889 2661 2104 2717 semper
2120 2647 2242 2702 dico
2258 2647 2521 2702 malorum
2539 2647 2776 2701 omnium
2800 2661 2922 2701 esse
2943 2661 3160 2701 causam
3182 2665 3194 2698 :
3221 2641 3348 2702 hinc

1758 2754 1948 2810 pugna:
1968 2748 2023 2794 et
2047 2739 2189 2803 lites,
2213 2738 2340 2792 hinc
2365 2737 2560 2792 invidia
2586 2745 2642 2792 et
2669 2738 2915 2792 vincendi
2938 2738 3194 2799 studium,
3221 2738 3346 2793 hinc

1753 2831 1996 2886 caritatis
2024 2829 2405 2900 refrigeratio;
2453 2839 2573 2885 ctun
2622 2830 2897 2884 hominum
2933 2830 3159 2899 gloriam
3195 2846 3345 2884 ama-

1755 2936 1896 2990 mus,
1924 2936 2048 2979 cum
2069 2923 2271 2981 .hOnori
2301 2965 2316 2985 ,
2342 2923 2432 2992 qui
2463 2937 2494 2978 a
2524 2922 2707 2977 multis
2728 2923 3033 2987 exhibetur,
3060 2926 3341 2988 servimus,

1755 3021 1881 3068 tunc
1905 3011 2086 3068 omriia
2131 3013 2246 3069 lucc
2270 3014 2551 3068 accidunt:
2584 3013 2807 3069 minime
2829 3014 2972 3068 enim
3013 3014 3089 3069 fas
3116 3027 3196 3070 est
3223 3017 3344 3087 glo-

1755 3104 1851 3160 ria:
1874 3106 2203 3161 servientem
2229 3145 2246 3169 ,
2289 3105 2382 3159 Dei
2408 3105 2570 3160 etiam
2600 3115 2920 3175 germanum
2947 3120 3068 3160 esse
3091 3122 3302 3162 servum
3325 3148 3340 3162 .

1751 3196 1868 3266 Qua
1896 3197 2060 3268 igitur
2085 3198 2295 3252 ratione
2322 3195 2429 3252 hoc
2461 3197 2634 3258 inanis
2657 3197 2847 3267 gloria:
2887 3199 3120 3254 studium
3150 3200 3344 3270 fugeri-

1749 3303 1872 3344 mus
1887 3289 1913 3342 ἲ
1929 3287 2168 3344 nondum
2195 3289 2341 3344 enim
2368 3287 2516 3343 illam
2533 3287 2850 3358 exposuisti.
2877 3289 3010 3344 Audi
3034 3292 3337 3361 sequentia:

1753 3378 1864 3437 Sed
1883 3380 1938 3436 iu
1968 3380 2273 3446 humilitate,
2303 3369 2496 3450 inquit,
2526 3379 2815 3449 superiores
2841 3381 2937 3434 sibi
2966 3381 3178 3435 invicem
3205 3382 3342 3436 arbi-

1748 3483 1960 3538 trantes.
1993 3468 2189 3543 Papa!
2216 3471 2489 3544 quomodo
2511 3469 2727 3540 plenum
2756 3470 3106 3541 philosophitc
3121 3471 3338 3543 dogma,

1745 3574 1804 3620 et
1831 3563 1899 3620 ad
1927 3571 2171 3619 nostram
2199 3558 2428 3619 salutem
2466 3555 2785 3620 mirabiliter
2819 3561 3125 3616 conducens
3168 3578 3339 3635 expo-

1743 3654 1886 3711 suit!
1914 3651 1972 3711 Si
2000 3649 2358 3719 existimaris,
2385 3652 2590 3724 inquit,
2619 3651 2770 3706 illum
2807 3660 2861 3707 te
2887 3651 3146 3722 majorem
3176 3668 3297 3709 esse
3320 3694 3336 3713 .

1748 3745 1911 3816 idque
1950 3744 2044 3799 tibi
2081 3744 2183 3815 ipsi
2206 3742 2574 3814 persuaseris;
2618 3745 2713 3797 aut
2731 3742 2912 3812 potius
2941 3743 2987 3796 si
3020 3758 3129 3798 non
3165 3744 3338 3797 solum

1742 3835 1968 3901 dixeris,
1990 3833 2086 3890 sed
2116 3834 2278 3888 etiam
2301 3832 2666 3900 persuasionis
2696 3832 2850 3887 istius
2879 3831 3092 3902 plenus,
3129 3833 3337 3888 honore

1743 3940 1959 3998 quoque
1997 3923 2166 3981 fueris
2209 3933 2591 3994 proscqnotns,
2622 3923 2844 3979 minime
2889 3925 3266 3990 succensehis,
3291 3926 3336 3980 si

1745 4019 1848 4090 ipsi
1875 4018 1946 4075 ab
1973 4017 2085 4074 alio
2126 4017 2383 4074 tributum
2406 4013 2612 4074 videas.
2646 4015 2813 4088 igitur
2839 4031 2946 4072 non
2983 4026 3187 4072 tantum
3216 4018 3336 4073 exi-

1741 4112 1902 4169 stina
1931 4103 2081 4167 illum
2106 4119 2160 4167 te
2183 4105 2446 4182 joretu
2481 4125 2630 4177 esse,
2665 4110 2760 4166 sed
2780 4110 2945 4167 etiam
2975 4112 3334 4182 superiorem.

1739 4217 1862 4274 qua
1896 4217 2003 4257 vox
2038 4215 2287 4273 magnam
2316 4201 2677 4273 prastantiam
2725 4201 2953 4266 indicas;
2979 4214 3032 4257 et
3061 4216 3168 4258 non
3188 4217 3334 4273 :rgre

1741 4292 1888 4348 feres
1910 4307 2087 4365 neque
2113 4287 2344 4360 dolelris,
2379 4291 2427 4347 si
2453 4289 2603 4348 illum
2640 4290 2694 4346 in
2731 4291 2939 4348 honore
2962 4307 3085 4349 esse
3115 4293 3332 4357 videas;

1739 4392 1796 4440 et
1822 4384 1868 4440 si
1905 4382 2286 4440 contumeliam
2338 4379 2614 4449 intulerit,
2639 4398 2904 4456 generose
2947 4383 3126 4440 feres:
3159 4385 3333 4454 ipsum

1740 4475 1886 4533 estim
1917 4476 2175 4545 majorem
2198 4481 2252 4531 te
2277 4471 2631 4530 existimasti:
2668 4484 2723 4531 et
2742 4473 2790 4529 si
2809 4476 3069 4529 conviciis
3093 4476 3337 4545 appetie-

1741 4569 1845 4630 rit.
1872 4582 2079 4624 morem
2125 4583 2324 4639 geres;
2350 4577 2407 4621 ct
2448 4569 2490 4619 si
2535 4565 2887 4630 malefecerit,
2931 4566 3124 4621 tacitus
3168 4567 3333 4622 feres.

1738 4656 1967 4727 Quando
1987 4662 2134 4714 enim
2157 4658 2445 4715 scmellsoe
2474 4659 2577 4713 sibi
2604 4659 2781 4713 anima
2808 4660 3023 4730 penitus
3050 4675 3335 4728 persuase-

1740 4752 1828 4814 rit.
1855 4766 1978 4808 esse
2005 4736 2302 4822 majorem;
2334 4767 2442 4808 non
2465 4747 2758 4821 impellitur
2775 4752 2842 4806 ad
2867 4752 3026 4818 iram,
3046 4753 3090 4806 si
3118 4752 3186 4806 ab
3211 4753 3330 4822 ipso

1740 4843 1882 4899 male
1901 4844 2220 4913 accipiatur,
2253 4861 2360 4898 non
2383 4843 2451 4897 ad
2477 4842 2754 4898 invidiam.
2779 4844 2848 4899 lis
2882 4844 3026 4899 enim
3054 4844 3144 4912 qui
3175 4844 3332 4897 valde

1739 4943 2012 5004 praestant,
2031 4950 2188 4988 nemo
2206 4934 2484 4990 inviderit:
2511 4933 2627 4990 haec
2647 4933 2788 4988 enim
2805 4933 2982 4989 omnia
3004 4934 3326 5004 prmstantia:

1738 5027 1884 5082 illius
1902 5025 2087 5082 deberi
2108 5035 2277 5096 putat.

1809 5119 1865 5172 2.
1898 5119 1992 5174 llis
2019 5120 2180 5190 igitur
2207 5119 2389 5175 verbis
2408 5121 2559 5175 docet
2589 5118 2748 5173 talem
2774 5120 3010 5196 animum
3025 5119 3320 5189 suscipere.

1738 5213 1894 5280 Quod
1919 5213 1962 5268 si
1985 5213 2221 5268 vicissim
2252 5213 2344 5266 illo
2367 5221 2515 5268 tanto
2531 5212 2628 5266 abs
2657 5221 2708 5265 te
2731 5211 2936 5265 honore
2964 5209 3206 5273 affectus,
3239 5211 3326 5262 in-

1738 5306 1874 5374 quit,
1903 5305 2153 5359 eumdem
2179 5319 2307 5374 erga
2329 5312 2384 5358 te
2404 5304 2640 5358 animum
2663 5301 2993 5370 susceperit;
3027 5299 3197 5369 cogita
3224 5299 3324 5351 dn-

1738 5395 1860 5464 plici
1879 5377 2033 5465 quasi
2052 5409 2209 5449 muro
2229 5394 2414 5448 fultam
2430 5409 2550 5448 esse
2569 5393 3044 5462 aequanimitatem.
3059 5389 3326 5457 Quamdiu

1737 5490 1881 5542 enim
1915 5498 2140 5557 uterque
2163 5496 2448 5557 utrumque
2485 5487 2690 5540 honore
2717 5484 2907 5554 dignos
2938 5482 3158 5553 putatis,
3190 5481 3323 5534 nihil

1740 5595 1992 5649 umquam
2023 5580 2268 5635 accidere
2295 5580 2504 5635 molesti
2539 5585 2731 5647 potest.
2775 5575 2906 5630 Nam
2947 5575 2989 5627 si
3019 5573 3120 5626 hoc
3140 5573 3224 5625 vel
3258 5572 3332 5624 ab

1736 5671 1908 5725 altero
1937 5670 2216 5725 dumtaxat
2249 5672 2541 5741 pra-stilum
2571 5667 2703 5721 satis
2735 5677 2818 5721 est
2844 5667 2909 5719 ad
2941 5677 3152 5718 omnem
3195 5676 3327 5715 con-

1736 5774 2027 5820 tentionem
2061 5762 2380 5826 tollendam;
2410 5760 2622 5832 quando
2650 5758 2716 5812 ab
2745 5759 2984 5824 utrisque
3025 5761 3331 5825 praestatur,

2899 5853 2972 5915 ιδ
