4064 6318
2294 256 2340 286 \

1479 340 1536 396 S.
1574 334 1848 396 JOANNIS
1890 327 2359 392 CImYSOSTOMI
2399 328 2716 384 ARCIIIEP.
2754 326 3280 383 CONSTANTINOP.

737 351 846 407 (εῐό

739 468 861 537 quis
889 464 1025 517 hanc
1060 458 1408 515 munitionem
1452 448 1792 523 perrumpet?
1841 446 1919 503 Ne
1959 448 2073 517 ipse
2095 444 2314 515 quidem

727 555 990 611 diabolus
1015 570 1027 606 :
1058 549 1252 621 triplici
1271 546 1412 601 enim
1441 540 1842 613 etquadrnplici
1869 552 2045 606 muro,
2077 545 2317 607 atqueeo

746 648 974 715 amplius
1001 643 1127 697 fulta
1157 650 1235 695 est
1265 654 1380 693 arx.
1423 636 1669 691 Omnium
1693 630 2123 701 cnimbonornm
2153 640 2313 681 causa

744 750 824 792 est
846 736 1138 790 humilitas.
1157 730 1308 798 Quod
1335 738 1389 782 ut
1410 729 1479 782 ita
1500 740 1618 781 esse
1635 724 1826 787 discas,
1852 719 1975 775 audi
2004 716 2314 790 prophetam

744 830 1007 883 dicentem
1032 844 1050 877 :
1087 825 1338 891 Quoniam
1365 822 1408 876 si
1427 819 1730 885 sacrificium
1758 814 2017 877 voluisses,
2064 810 2315 865 dedissem

746 920 914 988 utique
940 933 960 971 :
1004 914 1309 969 holocaustis
1341 928 1440 965 non
1484 904 1825 962 delectaberis.
1858 901 2181 969 Sacri/icium
2206 891 2319 953 Deo

744 1009 953 1080 spiritus
997 1002 1401 1061 coutribuiatus:
1464 1016 1549 1054 cor
1596 996 1862 1053 contritum
1908 1002 1956 1048 et
1999 992 2321 1046 humiliatum

753 1100 886 1153 Deus
916 1115 1014 1151 non
1044 1094 1283 1164 despiciet
1307 1093 1326 1163 (
1358 1091 1501 1146 Psal.
1530 1090 1619 1145 50.
1651 1086 1741 1143 18.
1771 1083 1886 1156 19).
1914 1082 2030 1139 Non
2076 1081 2320 1136 absolute

750 1190 992 1261 quamvis
1017 1187 1392 1246 humilitatem,
1420 1180 1513 1235 sed
1538 1178 1887 1234 intentionem
1915 1172 2199 1244 quamdam
2228 1170 2321 1225 hu-

750 1280 986 1337 utilitatis
1014 1277 1245 1347 postulat
1278 1287 1331 1329 et
1373 1272 1556 1342 exigit.
1610 1269 1743 1325 Nam
1771 1263 2217 1338 quemadmodum
2266 1262 2317 1327 in

748 1370 1063 1440 Corporibus
1080 1367 1220 1435 quod
1247 1363 1535 1420 contritum
1563 1370 1665 1427 est,
1693 1370 1980 1426 numquam
2008 1353 2180 1409 solido
2201 1367 2321 1408 cor—

750 1462 865 1527 pori
898 1456 1265 1522 reluctabitnr,
1296 1451 1389 1508 sed
1416 1458 1674 1522 quotquot
1695 1446 1873 1518 gravia
1895 1445 2144 1515 patiatur,
2175 1441 2321 1511 prius

751 1552 924 1618 ipsum
973 1544 1244 1610 interibit,
1296 1556 1452 1614 quam
1484 1542 1538 1595 in
1567 1539 1791 1594 alterum
1828 1537 1995 1591 irruat
2024 1551 2037 1587 :
2183 1538 2240 1586 et
2267 1532 2319 1584 in

752 1642 971 1695 anima:
1025 1638 1182 1708 eliget
1211 1635 1353 1690 enim
1395 1631 1570 1702 potius
1606 1636 1861 1700 perpetuo
1907 1625 2046 1681 male
2100 1630 2320 1692 excepta

750 1744 979 1789 mortem
1002 1731 1162 1785 etiam
1189 1727 1359 1791 obire,
1385 1738 1541 1795 quam
1562 1723 1860 1790 irrumpere
1879 1727 1932 1773 et
1952 1715 2158 1772 ulcisci.
2181 1715 2325 1782 Quo-

748 1839 920 1896 usque
946 1820 1269 1895 spirabimus
1295 1816 1517 1887 spiritus
1542 1813 1678 1869 istos
1704 1810 1999 1867 ridiculos?
2025 1808 2155 1863 Nam
2184 1806 2323 1861 sicut

753 1894 951 1988 pueros
980 1894 1025 1969 si
1048 1911 1328 1967 videamus
1347 1921 1467 1963 sese
1488 1905 1677 1963 efferre
1707 1912 1761 1958 et
1776 1894 2090 1972 superbire,
2107 1896 2320 1953 etiamsi

749 2008 980 2078 lapidem
1000 2005 1187 2060 tollant
1204 2010 1258 2056 ct
1276 1999 1497 2071 jaciant,
1521 1996 1755 2051 ridemus
1783 2012 1797 2047 :
1826 1994 1895 2048 ita
1919 1992 2148 2047 humana
2171 2002 2324 2043 arro-

747 2100 931 2169 gantia
981 2094 1199 2166 puerilis
1257 2090 1485 2153 mentis,
1550 2086 1744 2143 inﬁrmi
1793 2083 1957 2138 animi
2002 2080 2180 2151 proles
2221 2086 2322 2133 est.

757 2189 895 2254 Quid
936 2184 1337 2257 superbis,terra
1382 2190 1428 2235 et
1458 2180 1587 2233 cinis
1616 2176 1803 2248 (Eccli.
1834 2176 1920 2230 11).
1949 2171 2061 2245 9)?
2107 2171 2325 2241 Magnos

753 2280 973 2350 spiritus
1001 2275 1188 2341 sumis,
1218 2270 1419 2327 homo?
1447 2268 1784 2341 quare?qu:c
1810 2265 2039 2322 utilitas?
2061 2262 2146 2316 dic
2169 2259 2324 2323 mihi;

748 2373 895 2427 ntide
921 2384 1049 2424 vero
1080 2379 1301 2437 magnos
1332 2363 1550 2433 spiritus
1573 2359 1743 2414 sumis
1786 2358 1839 2411 in
1870 2370 1964 2411 eos
1992 2355 2152 2410 etiam
2175 2394 2189 2418 ,
2234 2354 2325 2424 qui

754 2453 993 2533 ejusde°m
1026 2464 1150 2512 sunt
1182 2452 1426 2509 ordinis?
1448 2466 1552 2505 non
1584 2446 1821 2519 ejusdem
1855 2444 2119 2533 particeps
2147 2456 2206 2499 es
2228 2458 2328 2533 na-

752 2531 925 2606 turae?
956 2562 1061 2603 non
1087 2542 1325 2617 ejusdem
1362 2538 1591 2595 animai?
1617 2552 1726 2592 non
1756 2534 2005 2591 eumdem
2032 2549 2063 2588 a
2093 2532 2205 2588 Deo
2226 2531 2328 2585 ho-

758 2656 945 2697 norem
974 2634 1268 2707 accepisti?
1298 2632 1369 2688 At
1402 2630 1616 2701 sapiens
1636 2627 1732 2683 es?
1763 2626 1906 2696 Ergo
1931 2624 2127 2696 gratias
2148 2636 2328 2694 agere,

760 2749 867 2788 non
919 2732 1277 2786 intumescere
1319 2723 1501 2779 debes.
1542 2720 1721 2775 Prima
1769 2715 1957 2787 ingrati
2002 2714 2162 2769 animi
2207 2722 2331 2769 nota

758 2821 1008 2893 superbia
1033 2830 1149 2883 est;
1194 2816 1368 2871 aufert
1410 2812 1555 2868 enim
1586 2799 1956 2865 beneﬁcentia:
1982 2804 2202 2860 donum.
2231 2802 2332 2872 Qui

754 2914 901 2969 enim
924 2924 1047 2965 sese
1072 2907 1252 2971 eﬂ'ert,
1276 2905 1322 2959 is
1344 2944 1361 2970 ,
1391 2900 1543 2973 quasi
1568 2900 1683 2971 ipse
1712 2897 1764 2953 id
1790 2896 1932 2969 quod
1961 2905 2108 2951 recte
2133 2893 2331 2949 factum

760 3012 860 3067 est,
892 2997 1205 3063 confecerit,
1246 3009 1306 3051 se
1334 2993 1524 3049 effert:
1552 2990 1641 3060 qui
1671 2999 1846 3049 autem
1869 2986 2048 3041 omnia
2075 3000 2104 3038 a
2125 3000 2185 3040 se
2210 2998 2335 3055 pro-

760 3093 896 3147 fecta
928 3096 1098 3160 putat,
1123 3087 1360 3156 ingratus
1394 3092 1477 3138 est
1501 3080 1753 3135 adversus
1773 3092 1915 3142 eum,
1958 3076 2047 3147 qui
2073 3074 2333 3130 honorem

768 3181 938 3238 dedit.
966 3177 1249 3249 Quippiam
1270 3174 1397 3230 boni
1428 3170 1631 3227 habes?
1659 3168 1870 3225 Gratias
1898 3182 1994 3237 age
2021 3166 2069 3221 ei
2086 3206 2101 3232 ,
2125 3165 2213 3236 qui
2240 3165 2335 3221 de-

765 3275 861 3328 dit.
895 3270 1031 3327 Audi
1057 3268 1182 3340 quid
1210 3266 1352 3322 dicat
1381 3260 1580 3331 Joseph
1601 3301 1617 3328 ,
1646 3257 1774 3331 quid
1798 3250 2007 3312 Daniel.
2050 3255 2183 3311 Nam
2210 3270 2333 3317 cum

764 3362 981 3434 xligypti
1009 3375 1101 3415 rex
1125 3358 1272 3413 illum
1302 3370 1334 3410 e
1360 3366 1580 3409 carcere
1605 3348 1994 3412 accersivisset,
2034 3355 2091 3402 et
2119 3346 2173 3401 in
2199 3359 2335 3400 con-

763 3465 949 3525 spectu
982 3451 1144 3506 totins
1188 3446 1456 3503 exercitus
1480 3443 1548 3497 de
1580 3457 1647 3496 eo
1687 3439 1899 3509 negotio
1923 3440 2333 3507 interrogasset,

770 3546 822 3598 in
859 3558 965 3613 quo
989 3539 1296 3595 defecerant
1328 3533 1565 3605 Egyptii
1588 3572 1604 3599 ,
1653 3530 1741 3602 qui
1770 3529 1822 3583 in
1844 3528 2147 3598 huiusmodi
2178 3526 2337 3582 rebus

765 3622 996 3689 maxime
1022 3629 1291 3701 pollebant
1318 3643 1333 3680 :
1364 3638 1489 3680 cum
1534 3622 1648 3691 ipse
1680 3620 1791 3691 jam
1814 3632 1935 3675 sese
1962 3618 2066 3673 illis
2091 3616 2343 3672 omnibus

766 3724 1096 3794 superiorem
1125 3729 1439 3775 ostensurus
1466 3722 1629 3778 esset,
1654 3712 1915 3781 longeque
1941 3709 2232 3779 sapientior
2254 3722 2343 3764 es-

767 3824 851 3868 set
880 3810 1155 3867 habendus
1186 3805 1505 3877 astrologis,
1552 3802 1796 3867 vatibus,
1826 3797 2303 3872 praestigiatoribus
2322 3839 2337 3863 ,

770 3906 960 3975 magis,
990 3899 1321 3972 philosophis
1357 3896 1475 3966 ejus
1506 3886 1764 3963 temporis
1784 3891 2050 3956 omnibus,
2076 3905 2208 3960 puer
2228 3890 2343 3960 ipse

771 4015 839 4051 cx
872 3994 1261 4064 captivitate'et
1287 3989 1540 4044 servitute
1575 3984 1594 4055 (
1613 3993 1738 4038 tunc
1760 3983 1901 4047 enim
1940 3982 2112 4052 major
2130 3980 2347 4035 exsistit

776 4087 943 4158 gloria
977 4100 991 4138 :
1022 4098 1193 4153 neque
1220 4080 1362 4136 enim
1392 4077 1534 4132 idem
1566 4083 1649 4131 est
1685 4074 1957 4129 hominem
1978 4072 2100 4143 .jam
2139 4071 2342 4125 clarum

774 4183 989 4244 lucere,
1023 4186 1179 4245 atque
1235 4161 1431 4243 praeter
1458 4165 1954 4245 exspectationem;
1995 4177 2161 4233 quare
2205 4161 2346 4232 quod

776 4280 968 4341 prmter
996 4282 1144 4336 spem
1176 4264 1227 4320 id
1248 4263 1521 4323 evenerit,
1571 4255 2023 4313 admirabiliorem
2054 4252 2227 4324 ipsum
2269 4255 2349 4309 fe-

775 4362 868 4431 cit)
893 4377 908 4415 :
931 4359 1055 4429 quid
1086 4357 1241 4427 igitur
1264 4354 1364 4409 iste
1391 4350 1651 4406 accedens
1676 4348 1743 4402 ad
1772 4346 2153 4403 Pharaonem?
2183 4345 2346 4400 dixit-

672 4516 675 4517 ν
775 4469 842 4507 ne
864 4491 879 4515 ,
913 4446 1159 4505 Profecto
1185 4432 1351 4499 novi?
1380 4439 1521 4496 Nihil
1556 4440 1763 4503 minus;
1814 4436 1907 4491 sed
1935 4434 2103 4506 quid?
2125 4434 2347 4490 Nemine

776 4544 951 4611 ipsum
990 4545 1268 4608 arguente,
1297 4547 1393 4609 pro
1424 4545 1516 4584 sua
1539 4530 1651 4598 ipsa
1674 4541 1861 4597 magna
1892 4525 2027 4595 grati
2053 4526 2215 4579 animi
2245 4526 2350 4579 vir-

780 4643 914 4695 tntc,
960 4628 1084 4700 quid
1115 4627 1221 4681 ait?
1272 4621 1537 4691 Numquid
1563 4637 1663 4673 non
1692 4634 1780 4689 per
1808 4616 1971 4671 Deum
2006 4617 2352 4686 interpretatio

782 4726 963 4777 horum
987 4730 1055 4781 est
1084 4717 1236 4787 (Gen.
1264 4716 1354 4772 40.
1386 4713 1439 4783 8)
1454 4716 1476 4765 ‘t
1498 4711 1652 4775 Vide,
1692 4709 1945 4765 continuo
1987 4707 2211 4777 gloriam
2245 4707 2354 4761 Deo

790 4813 1004 4873 tribuit;
1034 4818 1316 4880 propterea
1340 4807 1453 4875 ipse
1474 4817 1684 4872 quoque
1713 4798 1943 4877 gloriam
1964 4798 2190 4881 accepit.
2222 4796 2353 4850 Nam

768 4916 838 4963 ‘et
870 4905 973 4959 hoc
998 4902 1059 4956 ad
1090 4900 1310 4971 gloriam
1338 4911 1441 4949 non
1466 4895 1585 4948 leve
1609 4888 2117 4965 momentumhabet
2146 4886 2165 4943 ξ
2187 4887 2356 4942 multo

790 4991 941 5052 enim.
962 4992 1131 5060 majus
1155 4998 1253 5053 est,
1288 4988 1435 5061 ipsis
1467 4986 1577 5039 Deo
1608 4971 2250 5061 esse.rev‘elatum,quam
2278 4978 2358 5046 ip-

704 5146 705 5149 η
791 5070 911 5141 sum
945 5056 1126 5153 per-se
1158 5059 1629 5153 hoe'co‘nfeeisse;
1677 5056 2359 5151 praterquamr'quodhinc

792 5149 958 5229 etiam
984 5149 1311 5237 verbissuis
1334 5166 1490 5223 ﬁdem
1520 5152 1841 5229 ceuciliab‘at
1863 5203 1877 5225 ,
1896 5154 1913 5195 ί
1934 5150 2359 5231 ἱὼιιιεξίῑινηδίεεί-

792 5279 939 5319 mum
969 5254 1085 5317 erat
1115 5247 1486 5314 familiaritatis
1507 5269 1628 5308 cum
1654 5254 1761 5317 Deo
1790 5260 2180 5324 argumentum.
2221 5249 2358 5303 Nihil

800 5352 943 5409 enim
971 5366 1119 5420 teque
1145 5350 1351 5417 bonum
1366 5354 1448 5399 est
1468 5386 1483 5408 ,
1525 5358 1585 5397 ac
1612 5339 1922 5395 familiarem
1954 5339 2063 5393 ﬁeri
2118 5340 2245 5392 Deo.
2302 5338 2361 5391 Si

798 5440 927 5493 enim
968 5456 1029 5492 ea:
1056 5437 1285 5505 operibus
1324 5434 1628 5501 iustiﬁcatam
1677 5442 1779 5496 est,
1810 5431 1953 5482 habet
1980 5430 2229 5497 gloriam,
2280 5429 2362 5479 in-

792 5508 1063 5601 (ιιιὶιέλςεςά
1097 5540 1194 5578 non
1224 5525 1360 5593 apud
1391 5522 1555 5575 Deum
1594 5521 1613 5591 (
1642 5522 1790 5575 Rom.
1819 5522 1874 5574 4,
1906 5520 1942 5571 2
1963 5522 2000 5586 ).
2030 5518 2159 5571 Nam
2198 5528 2249 5571 et
2276 5518 2363 5586 qui

796 5596 1107 5668 criminibus
1132 5617 1389 5671 obnoxius
1422 5614 1641 5685 gratiam
1666 5622 1748 5666 est
1764 5620 2147 5679 consequutus,
2178 5608 2366 5677 gloria-

798 5712 883 5753 tur
913 5701 967 5767 in
995 5702 1102 5760 Deo
1124 5746 1138 5773 ,
1164 5708 1410 5761 nimirum
1436 5748 1450 5773 ,
1500 5705 1639 5776 (μιρά
1684 5704 1747 5759 ab
1792 5704 1883 5757 illo
1924 5712 2127 5756 amatur
2159 5700 2363 5769 sibique

2428 449 2641 510 peccata
2658 441 2879 496 remissa
2898 450 3023 496 sunt
3044 458 3058 497 :
3089 450 3141 495 et
3169 440 3259 495 ille
3278 440 3366 510 qui
3394 449 3666 510 operatur,
3699 440 3868 498 habet
3881 446 3983 514 glo-
4040 442 4041 465 λ

2422 532 2576 596 riam,
2610 530 2702 584 sed
2728 545 2833 584 non
2859 530 2999 600 apud
3032 530 3219 595 Deum,
3243 540 3301 585 ut
3329 531 3417 586 ille
3445 550 3460 585 :
3498 545 3620 585 nam
3648 534 3751 588 hoc
3778 534 3981 602 quidem
4040 530 4041 593 ξ

2422 634 2627 689 magna:
2656 618 2978 674 inﬁrmitatis
3016 626 3211 673 nostra:
3240 630 3324 675 est
3363 629 3734 691 argumentum
3763 638 3780 677 :
3826 632 3881 676 at
3903 623 3981 692 qui

2422 708 2736 778 sapientiam
2762 722 2793 762 a
2822 709 2931 763 Deo
2958 707 3198 779 accepit,
3224 718 3423 779 quanto
3449 711 3551 766 crit
3582 710 3983 767 admirabilior?

2422 802 2659 857 Gloriam
2687 802 2795 855 Deo
2823 801 3040 866 tribuit,
3084 810 3139 855 et
3167 800 3399 856 vicissim
3426 802 3496 856 ab
3514 802 3616 861 illo
3642 802 3872 872 gloriam
3900 817 3983 856 ae-

2422 891 2600 960 cepit:
2634 889 2987 958 Gfori/icautes
3013 892 3155 946 enim
3179 906 3278 957 me,
3312 890 3503 962 inquit,
3522 889 3755 961 gloriﬁco
3779 892 3834 962 (l
3866 891 3982 961 Reg.
4040 872 4041 875 η

2420 979 2475 1033 2.
2510 981 2578 1037 10
2609 977 2651 1053 ).
2685 981 2886 1037 Rursus
2909 970 3174 1052 pronepos
3211 981 3405 1052 hujus,
3448 995 3554 1052 quo
3580 982 3799 1053 quidem
3838 997 3985 1038 neruo

2422 1072 2522 1128 fuit
2562 1073 2855 1143 sapientior
2886 1072 3181 1145 (scriptum
3210 1081 3296 1129 est
3320 1073 3486 1140 enim,
3526 1071 3795 1143 Numquid
3822 1082 3876 1127 te
3908 1090 3984 1126 sa-

2424 1164 2639 1234 pientior
2661 1179 2712 1216 es
2743 1162 2955 1216 Daniele
2983 1161 3194 1234 [Ezecln
3219 1162 3309 1220 28.
3342 1160 3463 1234 5])?
3507 1162 3593 1218 hic
3622 1163 3783 1232 igitur
3816 1163 3985 1217 Daniel

2424 1269 2545 1310 cum
2572 1269 2761 1309 omnes
2784 1254 3056 1323 quierant
3096 1252 3149 1307 in
3189 1252 3459 1325 Babylone
3498 1252 3802 1322 sapientes,
3837 1261 3985 1321 atque

2425 1343 2526 1414 ipsi
2557 1344 3060 1414 rursustastrologi,
3104 1350 3281 1407 vates,
3334 1343 3511 1413 magi,
3544 1342 3985 1414 prastigiatores.
4040 1378 4041 1381 η

2426 1442 2587 1504 atque
2614 1435 2863 1490 universa
2894 1433 3253 1505 philosophia,
3301 1449 3405 1488 non
3435 1435 3591 1489 modo
3621 1436 3862 1490 convicta
3886 1436 3984 1504 jam

2425 1536 2588 1591 esset,
2616 1525 2711 1581 sed
2733 1527 2892 1580 etiam
2914 1542 2946 1581 e
2975 1525 3151 1581 medio
3179 1526 3381 1580 sublata
3401 1525 3635 1597 (capitali
3660 1527 3802 1581 enim
3826 1542 3856 1580 a
3876 1541 3987 1595 rege

2427 1614 2480 1669 in
2506 1614 2775 1685 sapientes
2794 1615 2899 1670 lata
2929 1604 3191 1671 sententia
3221 1615 3350 1670 satis
3373 1615 3661 1683 indicabat,
3689 1624 3845 1671 antea
3863 1630 3985 1686 quo-

2425 1718 2530 1775 que
2558 1719 2618 1760 se
2653 1704 2720 1759 ab
2745 1704 2851 1760 illis
2879 1703 3160 1773 deceptum
3199 1703 3387 1775 fuisse)
3417 1720 3432 1759 :
3482 1703 3745 1759 accedens
3769 1720 3899 1773 ergo
3929 1706 3987 1758 ad

2428 1812 2629 1866 regem,
2671 1797 2836 1866 ipsius
2866 1796 3109 1867 petitioni
3129 1795 3239 1865 jam
3266 1796 3656 1861 satisfacturus,
3688 1810 3859 1867 neque
3888 1801 3987 1867 ipse
4040 1810 4041 1813 ‘

2427 1901 2485 1943 se
2513 1886 2790 1959 magnifice
2825 1887 3221 1958 circumspicit,
3267 1885 3363 1943 sed
3404 1888 3636 1957 primum
3668 1889 3851 1943 omnia
3887 1887 3988 1942 Deo

2428 1980 2589 2033 refert
2613 1987 2851 2049 accepta,
2883 1989 2937 2034 et
2964 1978 3171 2049 inquit:
3203 1977 3334 2032 Mihi
3370 1993 3487 2032 vero
3514 1980 3688 2033 nonin
3714 1979 3981 2049 sapientia,

2427 2086 2540 2141 qua?
2557 2078 2631 2139 est
2656 2070 2709 2125 iu
2734 2087 2811 2124 me
2840 2071 2954 2141 plus
2969 2086 3124 2140 quam
3159 2071 3213 2122 in
3242 2070 3433 2122 cunctis
3461 2070 3770 2135 hominibus,
3814 2069 3989 2123 reuela-

2429 2168 2536 2214 tum
2563 2169 2669 2227 est,
2694 2175 2726 2216 ο
2751 2176 2843 2214 rex
2884 2158 3045 2229 (Dan.
3068 2157 3124 2213 2.
3151 2157 3265 2227 30).
3320 2158 3470 2213 Tune
3492 2172 3618 2212 vero
3654 2157 3896 2212 adoravit
3922 2157 3985 2225 ip-

2429 2268 2547 2310 sum
2575 2269 2691 2321 rex,
2721 2267 2784 2309 ac
2810 2252 2966 2320 dixit,
2997 2250 3255 2307 Libentur
3276 2250 3596 2306 oblationes.
3628 2237 3793 2305 Vides
3822 2249 3988 2303 humi-

2430 2343 2631 2399 litatem
2648 2344 2672 2398 ἲ
2689 2343 2835 2398 vides
2860 2351 3069 2423 gratum
3094 2340 3368 2396 animum?
3398 2340 3546 2395 vides
3567 2354 3785 2395 moresa
3815 2353 3990 2410 super-

2432 2438 2518 2493 bia
2540 2448 2774 2494 remotos
2793 2437 2817 2491 ἲ
2844 2435 2984 2490 Audi
3010 2449 3139 2490 vero
3166 2443 3221 2490 et
3245 2433 3611 2503 apostolorum
3633 2433 3820 2501 verba,
3836 2432 3990 2487 inter-

2430 2528 2556 2584 dum
2585 2526 2797 2600 quidem
2837 2525 3168 2582 dicentium:
3213 2524 3353 2591 Quid
3384 2541 3475 2580 nas
3515 2525 3812 2591 intuemini,
3861 2524 3991 2591 quasi

2433 2627 2610 2674 nostra
2632 2619 2813 2673 virtute
2828 2627 2915 2671 aut
2932 2616 3115 2687 pietate
3138 2616 3401 2686 fecerimus
3429 2615 3562 2669 hunc
3580 2615 3845 2670 ambulare
3866 2614 3989 2686 (Aet.

2432 2709 2490 2776 3,
2518 2708 2609 2763 l2.
2637 2718 2684 2762 et
2714 2707 2799 2763 11.
2833 2704 3276 2779 14)*ἓη1ηιετάιιω
3312 2720 3473 2771 vero,
3520 2702 3589 2757 Et
3632 2722 3724 2761 nos
3769 2706 3993 2759 mortales

2434 2816 2627 2867 sumus,
2655 2798 2846 2855 similes
2870 2796 3010 2851 vobis
3039 2796 3286 2850 homines.
3319 2794 3470 2862 Quod
3498 2796 3542 2850 si
3570 2796 3644 2850 illi
3672 2796 3879 2851 delatos
3902 2796 3992 2850 sibi

2418 2892 2667 2949 honores
2682 2890 2817 2946 adeo
2834 2889 3204 2960 repudiabant,
3239 2888 3506 2953 homines,
3536 2889 3626 2958 qui
3648 2904 3745 2955 per
3772 2903 3889 2943 eam
3908 2887 3993 2940 hu-

2436 2983 2717 3039 militatem
2755 2997 2875 3051 qua:
2923 2979 3216 3035 secundum
3261 2978 3531 3033 Christum
3578 2986 3694 3041 est,
3737 2979 3993 3048 ipsiusque

2437 3073 2727 3143 potentiam
2745 3070 2945 3141 majora
2972 3084 3130 3141 quam
3151 3068 3395 3124 Christus
3412 3069 3526 3137 ipse
3546 3082 3707 3138 opera
3734 3068 3995 3123 ediderant

2440 3164 2614 3235 (nam,
2648 3161 2749 3227 Qui
2767 3160 2926 3215 credit
2946 3160 2999 3213 in
3025 3175 3129 3223 me,
3169 3159 3373 3229 inquit,
3403 3159 3603 3226 majora
3629 3158 3811 3211 horum
3839 3158 3991 3229 faciet,

2438 3268 2550 3325 qua:
2578 3268 2670 3324 ego
2700 3251 2831 3323 facio
2861 3249 3055 3322 (Joan.
3075 3247 3163 3304 14.
3188 3248 3275 3319 12)
3303 3266 3317 3301 :
3350 3247 3618 3318 quomodo
3643 3263 3743 3303 nos
3772 3264 3879 3304 non
3909 3248 3995 3302 mi-

2440 3344 2545 3399 seri
2565 3352 2725 3414 atque
2750 3341 2991 3397 infelices
3026 3355 3232 3407 sumus,
3262 3341 3349 3409 qui
3371 3354 3440 3394 ne
3458 3340 3659 3394 culices
3686 3339 3899 3410 quidem
3918 3356 3994 3395 ex-

2440 3435 2639 3507 pellere
2663 3447 2968 3505 possumus,
2996 3430 3192 3486 nedum
3220 3430 3533 3485 d:emonas?
3558 3431 3650 3500 qui
3688 3445 3756 3486 ne
3783 3431 3872 3485 uni
3898 3430 3995 3500 qui;

2439 3526 2564 3583 dem
2590 3525 2792 3581 homini
2819 3524 3075 3595 prodesse
3093 3521 3355 3588 valemus,
3380 3520 3574 3577 nedum
3603 3521 3857 3577 universo
3873 3519 3994 3582 orbi,

2441 3629 2496 3675 et
2516 3628 2692 3674 tamen
2716 3625 2890 3671 tantos
2924 3615 3079 3670 nobis
3117 3614 3337 3684 spiritus
3362 3613 3646 3681 sumimus,
3681 3621 3912 3683 quantos
3937 3626 3995 3666 ne

2443 3702 2565 3781 Ipse
2581 3708 2797 3781 quidem
2823 3705 3112 3762 diabolus?

2513 3802 2567 3857 3.
2609 3799 2859 3868 Superbia
2894 3813 3046 3867 quam
3087 3796 3255 3851 aliena
3290 3795 3352 3849 ab
3390 3796 3562 3849 animo
3604 3793 3909 3849 Christiana.
3936 3822 3993 3835 —-

2444 3890 2586 3947 Nihil
2613 3904 2762 3959 aeque
2801 3888 3034 3943 alienum
3065 3887 3133 3941 ab
3169 3887 3345 3941 anima
3369 3885 3671 3941 Christiana
3713 3894 3796 3941 est
3833 3901 3894 3940 ac
3919 3900 3997 3939 su-

2447 3982 2630 4053 perbia
2659 3998 2672 4032 :
2698 3978 3002 4048 superbiam
3042 3978 3187 4043 dico,
3235 3993 3340 4032 non
3373 3976 3665 4044 ﬁdentiam,
3717 3993 3822 4033 non
3850 3977 3999 4032 virilis

2447 4072 2611 4128 animi
2642 4070 3041 4136 fortitudinem;
3087 4084 3209 4123 nam
3259 4069 3357 4124 ista
3388 4068 3606 4138 quidem
3649 4066 3998 4124 convenientia

2448 4166 2607 4227 sunt;
2632 4162 2789 4231 longe
2815 4159 2959 4215 enim
2987 4159 3056 4214 ab
3085 4158 3173 4213 illa
3195 4158 3465 4213 differunt.
3488 4157 3850 4226 Quamobrem
3876 4156 3999 4213 aliud

2450 4253 2664 4324 quidem
2707 4260 2785 4306 est
2817 4250 3106 4315 humilitas,
3139 4248 3282 4303 aliud
3309 4263 3438 4305 vero
3482 4249 3814 4304 illiberalitas
3838 4259 3893 4304 et
3930 4263 4005 4305 as-

2452 4344 2681 4400 sentatio
2722 4351 2777 4398 et
2816 4342 3004 4397 molles
3046 4340 3339 4396 blanditias.
3388 4340 3467 4395 Ae
3509 4340 3554 4395 si
3602 4341 3783 4406 vultis,
3834 4341 3999 4394 horum

2453 4434 2688 4489 omnium
2714 4447 2813 4503 ego
2852 4431 3004 4486 vobis
3042 4430 3286 4499 exempla
3322 4429 3561 4484 aderam.
3591 4429 3855 4485 Videntur
3880 4430 4000 4484 enim

2452 4541 2572 4598 qua:
2595 4524 2858 4579 contraria
2888 4532 3011 4577 sunt
3048 4522 3187 4577 inter
3209 4536 3290 4587 se,
3319 4534 3485 4591 prope
3510 4512 3900 4590 quodammodo
3933 4534 4003 4573 es-

2456 4634 2515 4674 se
2557 4616 2747 4687 posita,
2777 4624 2833 4668 ut
2877 4614 3141 4667 frumento
3170 4611 3393 4677 zizania,
3423 4620 3477 4665 et
3514 4610 3652 4665 rosis
3698 4612 3901 4680 spiam;
3928 4607 4003 4663 sed

2458 4707 2607 4777 pueri
2639 4703 2852 4774 quidem
2894 4702 3161 4767 fallantur,
3212 4701 3299 4771 qui
3345 4710 3522 4755 autem
3568 4716 3696 4755 vere
3740 4710 3866 4757 sunt
3901 4700 4003 4759 viri,

2458 4794 2749 4865 spiritualis
2794 4790 3128 4861 agricultura:
3179 4790 3354 4857 periti,
3406 4798 3605 4843 norunt
3644 4804 3772 4845 vera
3820 4790 3945 4844 bona
3982 4802 4005 4839 a

2462 4883 2613 4937 malis
2634 4882 2976 4949 distinguere.
3006 4881 3115 4947 Age
3144 4878 3304 4948 igitur
3328 4880 3569 4947 exempla
3596 4878 3746 4933 vobis
3777 4895 3841 4935 ex
3872 4878 4005 4947 ipsis-

2464 4984 2571 5029 met
2597 4973 2883 5041 Scripturis
2910 4985 3283 5040 proponamus.
3315 4970 3452 5038 Quid
3476 4969 3686 5025 tandem
3720 4980 3805 5026 est
3841 4984 4006 5023 assen-

2462 5068 2593 5121 tatio
2619 5064 3028 5132 etilliberulitas
3063 5070 3117 5115 et
3147 5061 3324 5116 mollis
3355 5061 3608 5116 blanditia
3630 5062 3653 5113 ἲ
3679 5062 3807 5117 Silia
3836 5063 4004 5115 intem-

2468 5157 2670 5226 pestive
2714 5153 2895 5207 Davidi
2944 5162 3027 5207 est
3077 5160 3398 5217 assentatus,
3449 5168 3711 5221 suumque
3760 5153 4007 5208 dominum

2468 5247 2776 5300 criminatus
2802 5255 2917 5308 est;
2946 5243 3113 5297 multo
3141 5254 3315 5298 autem
3339 5246 3504 5314 magis
3526 5245 3844 5315 Achitophcl
3869 5245 4008 5298 Aban-

2471 5337 2601 5389 loni.
2633 5337 2701 5389 At
2745 5352 2848 5389 non
2880 5334 3000 5388 talis
3030 5334 3214 5399 David,
3258 5336 3349 5388 sed
3394 5336 3609 5390 humilis
3640 5337 3714 5405 (2.
3750 5337 3873 5407 Reg.
3918 5334 4006 5401 l6).

2470 5428 2567 5493 Qui
2618 5427 2757 5480 enim
2797 5425 3003 5480 subdoli
3051 5435 3192 5488 sunt,
3243 5429 3605 5482 assentatores
3643 5438 3805 5482 sunt:
3849 5442 4005 5498 quem-

2472 5517 2755 5571 admodum
2804 5531 2921 5570 eum
2970 5516 3109 5585 magi
3138 5516 3360 5571 dicunt:
3404 5517 3542 5581 Vive,
3594 5536 3705 5585 rex,
3759 5524 3809 5574 in
3854 5519 4007 5572 smnia

2476 5608 2635 5675 (Dan.
2667 5607 2723 5660 9..
2753 5608 2828 5675 4).
2867 5609 2941 5661 Ae
2977 5606 3043 5662 de
3070 5606 3235 5661 Paulo
3262 5609 3427 5661 multa
3470 5608 3773 5679 hujusmodi
3800 5610 4005 5665 invenio

2479 5715 2600 5757 nius
2626 5699 2676 5754 in
2716 5690 2880 5768 Actis,
2910 5715 3029 5753 cum
3052 5698 3246 5755 ὲυιιευὶε
3274 5700 3347 5753 ita
3376 5698 3693 5769 dis-serente,
3727 5711 3784 5756 ut
3816 5716 3911 5755 nou
3941 5712 4005 5748 ἀει
4040 5764 4041 5775 χ

3888 326 4041 383 216i
