4064 6318
720 384 828 441 299

727 496 879 579 Pauli
925 495 1284 565 Samosaleui,
1335 506 1391 555 et
1436 498 1668 556 Marcelli
1719 499 1941 569 Galattc,
1979 510 2033 557 et
2080 499 2297 558 Sabellii

730 587 935 661 Libyci,
965 598 1021 645 et
1062 589 1345 647 Marcionis
1370 590 1596 657 Pontici,
1634 600 1690 647 ct
1719 591 2010 657 Valentini,
2038 603 2093 647 et
2120 592 2301 648 Mane-

730 678 818 742 tis.
849 689 901 734 et
922 679 1263 743 Laodicensis
1291 681 1624 752 Apollinarii,
1654 691 1709 738 et
1728 681 1961 749 Photini,
1984 692 2045 740 et.
2064 682 2300 753 SOphru-

726 770 798 823 nii
831 770 928 841 (τι),
971 787 1263 842 omnesque
1316 773 1533 829 omnino
1582 775 1814 829 haereses
1865 774 2167 843 prostravit.
2232 772 2300 830 Ut

731 862 908 931 itaque
952 863 1018 918 ad
1067 863 1369 933 hujusmodi
1410 866 1767 935 spectaculum
1814 865 2039 929 invitati,
2091 874 2149 920 ut
2196 881 2297 921 una

726 956 878 1026 plaga
910 966 989 1011 tot
1017 957 1334 1027 phalaugum
1378 960 1582 1014 ruinam
1620 959 1808 1024 visuri,
1859 957 2185 1025 excitantini,
2231 974 2300 1012 ne

726 1046 1014 1114 spectaculi
1035 1047 1339 1116 iucunditas
1370 1063 1463 1103 vos
1485 1049 1840 1119 praetervolet.
1871 1048 2000 1103 Nam
2025 1048 2069 1102 si
2099 1048 2153 1101 iu
2177 1064 2301 1102 cur-

732 1155 886 1193 ruum
917 1149 1077 1209 atque
1117 1155 1377 1209 equorum
1424 1140 1802 1196 certaminibus
1844 1140 1973 1195 nihil
1999 1156 2151 1210 teque
2178 1155 2289 1209 spe-

726 1240 868 1285 t-tatu
894 1231 1187 1300 jucundum
1232 1242 1334 1297 est,
1379 1248 1442 1287 ac
1482 1248 1602 1287 cum
1639 1233 1756 1303 quis
1787 1241 1926 1287 totos
1967 1246 2155 1287 currus
2197 1246 2297 1286 una

724 1339 847 1378 cmn
894 1324 1092 1395 aurigis
1141 1325 1368 1394 impulsu
1426 1326 1541 1395 ipso
1588 1325 1950 1394 prostraverit,
2008 1324 2297 1393 multisque

728 1417 1000 1489 quadrigis
1031 1418 1352 1488 resupinatis
1382 1434 1481 1471 una
1512 1432 1633 1472 cum
1678 1417 2047 1473 insistentibus
2074 1416 2293 1487 aurigis,

725 1512 873 1565 solus
910 1510 977 1564 ad
1021 1521 1213 1564 metam
1244 1509 1551 1580 calcemque
1590 1510 1777 1580 agonis
1806 1508 2143 1579 pervenerit;
2183 1522 2298 1562 ma-

724 1616 966 1672 gnusque
993 1601 1225 1672 undique
1257 1601 1469 1668 plausus
1497 1610 1550 1656 et
1574 1601 1775 1656 clamor
1802 1600 1867 1655 ad
1889 1600 2077 1655 cmlum
2103 1613 2295 1655 ascen-

724 1694 867 1747 derit
893 1710 908 1749 :
938 1694 1026 1749 ille
1054 1706 1184 1748 vero
1213 1710 1276 1748 ex
1304 1693 1484 1749 laetitia
1512 1701 1565 1748 et
1592 1692 1862 1762 plausibus
1889 1693 2042 1763 quasi
2064 1692 2297 1747 volucris

731 1782 903 1838 factus
933 1792 1098 1837 totum
1127 1784 1355 1837 stadium
1380 1784 1530 1854 equis
1550 1782 1841 1839 confecerit
1867 1799 1881 1835 :
1908 1791 2108 1854 quanto
2127 1781 2301 1851 major

727 1873 853 1929 hinc
878 1874 1099 1929 exsistet
1116 1873 1380 1943 voluptas,
1404 1888 1527 1930 cum
1551 1872 1788 1931 omnium
1809 1873 2070 1929 ha:resum
2097 1886 2298 1928 cuneos

724 1980 779 2022 et
814 1966 1075 2023 diabolica
1114 1942 1536 2022 machinamenta
1582 1981 1686 2019 una
1725 1980 1847 2019 cum
1897 1965 2095 2035 aurigis
2144 1964 2295 2035 ipsis,

700 2059 819 2112 TDei
864 2059 1055 2129 gratia,
1087 2058 1266 2123 omnia
1298 2058 1475 2111 simul.
1497 2056 1781 2113 confertim
1812 2056 2300 2127 prostraverimus?

726 2152 806 2204 Ac
835 2150 881 2204 si
918 2149 1065 2218 libet,
1096 2149 1323 2220 primum
1353 2148 1588 2207 haereses
1618 2151 1761 2219 ipsas
1805 2164 1873 2205 ex
1917 2149 2106 2204 ordine
2132 2148 2298 2206 collo-

724 2255 929 2295 COlllllS.

803 2328 1015 2383 Errores
1042 2326 1276 2395 Sabellii,
1310 2328 1607 2394 Marcionis,
1650 2328 1907 2393 Marcelli,
1938 2327 2172 2394 Photim',
2197 2329 2301 2384 So-

728 2422 954 2492 pltrouii,
1000 2422 1145 2488 Arii,
1188 2432 1539 2491 exponuntur;
1585 2425 1913 2492 confutantur
1952 2421 2208 2476 Sabellius
2253 2433 2303 2477 et

728 2513 901 2566 Arius.
930 2538 1000 2551 —-
1031 2512 1200 2566 Vultis
1214 2511 1383 2581 igitur
1410 2511 1718 2582 impietatis,
1750 2526 1817 2565 an
1842 2522 2137 2581 temporum
2159 2512 2305 2567 ordi-

733 2619 854 2656 nem
876 2602 900 2660 ‘2
926 2602 1028 2658 Sed
1074 2612 1369 2670 temporum
1391 2617 1537 2674 sane
1576 2617 1899 2672 sequamur:
1932 2603 2131 2658 etenim
2160 2619 2303 2674 quie-

734 2708 855 2746 nam
885 2693 1157 2760 impietate
1196 2694 1342 2762 prior
1367 2735 1382 2760 ,
1415 2694 1500 2748 vel
1534 2693 1799 2763 posterior
1828 2694 1919 2759 sit,
1959 2693 2181 2751 difﬁcile
2222 2704 2307 2750 est

728 2784 988 2853 judicatu.
1036 2782 1245 2837 Primus
1280 2784 1442 2853 igitur
1483 2782 1706 2853 prodeat
1749 2782 2014 2840 Sabellius
2051 2783 2305 2856 Libycus.

731 2876 869 2942 Quid
899 2875 1021 2941 iste,
1051 2874 1220 2945 inquit
1240 2875 1262 2929 ?
1286 2875 1520 2942 Patrem,
1568 2874 1763 2929 Filium
1802 2884 1856 2929 et
1890 2873 2148 2944 Spiritum
2179 2890 2306 2931 san-

732 2975 879 3024 etum
894 2966 1033 3021 nuda
1052 2980 1171 3019 esse
1192 2966 1403 3019 nomina
1426 2964 1514 3019 uni
1532 2979 1774 3034 persona:
1790 2963 2059 3034 imposita.
2074 2964 2307 3020 Marcion

733 3064 913 3112 autem
933 3055 1186 3116 Ponticus
1206 3064 1362 3125 negat
1388 3056 1575 3122 Deum,
1595 3057 1685 3127 qui
1705 3056 1884 3112 omnia
1905 3056 2163 3123 condidit,
2189 3071 2310 3113 esse

736 3148 934 3203 bonum
960 3186 977 3214 ,
1008 3161 1072 3201 ae
1102 3147 1313 3205 Patrem
1340 3146 1538 3205 Christi
1570 3146 1727 3212 boui;
1784 3146 1878 3201 sed
1924 3148 2089 3202 alium
2119 3162 2308 3217 quem-

736 3238 860 3294 dam
887 3252 1007 3292 esse
1035 3237 1219 3307 lingit,
1252 3237 1342 3307 qui
1364 3237 1540 3306 justus
1565 3236 1636 3292 sit
1660 3277 1676 3304 ,
1704 3236 2005 3307 Filiumque
2033 3252 2128 3306 pro
2158 3237 2312 3293 nobis

686 3318 689 3321 “
736 3327 1031 3401 stnup;.isse
1061 3342 1274 3383 carnem
1302 3336 1476 3405 negat.
1494 3327 1776 3382 Marcellus
1792 3338 1845 3382 et
1866 3326 2125 3383 Photinus
2140 3336 2194 3383 et
2208 3327 2313 3383 So-

737 3417 999 3488 phronius
1028 3417 1256 3472 Verbum
1285 3418 1455 3486 ipsum
1483 3416 1729 3488 inquiunt
1758 3418 2030 3489 euergiam
2056 3428 2109 3473 et
2134 3417 2314 3474 cilica-

738 3508 877 3565 ciam
904 3508 1232 3577 operationis
1259 3523 1414 3574 esse;
1455 3517 1613 3578 atque
1640 3510 1779 3563 hanc
1807 3510 2074 3580 energiam
2106 3510 2318 3565 iuhahi'

740 3610 856 3657 tare
882 3602 933 3655 in
963 3602 1052 3656 ilio
1078 3601 1168 3670 qui
1213 3617 1280 3655 ex
1317 3601 1523 3657 semine
1555 3602 1716 3655 David
1743 3643 1758 3667 ,
1790 3602 2008 3659 minime
2033 3617 2162 3658 vero
2184 3602 2314 3658 sub-

741 3694 991 3750 stantiam
1022 3693 1425 3764 hypostaticam.
1452 3693 1612 3747 Arius
1634 3692 1831 3748 Filium
1854 3694 2064 3764 quidem
2095 3694 2313 3762 fatetur,

740 3783 835 3840 sed
865 3784 1313 3841 tantumnomine
1343 3803 1355 3837 :
1386 3793 1686 3840 creaturam
1713 3785 1855 3839 enim
1883 3799 2004 3840 esse
2049 3786 2239 3857 inquit,
2262 3794 2319 3841 et

745 3876 905 3933 Patre
949 3876 1107 3943 longe
1137 3875 1420 3929 minorem.
1473 3872 1664 3929 Caeteri
1713 3886 1840 3930 vero
1880 3886 2074 3946 negant
2119 3877 2317 3934 habere

742 3967 999 4021 animant.
1050 3965 1208 4021 Vides
1259 3973 1463 4021 stantes
1509 3964 1739 4018 currus?
1775 3966 2052 4021 considera
2082 3967 2238 4039 igitur
2265 3977 2320 4023 et

744 4059 957 4113 illorum
1004 4057 1184 4113 ruinas
1210 4098 1226 4123 ,
1270 4055 1538 4125 quomodo
1580 4070 1771 4110 onmes
1813 4056 1973 4111 simul
2015 4058 2319 4127 propellens

747 4149 973 4213 sternit,
1005 4162 1212 4214 omnes,
1257 4146 1469 4216 inquam
1496 4187 1512 4212 ,
1542 4160 1644 4200 una
1691 4147 1843 4217 plaga
1890 4156 2051 4218 atque
2098 4150 2317 4219 impetu.

747 4239 1025 4307 Quomodo
1050 4240 1210 4308 igitur
1236 4239 1471 4296 sternit?
1508 4237 1618 4297 Hoc
1660 4240 1793 4296 enim
1816 4243 2059 4295 sentiatur
2080 4242 2135 4296 in
2162 4243 2318 4308 vobis,
2360 4286 2363 4287 ν

749 4331 941 4400 inquit,
968 4330 1103 4399 quod
1123 4339 1168 4382 et
1193 4335 1246 4383 tn
1272 4329 1473 4383 Christo
1497 4327 1622 4385 Jesu
1642 4372 1658 4397 ,
1687 4331 1773 4401 qui
1801 4348 1917 4389 cum
1956 4334 2010 4386 in
2040 4335 2205 4404 forma
2231 4334 2323 4389 Dei

662 4432 667 4438 ‘
749 4432 900 4487 esset,
924 4439 1026 4475 non
1068 4422 1301 4491 rapinam
1326 4422 1600 4477 arbitratus
1622 4432 1696 4477 est
1722 4440 1826 4478 esse
1849 4440 1904 4478 se
1923 4426 2167 4495 (aqualem
2191 4426 2321 4482 Deo.

751 4513 889 4568 lliuc
926 4520 981 4567 et
1012 4511 1204 4572 Paulus
1229 4512 1610 4568 Samosateuus
1634 4515 1857 4581 corruit,
1887 4524 1941 4570 et
1963 4514 2246 4574 Marcellus
2269 4528 2326 4576 ct

752 4604 1017 4660 Sabellius
1047 4621 1062 4659 :
1092 4606 1260 4675 inquit
1284 4606 1427 4659 cuitu
1455 4647 1471 4671 ,
1504 4605 1606 4672 Qui
1631 4622 1746 4659 cum
1769 4606 1821 4661 in
1849 4607 2017 4675 [arma
2039 4607 2138 4663 Dei
2173 4621 2322 4671 esset.

749 4697 807 4755 Si
837 4698 891 4751 in
917 4695 1109 4763 turma,
1133 4696 1402 4765 quomodo
1426 4697 1505 4752 ais
1532 4707 1609 4762 ιιι,
1635 4712 1669 4751 o
1698 4698 1949 4766 sceleste,
1979 4715 2012 4759 a
2032 4700 2193 4756 Maria
2224 4703 2325 4759 ini-

752 4790 883 4845 tium
912 4788 1204 4853 habuisse,
1251 4796 1410 4860 atque
1452 4797 1612 4843 antea
1657 4804 1763 4844 non
1812 4789 2020 4847 fuisse?
2056 4794 2327 4862 quomodo

752 4893 886 4936 vero
910 4889 965 4934 tu
991 4893 1176 4938 rursus
1218 4878 1353 4935 dicis
1397 4880 1668 4950 energiam
1713 4880 1922 4936 fuisse?
1963 4881 2324 4953 inquitenim,

751 4971 820 5028 In
861 4972 1029 5042 {arma
1055 4970 1171 5037 Dei,
1197 4981 1241 5025 et
1268 4974 1485 5042 [omam
1526 4972 1657 5031 serui
1693 4974 1907 5045 accepit.
1936 4974 2127 5031 Forma
2163 4978 2327 5045 servi,

752 5065 841 5120 dic
866 5062 1014 5129 mihi,
1048 5074 1200 5119 esme
1228 5064 1443 5134 enorgia
1473 5064 1613 5119 servi
1636 5104 1654 5132 ,
1680 5079 1748 5119 an
1778 5073 1963 5121 natura
1991 5066 2175 5122 servi?
2196 5067 2329 5124 Om-

755 5158 884 5213 nino
912 5167 1098 5211 natura
1139 5158 1319 5223 servi,
1350 5158 1717 5227 respondebis.
1748 5157 1890 5229 Ergo
1929 5169 1989 5216 et
2025 5160 2194 5217 forma
2236 5162 2330 5217 Dei

755 5258 945 5304 natura
978 5249 1072 5305 Dei
1101 5259 1183 5306 est
1204 5290 1222 5316 ,
1251 5266 1359 5306 non
1389 5250 1549 5321 igitur
1574 5253 1811 5323 energia.
1846 5253 1921 5308 En
1964 5263 2020 5309 et
2047 5252 2332 5311 Marcellus

755 5339 942 5397 Galata
967 5350 1022 5398 et
1048 5340 1382 5410 Seplttonius
1403 5350 1459 5422 et
1483 5341 1738 5399 Photinus
1766 5354 2104 5401 corruerunt.

827 5429 881 5485 2.
924 5432 1004 5487 Eu
1042 5446 1256 5503 quoque
1294 5430 1579 5489 Sabellius.
1608 5432 1734 5489 Cum
1772 5434 1828 5490 in
1857 5436 2027 5506 {arma
2052 5434 2150 5490 Dei
2180 5444 2329 5506 esset,

816 5543 1301 5614 (amorum-mium
1774 5559 1987 5614 mea.
2001 5546 2175 5614 quales
2187 5549 2334 5614 σπι-ιτ

753 5604 1165 5670 ιοαόαιιιειςεῐᾳι
1176 5614 1231 5670 ει
1249 5606 1546 5670 confligam!)
1568 5606 1790 5670 Distribs
2056 5604 2334 5663 referemus

754 5672 903 5739 ’ζοιιιο
922 5666 1051 5717 ΧΙΙΙ.
1074 5666 1377 5739 Sophronias
1893 5669 2161 5735 Episcopus
2181 5679 2331 5739 Haec:

754 5728 991 5800 ξοιύεῃιιε
1020 5728 1442 5800 esse’dicebatur.
1467 5728 1600 5800 Ejus
1632 5728 2085 5800 incanuit-etiamsi
2106 5739 2183 5783 est
2204 5733 2330 5799 apud

756 5788 1005 5846 Socratem
1028 5799 1082 5847 et
1100 5790 1442 5848 Summanum.
1467 5788 1593 5842 Vide
1616 5790 1767 5842 etiam
1788 5788 2125 5856 Nicephorum.

1494 383 1551 441 S.
1590 382 1863 443 JOANNIS
1897 383 2365 447 οηῐιῐεοδτοιιι
2403 385 2714 446 ARClllEP.
2756 394 3277 455 CONSTAN'I'I-NOP.

3881 400 3977 460 220

2405 518 2510 557 non
2534 505 2769 575 rapinam
2792 549 2809 575 ,
2842 509 3033 582 inquit,
3068 512 3342 569 arbitratus
3383 522 3457 568 est
3493 529 3604 570 esse
3639 532 3695 571 se
3734 518 3975 587 φοιτ-

2406 589 2534 648 Deo.
2596 593 2823 667 Equale
2872 616 3001 657 vero
3043 617 3155 656 non
3206 602 3263 658 in
3307 617 3410 657 una
3467 603 3661 659 dicitur
3703 620 3973 676 persona:

2402 685 2607 751 mquale
2646 686 2789 743 enim
2832 689 2989 745 alicui
3018 699 3102 746 est
3142 692 3369 760 aequale.
3398 691 3557 750 Vides
3582 694 3816 750 duarum
3857 710 3975 766 per.

2404 788 2655 831 sonorum
2687 777 3040 850 hypostasim,
3070 797 3176 837 non
3206 791 3386 837 autem
3412 783 3552 839 nuda
3573 786 3794 840 nomina
3818 825 3835 850 ,
3862 785 3968 855 qui-

2396 866 2503 923 bus
2551 870 2710 925 nulla:
2749 887 2836 927 res
2883 872 3139 943 subjecta-
3178 874 3327 928 sint?
3377 873 3572 929 audisti
3611 875 3972 931 exsistentiam

2403 957 2672 1029 Unigeniti
2701 970 2825 1017 ante
2848 963 3083 1019 secula?
3113 963 3310 1020 Verum
3338 963 3453 1020 hzec
3483 963 3699 1035 quidem
3723 965 3975 1021 adversus

2402 1046 2521 1104 illos
2562 1067 2577 1107 :
2618 1051 2713 1107 sed
2738 1051 2864 1123 quid
2884 1052 2993 1123 jam
3032 1054 3289 1110 adversus
3331 1056 3513 1110 Arium
3557 1055 3844 1117 dicemus.
3890 1059 3974 1126 qui

2401 1140 2621 1197 alterius
2668 1148 2913 1199 essentite
2939 1145 3134 1203 Filium
3179 1145 3341 1202 facit!
3381 1147 3475 1202 Dic
3510 1146 3641 1205 mihi
3666 1187 3683 1215 ,
3712 1148 3844 1218 quid
3873 1148 3971 1205 hoc

2402 1241 2504 1297 est,
2534 1231 2784 1289 Formam
2805 1235 2948 1293 servi
2972 1236 3219 1306 accepit?
3250 1236 3421 1293 Homo
3446 1236 3618 1292 factus
3644 1247 3751 1305 est,
3784 1239 3971 1308 inquit.

2402 1322 2547 1395 Ergo
2568 1334 2623 1379 et
2648 1326 2700 1380 in
2740 1325 2911 1381 forma
2961 1328 3057 1383 Dei
3081 1329 3346 1384 exsistcns
3388 1329 3530 1384 Deus
3567 1338 3683 1383 crat
3712 1345 3728 1381 :
3757 1344 3884 1383 nam
3926 1341 3976 1384 et

2403 1413 2513 1481 hic,
2539 1426 2592 1470 et
2614 1416 2721 1472 illic
2741 1432 2932 1473 nomen
2955 1417 3142 1474 forma:
3164 1420 3396 1490 ponitur.
3420 1421 3477 1476 Si
3509 1421 3613 1477 hoc
3633 1436 3841 1487 verum,
3863 1437 3974 1476 cer-

2403 1514 2456 1563 te
2479 1516 2536 1563 et
2558 1507 2688 1564 illud
2710 1526 2725 1565 :
2746 1508 2918 1565 forma
2942 1512 3082 1566 servi
3104 1521 3188 1571 est
3211 1524 3397 1567 natura
3424 1512 3584 1568 homo
3609 1531 3623 1568 :
3652 1528 3781 1584 ergo
3807 1513 3971 1570 forma

2400 1598 2563 1654 etiam
2608 1600 2700 1656 Dei
2748 1610 2933 1657 natura
2960 1613 3043 1658 est
3072 1602 3234 1659 Deus.
3265 1603 3450 1676 Neque
3481 1605 3583 1661 hoc
3624 1604 3838 1671 solum;
3884 1604 3972 1659 sed

2402 1688 2559 1745 etiam
2588 1690 2806 1759 perinde
2831 1705 2895 1747 ac
2921 1691 3174 1758 Joannes,
3202 1692 3271 1748 de
3301 1694 3467 1764 ipsius
3495 1696 3803 1765 mqualitate
3830 1695 3974 1751 testi-

2402 1779 2639 1834 monium
2667 1779 2794 1846 dat,
2823 1782 3162 1853 ostenditque
3209 1783 3378 1840 nihilo
3417 1783 3593 1854 ipsum
3620 1784 3781 1841 Patre
3807 1786 3972 1841 miuo-

2402 1884 2516 1924 rem
2542 1885 2663 1926 esse
2691 1890 2705 1926 :
2737 1869 2859 1926 Non
2886 1875 3143 1942 rapinam,
3176 1874 3372 1945 inquit,
3402 1875 3679 1930 arbitratus
3702 1887 3777 1932 est
3799 1892 3908 1931 esse
3926 1892 3973 1931 se

2402 1961 2644 2027 aqualem
2666 1959 2795 2017 Deo.
2821 1962 2926 2018 Sed
2955 1978 3199 2034 quaenam
3226 1974 3308 2020 est
3327 1946 3513 2035 arguta
3540 1964 3756 2021 illorum
3780 1966 3972 2021 oratio?

2403 2054 2475 2107 At
2512 2052 2656 2107 enim
2701 2053 3031 2121 contrarium
3076 2055 3253 2125 potius
3293 2054 3412 2110 istis
3436 2055 3616 2112 verbis
3657 2055 3971 2120 ostenditur,

2404 2142 2650 2212 inquiunt
2677 2160 2692 2197 ε
2718 2142 2855 2198 dixit
2874 2145 3051 2209 enim,
3082 2159 3204 2200 cum
3236 2144 3290 2199 in
3337 2147 3505 2200 forma
3537 2144 3631 2200 Dei
3658 2153 3842 2211 esset,
3872 2161 3973 2200 non

2405 2234 2511 2290 hoc
2534 2235 2798 2306 rapuisse,
2848 2244 2908 2291 ut
2931 2246 3074 2292 esset
3120 2236 3342 2308 aequalis
3373 2237 3503 2293 Deo.
3546 2236 3709 2308 Atqui
3750 2238 3796 2293 si
3843 2238 3975 2292 Deus

2406 2334 2544 2391 erat;
2586 2326 2852 2397 quomodo
2901 2335 3113 2397 poterat
3155 2329 3385 2397 rapere?
3432 2326 3541 2383 Sed
3588 2328 3858 2395 quomodo
3881 2329 3975 2383 hoc

2407 2432 2514 2473 non
2545 2417 2933 2485 inconsiderate
2957 2418 3156 2474 dictum
3185 2418 3383 2474 fuerit?
3402 2418 3537 2487 Quis
3566 2418 3711 2475 enim
3732 2432 3973 2489 umquam

2406 2508 2623 2575 dixerit,
2646 2508 2898 2578 aliquem,
2926 2524 3048 2563 cum
3075 2509 3237 2563 homo
3260 2516 3427 2574 esset,
3455 2523 3565 2564 non
3592 2508 3695 2564 hoc
3718 2510 3973 2579 rapuisse.

2408 2607 2467 2653 ut
2494 2606 2637 2653 esset
2664 2598 2869 2654 homo?
2894 2600 2983 2669 qui
3024 2598 3169 2653 enim
3209 2598 3328 2655 ﬁeri
3377 2608 3574 2668 potest,
3620 2607 3681 2654 ut
3720 2598 3974 2669 quiSpiam

2410 2689 2582 2761 rapiat
2605 2688 2657 2745 id
2683 2689 2823 2760 quod
2848 2689 2971 2745 est?
2997 2688 3112 2744 Non
3139 2691 3232 2757 ita,
3262 2690 3528 2759 inquiunt,
3556 2690 3652 2745 sed
3675 2690 3753 2763 sic
3772 2690 3967 2745 intelli-

2409 2794 2523 2849 gas,
2553 2779 2764 2845 Filium,
2793 2794 2915 2835 cum
2942 2780 3081 2835 Deus
3108 2781 3281 2834 minor
3306 2789 3473 2845 esset,
3506 2797 3613 2835 non
3646 2780 3747 2836 hoc
3778 2782 3977 2853 rapuis-

2410 2883 2490 2932 se,
2546 2877 2603 2923 ut
2646 2856 2863 2939 requalis
2912 2878 3058 2926 esset
3100 2870 3211 2926 Deo
3260 2885 3455 2941 magno
3490 2880 3547 2926 et
3585 2871 3795 2940 majori.
3847 2871 3977 2940 Ergo

2414 2974 2608 3030 parvus
2636 2971 2691 3017 et
2714 2975 2939 3031 magnus
2969 2953 3109 3017 Deus
3138 2962 3266 3016 est?
3293 2972 3453 3030 atque
3499 2961 3572 3017 ita
3600 2960 3655 3015 in
3695 2961 3975 3016 Ecelesiam

2413 3050 2654 3106 Graecam
2686 3037 2933 3121 dogmata
2959 3051 3216 3110 inducitis
3237 3054 3261 3104 Ἰ
3286 3051 3418 3107 Nam
3446 3052 3586 3122 apud
3621 3051 3840 3107 Glaucus
3866 3049 3977 3124 qui-

2413 3142 2535 3196 dem
2562 3151 2644 3198 est
2668 3157 2891 3213 magnus
2913 3143 3045 3198 deus
3070 3152 3125 3198 et
3146 3157 3342 3213 parvus
3368 3161 3380 3197 :
3411 3144 3553 3214 quod
3577 3162 3648 3199 an
3669 3147 3828 3202 etiam
3850 3146 3976 3218 apud

2414 3247 2532 3298 vos,
2564 3235 2765 3289 nescio.
2794 3233 2926 3288 Nam
2954 3234 3007 3289 in
3034 3233 3325 3305 Scripturis
3353 3235 3568 3306 quidem
3612 3238 3799 3293 nullibi
3837 3239 3977 3294 inve-

2417 3323 2555 3389 nies,
2584 3321 2678 3377 sed
2706 3337 2955 3392 magnum
2977 3323 3191 3391 quidem
3221 3324 3439 3394 ubique,
3461 3340 3680 3395 parvum
3708 3343 3835 3384 vero
3860 3344 3977 3383 nus-

2417 3428 2598 3484 quam.
2633 3413 2845 3467 Etcnim
2884 3414 2929 3468 si
2958 3428 3178 3485 parvus,
3220 3416 3490 3485 quomodo
3528 3418 3691 3472 etiam
3736 3417 3979 3475 Deus?Si

2411 3520 2523 3560 non
2551 3514 2633 3560 est
2658 3520 2851 3574 parvus
2878 3505 3040 3560 homo
3065 3514 3120 3561 et
3140 3520 3361 3577 magnus
3383 3494 3407 3573 ,V
3431 3507 3526 3563 sed
3553 3524 3657 3563 una
3686 3520 3907 3574 natura;
3934 3518 3980 3563 et

2419 3596 2464 3650 si
2487 3594 2612 3666 quid
2635 3611 2739 3649 non
2757 3595 2825 3649 sit
2846 3595 2990 3663 illius
3015 3606 3239 3661 naturtc,
3265 3596 3426 3652 homo
3451 3613 3557 3653 non
3580 3609 3665 3653 est
3690 3616 3704 3654 :
3727 3595 3981 3671 quomodo

2421 3684 2578 3741 fuerit
2609 3701 2803 3755 parvus
2831 3696 2884 3741 et
2913 3686 3135 3757 magnus
3165 3688 3304 3743 Deus
3326 3728 3342 3755 ,
3371 3688 3460 3758 qui
3489 3688 3631 3744 illius
3659 3699 3865 3746 naturae
3888 3705 3982 3746 non

2420 3779 2527 3833 sit?
2548 3778 2646 3845 Qui
2678 3793 2871 3849 parvus
2911 3788 3014 3845 est,
3047 3779 3184 3834 Deus
3220 3794 3327 3835 non
3370 3789 3495 3837 est:
3524 3781 3719 3852 ubique
3761 3785 3901 3840 enim
3938 3785 3981 3836 in

2420 3868 2692 3938 Scriptura
2738 3882 2959 3937 magnus
2984 3867 3179 3923 dicitur
3208 3885 3223 3925 :
3256 3869 3477 3941 Magnus
3516 3869 3767 3926 Dominus
3787 3914 3802 3940 ,
3828 3872 3983 3941 inquit

2424 3960 2610 4027 David,
2631 3970 2674 4013 et
2701 3959 2972 4015 laudabitis
2995 3961 3162 4015 nimis.
3208 3960 3343 4017 Ecce
3370 3962 3531 4017 etiam
3559 3961 3628 4017 de
3657 3962 3794 4017 Filio
3824 3984 3836 4019 :
3869 3962 3980 4018 Ubi‘

2424 4056 2528 4122 que
2553 4051 2696 4105 enim
2735 4064 2856 4104 cum
2885 4060 3037 4104 vacat
3068 4050 3372 4106 Dominum.
3407 4051 3473 4106 Et
3512 4052 3705 4106 iterum
3728 4093 3745 4119 ,
3780 4052 3983 4122 Magnus

2425 4160 2478 4199 es
2503 4154 2577 4210 tu,
2608 4158 2655 4197 et
2681 4142 2874 4212 faciens
2898 4142 3171 4208 mirabilia,
3200 4152 3254 4196 tu
3279 4158 3332 4197 es
3355 4142 3491 4197 Deus
3524 4143 3663 4197 solus
3693 4142 3864 4213 (Psal.
3906 4144 3979 4199 47.

2429 4238 2480 4292 1.
2511 4245 2558 4290 et
2584 4236 2673 4291 85.
2707 4234 2797 4305 10)
2822 4250 2837 4299 ;
2865 4243 2919 4289 et
2948 4248 3152 4300 rursus,
3186 4233 3406 4304 Magnus
3442 4233 3695 4289 Dominus
3725 4244 3919 4301 noster,
3946 4242 3983 4285 et

2418 4342 2612 4398 magna
2638 4327 2794 4380 uirtus
2815 4326 2944 4397 ejus,
2975 4335 3023 4379 et
3050 4324 3439 4395 magniﬁcentite
3455 4325 3567 4391 eius
3594 4342 3696 4380 non
3720 4335 3797 4379 est
3826 4325 3982 4380 (erati-

2427 4436 2523 4475 nus
2548 4417 2719 4491 (Psal.
2750 4419 2872 4473 145.
2924 4417 3005 4489 5).
3052 4415 3156 4471 Sed
3205 4415 3320 4471 haec
3355 4414 3423 4470 de
3459 4416 3620 4471 Patre
3644 4456 3660 4481 ,
3706 4417 3979 4487 inquiunt:

2430 4509 2597 4565 Filius
2623 4524 2750 4565 vero
2792 4516 3131 4579 parvus'est.
3176 4507 3279 4564 Sed
3328 4515 3381 4561 tu
3427 4521 3486 4561 es
3513 4548 3530 4573 ,
3575 4508 3665 4579 qui
3694 4507 3799 4564 hoc
3820 4508 3979 4562 dicis:

2430 4600 2701 4670 Scriptura
2732 4614 2859 4654 vero
2886 4607 3090 4662 contra,
3120 4598 3263 4669 quod
3299 4596 3369 4653 de
3414 4596 3590 4661 Patre,
3633 4598 3687 4652 id
3726 4600 3884 4653 etiam
3928 4594 3985 4649 de

2431 4693 2567 4750 Filio
2614 4692 2765 4759 dicit.
2810 4690 2950 4746 Audi
3001 4690 3142 4761 enim
3194 4689 3415 4745 Paulum
3472 4689 3775 4752 dicentem,
3806 4689 3984 4758 Exspe-

2430 4793 2622 4839 ctantes
2664 4783 2859 4836 beatam
2896 4798 3057 4852 spent,
3098 4786 3147 4835 et
3186 4776 3454 4835 adventum
3490 4780 3669 4852 glorise
3711 4780 3878 4851 magni
3905 4777 3987 4833 Dei

2436 4874 2561 4947 (Tit.
2604 4874 2659 4929 2.
2702 4873 2815 4943 15).
2866 4872 3131 4943 Numquid
3176 4880 3353 4927 autem
3396 4872 3463 4927 de
3514 4872 3671 4929 Patre
3721 4872 3984 4928 adventum

2373 4978 2375 4981 '
2432 4968 2608 5023 dixit?
2639 4966 2833 5021 Verum
2862 4974 2919 5020 ut
2938 4958 3105 5035 magis
3118 4963 3294 5020 adhuc
3312 4978 3408 5020 vos
3426 4974 3692 5035 argueret,
3722 4965 3984 5021 adventum

2434 5055 2639 5112 addidit
2666 5055 2842 5126 magni
2873 5055 2986 5111 Dei.
3030 5054 3165 5111 Num
3212 5055 3371 5126 igitur
3413 5055 3480 5110 de
3510 5055 3664 5111 Patre
3707 5054 3762 5111 id
3808 5056 3983 5111 dictum

2435 5152 2561 5203 est?
2587 5146 2904 5217 Neutiquam
2936 5160 3082 5202 :non
3109 5146 3252 5201 enim
3296 5144 3349 5201 id
3387 5143 3621 5200 admittit
3664 5145 3865 5201 additio
3892 5144 3983 5206 illa.

2437 5238 2506 5293 Et
2552 5239 2822 5294 aduentum
2875 5238 3046 5310 magni
3101 5236 3196 5293 Dei
3245 5247 3293 5293 et
3342 5238 3626 5294 Saluatoris
3676 5238 3838 5294 nostri
3883 5235 3985 5290 Iesu

2436 5330 2645 5388 Christi.
2688 5328 2769 5386 En
2801 5329 2959 5401 igitur
3002 5339 3058 5385 et
3102 5328 3270 5385 Filius
3309 5344 3535 5400 magnus
3579 5338 3684 5385 est.
3732 5324 3985 5398 Quomodo

2438 5420 2597 5494 igitur
2622 5421 2757 5477 dicis
2777 5435 3021 5491 parvum,
3051 5429 3108 5476 et
3130 5418 3416 5492 magnum?
3441 5419 3577 5475 Audi
3599 5420 3761 5476 etiam
3786 5416 3985 5492 propltev

2438 5526 2547 5569 tam
2573 5554 2590 5580 ,
2631 5514 2720 5583 qui
2753 5512 2925 5581 ipsum
2966 5522 3122 5568 vocat
3159 5512 3339 5583 magni
3371 5511 3581 5568 consilii
3610 5513 3876 5583 angelum.
3902 5505 3982 5577 Qui

2435 5614 2521 5662 est
2554 5604 2732 5676 magni
2756 5602 2967 5659 consilii
3014 5604 3271 5675 angelus,
3297 5617 3476 5659 annon
3518 5614 3745 5674 magnus
3773 5601 3889 5660 est?
3911 5597 3981 5668 qni

2434 5705 2520 5753 est
2566 5695 2705 5751 Deus
2743 5694 2934 5759 fortis,
2976 5709 3046 5749 an
3086 5710 3192 5750 non
3220 5702 3303 5750 est
3331 5709 3558 5765 magnus
3586 5733 3602 5761 ,
3646 5695 3744 5753 sed
3787 5688 3983 5767 parvus!

2438 5784 2576 5856 Quid
2599 5784 2755 5857 igitur
2777 5785 3115 5856 impudentes
3140 5784 3227 5844 isti
3254 5792 3308 5844 et
3333 5783 3525 5844 nefarii
3552 5785 3713 5845 verba
3738 5786 3837 5845 ista
3857 5796 3979 5841 usur-
