4064 6318
36 138 337 209 -ιτ

133 387 237 444 221

139 512 293 573 pant,
319 498 466 573 quod
497 472 640 553 esset
666 507 858 565 parvus
887 490 1067 545 Deus?
1094 489 1249 558 Smpe
1292 486 1501 541 Illorum
1552 480 1713 536 verba

138 595 332 659 atl'ero,
367 606 422 646 ut
452 590 618 660 magis
645 588 714 642 ab
743 587 846 641 illis
876 583 1147 652 relugiatis
1176 599 1188 634 :
1223 577 1355 634 Cum
1382 590 1602 646 parvus,
1635 574 1715 629 in-

138 684 354 753 quiunt,
388 691 530 736 esset
566 680 724 743 Deus,
756 691 861 730 non
889 674 990 728 hoc
1018 671 1211 740 rapuit,
1245 678 1303 722 ut
1328 667 1574 723 eumdem
1595 680 1717 736 gra-

139 777 271 830 dum
313 789 436 828 cum
481 784 674 838 magno
710 766 998 821 obtineret.
1047 761 1183 828 Quid
1230 759 1372 814 enim
1399 799 1415 824 ,
1457 756 1544 810 dic
1587 753 1717 809 mihi

142 865 426 934 (verumne
464 860 657 929 putetis
689 858 800 909 lucc
828 864 1005 908 nostra
1030 866 1150 906 esse
1177 847 1360 918 verba)
1384 890 1400 912 ,
1425 849 1469 901 si
1498 846 1566 901 de
1597 845 1716 900 illo-

141 969 265 1009 rum
291 949 554 1006 sententia
586 961 779 1016 parvus
803 953 937 1007 erat,
969 954 1021 997 et
1049 951 1265 1010 paterna
1298 937 1533 1008 potentia
1563 936 1720 1004 longe

141 1045 398 1107 inferior;
430 1039 698 1112 quomodo
729 1038 829 1092 hoc
855 1050 1103 1105 umquam
1135 1047 1324 1102 rapere
1356 1032 1635 1100 potuisset,
1663 1039 1720 1083 ut

141 1136 256 1192 Deo
275 1134 493 1204 mqualis
517 1130 695 1186 esset?
735 1138 923 1184 natura
951 1127 1094 1182 enim
1135 1125 1310 1178 minor
1352 1137 1460 1176 non
1492 1120 1593 1174 hoc
1627 1133 1718 1174 ra-

141 1242 274 1297 pere
303 1232 499 1294 queat,
544 1230 601 1276 ut
639 1219 827 1274 evadat
855 1219 908 1271 in
952 1229 1195 1284 magnam
1230 1209 1718 1282 :quemadmodutn

144 1319 308 1373 homo
340 1329 627 1384 numquam
652 1313 754 1365 hoc
781 1324 967 1380 rapere
992 1316 1174 1376 queat,
1207 1315 1261 1358 ut
1287 1304 1478 1374 angelo
1503 1302 1722 1373 :equalis

141 1411 214 1463 sit
263 1406 557 1461 secundum
601 1412 890 1465 naturam;
937 1412 1112 1466 neque
1163 1411 1331 1463 equus
1380 1394 1480 1448 hoc
1533 1407 1723 1462 rapere

139 1509 340 1570 queat,
362 1497 572 1553 etiamsi
602 1497 748 1560 velit,
781 1504 836 1548 ut
864 1492 1065 1547 homini
1090 1489 1310 1559 :equalis
1335 1488 1406 1543 sit
1427 1485 1720 1542 secundum

139 1600 409 1645 naturam.
441 1588 548 1644 Sed
591 1588 693 1642 hoc
730 1582 952 1649 omissa,
985 1583 1112 1638 illud
1141 1584 1300 1638 etiam
1342 1581 1536 1636 dicam.
1583 1578 1721 1646 Quid

140 1681 244 1736 hoc
271 1680 519 1748 exemplo
563 1678 780 1733 molitur
809 1675 1039 1730 Paulus?
1067 1672 1317 1738 Omnino,
1350 1670 1720 1740 reSpondebis,

141 1780 197 1826 ut
219 1770 593 1838 Philippenses
620 1767 685 1820 ad
712 1765 1069 1820 humilitatem
1113 1763 1360 1817 adducat.
1406 1761 1514 1817 Cur
1540 1761 1720 1832 igitur,

136 1863 226 1918 dic
252 1861 404 1927 mihi,
437 1859 542 1914 hoc
586 1860 640 1914 in
683 1857 917 1913 medium
946 1856 1204 1926 protulit?
1234 1869 1394 1908 nemo
1422 1855 1563 1908 enim
1587 1895 1601 1918 ,
1632 1853 1723 1923 qui

137 1954 206 2006 ad
231 1951 588 2005 humilitatem
609 1948 880 2003 cohortari
910 1947 1058 2010 velit,
1088 1946 1157 1999 ita
1189 1945 1442 2014 loquitur.
1471 1945 1598 1998 Esto
1625 1944 1727 1997 hu-

137 2043 304 2102 milis,
335 2055 399 2096 ac
427 2040 605 2094 minus
653 2036 932 2106 magniﬁce
980 2036 1048 2091 de
1095 2045 1147 2090 te
1186 2035 1423 2100 sentias,
1468 2049 1627 2104 quam
1656 2032 1725 2088 de

138 2133 436 2202 arqualihus
461 2132 561 2185 tuis
591 2144 606 2182 :
640 2145 761 2182 nam
804 2138 857 2183 et
900 2128 990 2182 ille
1016 2141 1137 2180 cum
1166 2141 1357 2180 servus
1399 2134 1544 2179 esset
1565 2167 1580 2190 ,
1615 2138 1722 2178 nan

139 2223 430 2279 insurrexit
459 2221 716 2274 adversus
747 2218 1067 2281 Dominum;
1111 2216 1259 2272 illum
1291 2216 1450 2285 igitur
1490 2215 1722 2269 imitare.

138 2315 302 2384 Atqui
344 2314 445 2368 hoc
475 2327 581 2367 non
612 2310 927 2367 humilitatis
970 2318 1086 2372 est,
1119 2307 1214 2362 sed
1256 2307 1595 2376 arrogantiae.
1639 2306 1725 2360 Di-

139 2409 276 2462 scite
298 2405 425 2475 quid
451 2406 518 2459 sit
543 2403 812 2458 humilitas
839 2415 955 2465 vos,
973 2401 1062 2469 qui
1093 2409 1354 2452 tumorem
1386 2397 1590 2452 habetis
1613 2396 1727 2450 dia-

140 2497 396 2551 bolicum.
427 2494 564 2562 Quid
597 2495 754 2563 igitur
781 2491 1052 2545 humilitas
1081 2491 1202 2544 est?
1225 2489 1454 2542 Humilia
1483 2489 1720 2542 sentire:

142 2587 364 2640 humilia
389 2598 566 2639 autem
594 2584 752 2637 sentit
784 2622 798 2646 ,
827 2597 930 2634 nan
959 2581 1047 2650 qui
1074 2596 1138 2634 ex
1170 2580 1486 2634 necessitate
1511 2588 1593 2632 est
1623 2577 1723 2630 hu-

141 2679 303 2744 milis,
335 2675 429 2730 sed
461 2675 549 2744 qui
575 2676 808 2743 seipsum
829 2672 1089 2726 humiliat.
1117 2671 1335 2725 Planius
1367 2670 1416 2724 id
1439 2683 1723 2740 exponam,

142 2785 239 2824 vos
265 2780 442 2823 autem
465 2767 743 2822 attendite.
766 2765 1010 2832 Quicum
1028 2763 1275 2818 sublimia
1301 2763 1500 2817 sentire
1523 2771 1724 2831 posset,

144 2848 422 2915 humiliter
450 2868 628 2911 tamen
654 2857 850 2918 sentit,
885 2854 974 2907 hic
1001 2854 1181 2908 animo
1206 2852 1421 2906 humilis
1449 2861 1532 2906 est
1561 2868 1576 2904 :
1605 2851 1719 2921 qui—

143 2965 372 3022 cumque
400 2963 530 3004 vero
559 2947 756 3001 ideirco
784 2945 1058 2999 humiliter
1086 2944 1286 3008 sentit,
1319 2943 1568 3013 quoniam
1609 2957 1728 2995 rna-

143 3042 336 3113 gniﬁce
365 3057 468 3097 nou
498 3048 713 3109 potest,
747 3039 790 3093 is
820 3037 1061 3108 profecto
1086 3035 1304 3090 humilis
1331 3051 1439 3090 non
1476 3045 1578 3090 est.
1627 3034 1724 3088 Int-

145 3144 382 3204 perator,
415 3131 645 3200 exempli
663 3145 846 3194 causa,
874 3132 919 3184 si
940 3130 1112 3200 legato
1142 3144 1201 3183 se
1221 3129 1489 3196 subjiciat,
1515 3127 1730 3181 humilis

147 3228 323 3278 animo
350 3236 452 3289 est,
472 3224 723 3293 quoniam
756 3223 821 3276 de
848 3222 1060 3276 sublimi
1093 3221 1188 3274 illo
1211 3221 1378 3290 gradu
1403 3219 1684 3274 descendit
1711 3237 1726 3273 :

148 3317 284 3387 quod
315 3318 362 3370 si
404 3316 544 3370 idem
578 3315 782 3383 legatus
813 3313 1010 3379 faciat,
1051 3327 1157 3366 non
1196 3312 1316 3366 ideo
1348 3310 1562 3365 humilis
1609 3317 1727 3376 est;

149 3407 415 3478 quomodo
444 3405 624 3460 enim?
657 3421 776 3459 nam
801 3421 904 3457 non
932 3419 992 3458 se
1017 3403 1131 3472 ipse
1151 3402 1218 3457 de
1240 3401 1535 3455 sublimiori
1562 3400 1729 3470 gradu

151 3500 385 3553 demisit.
408 3497 640 3550 Omnino
665 3495 852 3550 humili
884 3494 969 3548 isti
996 3495 1177 3548 sensui
1206 3495 1353 3546 locus
1383 3508 1489 3545 non
1518 3500 1616 3556 est,
1642 3489 1730 3544 ubi

154 3599 387 3660 potestas
409 3581 513 3642 non
541 3589 713 3642 adest.
748 3587 876 3640 Nam
906 3588 950 3640 si
978 3588 1097 3655 quis
1131 3586 1291 3639 etiam
1323 3586 1520 3638 invitus
1547 3597 1731 3638 neces-

155 3681 294 3737 sario
325 3679 654 3743 humiliatur,
679 3679 788 3748 jam
821 3680 921 3731 hoc
945 3686 1149 3731 rectum
1183 3676 1377 3730 factum
1406 3691 1508 3729 non
1539 3675 1732 3730 interni

156 3770 319 3838 ipsius
364 3784 558 3824 sensus
600 3785 662 3823 ac
707 3768 994 3823 voluntatis
1043 3777 1156 3832 est,
1204 3767 1299 3821 sed
1349 3767 1730 3821 necessitatis:

157 3866 542 3932 fanttvappoct'rm
591 3871 789 3922 autem,
816 3861 929 3914 sive
977 3858 1287 3922 humilitas,
1342 3857 1464 3912 inde
1513 3849 1731 3926 dicitur,

159 3954 296 4028 quod
334 3956 404 4007 sit
430 3955 623 4007 interni
651 3967 841 4006 sensus
867 3951 1165 4006 humiliatio
1191 3967 1252 4004 ac
1281 3951 1554 4005 demissio.

225 4045 277 4098 3.
317 4044 406 4098 Dic
434 4043 600 4110 mihi,
645 4043 691 4097 si
739 4043 858 4112 quis
901 4042 986 4097 cui
1041 4050 1280 4110 potestas
1318 4041 1457 4095 desit
1496 4039 1734 4110 rapiendi

161 4136 347 4198 aliena,
373 4149 492 4189 sese
520 4135 658 4187 intra
688 4148 902 4187 suarmn
933 4148 1113 4194 rerum
1146 4132 1538 4201 possessionem
1565 4130 1739 4186 conti-

164 4238 299 4291 neat,
322 4226 460 4280 hunc
477 4225 697 4294 jnstitia:
718 4227 935 4280 nomine
957 4225 1323 4279 laudabimus?
1341 4223 1586 4279 Minime:
1612 4223 1738 4293 quid

166 4319 273 4372 ita?
315 4318 575 4385 Quoniam
606 4319 920 4381 necessitas,
948 4335 1013 4371 ne
1041 4317 1244 4372 laudari
1274 4318 1520 4372 voluntas
1548 4326 1737 4387 queat,

166 4411 544 4480 impedimento
566 4419 668 4465 est.
704 4409 799 4464 Dic
820 4410 1040 4469 mihi.si
1053 4410 1191 4479 quis,
1216 4424 1336 4463 eum
1370 4410 1650 4481 tyrannide
1678 4426 1741 4466 ac

165 4516 323 4570 regno
347 4502 501 4570 potiri
527 4509 772 4570 nequeat,
797 4500 1031 4570 privatus
1052 4501 1325 4566 manserit,
1359 4500 1570 4555 huncne
1610 4513 1742 4555 tam-

165 4609 317 4662 quam
341 4595 430 4647 otii
453 4593 746 4646 studiosum
765 4591 1132 4646 laudabimus?
1150 4592 1382 4647 Minime.
1406 4593 1546 4662 Ergo
1571 4609 1742 4662 neque

168 4683 264 4738 hoc
295 4685 448 4738 etiam
476 4685 615 4738 loco.
644 4683 782 4738 Laus
807 4685 972 4747 enim,
1001 4699 1034 4736 ο
1063 4683 1335 4737 hominum
1369 4685 1740 4752 iudactissimi,

169 4790 268 4830 non
298 4775 346 4828 in
376 4790 441 4830 eo
472 4785 718 4829 versatur
737 4815 751 4839 ,
784 4775 923 4844 quod
951 4775 1020 4828 ab
1042 4769 1157 4829 istis
1185 4775 1343 4829 rebus
1373 4776 1706 4830 abstineatur
1726 4815 1741 4842 ,

170 4867 256 4919 sed
283 4869 330 4920 in
362 4868 514 4922 bonis
541 4867 733 4922 oliiciis
756 4867 1034 4921 obeundis.
1055 4867 1185 4921 Nam
1219 4867 1346 4921 illud
1366 4869 1576 4937 quidem
1607 4871 1744 4923 vitu-

173 4959 451 5025 perationis
482 4973 674 5033 expers
704 4968 806 5024 est,
834 4959 929 5014 sed
953 4976 1056 5013 non
1088 4977 1152 5015 eo
1185 4963 1424 5029 pervenit
1455 4971 1510 5014 ut
1532 4963 1743 5018 laudem

173 5062 515 5120 assequatur;
551 5053 652 5105 hoc
693 5060 873 5107 autem
917 5052 1176 5108 eucomiis
1215 5054 1430 5123 dignum
1481 5066 1581 5109 est.
1610 5053 1746 5110 Vide

174 5155 295 5209 ergo
332 5142 600 5196 Christum
657 5142 757 5197 hoc
802 5143 962 5197 modo
1010 5143 1352 5206 laudantem,
1413 5161 1534 5198 cum
1580 5146 1742 5200 dicit:

185 5233 368 5298 Venite,
403 5236 651 5290 benedicti
680 5234 853 5289 Patris
882 5237 981 5288 mei
1003 5277 1018 5299 ,
1065 5237 1312 5306 potsidete
1342 5249 1572 5304 paratum
1613 5239 1747 5292 vobis

175 5344 374 5394 regnum
414 5347 444 5380 a
487 5329 843 5382 constitutione
873 5329 1050 5382 mundi
1085 5345 1104 5382 :
1144 5331 1326 5383 ssurivi
1360 5332 1488 5382 enim
1512 5373 1523 5394 ,
1562 5341 1606 5384 et
1654 5333 1746 5384 de-

177 5421 312 5474 distis
343 5421 462 5474 mihi
503 5422 852 5488 manducare;
895 5423 1061 5488 sitivi,
1093 5411 1377 5496 et’dedistis
1420 5423 1541 5476 mihi
1587 5423 1749 5477 bibere

177 5511 380 5568 {.Uattlt.
403 5512 492 5567 25.
525 5513 614 5566 54.
638 5512 758 5581 55).
786 5513 902 5568 Non
930 5512 1084 5574 dixit,
1118 5514 1368 5581 (thOItiﬂm
1397 5514 1555 5568 alieni
1581 5530 1747 5584 appe-

178 5614 342 5659 tentes
372 5621 472 5660 non
502 5605 674 5659 fuistis
696 5647 710 5671 ,
743 5620 914 5676 neque
939 5645 954 5670 ,
987 5604 1251 5671 Quoniam
1304 5621 1406 5659 non
1453 5607 1703 5677 rapuistis
1733 5624 1746 5671 ;

177 5696 303 5750 levia
331 5699 472 5751 enim
505 5696 621 5751 lra‘c
647 5713 661 5762 ;
691 5696 806 5763 sed,
837 5695 1101 5761 Quoniam
1139 5697 1463 5757 esurientem
1495 5713 1582 5751 me
1612 5697 1746 5750 vidi-

175 5790 294 5860 stis,
327 5799 380 5846 ct
406 5789 630 5846 aluistis.
665 5792 740 5847 Ac
769 5807 896 5848 sane
923 5789 1044 5866 quis
1069 5804 1320 5858 umquam
1351 5790 1452 5848 hoc
1480 5794 1639 5848 modo
1667 5793 1747 5848 vel

1024 377 1088 432 ΙΝ
1129 374 1342 431 EPIST.
1383 372 1477 428 AD
1512 368 1798 428 PIIILIPP.
1839 368 1992 426 CAP.
2033 371 2100 428 ῙΙ.
2141 371 2370 430 HOMIL.
2411 373 2500 430 Vl.

3294 369 3402 427 222

1832 481 2055 546 amicos.
2080 484 2166 539 vel
2188 485 2432 543 inimicos
2461 486 2694 543 laudavit
2712 489 2737 543 ἳ
2754 503 2924 559 neque
2948 489 3120 560 ipsum
3147 489 3395 546 Paulum.

1824 573 1962 639 Quid
2005 575 2127 632 dico
2168 577 2435 634 Paulum?
2466 597 2534 636 ne
2573 582 2847 652 vulgarem
2875 583 3093 652 quidem
3124 583 3400 640 hominem

1826 666 2111 736 quisquam
2144 669 2216 723 ita
2247 670 2508 737 laudavit,
2537 681 2600 745 ut.
2625 681 2681 727 tu
2701 672 2972 729 Christum
3006 675 3224 740 laudas,
3255 674 3398 744 quod

1823 755 1926 810 sibi
1953 773 2059 812 nou
2085 762 2492 818 convenientem
2519 765 2878 834 principatum
2901 779 3006 818 non
3035 766 3394 835 usurpaverit.

1825 847 1968 902 Talia
2013 851 2156 905 enim
2184 852 2436 909 admirari
2485 854 2614 909 nihil
2663 855 2806 909 aliud
2851 866 2976 919 est,
3008 871 3168 926 quam
3195 871 3403 927 magna

1825 937 2182 1007 improbitatis
2207 944 2570 1001 testimonium
2598 946 2747 1002 dare.
2777 947 3059 1014 Quomodo
3081 948 3106 1000 ἲ
3133 947 3398 1015 Quoniam

1826 1027 2085 1097 improbis
2113 1031 2419 1090 hominibus
2469 1036 2519 1090 id
2548 1037 2690 1091 laudi
2719 1036 3004 1099 soletdari
3029 1078 3044 1103 ,
3073 1037 3232 1107 quale
3270 1036 3404 1092 illud

1826 1129 1928 1185 est,
1960 1120 2081 1184 Qui
2111 1125 2376 1193 furabatur
2402 1127 2518 1196 jam
2560 1145 2661 1182 non
2702 1129 2943 1199 μνέων(
2979 1128 3113 1199 Eph.
3147 1128 3201 1184 4.
3234 1128 3303 1184 28
3337 1128 3356 1200 )
3388 1148 3404 1184 :

1826 1222 1982 1266 secus
2010 1223 2188 1268 autem
2224 1217 2274 1270 in
2307 1216 2462 1272 bonis
2487 1215 2618 1273 viris
2649 1235 2662 1273 :
2695 1234 2801 1272 non
2827 1219 2970 1273 enim
3013 1220 3103 1289 qui
3135 1219 3406 1289 principa-

1828 1311 1940 1358 tum
1970 1305 2036 1359 ad
2067 1320 2126 1359 se
2156 1309 2375 1365 minime
2405 1312 2762 1378 pertinentem
2795 1326 2902 1366 non
2955 1311 3168 1381 rapuit,
3199 1311 3244 1365 is
3287 1311 3408 1365 lau-

1832 1393 2040 1452 dandus
2078 1408 2181 1453 est.
2205 1401 2414 1466 Quanta
2446 1402 2562 1461 haec
2603 1403 2871 1458 dementia
2918 1402 3106 1458 esset?
3153 1402 3406 1473 Alioquin

1828 1479 2008 1542 autem
2055 1489 2184 1560 (sed
2237 1493 2532 1556 attendite,
2588 1494 2855 1556 obsecro;
2887 1493 3042 1562 longa
3100 1492 3245 1547 enim
3293 1491 3410 1547 ha~c

1828 1580 2063 1649 oratio),
2109 1581 2230 1650 quis
2256 1583 2358 1638 hoc
2405 1584 2567 1639 modo
2607 1585 2914 1654 quempiam
2955 1583 3021 1638 ad
3051 1583 3407 1638 humilitatem

1829 1667 2120 1725 hortetur?
2147 1672 2403 1743 Exempla
2429 1674 2574 1729 enim
2625 1673 2784 1745 longe
2826 1672 3030 1743 majora
3075 1683 3235 1744 atque
3287 1673 3410 1727 illu-

1832 1761 2028 1816 striora
2059 1763 2168 1817 sint
2211 1773 2444 1834 oportet,
2495 1780 2654 1833 quam
2701 1779 2791 1820 res
2828 1766 3122 1834 proposita,
3153 1762 3220 1818 ad
3244 1778 3406 1832 quam

1829 1853 2175 1911 cohortamur
2201 1875 2214 1910 :
2251 1871 2410 1911 nemo
2435 1857 2578 1912 enim
2607 1858 2714 1920 sit,
2767 1857 2859 1927 qui
2889 1872 2955 1912 ex
2981 1856 3172 1912 alienis
3212 1855 3410 1911 cohor-

1831 1953 1990 2000 tctur.
2025 1947 2264 2015 Exempli
2293 1962 2493 2012 causa,
2537 1948 2783 2003 Christus
2823 1949 3068 2002 homines
3097 1948 3410 2002 cohortatus

1828 2045 1943 2097 est,
1973 2044 2035 2089 ut
2080 2037 2308 2108 benigne
2353 2037 2593 2092 facerent
2638 2027 3184 2107 i’nimiciszmagnum
3227 2052 3411 2092 exem-

1833 2125 1977 2195 plum
2020 2129 2233 2193 attulit,
2267 2129 2517 2184 nimirum
2551 2129 2723 2182 Patris
2745 2169 2760 2194 ,
2806 2127 2906 2193 Qui
2935 2129 3094 2182 solem
3133 2127 3255 2181 oriri
3285 2128 3411 2197 facit

1829 2234 1982 2287 super
2010 2218 2170 2272 malos
2196 2228 2244 2272 et
2273 2219 2428 2273 bonos
2450 2260 2466 2285 ,
2512 2229 2558 2272 et
2589 2218 2720 2288 ptuit
2745 2235 2898 2287 super
2917 2219 3092 2286 justas
3117 2227 3163 2272 et
3187 2219 3407 2288 injustas

1833 2307 2046 2378 (Matth.
2075 2309 2128 2364 5.
2152 2310 2270 2380 45).
2320 2309 2642 2365 Cohortatus
2664 2321 2749 2366 est
2773 2311 2838 2364 ad
2868 2311 3162 2376 lenitatem,
3209 2324 3272 2364 ac
3299 2325 3415 2364 ma-

1833 2400 2005 2454 lorum
2030 2401 2367 2455 tolerantiam
2394 2417 2409 2466 ;
2437 2403 2672 2471 seipsum
2692 2401 2757 2457 ad
2773 2402 3078 2471 exemplum
3101 2401 3409 2471 proposuit:

1835 2492 2024 2546 Discite
2049 2510 2080 2545 a
2100 2504 2185 2548 me
2223 2494 2342 2563 quia
2370 2495 2506 2548 mitis
2531 2510 2643 2547 sum
2665 2533 2680 2558 ,
2709 2503 2757 2548 ct
2804 2494 3010 2548 humilis
3043 2494 3195 2546 corde
3229 2491 3414 2562 (lacn.

1835 2587 1922 2640 15.
1955 2586 2044 2655 Η)
2074 2602 2088 2649 ;
2119 2600 2182 2640 ac
2206 2602 2392 2641 rursus
2414 2627 2429 2650 ,
2463 2587 2525 2642 Si
2553 2604 2644 2657 ego
2669 2587 2919 2641 Dominus
2949 2596 2995 2641 et
3026 2586 3271 2658 Magister
3308 2586 3417 2641 hac

1833 2676 1997 2744 facio,
2025 2687 2214 2745 quanto
2242 2678 2399 2748 magis
2424 2693 2509 2730 vos
2537 2677 2750 2749 (Matth.
2784 2679 2870 2733 ll.
2895 2677 2990 2746 29)
3011 2678 3036 2730 τ
3070 2677 3229 2732 Vides
3253 2692 3415 2746 quam

1833 2783 1940 2820 non
1972 2767 2080 2821 sint
2105 2768 2354 2822 inferiora
2387 2768 2496 2836 ipsa
2516 2769 2805 2838 exempla?
2836 2783 2942 2822 non
2972 2767 3240 2822 tantillum
3266 2769 3410 2823 enim

1834 2857 2090 2912 inferiora
2119 2873 2242 2914 esse
2271 2867 2482 2926 oportet
2515 2875 2528 2912 :
2562 2874 2682 2912 nam
2711 2868 2765 2913 et
2810 2873 2907 2912 nos
2938 2857 3036 2928 ipsi
3067 2857 3118 2911 id
3160 2857 3417 2912 observa-

1834 2964 1976 3001 mus.
2002 2950 2073 3003 At
2122 2951 2175 3002 in
2223 2965 2281 3003 re
2322 2956 2501 3003 nastra
2543 2949 2850 3017 exemplum
2904 2949 3077 3018 ipsum
3136 2963 3202 3003 ne
3249 2963 3417 3018 prope

1835 3037 2056 3106 quidem‘
2097 3037 2324 3093 accedit.
2352 3039 2667 3106 Quomodo?
2691 3041 2950 3105 Quoniam
2997 3040 3042 3093 si
3094 3055 3283 3095 servus
3311 3051 3418 3106 est,

1835 3129 2012 3183 minor
2054 3129 2212 3182 etiam
2265 3139 2365 3195 est,
2396 3138 2450 3185 et
2496 3130 2685 3200 majori
2739 3131 3028 3201 subjectus.
3067 3131 3191 3185 Hzec
3239 3140 3420 3187 autem

1836 3235 1941 3272 non
1988 3228 2072 3274 est
2119 3219 2394 3274 humilitas
2429 3238 2441 3274 :
2473 3231 2662 3276 contra
2709 3223 2851 3276 enim
2893 3223 3070 3292 potius
3117 3222 3420 3278 faciendum

1835 3320 1986 3375 erat,
2020 3320 2075 3363 ut
2105 3296 2276 3381 major
2321 3312 2582 3381 quispiam
2631 3312 2825 3366 minori
2871 3313 3250 3383 obtemperans
3297 3329 3424 3383 pro-

1838 3402 2106 3468 ferretur;
2151 3419 2335 3457 verum
2364 3405 2615 3473 quonim
2647 3405 2699 3458 id
2731 3407 2785 3459 in
2818 3406 2926 3460 Deo
2957 3422 3063 3461 non
3085 3407 3413 3472 inveniebat,

1840 3494 2140 3562 majorem,
2167 3494 2380 3563 inquam
2408 3535 2424 3561 ,
2472 3505 2525 3549 et
2556 3496 2852 3562 minorem;
2879 3498 3238 3567 aequalitatem
3263 3501 3425 3570 igitur

1837 3585 2043 3637 statuit.
2067 3583 2220 3651 Quod
2247 3585 2291 3637 si
2325 3587 2499 3638 minor
2531 3587 2715 3640 fuisset
2744 3587 2932 3650 Filius,
2963 3604 3072 3642 non
3099 3599 3282 3660 aptum
3305 3603 3425 3648 erat

1838 3676 2142 3744 exemplum
2165 3717 2178 3739 ,
2210 3677 2353 3731 unde
2385 3678 2580 3732 Paulus
2612 3678 2678 3732 ad
2711 3680 3072 3736 humilitatem
3102 3682 3421 3740 cohortare-

1840 3774 1945 3820 tur.
1976 3766 2198 3832 Quare?
2227 3768 2493 3833 Quoniam
2536 3784 2642 3824 non
2691 3770 2794 3825 hoc
2838 3772 3107 3828 humilitas
3154 3785 3274 3839 est,
3317 3791 3426 3832 non

1841 3859 2099 3928 impetum
2133 3861 2309 3914 facere
2335 3859 2592 3916 adversus
2619 3862 2899 3932 majorem,
2929 3880 3035 3919 non
3070 3882 3259 3936 rapere
3281 3868 3426 3935 prin-

1839 3950 2096 4017 cipatum,
2118 3951 2338 4005 obedire
2364 3968 2532 4021 usque
2560 3951 2626 4005 ad
2657 3964 2903 4007 mortem.
2931 3955 3184 4025 Alioquin
3214 3968 3267 4011 et
3289 3958 3421 4013 illud

1840 4042 2118 4096 considera
2146 4083 2161 4107 ,
2195 4042 2320 4111 quid
2364 4043 2526 4098 allato
2549 4046 2796 4114 exemplo
2841 4046 3127 4116 subjungat
3159 4065 3171 4100 :
3203 4047 3428 4104 Humili.

1843 4144 1944 4188 tate
1995 4134 2280 4204 superiores
2326 4134 2422 4188 sibi
2461 4135 2671 4189 invicem
2714 4137 3036 4193 arbitrantes.
3064 4138 3421 4209 Arbitrantes,

1845 4224 2015 4294 inquit
2073 4243 2086 4278 :
2141 4241 2261 4279 nam
2311 4225 2525 4294 quando
2573 4235 2623 4280 et
2697 4227 2991 4282 secundum
3068 4230 3422 4287 substantiam

1843 4331 2008 4370 unum
2035 4317 2198 4380 estis,
2256 4326 2310 4370 et
2361 4317 2658 4372 secundum
2713 4317 2971 4374 honorem
3025 4336 3055 4374 a
3109 4321 3220 4376 Deo
3270 4339 3426 4380 acce-

1849 4419 2034 4476 ptum;
2088 4409 2353 4478 reliquum
2401 4418 2504 4480 est,
2558 4419 2612 4464 ut
2663 4410 2776 4481 ipsa
2835 4419 3038 4465 tantmn
3101 4415 3430 4471 existimatio

1845 4499 2020 4554 locum
2067 4499 2135 4553 ibi
2185 4501 2381 4555 trahere
2436 4501 2620 4570 possit.
2645 4502 2714 4555 At
2743 4503 2794 4557 in
2828 4502 3122 4573 majoribus
3167 4515 3220 4560 et
3253 4508 3426 4562 mino-

1848 4592 2032 4658 ribus,
2081 4607 2186 4645 non
2235 4592 2305 4645 ita
2348 4593 2513 4657 dixit,
2547 4593 2860 4658 Arbitrantes
2891 4611 2915 4660 ,'
2969 4595 3062 4650 sed
3092 4638 3109 4664 ,
3160 4596 3432 4654 "onerato

1848 4696 1979 4749 eos,
2034 4683 2122 4752 qui
2191 4681 2342 4736 vobis
2410 4686 2811 4752 przrstanliores
2862 4697 3026 4751 sunt;
3085 4689 3433 4758 quemadmo-

1849 4772 1974 4826 dum
2003 4782 2056 4826 et
2080 4773 2204 4827 alibi
2235 4773 2422 4842 inquit,
2451 4772 2659 4828 Obedite
2687 4776 2973 4844 prwpositis
2999 4779 3194 4844 vestris,
3234 4789 3279 4833 et
3307 4780 3430 4834 sub-

1842 4867 2010 4934 jacete
2029 4863 2302 4932 eisUIebr.
2329 4865 2411 4919 15.
2446 4866 2555 4933 17).
2593 4866 2701 4920 Illic
2723 4868 2862 4919 enim
2887 4867 2997 4936 ipsa
3029 4867 3106 4922 rei
3129 4879 3315 4922 natura
3343 4885 3437 4939 po-

1850 4959 2013 5012 stulat
2039 4959 2422 5027 subjectionem
2449 4975 2462 5021 ;
2499 4957 2583 5011 hic
2614 4975 2740 5012 vero
2777 4974 2838 5012 ex
2869 4969 3053 5013 nostro
3074 4959 3276 5029 judicio
3309 4976 3436 5031 pro-

1852 5038 2143 5116 ficiscatur,
2173 5061 2403 5120 oportet.
2434 5051 2749 5115 llmnititate,
2783 5053 2970 5120 inquit,
3004 5069 3290 5120 superiores
3319 5053 3435 5120 sibi,

1853 5144 2062 5196 invicem
2090 5143 2390 5196 arbitrantes
2421 5158 2440 5196 .'
2463 5143 2912 5210 quemadmodum
2945 5152 2997 5194 et
3019 5142 3264 5196 Christus
3289 5143 3432 5200 fecit.

1855 5237 1921 5290 Et
1948 5237 2196 5290 lueretica
2224 5237 2438 5307 quidem
2474 5237 2574 5290 hoc
2603 5237 2761 5289 modo
2792 5250 2974 5289 eversa
3005 5245 3147 5289 sunt.
3176 5236 3440 5305 Deinceps

1855 5344 1980 5382 vero
2013 5339 2193 5382 nostra
2241 5327 2511 5382 afferenda
2563 5335 2721 5390 sunt,
2779 5327 2822 5379 si
2852 5335 3005 5378 antea
3064 5325 3129 5378 ad
3175 5342 3436 5381 summam

1854 5420 2135 5490 quamdam
2155 5437 2236 5481 ea,
2259 5437 2375 5489 qum
2393 5420 2649 5473 adversus
2674 5419 2792 5472 illos
2813 5419 3032 5483 faciunt,
3054 5419 3419 5487 redegerimus
3434 5465 3450 5481 .

1854 5513 1986 5567 Ctnn
2030 5513 2169 5566 enim
2210 5511 2401 5566 Paulus
2442 5511 2508 5564 ad
2550 5511 2713 5564 animi
2763 5509 3112 5562 humiliuttem
3156 5509 3440 5578 invitaret,

1855 5620 1960 5658 non
1985 5619 2105 5656 cum
2130 5603 2217 5671 qui
2245 5603 2414 5655 minor
2444 5602 2529 5663 sit,
2561 5615 2623 5654 ac
2643 5599 2830 5665 maiori
2853 5599 3087 5661 obediat,
3111 5598 3444 5668 protulisset,

1860 5696 1988 5749 Nam
2018 5695 2060 5749 si
2089 5694 2280 5759 sern’s,
2311 5701 2368 5747 ut
2395 5692 2628 5747 dominis
2659 5689 2958 5751 obedirent,
2990 5687 3266 5750 suasisset,
3295 5701 3439 5745 recte

1864 5787 1914 5843 id
1944 5787 2157 5858 quidem
2193 5803 2205 5840 :
2239 5784 2334 5841 sed
2381 5787 2456 5854 si,
2489 5795 2544 5864 ut
2591 5783 2744 5840 liberi
2777 5781 2995 5849 liberis;
3028 5781 3153 5852 quid
3201 5781 3264 5837 ad
3311 5781 3447 5839 hanc
