4064 6318
686 498 806 539 rem
832 481 956 539 facit
979 480 1119 537 servi
1152 495 1274 551 erga
1304 481 1579 535 dominum
1610 476 1912 547 subiectio?
1938 474 2063 546 quid
2091 475 2265 529 mino-

690 575 768 629 ris
792 588 918 643 erga
949 574 1208 643 majorem
1236 574 1260 626 τ
1288 571 1403 626 Non
1432 572 1575 628 enim
1598 569 1754 632 dixit,
1785 568 2018 641 Minores
2047 564 2266 633 majori-

686 666 838 721 rihus
852 666 1124 730 ohediant,
1142 664 1259 731 sed,
1272 661 1372 730 Qui
1391 662 1649 731 aequalem
1665 659 1977 729 dignitatem
1988 656 2265 722 obtinetis,

688 757 924 811 vicissim
954 756 1107 810 vobis
1132 753 1349 809 obedite
1378 770 1396 811 :
1429 752 1749 819 Superiores,
1780 748 1968 817 inquit,
1997 748 2093 800 sibi
2120 746 2255 798 invi—

687 861 794 900 cent
816 846 1137 899 arbitrantes.
1157 843 1358 913 Ecquid
1384 857 1514 897 vero
1533 855 1707 895 causre
1727 837 1825 892 fuit
1839 852 1936 892 eor
1953 833 2265 890 muliebrem

687 935 1047 997 obedientiam
1070 951 1175 990 non
1199 934 1500 999 adduxerit,
1529 945 1701 1001 neque
1727 930 1799 984 ita
1818 927 2043 983 dixerit:
2064 925 2265 993 Quem-

685 1026 972 1080 admodum
996 1026 1188 1081 mulier
1208 1025 1322 1079 viro
1344 1023 1545 1089 obedit,
1569 1021 1641 1076 ita
1660 1030 1714 1075 et
1733 1036 1827 1075 vos
1840 1018 2095 1073 obedite?
2114 1015 2265 1083 Quod

686 1117 733 1171 si
757 1116 906 1181 illud,
927 1117 977 1170 in
994 1131 1099 1186 quo
1121 1117 1294 1171 inerat
1309 1115 1586 1184 aequalitas
1604 1121 1657 1167 et
1678 1110 1917 1173 libertas,
1939 1124 2044 1164 non
2066 1107 2263 1169 attulit,

687 1207 941 1276 quoniam
996 1205 1251 1260 nonnulla
1300 1214 1478 1259 tamen
1524 1207 1577 1259 ln
1631 1216 1697 1258 eo
1736 1203 1909 1256 inerat
1962 1197 2262 1269 subiectio;

686 1307 886 1365 quanto
918 1298 1089 1351 minus
1117 1296 1365 1351 servilem
1387 1294 1899 1362 obtemperationem
1928 1287 2266 1361 protulisset?

688 1385 887 1441 Verum
914 1396 970 1441 et
1008 1385 1140 1441 illud
1164 1386 1315 1441 initio
1342 1385 1475 1451 dixi,
1509 1385 1777 1440 neminem
1804 1382 1925 1438 ideo
1950 1380 2124 1435 solere
2147 1379 2267 1433 lau~

686 1476 828 1540 dari,
854 1491 917 1530 ac
945 1492 1011 1530 ne
1035 1474 1714 1545 eommemorariquidem,
1741 1472 1883 1543 quod
1907 1470 2130 1525 crimina
2160 1482 2264 1521 non

686 1566 948 1621 admittat.
963 1565 1144 1636 Neque
1165 1566 1309 1620 enim
1325 1565 1369 1619 si
1397 1565 1517 1632 quis
1536 1566 1765 1633 aliquem
1791 1560 2153 1631 temperantia:
2172 1573 2269 1611 no-

688 1657 831 1711 mine
861 1656 1079 1712 laudare
1104 1656 1251 1724 velit,
1277 1657 1346 1710 ita
1374 1656 1536 1719 dicet,
1569 1654 1715 1709 illum
1746 1668 1852 1708 non
1882 1667 2002 1706 esse
2030 1649 2267 1705 moecha-

687 1755 821 1811 tum,
853 1748 946 1799 sed
977 1747 1079 1801 hoc
1098 1746 1304 1812 alleret,
1333 1760 1362 1799 a
1390 1748 1603 1815 propria
1632 1746 1793 1799 etiam
1815 1756 1982 1798 uxore
2010 1756 2070 1797 se
2089 1741 2265 1796 conti-

687 1837 889 1891 nuisse.
918 1835 1051 1891 Nam
1100 1836 1369 1891 abstinere
1416 1845 1621 1889 tantutn
1657 1850 1687 1889 a
1734 1836 1911 1905 pravis
1966 1832 2267 1887 actionibus

686 1943 977 1998 numquam
1002 1928 1052 1981 in
1077 1927 1234 1982 laude
1260 1929 1539 1997 ponimus;
1563 1927 1614 1981 id
1630 1926 1773 1981 enim
1797 1924 2076 1979 ridiculum
2098 1931 2262 1979 esset.

686 2018 818 2072 illud
840 2018 1041 2083 addidi,
1060 2034 1239 2073 veram
1261 2032 1383 2074 esse
1404 2016 1546 2073 servi
1569 2017 1814 2080 formam,
1835 2014 2071 2084 nihilque
2089 2014 2267 2068 minus

684 2107 886 2163 habere
901 2125 916 2161 :
930 2123 1097 2179 quare
1116 2119 1168 2164 et
1195 2107 1421 2162 formam
1446 2106 1538 2162 Dei
1564 2107 1849 2176 perfectam
1867 2119 2007 2170 esse,
2026 2104 2265 2173 nihilque

684 2197 861 2251 minus
878 2196 1097 2253 habere.
1117 2196 1228 2252 Cur
1252 2213 1357 2251 non
1379 2197 1532 2259 dixit,
1554 2197 1605 2250 in
1627 2195 1795 2252 forma
1815 2195 1912 2250 Dei
1937 2194 2131 2261 factus,
2146 2194 2264 2261 sed,

687 2288 787 2353 Qui
820 2305 933 2343 cum
962 2289 1016 2342 in
1060 2290 1228 2359 {arma
1257 2288 1352 2343 Dei
1378 2297 1503 2343 esset
1526 2288 1553 2341 ἲ
1582 2287 1723 2355 Idem
1753 2295 1836 2341 est
1856 2302 1921 2342 ac
1943 2286 1989 2340 si
2017 2286 2221 2341 diceret
2246 2301 2263 2344 :

686 2378 798 2447 Ego
837 2394 948 2432 sum
990 2378 1078 2449 qui
1127 2394 1241 2431 sum
1294 2376 1494 2446 (Exod.
1524 2378 1576 2432 5.
1616 2376 1728 2446 ll).
1756 2374 1949 2429 Forma
2001 2384 2266 2444 quatenus

685 2469 855 2525 forma
881 2479 985 2534 est,
1015 2468 1260 2524 eamdem
1282 2468 1473 2524 adesse
1504 2478 1750 2522 naturam
1776 2465 2141 2532 demonstrat;
2165 2480 2265 2521 nec

687 2561 800 2615 fieri
828 2568 1004 2630 potest
1048 2558 1272 2629 utquod
1319 2559 1540 2614 alterius
1566 2558 1815 2614 essentia:
1854 2565 1989 2623 est...
2016 2557 2262 2612 eamdem

683 2651 912 2708 formam
942 2652 1176 2715 habeat;
1208 2660 1264 2705 ut
1311 2665 1470 2704 nemo
1498 2649 1771 2703 hominum
1803 2657 1923 2713 est,
1951 2646 2043 2716 qui
2086 2645 2265 2715 angeli

686 2742 911 2797 formam
943 2742 1138 2797 habeat
1163 2781 1179 2806 ,
1210 2756 1311 2795 nec
1338 2742 1549 2796 brutum
1595 2740 1795 2795 animal
1838 2738 1982 2808 quod
2031 2738 2265 2793 hominis

686 2831 876 2887 habeat
922 2829 1148 2886 lormam
1178 2849 1193 2886 :
1222 2830 1493 2900 quomodo
1520 2829 1679 2900 igitur
1706 2829 1872 2884 Filius
1897 2830 1921 2883 ἲ

758 2922 811 2977 4.
840 2921 1041 2976 Deinde
1084 2922 1137 2975 in
1184 2920 1341 2975 nobis
1367 2920 1583 2991 quidem
1604 2961 1619 2986 ,
1652 2920 1908 2989 quoniam
1932 2935 1997 2977 ex
2025 2922 2265 2992 pluribus

686 3012 891 3067 naturis
907 3011 1189 3081 compositi
1213 3010 1605 3079 snmns,forma
1622 3010 1686 3065 ad
1704 3011 1876 3080 ipsum
1893 3027 2087 3083 corpus
2101 3015 2267 3083 porti-

588 3158 589 3161 η
686 3110 777 3156 net
806 3119 819 3156 :
845 3110 896 3155 at
926 3103 979 3156 in
1008 3117 1097 3169 eo,
1123 3102 1266 3172 quod
1288 3102 1507 3157 omnino
1533 3103 1758 3172 simplex
1805 3103 2061 3174 nulloque
2105 3104 2265 3159 modo

685 3200 1112 3260 coagmentatum
1140 3202 1253 3256 cst,
1284 3191 1350 3246 ad
1378 3192 1546 3261 ipsam
1592 3193 1709 3247 sine
1746 3192 1910 3249 dubio
1952 3196 2263 3251 essentiam.

686 3282 837 3348 Quod
866 3284 909 3337 si
930 3297 996 3337 ex
1022 3298 1110 3349 eo,
1138 3284 1278 3352 quod
1308 3283 1426 3339 sine
1453 3284 1677 3338 articulo
1704 3285 1905 3340 dictum
1930 3295 2011 3341 est
2042 3293 2092 3341 ιν
2111 3303 2264 3359 μορφῇ

686 3379 811 3436 θεοῦ,
838 3373 1118 3428 centendis
1144 3388 1248 3428 non
1279 3374 1500 3429 indicari
1547 3375 1758 3430 Patrem
1787 3376 1861 3447 (α)
1890 3393 1905 3441 ;
1938 3378 2121 3431 multis
2145 3380 2266 3433 aliis

687 3477 816 3531 ergo
866 3463 1000 3517 locis
1042 3464 1320 3518 ostendam
1353 3465 1445 3519 tibi
1478 3464 1593 3519 sine
1633 3466 1859 3521 articulo
1886 3466 2085 3522 dictum
2121 3482 2262 3523 esse.

692 3555 757 3608 Et
801 3555 926 3624 quid
962 3555 1085 3610 dico
1120 3556 1303 3611 multis
1324 3557 1444 3610 aliis
1474 3557 1646 3613 locis?
1676 3557 1728 3611 in
1780 3558 1881 3613 hoc
1929 3561 2047 3628 ipso
2085 3560 2265 3613 statim

690 3647 829 3709 loco,
863 3644 981 3700 Non
1005 3648 1263 3715 rapinam,
1296 3646 1487 3717 inquit,
1507 3647 1781 3701 arbitratus
1798 3659 1998 3703 estesse
2025 3665 2078 3704 se
2096 3665 2268 3714 aequa-

687 3739 785 3792 lem
814 3737 920 3792 Deo
946 3778 962 3802 ,
988 3748 1076 3809 θιῷ
1100 3756 1112 3791 :
1138 3754 1312 3809 neque
1338 3738 1507 3803 dixit,
1554 3750 1643 3811 τῷ,
1662 3747 1749 3809 θεῷ
1768 3778 1784 3805 ,
1812 3754 1936 3794 com
1979 3749 2157 3797 tamen
2198 3741 2267 3797 de

690 3827 850 3882 Patre
890 3826 1227 3897 loqueretur.
1260 3827 1468 3882 Vellem
1519 3837 1700 3882 nostra
1728 3830 1889 3883 etiam
1934 3830 2225 3901 adiungere
2248 3871 2265 3896 ,

688 3914 783 3971 δαί
807 3931 998 3971 ναΐοοτ
1027 3932 1093 3972 ne
1115 3924 1324 3972 mentes
1346 3926 1551 3971 vestras
1566 3918 1875 3974 obruamus.
1904 3918 2111 3975 Interea
2141 3936 2270 3976 VCI‘O

689 4022 807 4077 quze
832 4007 975 4062 dicta
999 4018 1124 4063 sunt
1151 4008 1216 4062 ad
1246 4008 1366 4062 illos
1396 4011 1739 4076 evertendos,
1770 4013 2025 4067 memoria
2054 4023 2265 4071 tenete:

688 4099 893 4154 interea
945 4100 1125 4167 spinas
1171 4099 1529 4165 evellamus;
1557 4112 1612 4155 et
1654 4117 1777 4156 cum
1815 4104 2015 4158 evulsa:
2064 4104 2268 4161 fuerint

688 4192 879 4261 spiam,
902 4204 963 4245 ac
991 4190 1263 4260 paululum
1297 4191 1550 4260 requietis
1580 4209 1891 4249 concessum
1936 4205 2113 4263 terra‘,
2144 4207 2269 4253 tunc

690 4283 882 4338 bonam
916 4292 1217 4338 sementem
1256 4284 1540 4353 jaciemus,
1570 4296 1627 4340 ut
1651 4290 1795 4341 omni
1818 4289 1961 4358 quod
1996 4290 2120 4345 inde
2139 4307 2269 4348 con-

693 4364 852 4428 triuit
880 4374 1010 4429 vitio
1032 4374 1303 4445 deposito,
1338 4391 1527 4446 magna
1548 4392 1669 4432 cum
1697 4380 1893 4435 virtute
1916 4382 2170 4451 suscipiat
2188 4382 2270 4437 di-

689 4467 813 4520 vina
856 4466 1083 4520 semina.
1123 4466 1335 4522 Gratias
1363 4483 1582 4538 agamus
1613 4485 1708 4539 pro
1740 4471 1804 4525 iis
1831 4488 1950 4541 qua:
1979 4473 2119 4528 dicta
2145 4484 2271 4531 sunt

692 4556 839 4610 Deo:
868 4556 1200 4626 postulemus
1228 4557 1297 4613 ab
1324 4559 1439 4629 ipso
1463 4560 1555 4615 det
1580 4561 1811 4616 nobisea
1824 4564 2096 4619 custodire
2110 4580 2270 4622 acre-

694 4647 885 4713 tinere,
914 4656 970 4700 ut
993 4656 1049 4702 et
1067 4648 1223 4702 nobis
1251 4658 1305 4703 et
1330 4649 1482 4704 vobis
1520 4650 1769 4720 gaudium
1802 4651 2061 4723 obtingat,
2090 4654 2267 4711 hzere-

697 4738 783 4793 tiei
810 4754 937 4794 vero
975 4739 1181 4809 pudore
1202 4740 1593 4797 suliundantur.
1619 4743 1771 4797 Illum
1796 4746 2142 4801 Obsecremus
2160 4791 2176 4815 ,
2209 4756 2270 4804 ut

692 4828 759 4884 ad
779 4843 843 4883 ea
864 4830 1024 4885 etiam
1040 4846 1159 4900 quae
1187 4842 1482 4907 sequuntur
1501 4848 1563 4888 os
1583 4833 1737 4889 nobis
1762 4837 1988 4904 aperiat,
2010 4847 2066 4891 ut
2086 4847 2267 4894 nostra

634 4962 639 4965 .
692 4920 853 4975 etiam
881 4920 992 4991 pari
1022 4920 1291 4993 diligentia
1335 4932 1648 4979 statuamus.
1678 4924 1761 4981 Ab
1788 4941 1855 4982 eo
1880 4942 2178 4996 precemur,
2212 4942 2270 4986 ut

693 5011 857 5065 vitam
882 5025 1093 5081 quoque
1114 5012 1227 5082 ipsa
1252 5011 1358 5069 ﬁde
1376 5014 1587 5085 dignam
1617 5016 1769 5072 nobis
1792 5019 2048 5087 pra-beat,
2070 5037 2177 5092 quo
2200 5021 2269 5077 ad

694 5100 860 5169 ipsius
880 5100 1107 5171 gloriam
1120 5104 1382 5171 vivamus,
1407 5122 1475 5163 ne
1497 5106 1665 5177 ipsius
1680 5123 1873 5165 nomen
1903 5122 2084 5167 nostra
2108 5128 2267 5169 musa

699 5192 1042 5262 blasphemiis
1064 5205 1366 5263 appetatur.
1380 5196 1467 5252 Vae
1496 5200 1631 5254 vobis
1657 5202 1821 5264 enim,
1848 5202 2037 5273 inquit,
2066 5216 2271 5276 propter

693 5300 820 5353 quos
849 5300 1028 5339 nomen
1070 5284 1167 5339 Dei
1212 5288 1609 5359 blasphematur.
1637 5290 1848 5346 Etenim
1894 5295 1939 5349 si
1971 5308 2070 5368 nos
2102 5294 2269 5353 illium

698 5374 991 5442 habentes;
1043 5393 1362 5450 quamquam
1402 5380 1528 5451 quid
1572 5382 1681 5437 lilio
1724 5384 2003 5442 uobiscum
2042 5387 2269 5459 conjun-

756 5543 833 5618 (ᾳ)
854 5552 952 5596 Non
973 5548 1138 5618 semel
1153 5550 1365 5618 vidimus
1376 5550 1587 5618 μίλῳ
1629 5546 1802 5607 vacem
1837 5540 1915 5618 ns,
1936 5573 2047 5610 cum
2069 5562 2272 5615 articulo

702 5612 923 5667 ρωιιδιιι,
931 5612 1231 5661 contendere

702 5627 923 5676 ιξυιιιδιιι,
931 5627 1231 5661 wntenuet'c
1338 5627 1716 5667 tutcaret'atresn
1726 5627 1883 5669 solum
1895 5635 2065 5672 verum
2076 5627 2236 5675 Deum
2255 5641 2267 5675 :

691 5678 799 5715 stne
821 5669 1024 5752 articulo
1044 5678 1211 5723 autem
1450 5689 1575 5740 quos
1597 5680 1804 5745 egregie
1828 5681 2042 5735 confutat
2062 5684 2269 5751 ανδ-εθ-

1355 364 1416 422 s.
1451 361 1727 423 JOANNIS
1767 328 2242 420 cnnrsosrom
2280 356 2593 415 AttCﬂlEP.
2632 346 3163 416 consumma

1338 5613 1716 5667 uincat-epatrem
1726 5619 1883 5669 solum
1895 5613 2065 5672 verum
2076 5622 2236 5675 Deum
2250 5613 2267 5675 Ξ
2310 5614 2313 5621 ’

3836 361 3947 417 224

2376 474 2515 527 otius
2537 473 2561 526 ?
2586 472 2631 527 si
2658 471 2857 537 tilium]
2889 473 3125 544 inquam,
3154 471 3449 541 habentes,
3479 474 3621 531 illius
3648 487 3800 530 causa
3828 476 3940 532 bla-

2378 561 2636 630 sphemiis
2652 562 2896 633 appetiti,
2915 562 3087 633 ipsum
3109 562 3473 633 repudiamus,
3496 578 3820 629 aversamur,
3843 580 3939 621 na:

2373 661 2616 706 nostrum
2649 651 2754 707 dici
2784 652 3030 708 volumus
3058 668 3075 709 :
3101 664 3300 723 quanto
3330 656 3499 727 magis
3524 656 3669 711 Deus
3714 671 3898 711 servos
3920 699 3935 722 ,

2371 743 2773 815 quosingratos
2800 745 3027 810 viderit,
3054 756 3111 801 et
3137 760 3167 799 a
3195 746 3389 817 quibus
3430 762 3490 803 se
3515 747 3859 817 blasphemiis
3886 759 3938 802 et

2371 836 2711 891 contumeliis
2736 836 2876 891 affici
2905 838 3231 906 cognoverit,
3267 839 3603 893 aversahitur
3631 849 3787 909 atque
3815 839 3940 891 odio

2372 928 2763 996 prosequetur?
2792 927 2958 995 Quem
2991 943 3117 982 vero
3138 928 3278 983 Deos
3318 929 3490 984 oderit
3532 940 3691 1000 atque
3733 944 3937 984 aversa-

2372 1023 2458 1071 tus
2503 1015 2693 1081 fuerit,
2723 1018 2844 1086 quis
2887 1018 3149 1088 suscipiet
3199 1034 3263 1073 ac
3306 1020 3697 1090 compleetetur
3715 1020 3951 1075 i-Nemo

2371 1116 2569 1177 pra-ter
2604 1106 2873 1162 diabolum
2903 1124 2965 1162 ac
2991 1095 3283 1165 dzemones.
3306 1111 3474 1179 Quem
3521 1128 3649 1166 vero
3671 1111 3942 1167 (Immunes

2370 1196 2633 1263 ceperint,
2662 1212 2819 1265 quam
2849 1199 3034 1253 salutis
3066 1215 3215 1269 spem
3246 1199 3507 1255 habebit?
3530 1202 3673 1271 quod
3713 1202 3829 1256 vitae
3851 1218 3941 1255 so-

2350 1284 2595 1367 latium?
2618 1284 2882 1352 Quamdiu
2910 1288 2963 1341 in
3001 1303 3161 1344 manu
3192 1288 3514 1358 Dcisnmus,
3554 1306 3711 1346 nemo
3754 1308 3952 1361 rapere-

2370 1389 2469 1428 nos
2496 1383 2710 1444 potest;
2750 1376 2965 1431 robusta
2992 1378 3137 1432 enim
3163 1387 3247 1433 est
3274 1396 3288 1432 :
3312 1394 3431 1433 cum
3449 1380 3691 1447 primum
3728 1396 3853 1435 vero
3876 1381 3950 1436 de

2369 1481 2529 1521 manu
2557 1467 2645 1521 illa
2676 1468 3034 1523 deeiderimus
3055 1509 3073 1536 ,
3102 1478 3263 1540 atque
3291 1469 3546 1523 auxilium
3577 1470 3708 1525 illud
3747 1472 3940 1525 amise-

2367 1558 2569 1623 rimus;
2589 1559 2865 1628 periimus.
2883 1560 3134 1615 omnibus
3148 1560 3381 1630 expositi
3393 1559 3459 1615 ad
3483 1560 3719 1631 rapinam
3737 1576 3941 1626 sumus,

2370 1649 2622 1704 omnibus
2644 1650 2712 1705 ad
2738 1652 3188 1717 concuteandum,
3211 1639 3481 1723 tamquam
3507 1668 3704 1708 murus
3721 1640 3945 1708 inclina-

2370 1747 2477 1806 tus,
2503 1748 2561 1795 et
2582 1756 2740 1810 sepes
2757 1741 3066 1798 concidens.
3084 1742 3294 1797 Etenim
3323 1757 3444 1799 cum
3471 1758 3658 1799 murus
3679 1754 3761 1799 est
3782 1745 3942 1799 imbe-

2368 1830 2527 1894 cillis,
2551 1831 2705 1887 facile
2720 1833 2892 1887 cuivis
2912 1841 3056 1902 patet
3068 1832 3136 1887 ad
3153 1833 3577 1903 irrumpendum.
3603 1834 3784 1905 Neque
3798 1836 3939 1890 enim

2369 1923 2512 1994 quod
2539 1923 2782 1979 dicturus
2804 1940 2947 1990 sum,
2974 1924 3039 1979 ad
3068 1925 3238 1980 solam
3264 1924 3565 1981 lerusalem
3593 1927 3791 1999 putetis
3818 1942 3940 1996 per-

2371 2015 2567 2079 linere,
2594 2016 2688 2070 sed
2715 2017 2875 2071 etiam
2893 2015 2959 2070 ad
2982 2016 3222 2086 singulos
3248 2030 3491 2086 quosque
3520 2017 3782 2071 homines.
3804 2016 3949 2083 Quid;

2374 2124 2504 2164 vero
2528 2110 2597 2164 de
2625 2108 2919 2164 Jerusalem
2941 2108 3139 2163 dictum
3175 2109 3295 2165 est?
3323 2107 3548 2163 Cantabo
3573 2110 3758 2164 dilecto
3781 2110 3942 2163 canti—

2368 2215 2485 2253 cum
2513 2200 2685 2254 dilecti
2711 2200 2836 2265 mei,
2860 2200 3018 2254 vinea
3042 2214 3187 2253 meat.
3222 2197 3385 2253 Vinea
3408 2203 3548 2271 facta
3573 2208 3643 2252 est
3660 2198 3861 2253 dilectio
3888 2198 3950 2251 its

2368 2305 2547 2354 cornu,
2572 2292 2625 2343 in
2653 2290 2765 2344 loco
2793 2290 2993 2360 pingui.
3019 2287 3092 2343 Et
3121 2290 3278 2359 scpivi
3303 2305 3413 2344 eam
3441 2306 3503 2342 ac
3545 2289 3681 2343 vallo
3723 2290 3940 2342 circum-

2368 2378 2523 2444 dedi,
2566 2384 2617 2432 et
2640 2378 2871 2448 plantan
2894 2380 3044 2433 υειεηι
3075 2363 3302 2444 δωρεὴ,
3331 2390 3379 2433 ει
3402 2379 3651 2447 ludiﬁcari
3678 2379 3852 2433 turrim
3880 2379 3940 2432 in

2370 2470 2535 2523 medio
2566 2470 2698 2543 ejus,
2731 2480 2779 2524 et
2809 2470 3032 2524 torcular
3072 2472 3303 2525 exstruxi
3324 2472 3375 2523 in
3402 2487 3483 2535 ea,
3516 2480 3564 2525 et
3587 2472 3863 2543 exspectavi
3889 2481 3945 2525 ut

2370 2560 2553 2629 faceret
2580 2575 2748 2626 uvam,
2778 2569 2824 2612 et
2853 2560 2970 2628 fecit
2997 2562 3193 2629 spinas.
3227 2559 3378 2614 Nunc
3406 2562 3580 2631 igitur,
3610 2563 3706 2615 uiri
3730 2560 3870 2617 Iuda
3897 2570 3948 2617 et

2370 2651 2674 2705 habitatores
2692 2649 3239 2721 Jerusalem,judicate
3254 2654 3385 2706 inter
3396 2669 3473 2707 me
3492 2663 3540 2709 et
3554 2654 3746 2707 vineam
3761 2672 3938 2708 meam.

2373 2740 2509 2803 Quid
2534 2750 2606 2794 est
2624 2781 2641 2805 ,
2670 2740 2806 2810 quod
2844 2741 2979 2794 ultra
3004 2742 3155 2795 debui
3197 2742 3364 2810 facere
3391 2742 3554 2796 vineta
3579 2759 3735 2806 metu,
3770 2757 3816 2797 et
3841 2761 3945 2797 non

2296 2882 2299 2883 ν
2369 2831 2467 2900 feci
2493 2830 2580 2885 ei?
2608 2831 2860 2899 Quoniam
2899 2833 3186 2902 exspectavi
3209 2872 3225 2898 ,
3268 2841 3322 2885 nt
3368 2836 3557 2902 faceret
3599 2850 3748 2887 uram
3769 2850 3788 2899 ;
3826 2834 3946 2902 fecit

2369 2931 2535 2974 autem
2562 2921 2758 2990 spinas.
2788 2919 2944 2975 Nunc
2984 2937 3104 2991 ergo
3133 2923 3398 2977 ostendam
3420 2924 3558 2978 vobis
3587 2923 3723 2991 .qaid
3745 2910 3834 2994 ego
3861 2926 3942 2993 [a-

2369 3010 2498 3064 ciam
2520 3010 2678 3064 vincte
2706 3026 2867 3065 mete:
2907 3014 3139 3082 auferam
3166 3029 3335 3081 sepem
3360 3014 3471 3083 ejus
3493 3054 3510 3078 ,
3541 3024 3589 3067 et
3612 3016 3707 3067 erit
3728 3015 3781 3067 in
3813 3014 3944 3067 dire-

2370 3104 2588 3173 ptionem
2615 3117 2635 3164 ;
2662 3110 2708 3155 et
2737 3102 2940 3156 diruunt
2960 3102 3229 3157 maceriam
3253 3104 3383 3175 ejus,
3410 3113 3455 3157 et
3479 3104 3574 3158 erit
3601 3103 3655 3157 in
3680 3105 3944 3159 conculca-

2370 3194 2591 3256 tionem;
2613 3202 2657 3246 rt
2682 3194 3026 3262 derelinquam
3057 3194 3254 3247 vineam
3282 3212 3478 3259 nteant,
3498 3206 3545 3249 et
3568 3188 3671 3250 non
3691 3196 3942 3267 putabitar

2370 3293 2416 3337 et
2460 3300 2561 3337 non
2594 3284 3149 3353 fodietur;ascendent
3190 3286 3243 3337 in
3290 3301 3401 3338 eam
3425 3324 3441 3348 ,
3470 3286 3679 3354 perinde
3722 3296 3869 3357 atque
3894 3289 3943 3339 in

2371 3380 2554 3426 terram
2580 3373 2844 3437 incultam,
2861 3379 3023 3443 spina!
3044 3383 3126 3437 ;et
3151 3373 3364 3428 nubibus
3389 3378 3661 3441 mandabo,
3685 3394 3748 3432 ne
3771 3378 3941 3446 pluunt

2370 3480 2523 3531 super
2566 3478 2677 3515 eam
2722 3463 2954 3516 imbrem.
2996 3462 3153 3517 Vinea
3198 3465 3331 3518 enim
3382 3464 3593 3519 Domini
3636 3468 3940 3521 exercituum

2372 3554 2552 3607 domus
2578 3552 2746 3607 Israel
2772 3563 2862 3618 est,
2899 3565 2945 3607 et
2968 3555 3043 3607 vir
3072 3552 3213 3607 Juda
3238 3571 3441 3624 germen
3468 3556 3726 3609 dilectum.
3753 3556 3944 3625 Exspe-

2372 3644 2503 3697 οισισὶ
2525 3653 2579 3696 ut
2595 3643 2784 3712 faceret
2798 3643 3051 3713 judicium
3074 3661 3093 3710 ;
3117 3630 3235 3715 fecit
3257 3655 3425 3698 autem
3444 3647 3757 3716 iniquitatem
3780 3658 3825 3701 et
3846 3665 3942 3701 non

2372 3732 2615 3798 iustitiam
2637 3772 2653 3799 ,
2684 3733 2773 3787 sed
2793 3733 3070 3787 clamorem
3121 3733 3275 3802 (leui.
3302 3735 3405 3792 5.1
3431 3765 3451 3776 -
3484 3736 3558 3807 7).
3594 3738 3646 3791 ld
3674 3738 3833 3793 etiam
3879 3740 3943 3793 de

2372 3823 2610 3892 qualibet
2637 3824 2814 3877 anima
2856 3823 3072 3879 dicitur.
3097 3824 3229 3879 Nam
3258 3841 3379 3880 cum
3419 3830 3596 3882 omnia
3641 3844 3760 3897 qua:
3783 3844 3940 3898 opor-

2375 3922 2551 3969 tuerat
2577 3914 2877 3983 impleverit
2904 3914 3165 3985 benignus
3194 3916 3360 3982 Deus,
3394 3916 3484 3971 illa
3510 3933 3637 3972 vero
3670 3933 3765 3987 pro
3803 3934 3901 3973 uva
3924 3958 3949 3983 ,,

2373 4004 2557 4075 spinas
2585 4004 2810 4070 fecerit;
2853 4020 3037 4075 sepem
3064 4005 3272 4061 auferet
3321 4017 3376 4061 ct
3405 4025 3613 4062 morum
3635 4000 3810 4065 diruet
3836 4052 3852 4076 ,
3884 4025 3943 4063 ac

2376 4097 2678 4167 patebimus
2704 4097 3012 4167 direptioni.
3037 4101 3173 4154 Audi
3203 4116 3332 4156 vero
3357 4110 3413 4156 et
3448 4112 3646 4172 quanto
3672 4119 3791 4157 cum
3818 4103 3947 4157 ﬂeto

2374 4188 2512 4242 alius
2540 4189 2797 4259 propheta
2840 4188 2955 4243 haec
2981 4189 3125 4245 dicat
3156 4208 3169 4245 :
3199 4190 3268 4246 Ut
3295 4192 3418 4261 quid
3445 4193 3738 4249 destruristi
3779 4212 3942 4248 inacc-

2372 4278 2504 4332 riam
2541 4279 2652 4349 ejus
2674 4295 2693 4341 ;
2715 4288 2763 4333 et
2793 4280 3097 4334 vindemiant
3132 4298 3245 4336 eam
3290 4299 3463 4338 omnes
3484 4325 3501 4350 ,
3530 4285 3613 4351 qui
3644 4294 3941 4357 pra-tergm-

2374 4370 2582 4423 diuntur
2629 4370 2807 4423 uiam?
2848 4369 3216 4426 Exterminaoit
3244 4389 3356 4426 eam
3404 4390 3530 4443 aper
3573 4374 3638 4429 de
3688 4376 3870 4446 sylva,
3899 4385 3949 4429 et

2373 4460 2650 4531 singularis
2697 4464 2835 4531 [erus
2861 4462 3099 4532 depastus
3139 4473 3213 4519 est
3242 4480 3355 4518 eam
3396 4464 3571 4534 (Psal.
3596 4466 3684 4521 79.
3706 4467 3941 4540 £3.14)?

2375 4551 2451 4605 lbi
2476 4552 2690 4622 quidem
2717 4552 2786 4608 de
2826 4551 2981 4608 Medo
3016 4568 3079 4609 ac
3107 4552 3177 4609 de
3224 4556 3517 4628 Babylonio
3560 4558 3825 4629 loquitor;
3861 4560 3946 4615 hic

2374 4656 2503 4696 vero
2535 4642 2667 4697 nihil
2691 4650 2795 4709 est,
2822 4643 2965 4712 quod
2990 4632 3059 4698 de
3084 4644 3176 4711 illo
3203 4644 3449 4710 dicatur;
3482 4648 3577 4703 sed
3604 4665 3735 4718 aper
3759 4660 3813 4705 et
3836 4652 3942 4706 sio-

2373 4734 2572 4804 gularis
2600 4735 2716 4805 ipse
2737 4735 2983 4791 diabolus
3008 4746 3125 4804 est,
3161 4747 3378 4811 totaque
3407 4742 3552 4798 illius
3580 4760 3788 4801 manus.
3816 4746 3940 4801 Sin-

2373 4826 2613 4896 gularem
2642 4841 2771 4881 vero
2816 4827 2964 4882 illum
3008 4829 3330 4900 appellavit,
3380 4842 3440 4886 ut
3481 4832 3650 4901 ipsius
3694 4835 3940 4892 ferociam

2372 4930 2536 4994 atque
2577 4922 2938 4991 impuritatem
2987 4925 3058 4980 ob
3100 4925 3287 4981 oculos
3331 4936 3576 4996 poneret.
3632 4928 3763 4985 Nam
3799 4930 3941 4988 Scri-

2372 4998 2528 5084 ptura
2549 5053 2565 5079 ,
2594 5027 2717 5069 cum
2748 5013 2893 5070 illius
2932 5016 3279 5085 rapacitatem
3301 5016 3673 5076 demonstrare
3700 5021 3847 5090 volt,
3872 5022 3938 5075 ita

2376 5104 2582 5174 inquit,
2615 5103 2894 5175 Tamquam
2940 5104 3017 5160 leo
3044 5108 3249 5177 rugiens
3272 5108 3453 5163 circuit
3474 5150 3491 5175 ,
3534 5126 3763 5182 quarens
3803 5127 3943 5185 quem

2373 5193 2573 5249 devoret
2600 5194 2680 5265 (1.
2711 5193 2828 5251 Pet.
2855 5196 2909 5252 5.
2939 5195 3031 5265 8);
3074 5213 3196 5253 cum
3237 5213 3365 5253 vero
3412 5202 3561 5255 virus
3606 5201 3734 5257 illud
3762 5205 3938 5274 perni-

2374 5288 2578 5343 ciosum
2603 5303 2667 5344 ac
2693 5287 2851 5345 letale
2875 5288 3162 5358 significat,
3186 5302 3490 5360 serpentem
3518 5305 3673 5349 vocat
3719 5304 3775 5351 et
3799 5312 3936 5353 scor-

2378 5378 2589 5449 pionem
2612 5376 2871 5446 :Calcatr,
2897 5380 3089 5450 inquit,
3116 5397 3269 5452 super
3287 5395 3542 5452 serpentes
3561 5394 3612 5439 et
3634 5388 3935 5457 scorpiona,

2375 5478 2423 5525 et
2448 5484 2604 5539 super
2631 5484 2829 5522 onmem
2869 5470 3099 5524 virtutem
3138 5471 3331 5525 inimici
3367 5472 3523 5544 (Luc.
3555 5475 3757 5549 10.19)
3785 5492 3936 5535 :cum

2375 5557 2535 5613 simul
2562 5573 2824 5614 venenum
2852 5558 3052 5614 indicat
3074 5568 3132 5616 et
3151 5560 3336 5627 robur,
3368 5561 3655 5620 draconem
3684 5570 3937 5633 nouunat,

2377 5650 2823 5721 quemadmodum
2843 5667 2911 5707 eo
2937 5653 3057 5707 loco
3082 5670 3096 5708 :
3126 5653 3294 5710 Draco
3321 5656 3434 5720 iste,
3460 5673 3607 5726 quem
3631 5662 3866 5730 formasti
3880 5659 3939 5715 ad

2379 5743 2695 5799 illadendum
2723 5746 2768 5799 ei
2788 5743 2961 5812 (l’sal.
2992 5746 3108 5803 105.
3122 5745 3237 5817 26).
3262 5747 3330 5805 Et
3352 5748 3635 5809 draconem
3653 5761 3716 5810 ct
3735 5767 3942 5828 serpen-
