4064 6318
102 388 211 442 225

990 385 1059 443 IN
1095 385 1314 443 EPIST.
1357 387 1448 442 AD
1486 387 1772 445 PlllLlPP.
1809 388 1964 445 CAP.
2005 391 2069 447 ll.
2112 392 2338 450 IIOMIL.
2381 397 2471 454 Vl.

103 511 212 558 teni
243 508 630 558 tortuosum‘et
649 499 887 571 aspidem
919 499 1114 570 ubique
1145 500 1318 570 ipsum
1344 501 1527 556 vocat.
1551 501 1685 556 Tor-

104 594 414 649 tuosa'enim
437 609 503 649 ac
527 594 672 648 varia
700 593 888 659 bestia,
905 607 1024 663 qua:
1041 594 1244 662 magnis
1267 593 1434 663 pollet
1453 595 1681 650 viribus:

99 685 280 740 omnia
310 693 512 750 movet,
529 684 719 750 omnia
749 685 962 750 turbat,
989 686 1167 739 omnia
1194 699 1404 739 sursum
1430 699 1494 741 ac
1520 685 1682 740 deor-

99 794 218 832 sum
240 778 366 848 agit.
390 777 589 832 Verum
609 791 675 831 ne
701 777 954 842 timeatis,
986 791 1054 832 ne
1079 776 1314 831 animum
1342 775 1680 846 deSpondea-

3262 410 3369 470 220

1794 517 1961 557 unum
2015 519 2080 559 es
2127 505 2432 572 duodecim,
2480 509 2549 564 ita
2598 509 2915 581 honorabat,
2965 516 3037 573 ita
3085 519 3363 592 diligebat.

1794 589 2052 661 Denique,
2074 602 2118 647 ‘o
2148 595 2354 652 scelus!
2411 599 2573 653 linteo
2602 602 2762 656 etiam
2799 617 3031 674 sumpto,
3061 589 3211 678 puris
3261 612 3364 667 illis

1789 684 2038 739 tnanilnts
2068 687 2306 754 impuros
2351 690 2516 758 pedes
2559 703 2678 747 tuos
2707 694 2868 761 lavit;
2915 714 3089 770 neque
3122 703 3170 756 id
3197 706 3360 760 etiam

1789 780 1841 826 te
1869 774 2134 828 cohibuit.
2174 774 2459 834 Furahat-is
2485 797 2568 847 ea,
2599 799 2716 852 qua:
2739 801 3028 856 pauperum
3054 801 3243 859 erant;
3273 804 3359 849 at-

99 867 167 919 tis
203 885 218 921 :
251 874 453 920 tantum
485 865 722 935 vigilate,
748 874 805 921 et
831 867 934 921 erit
963 875 1021 919 ut
1062 867 1400 936 passerculus
1433 885 1446 921 :
1475 865 1679 922 Calcate
1784 879 1888 956 que
1920 865 2058 921 istud
2087 868 2270 936 etiam,
2291 886 2356 926 ne
2381 872 2446 925 ad
2471 874 2640 942 majus
2667 877 2880 946 aliquod
2906 881 3103 936 malum
3134 899 3357 956 progre-

93 957 237 1011 enim
257 999 271 1022 ,
298 957 472 1026 inquit
502 996 520 1022 ,
553 973 708 1028 supra
735 965 988 1026 serpentes
1011 968 1058 1011 et
1084 958 1394 1028 scorpiones.
1430 959 1600 1022 illum,
1628 959 1674 1014 si

98 1049 450 1110 voluerimus,
478 1049 597 1117 ejus
619 1063 723 1117 ope
749 1049 947 1102 nostris
971 1048 1193 1116 pedibus
1218 1049 1673 1104 conculcahitnus.

165 1140 221 1194 5.
265 1138 399 1195 Vide
428 1141 611 1210 igitur,
643 1155 801 1210 quam
835 1139 1147 1205 ridiculum,
1169 1142 1254 1196 vel
1288 1143 1466 1211 potius
1507 1158 1671 1210 quam

93 1231 352 1286 miserum
377 1230 451 1286 sit
475 1246 620 1305 eum,
646 1231 738 1301 qui
767 1231 920 1286 nobis
944 1230 1099 1287 datus
1127 1241 1209 1304 est
1234 1233 1300 1288 ad
1327 1234 1668 1300 caleandum,

94 1323 285 1378 intueri
310 1332 544 1376 stantem
568 1338 726 1392 supra
754 1335 914 1393 caput
937 1334 1199 1379 nostrum.
1228 1324 1512 1392 Quomodo
1540 1341 1669 1382 vero

91 1413 191 1467 hoc
217 1413 314 1466 lit?
339 1415 382 1467 Δ
413 1414 572 1469 nobis
596 1431 611 1467 :
639 1415 684 1468 si
708 1429 806 1469 nos
831 1416 1078 1480 velimus,
1109 1431 1330 1487 magnus
1350 1427 1465 1483 est;
1500 1418 1545 1471 si
1571 1433 1670 1472 nos

91 1502 343 1567 velimus,
374 1518 572 1575 parvus
599 1502 674 1558 ﬁt.
720 1504 775 1561 Si
809 1507 975 1560 nostri
1007 1507 1245 1575 ipsorum
1293 1520 1472 1562 utram
1513 1523 1670 1577 geta-

89 1607 225 1652 mus.
249 1603 564 1664 stemusque
595 1610 696 1650 una
721 1596 1027 1667 cum'che
1050 1607 1255 1663 nostro,
1287 1597 1553 1652 contrahit
1580 1613 1661 1664 se,

91 1700 150 1738 ac
181 1685 353 1739 nihilo
381 1687 503 1756 plus
545 1702 712 1756 parvo
756 1686 959 1743 infante
990 1690 1042 1744 in
1075 1704 1245 1759 pugna
1271 1689 1528 1744 adversus
1565 1703 1663 1744 nos

88 1785 263 1841 potest
289 1794 304 1831 :
344 1777 432 1830 sin
472 1792 503 1830 a
532 1776 679 1848 Rege
701 1776 1117 1843 desciverimus,
1146 1779 1299 1833 valde
1328 1787 1523 1850 turget,
1552 1779 1662 1833 l're-

87 1867 197 1930 mit,
228 1866 422 1922 dentes
450 1867 628 1932 acuit;
657 1868 853 1938 quippe
880 1869 970 1938 qui
1004 1883 1102 1924 nos
1122 1885 1316 1940 magno
1345 1870 1436 1926 illo
1463 1871 1660 1925 auxilio

85 1958 368 2013 demiratos
409 1968 598 2014 nactus
639 1958 838 2014 fuerit:
873 1976 980 2016 non
1026 1961 1168 2017 enim
1204 1962 1526 2033 aggreditur,
1557 1965 1656 2018 nisi

86 2048 385 2115 permiserit
430 2049 589 2104 Deus.
619 2049 750 2104 Nam
779 2051 822 2104 si
854 2051 906 2106 in
935 2065 1218 2121 porcorum
1261 2067 1478 2124 gregem
1509 2053 1657 2109 inva-

89 2139 391 2194 :lere'ausus
423 2155 529 2195 non
552 2147 656 2204 est,
678 2140 786 2195 Deo
812 2155 918 2196 non
950 2144 1325 2212 permittente;
1355 2144 1525 2200 multo
1549 2145 1655 2202 mi-

82 2244 176 2284 nus
194 2230 261 2284 in
288 2229 496 2284 animas
526 2229 802 2285 hominum
829 2250 844 2285 :
877 2234 1140 2302 permittit
1177 2243 1355 2291 autem
1405 2235 1546 2292 Deus
1569 2234 1654 2292 vel

78 2319 349 2384 erudiens,
374 2321 460 2376 vel
489 2336 700 2390 pinnam
730 2323 972 2391 exigens,
1004 2323 1088 2379 vel
1129 2324 1390 2382 clariores
1427 2325 1650 2384 faciens.

85 2407 234 2465 Vides
261 2411 410 2465 illum
443 2426 550 2466 non
578 2412 795 2482 aggredi
818 2413 922 2468 Job
948 2429 1122 2483 neque
1145 2416 1348 2470 audere
1372 2415 1649 2483 accedere,

82 2501 166 2555 sed
190 2511 432 2557 metuere
471 2512 631 2572 atque
655 2505 932 2560 tremere?
981 2507 1046 2560 Et
1085 2507 1210 2577 quid
1242 2508 1364 2562 dico
1403 2507 1473 2562 de
1509 2508 1652 2563 Job?

81 2604 193 2644 nam
222 2590 277 2645 in
303 2590 496 2646 ludam
543 2592 798 2648 invadens
823 2610 931 2648 non
961 2603 1086 2649 ante
1131 2605 1299 2650 totum
1345 2597 1650 2667 appr-hen-

80 2677 198 2734 dere
241 2688 402 2751 atque
427 2681 480 2736 in
523 2682 696 2751 ipsum
731 2683 934 2755 ingredi
963 2699 1126 2741 ausus
1152 2695 1256 2750 est,
1287 2703 1446 2758 quam
1498 2688 1646 2745 illum

77 2764 313 2827 Christus
340 2788 370 2826 a
397 2788 557 2830 sacro
584 2774 753 2831 chero
780 2781 1117 2833 secrevisset.
1148 2778 1498 2836 Extrinsecus
1522 2781 1647 2851 qui-

77 2860 186 2918 dem
209 2875 334 2919 tune
353 2866 615 2931 tentahat,
635 2866 730 2922 sed
761 2867 904 2922 intus
928 2870 1228 2940 irrumpere
1251 2886 1358 2926 non
1379 2872 1644 2931 audebat:

79 2961 345 3024 postqum
405 2969 536 3010 vero
581 2969 610 3008 a
661 2970 818 3011 sacro
869 2957 962 3012 illo
1000 2973 1164 3029 grege
1214 2959 1513 3017 abscissum
1562 2965 1645 3020 vi-

75 3040 166 3107 dit,
193 3043 382 3112 quovis
407 3044 534 3115 lupo
578 3043 948 3102 vehementius
986 3047 1244 3116 impetum
1274 3049 1437 3118 fecit;
1468 3067 1645 3124 neque

76 3140 187 3187 ante
223 3132 453 3199 destitit,
491 3149 652 3206 quam
699 3136 851 3193 illu
895 3138 1096 3209 duplici
1143 3150 1317 3198 morte
1360 3153 1638 3200 mactaret.

77 3221 273 3280 [head
299 3237 541 3282 nostram
569 3227 930 3285 eruditionem
956 3239 1082 3287 sunt
1105 3233 1325 3303 scripta.
1355 3233 1488 3290 Nam
1511 3236 1642 3307 quid

74 3313 200 3369 lucri
227 3316 299 3371 sit
324 3317 540 3372 novisse
560 3315 857 3382 Christum.
886 3321 956 3376 ab
984 3336 1094 3378 uno
1117 3336 1186 3379 es
1213 3323 1497 3381 duodecim
1519 3341 1642 3384 csse

74 3405 367 3476 proditum?
382 3407 574 3479 ecquid
597 3409 968 3477 emolumenti,
981 3425 1149 3485 ecqua
1172 3413 1408 3471 utilitas?
1427 3415 1636 3488 Magna,

75 3499 423 3567 respondebo.
445 3499 662 3557 Etenim
685 3516 809 3557 cum
837 3501 1206 3574 didicerimus,
1229 3520 1334 3577 qua
1360 3506 1454 3563 ille
1472 3523 1638 3566 causa

74 3587 320 3660 impulsus
359 3591 464 3648 hoc
493 3592 711 3650 exitiale
733 3593 1016 3651 consilium
1059 3597 1299 3667 ceperit;
1327 3599 1639 3657 cavebimus

75 3677 187 3748 ipsi,
209 3695 276 3736 ne
293 3679 362 3736 ab
383 3680 569 3737 eadem
597 3696 698 3738 nos
721 3699 936 3754 quoque
956 3683 1282 3746 auara-ur.
1299 3686 1454 3746 [inde
1476 3689 1640 3762 igitur

75 3769 155 3826 ille
180 3769 284 3828 huc
326 3787 388 3829 se
426 3774 694 3830 contulit?
737 3775 815 3832 Ex
845 3776 1066 3834 avaritia
1087 3794 1108 3835 :
1149 3777 1238 3835 fur
1262 3787 1403 3847 erat,
1431 3789 1487 3838 et
1516 3781 1637 3840 hoc

74 3859 250 3914 morbo
276 3862 350 3918 ita
375 3862 560 3920 ebrius
587 3864 711 3933 hit,
733 3873 793 3921 ut
811 3866 1028 3937 triginta
1056 3868 1328 3941 argenteis
1351 3869 1634 3934 Dominum

74 3949 511 4021 MilesiuQuid
525 3952 627 4011 hac
640 3954 844 4011 insania
859 3955 1134 4015 deterius?
1147 3958 1288 4017 Nihil
1305 3964 1633 4037 pareiquem

76 4041 296 4106 “didit,
326 4043 458 4099 nihil
485 4044 619 4101 tanti
647 4061 666 4101 :
692 4046 778 4102 eui
805 4057 996 4119 gentes
1015 4050 1062 4106 si
1086 4050 1455 4122 contuetur,
1479 4057 1632 4126 quasi

77 4129 282 4186 nihilum
325 4141 589 4204 reputat:
615 4145 743 4191 sunt
766 4136 818 4192 ei
849 4136 1004 4221 (Issi.
1030 4139 1123 4212 ω)
1160 4159 1178 4197 :
1220 4141 1366 4200 hunc
1417 4145 1634 4216 triginta

75 4492 305 4558 avaritia;
336 4508 444 4549 non
485 4511 638 4566 tque
672 4512 740 4554 es
781 4499 988 4555 insania
1018 4517 1083 4557 ac
1103 4513 1348 4574 stupore,
1378 4517 1539 4579 atque
1562 4525 1631 4565 es

75 4582 258 4648 argenti
276 4583 594 4654 cupiditate.
626 4585 829 4658 Ecquid
858 4589 1005 4649 enim
1031 4591 1180 4653 aliud
1203 4608 1383 4651 causa:
1403 4597 1519 4663 fuit,
1542 4598 1631 4655 dic

76 4670 210 4736 mihi,
232 4683 289 4729 ut
310 4675 572 4746 proderes
589 4679 616 4732 ἲ
657 4677 960 4738 Obscurum
989 4694 1154 4756 atque
1181 4686 1422 4758 ignotum
1453 4700 1508 4746 te
1535 4707 1632 4747 vo-

77 4763 214 4829 cavit,
245 4783 520 4839 unumque
557 4785 624 4824 es
661 4770 944 4830 duodecim
975 4775 1105 4832 fecit
1134 4795 1148 4831 :
1182 4779 1482 4836 doctrinam
1529 4784 1631 4838 im-

77 4855 284 4924 partivit,
332 4858 744 4917 innumerabilia
791 4863 930 4920 bona
973 4869 1239 4937 promisit,
1271 4879 1330 4926 ut
1371 4874 1626 4931 miracula

77 4943 241 5001 ederes
282 4948 464 5004 eﬂecit
496 4968 513 5005 :
552 4966 775 5018 mensae,
809 4954 1091 5023 itinerum,
1136 4959 1410 5032 colloquii,
1439 4975 1631 5020 contu-

77 5033 245 5104 liernii,
263 5054 446 5095 rerum
467 5043 704 5097 omnium
731 5061 883 5115 :eque
903 5061 967 5102 ac
987 5050 1168 5104 caateri
1191 5053 1459 5125 particeps
1485 5071 1628 5112 eras.

82 5123 299 5185 Haecine
316 5131 455 5186 satis
481 5147 587 5186 non
617 5133 832 5190 luerunt
860 5153 984 5208 qua:
1012 5149 1066 5194 te
1085 5123 1450 5199 cohiberent?
1470 5162 1628 5217 quant

80 5215 213 5282 igitur
228 5220 296 5276 oh
319 5232 542 5276 causam
573 5224 893 5293 prodidisti?
926 5229 1054 5299 quid
1083 5230 1307 5296 habens,
1328 5237 1469 5305 quod
1489 5215 1633 5309 ique-

81 5307 209 5371 raris,
226 5312 496 5367 sceleste?
524 5313 608 5368 vel
648 5316 824 5385 potius
845 5320 1096 5387 quoniam
1121 5321 1384 5378 beneﬁcio
1409 5307 1629 5381 allectus

82 5410 166 5450 non
209 5401 419 5459 luet-as?
461 5404 701 5461 Noverat
747 5420 981 5465 mentem
1036 5421 1217 5480 tuam;
1274 5431 1379 5471 non
1424 5418 1630 5475 destitit

82 5503 178 5555 qua:
202 5509 288 5549 sua
329 5506 494 5552 erant
535 5508 818 5567 praestare;
861 5517 1001 5573 sa-pe
1043 5505 1194 5570 dixit,
1232 5507 1380 5562 Unus
1403 5527 1468 5564 ea:
1491 5512 1629 5566 vobis

83 5581 214 5635 tradet
237 5602 311 5641 nte
339 5585 565 5659 (Matth.
591 5589 683 5644 26.
711 5591 840 5660 2i);
883 5608 1028 5664 szrpe
1058 5598 1283 5662 notavit,
1322 5615 1385 5655 ac
1415 5601 1508 5656 tibi
1550 5612 1630 5657 ta-

85 5682 181 5724 men
199 5678 476 5744 pepercit;
506 5685 564 5733 et
588 5693 707 5734 cum
739 5682 896 5737 talem
933 5692 984 5738 te
1006 5699 1133 5741 esse
1160 5689 1347 5756 sciret,
1367 5705 1434 5744 ex
1461 5693 1629 5748 choro

85 5771 168 5816 non
188 5763 367 5835 eiecit:
394 5767 580 5826 adhuc
607 5769 828 5842 ferebat,
860 5773 1033 5831 adhuc
1060 5784 1116 5833 ut
1140 5777 1437 5849 legitimum
1465 5792 1629 5854 atque

1781 953 1989 1010 del-eris
2036 956 2240 1013 ferebat
2279 978 2293 1014 :
2338 962 2432 1016 sed
2478 964 2607 1018 nihil
2651 968 2888 1022 animum
2931 979 3080 1027 tuum
3112 953 3352 1032 mutavit.

1781 1041 1913 1097 Nam
1935 1046 2142 1101 etiamsi
2167 1047 2276 1102 l‘era
2289 1066 2458 1119 esses,
2475 1055 2680 1110 etiamsi
2708 1057 2864 1126 lapis,
2881 1075 3057 1117 nonne
3079 1063 3354 1122 beneﬂciis

1781 1132 1832 1188 in
1857 1144 1910 1190 te
1926 1137 2151 1202 collatis,
2177 1155 2351 1198 nonne
2380 1144 2668 1211 miraculis,
2689 1163 2865 1206 nonne
2891 1150 3131 1207 doctrina
3151 1155 3237 1209 illa
3259 1158 3352 1212 lle-

1777 1227 1847 1280 cti
1877 1235 1930 1282 te
1957 1231 2275 1299 oportebat?
2301 1234 2494 1290 Verum
2528 1255 2694 1309 usque
2716 1242 2850 1310 adeo
2869 1244 3146 1302 ell'eratum
3179 1249 3354 1306 adhuc

1776 1319 2020 1387 vocabat,
2048 1330 2100 1376 et
2123 1324 2378 1380 mirandis
2405 1329 2656 1397 Operibus
2685 1332 2974 1400 alliciebat,
2997 1342 3240 1407 quamvis
3271 1341 3349 1395 la-

1775 1408 1924 1477 pides
1957 1411 2100 1480 ipsos
2128 1415 2392 1472 vacuitate
2432 1435 2623 1476 sensus
2658 1438 3015 1494 exsuperares
3049 1445 3062 1482 :
3093 1429 3187 1485 sed
3217 1432 3348 1488 nihil

1772 1500 1961 1554 horum
1993 1500 2110 1570 fuit,
2143 1506 2282 1574 quod
2307 1518 2357 1561 te
2380 1510 2653 1565 meliorem
2682 1514 2948 1570 redderet.
2974 1517 3218 1574 Forsitan
3246 1522 3348 1576 mi-

1770 1590 1960 1644 ramini
1985 1601 2182 1648 tantam
2215 1599 2501 1666 proditoris
2517 1605 2827 1662 amentiam.
2848 1606 3041 1662 dictum
3062 1609 3221 1679 igitur
3246 1627 3343 1667 vo-

1768 1680 1849 1735 bis
1873 1682 2094 1739 incutiat
2128 1687 2268 1742 illius
2295 1691 2749 1765 vulnuszargeuti
2771 1699 3054 1769 cupiditas.
3089 1704 3343 1770 pecunia-

1769 1787 1884 1828 rum
1901 1790 2052 1831 amor
2074 1778 2233 1834 talem
2258 1782 2509 1840 reddidit.
2533 1785 2716 1842 Evelle
2736 1787 2878 1845 hunc
2904 1790 3186 1858 allectum;
3209 1794 3342 1850 tales

1763 1867 1909 1923 enim
1937 1872 2152 1927 morbos
2181 1875 2337 1944 parit,
2367 1875 2558 1946 impios
2583 1881 2704 1936 facit
2728 1897 2742 1935 :
2772 1891 2932 1952 atque
2948 1899 3040 1940 eos
3057 1901 3157 1945 nos
3173 1888 3343 1944 addu-

1762 1957 1858 2022 cit,
1892 1967 1949 2013 ut
1973 1962 2181 2018 etiamsi
2209 1968 2478 2021 sexcentis
2504 1969 2778 2027 beneﬂciis
2821 1973 3139 2043 alliciamur,
3174 1979 3338 2038 Deum

1762 2046 2087 2116 ignoremus.
2122 2053 2321 2120 Evelle,
2346 2057 2573 2114 obsecro
2601 2078 2616 2116 :
2651 2078 2756 2117 non
2787 2074 2870 2120 est
2916 2066 3046 2121 levis
3093 2070 3332 2137 morbus,

1760 2147 2040 2195 sescentas
2067 2146 2439 2202 acerbissimas
2461 2161 2661 2207 mortes
2688 2153 2879 2210 allerre
2907 2157 3074 2213 novit.
3098 2159 3336 2216 Vidimus

1758 2228 1910 2286 Juda:
1937 2234 2183 2288 morbum
2219 2253 2233 2289 :
2262 2249 2565 2296 metuamus
2592 2258 2660 2298 ne
2689 2244 2786 2314 ipsi
2817 2261 3032 2318 quoque
3064 2249 3115 2304 in
3146 2252 3332 2306 eadem

1757 2318 2076 2390 incidamus.
2108 2321 2232 2380 Ideo
2273 2328 2472 2398 scripta
2514 2341 2660 2398 sunt,
2687 2350 2752 2388 ne
2779 2335 2966 2396 iisdem
2996 2353 3094 2394 nos
3123 2356 3333 2411 quoque

1757 2410 1912 2466 malis
1937 2412 2232 2470 aﬂiciainur
2261 2434 2277 2473 :
2307 2428 2589 2490 propterea
2615 2424 2685 2478 ab
2711 2428 2970 2488 omnibus
2987 2410 3331 2503 evangelistis

1756 2501 1808 2556 id
1838 2515 2108 2560 narratum
2135 2518 2236 2575 est,
2263 2519 2319 2564 ut
2339 2527 2438 2568 nos
2459 2519 2863 2585 temperantiam
2893 2501 3171 2580 docerent.
3200 2527 3333 2582 Pro-

1753 2593 1838 2646 eul
1867 2593 1990 2665 fuge
2012 2613 2026 2648 :
2052 2612 2158 2651 non
2183 2599 2284 2654 hoc
2299 2602 2471 2658 solum
2488 2607 2708 2663 avaritia
2731 2618 2833 2676 est,
2854 2612 3047 2670 multas
3077 2617 3330 2686 pecunias

1752 2698 1973 2755 cupere,
2006 2687 2102 2742 sed
2145 2691 2305 2746 etiam
2349 2697 2602 2763 pecunias
2631 2702 2851 2756 omnino
2890 2719 3109 2774 cupere.
3139 2707 3329 2766 Gravis

1751 2775 1972 2830 avaritia
1997 2787 2082 2833 est
2107 2780 2225 2848 plus
2254 2798 2496 2852 poscere,
2518 2803 2676 2856 quam
2699 2805 2835 2862 opus
2856 2795 2942 2848 sit.
2965 2795 3099 2850 Num
3129 2800 3326 2855 talenta

1749 2865 1866 2918 auri
1911 2867 2146 2933 fuerunt,
2174 2886 2294 2940 qute
2321 2877 2651 2943 proditorem
2696 2880 2748 2935 in
2794 2881 2930 2937 hanc
2962 2897 3194 2944 mentem
3226 2889 3326 2944 im—

1750 2953 2050 3021 pellerent?
2079 2957 2314 3030 Triginta
2347 2964 2522 3019 solum
2554 2972 2793 3037 argentei
2820 2989 2835 3025 :
2870 2973 3084 3042 triginta
3126 2992 3321 3048 argen-

1748 3044 1851 3100 teis
1875 3046 2052 3115 ipsum
2085 3051 2316 3118 prodidit
2358 3055 2664 3115 Domitium.
2711 3062 2795 3117 An
2826 3067 3080 3122 memoria
3130 3044 3323 3129 tenetis

1749 3135 1892 3205 quod
1917 3147 2072 3192 antea
2103 3140 2367 3209 dicebam,
2399 3143 2805 3208 immoderatam
2851 3155 3080 3212 habendi
3107 3165 3318 3231 cupidi-

1749 3232 1912 3280 tatem
1954 3243 2061 3282 non
2111 3231 2164 3285 in
2214 3247 2282 3288 eo
2324 3235 2498 3292 solum
2544 3255 2603 3294 se
2628 3243 2934 3310 ostendere,
2959 3245 3103 3318 quod
3130 3267 3320 3323 magna

1745 3316 2096 3386 accipiantur,
2122 3321 2218 3377 sed
2259 3326 2429 3396 magis
2455 3329 2616 3385 etiam
2641 3333 2782 3403 quod
2818 3316 3022 3406 parva!
3047 3339 3125 3395 Eu
3151 3316 3321 3414 quan-

1747 3411 1861 3460 tum
1889 3407 2068 3464 scelus
2094 3410 2196 3465 iste
2219 3415 2486 3471 connnisit
2518 3421 2747 3488 paucula
2773 3439 2906 3481 auro
2926 3407 3208 3498 adductus,
3235 3435 3319 3490 rei

1744 3495 1926 3593 potius
1951 3513 2058 3555 non
2099 3514 2256 3568 auro,
2284 3504 2379 3561 sed
2428 3513 2719 3579 argenteis.
2747 3514 2928 3582 Nefas,
2963 3519 3067 3574 nel‘.
3087 3535 3117 3577 s
3163 3495 3322 3593 plane

1744 3595 1832 3682 est
1850 3586 2122 3646 hominem
2146 3607 2366 3651 avarum
2392 3612 2642 3670 umquam
2668 3603 2861 3660 intueri
2882 3607 3073 3682 faciem
3085 3586 3316 3681 chris“:

1743 3673 1845 3768 hoc
1867 3687 1954 3734 est
1981 3694 2148 3738 unum
2174 3699 2240 3740 es
2273 3685 2362 3752 iis,
2391 3703 2511 3758 qua:
2539 3690 2656 3747 lieri
2685 3695 2904 3751 minime
3203 3703 3316 3761 Ita-

1738 3765 1831 3824 dis
1858 3771 2125 3828 malorum
2155 3784 2258 3830 est.
2281 3775 2434 3844 Quod
2462 3779 2507 3834 si
2532 3782 2621 3852 qui
2649 3783 2733 3839 vel
2758 3786 2850 3840 uni
2880 3765 3024 3845 malo
3048 3791 3319 3851 olusosius

1739 3870 1844 3928 est,
1867 3863 2091 3932 gloriam
2123 3865 2266 3923 illam
2287 3870 2505 3937 amittit,
2522 3869 2654 3943 quis
2672 3876 2908 3936 radicem
2931 3883 3102 3952 ipsam
3131 3899 3314 3943 manu

1737 3952 1896 4011 aﬂ‘ert
1930 3955 2020 4012 ubi
2038 3957 2436 4018 collocabitur?
2460 3962 2578 4020 Non
2604 3976 2786 4038 potest
2810 3975 3158 4041 pecuniarum
3200 3993 3316 4034 ser-

1738 4057 1838 4099 vus
1860 4059 2150 4116 germanus
2169 4063 2292 4107 esse
2311 4051 2508 4110 Christi
2535 4070 2743 4113 servus.
2769 4059 3019 4119 Christus
3050 4066 3166 4138 ipse
3191 4083 3315 4139 pro-

1737 4139 2008 4195 nuntiavit
2050 4156 2163 4196 rem
2203 4157 2324 4200 esse
2367 4145 2693 4215 huiusmodi,
2724 4166 2844 4221 qua:
2875 4167 3127 4215 constare
3166 4161 3314 4216 nullo

1737 4241 1895 4300 pacto
1934 4243 2115 4304 queat.
2141 4233 2262 4290 Non
2290 4239 2519 4307 potestis,
2543 4241 2734 4312 inquit,
2770 4243 2878 4298 Deo
2903 4249 3090 4304 seruire
3131 4264 3177 4306 et
3202 4269 3314 4306 tua-

1735 4338 1924 4390 nim;
1940 4334 2016 4390 et,
2031 4323 2197 4381 Nemo
2214 4339 2370 4396 potest
2386 4330 2582 4384 duobus
2596 4333 2814 4388 dominis
2828 4339 3044 4410 seruirel
3055 4341 3241 4398 Uouit.
3256 4345 3312 4399 ϐ.

1733 4414 2136 4487 25).Contruia
2150 4420 2294 4475 enim
2313 4421 2650 4491 principium:
2663 4424 2932 4492 Christus,
2947 4428 3316 4500 inquit.Paroe

1737 4507 2093 4577 pauperibus:
2142 4525 2390 4566 mamona
2442 4512 2827 4585 inquitpl-Jsue
2875 4519 3004 4575 illos
3047 4522 3210 4578 etiam
3248 4525 3315 4580 iis

1733 4614 1855 4668 qua
1884 4599 2111 4658 habent:
2135 4600 2382 4658 Christus
2401 4604 2561 4671 dicit,
2585 4607 2808 4664 Eil'unde
2837 4627 3188 4684 quacumque
3217 4616 3312 4671 ha-

1735 4688 1862 4753 bes;
1891 4706 2136 4746 mamona
2181 4693 2331 4761 dicit,
2365 4695 2439 4749 Ea
2469 4697 2632 4753 etiam
2659 4714 2793 4769 cape
2817 4704 3042 4773 quae-illi
3091 4704 3306 4763 habent.

1806 4780 1862 4835 6.
1903 4779 2066 4835 Vides
2097 4796 2347 4852 pugnam,
2373 4785 2527 4842 vides
2569 4789 2767 4846 bellum
2788 4793 2814 4846 τ
2844 4793 3084 4852 Voltisne
3122 4807 3308 4855 osten-

1733 4866 1924 4924 damus
1951 4873 2221 4941 quomodo
2270 4875 2481 4945 utrique
2511 4893 2670 4933 nemo
2709 4881 3086 4954 obtemperare
3113 4898 3310 4957 potest,

1736 4959 1830 5013 sed
1858 4960 2084 5015 alterum
2105 4973 2414 5020 contemnat
2431 4969 2680 5036 oportet?
2709 4986 2776 5026 an
2809 4988 2894 5030 res
2925 4974 2996 5030 ita
3026 4977 3171 5033 clara
3203 4989 3312 5045 est,

1737 5061 1794 5105 ut
1819 5066 1926 5106 non
1952 5062 2104 5122 egeat
2132 5056 2413 5111 oratione?
2441 5057 2761 5125 Quomodo?
2789 5065 2979 5120 Annon
3007 5065 3109 5122 hoc
3137 5070 3313 5140 reipsa

1733 5145 2024 5209 cernimus,
2084 5144 2353 5203 Christum
2404 5149 2615 5218 quidem
2669 5156 2961 5220 contemni,
3008 5173 3310 5215 mamonam

1736 5250 1864 5290 vero
1888 5236 2034 5290 coli?
2058 5238 2280 5293 Sentitis
2305 5255 2463 5309 quam
2495 5243 2574 5294 vel
2608 5243 2719 5313 ipsa
2751 5247 2910 5300 verba
2941 5262 3130 5315 aspera
3160 5250 3309 5304 sint?

1734 5327 1885 5396 Quod
1932 5329 1978 5383 si
2007 5331 2189 5394 verba,
2222 5341 2421 5400 quanto
2455 5336 2622 5404 magis
2668 5351 2755 5390 res
2806 5338 2978 5407 ipsa?
3010 5339 3203 5395 Verum
3253 5342 3306 5397 in

1735 5421 1894 5476 rebus
1920 5437 1984 5477 ac
2009 5422 2163 5476 lactis
2192 5439 2295 5477 non
2319 5439 2470 5493 aeque
2493 5437 2714 5496 apparet
2735 5429 2844 5498 ipsa
2870 5431 3149 5500 asperitas,
3173 5448 3311 5502 quo-

1735 5514 1878 5566 niam
1897 5528 1992 5568 nos
2017 5514 2234 5570 morbus
2261 5525 2503 5585 occupat.
2524 5517 2652 5571 Nam
2678 5535 2818 5574 nunc
2839 5521 3074 5591 quidem,
3099 5525 3312 5580 etiamsi

1736 5604 1838 5661 hoc
1855 5606 2041 5660 morbo
2070 5621 2172 5660 non
2197 5609 2416 5662 omnino
2440 5624 2566 5677 pura
2591 5610 2660 5664 sit
2680 5612 2879 5674 anima,
2900 5623 3076 5668 tamen
3105 5615 3229 5669 dum
3256 5618 3309 5672 in

1736 5695 1836 5749 hoc
1865 5695 1979 5765 ipso
2005 5704 2144 5750 statu
2175 5694 2352 5751 manet
2373 5740 2388 5763 ,
2422 5708 2597 5767 potest
2626 5711 2772 5754 recte
2795 5701 3071 5767 judicare:
3101 5713 3148 5757 at
3180 5720 3303 5762 cum

1738 5786 1868 5842 febri
1887 5797 2129 5857 correpta
2152 5795 2253 5853 est,
2271 5798 2324 5844 et
2349 5788 2400 5844 in
2423 5789 2536 5859 ipsa
2561 5789 2636 5844 rei
2659 5791 2928 5862 voluptate
2949 5804 3209 5859 versatur,
3229 5797 3310 5878 la:
