  <div class='ocr_page' id='page_1' title='image "/cluster/home/n/w/nwhite01/storage/ocr_20150623/62/pst.000005712625/233.png"; bbox 0 0 4064 6318; ppageno 0'>
   <div class='ocr_carea' id='block_1_1' title="bbox 725 379 829 436">
    <p class='ocr_par' dir='ltr' id='par_1_1' title="bbox 725 379 829 436">
     <span class='ocr_line' id='line_1_1' title="bbox 725 379 829 436; baseline 0 0"><span class='ocrx_word' id='word_1_1' title='bbox 725 379 829 436; x_wconf 66' lang='lat'><strong>227</strong></span> 
     </span>
    </p>
   </div>
   <div class='ocr_carea' id='block_1_2' title="bbox 725 466 2297 556">
    <p class='ocr_par' dir='ltr' id='par_1_2' title="bbox 725 466 2297 556">
     <span class='ocr_line' id='line_1_2' title="bbox 725 466 2297 556; baseline -0.02 -8"><span class='ocrx_word' id='word_1_2' title='bbox 725 492 981 548; x_wconf 84' lang='lat' dir='ltr'><strong>cultatem</strong></span> <span class='ocrx_word' id='word_1_3' title='bbox 1003 479 1273 556; x_wconf 73' lang='lat' dir='ltr'><strong>iudicandi</strong></span> <span class='ocrx_word' id='word_1_4' title='bbox 1302 479 1520 534; x_wconf 88' lang='lat' dir='ltr'><strong>minime</strong></span> <span class='ocrx_word' id='word_1_5' title='bbox 1559 490 1740 546; x_wconf 88' lang='lat' dir='ltr'><strong>puram</strong></span> <span class='ocrx_word' id='word_1_6' title='bbox 1767 473 1947 537; x_wconf 85' lang='lat' dir='ltr'><strong>habet,</strong></span> <span class='ocrx_word' id='word_1_7' title='bbox 1971 483 2077 525; x_wconf 88' lang='lat' dir='ltr'><strong>non</strong></span> <span class='ocrx_word' id='word_1_8' title='bbox 2114 466 2297 523; x_wconf 81' lang='lat' dir='ltr'><strong>incor-</strong></span> 
     </span>
    </p>
   </div>
   <div class='ocr_carea' id='block_1_3' title="bbox 725 556 2298 653">
    <p class='ocr_par' dir='ltr' id='par_1_3' title="bbox 725 556 2298 653">
     <span class='ocr_line' id='line_1_3' title="bbox 725 556 2298 653; baseline -0.02 -13"><span class='ocrx_word' id='word_1_9' title='bbox 725 592 938 653; x_wconf 85' lang='lat' dir='ltr'><strong>ruptum</strong></span> <span class='ocrx_word' id='word_1_10' title='bbox 965 575 1214 633; x_wconf 97' lang='lat' dir='ltr'><strong>tribunal.</strong></span> <span class='ocrx_word' id='word_1_11' title='bbox 1233 572 1476 628; x_wconf 85' lang='lat' dir='ltr'><strong>Christus</strong></span> <span class='ocrx_word' id='word_1_12' title='bbox 1501 556 1653 633; x_wconf 88' lang='lat' dir='ltr'><strong>dicit,</strong></span> <span class='ocrx_word' id='word_1_13' title='bbox 1671 566 1786 619; x_wconf 84' lang='lat' dir='ltr'><strong>Nisi</strong></span> <span class='ocrx_word' id='word_1_14' title='bbox 1812 565 1921 653; x_wconf 70' lang='lat' dir='ltr'><strong>quis</strong></span> <span class='ocrx_word' id='word_1_15' title='bbox 1941 556 2298 653; x_wconf 69' lang='lat' dir='ltr'><strong>renuittiaoerit</strong></span> 
     </span>
    </p>
   </div>
   <div class='ocr_carea' id='block_1_4' title="bbox 725 647 2294 739">
    <p class='ocr_par' dir='ltr' id='par_1_4' title="bbox 725 647 2294 739">
     <span class='ocr_line' id='line_1_4' title="bbox 725 647 2294 739; baseline -0.018 -11"><span class='ocrx_word' id='word_1_16' title='bbox 725 647 980 735; x_wconf 60' lang='lat' dir='ltr'><strong>omnibus,</strong></span> <span class='ocrx_word' id='word_1_17' title='bbox 1005 682 1118 739; x_wconf 69' lang='lat' dir='ltr'><strong>quae</strong></span> <span class='ocrx_word' id='word_1_18' title='bbox 1156 661 1395 735; x_wconf 82' lang='lat' dir='ltr'><strong>possidet,</strong></span> <span class='ocrx_word' id='word_1_19' title='bbox 1424 677 1523 713; x_wconf 78' lang='lat' dir='ltr'><strong>non</strong></span> <span class='ocrx_word' id='word_1_20' title='bbox 1557 667 1630 712; x_wconf 81' lang='lat' dir='ltr'><strong>est</strong></span> <span class='ocrx_word' id='word_1_21' title='bbox 1656 671 1794 710; x_wconf 83' lang='lat' dir='ltr'><strong>meus</strong></span> <span class='ocrx_word' id='word_1_22' title='bbox 1825 652 2106 721; x_wconf 71' lang='lat' dir='ltr'><strong>discipulus</strong></span> <span class='ocrx_word' id='word_1_23' title='bbox 2144 647 2294 719; x_wconf 81' lang='lat' dir='ltr'><strong>(Luc.</strong></span> 
     </span>
    </p>
   </div>
   <div class='ocr_carea' id='block_1_5' title="bbox 729 741 2295 831">
    <p class='ocr_par' dir='ltr' id='par_1_5' title="bbox 729 741 2295 831">
     <span class='ocr_line' id='line_1_5' title="bbox 729 741 2295 831; baseline -0.019 -12"><span class='ocrx_word' id='word_1_24' title='bbox 729 749 991 831; x_wconf 62' lang='lat'><strong>£4.53);</strong></span> <span class='ocrx_word' id='word_1_25' title='bbox 1037 769 1280 811; x_wconf 88' lang='lat' dir='ltr'><strong>mamona</strong></span> <span class='ocrx_word' id='word_1_26' title='bbox 1338 749 1527 818; x_wconf 87' lang='lat' dir='ltr'><strong>inquit,</strong></span> <span class='ocrx_word' id='word_1_27' title='bbox 1558 747 1718 816; x_wconf 86' lang='lat' dir='ltr'><strong>Eripe</strong></span> <span class='ocrx_word' id='word_1_28' title='bbox 1765 741 2021 831; x_wconf 84' lang='lat' dir='ltr'><strong>esurienti</strong></span> <span class='ocrx_word' id='word_1_29' title='bbox 2068 752 2295 831; x_wconf 87' lang='lat' dir='ltr'><strong>panem:</strong></span> 
     </span>
    </p>
   </div>
   <div class='ocr_carea' id='block_1_6' title="bbox 727 830 2298 910">
    <p class='ocr_par' dir='ltr' id='par_1_6' title="bbox 727 830 2298 910">
     <span class='ocr_line' id='line_1_6' title="bbox 727 830 2298 910; baseline -0.015 -3"><span class='ocrx_word' id='word_1_30' title='bbox 727 830 970 908; x_wconf 83' lang='lat' dir='ltr'><strong>Christus</strong></span> <span class='ocrx_word' id='word_1_31' title='bbox 998 845 1151 910; x_wconf 90' lang='lat' dir='ltr'><strong>dicit,</strong></span> <span class='ocrx_word' id='word_1_32' title='bbox 1172 843 1319 898; x_wconf 84' lang='lat' dir='ltr'><strong>Vesti</strong></span> <span class='ocrx_word' id='word_1_33' title='bbox 1349 840 1547 895; x_wconf 91' lang='lat' dir='ltr'><strong>nudum</strong></span> <span class='ocrx_word' id='word_1_34' title='bbox 1572 854 1588 903; x_wconf 92' lang='lat'><strong>;</strong></span> <span class='ocrx_word' id='word_1_35' title='bbox 1621 836 1709 891; x_wconf 92' lang='lat' dir='ltr'><strong>hic</strong></span> <span class='ocrx_word' id='word_1_36' title='bbox 1729 849 1879 899; x_wconf 83' lang='lat' dir='ltr'><strong>vero,</strong></span> <span class='ocrx_word' id='word_1_37' title='bbox 1902 830 2107 886; x_wconf 84' lang='lat' dir='ltr'><strong>Nudum</strong></span> <span class='ocrx_word' id='word_1_38' title='bbox 2135 830 2298 885; x_wconf 85' lang='lat' dir='ltr'><strong>etiam</strong></span> 
     </span>
    </p>
   </div>
   <div class='ocr_carea' id='block_1_7' title="bbox 729 919 2297 998">
    <p class='ocr_par' dir='ltr' id='par_1_7' title="bbox 729 919 2297 998">
     <span class='ocr_line' id='line_1_7' title="bbox 729 919 2297 998; baseline -0.017 0"><span class='ocrx_word' id='word_1_39' title='bbox 729 956 900 998; x_wconf 74' lang='lat' dir='ltr'><strong>exue:</strong></span> <span class='ocrx_word' id='word_1_40' title='bbox 929 937 1177 993; x_wconf 93' lang='lat' dir='ltr'><strong>Christus</strong></span> <span class='ocrx_word' id='word_1_41' title='bbox 1200 932 1351 998; x_wconf 90' lang='lat' dir='ltr'><strong>dicit,</strong></span> <span class='ocrx_word' id='word_1_42' title='bbox 1381 928 1714 985; x_wconf 76' lang='lat' dir='ltr'><strong>Domesticos</strong></span> <span class='ocrx_word' id='word_1_43' title='bbox 1742 923 1962 980; x_wconf 86' lang='lat' dir='ltr'><strong>seminis</strong></span> <span class='ocrx_word' id='word_1_44' title='bbox 1989 920 2061 976; x_wconf 92' lang='lat' dir='ltr'><strong>tui</strong></span> <span class='ocrx_word' id='word_1_45' title='bbox 2105 934 2174 974; x_wconf 88' lang='lat' dir='ltr'><strong>ne</strong></span> <span class='ocrx_word' id='word_1_46' title='bbox 2200 919 2297 973; x_wconf 83' lang='lat' dir='ltr'><strong>de-</strong></span> 
     </span>
    </p>
   </div>
   <div class='ocr_carea' id='block_1_8' title="bbox 729 1004 2300 1102">
    <p class='ocr_par' dir='ltr' id='par_1_8' title="bbox 729 1004 2300 1102">
     <span class='ocr_line' id='line_1_8' title="bbox 729 1004 2300 1102; baseline -0.016 -15"><span class='ocrx_word' id='word_1_47' title='bbox 729 1027 1006 1102; x_wconf 77' lang='lat' dir='ltr'><strong>spexeris;</strong></span> <span class='ocrx_word' id='word_1_48' title='bbox 1058 1031 1306 1082; x_wconf 81' lang='lat' dir='ltr'><strong>mamona</strong></span> <span class='ocrx_word' id='word_1_49' title='bbox 1349 1020 1520 1091; x_wconf 79' lang='lat' dir='ltr'><strong>inquit</strong></span> <span class='ocrx_word' id='word_1_50' title='bbox 1543 1060 1558 1083; x_wconf 91' lang='lat'><strong>,</strong></span> <span class='ocrx_word' id='word_1_51' title='bbox 1611 1004 2033 1072; x_wconf 85' lang='lat' dir='ltr'><strong>Domesticorum</strong></span> <span class='ocrx_word' id='word_1_52' title='bbox 2077 1006 2300 1065; x_wconf 82' lang='lat' dir='ltr'><strong>seminis</strong></span> 
     </span>
    </p>
   </div>
   <div class='ocr_carea' id='block_1_9' title="bbox 731 1099 2296 1179">
    <p class='ocr_par' dir='ltr' id='par_1_9' title="bbox 731 1099 2296 1179">
     <span class='ocr_line' id='line_1_9' title="bbox 731 1099 2296 1179; baseline -0.014 -4"><span class='ocrx_word' id='word_1_53' title='bbox 731 1099 903 1179; x_wconf 83' lang='lat' dir='ltr'><strong>tuine</strong></span> <span class='ocrx_word' id='word_1_54' title='bbox 941 1115 1282 1179; x_wconf 73' lang='lat' dir='ltr'><strong>miserearis;</strong></span> <span class='ocrx_word' id='word_1_55' title='bbox 1336 1109 1544 1167; x_wconf 88' lang='lat' dir='ltr'><strong>etiamsi</strong></span> <span class='ocrx_word' id='word_1_56' title='bbox 1572 1118 1794 1163; x_wconf 90' lang='lat' dir='ltr'><strong>matrem</strong></span> <span class='ocrx_word' id='word_1_57' title='bbox 1835 1102 2059 1173; x_wconf 78' lang='lat' dir='ltr'><strong>videris,</strong></span> <span class='ocrx_word' id='word_1_58' title='bbox 2087 1099 2296 1157; x_wconf 85' lang='lat' dir='ltr'><strong>etiamsi</strong></span> 
     </span>
    </p>
   </div>
   <div class='ocr_carea' id='block_1_10' title="bbox 731 1192 2299 1283">
    <p class='ocr_par' dir='ltr' id='par_1_10' title="bbox 731 1192 2299 1283">
     <span class='ocr_line' id='line_1_10' title="bbox 731 1192 2299 1283; baseline -0.013 -16"><span class='ocrx_word' id='word_1_59' title='bbox 731 1223 956 1283; x_wconf 77' lang='lat' dir='ltr'><strong>patrem,</strong></span> <span class='ocrx_word' id='word_1_60' title='bbox 984 1223 1217 1278; x_wconf 65' lang='lat' dir='ltr'><strong>sperne-</strong></span> <span class='ocrx_word' id='word_1_61' title='bbox 1256 1206 1322 1260; x_wconf 84' lang='lat' dir='ltr'><strong>Et</strong></span> <span class='ocrx_word' id='word_1_62' title='bbox 1347 1204 1473 1283; x_wconf 87' lang='lat' dir='ltr'><strong>quid</strong></span> <span class='ocrx_word' id='word_1_63' title='bbox 1513 1201 1635 1256; x_wconf 84' lang='lat' dir='ltr'><strong>dico</strong></span> <span class='ocrx_word' id='word_1_64' title='bbox 1686 1208 1888 1269; x_wconf 81' lang='lat' dir='ltr'><strong>patrem</strong></span> <span class='ocrx_word' id='word_1_65' title='bbox 1932 1204 1987 1251; x_wconf 89' lang='lat' dir='ltr'><strong>et</strong></span> <span class='ocrx_word' id='word_1_66' title='bbox 2033 1192 2299 1249; x_wconf 75' lang='lat' dir='ltr'><strong>matrem?</strong></span> 
     </span>
    </p>
   </div>
   <div class='ocr_carea' id='block_1_11' title="bbox 732 1286 2297 1370">
    <p class='ocr_par' dir='ltr' id='par_1_11' title="bbox 732 1286 2297 1370">
     <span class='ocr_line' id='line_1_11' title="bbox 732 1286 2297 1370; baseline -0.013 -13"><span class='ocrx_word' id='word_1_67' title='bbox 732 1302 898 1357; x_wconf 85' lang='lat' dir='ltr'><strong>Tuam</strong></span> <span class='ocrx_word' id='word_1_68' title='bbox 922 1312 1136 1370; x_wconf 85' lang='lat' dir='ltr'><strong>quoque</strong></span> <span class='ocrx_word' id='word_1_69' title='bbox 1164 1294 1353 1366; x_wconf 86' lang='lat' dir='ltr'><strong>ipsius,</strong></span> <span class='ocrx_word' id='word_1_70' title='bbox 1376 1293 1572 1362; x_wconf 78' lang='lat' dir='ltr'><strong>inquit,</strong></span> <span class='ocrx_word' id='word_1_71' title='bbox 1590 1290 1821 1343; x_wconf 88' lang='lat' dir='ltr'><strong>animam</strong></span> <span class='ocrx_word' id='word_1_72' title='bbox 1850 1286 2042 1357; x_wconf 87' lang='lat' dir='ltr'><strong>perde:</strong></span> <span class='ocrx_word' id='word_1_73' title='bbox 2061 1293 2297 1338; x_wconf 79' lang='lat' dir='ltr'><strong>attamen</strong></span> 
     </span>
    </p>
   </div>
   <div class='ocr_carea' id='block_1_12' title="bbox 740 1375 2299 1454">
    <p class='ocr_par' dir='ltr' id='par_1_12' title="bbox 740 1375 2299 1454">
     <span class='ocr_line' id='line_1_12' title="bbox 740 1375 2299 1454; baseline -0.013 -7"><span class='ocrx_word' id='word_1_74' title='bbox 740 1392 974 1448; x_wconf 83' lang='lat' dir='ltr'><strong>auditur.</strong></span> <span class='ocrx_word' id='word_1_75' title='bbox 1007 1390 1103 1444; x_wconf 90' lang='lat' dir='ltr'><strong>llei</strong></span> <span class='ocrx_word' id='word_1_76' title='bbox 1152 1387 1320 1443; x_wconf 79' lang='lat' dir='ltr'><strong>mihi!</strong></span> <span class='ocrx_word' id='word_1_77' title='bbox 1376 1386 1425 1440; x_wconf 91' lang='lat' dir='ltr'><strong>ei</strong></span> <span class='ocrx_word' id='word_1_78' title='bbox 1451 1385 1540 1454; x_wconf 91' lang='lat' dir='ltr'><strong>qui</strong></span> <span class='ocrx_word' id='word_1_79' title='bbox 1567 1382 1700 1437; x_wconf 90' lang='lat' dir='ltr'><strong>adeo</strong></span> <span class='ocrx_word' id='word_1_80' title='bbox 1727 1394 1887 1443; x_wconf 68' lang='lat' dir='ltr'><strong>smvs,</strong></span> <span class='ocrx_word' id='word_1_81' title='bbox 1917 1386 1972 1433; x_wconf 90' lang='lat' dir='ltr'><strong>et</strong></span> <span class='ocrx_word' id='word_1_82' title='bbox 1998 1375 2219 1431; x_wconf 83' lang='lat' dir='ltr'><strong>immitia</strong></span> <span class='ocrx_word' id='word_1_83' title='bbox 2246 1382 2299 1429; x_wconf 94' lang='lat' dir='ltr'><strong>et</strong></span> 
     </span>
    </p>
   </div>
   <div class='ocr_carea' id='block_1_13' title="bbox 736 1467 2296 1545">
    <p class='ocr_par' dir='ltr' id='par_1_13' title="bbox 736 1467 2296 1545">
     <span class='ocr_line' id='line_1_13' title="bbox 736 1467 2296 1545; baseline -0.013 -8"><span class='ocrx_word' id='word_1_84' title='bbox 736 1482 846 1537; x_wconf 83' lang='lat' dir='ltr'><strong>fera</strong></span> <span class='ocrx_word' id='word_1_85' title='bbox 878 1478 1127 1538; x_wconf 87' lang='lat' dir='ltr'><strong>mandata</strong></span> <span class='ocrx_word' id='word_1_86' title='bbox 1153 1474 1399 1545; x_wconf 89' lang='lat' dir='ltr'><strong>imponit.</strong></span> <span class='ocrx_word' id='word_1_87' title='bbox 1417 1474 1559 1527; x_wconf 90' lang='lat' dir='ltr'><strong>dicto</strong></span> <span class='ocrx_word' id='word_1_88' title='bbox 1586 1471 1861 1525; x_wconf 77' lang='lat' dir='ltr'><strong>audientes</strong></span> <span class='ocrx_word' id='word_1_89' title='bbox 1891 1467 2063 1536; x_wconf 84' lang='lat' dir='ltr'><strong>potius</strong></span> <span class='ocrx_word' id='word_1_90' title='bbox 2087 1478 2296 1531; x_wconf 87' lang='lat' dir='ltr'><strong>sumus,</strong></span> 
     </span>
    </p>
   </div>
   <div class='ocr_carea' id='block_1_14' title="bbox 733 1558 2287 1641">
    <p class='ocr_par' dir='ltr' id='par_1_14' title="bbox 733 1558 2287 1641">
     <span class='ocr_line' id='line_1_14' title="bbox 733 1558 2287 1641; baseline -0.012 -13"><span class='ocrx_word' id='word_1_91' title='bbox 733 1586 892 1641; x_wconf 86' lang='lat' dir='ltr'><strong>quam</strong></span> <span class='ocrx_word' id='word_1_92' title='bbox 925 1570 995 1624; x_wconf 85' lang='lat' dir='ltr'><strong>illi</strong></span> <span class='ocrx_word' id='word_1_93' title='bbox 1024 1570 1177 1636; x_wconf 86' lang='lat' dir='ltr'><strong>cujus</strong></span> <span class='ocrx_word' id='word_1_94' title='bbox 1206 1567 1339 1624; x_wconf 85' lang='lat' dir='ltr'><strong>levia</strong></span> <span class='ocrx_word' id='word_1_95' title='bbox 1369 1563 1629 1633; x_wconf 84' lang='lat' dir='ltr'><strong>nobisque</strong></span> <span class='ocrx_word' id='word_1_96' title='bbox 1653 1558 1905 1615; x_wconf 88' lang='lat' dir='ltr'><strong>salutaria</strong></span> <span class='ocrx_word' id='word_1_97' title='bbox 1949 1558 2095 1627; x_wconf 86' lang='lat' dir='ltr'><strong>jussa</strong></span> <span class='ocrx_word' id='word_1_98' title='bbox 2138 1562 2287 1610; x_wconf 90' lang='lat' dir='ltr'><strong>sunt.</strong></span> 
     </span>
    </p>
   </div>
   <div class='ocr_carea' id='block_1_15' title="bbox 682 1645 2299 1732">
    <p class='ocr_par' dir='ltr' id='par_1_15' title="bbox 682 1645 2299 1732">
     <span class='ocr_line' id='line_1_15' title="bbox 682 1645 2299 1732; baseline -0.014 -12"><span class='ocrx_word' id='word_1_99' title='bbox 682 1720 685 1723; x_wconf 68' lang='grc'><strong>,</strong></span> <span class='ocrx_word' id='word_1_100' title='bbox 738 1664 873 1719; x_wconf 92' lang='lat' dir='ltr'><strong>llinc</strong></span> <span class='ocrx_word' id='word_1_101' title='bbox 899 1661 1166 1732; x_wconf 84' lang='lat' dir='ltr'><strong>gehenna,</strong></span> <span class='ocrx_word' id='word_1_102' title='bbox 1194 1658 1321 1712; x_wconf 90' lang='lat' dir='ltr'><strong>hinc</strong></span> <span class='ocrx_word' id='word_1_103' title='bbox 1374 1656 1530 1727; x_wconf 87' lang='lat' dir='ltr'><strong>ignis,</strong></span> <span class='ocrx_word' id='word_1_104' title='bbox 1578 1652 1701 1706; x_wconf 91' lang='lat' dir='ltr'><strong>hinc</strong></span> <span class='ocrx_word' id='word_1_105' title='bbox 1735 1649 1926 1706; x_wconf 82' lang='lat' dir='ltr'><strong>ﬂuvius</strong></span> <span class='ocrx_word' id='word_1_106' title='bbox 1974 1648 2131 1717; x_wconf 90' lang='lat' dir='ltr'><strong>ignis,</strong></span> <span class='ocrx_word' id='word_1_107' title='bbox 2175 1645 2299 1700; x_wconf 91' lang='lat' dir='ltr'><strong>hinc</strong></span> 
     </span>
    </p>
   </div>
   <div class='ocr_carea' id='block_1_16' title="bbox 734 1739 2300 1807">
    <p class='ocr_par' dir='ltr' id='par_1_16' title="bbox 734 1739 2300 1807">
     <span class='ocr_line' id='line_1_16' title="bbox 734 1739 2300 1807; baseline -0.009 -3"><span class='ocrx_word' id='word_1_108' title='bbox 734 1752 932 1807; x_wconf 91' lang='lat' dir='ltr'><strong>vermis</strong></span> <span class='ocrx_word' id='word_1_109' title='bbox 980 1750 1139 1803; x_wconf 80' lang='lat' dir='ltr'><strong>linem</strong></span> <span class='ocrx_word' id='word_1_110' title='bbox 1191 1747 1457 1802; x_wconf 87' lang='lat' dir='ltr'><strong>nesciens.</strong></span> <span class='ocrx_word' id='word_1_111' title='bbox 1488 1744 1611 1798; x_wconf 88' lang='lat' dir='ltr'><strong>Scio</strong></span> <span class='ocrx_word' id='word_1_112' title='bbox 1658 1740 1856 1794; x_wconf 87' lang='lat' dir='ltr'><strong>multos</strong></span> <span class='ocrx_word' id='word_1_113' title='bbox 1884 1754 2023 1804; x_wconf 87' lang='lat' dir='ltr'><strong>esse,</strong></span> <span class='ocrx_word' id='word_1_114' title='bbox 2054 1739 2146 1807; x_wconf 89' lang='lat' dir='ltr'><strong>qui</strong></span> <span class='ocrx_word' id='word_1_115' title='bbox 2202 1751 2300 1791; x_wconf 89' lang='lat' dir='ltr'><strong>nos</strong></span> 
     </span>
    </p>
   </div>
   <div class='ocr_carea' id='block_1_17' title="bbox 734 1825 2301 1905">
    <p class='ocr_par' dir='ltr' id='par_1_17' title="bbox 734 1825 2301 1905">
     <span class='ocr_line' id='line_1_17' title="bbox 734 1825 2301 1905; baseline -0.01 -12"><span class='ocrx_word' id='word_1_116' title='bbox 734 1842 847 1895; x_wconf 67' lang='lat' dir='ltr'><strong>haec</strong></span> <span class='ocrx_word' id='word_1_117' title='bbox 876 1838 1117 1893; x_wconf 86' lang='lat' dir='ltr'><strong>dicentes</strong></span> <span class='ocrx_word' id='word_1_118' title='bbox 1143 1851 1249 1890; x_wconf 91' lang='lat' dir='ltr'><strong>non</strong></span> <span class='ocrx_word' id='word_1_119' title='bbox 1289 1833 1523 1905; x_wconf 89' lang='lat' dir='ltr'><strong>jucunde</strong></span> <span class='ocrx_word' id='word_1_120' title='bbox 1548 1831 1787 1886; x_wconf 85' lang='lat' dir='ltr'><strong>audiant.</strong></span> <span class='ocrx_word' id='word_1_121' title='bbox 1816 1828 1945 1884; x_wconf 87' lang='lat' dir='ltr'><strong>Nam</strong></span> <span class='ocrx_word' id='word_1_122' title='bbox 1972 1842 2143 1898; x_wconf 87' lang='lat' dir='ltr'><strong>neque</strong></span> <span class='ocrx_word' id='word_1_123' title='bbox 2171 1825 2301 1880; x_wconf 91' lang='lat' dir='ltr'><strong>mihi</strong></span> 
     </span>
    </p>
   </div>
   <div class='ocr_carea' id='block_1_18' title="bbox 735 1918 2300 1998">
    <p class='ocr_par' dir='ltr' id='par_1_18' title="bbox 735 1918 2300 1998">
     <span class='ocr_line' id='line_1_18' title="bbox 735 1918 2300 1998; baseline -0.009 -11"><span class='ocrx_word' id='word_1_124' title='bbox 735 1940 859 1987; x_wconf 89' lang='lat' dir='ltr'><strong>sunt</strong></span> <span class='ocrx_word' id='word_1_125' title='bbox 885 1927 1122 1998; x_wconf 83' lang='lat' dir='ltr'><strong>jucunda</strong></span> <span class='ocrx_word' id='word_1_126' title='bbox 1159 1927 1343 1994; x_wconf 86' lang='lat' dir='ltr'><strong>dictu;</strong></span> <span class='ocrx_word' id='word_1_127' title='bbox 1375 1924 1502 1995; x_wconf 89' lang='lat' dir='ltr'><strong>quid</strong></span> <span class='ocrx_word' id='word_1_128' title='bbox 1530 1922 1672 1979; x_wconf 91' lang='lat' dir='ltr'><strong>enim</strong></span> <span class='ocrx_word' id='word_1_129' title='bbox 1720 1921 1803 1975; x_wconf 91' lang='lat' dir='ltr'><strong>bis</strong></span> <span class='ocrx_word' id='word_1_130' title='bbox 1842 1918 2083 1977; x_wconf 88' lang='lat' dir='ltr'><strong>dicendis</strong></span> <span class='ocrx_word' id='word_1_131' title='bbox 2106 1932 2300 1974; x_wconf 90' lang='lat' dir='ltr'><strong>conse-</strong></span> 
     </span>
    </p>
   </div>
   <div class='ocr_carea' id='block_1_19' title="bbox 734 2009 2300 2090">
    <p class='ocr_par' dir='ltr' id='par_1_19' title="bbox 734 2009 2300 2090">
     <span class='ocr_line' id='line_1_19' title="bbox 734 2009 2300 2090; baseline -0.008 -15"><span class='ocrx_word' id='word_1_132' title='bbox 734 2020 916 2090; x_wconf 85' lang='lat' dir='ltr'><strong>quor?</strong></span> <span class='ocrx_word' id='word_1_133' title='bbox 948 2019 1150 2074; x_wconf 79' lang='lat' dir='ltr'><strong>Vellem</strong></span> <span class='ocrx_word' id='word_1_134' title='bbox 1188 2018 1341 2083; x_wconf 79' lang='lat' dir='ltr'><strong>vobis</strong></span> <span class='ocrx_word' id='word_1_135' title='bbox 1386 2023 1645 2086; x_wconf 89' lang='lat' dir='ltr'><strong>perpetuo</strong></span> <span class='ocrx_word' id='word_1_136' title='bbox 1673 2028 1735 2067; x_wconf 89' lang='lat' dir='ltr'><strong>ea</strong></span> <span class='ocrx_word' id='word_1_137' title='bbox 1762 2027 1879 2083; x_wconf 74' lang='lat' dir='ltr'><strong>qum</strong></span> <span class='ocrx_word' id='word_1_138' title='bbox 1911 2010 2058 2080; x_wconf 81' lang='lat' dir='ltr'><strong>regni</strong></span> <span class='ocrx_word' id='word_1_139' title='bbox 2089 2009 2300 2079; x_wconf 89' lang='lat' dir='ltr'><strong>propria</strong></span> 
     </span>
    </p>
   </div>
   <div class='ocr_carea' id='block_1_20' title="bbox 735 2099 2298 2176">
    <p class='ocr_par' dir='ltr' id='par_1_20' title="bbox 735 2099 2298 2176">
     <span class='ocr_line' id='line_1_20' title="bbox 735 2099 2298 2176; baseline -0.007 -13"><span class='ocrx_word' id='word_1_140' title='bbox 735 2118 859 2166; x_wconf 80' lang='lat' dir='ltr'><strong>siml</strong></span> <span class='ocrx_word' id='word_1_141' title='bbox 888 2123 1127 2173; x_wconf 86' lang='lat' dir='ltr'><strong>narrare,</strong></span> <span class='ocrx_word' id='word_1_142' title='bbox 1157 2106 1394 2176; x_wconf 88' lang='lat' dir='ltr'><strong>requiem</strong></span> <span class='ocrx_word' id='word_1_143' title='bbox 1441 2105 1609 2169; x_wconf 87' lang='lat' dir='ltr'><strong>illam,</strong></span> <span class='ocrx_word' id='word_1_144' title='bbox 1640 2118 1829 2173; x_wconf 87' lang='lat' dir='ltr'><strong>aquam</strong></span> <span class='ocrx_word' id='word_1_145' title='bbox 1866 2101 2021 2170; x_wconf 88' lang='lat' dir='ltr'><strong>plene</strong></span> <span class='ocrx_word' id='word_1_146' title='bbox 2052 2099 2298 2153; x_wconf 81' lang='lat' dir='ltr'><strong>reﬁcien-</strong></span> 
     </span>
    </p>
   </div>
   <div class='ocr_carea' id='block_1_21' title="bbox 737 2190 2301 2264">
    <p class='ocr_par' dir='ltr' id='par_1_21' title="bbox 737 2190 2301 2264">
     <span class='ocr_line' id='line_1_21' title="bbox 737 2190 2301 2264; baseline -0.008 -12"><span class='ocrx_word' id='word_1_147' title='bbox 737 2210 864 2262; x_wconf 91' lang='lat' dir='ltr'><strong>tem,</strong></span> <span class='ocrx_word' id='word_1_148' title='bbox 885 2197 1069 2250; x_wconf 88' lang='lat' dir='ltr'><strong>viridia</strong></span> <span class='ocrx_word' id='word_1_149' title='bbox 1093 2210 1156 2250; x_wconf 91' lang='lat' dir='ltr'><strong>ac</strong></span> <span class='ocrx_word' id='word_1_150' title='bbox 1175 2195 1294 2249; x_wconf 67' lang='lat' dir='ltr'><strong>laeta</strong></span> <span class='ocrx_word' id='word_1_151' title='bbox 1318 2208 1532 2264; x_wconf 88' lang='lat' dir='ltr'><strong>pascua.</strong></span> <span class='ocrx_word' id='word_1_152' title='bbox 1554 2190 1726 2262; x_wconf 89' lang='lat' dir='ltr'><strong>lnquit</strong></span> <span class='ocrx_word' id='word_1_153' title='bbox 1745 2190 1907 2256; x_wconf 90' lang='lat' dir='ltr'><strong>enim,</strong></span> <span class='ocrx_word' id='word_1_154' title='bbox 1928 2190 2098 2259; x_wconf 79' lang='lat' dir='ltr'><strong>Super</strong></span> <span class='ocrx_word' id='word_1_155' title='bbox 2117 2203 2301 2257; x_wconf 78' lang='lat' dir='ltr'><strong>aquam</strong></span> 
     </span>
    </p>
   </div>
   <div class='ocr_carea' id='block_1_22' title="bbox 732 2278 2301 2355">
    <p class='ocr_par' dir='ltr' id='par_1_22' title="bbox 732 2278 2301 2355">
     <span class='ocr_line' id='line_1_22' title="bbox 732 2278 2301 2355; baseline -0.008 -12"><span class='ocrx_word' id='word_1_156' title='bbox 732 2288 1014 2355; x_wconf 80' lang='lat' dir='ltr'><strong>refectioais</strong></span> <span class='ocrx_word' id='word_1_157' title='bbox 1041 2286 1271 2338; x_wconf 74' lang='lat' dir='ltr'><strong>educavit</strong></span> <span class='ocrx_word' id='word_1_158' title='bbox 1291 2300 1393 2347; x_wconf 86' lang='lat' dir='ltr'><strong>me,</strong></span> <span class='ocrx_word' id='word_1_159' title='bbox 1423 2293 1471 2337; x_wconf 89' lang='lat' dir='ltr'><strong>et</strong></span> <span class='ocrx_word' id='word_1_160' title='bbox 1500 2284 1553 2335; x_wconf 85' lang='lat' dir='ltr'><strong>in</strong></span> <span class='ocrx_word' id='word_1_161' title='bbox 1575 2281 1685 2335; x_wconf 83' lang='lat' dir='ltr'><strong>loco</strong></span> <span class='ocrx_word' id='word_1_162' title='bbox 1711 2295 1910 2351; x_wconf 64' lang='lat' dir='ltr'><strong>pascuae</strong></span> <span class='ocrx_word' id='word_1_163' title='bbox 1939 2279 2010 2333; x_wconf 86' lang='lat' dir='ltr'><strong>ibi</strong></span> <span class='ocrx_word' id='word_1_164' title='bbox 2035 2294 2113 2332; x_wconf 80' lang='lat' dir='ltr'><strong>tne</strong></span> <span class='ocrx_word' id='word_1_165' title='bbox 2138 2278 2301 2331; x_wconf 82' lang='lat' dir='ltr'><strong>collo-</strong></span> 
     </span>
    </p>
   </div>
   <div class='ocr_carea' id='block_1_23' title="bbox 733 2368 2302 2447">
    <p class='ocr_par' dir='ltr' id='par_1_23' title="bbox 733 2368 2302 2447">
     <span class='ocr_line' id='line_1_23' title="bbox 733 2368 2302 2447; baseline -0.005 -16"><span class='ocrx_word' id='word_1_166' title='bbox 733 2379 863 2431; x_wconf 80' lang='lat' dir='ltr'><strong>cavit</strong></span> <span class='ocrx_word' id='word_1_167' title='bbox 890 2374 1060 2447; x_wconf 80' lang='lat' dir='ltr'><strong>(Psai.</strong></span> <span class='ocrx_word' id='word_1_168' title='bbox 1091 2375 1180 2429; x_wconf 70' lang='grc'><strong>22.</strong></span> <span class='ocrx_word' id='word_1_169' title='bbox 1208 2374 1289 2445; x_wconf 75' lang='lat'><strong>2).</strong></span> <span class='ocrx_word' id='word_1_170' title='bbox 1327 2373 1529 2428; x_wconf 86' lang='lat' dir='ltr'><strong>Vellem</strong></span> <span class='ocrx_word' id='word_1_171' title='bbox 1556 2371 1624 2427; x_wconf 89' lang='lat' dir='ltr'><strong>de</strong></span> <span class='ocrx_word' id='word_1_172' title='bbox 1652 2371 1771 2428; x_wconf 90' lang='lat' dir='ltr'><strong>loco</strong></span> <span class='ocrx_word' id='word_1_173' title='bbox 1796 2371 1887 2425; x_wconf 90' lang='lat' dir='ltr'><strong>illo</strong></span> <span class='ocrx_word' id='word_1_174' title='bbox 1928 2369 2129 2435; x_wconf 84' lang='lat' dir='ltr'><strong>dicere,</strong></span> <span class='ocrx_word' id='word_1_175' title='bbox 2160 2368 2302 2423; x_wconf 85' lang='lat' dir='ltr'><strong>unde</strong></span> 
     </span>
    </p>
   </div>
   <div class='ocr_carea' id='block_1_24' title="bbox 734 2459 2302 2535">
    <p class='ocr_par' dir='ltr' id='par_1_24' title="bbox 734 2459 2302 2535">
     <span class='ocr_line' id='line_1_24' title="bbox 734 2459 2302 2535; baseline -0.004 -14"><span class='ocrx_word' id='word_1_176' title='bbox 734 2468 908 2529; x_wconf 90' lang='lat' dir='ltr'><strong>dolor,</strong></span> <span class='ocrx_word' id='word_1_177' title='bbox 931 2465 1210 2535; x_wconf 72' lang='lat' dir='ltr'><strong>mgritudo.</strong></span> <span class='ocrx_word' id='word_1_178' title='bbox 1242 2467 1414 2518; x_wconf 92' lang='lat' dir='ltr'><strong>luctus</strong></span> <span class='ocrx_word' id='word_1_179' title='bbox 1451 2463 1602 2517; x_wconf 87' lang='lat' dir='ltr'><strong>abest</strong></span> <span class='ocrx_word' id='word_1_180' title='bbox 1636 2480 1650 2516; x_wconf 91' lang='lat'><strong>:</strong></span> <span class='ocrx_word' id='word_1_181' title='bbox 1684 2462 1872 2516; x_wconf 86' lang='lat' dir='ltr'><strong>vellem</strong></span> <span class='ocrx_word' id='word_1_182' title='bbox 1903 2475 2121 2516; x_wconf 85' lang='lat' dir='ltr'><strong>narrare</strong></span> <span class='ocrx_word' id='word_1_183' title='bbox 2150 2459 2302 2515; x_wconf 88' lang='lat' dir='ltr'><strong>volu-</strong></span> 
     </span>
    </p>
   </div>
   <div class='ocr_carea' id='block_1_25' title="bbox 734 2554 2301 2628">
    <p class='ocr_par' dir='ltr' id='par_1_25' title="bbox 734 2554 2301 2628">
     <span class='ocr_line' id='line_1_25' title="bbox 734 2554 2301 2628; baseline -0.003 -17"><span class='ocrx_word' id='word_1_184' title='bbox 734 2566 932 2628; x_wconf 87' lang='lat' dir='ltr'><strong>ptatem</strong></span> <span class='ocrx_word' id='word_1_185' title='bbox 961 2572 1077 2625; x_wconf 81' lang='lat' dir='ltr'><strong>qua:</strong></span> <span class='ocrx_word' id='word_1_186' title='bbox 1098 2572 1164 2610; x_wconf 82' lang='lat' dir='ltr'><strong>ex</strong></span> <span class='ocrx_word' id='word_1_187' title='bbox 1180 2555 1379 2609; x_wconf 84' lang='lat' dir='ltr'><strong>Christi</strong></span> <span class='ocrx_word' id='word_1_188' title='bbox 1408 2554 1679 2609; x_wconf 88' lang='lat' dir='ltr'><strong>consortio</strong></span> <span class='ocrx_word' id='word_1_189' title='bbox 1706 2554 1947 2624; x_wconf 78' lang='lat' dir='ltr'><strong>capitur;</strong></span> <span class='ocrx_word' id='word_1_190' title='bbox 1981 2568 2301 2624; x_wconf 90' lang='lat' dir='ltr'><strong>quamquam</strong></span> 
     </span>
    </p>
   </div>
   <div class='ocr_carea' id='block_1_26' title="bbox 734 2646 2299 2715">
    <p class='ocr_par' dir='ltr' id='par_1_26' title="bbox 734 2646 2299 2715">
     <span class='ocr_line' id='line_1_26' title="bbox 734 2646 2299 2715; baseline -0.002 -13"><span class='ocrx_word' id='word_1_191' title='bbox 734 2663 945 2702; x_wconf 86' lang='lat' dir='ltr'><strong>omnem</strong></span> <span class='ocrx_word' id='word_1_192' title='bbox 995 2648 1322 2711; x_wconf 91' lang='lat' dir='ltr'><strong>orationem,</strong></span> <span class='ocrx_word' id='word_1_193' title='bbox 1370 2661 1587 2700; x_wconf 89' lang='lat' dir='ltr'><strong>omnem</strong></span> <span class='ocrx_word' id='word_1_194' title='bbox 1628 2646 2003 2715; x_wconf 71' lang='lat' dir='ltr'><strong>cogitationem</strong></span> <span class='ocrx_word' id='word_1_195' title='bbox 2051 2654 2299 2715; x_wconf 88' lang='lat' dir='ltr'><strong>superat:</strong></span> 
     </span>
    </p>
   </div>
   <div class='ocr_carea' id='block_1_27' title="bbox 734 2734 2302 2804">
    <p class='ocr_par' dir='ltr' id='par_1_27' title="bbox 734 2734 2302 2804">
     <span class='ocr_line' id='line_1_27' title="bbox 734 2734 2302 2804; baseline 0 -16"><span class='ocrx_word' id='word_1_196' title='bbox 734 2745 1099 2791; x_wconf 74' lang='lat' dir='ltr'><strong>verumtamen</strong></span> <span class='ocrx_word' id='word_1_197' title='bbox 1149 2751 1243 2804; x_wconf 88' lang='lat' dir='ltr'><strong>pro</strong></span> <span class='ocrx_word' id='word_1_198' title='bbox 1274 2736 1471 2789; x_wconf 86' lang='lat' dir='ltr'><strong>viribus</strong></span> <span class='ocrx_word' id='word_1_199' title='bbox 1522 2735 1573 2787; x_wconf 92' lang='lat' dir='ltr'><strong>in</strong></span> <span class='ocrx_word' id='word_1_200' title='bbox 1609 2736 1714 2788; x_wconf 92' lang='lat' dir='ltr'><strong>isto</strong></span> <span class='ocrx_word' id='word_1_201' title='bbox 1758 2742 2071 2804; x_wconf 87' lang='lat' dir='ltr'><strong>argumento</strong></span> <span class='ocrx_word' id='word_1_202' title='bbox 2097 2734 2302 2789; x_wconf 84' lang='lat' dir='ltr'><strong>versari</strong></span> 
     </span>
    </p>
   </div>
   <div class='ocr_carea' id='block_1_28' title="bbox 740 2820 2304 2893">
    <p class='ocr_par' dir='ltr' id='par_1_28' title="bbox 740 2820 2304 2893">
     <span class='ocr_line' id='line_1_28' title="bbox 740 2820 2304 2893; baseline 0.001 -16"><span class='ocrx_word' id='word_1_203' title='bbox 740 2827 951 2880; x_wconf 88' lang='lat' dir='ltr'><strong>vellem.</strong></span> <span class='ocrx_word' id='word_1_204' title='bbox 986 2825 1090 2879; x_wconf 89' lang='lat' dir='ltr'><strong>Sed</strong></span> <span class='ocrx_word' id='word_1_205' title='bbox 1118 2823 1241 2893; x_wconf 91' lang='lat' dir='ltr'><strong>quid</strong></span> <span class='ocrx_word' id='word_1_206' title='bbox 1270 2823 1467 2891; x_wconf 83' lang='lat' dir='ltr'><strong>agam?</strong></span> <span class='ocrx_word' id='word_1_207' title='bbox 1495 2822 1609 2876; x_wconf 91' lang='lat' dir='ltr'><strong>Non</strong></span> <span class='ocrx_word' id='word_1_208' title='bbox 1639 2824 1758 2879; x_wconf 87' lang='lat' dir='ltr'><strong>licet</strong></span> <span class='ocrx_word' id='word_1_209' title='bbox 1782 2823 1846 2877; x_wconf 87' lang='lat' dir='ltr'><strong>ad</strong></span> <span class='ocrx_word' id='word_1_210' title='bbox 1874 2839 2016 2889; x_wconf 90' lang='lat' dir='ltr'><strong>cum,</strong></span> <span class='ocrx_word' id='word_1_211' title='bbox 2048 2822 2140 2893; x_wconf 86' lang='lat' dir='ltr'><strong>qui</strong></span> <span class='ocrx_word' id='word_1_212' title='bbox 2167 2820 2304 2878; x_wconf 81' lang='lat' dir='ltr'><strong>febri</strong></span> 
     </span>
    </p>
   </div>
   <div class='ocr_carea' id='block_1_29' title="bbox 735 2912 2303 2986">
    <p class='ocr_par' dir='ltr' id='par_1_29' title="bbox 735 2912 2303 2986">
     <span class='ocr_line' id='line_1_29' title="bbox 735 2912 2303 2986; baseline 0.002 -19"><span class='ocrx_word' id='word_1_213' title='bbox 735 2915 985 2986; x_wconf 79' lang='lat' dir='ltr'><strong>laborans</strong></span> <span class='ocrx_word' id='word_1_214' title='bbox 1009 2915 1144 2968; x_wconf 86' lang='lat' dir='ltr'><strong>male</strong></span> <span class='ocrx_word' id='word_1_215' title='bbox 1171 2912 1351 2980; x_wconf 91' lang='lat' dir='ltr'><strong>habet,</strong></span> <span class='ocrx_word' id='word_1_216' title='bbox 1371 2913 1437 2968; x_wconf 84' lang='lat' dir='ltr'><strong>de</strong></span> <span class='ocrx_word' id='word_1_217' title='bbox 1464 2927 1629 2982; x_wconf 81' lang='lat' dir='ltr'><strong>regno</strong></span> <span class='ocrx_word' id='word_1_218' title='bbox 1651 2913 1810 2967; x_wconf 88' lang='lat' dir='ltr'><strong>verba</strong></span> <span class='ocrx_word' id='word_1_219' title='bbox 1839 2913 2045 2967; x_wconf 88' lang='lat' dir='ltr'><strong>facere:</strong></span> <span class='ocrx_word' id='word_1_220' title='bbox 2077 2912 2303 2970; x_wconf 89' lang='lat' dir='ltr'><strong>etenim.</strong></span> 
     </span>
    </p>
   </div>
   <div class='ocr_carea' id='block_1_30' title="bbox 735 3002 2304 3069">
    <p class='ocr_par' dir='ltr' id='par_1_30' title="bbox 735 3002 2304 3069">
     <span class='ocr_line' id='line_1_30' title="bbox 735 3002 2304 3069; baseline -0.003 -9"><span class='ocrx_word' id='word_1_221' title='bbox 735 3004 859 3060; x_wconf 91' lang='lat' dir='ltr'><strong>dum</strong></span> <span class='ocrx_word' id='word_1_222' title='bbox 888 3006 957 3059; x_wconf 88' lang='lat' dir='ltr'><strong>ita</strong></span> <span class='ocrx_word' id='word_1_223' title='bbox 986 3004 1165 3069; x_wconf 87' lang='lat' dir='ltr'><strong>habet,</strong></span> <span class='ocrx_word' id='word_1_224' title='bbox 1198 3002 1266 3059; x_wconf 90' lang='lat' dir='ltr'><strong>de</strong></span> <span class='ocrx_word' id='word_1_225' title='bbox 1295 3003 1521 3057; x_wconf 78' lang='lat' dir='ltr'><strong>sanitate</strong></span> <span class='ocrx_word' id='word_1_226' title='bbox 1547 3002 1914 3057; x_wconf 84' lang='lat' dir='ltr'><strong>disserendum</strong></span> <span class='ocrx_word' id='word_1_227' title='bbox 1945 3014 2045 3058; x_wconf 89' lang='lat' dir='ltr'><strong>est.</strong></span> <span class='ocrx_word' id='word_1_228' title='bbox 2072 3003 2187 3057; x_wconf 85' lang='lat' dir='ltr'><strong>Non</strong></span> <span class='ocrx_word' id='word_1_229' title='bbox 2218 3018 2304 3057; x_wconf 66' lang='lat' dir='ltr'><strong>reo</strong></span> 
     </span>
    </p>
   </div>
   <div class='ocr_carea' id='block_1_31' title="bbox 733 3093 2299 3165">
    <p class='ocr_par' dir='ltr' id='par_1_31' title="bbox 733 3093 2299 3165">
     <span class='ocr_line' id='line_1_31' title="bbox 733 3093 2299 3165; baseline -0.002 -14"><span class='ocrx_word' id='word_1_230' title='bbox 733 3104 821 3151; x_wconf 86' lang='lat' dir='ltr'><strong>cte</strong></span> <span class='ocrx_word' id='word_1_231' title='bbox 850 3096 897 3151; x_wconf 91' lang='lat' dir='ltr'><strong>ei</strong></span> <span class='ocrx_word' id='word_1_232' title='bbox 928 3097 1014 3165; x_wconf 89' lang='lat' dir='ltr'><strong>qui</strong></span> <span class='ocrx_word' id='word_1_233' title='bbox 1044 3110 1214 3164; x_wconf 64' lang='lat' dir='ltr'><strong>preme</strong></span> <span class='ocrx_word' id='word_1_234' title='bbox 1240 3093 1503 3149; x_wconf 77' lang='lat' dir='ltr'><strong>obnoxius</strong></span> <span class='ocrx_word' id='word_1_235' title='bbox 1532 3104 1612 3148; x_wconf 90' lang='lat' dir='ltr'><strong>est</strong></span> <span class='ocrx_word' id='word_1_236' title='bbox 1641 3094 1707 3148; x_wconf 89' lang='lat' dir='ltr'><strong>de</strong></span> <span class='ocrx_word' id='word_1_237' title='bbox 1738 3099 1937 3159; x_wconf 84' lang='lat' dir='ltr'><strong>honore</strong></span> <span class='ocrx_word' id='word_1_238' title='bbox 1963 3095 2254 3149; x_wconf 77' lang='lat' dir='ltr'><strong>disseretur</strong></span> <span class='ocrx_word' id='word_1_239' title='bbox 2285 3112 2299 3148; x_wconf 92' lang='lat'>:</span> 
     </span>
    </p>
   </div>
   <div class='ocr_carea' id='block_1_32' title="bbox 735 3184 2303 3257">
    <p class='ocr_par' dir='ltr' id='par_1_32' title="bbox 735 3184 2303 3257">
     <span class='ocr_line' id='line_1_32' title="bbox 735 3184 2303 3257; baseline 0.003 -19"><span class='ocrx_word' id='word_1_240' title='bbox 735 3198 875 3238; x_wconf 90' lang='lat' dir='ltr'><strong>nunc</strong></span> <span class='ocrx_word' id='word_1_241' title='bbox 904 3185 1043 3238; x_wconf 84' lang='lat' dir='ltr'><strong>enim</strong></span> <span class='ocrx_word' id='word_1_242' title='bbox 1076 3184 1177 3238; x_wconf 89' lang='lat' dir='ltr'><strong>hoc</strong></span> <span class='ocrx_word' id='word_1_243' title='bbox 1202 3200 1363 3237; x_wconf 90' lang='lat' dir='ltr'><strong>unum</strong></span> <span class='ocrx_word' id='word_1_244' title='bbox 1388 3186 1641 3252; x_wconf 72' lang='lat' dir='ltr'><strong>quaeritur</strong></span> <span class='ocrx_word' id='word_1_245' title='bbox 1667 3225 1683 3249; x_wconf 92' lang='lat'><strong>,</strong></span> <span class='ocrx_word' id='word_1_246' title='bbox 1714 3198 1743 3237; x_wconf 85' lang='lat' dir='ltr'><strong>a</strong></span> <span class='ocrx_word' id='word_1_247' title='bbox 1770 3199 1923 3253; x_wconf 63' lang='lat' dir='ltr'><strong>poena</strong></span> <span class='ocrx_word' id='word_1_248' title='bbox 1951 3194 2003 3239; x_wconf 90' lang='lat' dir='ltr'><strong>ct</strong></span> <span class='ocrx_word' id='word_1_249' title='bbox 2024 3187 2303 3257; x_wconf 82' lang='lat' dir='ltr'><strong>supplicio</strong></span> 
     </span>
    </p>
   </div>
   <div class='ocr_carea' id='block_1_33' title="bbox 736 3274 2306 3345">
    <p class='ocr_par' dir='ltr' id='par_1_33' title="bbox 736 3274 2306 3345">
     <span class='ocr_line' id='line_1_33' title="bbox 736 3274 2306 3345; baseline 0.004 -18"><span class='ocrx_word' id='word_1_250' title='bbox 736 3274 955 3329; x_wconf 88' lang='lat' dir='ltr'><strong>liberari</strong></span> <span class='ocrx_word' id='word_1_251' title='bbox 986 3293 999 3326; x_wconf 89' lang='lat'><strong><em>:</em></strong></span> <span class='ocrx_word' id='word_1_252' title='bbox 1034 3274 1134 3328; x_wconf 88' lang='lat' dir='ltr'><strong>nisi</strong></span> <span class='ocrx_word' id='word_1_253' title='bbox 1166 3274 1266 3328; x_wconf 92' lang='lat' dir='ltr'><strong>hoc</strong></span> <span class='ocrx_word' id='word_1_254' title='bbox 1293 3289 1701 3344; x_wconf 89' lang='lat' dir='ltr'><strong>consequamur,</strong></span> <span class='ocrx_word' id='word_1_255' title='bbox 1723 3277 1991 3345; x_wconf 89' lang='lat' dir='ltr'><strong>quomodo</strong></span> <span class='ocrx_word' id='word_1_256' title='bbox 2018 3278 2146 3340; x_wconf 76' lang='lat' dir='ltr'><strong>illud</strong></span> <span class='ocrx_word' id='word_1_257' title='bbox 2174 3294 2306 3334; x_wconf 90' lang='lat' dir='ltr'><strong>con-</strong></span> 
     </span>
    </p>
   </div>
   <div class='ocr_carea' id='block_1_34' title="bbox 739 3364 2303 3437">
    <p class='ocr_par' dir='ltr' id='par_1_34' title="bbox 739 3364 2303 3437">
     <span class='ocr_line' id='line_1_34' title="bbox 739 3364 2303 3437; baseline 0.004 -19"><span class='ocrx_word' id='word_1_258' title='bbox 739 3369 1066 3433; x_wconf 78' lang='lat' dir='ltr'><strong>sequemur?</strong></span> <span class='ocrx_word' id='word_1_259' title='bbox 1108 3364 1392 3433; x_wconf 88' lang='lat' dir='ltr'><strong>Propterea</strong></span> <span class='ocrx_word' id='word_1_260' title='bbox 1438 3364 1503 3418; x_wconf 91' lang='lat' dir='ltr'><strong>de</strong></span> <span class='ocrx_word' id='word_1_261' title='bbox 1534 3364 1615 3419; x_wconf 92' lang='lat' dir='ltr'><strong>his</strong></span> <span class='ocrx_word' id='word_1_262' title='bbox 1644 3365 1855 3420; x_wconf 88' lang='lat' dir='ltr'><strong>assidue</strong></span> <span class='ocrx_word' id='word_1_263' title='bbox 1903 3367 2113 3437; x_wconf 88' lang='lat' dir='ltr'><strong>loquor,</strong></span> <span class='ocrx_word' id='word_1_264' title='bbox 2144 3378 2201 3423; x_wconf 89' lang='lat' dir='ltr'><strong>ut</strong></span> <span class='ocrx_word' id='word_1_265' title='bbox 2236 3371 2303 3426; x_wconf 89' lang='lat' dir='ltr'><strong>ad</strong></span> 
     </span>
    </p>
   </div>
   <div class='ocr_carea' id='block_1_35' title="bbox 736 3452 2305 3529">
    <p class='ocr_par' dir='ltr' id='par_1_35' title="bbox 736 3452 2305 3529">
     <span class='ocr_line' id='line_1_35' title="bbox 736 3452 2305 3529; baseline 0.008 -24"><span class='ocrx_word' id='word_1_266' title='bbox 736 3452 826 3506; x_wconf 84' lang='lat' dir='ltr'><strong>illa</strong></span> <span class='ocrx_word' id='word_1_267' title='bbox 856 3453 1014 3507; x_wconf 88' lang='lat' dir='ltr'><strong>citius</strong></span> <span class='ocrx_word' id='word_1_268' title='bbox 1040 3454 1335 3508; x_wconf 85' lang='lat' dir='ltr'><strong>veniamus.</strong></span> <span class='ocrx_word' id='word_1_269' title='bbox 1365 3453 1497 3521; x_wconf 82' lang='lat' dir='ltr'><strong>Nam</strong></span> <span class='ocrx_word' id='word_1_270' title='bbox 1525 3464 1580 3508; x_wconf 91' lang='lat' dir='ltr'><strong>ct</strong></span> <span class='ocrx_word' id='word_1_271' title='bbox 1624 3455 1763 3509; x_wconf 89' lang='lat' dir='ltr'><strong>Deus</strong></span> <span class='ocrx_word' id='word_1_272' title='bbox 1790 3456 1903 3525; x_wconf 84' lang='lat' dir='ltr'><strong>ipse</strong></span> <span class='ocrx_word' id='word_1_273' title='bbox 1947 3458 2066 3513; x_wconf 90' lang='lat' dir='ltr'><strong>ideo</strong></span> <span class='ocrx_word' id='word_1_274' title='bbox 2103 3461 2305 3529; x_wconf 84' lang='lat' dir='ltr'><strong>gehen-</strong></span> 
     </span>
    </p>
   </div>
   <div class='ocr_carea' id='block_1_36' title="bbox 735 3545 2303 3618">
    <p class='ocr_par' dir='ltr' id='par_1_36' title="bbox 735 3545 2303 3618">
     <span class='ocr_line' id='line_1_36' title="bbox 735 3545 2303 3618; baseline 0.006 -20"><span class='ocrx_word' id='word_1_275' title='bbox 735 3560 856 3598; x_wconf 91' lang='lat' dir='ltr'><strong>nam</strong></span> <span class='ocrx_word' id='word_1_276' title='bbox 884 3545 1114 3599; x_wconf 84' lang='lat' dir='ltr'><strong>minatus</strong></span> <span class='ocrx_word' id='word_1_277' title='bbox 1145 3555 1247 3611; x_wconf 90' lang='lat' dir='ltr'><strong>est,</strong></span> <span class='ocrx_word' id='word_1_278' title='bbox 1283 3554 1340 3599; x_wconf 92' lang='lat' dir='ltr'><strong>ut</strong></span> <span class='ocrx_word' id='word_1_279' title='bbox 1367 3560 1527 3599; x_wconf 91' lang='lat' dir='ltr'><strong>nemo</strong></span> <span class='ocrx_word' id='word_1_280' title='bbox 1558 3546 1608 3599; x_wconf 92' lang='lat' dir='ltr'><strong>in</strong></span> <span class='ocrx_word' id='word_1_281' title='bbox 1658 3547 1954 3616; x_wconf 79' lang='lat' dir='ltr'><strong>gehennam</strong></span> <span class='ocrx_word' id='word_1_282' title='bbox 1986 3550 2218 3618; x_wconf 89' lang='lat' dir='ltr'><strong>decidat,</strong></span> <span class='ocrx_word' id='word_1_283' title='bbox 2247 3558 2303 3607; x_wconf 91' lang='lat' dir='ltr'><strong>ut</strong></span> 
     </span>
    </p>
   </div>
   <div class='ocr_carea' id='block_1_37' title="bbox 734 3639 2305 3711">
    <p class='ocr_par' dir='ltr' id='par_1_37' title="bbox 734 3639 2305 3711">
     <span class='ocr_line' id='line_1_37' title="bbox 734 3639 2305 3711; baseline 0.006 -22"><span class='ocrx_word' id='word_1_284' title='bbox 734 3650 921 3689; x_wconf 88' lang='lat' dir='ltr'><strong>omnes</strong></span> <span class='ocrx_word' id='word_1_285' title='bbox 951 3651 1173 3705; x_wconf 78' lang='lat' dir='ltr'><strong>regnum</strong></span> <span class='ocrx_word' id='word_1_286' title='bbox 1200 3651 1572 3706; x_wconf 87' lang='lat' dir='ltr'><strong>assequamur.</strong></span> <span class='ocrx_word' id='word_1_287' title='bbox 1603 3639 1665 3691; x_wconf 89' lang='lat' dir='ltr'><strong>Et</strong></span> <span class='ocrx_word' id='word_1_288' title='bbox 1692 3653 1789 3692; x_wconf 88' lang='lat' dir='ltr'><strong>nos</strong></span> <span class='ocrx_word' id='word_1_289' title='bbox 1815 3639 2016 3695; x_wconf 90' lang='lat' dir='ltr'><strong>idcirco</strong></span> <span class='ocrx_word' id='word_1_290' title='bbox 2043 3642 2305 3711; x_wconf 73' lang='lat' dir='ltr'><strong>gehenna:</strong></span> 
     </span>
    </p>
   </div>
   <div class='ocr_carea' id='block_1_38' title="bbox 735 3728 2304 3800">
    <p class='ocr_par' dir='ltr' id='par_1_38' title="bbox 735 3728 2304 3800">
     <span class='ocr_line' id='line_1_38' title="bbox 735 3728 2304 3800; baseline 0.006 -19"><span class='ocrx_word' id='word_1_291' title='bbox 735 3737 995 3797; x_wconf 91' lang='lat' dir='ltr'><strong>perpetuo</strong></span> <span class='ocrx_word' id='word_1_292' title='bbox 1036 3728 1361 3783; x_wconf 89' lang='lat' dir='ltr'><strong>mentionem</strong></span> <span class='ocrx_word' id='word_1_293' title='bbox 1393 3728 1637 3795; x_wconf 80' lang='lat' dir='ltr'><strong>facimus,</strong></span> <span class='ocrx_word' id='word_1_294' title='bbox 1670 3738 1727 3784; x_wconf 89' lang='lat' dir='ltr'><strong>ut</strong></span> <span class='ocrx_word' id='word_1_295' title='bbox 1753 3730 1819 3785; x_wconf 88' lang='lat' dir='ltr'><strong>ad</strong></span> <span class='ocrx_word' id='word_1_296' title='bbox 1844 3747 2067 3800; x_wconf 77' lang='lat' dir='ltr'><strong>regnum</strong></span> <span class='ocrx_word' id='word_1_297' title='bbox 2100 3748 2197 3789; x_wconf 87' lang='lat' dir='ltr'><strong>vos</strong></span> <span class='ocrx_word' id='word_1_298' title='bbox 2223 3737 2304 3790; x_wconf 79' lang='lat' dir='ltr'><strong>in-</strong></span> 
     </span>
    </p>
   </div>
   <div class='ocr_carea' id='block_1_39' title="bbox 736 3802 2302 3889">
    <p class='ocr_par' dir='ltr' id='par_1_39' title="bbox 736 3802 2302 3889">
     <span class='ocr_line' id='line_1_39' title="bbox 736 3802 2302 3889; baseline 0.005 -16"><span class='ocrx_word' id='word_1_299' title='bbox 736 3818 984 3883; x_wconf 88' lang='lat' dir='ltr'><strong>citemus,</strong></span> <span class='ocrx_word' id='word_1_300' title='bbox 1014 3826 1071 3872; x_wconf 93' lang='lat' dir='ltr'><strong>ut</strong></span> <span class='ocrx_word' id='word_1_301' title='bbox 1101 3828 1310 3872; x_wconf 88' lang='lat' dir='ltr'><strong>mentes</strong></span> <span class='ocrx_word' id='word_1_302' title='bbox 1331 3827 1543 3881; x_wconf 85' lang='lat' dir='ltr'><strong>vestras</strong></span> <span class='ocrx_word' id='word_1_303' title='bbox 1572 3802 1762 3874; x_wconf 75' lang='lat' dir='ltr'><strong>timore</strong></span> <span class='ocrx_word' id='word_1_304' title='bbox 1793 3822 2116 3889; x_wconf 80' lang='lat' dir='ltr'><strong>mollientes,</strong></span> <span class='ocrx_word' id='word_1_305' title='bbox 2150 3825 2215 3880; x_wconf 88' lang='lat' dir='ltr'><strong>ad</strong></span> <span class='ocrx_word' id='word_1_306' title='bbox 2238 3840 2302 3881; x_wconf 91' lang='lat' dir='ltr'><strong>ea</strong></span> 
     </span>
    </p>
   </div>
   <div class='ocr_carea' id='block_1_40' title="bbox 734 3905 2307 3985">
    <p class='ocr_par' dir='ltr' id='par_1_40' title="bbox 734 3905 2307 3985">
     <span class='ocr_line' id='line_1_40' title="bbox 734 3905 2307 3985; baseline 0.01 -27"><span class='ocrx_word' id='word_1_307' title='bbox 734 3921 853 3975; x_wconf 66' lang='lat' dir='ltr'><strong>qua:</strong></span> <span class='ocrx_word' id='word_1_308' title='bbox 878 3920 1044 3976; x_wconf 86' lang='lat' dir='ltr'><strong>regno</strong></span> <span class='ocrx_word' id='word_1_309' title='bbox 1064 3906 1225 3974; x_wconf 88' lang='lat' dir='ltr'><strong>digna</strong></span> <span class='ocrx_word' id='word_1_310' title='bbox 1251 3914 1376 3959; x_wconf 88' lang='lat' dir='ltr'><strong>sunt</strong></span> <span class='ocrx_word' id='word_1_311' title='bbox 1398 3905 1658 3972; x_wconf 86' lang='lat' dir='ltr'><strong>facienda,</strong></span> <span class='ocrx_word' id='word_1_312' title='bbox 1682 3914 2021 3980; x_wconf 87' lang='lat' dir='ltr'><strong>apparemus.</strong></span> <span class='ocrx_word' id='word_1_313' title='bbox 2042 3912 2122 3969; x_wconf 79' lang='lat' dir='ltr'><strong>Ne</strong></span> <span class='ocrx_word' id='word_1_314' title='bbox 2147 3916 2307 3985; x_wconf 88' lang='lat' dir='ltr'><strong>igitur</strong></span> 
     </span>
    </p>
   </div>
   <div class='ocr_carea' id='block_1_41' title="bbox 734 3995 2307 4067">
    <p class='ocr_par' dir='ltr' id='par_1_41' title="bbox 734 3995 2307 4067">
     <span class='ocr_line' id='line_1_41' title="bbox 734 3995 2307 4067; baseline 0.01 -18"><span class='ocrx_word' id='word_1_315' title='bbox 734 4012 874 4066; x_wconf 72' lang='lat' dir='ltr'><strong>tegre</strong></span> <span class='ocrx_word' id='word_1_316' title='bbox 901 3995 1081 4050; x_wconf 81' lang='lat' dir='ltr'><strong>feratis</strong></span> <span class='ocrx_word' id='word_1_317' title='bbox 1109 3998 1393 4051; x_wconf 86' lang='lat' dir='ltr'><strong>verborum</strong></span> <span class='ocrx_word' id='word_1_318' title='bbox 1418 3998 1735 4067; x_wconf 79' lang='lat' dir='ltr'><strong>gravitatem</strong></span> <span class='ocrx_word' id='word_1_319' title='bbox 1760 4019 1773 4054; x_wconf 89' lang='lat'><strong>:</strong></span> <span class='ocrx_word' id='word_1_320' title='bbox 1803 4002 1993 4059; x_wconf 90' lang='lat' dir='ltr'><strong>horum</strong></span> <span class='ocrx_word' id='word_1_321' title='bbox 2016 4008 2160 4062; x_wconf 84' lang='lat' dir='ltr'><strong>enim</strong></span> <span class='ocrx_word' id='word_1_322' title='bbox 2186 4025 2307 4064; x_wconf 89' lang='lat' dir='ltr'><strong>ver-</strong></span> 
     </span>
    </p>
   </div>
   <div class='ocr_carea' id='block_1_42' title="bbox 736 4086 2301 4171">
    <p class='ocr_par' dir='ltr' id='par_1_42' title="bbox 736 4086 2301 4171">
     <span class='ocr_line' id='line_1_42' title="bbox 736 4086 2301 4171; baseline 0.012 -31"><span class='ocrx_word' id='word_1_323' title='bbox 736 4086 926 4141; x_wconf 86' lang='lat' dir='ltr'><strong>borum</strong></span> <span class='ocrx_word' id='word_1_324' title='bbox 952 4088 1182 4157; x_wconf 77' lang='lat' dir='ltr'><strong>gravitas</strong></span> <span class='ocrx_word' id='word_1_325' title='bbox 1209 4089 1355 4143; x_wconf 85' lang='lat' dir='ltr'><strong>leves</strong></span> <span class='ocrx_word' id='word_1_326' title='bbox 1381 4089 1556 4145; x_wconf 88' lang='lat' dir='ltr'><strong>reddit</strong></span> <span class='ocrx_word' id='word_1_327' title='bbox 1585 4092 1790 4149; x_wconf 86' lang='lat' dir='ltr'><strong>animas</strong></span> <span class='ocrx_word' id='word_1_328' title='bbox 1811 4106 2021 4153; x_wconf 88' lang='lat' dir='ltr'><strong>nostras</strong></span> <span class='ocrx_word' id='word_1_329' title='bbox 2048 4115 2079 4154; x_wconf 91' lang='lat' dir='ltr'><strong>a</strong></span> <span class='ocrx_word' id='word_1_330' title='bbox 2110 4116 2301 4171; x_wconf 84' lang='lat' dir='ltr'><strong>pecca-</strong></span> 
     </span>
    </p>
   </div>
   <div class='ocr_carea' id='block_1_43' title="bbox 1421 344 3203 423">
    <p class='ocr_par' dir='ltr' id='par_1_43' title="bbox 1421 344 3203 423">
     <span class='ocr_line' id='line_1_43' title="bbox 1421 344 3203 423; baseline -0.01 0"><span class='ocrx_word' id='word_1_331' title='bbox 1421 365 1477 423; x_wconf 78' lang='grc'><strong>8.</strong></span> <span class='ocrx_word' id='word_1_332' title='bbox 1513 359 1788 421; x_wconf 74' lang='lat' dir='ltr'><strong>JOANNIS</strong></span> <span class='ocrx_word' id='word_1_333' title='bbox 1818 345 2287 416; x_wconf 73' lang='grc' dir='ltr'>αιιιῖεοετοιιι</span> <span class='ocrx_word' id='word_1_334' title='bbox 2324 344 2636 407; x_wconf 75' lang='lat' dir='ltr'><strong>ARCIIIEP.</strong></span> <span class='ocrx_word' id='word_1_335' title='bbox 2674 347 3203 407; x_wconf 74' lang='lat' dir='ltr'><strong>CONSTANTINOP.</strong></span> 
     </span>
    </p>
   </div>
   <div class='ocr_carea' id='block_1_44' title="bbox 2408 459 4035 533">
    <p class='ocr_par' dir='ltr' id='par_1_44' title="bbox 2408 459 4035 533">
     <span class='ocr_line' id='line_1_44' title="bbox 2408 459 4035 533; baseline 0 -16"><span class='ocrx_word' id='word_1_336' title='bbox 2408 471 2585 518; x_wconf 87' lang='lat' dir='ltr'><strong>torum</strong></span> <span class='ocrx_word' id='word_1_337' title='bbox 2612 462 2864 533; x_wconf 87' lang='lat' dir='ltr'><strong>pondere.</strong></span> <span class='ocrx_word' id='word_1_338' title='bbox 2888 461 3019 518; x_wconf 82' lang='lat' dir='ltr'><strong>Nam</strong></span> <span class='ocrx_word' id='word_1_339' title='bbox 3046 472 3101 518; x_wconf 93' lang='lat' dir='ltr'><strong>et</strong></span> <span class='ocrx_word' id='word_1_340' title='bbox 3126 462 3325 517; x_wconf 86' lang='lat' dir='ltr'><strong>ferrum</strong></span> <span class='ocrx_word' id='word_1_341' title='bbox 3349 475 3511 530; x_wconf 87' lang='lat' dir='ltr'><strong>grave</strong></span> <span class='ocrx_word' id='word_1_342' title='bbox 3533 469 3637 525; x_wconf 85' lang='lat' dir='ltr'><strong>est,</strong></span> <span class='ocrx_word' id='word_1_343' title='bbox 3662 470 3716 517; x_wconf 90' lang='lat' dir='ltr'><strong>et</strong></span> <span class='ocrx_word' id='word_1_344' title='bbox 3739 459 3940 518; x_wconf 67' lang='lat' dir='ltr'><strong>malleus</strong></span> <span class='ocrx_word' id='word_1_345' title='bbox 4034 459 4035 531; x_wconf 52' lang='grc' dir='ltr'>ἒ</span> 
     </span>
    </p>
   </div>
   <div class='ocr_carea' id='block_1_45' title="bbox 2401 544 4035 626">
    <p class='ocr_par' dir='ltr' id='par_1_45' title="bbox 2401 544 4035 626">
     <span class='ocr_line' id='line_1_45' title="bbox 2401 544 4035 626; baseline -0.001 -16"><span class='ocrx_word' id='word_1_346' title='bbox 2401 555 2614 626; x_wconf 80' lang='lat' dir='ltr'><strong>gravis;</strong></span> <span class='ocrx_word' id='word_1_347' title='bbox 2668 564 2903 609; x_wconf 87' lang='lat' dir='ltr'><strong>attamen</strong></span> <span class='ocrx_word' id='word_1_348' title='bbox 2951 554 3150 609; x_wconf 80' lang='lat' dir='ltr'><strong>faciunt</strong></span> <span class='ocrx_word' id='word_1_349' title='bbox 3178 567 3301 609; x_wconf 79' lang='lat' dir='ltr'><strong>vasa</strong></span> <span class='ocrx_word' id='word_1_350' title='bbox 3331 568 3489 608; x_wconf 88' lang='lat' dir='ltr'><strong>aurea</strong></span> <span class='ocrx_word' id='word_1_351' title='bbox 3520 563 3575 609; x_wconf 88' lang='lat' dir='ltr'><strong>ct</strong></span> <span class='ocrx_word' id='word_1_352' title='bbox 3615 563 3877 624; x_wconf 81' lang='lat' dir='ltr'><strong>argentea,</strong></span> <span class='ocrx_word' id='word_1_353' title='bbox 3898 566 3948 610; x_wconf 86' lang='lat' dir='ltr'><strong>et</strong></span> <span class='ocrx_word' id='word_1_354' title='bbox 4034 544 4035 601; x_wconf 70' lang='grc' dir='ltr'>Ῑ</span> 
     </span>
    </p>
   </div>
   <div class='ocr_carea' id='block_1_46' title="bbox 2402 640 3941 715">
    <p class='ocr_par' dir='ltr' id='par_1_46' title="bbox 2402 640 3941 715">
     <span class='ocr_line' id='line_1_46' title="bbox 2402 640 3941 715; baseline 0 -15"><span class='ocrx_word' id='word_1_355' title='bbox 2402 654 2521 715; x_wconf 71' lang='lat' dir='ltr'><strong>quas</strong></span> <span class='ocrx_word' id='word_1_356' title='bbox 2546 643 2769 699; x_wconf 84' lang='lat' dir='ltr'><strong>distorta</strong></span> <span class='ocrx_word' id='word_1_357' title='bbox 2799 640 2925 699; x_wconf 89' lang='lat' dir='ltr'><strong>sunt</strong></span> <span class='ocrx_word' id='word_1_358' title='bbox 2952 644 3188 713; x_wconf 89' lang='lat' dir='ltr'><strong>dirigunt</strong></span> <span class='ocrx_word' id='word_1_359' title='bbox 3213 662 3228 698; x_wconf 94' lang='lat'><strong>:</strong></span> <span class='ocrx_word' id='word_1_360' title='bbox 3259 643 3400 713; x_wconf 89' lang='lat' dir='ltr'><strong>quod</strong></span> <span class='ocrx_word' id='word_1_361' title='bbox 3428 642 3529 698; x_wconf 83' lang='lat' dir='ltr'><strong>nisi</strong></span> <span class='ocrx_word' id='word_1_362' title='bbox 3555 643 3739 713; x_wconf 82' lang='lat' dir='ltr'><strong>gravia</strong></span> <span class='ocrx_word' id='word_1_363' title='bbox 3766 656 3941 708; x_wconf 84' lang='lat' dir='ltr'><strong>essent,</strong></span> 
     </span>
    </p>
   </div>
   <div class='ocr_carea' id='block_1_47' title="bbox 2402 734 4035 807">
    <p class='ocr_par' dir='ltr' id='par_1_47' title="bbox 2402 734 4035 807">
     <span class='ocr_line' id='line_1_47' title="bbox 2402 734 4035 807; baseline 0.001 -17"><span class='ocrx_word' id='word_1_364' title='bbox 2402 735 2683 791; x_wconf 83' lang='lat' dir='ltr'><strong>distortsm</strong></span> <span class='ocrx_word' id='word_1_365' title='bbox 2710 736 2988 790; x_wconf 85' lang='lat' dir='ltr'><strong>materiam</strong></span> <span class='ocrx_word' id='word_1_366' title='bbox 3016 735 3257 806; x_wconf 86' lang='lat' dir='ltr'><strong>dirigere</strong></span> <span class='ocrx_word' id='word_1_367' title='bbox 3278 734 3583 807; x_wconf 84' lang='lat' dir='ltr'><strong>neutiquam</strong></span> <span class='ocrx_word' id='word_1_368' title='bbox 3629 745 3858 804; x_wconf 81' lang='lat' dir='ltr'><strong>possent.</strong></span> <span class='ocrx_word' id='word_1_369' title='bbox 3881 736 3947 792; x_wconf 81' lang='lat' dir='ltr'><strong>ha</strong></span> <span class='ocrx_word' id='word_1_370' title='bbox 4034 756 4035 759; x_wconf 45' lang='grc' dir='ltr'><strong>η</strong></span> 
     </span>
    </p>
   </div>
   <div class='ocr_carea' id='block_1_48' title="bbox 2403 822 3944 895">
    <p class='ocr_par' dir='ltr' id='par_1_48' title="bbox 2403 822 3944 895">
     <span class='ocr_line' id='line_1_48' title="bbox 2403 822 3944 895; baseline -0.003 -14"><span class='ocrx_word' id='word_1_371' title='bbox 2403 826 2564 882; x_wconf 88' lang='lat' dir='ltr'><strong>etiam</strong></span> <span class='ocrx_word' id='word_1_372' title='bbox 2586 825 2763 895; x_wconf 85' lang='lat' dir='ltr'><strong>gravis</strong></span> <span class='ocrx_word' id='word_1_373' title='bbox 2782 839 2963 881; x_wconf 84' lang='lat' dir='ltr'><strong>sermo</strong></span> <span class='ocrx_word' id='word_1_374' title='bbox 2980 833 3166 880; x_wconf 85' lang='lat' dir='ltr'><strong>noster</strong></span> <span class='ocrx_word' id='word_1_375' title='bbox 3180 838 3504 894; x_wconf 75' lang='lat' dir='ltr'><strong>componere</strong></span> <span class='ocrx_word' id='word_1_376' title='bbox 3521 822 3757 881; x_wconf 82' lang='lat' dir='ltr'><strong>animam</strong></span> <span class='ocrx_word' id='word_1_377' title='bbox 3774 833 3944 894; x_wconf 87' lang='lat' dir='ltr'><strong>potest.</strong></span> 
     </span>
    </p>
   </div>
   <div class='ocr_carea' id='block_1_49' title="bbox 2404 912 3948 987">
    <p class='ocr_par' dir='ltr' id='par_1_49' title="bbox 2404 912 3948 987">
     <span class='ocr_line' id='line_1_49' title="bbox 2404 912 3948 987; baseline -0.001 -18"><span class='ocrx_word' id='word_1_378' title='bbox 2404 913 2700 971; x_wconf 78' lang='lat' dir='ltr'><strong>Verborum</strong></span> <span class='ocrx_word' id='word_1_379' title='bbox 2729 915 2890 987; x_wconf 73' lang='lat' dir='ltr'><strong>igitur</strong></span> <span class='ocrx_word' id='word_1_380' title='bbox 2905 915 3219 985; x_wconf 81' lang='lat' dir='ltr'><strong>gravitatem</strong></span> <span class='ocrx_word' id='word_1_381' title='bbox 3251 914 3535 985; x_wconf 85' lang='lat' dir='ltr'><strong>plagasque</strong></span> <span class='ocrx_word' id='word_1_382' title='bbox 3563 912 3632 968; x_wconf 88' lang='lat' dir='ltr'><strong>ab</strong></span> <span class='ocrx_word' id='word_1_383' title='bbox 3662 913 3768 969; x_wconf 88' lang='lat' dir='ltr'><strong>illis</strong></span> <span class='ocrx_word' id='word_1_384' title='bbox 3803 913 3948 969; x_wconf 86' lang='lat' dir='ltr'><strong>factas</strong></span> 
     </span>
    </p>
   </div>
   <div class='ocr_carea' id='block_1_50' title="bbox 2407 1005 3947 1077">
    <p class='ocr_par' dir='ltr' id='par_1_50' title="bbox 2407 1005 3947 1077">
     <span class='ocr_line' id='line_1_50' title="bbox 2407 1005 3947 1077; baseline -0.001 -16"><span class='ocrx_word' id='word_1_385' title='bbox 2407 1023 2476 1062; x_wconf 91' lang='lat' dir='ltr'><strong>ne</strong></span> <span class='ocrx_word' id='word_1_386' title='bbox 2502 1005 2765 1077; x_wconf 72' lang='lat' dir='ltr'><strong>fugiamus</strong></span> <span class='ocrx_word' id='word_1_387' title='bbox 2793 1023 2807 1061; x_wconf 90' lang='lat'><strong>:</strong></span> <span class='ocrx_word' id='word_1_388' title='bbox 2855 1022 2963 1062; x_wconf 89' lang='lat' dir='ltr'><strong>non</strong></span> <span class='ocrx_word' id='word_1_389' title='bbox 2990 1005 3133 1061; x_wconf 89' lang='lat' dir='ltr'><strong>enim</strong></span> <span class='ocrx_word' id='word_1_390' title='bbox 3160 1005 3280 1061; x_wconf 90' lang='lat' dir='ltr'><strong>ideo</strong></span> <span class='ocrx_word' id='word_1_391' title='bbox 3304 1005 3531 1063; x_wconf 79' lang='lat' dir='ltr'><strong>infertur</strong></span> <span class='ocrx_word' id='word_1_392' title='bbox 3574 1006 3730 1076; x_wconf 87' lang='lat' dir='ltr'><strong>plaga</strong></span> <span class='ocrx_word' id='word_1_393' title='bbox 3755 1015 3811 1059; x_wconf 90' lang='lat' dir='ltr'><strong>ut</strong></span> <span class='ocrx_word' id='word_1_394' title='bbox 3844 1007 3947 1060; x_wconf 88' lang='lat' dir='ltr'><strong>ani-</strong></span> 
     </span>
    </p>
   </div>
   <div class='ocr_carea' id='block_1_51' title="bbox 2403 1096 3950 1177">
    <p class='ocr_par' dir='ltr' id='par_1_51' title="bbox 2403 1096 3950 1177">
     <span class='ocr_line' id='line_1_51' title="bbox 2403 1096 3950 1177; baseline -0.003 -23"><span class='ocrx_word' id='word_1_395' title='bbox 2403 1116 2544 1155; x_wconf 88' lang='lat' dir='ltr'><strong>mam</strong></span> <span class='ocrx_word' id='word_1_396' title='bbox 2594 1098 2799 1170; x_wconf 81' lang='lat' dir='ltr'><strong>frangat</strong></span> <span class='ocrx_word' id='word_1_397' title='bbox 2846 1114 2911 1155; x_wconf 83' lang='lat' dir='ltr'><strong>ac</strong></span> <span class='ocrx_word' id='word_1_398' title='bbox 2946 1100 3188 1177; x_wconf 67' lang='lat' dir='ltr'><strong>laceret,</strong></span> <span class='ocrx_word' id='word_1_399' title='bbox 3217 1097 3313 1153; x_wconf 88' lang='lat' dir='ltr'><strong>sed</strong></span> <span class='ocrx_word' id='word_1_400' title='bbox 3358 1106 3416 1153; x_wconf 89' lang='lat' dir='ltr'><strong>ut</strong></span> <span class='ocrx_word' id='word_1_401' title='bbox 3455 1098 3710 1168; x_wconf 85' lang='lat' dir='ltr'><strong>corrigat.</strong></span> <span class='ocrx_word' id='word_1_402' title='bbox 3760 1096 3950 1152; x_wconf 81' lang='lat' dir='ltr'><strong>Scimus</strong></span> 
     </span>
    </p>
   </div>
   <div class='ocr_carea' id='block_1_52' title="bbox 2404 1188 3950 1263">
    <p class='ocr_par' dir='ltr' id='par_1_52' title="bbox 2404 1188 3950 1263">
     <span class='ocr_line' id='line_1_52' title="bbox 2404 1188 3950 1263; baseline -0.004 -16"><span class='ocrx_word' id='word_1_403' title='bbox 2404 1192 2547 1247; x_wconf 91' lang='lat' dir='ltr'><strong>enim</strong></span> <span class='ocrx_word' id='word_1_404' title='bbox 2589 1207 2684 1263; x_wconf 91' lang='lat' dir='ltr'><strong>per</strong></span> <span class='ocrx_word' id='word_1_405' title='bbox 2714 1192 2811 1248; x_wconf 92' lang='lat' dir='ltr'><strong>Dei</strong></span> <span class='ocrx_word' id='word_1_406' title='bbox 2836 1192 3057 1261; x_wconf 87' lang='lat' dir='ltr'><strong>gratiam</strong></span> <span class='ocrx_word' id='word_1_407' title='bbox 3085 1191 3207 1261; x_wconf 90' lang='lat' dir='ltr'><strong>quis</strong></span> <span class='ocrx_word' id='word_1_408' title='bbox 3231 1189 3299 1245; x_wconf 86' lang='lat' dir='ltr'><strong>sit</strong></span> <span class='ocrx_word' id='word_1_409' title='bbox 3326 1189 3643 1245; x_wconf 87' lang='lat' dir='ltr'><strong>verberandi</strong></span> <span class='ocrx_word' id='word_1_410' title='bbox 3674 1188 3874 1254; x_wconf 88' lang='lat' dir='ltr'><strong>modus,</strong></span> <span class='ocrx_word' id='word_1_411' title='bbox 3899 1196 3950 1242; x_wconf 91' lang='lat' dir='ltr'><strong>et</strong></span> 
     </span>
    </p>
   </div>
   <div class='ocr_carea' id='block_1_53' title="bbox 2403 1279 3951 1356">
    <p class='ocr_par' dir='ltr' id='par_1_53' title="bbox 2403 1279 3951 1356">
     <span class='ocr_line' id='line_1_53' title="bbox 2403 1279 3951 1356; baseline -0.005 -16"><span class='ocrx_word' id='word_1_412' title='bbox 2403 1301 2561 1356; x_wconf 86' lang='lat' dir='ltr'><strong>quam</strong></span> <span class='ocrx_word' id='word_1_413' title='bbox 2608 1286 2715 1338; x_wconf 71' lang='lat' dir='ltr'><strong>alte</strong></span> <span class='ocrx_word' id='word_1_414' title='bbox 2758 1283 3059 1354; x_wconf 84' lang='lat' dir='ltr'><strong>infligamus</strong></span> <span class='ocrx_word' id='word_1_415' title='bbox 3106 1283 3349 1352; x_wconf 89' lang='lat' dir='ltr'><strong>plagam;</strong></span> <span class='ocrx_word' id='word_1_416' title='bbox 3382 1291 3438 1335; x_wconf 92' lang='lat' dir='ltr'><strong>ut</strong></span> <span class='ocrx_word' id='word_1_417' title='bbox 3482 1295 3550 1335; x_wconf 90' lang='lat' dir='ltr'><strong>ne</strong></span> <span class='ocrx_word' id='word_1_418' title='bbox 3577 1279 3951 1335; x_wconf 84' lang='lat' dir='ltr'><strong>eomminustur</strong></span> 
     </span>
    </p>
   </div>
   <div class='ocr_carea' id='block_1_54' title="bbox 2404 1369 3951 1445">
    <p class='ocr_par' dir='ltr' id='par_1_54' title="bbox 2404 1369 3951 1445">
     <span class='ocr_line' id='line_1_54' title="bbox 2404 1369 3951 1445; baseline -0.003 -16"><span class='ocrx_word' id='word_1_419' title='bbox 2404 1391 2517 1442; x_wconf 89' lang='lat' dir='ltr'><strong>vas,</strong></span> <span class='ocrx_word' id='word_1_420' title='bbox 2546 1376 2641 1431; x_wconf 90' lang='lat' dir='ltr'><strong>sed</strong></span> <span class='ocrx_word' id='word_1_421' title='bbox 2672 1383 2732 1430; x_wconf 91' lang='lat' dir='ltr'><strong>ut</strong></span> <span class='ocrx_word' id='word_1_422' title='bbox 2778 1375 3028 1445; x_wconf 87' lang='lat' dir='ltr'><strong>poliatur,</strong></span> <span class='ocrx_word' id='word_1_423' title='bbox 3059 1384 3115 1429; x_wconf 92' lang='lat' dir='ltr'><strong>ut</strong></span> <span class='ocrx_word' id='word_1_424' title='bbox 3140 1382 3487 1439; x_wconf 87' lang='lat' dir='ltr'><strong>restauretur,</strong></span> <span class='ocrx_word' id='word_1_425' title='bbox 3517 1382 3577 1426; x_wconf 91' lang='lat' dir='ltr'><strong>nt</strong></span> <span class='ocrx_word' id='word_1_426' title='bbox 3622 1380 3800 1441; x_wconf 83' lang='lat' dir='ltr'><strong>aptum</strong></span> <span class='ocrx_word' id='word_1_427' title='bbox 3841 1369 3951 1425; x_wconf 87' lang='lat' dir='ltr'><strong>red-</strong></span> 
     </span>
    </p>
   </div>
   <div class='ocr_carea' id='block_1_55' title="bbox 2405 1459 3950 1535">
    <p class='ocr_par' dir='ltr' id='par_1_55' title="bbox 2405 1459 3950 1535">
     <span class='ocr_line' id='line_1_55' title="bbox 2405 1459 3950 1535; baseline -0.005 -14"><span class='ocrx_word' id='word_1_428' title='bbox 2405 1466 2562 1521; x_wconf 90' lang='lat' dir='ltr'><strong>datur</strong></span> <span class='ocrx_word' id='word_1_429' title='bbox 2585 1482 2692 1535; x_wconf 90' lang='lat' dir='ltr'><strong>quo</strong></span> <span class='ocrx_word' id='word_1_430' title='bbox 2723 1473 2902 1520; x_wconf 87' lang='lat' dir='ltr'><strong>utatur</strong></span> <span class='ocrx_word' id='word_1_431' title='bbox 2948 1464 3228 1530; x_wconf 89' lang='lat' dir='ltr'><strong>Dominus,</strong></span> <span class='ocrx_word' id='word_1_432' title='bbox 3258 1474 3316 1519; x_wconf 93' lang='lat' dir='ltr'><strong>ut</strong></span> <span class='ocrx_word' id='word_1_433' title='bbox 3343 1478 3410 1519; x_wconf 77' lang='lat' dir='ltr'><strong>ex</strong></span> <span class='ocrx_word' id='word_1_434' title='bbox 3457 1462 3685 1517; x_wconf 85' lang='lat' dir='ltr'><strong>sanitate</strong></span> <span class='ocrx_word' id='word_1_435' title='bbox 3731 1459 3950 1529; x_wconf 86' lang='lat' dir='ltr'><strong>splendi-</strong></span> 
     </span>
    </p>
   </div>
   <div class='ocr_carea' id='block_1_56' title="bbox 2407 1549 3949 1626">
    <p class='ocr_par' dir='ltr' id='par_1_56' title="bbox 2407 1549 3949 1626">
     <span class='ocr_line' id='line_1_56' title="bbox 2407 1549 3949 1626; baseline -0.006 -14"><span class='ocrx_word' id='word_1_436' title='bbox 2407 1556 2532 1612; x_wconf 89' lang='lat' dir='ltr'><strong>dum</strong></span> <span class='ocrx_word' id='word_1_437' title='bbox 2563 1554 2837 1623; x_wconf 77' lang='lat' dir='ltr'><strong>offeratur,</strong></span> <span class='ocrx_word' id='word_1_438' title='bbox 2865 1554 3111 1626; x_wconf 88' lang='lat' dir='ltr'><strong>beneque</strong></span> <span class='ocrx_word' id='word_1_439' title='bbox 3140 1555 3405 1623; x_wconf 86' lang='lat' dir='ltr'><strong>sculptum</strong></span> <span class='ocrx_word' id='word_1_440' title='bbox 3434 1552 3485 1607; x_wconf 92' lang='lat' dir='ltr'><strong>in</strong></span> <span class='ocrx_word' id='word_1_441' title='bbox 3528 1551 3615 1606; x_wconf 87' lang='lat' dir='ltr'><strong>illa</strong></span> <span class='ocrx_word' id='word_1_442' title='bbox 3645 1549 3750 1615; x_wconf 88' lang='lat' dir='ltr'><strong>die,</strong></span> <span class='ocrx_word' id='word_1_443' title='bbox 3783 1550 3829 1603; x_wconf 93' lang='lat' dir='ltr'><strong>in</strong></span> <span class='ocrx_word' id='word_1_444' title='bbox 3852 1562 3949 1619; x_wconf 86' lang='lat' dir='ltr'><strong>qua</strong></span> 
     </span>
    </p>
   </div>
   <div class='ocr_carea' id='block_1_57' title="bbox 2405 1640 3952 1717">
    <p class='ocr_par' dir='ltr' id='par_1_57' title="bbox 2405 1640 3952 1717">
     <span class='ocr_line' id='line_1_57' title="bbox 2405 1640 3952 1717; baseline -0.005 -16"><span class='ocrx_word' id='word_1_445' title='bbox 2405 1648 2511 1701; x_wconf 91' lang='lat' dir='ltr'><strong>erit</strong></span> <span class='ocrx_word' id='word_1_446' title='bbox 2532 1645 2728 1703; x_wconf 80' lang='lat' dir='ltr'><strong>ﬂumen</strong></span> <span class='ocrx_word' id='word_1_447' title='bbox 2761 1646 2932 1717; x_wconf 87' lang='lat' dir='ltr'><strong>ignis;</strong></span> <span class='ocrx_word' id='word_1_448' title='bbox 2968 1654 3021 1701; x_wconf 91' lang='lat' dir='ltr'><strong>ut</strong></span> <span class='ocrx_word' id='word_1_449' title='bbox 3053 1660 3120 1701; x_wconf 92' lang='lat' dir='ltr'><strong>ne</strong></span> <span class='ocrx_word' id='word_1_450' title='bbox 3163 1645 3417 1700; x_wconf 82' lang='lat' dir='ltr'><strong>oﬂ&#39;eratur</strong></span> <span class='ocrx_word' id='word_1_451' title='bbox 3435 1658 3579 1716; x_wconf 66' lang='lat' dir='ltr'><strong>pyrae</strong></span> <span class='ocrx_word' id='word_1_452' title='bbox 3605 1641 3703 1707; x_wconf 89' lang='lat' dir='ltr'><strong>illi,</strong></span> <span class='ocrx_word' id='word_1_453' title='bbox 3732 1655 3841 1710; x_wconf 66' lang='lat' dir='ltr'><strong>qua!</strong></span> <span class='ocrx_word' id='word_1_454' title='bbox 3886 1640 3952 1695; x_wconf 88' lang='lat' dir='ltr'><strong>ibi</strong></span> 
     </span>
    </p>
   </div>
   <div class='ocr_carea' id='block_1_58' title="bbox 2405 1734 3954 1800">
    <p class='ocr_par' dir='ltr' id='par_1_58' title="bbox 2405 1734 3954 1800">
     <span class='ocr_line' id='line_1_58' title="bbox 2405 1734 3954 1800; baseline -0.003 -9"><span class='ocrx_word' id='word_1_455' title='bbox 2405 1738 2713 1793; x_wconf 72' lang='lat' dir='ltr'><strong>futura&#39;est.</strong></span> <span class='ocrx_word' id='word_1_456' title='bbox 2745 1738 2875 1793; x_wconf 82' lang='lat' dir='ltr'><strong>Nam</strong></span> <span class='ocrx_word' id='word_1_457' title='bbox 2906 1739 3005 1792; x_wconf 91' lang='lat' dir='ltr'><strong>nisi</strong></span> <span class='ocrx_word' id='word_1_458' title='bbox 3035 1738 3158 1792; x_wconf 89' lang='lat' dir='ltr'><strong>dum</strong></span> <span class='ocrx_word' id='word_1_459' title='bbox 3190 1736 3277 1792; x_wconf 90' lang='lat' dir='ltr'><strong>hic</strong></span> <span class='ocrx_word' id='word_1_460' title='bbox 3312 1737 3461 1800; x_wconf 83' lang='lat' dir='ltr'><strong>estis,</strong></span> <span class='ocrx_word' id='word_1_461' title='bbox 3493 1751 3585 1790; x_wconf 82' lang='lat' dir='ltr'><strong>vos</strong></span> <span class='ocrx_word' id='word_1_462' title='bbox 3612 1734 3954 1789; x_wconf 84' lang='lat' dir='ltr'><strong>inﬂammave-</strong></span> 
     </span>
    </p>
   </div>
   <div class='ocr_carea' id='block_1_59' title="bbox 2404 1828 3953 1894">
    <p class='ocr_par' dir='ltr' id='par_1_59' title="bbox 2404 1828 3953 1894">
     <span class='ocr_line' id='line_1_59' title="bbox 2404 1828 3953 1894; baseline -0.006 -9"><span class='ocrx_word' id='word_1_463' title='bbox 2404 1829 2591 1894; x_wconf 89' lang='lat' dir='ltr'><strong>rimus,</strong></span> <span class='ocrx_word' id='word_1_464' title='bbox 2624 1828 2736 1884; x_wconf 89' lang='lat' dir='ltr'><strong>illic</strong></span> <span class='ocrx_word' id='word_1_465' title='bbox 2786 1830 3003 1883; x_wconf 89' lang='lat' dir='ltr'><strong>omnino</strong></span> <span class='ocrx_word' id='word_1_466' title='bbox 3052 1828 3453 1882; x_wconf 89' lang='lat' dir='ltr'><strong>inllammemini</strong></span> <span class='ocrx_word' id='word_1_467' title='bbox 3486 1840 3708 1881; x_wconf 87' lang='lat' dir='ltr'><strong>necesse</strong></span> <span class='ocrx_word' id='word_1_468' title='bbox 3740 1834 3834 1886; x_wconf 79' lang='lat' dir='ltr'><strong>est,</strong></span> <span class='ocrx_word' id='word_1_469' title='bbox 3863 1837 3953 1876; x_wconf 88' lang='lat' dir='ltr'><strong>nec</strong></span> 
     </span>
    </p>
   </div>
   <div class='ocr_carea' id='block_1_60' title="bbox 2406 1904 4035 1987">
    <p class='ocr_par' dir='ltr' id='par_1_60' title="bbox 2406 1904 4035 1987">
     <span class='ocr_line' id='line_1_60' title="bbox 2406 1904 4035 1987; baseline -0.006 -15"><span class='ocrx_word' id='word_1_470' title='bbox 2406 1917 2520 1972; x_wconf 74' lang='lat' dir='ltr'><strong>fieri</strong></span> <span class='ocrx_word' id='word_1_471' title='bbox 2546 1916 2701 1972; x_wconf 88' lang='lat' dir='ltr'><strong>aliter</strong></span> <span class='ocrx_word' id='word_1_472' title='bbox 2729 1904 2941 1987; x_wconf 82' lang='lat' dir='ltr'><strong>potest:</strong></span> <span class='ocrx_word' id='word_1_473' title='bbox 2970 1915 3092 1972; x_wconf 87' lang='lat' dir='ltr'><strong>Dies</strong></span> <span class='ocrx_word' id='word_1_474' title='bbox 3117 1918 3248 1970; x_wconf 85' lang='lat' dir='ltr'><strong>enim</strong></span> <span class='ocrx_word' id='word_1_475' title='bbox 3274 1915 3480 1968; x_wconf 84' lang='lat' dir='ltr'><strong>Domini</strong></span> <span class='ocrx_word' id='word_1_476' title='bbox 3505 1916 3558 1968; x_wconf 88' lang='lat' dir='ltr'><strong>in</strong></span> <span class='ocrx_word' id='word_1_477' title='bbox 3585 1914 3703 1981; x_wconf 82' lang='lat' dir='ltr'><strong>igne</strong></span> <span class='ocrx_word' id='word_1_478' title='bbox 3728 1912 3955 1965; x_wconf 72' lang='lat' dir='ltr'><strong>reveletur</strong></span> <span class='ocrx_word' id='word_1_479' title='bbox 4034 1910 4035 1915; x_wconf 64' lang='grc'><em>“</em></span> 
     </span>
    </p>
   </div>
   <div class='ocr_carea' id='block_1_61' title="bbox 2407 2002 4035 2081">
    <p class='ocr_par' dir='ltr' id='par_1_61' title="bbox 2407 2002 4035 2081">
     <span class='ocr_line' id='line_1_61' title="bbox 2407 2002 4035 2081; baseline -0.006 -17"><span class='ocrx_word' id='word_1_480' title='bbox 2407 2010 2485 2080; x_wconf 76' lang='grc'><strong>(1.</strong></span> <span class='ocrx_word' id='word_1_481' title='bbox 2514 2009 2630 2063; x_wconf 81' lang='lat' dir='ltr'><strong>Cor.</strong></span> <span class='ocrx_word' id='word_1_482' title='bbox 2652 2009 2705 2064; x_wconf 77' lang='lat'><strong>3.</strong></span> <span class='ocrx_word' id='word_1_483' title='bbox 2732 2009 2842 2077; x_wconf 81' lang='lat' dir='ltr'><strong>l3).</strong></span> <span class='ocrx_word' id='word_1_484' title='bbox 2870 2007 3049 2081; x_wconf 75' lang='lat' dir='ltr'><strong>satius</strong></span> <span class='ocrx_word' id='word_1_485' title='bbox 3077 2017 3160 2064; x_wconf 90' lang='lat' dir='ltr'><strong>est</strong></span> <span class='ocrx_word' id='word_1_486' title='bbox 3186 2016 3240 2059; x_wconf 91' lang='lat' dir='ltr'><strong>ut</strong></span> <span class='ocrx_word' id='word_1_487' title='bbox 3266 2007 3331 2060; x_wconf 90' lang='lat' dir='ltr'><strong>ad</strong></span> <span class='ocrx_word' id='word_1_488' title='bbox 3359 2006 3521 2062; x_wconf 81' lang='lat' dir='ltr'><strong>breve</strong></span> <span class='ocrx_word' id='word_1_489' title='bbox 3543 2013 3746 2072; x_wconf 86' lang='lat' dir='ltr'><strong>tempus</strong></span> <span class='ocrx_word' id='word_1_490' title='bbox 3775 2002 3956 2056; x_wconf 79' lang='lat' dir='ltr'><strong>nostris</strong></span> <span class='ocrx_word' id='word_1_491' title='bbox 4034 2036 4035 2043; x_wconf 59' lang='grc' dir='ltr'><strong>η</strong></span> 
     </span>
    </p>
   </div>
   <div class='ocr_carea' id='block_1_62' title="bbox 2406 2091 3955 2168">
    <p class='ocr_par' dir='ltr' id='par_1_62' title="bbox 2406 2091 3955 2168">
     <span class='ocr_line' id='line_1_62' title="bbox 2406 2091 3955 2168; baseline -0.006 -13"><span class='ocrx_word' id='word_1_492' title='bbox 2406 2100 2744 2155; x_wconf 82' lang='lat' dir='ltr'><strong>sermonibus</strong></span> <span class='ocrx_word' id='word_1_493' title='bbox 2777 2098 3027 2163; x_wconf 89' lang='lat' dir='ltr'><strong>uramini,</strong></span> <span class='ocrx_word' id='word_1_494' title='bbox 3059 2113 3216 2168; x_wconf 90' lang='lat' dir='ltr'><strong>quam</strong></span> <span class='ocrx_word' id='word_1_495' title='bbox 3248 2106 3505 2167; x_wconf 88' lang='lat' dir='ltr'><strong>perpetuo</strong></span> <span class='ocrx_word' id='word_1_496' title='bbox 3531 2095 3741 2149; x_wconf 85' lang='lat' dir='ltr'><strong>flamma</strong></span> <span class='ocrx_word' id='word_1_497' title='bbox 3772 2094 3875 2148; x_wconf 87' lang='lat' dir='ltr'><strong>illa.</strong></span> <span class='ocrx_word' id='word_1_498' title='bbox 3903 2091 3955 2145; x_wconf 89' lang='lat' dir='ltr'><strong>ld</strong></span> 
     </span>
    </p>
   </div>
   <div class='ocr_carea' id='block_1_63' title="bbox 2405 2189 3957 2259">
    <p class='ocr_par' dir='ltr' id='par_1_63' title="bbox 2405 2189 3957 2259">
     <span class='ocr_line' id='line_1_63' title="bbox 2405 2189 3957 2259; baseline -0.006 -11"><span class='ocrx_word' id='word_1_499' title='bbox 2405 2193 2546 2247; x_wconf 89' lang='lat' dir='ltr'><strong>enim</strong></span> <span class='ocrx_word' id='word_1_500' title='bbox 2580 2190 2756 2245; x_wconf 89' lang='lat' dir='ltr'><strong>futuro</strong></span> <span class='ocrx_word' id='word_1_501' title='bbox 2796 2191 3016 2245; x_wconf 91' lang='lat' dir='ltr'><strong>omnino</strong></span> <span class='ocrx_word' id='word_1_502' title='bbox 3042 2205 3184 2254; x_wconf 88' lang='lat' dir='ltr'><strong>esse,</strong></span> <span class='ocrx_word' id='word_1_503' title='bbox 3231 2189 3568 2259; x_wconf 79' lang='lat' dir='ltr'><strong>pchpicuum</strong></span> <span class='ocrx_word' id='word_1_504' title='bbox 3598 2196 3714 2252; x_wconf 88' lang='lat' dir='ltr'><strong>est;</strong></span> <span class='ocrx_word' id='word_1_505' title='bbox 3739 2201 3797 2239; x_wconf 89' lang='lat' dir='ltr'><strong>ac</strong></span> <span class='ocrx_word' id='word_1_506' title='bbox 3822 2198 3957 2253; x_wconf 72' lang='lat' dir='ltr'><strong>saepe</strong></span> 
     </span>
    </p>
   </div>
   <div class='ocr_carea' id='block_1_64' title="bbox 2407 2279 3955 2350">
    <p class='ocr_par' dir='ltr' id='par_1_64' title="bbox 2407 2279 3955 2350">
     <span class='ocr_line' id='line_1_64' title="bbox 2407 2279 3955 2350; baseline -0.003 -15"><span class='ocrx_word' id='word_1_507' title='bbox 2407 2282 2562 2337; x_wconf 80' lang='lat' dir='ltr'><strong>vobis</strong></span> <span class='ocrx_word' id='word_1_508' title='bbox 2608 2282 2845 2336; x_wconf 88' lang='lat' dir='ltr'><strong>rationes</strong></span> <span class='ocrx_word' id='word_1_509' title='bbox 2871 2280 3045 2346; x_wconf 88' lang='lat' dir='ltr'><strong>attuli,</strong></span> <span class='ocrx_word' id='word_1_510' title='bbox 3075 2282 3268 2350; x_wconf 89' lang='lat' dir='ltr'><strong>quibus</strong></span> <span class='ocrx_word' id='word_1_511' title='bbox 3294 2279 3584 2335; x_wconf 86' lang='lat' dir='ltr'><strong>contradici</strong></span> <span class='ocrx_word' id='word_1_512' title='bbox 3629 2293 3730 2332; x_wconf 93' lang='lat' dir='ltr'><strong>non</strong></span> <span class='ocrx_word' id='word_1_513' title='bbox 3774 2285 3955 2347; x_wconf 82' lang='lat' dir='ltr'><strong>potest.</strong></span> 
     </span>
    </p>
   </div>
   <div class='ocr_carea' id='block_1_65' title="bbox 2407 2366 3959 2442">
    <p class='ocr_par' dir='ltr' id='par_1_65' title="bbox 2407 2366 3959 2442">
     <span class='ocr_line' id='line_1_65' title="bbox 2407 2366 3959 2442; baseline -0.005 -15"><span class='ocrx_word' id='word_1_514' title='bbox 2407 2373 2485 2427; x_wconf 87' lang='lat' dir='ltr'><strong>Ae</strong></span> <span class='ocrx_word' id='word_1_515' title='bbox 2513 2373 2655 2427; x_wconf 89' lang='lat' dir='ltr'><strong>solas</strong></span> <span class='ocrx_word' id='word_1_516' title='bbox 2680 2372 2892 2442; x_wconf 87' lang='lat' dir='ltr'><strong>quidem</strong></span> <span class='ocrx_word' id='word_1_517' title='bbox 2936 2370 3239 2442; x_wconf 88' lang='lat' dir='ltr'><strong>Scripturas</strong></span> <span class='ocrx_word' id='word_1_518' title='bbox 3266 2371 3477 2441; x_wconf 88' lang='lat' dir='ltr'><strong>plenam</strong></span> <span class='ocrx_word' id='word_1_519' title='bbox 3524 2369 3675 2423; x_wconf 80' lang='lat' dir='ltr'><strong>vobis</strong></span> <span class='ocrx_word' id='word_1_520' title='bbox 3705 2368 3849 2422; x_wconf 87' lang='lat' dir='ltr'><strong>fidem</strong></span> <span class='ocrx_word' id='word_1_521' title='bbox 3885 2366 3959 2420; x_wconf 81' lang='lat' dir='ltr'><strong>fu-</strong></span> 
     </span>
    </p>
   </div>
   <div class='ocr_carea' id='block_1_66' title="bbox 2405 2454 3958 2546">
    <p class='ocr_par' dir='ltr' id='par_1_66' title="bbox 2405 2454 3958 2546">
     <span class='ocr_line' id='line_1_66' title="bbox 2405 2454 3958 2546; baseline -0.006 -27"><span class='ocrx_word' id='word_1_522' title='bbox 2405 2455 2529 2519; x_wconf 81' lang='lat' dir='ltr'><strong>cere</strong></span> <span class='ocrx_word' id='word_1_523' title='bbox 2558 2463 2872 2531; x_wconf 78' lang='lat' dir='ltr'><strong>oportebat;</strong></span> <span class='ocrx_word' id='word_1_524' title='bbox 2907 2462 3002 2546; x_wconf 59' lang='lat' dir='ltr'><strong>sed</strong></span> <span class='ocrx_word' id='word_1_525' title='bbox 3046 2463 3293 2532; x_wconf 87' lang='lat' dir='ltr'><strong>quoniam</strong></span> <span class='ocrx_word' id='word_1_526' title='bbox 3345 2458 3586 2514; x_wconf 90' lang='lat' dir='ltr'><strong>nonnulli</strong></span> <span class='ocrx_word' id='word_1_527' title='bbox 3616 2458 3873 2529; x_wconf 80' lang='lat' dir='ltr'><strong>proclives</strong></span> <span class='ocrx_word' id='word_1_528' title='bbox 3897 2454 3958 2509; x_wconf 87' lang='lat' dir='ltr'><strong>ad</strong></span> 
     </span>
    </p>
   </div>
   <div class='ocr_carea' id='block_1_67' title="bbox 2407 2548 3959 2621">
    <p class='ocr_par' dir='ltr' id='par_1_67' title="bbox 2407 2548 3959 2621">
     <span class='ocr_line' id='line_1_67' title="bbox 2407 2548 3959 2621; baseline -0.005 -11"><span class='ocrx_word' id='word_1_529' title='bbox 2407 2554 2807 2610; x_wconf 87' lang='lat' dir='ltr'><strong>contentionem</strong></span> <span class='ocrx_word' id='word_1_530' title='bbox 2861 2565 3007 2621; x_wconf 88' lang='lat' dir='ltr'><strong>sunt,</strong></span> <span class='ocrx_word' id='word_1_531' title='bbox 3057 2555 3223 2609; x_wconf 88' lang='lat' dir='ltr'><strong>multa</strong></span> <span class='ocrx_word' id='word_1_532' title='bbox 3273 2555 3433 2608; x_wconf 88' lang='lat' dir='ltr'><strong>etiam</strong></span> <span class='ocrx_word' id='word_1_533' title='bbox 3479 2548 3959 2607; x_wconf 84' lang='lat' dir='ltr'><strong>ratiocinationibus</strong></span> 
     </span>
    </p>
   </div>
   <div class='ocr_carea' id='block_1_68' title="bbox 2408 2644 3960 2714">
    <p class='ocr_par' dir='ltr' id='par_1_68' title="bbox 2408 2644 3960 2714">
     <span class='ocr_line' id='line_1_68' title="bbox 2408 2644 3960 2714; baseline -0.005 -15"><span class='ocrx_word' id='word_1_534' title='bbox 2408 2645 2691 2699; x_wconf 87' lang='lat' dir='ltr'><strong>movimus.</strong></span> <span class='ocrx_word' id='word_1_535' title='bbox 2724 2644 2866 2699; x_wconf 81' lang='lat' dir='ltr'><strong>Nihil</strong></span> <span class='ocrx_word' id='word_1_536' title='bbox 2894 2660 3026 2699; x_wconf 90' lang='lat' dir='ltr'><strong>vero</strong></span> <span class='ocrx_word' id='word_1_537' title='bbox 3054 2644 3277 2714; x_wconf 88' lang='lat' dir='ltr'><strong>impedit</strong></span> <span class='ocrx_word' id='word_1_538' title='bbox 3304 2644 3592 2713; x_wconf 86' lang='lat' dir='ltr'><strong>quominus</strong></span> <span class='ocrx_word' id='word_1_539' title='bbox 3617 2650 3675 2696; x_wconf 90' lang='lat' dir='ltr'><strong>et</strong></span> <span class='ocrx_word' id='word_1_540' title='bbox 3702 2654 3838 2695; x_wconf 90' lang='lat' dir='ltr'><strong>nunc</strong></span> <span class='ocrx_word' id='word_1_541' title='bbox 3860 2653 3960 2693; x_wconf 66' lang='lat' dir='ltr'><strong>eas</strong></span> 
     </span>
    </p>
   </div>
   <div class='ocr_carea' id='block_1_69' title="bbox 2406 2730 3959 2801">
    <p class='ocr_par' dir='ltr' id='par_1_69' title="bbox 2406 2730 3959 2801">
     <span class='ocr_line' id='line_1_69' title="bbox 2406 2730 3959 2801; baseline -0.006 -13"><span class='ocrx_word' id='word_1_542' title='bbox 2406 2734 2529 2789; x_wconf 79' lang='lat' dir='ltr'><strong>deut</strong></span> <span class='ocrx_word' id='word_1_543' title='bbox 2560 2733 2865 2789; x_wconf 72' lang='lat' dir='ltr'><strong>allevamus.</strong></span> <span class='ocrx_word' id='word_1_544' title='bbox 2894 2734 3147 2801; x_wconf 64' lang='lat' dir='ltr'><strong>Quaenam</strong></span> <span class='ocrx_word' id='word_1_545' title='bbox 3174 2749 3301 2788; x_wconf 89' lang='lat' dir='ltr'><strong>vero</strong></span> <span class='ocrx_word' id='word_1_546' title='bbox 3332 2732 3439 2787; x_wconf 82' lang='lat' dir='ltr'><strong>illa:</strong></span> <span class='ocrx_word' id='word_1_547' title='bbox 3468 2732 3665 2787; x_wconf 80' lang='lat' dir='ltr'><strong>erant?</strong></span> <span class='ocrx_word' id='word_1_548' title='bbox 3692 2730 3865 2784; x_wconf 85' lang='lat' dir='ltr'><strong>Justus</strong></span> <span class='ocrx_word' id='word_1_549' title='bbox 3885 2735 3959 2782; x_wconf 85' lang='lat' dir='ltr'><strong>est</strong></span> 
     </span>
    </p>
   </div>
   <div class='ocr_carea' id='block_1_70' title="bbox 2410 2818 3958 2893">
    <p class='ocr_par' dir='ltr' id='par_1_70' title="bbox 2410 2818 3958 2893">
     <span class='ocr_line' id='line_1_70' title="bbox 2410 2818 3958 2893; baseline -0.007 -10"><span class='ocrx_word' id='word_1_550' title='bbox 2410 2827 2586 2883; x_wconf 86' lang='lat' dir='ltr'><strong>Deus:</strong></span> <span class='ocrx_word' id='word_1_551' title='bbox 2619 2840 2807 2881; x_wconf 90' lang='lat' dir='ltr'><strong>omnes</strong></span> <span class='ocrx_word' id='word_1_552' title='bbox 2836 2824 3088 2893; x_wconf 85' lang='lat' dir='ltr'><strong>fatemur,</strong></span> <span class='ocrx_word' id='word_1_553' title='bbox 3113 2835 3167 2879; x_wconf 88' lang='lat' dir='ltr'><strong>et</strong></span> <span class='ocrx_word' id='word_1_554' title='bbox 3190 2825 3360 2879; x_wconf 83' lang='lat' dir='ltr'><strong>Cr.rci</strong></span> <span class='ocrx_word' id='word_1_555' title='bbox 3383 2832 3436 2879; x_wconf 92' lang='lat' dir='ltr'><strong>et</strong></span> <span class='ocrx_word' id='word_1_556' title='bbox 3463 2822 3633 2877; x_wconf 60' lang='lat' dir='ltr'><strong>Judaei</strong></span> <span class='ocrx_word' id='word_1_557' title='bbox 3660 2832 3712 2876; x_wconf 89' lang='lat' dir='ltr'><strong>et</strong></span> <span class='ocrx_word' id='word_1_558' title='bbox 3741 2818 3958 2875; x_wconf 78' lang='lat' dir='ltr'><strong>lucretici</strong></span> 
     </span>
    </p>
   </div>
   <div class='ocr_carea' id='block_1_71' title="bbox 2407 2914 3961 2987">
    <p class='ocr_par' dir='ltr' id='par_1_71' title="bbox 2407 2914 3961 2987">
     <span class='ocr_line' id='line_1_71' title="bbox 2407 2914 3961 2987; baseline -0.009 -9"><span class='ocrx_word' id='word_1_559' title='bbox 2407 2930 2465 2978; x_wconf 77' lang='lat' dir='ltr'><strong>et</strong></span> <span class='ocrx_word' id='word_1_560' title='bbox 2490 2920 2797 2977; x_wconf 67' lang='lat' dir='ltr'><strong>Christiani.</strong></span> <span class='ocrx_word' id='word_1_561' title='bbox 2830 2921 2899 2973; x_wconf 84' lang='lat' dir='ltr'><strong>At</strong></span> <span class='ocrx_word' id='word_1_562' title='bbox 2930 2918 3052 2973; x_wconf 89' lang='lat' dir='ltr'><strong>hinc</strong></span> <span class='ocrx_word' id='word_1_563' title='bbox 3099 2918 3251 2971; x_wconf 88' lang='lat' dir='ltr'><strong>multi</strong></span> <span class='ocrx_word' id='word_1_564' title='bbox 3280 2918 3369 2987; x_wconf 91' lang='lat' dir='ltr'><strong>qui</strong></span> <span class='ocrx_word' id='word_1_565' title='bbox 3398 2923 3704 2986; x_wconf 90' lang='lat' dir='ltr'><strong>peccarunt,</strong></span> <span class='ocrx_word' id='word_1_566' title='bbox 3731 2914 3961 2968; x_wconf 89' lang='lat' dir='ltr'><strong>abierunt</strong></span> 
     </span>
    </p>
   </div>
   <div class='ocr_carea' id='block_1_72' title="bbox 2409 3002 3957 3080">
    <p class='ocr_par' dir='ltr' id='par_1_72' title="bbox 2409 3002 3957 3080">
     <span class='ocr_line' id='line_1_72' title="bbox 2409 3002 3957 3080; baseline -0.008 -14"><span class='ocrx_word' id='word_1_567' title='bbox 2409 3011 2661 3080; x_wconf 85' lang='lat' dir='ltr'><strong>impune:</strong></span> <span class='ocrx_word' id='word_1_568' title='bbox 2686 3009 2837 3064; x_wconf 89' lang='lat' dir='ltr'><strong>multi</strong></span> <span class='ocrx_word' id='word_1_569' title='bbox 2860 3009 2948 3079; x_wconf 88' lang='lat' dir='ltr'><strong>qui</strong></span> <span class='ocrx_word' id='word_1_570' title='bbox 2974 3023 3097 3063; x_wconf 91' lang='lat' dir='ltr'><strong>cum</strong></span> <span class='ocrx_word' id='word_1_571' title='bbox 3119 3009 3315 3063; x_wconf 84' lang='lat' dir='ltr'><strong>virtute</strong></span> <span class='ocrx_word' id='word_1_572' title='bbox 3341 3007 3604 3072; x_wconf 81' lang='lat' dir='ltr'><strong>vixerant,</strong></span> <span class='ocrx_word' id='word_1_573' title='bbox 3629 3012 3738 3057; x_wconf 89' lang='lat' dir='ltr'><strong>tum</strong></span> <span class='ocrx_word' id='word_1_574' title='bbox 3757 3002 3957 3057; x_wconf 71' lang='lat' dir='ltr'><strong>domum</strong></span> 
     </span>
    </p>
   </div>
   <div class='ocr_carea' id='block_1_73' title="bbox 2408 3092 3959 3168">
    <p class='ocr_par' dir='ltr' id='par_1_73' title="bbox 2408 3092 3959 3168">
     <span class='ocr_line' id='line_1_73' title="bbox 2408 3092 3959 3168; baseline -0.01 -10"><span class='ocrx_word' id='word_1_575' title='bbox 2408 3103 2677 3168; x_wconf 89' lang='lat' dir='ltr'><strong>abierunt,</strong></span> <span class='ocrx_word' id='word_1_576' title='bbox 2696 3116 2817 3155; x_wconf 91' lang='lat' dir='ltr'><strong>cum</strong></span> <span class='ocrx_word' id='word_1_577' title='bbox 2843 3108 3126 3156; x_wconf 73' lang='lat' dir='ltr'><strong>sexcentos</strong></span> <span class='ocrx_word' id='word_1_578' title='bbox 3153 3099 3442 3153; x_wconf 90' lang='lat' dir='ltr'><strong>subiissent</strong></span> <span class='ocrx_word' id='word_1_579' title='bbox 3461 3095 3811 3152; x_wconf 89' lang='lat' dir='ltr'><strong>calamitates.</strong></span> <span class='ocrx_word' id='word_1_580' title='bbox 3832 3092 3959 3160; x_wconf 82' lang='lat' dir='ltr'><strong>Ergo</strong></span> 
     </span>
    </p>
   </div>
   <div class='ocr_carea' id='block_1_74' title="bbox 2408 3185 4035 3265">
    <p class='ocr_par' dir='ltr' id='par_1_74' title="bbox 2408 3185 4035 3265">
     <span class='ocr_line' id='line_1_74' title="bbox 2408 3185 4035 3265; baseline -0.012 -13"><span class='ocrx_word' id='word_1_581' title='bbox 2408 3197 2455 3252; x_wconf 85' lang='lat' dir='ltr'><strong>si</strong></span> <span class='ocrx_word' id='word_1_582' title='bbox 2480 3195 2655 3265; x_wconf 84' lang='lat' dir='ltr'><strong>justus</strong></span> <span class='ocrx_word' id='word_1_583' title='bbox 2668 3194 2844 3257; x_wconf 91' lang='lat' dir='ltr'><strong>Deus;</strong></span> <span class='ocrx_word' id='word_1_584' title='bbox 2877 3191 3091 3247; x_wconf 87' lang='lat' dir='ltr'><strong>ubinam</strong></span> <span class='ocrx_word' id='word_1_585' title='bbox 3119 3191 3202 3246; x_wconf 93' lang='lat' dir='ltr'><strong>his</strong></span> <span class='ocrx_word' id='word_1_586' title='bbox 3224 3189 3436 3259; x_wconf 86' lang='lat' dir='ltr'><strong>quidem</strong></span> <span class='ocrx_word' id='word_1_587' title='bbox 3459 3187 3699 3257; x_wconf 62' lang='lat' dir='ltr'><strong>praemia,</strong></span> <span class='ocrx_word' id='word_1_588' title='bbox 3719 3185 3821 3239; x_wconf 89' lang='lat' dir='ltr'><strong>illis</strong></span> <span class='ocrx_word' id='word_1_589' title='bbox 3843 3196 3959 3235; x_wconf 81' lang='lat' dir='ltr'><strong>vero</strong></span> <span class='ocrx_word' id='word_1_590' title='bbox 4034 3202 4035 3207; x_wconf 52' lang='grc' dir='ltr'><strong>η</strong></span> 
     </span>
    </p>
   </div>
   <div class='ocr_carea' id='block_1_75' title="bbox 2410 3279 3960 3355">
    <p class='ocr_par' dir='ltr' id='par_1_75' title="bbox 2410 3279 3960 3355">
     <span class='ocr_line' id='line_1_75' title="bbox 2410 3279 3960 3355; baseline -0.01 -16"><span class='ocrx_word' id='word_1_591' title='bbox 2410 3285 2666 3355; x_wconf 81' lang='lat' dir='ltr'><strong>supplicia</strong></span> <span class='ocrx_word' id='word_1_592' title='bbox 2701 3284 2917 3345; x_wconf 87' lang='lat' dir='ltr'><strong>tribuet,</strong></span> <span class='ocrx_word' id='word_1_593' title='bbox 2950 3282 2994 3336; x_wconf 90' lang='lat' dir='ltr'><strong>si</strong></span> <span class='ocrx_word' id='word_1_594' title='bbox 3027 3297 3133 3336; x_wconf 92' lang='lat' dir='ltr'><strong>non</strong></span> <span class='ocrx_word' id='word_1_595' title='bbox 3164 3290 3246 3335; x_wconf 91' lang='lat' dir='ltr'><strong>cst</strong></span> <span class='ocrx_word' id='word_1_596' title='bbox 3273 3280 3538 3350; x_wconf 87' lang='lat' dir='ltr'><strong>gehenna,</strong></span> <span class='ocrx_word' id='word_1_597' title='bbox 3568 3279 3612 3332; x_wconf 90' lang='lat' dir='ltr'><strong>si</strong></span> <span class='ocrx_word' id='word_1_598' title='bbox 3653 3292 3756 3329; x_wconf 93' lang='lat' dir='ltr'><strong>non</strong></span> <span class='ocrx_word' id='word_1_599' title='bbox 3785 3285 3862 3329; x_wconf 76' lang='lat' dir='ltr'><strong>est</strong></span> <span class='ocrx_word' id='word_1_600' title='bbox 3886 3290 3960 3326; x_wconf 79' lang='lat' dir='ltr'><strong>rc-</strong></span> 
     </span>
    </p>
   </div>
   <div class='ocr_carea' id='block_1_76' title="bbox 2410 3363 3959 3442">
    <p class='ocr_par' dir='ltr' id='par_1_76' title="bbox 2410 3363 3959 3442">
     <span class='ocr_line' id='line_1_76' title="bbox 2410 3363 3959 3442; baseline -0.01 -11"><span class='ocrx_word' id='word_1_601' title='bbox 2410 3374 2710 3431; x_wconf 76' lang='lat' dir='ltr'><strong>surrcctio?</strong></span> <span class='ocrx_word' id='word_1_602' title='bbox 2736 3374 2885 3428; x_wconf 82' lang='lat' dir='ltr'><strong>ilanc</strong></span> <span class='ocrx_word' id='word_1_603' title='bbox 2910 3373 3070 3442; x_wconf 89' lang='lat' dir='ltr'><strong>igitur</strong></span> <span class='ocrx_word' id='word_1_604' title='bbox 3100 3372 3357 3425; x_wconf 89' lang='lat' dir='ltr'><strong>rationem</strong></span> <span class='ocrx_word' id='word_1_605' title='bbox 3390 3379 3443 3425; x_wconf 91' lang='lat' dir='ltr'><strong>et</strong></span> <span class='ocrx_word' id='word_1_606' title='bbox 3470 3369 3575 3422; x_wconf 89' lang='lat' dir='ltr'><strong>illis</strong></span> <span class='ocrx_word' id='word_1_607' title='bbox 3590 3376 3646 3421; x_wconf 90' lang='lat' dir='ltr'><strong>et</strong></span> <span class='ocrx_word' id='word_1_608' title='bbox 3668 3366 3816 3420; x_wconf 90' lang='lat' dir='ltr'><strong>vobis</strong></span> <span class='ocrx_word' id='word_1_609' title='bbox 3846 3363 3959 3433; x_wconf 83' lang='lat' dir='ltr'><strong>ipsis</strong></span> 
     </span>
    </p>
   </div>
   <div class='ocr_carea' id='block_1_77' title="bbox 2410 3458 3960 3533">
    <p class='ocr_par' dir='ltr' id='par_1_77' title="bbox 2410 3458 3960 3533">
     <span class='ocr_line' id='line_1_77' title="bbox 2410 3458 3960 3533; baseline -0.011 -11"><span class='ocrx_word' id='word_1_610' title='bbox 2410 3480 2622 3533; x_wconf 87' lang='lat' dir='ltr'><strong>semper</strong></span> <span class='ocrx_word' id='word_1_611' title='bbox 2665 3464 2865 3531; x_wconf 88' lang='lat' dir='ltr'><strong>canite,</strong></span> <span class='ocrx_word' id='word_1_612' title='bbox 2891 3478 2989 3516; x_wconf 88' lang='lat' dir='ltr'><strong>nec</strong></span> <span class='ocrx_word' id='word_1_613' title='bbox 3033 3462 3171 3516; x_wconf 88' lang='lat' dir='ltr'><strong>sinet</strong></span> <span class='ocrx_word' id='word_1_614' title='bbox 3209 3476 3304 3515; x_wconf 90' lang='lat' dir='ltr'><strong>vos</strong></span> <span class='ocrx_word' id='word_1_615' title='bbox 3330 3460 3398 3514; x_wconf 91' lang='lat' dir='ltr'><strong>de</strong></span> <span class='ocrx_word' id='word_1_616' title='bbox 3440 3458 3830 3513; x_wconf 86' lang='lat' dir='ltr'><strong>resurrectione</strong></span> <span class='ocrx_word' id='word_1_617' title='bbox 3866 3469 3960 3508; x_wconf 90' lang='lat' dir='ltr'><strong>non</strong></span> 
     </span>
    </p>
   </div>
   <div class='ocr_carea' id='block_1_78' title="bbox 2410 3545 3959 3622">
    <p class='ocr_par' dir='ltr' id='par_1_78' title="bbox 2410 3545 3959 3622">
     <span class='ocr_line' id='line_1_78' title="bbox 2410 3545 3959 3622; baseline -0.008 -11"><span class='ocrx_word' id='word_1_618' title='bbox 2410 3556 2651 3612; x_wconf 89' lang='lat' dir='ltr'><strong>credere.</strong></span> <span class='ocrx_word' id='word_1_619' title='bbox 2683 3555 2781 3622; x_wconf 87' lang='lat' dir='ltr'><strong>Qui</strong></span> <span class='ocrx_word' id='word_1_620' title='bbox 2814 3569 2942 3608; x_wconf 90' lang='lat' dir='ltr'><strong>vero</strong></span> <span class='ocrx_word' id='word_1_621' title='bbox 2982 3553 3051 3608; x_wconf 90' lang='lat' dir='ltr'><strong>de</strong></span> <span class='ocrx_word' id='word_1_622' title='bbox 3096 3551 3488 3608; x_wconf 88' lang='lat' dir='ltr'><strong>resurrectione</strong></span> <span class='ocrx_word' id='word_1_623' title='bbox 3528 3564 3637 3604; x_wconf 91' lang='lat' dir='ltr'><strong>non</strong></span> <span class='ocrx_word' id='word_1_624' title='bbox 3681 3550 3896 3609; x_wconf 82' lang='lat' dir='ltr'><strong>dubitat,</strong></span> <span class='ocrx_word' id='word_1_625' title='bbox 3922 3545 3959 3599; x_wconf 86' lang='lat' dir='ltr'><strong>is</strong></span> 
     </span>
    </p>
   </div>
   <div class='ocr_carea' id='block_1_79' title="bbox 2414 3637 3958 3715">
    <p class='ocr_par' dir='ltr' id='par_1_79' title="bbox 2414 3637 3958 3715">
     <span class='ocr_line' id='line_1_79' title="bbox 2414 3637 3958 3715; baseline -0.008 -15"><span class='ocrx_word' id='word_1_626' title='bbox 2414 3646 2599 3703; x_wconf 86' lang='lat' dir='ltr'><strong>sedulo</strong></span> <span class='ocrx_word' id='word_1_627' title='bbox 2627 3655 2789 3715; x_wconf 90' lang='lat' dir='ltr'><strong>atque</strong></span> <span class='ocrx_word' id='word_1_628' title='bbox 2815 3652 3018 3698; x_wconf 90' lang='lat' dir='ltr'><strong>attente</strong></span> <span class='ocrx_word' id='word_1_629' title='bbox 3046 3644 3209 3697; x_wconf 85' lang='lat' dir='ltr'><strong>vitam</strong></span> <span class='ocrx_word' id='word_1_630' title='bbox 3242 3657 3389 3697; x_wconf 91' lang='lat' dir='ltr'><strong>suam</strong></span> <span class='ocrx_word' id='word_1_631' title='bbox 3415 3640 3642 3707; x_wconf 89' lang='lat' dir='ltr'><strong>curabit,</strong></span> <span class='ocrx_word' id='word_1_632' title='bbox 3675 3648 3734 3693; x_wconf 88' lang='lat' dir='ltr'><strong>ut</strong></span> <span class='ocrx_word' id='word_1_633' title='bbox 3774 3637 3958 3706; x_wconf 87' lang='lat' dir='ltr'><strong>sempi-</strong></span> 
     </span>
    </p>
   </div>
   <div class='ocr_carea' id='block_1_80' title="bbox 2413 3732 3961 3803">
    <p class='ocr_par' dir='ltr' id='par_1_80' title="bbox 2413 3732 3961 3803">
     <span class='ocr_line' id='line_1_80' title="bbox 2413 3732 3961 3803; baseline -0.009 -12"><span class='ocrx_word' id='word_1_634' title='bbox 2413 3746 2562 3791; x_wconf 90' lang='lat' dir='ltr'><strong>tcrna</strong></span> <span class='ocrx_word' id='word_1_635' title='bbox 2612 3736 2752 3789; x_wconf 89' lang='lat' dir='ltr'><strong>bona</strong></span> <span class='ocrx_word' id='word_1_636' title='bbox 2799 3741 3195 3803; x_wconf 85' lang='lat' dir='ltr'><strong>consequatur:</strong></span> <span class='ocrx_word' id='word_1_637' title='bbox 3230 3748 3347 3802; x_wconf 59' lang='lat' dir='ltr'><strong>quae</strong></span> <span class='ocrx_word' id='word_1_638' title='bbox 3394 3732 3598 3786; x_wconf 88' lang='lat' dir='ltr'><strong>utinam</strong></span> <span class='ocrx_word' id='word_1_639' title='bbox 3648 3744 3745 3786; x_wconf 86' lang='lat' dir='ltr'><strong>nos</strong></span> <span class='ocrx_word' id='word_1_640' title='bbox 3788 3741 3961 3781; x_wconf 88' lang='lat' dir='ltr'><strong>omnes</strong></span> 
     </span>
    </p>
   </div>
   <div class='ocr_carea' id='block_1_81' title="bbox 2410 3816 3961 3896">
    <p class='ocr_par' dir='ltr' id='par_1_81' title="bbox 2410 3816 3961 3896">
     <span class='ocr_line' id='line_1_81' title="bbox 2410 3816 3961 3896; baseline -0.007 -14"><span class='ocrx_word' id='word_1_641' title='bbox 2410 3841 2821 3896; x_wconf 86' lang='lat' dir='ltr'><strong>consequamur,</strong></span> <span class='ocrx_word' id='word_1_642' title='bbox 2851 3826 3019 3894; x_wconf 85' lang='lat' dir='ltr'><strong>gratia</strong></span> <span class='ocrx_word' id='word_1_643' title='bbox 3070 3833 3124 3879; x_wconf 89' lang='lat' dir='ltr'><strong>et</strong></span> <span class='ocrx_word' id='word_1_644' title='bbox 3171 3824 3499 3893; x_wconf 86' lang='lat' dir='ltr'><strong>benignitate</strong></span> <span class='ocrx_word' id='word_1_645' title='bbox 3552 3819 3763 3876; x_wconf 88' lang='lat' dir='ltr'><strong>Domini</strong></span> <span class='ocrx_word' id='word_1_646' title='bbox 3807 3816 3961 3872; x_wconf 79' lang='lat' dir='ltr'><strong>nostri</strong></span> 
     </span>
    </p>
   </div>
   <div class='ocr_carea' id='block_1_82' title="bbox 2412 3904 3959 3983">
    <p class='ocr_par' dir='ltr' id='par_1_82' title="bbox 2412 3904 3959 3983">
     <span class='ocr_line' id='line_1_82' title="bbox 2412 3904 3959 3983; baseline -0.01 -10"><span class='ocrx_word' id='word_1_647' title='bbox 2412 3904 2537 3974; x_wconf 84' lang='lat' dir='ltr'><strong>Jesu</strong></span> <span class='ocrx_word' id='word_1_648' title='bbox 2564 3917 2797 3982; x_wconf 89' lang='lat' dir='ltr'><strong>Christi,</strong></span> <span class='ocrx_word' id='word_1_649' title='bbox 2827 3915 2910 3970; x_wconf 91' lang='lat' dir='ltr'><strong>cui</strong></span> <span class='ocrx_word' id='word_1_650' title='bbox 2936 3929 3057 3969; x_wconf 92' lang='lat' dir='ltr'><strong>cum</strong></span> <span class='ocrx_word' id='word_1_651' title='bbox 3088 3913 3243 3968; x_wconf 83' lang='lat' dir='ltr'><strong>Patre</strong></span> <span class='ocrx_word' id='word_1_652' title='bbox 3272 3922 3325 3967; x_wconf 90' lang='lat' dir='ltr'><strong>et</strong></span> <span class='ocrx_word' id='word_1_653' title='bbox 3352 3912 3549 3983; x_wconf 91' lang='lat' dir='ltr'><strong>Spiritu</strong></span> <span class='ocrx_word' id='word_1_654' title='bbox 3578 3921 3761 3966; x_wconf 87' lang='lat' dir='ltr'><strong>sancto</strong></span> <span class='ocrx_word' id='word_1_655' title='bbox 3784 3907 3959 3978; x_wconf 81' lang='lat' dir='ltr'><strong>gloria,</strong></span> 
     </span>
    </p>
   </div>
   <div class='ocr_carea' id='block_1_83' title="bbox 2410 4000 3961 4078">
    <p class='ocr_par' dir='ltr' id='par_1_83' title="bbox 2410 4000 3961 4078">
     <span class='ocr_line' id='line_1_83' title="bbox 2410 4000 3961 4078; baseline -0.008 -12"><span class='ocrx_word' id='word_1_656' title='bbox 2410 4004 2729 4078; x_wconf 76' lang='lat' dir='ltr'><strong>imperium,</strong></span> <span class='ocrx_word' id='word_1_657' title='bbox 2748 4008 2942 4072; x_wconf 84' lang='lat' dir='ltr'><strong>honor,</strong></span> <span class='ocrx_word' id='word_1_658' title='bbox 2975 4020 3116 4061; x_wconf 90' lang='lat' dir='ltr'><strong>nunc</strong></span> <span class='ocrx_word' id='word_1_659' title='bbox 3140 4012 3194 4059; x_wconf 92' lang='lat' dir='ltr'><strong>et</strong></span> <span class='ocrx_word' id='word_1_660' title='bbox 3220 4019 3455 4073; x_wconf 87' lang='lat' dir='ltr'><strong>semper,</strong></span> <span class='ocrx_word' id='word_1_661' title='bbox 3498 4009 3554 4057; x_wconf 90' lang='lat' dir='ltr'><strong>et</strong></span> <span class='ocrx_word' id='word_1_662' title='bbox 3582 4002 3634 4057; x_wconf 90' lang='lat' dir='ltr'><strong>in</strong></span> <span class='ocrx_word' id='word_1_663' title='bbox 3656 4000 3843 4057; x_wconf 63' lang='lat' dir='ltr'><strong>saecula</strong></span> <span class='ocrx_word' id='word_1_664' title='bbox 3872 4014 3961 4053; x_wconf 79' lang='lat' dir='ltr'><strong>sa:-</strong></span> 
     </span>
    </p>
   </div>
   <div class='ocr_carea' id='block_1_84' title="bbox 2417 4101 2900 4159">
    <p class='ocr_par' dir='ltr' id='par_1_84' title="bbox 2417 4101 2900 4159">
     <span class='ocr_line' id='line_1_84' title="bbox 2417 4101 2900 4159; baseline -0.014 0"><span class='ocrx_word' id='word_1_665' title='bbox 2417 4119 2441 4159; x_wconf 78' lang='lat' dir='ltr'><strong>c</strong></span> <span class='ocrx_word' id='word_1_666' title='bbox 2455 4104 2680 4159; x_wconf 87' lang='lat' dir='ltr'><strong>ulorum.</strong></span> <span class='ocrx_word' id='word_1_667' title='bbox 2709 4101 2900 4156; x_wconf 83' lang='lat' dir='ltr'><strong>Amen.</strong></span> 
     </span>
    </p>
   </div>
   <div class='ocr_carea' id='block_1_85' title="bbox 732 4213 3963 4256">
    <p class='ocr_par' dir='ltr' id='par_1_85' title="bbox 732 4213 3963 4256">
     <span class='ocr_line' id='line_1_85' title="bbox 732 4213 3963 4256; baseline -0.005 -25"><span class='ocrx_word' id='word_1_668' title='bbox 732 4213 3963 4256; x_wconf 45' lang='lat'><strong>_______________________________________’____</strong></span> 
     </span>
    </p>
   </div>
   <div class='ocr_carea' id='block_1_86' title="bbox 2031 4307 2551 4377">
    <p class='ocr_par' dir='ltr' id='par_1_86' title="bbox 2031 4307 2551 4377">
     <span class='ocr_line' id='line_1_86' title="bbox 2031 4307 2551 4377; baseline 0.015 -10"><span class='ocrx_word' id='word_1_669' title='bbox 2031 4307 2378 4377; x_wconf 83' lang='lat' dir='ltr'><strong>HOMILIA</strong></span> <span class='ocrx_word' id='word_1_670' title='bbox 2418 4316 2551 4377; x_wconf 85' lang='lat' dir='ltr'><strong>Vl].</strong></span> 
     </span>
    </p>
   </div>
   <div class='ocr_carea' id='block_1_87' title="bbox 734 4436 2306 4520">
    <p class='ocr_par' dir='ltr' id='par_1_87' title="bbox 734 4436 2306 4520">
     <span class='ocr_line' id='line_1_87' title="bbox 734 4436 2306 4520; baseline 0.011 -29"><span class='ocrx_word' id='word_1_671' title='bbox 734 4438 858 4491; x_wconf 73' lang='lat' dir='ltr'><strong>CAP.</strong></span> <span class='ocrx_word' id='word_1_672' title='bbox 888 4437 942 4489; x_wconf 73' lang='lat'><strong>2.</strong></span> <span class='ocrx_word' id='word_1_673' title='bbox 969 4452 1020 4490; x_wconf 81' lang='grc' dir='ltr'><strong>ν.</strong></span> <span class='ocrx_word' id='word_1_674' title='bbox 1063 4436 1114 4491; x_wconf 83' lang='lat'><strong>5.</strong></span> <span class='ocrx_word' id='word_1_675' title='bbox 1152 4436 1264 4491; x_wconf 81' lang='lat' dir='ltr'><strong>Hoc</strong></span> <span class='ocrx_word' id='word_1_676' title='bbox 1288 4438 1420 4492; x_wconf 86' lang='lat' dir='ltr'><strong>enim</strong></span> <span class='ocrx_word' id='word_1_677' title='bbox 1447 4441 1697 4495; x_wconf 84' lang='lat' dir='ltr'><strong>sentiatur</strong></span> <span class='ocrx_word' id='word_1_678' title='bbox 1722 4444 1775 4497; x_wconf 84' lang='lat' dir='ltr'><strong>in</strong></span> <span class='ocrx_word' id='word_1_679' title='bbox 1808 4446 1945 4500; x_wconf 78' lang='lat' dir='ltr'><strong>vobis</strong></span> <span class='ocrx_word' id='word_1_680' title='bbox 1965 4490 1979 4514; x_wconf 93' lang='lat'><strong>,</strong></span> <span class='ocrx_word' id='word_1_681' title='bbox 2019 4453 2156 4520; x_wconf 87' lang='lat' dir='ltr'><strong>quod</strong></span> <span class='ocrx_word' id='word_1_682' title='bbox 2178 4464 2226 4507; x_wconf 88' lang='lat' dir='ltr'><strong>et</strong></span> <span class='ocrx_word' id='word_1_683' title='bbox 2251 4456 2306 4510; x_wconf 87' lang='lat' dir='ltr'><strong>in</strong></span> 
     </span>
    </p>
   </div>
   <div class='ocr_carea' id='block_1_88' title="bbox 802 4525 2305 4604">
    <p class='ocr_par' dir='ltr' id='par_1_88' title="bbox 802 4525 2305 4604">
     <span class='ocr_line' id='line_1_88' title="bbox 802 4525 2305 4604; baseline 0.011 -24"><span class='ocrx_word' id='word_1_684' title='bbox 802 4525 1001 4580; x_wconf 77' lang='lat' dir='ltr'><strong>Christo</strong></span> <span class='ocrx_word' id='word_1_685' title='bbox 1025 4525 1151 4579; x_wconf 82' lang='lat' dir='ltr'><strong>Jesu</strong></span> <span class='ocrx_word' id='word_1_686' title='bbox 1184 4542 1202 4581; x_wconf 89' lang='lat'><strong><em>:</em></strong></span> <span class='ocrx_word' id='word_1_687' title='bbox 1231 4529 1283 4581; x_wconf 84' lang='lat'><strong>6.</strong></span> <span class='ocrx_word' id='word_1_688' title='bbox 1312 4530 1397 4598; x_wconf 86' lang='lat' dir='ltr'><strong>qui</strong></span> <span class='ocrx_word' id='word_1_689' title='bbox 1421 4546 1533 4582; x_wconf 83' lang='lat' dir='ltr'><strong>cum</strong></span> <span class='ocrx_word' id='word_1_690' title='bbox 1553 4532 1604 4584; x_wconf 87' lang='lat' dir='ltr'><strong>in</strong></span> <span class='ocrx_word' id='word_1_691' title='bbox 1625 4537 1789 4601; x_wconf 79' lang='lat' dir='ltr'><strong>forma</strong></span> <span class='ocrx_word' id='word_1_692' title='bbox 1810 4534 1903 4589; x_wconf 88' lang='lat' dir='ltr'><strong>Dei</strong></span> <span class='ocrx_word' id='word_1_693' title='bbox 1923 4548 2065 4604; x_wconf 84' lang='lat' dir='ltr'><strong>esset,</strong></span> <span class='ocrx_word' id='word_1_694' title='bbox 2098 4531 2197 4595; x_wconf 82' lang='lat' dir='ltr'><strong>non</strong></span> <span class='ocrx_word' id='word_1_695' title='bbox 2218 4561 2305 4598; x_wconf 87' lang='lat' dir='ltr'><strong>ra-</strong></span> 
     </span>
    </p>
   </div>
   <div class='ocr_carea' id='block_1_89' title="bbox 807 4617 2306 4703">
    <p class='ocr_par' dir='ltr' id='par_1_89' title="bbox 807 4617 2306 4703">
     <span class='ocr_line' id='line_1_89' title="bbox 807 4617 2306 4703; baseline 0.014 -34"><span class='ocrx_word' id='word_1_696' title='bbox 807 4618 977 4687; x_wconf 78' lang='lat' dir='ltr'><strong>pinam</strong></span> <span class='ocrx_word' id='word_1_697' title='bbox 1028 4617 1297 4673; x_wconf 78' lang='lat' dir='ltr'><strong>arbitratus</strong></span> <span class='ocrx_word' id='word_1_698' title='bbox 1346 4628 1416 4673; x_wconf 86' lang='lat' dir='ltr'><strong>est</strong></span> <span class='ocrx_word' id='word_1_699' title='bbox 1457 4638 1564 4675; x_wconf 82' lang='lat' dir='ltr'><strong>esse</strong></span> <span class='ocrx_word' id='word_1_700' title='bbox 1609 4640 1660 4677; x_wconf 86' lang='lat' dir='ltr'><strong>se</strong></span> <span class='ocrx_word' id='word_1_701' title='bbox 1698 4626 2070 4703; x_wconf 42' lang='lat' dir='ltr'><strong>wqualem‘Deo</strong></span> <span class='ocrx_word' id='word_1_702' title='bbox 2095 4673 2110 4698; x_wconf 87' lang='lat'><strong>,</strong></span> <span class='ocrx_word' id='word_1_703' title='bbox 2142 4633 2189 4686; x_wconf 91' lang='lat'><strong>7.</strong></span> <span class='ocrx_word' id='word_1_704' title='bbox 2217 4637 2306 4689; x_wconf 86' lang='lat' dir='ltr'><strong>sed</strong></span> 
     </span>
    </p>
   </div>
   <div class='ocr_carea' id='block_1_90' title="bbox 807 4711 2303 4789">
    <p class='ocr_par' dir='ltr' id='par_1_90' title="bbox 807 4711 2303 4789">
     <span class='ocr_line' id='line_1_90' title="bbox 807 4711 2303 4789; baseline 0.004 -28"><span class='ocrx_word' id='word_1_705' title='bbox 807 4711 1124 4778; x_wconf 73' lang='lat' dir='ltr'><strong>senietipsuni</strong></span> <span class='ocrx_word' id='word_1_706' title='bbox 1146 4712 1436 4777; x_wconf 74' lang='lat' dir='ltr'><strong>exinanivit,</strong></span> <span class='ocrx_word' id='word_1_707' title='bbox 1466 4714 1683 4781; x_wconf 83' lang='lat' dir='ltr'><strong>formam</strong></span> <span class='ocrx_word' id='word_1_708' title='bbox 1710 4719 1837 4769; x_wconf 85' lang='lat' dir='ltr'><strong>servi</strong></span> <span class='ocrx_word' id='word_1_709' title='bbox 1863 4720 2131 4789; x_wconf 78' lang='lat' dir='ltr'><strong>accipiens,</strong></span> <span class='ocrx_word' id='word_1_710' title='bbox 2151 4725 2203 4778; x_wconf 87' lang='lat' dir='ltr'><strong>in</strong></span> <span class='ocrx_word' id='word_1_711' title='bbox 2231 4727 2303 4780; x_wconf 71' lang='grc' dir='ltr'><strong>εί-</strong></span> 
     </span>
    </p>
   </div>
   <div class='ocr_carea' id='block_1_91' title="bbox 807 4800 2306 4873">
    <p class='ocr_par' dir='ltr' id='par_1_91' title="bbox 807 4800 2306 4873">
     <span class='ocr_line' id='line_1_91' title="bbox 807 4800 2306 4873; baseline 0.013 -23"><span class='ocrx_word' id='word_1_712' title='bbox 807 4800 1135 4852; x_wconf 78' lang='lat' dir='ltr'><strong>mililtulinem</strong></span> <span class='ocrx_word' id='word_1_713' title='bbox 1180 4802 1437 4854; x_wconf 83' lang='lat' dir='ltr'><strong>hominum</strong></span> <span class='ocrx_word' id='word_1_714' title='bbox 1493 4808 1655 4873; x_wconf 80' lang='lat' dir='ltr'><strong>[actus</strong></span> <span class='ocrx_word' id='word_1_715' title='bbox 1675 4846 1690 4871; x_wconf 86' lang='lat'><strong>,</strong></span> <span class='ocrx_word' id='word_1_716' title='bbox 1718 4816 1760 4858; x_wconf 88' lang='lat' dir='ltr'><strong>et</strong></span> <span class='ocrx_word' id='word_1_717' title='bbox 1802 4800 1971 4862; x_wconf 77' lang='lat' dir='ltr'><strong>habitu</strong></span> <span class='ocrx_word' id='word_1_718' title='bbox 2002 4814 2225 4868; x_wconf 86' lang='lat' dir='ltr'><strong>inventus</strong></span> <span class='ocrx_word' id='word_1_719' title='bbox 2253 4826 2306 4870; x_wconf 86' lang='lat' dir='ltr'><strong>ut</strong></span> 
     </span>
    </p>
   </div>
   <div class='ocr_carea' id='block_1_92' title="bbox 807 4887 2306 4966">
    <p class='ocr_par' dir='ltr' id='par_1_92' title="bbox 807 4887 2306 4966">
     <span class='ocr_line' id='line_1_92' title="bbox 807 4887 2306 4966; baseline 0.015 -29"><span class='ocrx_word' id='word_1_720' title='bbox 807 4887 954 4940; x_wconf 77' lang='lat' dir='ltr'><strong>homo</strong></span> <span class='ocrx_word' id='word_1_721' title='bbox 998 4904 1015 4941; x_wconf 91' lang='lat'><em>:</em></span> <span class='ocrx_word' id='word_1_722' title='bbox 1068 4889 1119 4942; x_wconf 91' lang='lat'><strong>8.</strong></span> <span class='ocrx_word' id='word_1_723' title='bbox 1168 4890 1451 4943; x_wconf 81' lang='lat' dir='ltr'><strong>humiliavit</strong></span> <span class='ocrx_word' id='word_1_724' title='bbox 1499 4896 1837 4963; x_wconf 79' lang='lat' dir='ltr'><strong>semetipsum,</strong></span> <span class='ocrx_word' id='word_1_725' title='bbox 1869 4897 2032 4966; x_wconf 78' lang='lat' dir='ltr'><strong>factus</strong></span> <span class='ocrx_word' id='word_1_726' title='bbox 2072 4904 2306 4960; x_wconf 81' lang='lat' dir='ltr'><strong>obediens</strong></span> 
     </span>
    </p>
   </div>
   <div class='ocr_carea' id='block_1_93' title="bbox 806 4980 2305 5049">
    <p class='ocr_par' dir='ltr' id='par_1_93' title="bbox 806 4980 2305 5049">
     <span class='ocr_line' id='line_1_93' title="bbox 806 4980 2305 5049; baseline 0.013 -19"><span class='ocrx_word' id='word_1_727' title='bbox 806 4995 961 5046; x_wconf 74' lang='lat' dir='ltr'><strong>usque</strong></span> <span class='ocrx_word' id='word_1_728' title='bbox 1002 4980 1068 5031; x_wconf 87' lang='lat' dir='ltr'><strong>ad</strong></span> <span class='ocrx_word' id='word_1_729' title='bbox 1098 4991 1337 5044; x_wconf 87' lang='lat' dir='ltr'><strong>mortem,</strong></span> <span class='ocrx_word' id='word_1_730' title='bbox 1384 4993 1595 5035; x_wconf 87' lang='lat' dir='ltr'><strong>mortem</strong></span> <span class='ocrx_word' id='word_1_731' title='bbox 1645 4992 2015 5043; x_wconf 86' lang='lat' dir='ltr'><strong>antemcrucis.</strong></span> <span class='ocrx_word' id='word_1_732' title='bbox 2063 4993 2114 5047; x_wconf 90' lang='lat'><strong>9.</strong></span> <span class='ocrx_word' id='word_1_733' title='bbox 2175 4993 2305 5049; x_wconf 69' lang='lat' dir='ltr'><strong>Pro-</strong></span> 
     </span>
    </p>
   </div>
   <div class='ocr_carea' id='block_1_94' title="bbox 808 5071 2307 5139">
    <p class='ocr_par' dir='ltr' id='par_1_94' title="bbox 808 5071 2307 5139">
     <span class='ocr_line' id='line_1_94' title="bbox 808 5071 2307 5139; baseline 0.013 -19"><span class='ocrx_word' id='word_1_734' title='bbox 808 5080 917 5139; x_wconf 84' lang='lat' dir='ltr'><strong>pter</strong></span> <span class='ocrx_word' id='word_1_735' title='bbox 960 5072 1096 5136; x_wconf 85' lang='lat' dir='ltr'><strong>qnod</strong></span> <span class='ocrx_word' id='word_1_736' title='bbox 1137 5082 1183 5123; x_wconf 87' lang='lat' dir='ltr'><strong>et</strong></span> <span class='ocrx_word' id='word_1_737' title='bbox 1233 5071 1364 5125; x_wconf 86' lang='lat' dir='ltr'><strong>Deus</strong></span> <span class='ocrx_word' id='word_1_738' title='bbox 1392 5074 1629 5126; x_wconf 72' lang='lat' dir='ltr'><strong>exultavit</strong></span> <span class='ocrx_word' id='word_1_739' title='bbox 1658 5075 1832 5137; x_wconf 87' lang='lat' dir='ltr'><strong>illum,</strong></span> <span class='ocrx_word' id='word_1_740' title='bbox 1893 5090 1938 5132; x_wconf 87' lang='lat' dir='ltr'><strong>et</strong></span> <span class='ocrx_word' id='word_1_741' title='bbox 1981 5083 2182 5137; x_wconf 75' lang='lat' dir='ltr'><strong>donavit</strong></span> <span class='ocrx_word' id='word_1_742' title='bbox 2228 5086 2307 5138; x_wconf 83' lang='lat' dir='ltr'><strong>illi</strong></span> 
     </span>
    </p>
   </div>
   <div class='ocr_carea' id='block_1_95' title="bbox 808 5163 2303 5236">
    <p class='ocr_par' dir='ltr' id='par_1_95' title="bbox 808 5163 2303 5236">
     <span class='ocr_line' id='line_1_95' title="bbox 808 5163 2303 5236; baseline 0.011 -24"><span class='ocrx_word' id='word_1_743' title='bbox 808 5178 1017 5225; x_wconf 88' lang='lat' dir='ltr'><strong>nomen,</strong></span> <span class='ocrx_word' id='word_1_744' title='bbox 1071 5163 1202 5231; x_wconf 83' lang='lat' dir='ltr'><strong>quod</strong></span> <span class='ocrx_word' id='word_1_745' title='bbox 1253 5173 1321 5215; x_wconf 81' lang='lat' dir='ltr'><strong>est</strong></span> <span class='ocrx_word' id='word_1_746' title='bbox 1375 5180 1529 5232; x_wconf 81' lang='lat' dir='ltr'><strong>super</strong></span> <span class='ocrx_word' id='word_1_747' title='bbox 1574 5181 1718 5219; x_wconf 85' lang='lat' dir='ltr'><strong>omne</strong></span> <span class='ocrx_word' id='word_1_748' title='bbox 1777 5186 1993 5236; x_wconf 84' lang='lat' dir='ltr'><strong>nomen,</strong></span> <span class='ocrx_word' id='word_1_749' title='bbox 2045 5175 2132 5227; x_wconf 71' lang='grc'><strong>10.</strong></span> <span class='ocrx_word' id='word_1_750' title='bbox 2174 5177 2303 5229; x_wconf 83' lang='lat' dir='ltr'><strong>utin</strong></span> 
     </span>
    </p>
   </div>
   <div class='ocr_carea' id='block_1_96' title="bbox 810 5242 2305 5325">
    <p class='ocr_par' dir='ltr' id='par_1_96' title="bbox 810 5242 2305 5325">
     <span class='ocr_line' id='line_1_96' title="bbox 810 5242 2305 5325; baseline 0.012 -24"><span class='ocrx_word' id='word_1_751' title='bbox 810 5252 1006 5303; x_wconf 83' lang='lat' dir='ltr'><strong>nomine</strong></span> <span class='ocrx_word' id='word_1_752' title='bbox 1030 5250 1151 5304; x_wconf 66' lang='lat' dir='ltr'><strong>Jesu</strong></span> <span class='ocrx_word' id='word_1_753' title='bbox 1184 5268 1326 5304; x_wconf 87' lang='lat' dir='ltr'><strong>omne</strong></span> <span class='ocrx_word' id='word_1_754' title='bbox 1352 5272 1479 5322; x_wconf 83' lang='lat' dir='ltr'><strong>genu</strong></span> <span class='ocrx_word' id='word_1_755' title='bbox 1526 5256 1755 5323; x_wconf 77' lang='lat' dir='ltr'><strong>ﬂectatur</strong></span> <span class='ocrx_word' id='word_1_756' title='bbox 1804 5242 2104 5325; x_wconf 62' lang='lat' dir='ltr'><strong>scelestium,</strong></span> <span class='ocrx_word' id='word_1_757' title='bbox 2148 5273 2305 5318; x_wconf 83' lang='lat' dir='ltr'><strong>terre-</strong></span> 
     </span>
    </p>
   </div>
   <div class='ocr_carea' id='block_1_97' title="bbox 811 5345 2305 5422">
    <p class='ocr_par' dir='ltr' id='par_1_97' title="bbox 811 5345 2305 5422">
     <span class='ocr_line' id='line_1_97' title="bbox 811 5345 2305 5422; baseline 0.008 -27"><span class='ocrx_word' id='word_1_758' title='bbox 811 5345 987 5395; x_wconf 70' lang='lat' dir='ltr'><strong>striam</strong></span> <span class='ocrx_word' id='word_1_759' title='bbox 1016 5355 1057 5395; x_wconf 69' lang='lat' dir='ltr'><strong>et</strong></span> <span class='ocrx_word' id='word_1_760' title='bbox 1082 5345 1412 5413; x_wconf 56' lang='lat' dir='ltr'><strong>infernarum,</strong></span> <span class='ocrx_word' id='word_1_761' title='bbox 1442 5347 1525 5399; x_wconf 82' lang='lat' dir='ltr'><strong>ll.</strong></span> <span class='ocrx_word' id='word_1_762' title='bbox 1573 5358 1615 5400; x_wconf 88' lang='lat' dir='ltr'><strong>et</strong></span> <span class='ocrx_word' id='word_1_763' title='bbox 1643 5352 1802 5403; x_wconf 84' lang='lat' dir='ltr'><strong>omnis</strong></span> <span class='ocrx_word' id='word_1_764' title='bbox 1848 5354 2023 5422; x_wconf 83' lang='lat' dir='ltr'><strong>lingua</strong></span> <span class='ocrx_word' id='word_1_765' title='bbox 2064 5358 2305 5421; x_wconf 79' lang='lat' dir='ltr'><strong>conﬁtea-</strong></span> 
     </span>
    </p>
   </div>
   <div class='ocr_carea' id='block_1_98' title="bbox 811 5433 2305 5513">
    <p class='ocr_par' dir='ltr' id='par_1_98' title="bbox 811 5433 2305 5513">
     <span class='ocr_line' id='line_1_98' title="bbox 811 5433 2305 5513; baseline 0.011 -32"><span class='ocrx_word' id='word_1_766' title='bbox 811 5442 905 5491; x_wconf 86' lang='lat' dir='ltr'><strong>tur,</strong></span> <span class='ocrx_word' id='word_1_767' title='bbox 943 5435 1057 5500; x_wconf 82' lang='lat' dir='ltr'><strong>quia</strong></span> <span class='ocrx_word' id='word_1_768' title='bbox 1115 5433 1362 5489; x_wconf 81' lang='lat' dir='ltr'><strong>Dominus</strong></span> <span class='ocrx_word' id='word_1_769' title='bbox 1415 5436 1566 5489; x_wconf 85' lang='lat' dir='ltr'><strong>Jcsus</strong></span> <span class='ocrx_word' id='word_1_770' title='bbox 1596 5437 1823 5494; x_wconf 78' lang='lat' dir='ltr'><strong>Christus</strong></span> <span class='ocrx_word' id='word_1_771' title='bbox 1869 5443 1919 5494; x_wconf 89' lang='lat' dir='ltr'><strong>in</strong></span> <span class='ocrx_word' id='word_1_772' title='bbox 1967 5444 2181 5513; x_wconf 80' lang='lat' dir='ltr'><strong>gloriam</strong></span> <span class='ocrx_word' id='word_1_773' title='bbox 2214 5446 2305 5499; x_wconf 84' lang='lat' dir='ltr'><strong>Dei</strong></span> 
     </span>
    </p>
   </div>
   <div class='ocr_carea' id='block_1_99' title="bbox 812 5518 2061 5576">
    <p class='ocr_par' dir='ltr' id='par_1_99' title="bbox 812 5518 2061 5576">
     <span class='ocr_line' id='line_1_99' title="bbox 812 5518 2061 5576; baseline -0.002 -3"><span class='ocrx_word' id='word_1_774' title='bbox 812 5520 1000 5576; x_wconf 79' lang='lat' dir='ltr'><strong>Patris.</strong></span> <span class='ocrx_word' id='word_1_775' title='bbox 2058 5518 2061 5521; x_wconf 14' lang='grc'><strong>⁵</strong></span> 
     </span>
    </p>
   </div>
   <div class='ocr_carea' id='block_1_100' title="bbox 806 5614 2305 5691">
    <p class='ocr_par' dir='ltr' id='par_1_100' title="bbox 806 5614 2305 5691">
     <span class='ocr_line' id='line_1_100' title="bbox 806 5614 2305 5691; baseline 0.012 -25"><span class='ocrx_word' id='word_1_776' title='bbox 806 5614 854 5666; x_wconf 82' lang='lat' dir='ltr'><strong>i.</strong></span> <span class='ocrx_word' id='word_1_777' title='bbox 914 5615 1159 5682; x_wconf 61' lang='lat' dir='ltr'><strong>Exposita</strong></span> <span class='ocrx_word' id='word_1_778' title='bbox 1209 5634 1233 5669; x_wconf 86' lang='lat' dir='ltr'><strong>a</strong></span> <span class='ocrx_word' id='word_1_779' title='bbox 1287 5620 1439 5673; x_wconf 89' lang='lat' dir='ltr'><strong>nobis</strong></span> <span class='ocrx_word' id='word_1_780' title='bbox 1487 5620 1573 5673; x_wconf 85' lang='lat' dir='ltr'><strong>illa</strong></span> <span class='ocrx_word' id='word_1_781' title='bbox 1620 5631 1741 5675; x_wconf 88' lang='lat' dir='ltr'><strong>sunt</strong></span> <span class='ocrx_word' id='word_1_782' title='bbox 1779 5639 1893 5691; x_wconf 74' lang='lat' dir='ltr'><strong>qua:</strong></span> <span class='ocrx_word' id='word_1_783' title='bbox 1931 5626 1995 5678; x_wconf 86' lang='lat' dir='ltr'><strong>ad</strong></span> <span class='ocrx_word' id='word_1_784' title='bbox 2026 5627 2305 5684; x_wconf 66' lang='lat' dir='ltr'><strong>hmretieos</strong></span> 
     </span>
    </p>
   </div>
   <div class='ocr_carea' id='block_1_101' title="bbox 738 5707 2303 5783">
    <p class='ocr_par' dir='ltr' id='par_1_101' title="bbox 738 5707 2303 5783">
     <span class='ocr_line' id='line_1_101' title="bbox 738 5707 2303 5783; baseline 0.009 -24"><span class='ocrx_word' id='word_1_785' title='bbox 738 5707 1068 5776; x_wconf 81' lang='lat' dir='ltr'><strong>pertinebant</strong></span> <span class='ocrx_word' id='word_1_786' title='bbox 1100 5726 1110 5761; x_wconf 75' lang='grc' dir='ltr'>ε</span> <span class='ocrx_word' id='word_1_787' title='bbox 1139 5710 1243 5778; x_wconf 75' lang='lat' dir='ltr'><strong>jam</strong></span> <span class='ocrx_word' id='word_1_788' title='bbox 1273 5726 1401 5767; x_wconf 80' lang='lat' dir='ltr'><strong>vero</strong></span> <span class='ocrx_word' id='word_1_789' title='bbox 1432 5723 1787 5783; x_wconf 85' lang='lat' dir='ltr'><strong>opportunum</strong></span> <span class='ocrx_word' id='word_1_790' title='bbox 1835 5726 1913 5769; x_wconf 78' lang='lat' dir='ltr'><strong>est</strong></span> <span class='ocrx_word' id='word_1_791' title='bbox 1943 5732 2120 5773; x_wconf 81' lang='lat' dir='ltr'><strong>nostra</strong></span> <span class='ocrx_word' id='word_1_792' title='bbox 2146 5720 2303 5774; x_wconf 81' lang='lat' dir='ltr'><strong>etiam</strong></span> 
     </span>
    </p>
   </div>
   <div class='ocr_carea' id='block_1_102' title="bbox 2410 4445 3961 4520">
    <p class='ocr_par' dir='ltr' id='par_1_102' title="bbox 2410 4445 3961 4520">
     <span class='ocr_line' id='line_1_102' title="bbox 2410 4445 3961 4520; baseline -0.01 -9"><span class='ocrx_word' id='word_1_793' title='bbox 2410 4458 2624 4514; x_wconf 85' lang='lat' dir='ltr'><strong>afferre.</strong></span> <span class='ocrx_word' id='word_1_794' title='bbox 2658 4456 2738 4511; x_wconf 86' lang='lat' dir='ltr'><strong>Illi</strong></span> <span class='ocrx_word' id='word_1_795' title='bbox 2764 4456 2833 4510; x_wconf 91' lang='lat' dir='ltr'><strong>ita</strong></span> <span class='ocrx_word' id='word_1_796' title='bbox 2857 4455 3039 4509; x_wconf 88' lang='lat' dir='ltr'><strong>dicunt</strong></span> <span class='ocrx_word' id='word_1_797' title='bbox 3062 4452 3223 4507; x_wconf 88' lang='lat' dir='ltr'><strong>verba</strong></span> <span class='ocrx_word' id='word_1_798' title='bbox 3245 4452 3365 4516; x_wconf 68' lang='lat' dir='ltr'><strong>ista,</strong></span> <span class='ocrx_word' id='word_1_799' title='bbox 3411 4449 3532 4520; x_wconf 75' lang='lat' dir='ltr'><strong>Non</strong></span> <span class='ocrx_word' id='word_1_800' title='bbox 3554 4449 3788 4519; x_wconf 77' lang='lat' dir='ltr'><strong>rapinam</strong></span> <span class='ocrx_word' id='word_1_801' title='bbox 3840 4445 3961 4499; x_wconf 76' lang='lat' dir='ltr'><strong>arbi-</strong></span> 
     </span>
    </p>
   </div>
   <div class='ocr_carea' id='block_1_103' title="bbox 2413 4540 3962 4612">
    <p class='ocr_par' dir='ltr' id='par_1_103' title="bbox 2413 4540 3962 4612">
     <span class='ocr_line' id='line_1_103' title="bbox 2413 4540 3962 4612; baseline -0.008 -11"><span class='ocrx_word' id='word_1_802' title='bbox 2413 4561 2571 4603; x_wconf 86' lang='lat' dir='ltr'><strong>tratus</strong></span> <span class='ocrx_word' id='word_1_803' title='bbox 2597 4558 2703 4612; x_wconf 84' lang='lat' dir='ltr'><strong>est,</strong></span> <span class='ocrx_word' id='word_1_804' title='bbox 2759 4548 2899 4601; x_wconf 85' lang='lat' dir='ltr'><strong>idem</strong></span> <span class='ocrx_word' id='word_1_805' title='bbox 2933 4546 3139 4607; x_wconf 82' lang='lat' dir='ltr'><strong>valere,</strong></span> <span class='ocrx_word' id='word_1_806' title='bbox 3168 4560 3230 4598; x_wconf 87' lang='lat' dir='ltr'><strong>ac</strong></span> <span class='ocrx_word' id='word_1_807' title='bbox 3271 4544 3313 4597; x_wconf 91' lang='lat' dir='ltr'><strong>si</strong></span> <span class='ocrx_word' id='word_1_808' title='bbox 3359 4542 3609 4604; x_wconf 79' lang='lat' dir='ltr'><strong>dixisset,</strong></span> <span class='ocrx_word' id='word_1_809' title='bbox 3642 4540 3812 4609; x_wconf 72' lang='lat' dir='ltr'><strong>rapuit</strong></span> <span class='ocrx_word' id='word_1_810' title='bbox 3834 4558 3852 4592; x_wconf 65' lang='grc' dir='ltr'>ιε</span> <span class='ocrx_word' id='word_1_811' title='bbox 3879 4550 3962 4591; x_wconf 84' lang='lat' dir='ltr'><strong>nos</strong></span> 
     </span>
    </p>
   </div>
   <div class='ocr_carea' id='block_1_104' title="bbox 2410 4631 3959 4706">
    <p class='ocr_par' dir='ltr' id='par_1_104' title="bbox 2410 4631 3959 4706">
     <span class='ocr_line' id='line_1_104' title="bbox 2410 4631 3959 4706; baseline -0.009 -11"><span class='ocrx_word' id='word_1_812' title='bbox 2410 4657 2539 4696; x_wconf 88' lang='lat' dir='ltr'><strong>vero</strong></span> <span class='ocrx_word' id='word_1_813' title='bbox 2585 4639 2915 4695; x_wconf 89' lang='lat' dir='ltr'><strong>ostendimus</strong></span> <span class='ocrx_word' id='word_1_814' title='bbox 2956 4639 3189 4706; x_wconf 89' lang='lat' dir='ltr'><strong>ineptum</strong></span> <span class='ocrx_word' id='word_1_815' title='bbox 3233 4636 3282 4688; x_wconf 89' lang='lat' dir='ltr'><strong>id</strong></span> <span class='ocrx_word' id='word_1_816' title='bbox 3334 4644 3489 4700; x_wconf 85' lang='lat' dir='ltr'><strong>atque</strong></span> <span class='ocrx_word' id='word_1_817' title='bbox 3524 4631 3807 4688; x_wconf 86' lang='lat' dir='ltr'><strong>absurdum</strong></span> <span class='ocrx_word' id='word_1_818' title='bbox 3835 4644 3959 4685; x_wconf 88' lang='lat' dir='ltr'><strong>esse.</strong></span> 
     </span>
    </p>
   </div>
   <div class='ocr_carea' id='block_1_105' title="bbox 2409 4720 3960 4796">
    <p class='ocr_par' dir='ltr' id='par_1_105' title="bbox 2409 4720 3960 4796">
     <span class='ocr_line' id='line_1_105' title="bbox 2409 4720 3960 4796; baseline -0.007 -10"><span class='ocrx_word' id='word_1_819' title='bbox 2409 4732 2685 4787; x_wconf 88' lang='lat' dir='ltr'><strong>Neminem</strong></span> <span class='ocrx_word' id='word_1_820' title='bbox 2730 4730 2870 4785; x_wconf 90' lang='lat' dir='ltr'><strong>enim</strong></span> <span class='ocrx_word' id='word_1_821' title='bbox 2899 4744 3048 4789; x_wconf 80' lang='lat' dir='ltr'><strong>esse.</strong></span> <span class='ocrx_word' id='word_1_822' title='bbox 3083 4728 3172 4796; x_wconf 88' lang='lat' dir='ltr'><strong>qui</strong></span> <span class='ocrx_word' id='word_1_823' title='bbox 3211 4736 3301 4780; x_wconf 88' lang='lat' dir='ltr'><strong>aut</strong></span> <span class='ocrx_word' id='word_1_824' title='bbox 3326 4742 3392 4779; x_wconf 79' lang='lat' dir='ltr'><strong>ex</strong></span> <span class='ocrx_word' id='word_1_825' title='bbox 3442 4724 3743 4794; x_wconf 74' lang='lat' dir='ltr'><strong>hujusnmdi</strong></span> <span class='ocrx_word' id='word_1_826' title='bbox 3769 4720 3960 4779; x_wconf 83' lang='lat' dir='ltr'><strong>locosd</strong></span> 
     </span>
    </p>
   </div>
   <div class='ocr_carea' id='block_1_106' title="bbox 2409 4816 3961 4883">
    <p class='ocr_par' dir='ltr' id='par_1_106' title="bbox 2409 4816 3961 4883">
     <span class='ocr_line' id='line_1_106' title="bbox 2409 4816 3961 4883; baseline -0.006 -6"><span class='ocrx_word' id='word_1_827' title='bbox 2409 4824 2570 4877; x_wconf 91' lang='lat' dir='ltr'><strong>animi</strong></span> <span class='ocrx_word' id='word_1_828' title='bbox 2600 4823 2951 4875; x_wconf 82' lang='lat' dir='ltr'><strong>humilitatem</strong></span> <span class='ocrx_word' id='word_1_829' title='bbox 2982 4819 3309 4883; x_wconf 85' lang='lat' dir='ltr'><strong>cohortetur,</strong></span> <span class='ocrx_word' id='word_1_830' title='bbox 3337 4826 3426 4870; x_wconf 89' lang='lat' dir='ltr'><strong>aut</strong></span> <span class='ocrx_word' id='word_1_831' title='bbox 3456 4817 3620 4871; x_wconf 88' lang='lat' dir='ltr'><strong>Deum</strong></span> <span class='ocrx_word' id='word_1_832' title='bbox 3650 4816 3749 4870; x_wconf 88' lang='lat' dir='ltr'><strong>hac</strong></span> <span class='ocrx_word' id='word_1_833' title='bbox 3776 4817 3961 4871; x_wconf 83' lang='lat' dir='ltr'><strong>ratione</strong></span> 
     </span>
    </p>
   </div>
   <div class='ocr_carea' id='block_1_107' title="bbox 2360 4905 3961 4978">
    <p class='ocr_par' dir='ltr' id='par_1_107' title="bbox 2360 4905 3961 4978">
     <span class='ocr_line' id='line_1_107' title="bbox 2360 4905 3961 4978; baseline -0.004 -15"><span class='ocrx_word' id='word_1_834' title='bbox 2360 4960 2373 4963; x_wconf 89' lang='lat'>_</span> <span class='ocrx_word' id='word_1_835' title='bbox 2409 4914 2662 4978; x_wconf 84' lang='lat' dir='ltr'><strong>celebret,</strong></span> <span class='ocrx_word' id='word_1_836' title='bbox 2692 4912 2799 4964; x_wconf 91' lang='lat' dir='ltr'><strong>imo</strong></span> <span class='ocrx_word' id='word_1_837' title='bbox 2827 4925 2925 4965; x_wconf 90' lang='lat' dir='ltr'><strong>nec</strong></span> <span class='ocrx_word' id='word_1_838' title='bbox 2958 4909 3248 4962; x_wconf 86' lang='lat' dir='ltr'><strong>hominem.</strong></span> <span class='ocrx_word' id='word_1_839' title='bbox 3294 4906 3427 4973; x_wconf 83' lang='lat' dir='ltr'><strong>Quid</strong></span> <span class='ocrx_word' id='word_1_840' title='bbox 3461 4906 3620 4975; x_wconf 80' lang='lat' dir='ltr'><strong>igitur</strong></span> <span class='ocrx_word' id='word_1_841' title='bbox 3645 4917 3744 4965; x_wconf 87' lang='lat' dir='ltr'><strong>est.</strong></span> <span class='ocrx_word' id='word_1_842' title='bbox 3789 4922 3821 4958; x_wconf 95' lang='lat' dir='ltr'><strong>o</strong></span> <span class='ocrx_word' id='word_1_843' title='bbox 3845 4905 3961 4959; x_wconf 86' lang='lat' dir='ltr'><strong>dile-</strong></span> 
     </span>
    </p>
   </div>
   <div class='ocr_carea' id='block_1_108' title="bbox 2410 4993 3961 5065">
    <p class='ocr_par' dir='ltr' id='par_1_108' title="bbox 2410 4993 3961 5065">
     <span class='ocr_line' id='line_1_108' title="bbox 2410 4993 3961 5065; baseline -0.008 -11"><span class='ocrx_word' id='word_1_844' title='bbox 2410 5003 2479 5054; x_wconf 86' lang='lat' dir='ltr'><strong>cti</strong></span> <span class='ocrx_word' id='word_1_845' title='bbox 2499 5001 2520 5052; x_wconf 92' lang='lat'><strong>?</strong></span> <span class='ocrx_word' id='word_1_846' title='bbox 2542 5000 2812 5054; x_wconf 81' lang='lat' dir='ltr'><strong>Attendite</strong></span> <span class='ocrx_word' id='word_1_847' title='bbox 2840 5013 2923 5060; x_wconf 85' lang='lat' dir='ltr'><strong>ea,</strong></span> <span class='ocrx_word' id='word_1_848' title='bbox 2955 5013 3071 5065; x_wconf 64' lang='lat' dir='ltr'><strong>queo</strong></span> <span class='ocrx_word' id='word_1_849' title='bbox 3102 5012 3239 5049; x_wconf 79' lang='lat' dir='ltr'><strong>nunc</strong></span> <span class='ocrx_word' id='word_1_850' title='bbox 3277 4994 3542 5051; x_wconf 88' lang='lat' dir='ltr'><strong>dicuntur.</strong></span> <span class='ocrx_word' id='word_1_851' title='bbox 3572 4994 3830 5060; x_wconf 79' lang='lat' dir='ltr'><strong>Quoniam</strong></span> <span class='ocrx_word' id='word_1_852' title='bbox 3860 4993 3961 5061; x_wconf 75' lang='lat' dir='ltr'><strong>plu-</strong></span> 
     </span>
    </p>
   </div>
   <div class='ocr_carea' id='block_1_109' title="bbox 2410 5068 3958 5153">
    <p class='ocr_par' dir='ltr' id='par_1_109' title="bbox 2410 5068 3958 5153">
     <span class='ocr_line' id='line_1_109' title="bbox 2410 5068 3958 5153; baseline -0.006 -10"><span class='ocrx_word' id='word_1_853' title='bbox 2410 5090 2528 5143; x_wconf 87' lang='lat' dir='ltr'><strong>rimi</strong></span> <span class='ocrx_word' id='word_1_854' title='bbox 2571 5068 2817 5142; x_wconf 74' lang='lat' dir='ltr'><strong>homines</strong></span> <span class='ocrx_word' id='word_1_855' title='bbox 2843 5088 3169 5141; x_wconf 87' lang='lat' dir='ltr'><strong>arbitrantur</strong></span> <span class='ocrx_word' id='word_1_856' title='bbox 3187 5128 3201 5151; x_wconf 89' lang='lat'><strong>,</strong></span> <span class='ocrx_word' id='word_1_857' title='bbox 3235 5086 3277 5139; x_wconf 88' lang='lat' dir='ltr'><strong>si</strong></span> <span class='ocrx_word' id='word_1_858' title='bbox 3306 5084 3578 5138; x_wconf 83' lang='lat' dir='ltr'><strong>humiliter</strong></span> <span class='ocrx_word' id='word_1_859' title='bbox 3604 5098 3663 5138; x_wconf 89' lang='lat' dir='ltr'><strong>sc</strong></span> <span class='ocrx_word' id='word_1_860' title='bbox 3687 5085 3958 5153; x_wconf 83' lang='lat' dir='ltr'><strong>gesserint,</strong></span> 
     </span>
    </p>
   </div>
   <div class='ocr_carea' id='block_1_110' title="bbox 2411 5174 3958 5249">
    <p class='ocr_par' dir='ltr' id='par_1_110' title="bbox 2411 5174 3958 5249">
     <span class='ocr_line' id='line_1_110' title="bbox 2411 5174 3958 5249; baseline -0.006 -16"><span class='ocrx_word' id='word_1_861' title='bbox 2411 5181 2523 5233; x_wconf 87' lang='lat' dir='ltr'><strong>fore</strong></span> <span class='ocrx_word' id='word_1_862' title='bbox 2546 5188 2603 5232; x_wconf 92' lang='lat' dir='ltr'><strong>ut</strong></span> <span class='ocrx_word' id='word_1_863' title='bbox 2629 5178 2896 5249; x_wconf 88' lang='lat' dir='ltr'><strong>propriam</strong></span> <span class='ocrx_word' id='word_1_864' title='bbox 2925 5178 3166 5229; x_wconf 86' lang='lat' dir='ltr'><strong>amittant</strong></span> <span class='ocrx_word' id='word_1_865' title='bbox 3190 5176 3529 5245; x_wconf 88' lang='lat' dir='ltr'><strong>dignitatem,</strong></span> <span class='ocrx_word' id='word_1_866' title='bbox 3558 5183 3611 5229; x_wconf 87' lang='lat' dir='ltr'><strong>et</strong></span> <span class='ocrx_word' id='word_1_867' title='bbox 3640 5174 3857 5226; x_wconf 89' lang='lat' dir='ltr'><strong>minoris</strong></span> <span class='ocrx_word' id='word_1_868' title='bbox 3880 5174 3958 5223; x_wconf 85' lang='lat' dir='ltr'><strong>ha-</strong></span> 
     </span>
    </p>
   </div>
   <div class='ocr_carea' id='block_1_111' title="bbox 2409 5263 3957 5337">
    <p class='ocr_par' dir='ltr' id='par_1_111' title="bbox 2409 5263 3957 5337">
     <span class='ocr_line' id='line_1_111' title="bbox 2409 5263 3957 5337; baseline -0.004 -13"><span class='ocrx_word' id='word_1_869' title='bbox 2409 5271 2670 5333; x_wconf 87' lang='lat' dir='ltr'><strong>beantur,</strong></span> <span class='ocrx_word' id='word_1_870' title='bbox 2723 5278 2881 5337; x_wconf 84' lang='lat' dir='ltr'><strong>atque</strong></span> <span class='ocrx_word' id='word_1_871' title='bbox 2925 5268 2988 5321; x_wconf 85' lang='lat' dir='ltr'><strong>ad</strong></span> <span class='ocrx_word' id='word_1_872' title='bbox 3032 5268 3362 5320; x_wconf 85' lang='lat' dir='ltr'><strong>humiliorem</strong></span> <span class='ocrx_word' id='word_1_873' title='bbox 3406 5265 3578 5318; x_wconf 90' lang='lat' dir='ltr'><strong>locum</strong></span> <span class='ocrx_word' id='word_1_874' title='bbox 3620 5263 3957 5318; x_wconf 78' lang='lat' dir='ltr'><strong>descendant:</strong></span> 
     </span>
    </p>
   </div>
   <div class='ocr_carea' id='block_1_112' title="bbox 2412 5356 3957 5425">
    <p class='ocr_par' dir='ltr' id='par_1_112' title="bbox 2412 5356 3957 5425">
     <span class='ocr_line' id='line_1_112' title="bbox 2412 5356 3957 5425; baseline -0.006 -12"><span class='ocrx_word' id='word_1_875' title='bbox 2412 5360 2551 5414; x_wconf 88' lang='lat' dir='ltr'><strong>hunc</strong></span> <span class='ocrx_word' id='word_1_876' title='bbox 2580 5367 2795 5414; x_wconf 80' lang='lat' dir='ltr'><strong>metum</strong></span> <span class='ocrx_word' id='word_1_877' title='bbox 2829 5360 3069 5413; x_wconf 85' lang='lat' dir='ltr'><strong>adimens</strong></span> <span class='ocrx_word' id='word_1_878' title='bbox 3097 5359 3407 5425; x_wconf 70' lang='lat' dir='ltr'><strong>Apostolus,</strong></span> <span class='ocrx_word' id='word_1_879' title='bbox 3446 5358 3733 5412; x_wconf 82' lang='lat' dir='ltr'><strong>ostendens</strong></span> <span class='ocrx_word' id='word_1_880' title='bbox 3763 5372 3863 5410; x_wconf 88' lang='lat' dir='ltr'><strong>non</strong></span> <span class='ocrx_word' id='word_1_881' title='bbox 3900 5356 3957 5408; x_wconf 90' lang='lat' dir='ltr'><strong>ita</strong></span> 
     </span>
    </p>
   </div>
   <div class='ocr_carea' id='block_1_113' title="bbox 2411 5445 3959 5517">
    <p class='ocr_par' dir='ltr' id='par_1_113' title="bbox 2411 5445 3959 5517">
     <span class='ocr_line' id='line_1_113' title="bbox 2411 5445 3959 5517; baseline -0.003 -14"><span class='ocrx_word' id='word_1_882' title='bbox 2411 5451 2563 5503; x_wconf 79' lang='lat' dir='ltr'><strong>nobis</strong></span> <span class='ocrx_word' id='word_1_883' title='bbox 2592 5450 2924 5503; x_wconf 69' lang='lat' dir='ltr'><strong>sentientium</strong></span> <span class='ocrx_word' id='word_1_884' title='bbox 2954 5465 3070 5503; x_wconf 87' lang='lat' dir='ltr'><strong>esse</strong></span> <span class='ocrx_word' id='word_1_885' title='bbox 3092 5492 3105 5513; x_wconf 83' lang='lat'><strong>,</strong></span> <span class='ocrx_word' id='word_1_886' title='bbox 3131 5450 3196 5502; x_wconf 88' lang='lat' dir='ltr'><strong>de</strong></span> <span class='ocrx_word' id='word_1_887' title='bbox 3230 5449 3342 5517; x_wconf 75' lang='lat' dir='ltr'><strong>ipso</strong></span> <span class='ocrx_word' id='word_1_888' title='bbox 3378 5449 3484 5503; x_wconf 85' lang='lat' dir='ltr'><strong>Deo</strong></span> <span class='ocrx_word' id='word_1_889' title='bbox 3512 5448 3675 5512; x_wconf 86' lang='lat' dir='ltr'><strong>dicit,</strong></span> <span class='ocrx_word' id='word_1_890' title='bbox 3702 5449 3864 5502; x_wconf 72' lang='lat' dir='ltr'><strong>Deum</strong></span> <span class='ocrx_word' id='word_1_891' title='bbox 3909 5445 3959 5498; x_wconf 85' lang='lat' dir='ltr'><strong>il-</strong></span> 
     </span>
    </p>
   </div>
   <div class='ocr_carea' id='block_1_114' title="bbox 2411 5541 3960 5611">
    <p class='ocr_par' dir='ltr' id='par_1_114' title="bbox 2411 5541 3960 5611">
     <span class='ocr_line' id='line_1_114' title="bbox 2411 5541 3960 5611; baseline -0.003 -16"><span class='ocrx_word' id='word_1_892' title='bbox 2411 5542 2517 5595; x_wconf 89' lang='lat' dir='ltr'><strong>lum</strong></span> <span class='ocrx_word' id='word_1_893' title='bbox 2547 5542 2895 5611; x_wconf 85' lang='lat' dir='ltr'><strong>unigenitum,</strong></span> <span class='ocrx_word' id='word_1_894' title='bbox 2928 5544 3085 5610; x_wconf 86' lang='lat' dir='ltr'><strong>quiin</strong></span> <span class='ocrx_word' id='word_1_895' title='bbox 3114 5543 3277 5595; x_wconf 80' lang='lat' dir='ltr'><strong>forma</strong></span> <span class='ocrx_word' id='word_1_896' title='bbox 3306 5542 3395 5595; x_wconf 91' lang='lat' dir='ltr'><strong>Dei</strong></span> <span class='ocrx_word' id='word_1_897' title='bbox 3418 5550 3518 5603; x_wconf 82' lang='lat' dir='ltr'><strong>est,</strong></span> <span class='ocrx_word' id='word_1_898' title='bbox 3542 5541 3627 5610; x_wconf 88' lang='lat' dir='ltr'><strong>qui</strong></span> <span class='ocrx_word' id='word_1_899' title='bbox 3649 5542 3777 5594; x_wconf 88' lang='lat' dir='ltr'><strong>nihil</strong></span> <span class='ocrx_word' id='word_1_900' title='bbox 3807 5542 3960 5595; x_wconf 81' lang='lat' dir='ltr'><strong>minus</strong></span> 
     </span>
    </p>
   </div>
   <div class='ocr_carea' id='block_1_115' title="bbox 2411 5630 4035 5701">
    <p class='ocr_par' dir='ltr' id='par_1_115' title="bbox 2411 5630 4035 5701">
     <span class='ocr_line' id='line_1_115' title="bbox 2411 5630 4035 5701; baseline -0.004 -16"><span class='ocrx_word' id='word_1_901' title='bbox 2411 5630 2565 5685; x_wconf 81' lang='lat' dir='ltr'><strong>Patre</strong></span> <span class='ocrx_word' id='word_1_902' title='bbox 2593 5631 2784 5695; x_wconf 83' lang='lat' dir='ltr'><strong>habet,</strong></span> <span class='ocrx_word' id='word_1_903' title='bbox 2830 5630 2917 5701; x_wconf 89' lang='lat' dir='ltr'><strong>qui</strong></span> <span class='ocrx_word' id='word_1_904' title='bbox 2946 5632 2991 5684; x_wconf 88' lang='lat' dir='ltr'><strong>ei</strong></span> <span class='ocrx_word' id='word_1_905' title='bbox 3035 5632 3253 5700; x_wconf 81' lang='lat' dir='ltr'><strong>:equalis</strong></span> <span class='ocrx_word' id='word_1_906' title='bbox 3280 5640 3379 5695; x_wconf 82' lang='lat' dir='ltr'><strong>est,</strong></span> <span class='ocrx_word' id='word_1_907' title='bbox 3422 5644 3528 5684; x_wconf 90' lang='lat' dir='ltr'><strong>non</strong></span> <span class='ocrx_word' id='word_1_908' title='bbox 3575 5631 3813 5701; x_wconf 83' lang='lat' dir='ltr'><strong>rapinam</strong></span> <span class='ocrx_word' id='word_1_909' title='bbox 3860 5642 3959 5683; x_wconf 84' lang='lat' dir='ltr'><strong>esse</strong></span> <span class='ocrx_word' id='word_1_910' title='bbox 4034 5654 4035 5689; x_wconf 43' lang='grc' dir='ltr'><em>ξ</em></span> 
     </span>
    </p>
   </div>
   <div class='ocr_carea' id='block_1_116' title="bbox 2411 5717 3957 5792">
    <p class='ocr_par' dir='ltr' id='par_1_116' title="bbox 2411 5717 3957 5792">
     <span class='ocr_line' id='line_1_116' title="bbox 2411 5717 3957 5792; baseline -0.003 -17"><span class='ocrx_word' id='word_1_911' title='bbox 2411 5722 2721 5777; x_wconf 76' lang='lat' dir='ltr'><strong>arbitratum</strong></span> <span class='ocrx_word' id='word_1_912' title='bbox 2756 5736 2872 5779; x_wconf 81' lang='lat' dir='ltr'><strong>esse</strong></span> <span class='ocrx_word' id='word_1_913' title='bbox 2918 5722 3171 5792; x_wconf 66' lang='lat' dir='ltr'><strong>:equalcm</strong></span> <span class='ocrx_word' id='word_1_914' title='bbox 3224 5723 3348 5779; x_wconf 83' lang='lat' dir='ltr'><strong>Deo.</strong></span> <span class='ocrx_word' id='word_1_915' title='bbox 3381 5721 3515 5790; x_wconf 86' lang='lat' dir='ltr'><strong>Quid</strong></span> <span class='ocrx_word' id='word_1_916' title='bbox 3560 5736 3686 5777; x_wconf 74' lang='lat' dir='ltr'><strong>vero</strong></span> <span class='ocrx_word' id='word_1_917' title='bbox 3729 5720 3865 5777; x_wconf 86' lang='lat' dir='ltr'><strong>istud</strong></span> <span class='ocrx_word' id='word_1_918' title='bbox 3902 5717 3957 5771; x_wconf 66' lang='lat' dir='ltr'><strong>sit</strong></span> 
     </span>
    </p>
   </div>
  </div>
