4064 6318
176 398 278 455 9.29

177 608 264 672 pit,
285 607 334 657 id
353 607 632 674 deponere
646 624 977 678 Ithttaquultl
996 610 1173 674 audet,
1191 612 1388 664 veritus
1404 627 1468 664 ne
1489 612 1763 664 amittatur

175 708 328 764 atque
382 699 665 759 elabat’ur.
718 699 812 754 sed
863 711 1120 769 perpetuo
1173 701 1310 770 apud
1347 718 1408 758 se
1443 703 1631 758 retinet
1667 713 1785 758 :at-

173 789 254 854 qui
288 792 592 845 naturalem
623 793 925 862 quampiam
977 793 1287 862 dignitatem
1319 795 1506 861 habet,
1563 795 1607 850 is
1653 813 1757 848 non

172 882 358 934 na-tuit
417 883 488 935 ab
553 885 666 936 ifla‘
703 887 861 940 etiam
928 885 1185 955 dignitate
1241 887 1602 949 descendere;
1658 889 1761 941 scit

172 970 305 1022 enim
335 987 398 1024 se
431 972 562 1025 nihil
595 972 892 1042 hujusmodi
933 990 1209 1044 passurum
1239 977 1632 1052 csse-Aderam
1664 994 1756 1029 ex-

170 1061 404 1129 emplum
441 1064 716 1118 :Absalon
777 1075 1028 1134 rapuerat
1088 1066 1448 1137 tyrannidem,
1504 1069 1757 1137 illamque

169 1152 446 1218 deponere
490 1172 593 1208 non
624 1156 872 1209 audebat.
919 1157 1024 1211 Sed
1072 1157 1214 1212 aliud
1262 1159 1420 1213 etiam
1452 1160 1754 1228 exemplum

172 1257 554 1310 pl‘ttltOllt'ﬂllls.
587 1245 736 1312 Quod
765 1248 808 1300 si
837 1248 1084 1318 exetnpla
1112 1263 1225 1304 rem
1267 1258 1428 1303 totam
1457 1264 1754 1318 repra-sen-

171 1343 279 1387 tare
327 1345 636 1398 ner‘tennt,
685 1352 754 1391 ne
795 1338 1016 1392 moleste
1062 1337 1287 1393 feratis:
1321 1343 1563 1410 exetnpta
1608 1341 1751 1395 enim

167 1432 282 1476 sunt
315 1423 657 1492 hujusmodi,
691 1431 944 1496 majorem
992 1437 1196 1498 partem
1227 1430 1392 1484 menti
1415 1430 1751 1499 cogitandam

168 1513 496 1584 relinquunt.
527 1517 578 1570 ln
626 1531 802 1586 regem
851 1521 1118 1588 quispiam
1151 1520 1375 1584 invasit,
1424 1537 1752 1591 regnumque

165 1607 377 1674 eripuit.
425 1607 521 1662 llic
569 1608 878 1687 deponere,
932 1620 1022 1666 aut
1070 1612 1342 1668 occultare
1374 1615 1747 1669 auctoritatem

165 1711 311 1750 suam
358 1699 580 1754 minime
629 1701 788 1755 audet
822 1720 834 1754 :
868 1719 988 1755 nam
1043 1703 1086 1756 si
1134 1703 1303 1759 semel
1360 1705 1746 1771 occultaverit,

167 1789 340 1840 statim
376 1789 463 1842 illa
492 1791 776 1845 amittitur.
806 1791 957 1858 Quod
988 1794 1292 1862 exemplum
1342 1795 1458 1848 aliis
1494 1796 1654 1850 etiam
1680 1812 1747 1851 ex

165 1879 322 1932 rebus
345 1883 452 1948 peti
478 1890 650 1949 potest
674 1900 686 1935 :
712 1883 857 1936 verbi
882 1885 1070 1953 gratia,
1096 1885 1139 1938 si
1176 1885 1296 1954 quis
1320 1885 1516 1956 aliquid
1548 1887 1744 1957 rapuit,

164 1968 212 2020 i:l
235 1980 491 2040 perpetuo
514 1973 735 2031 retinet:
756 1990 877 2028 nam
891 1990 1009 2028 eum
1027 1976 1252 2043 primum
1273 1976 1394 2030 illud
1415 1977 1742 2046 deposuerit,

163 2063 387 2117 amittet.
418 2064 754 2135 Omninoque
795 2067 935 2137 quod
976 2069 1200 2137 quisque
1236 2084 1298 2122 ex
1332 2069 1514 2136 rapina
1545 2069 1740 2135 habet,

167 2152 314 2206 timet
334 2153 604 2223 deponere
633 2169 793 2226 atque
823 2171 850 2210 a
877 2173 936 2212 se
967 2173 1185 2214 movere
1205 2200 1220 2225 ,
1266 2167 1320 2214 et
1350 2174 1455 2213 non
1487 2171 1746 2230 perpetuo

164 2244 284 2297 illud
315 2246 565 2313 retinere,
595 2248 735 2318 quod
763 2251 1062 2320 occupavit.
1104 2251 1271 2307 Abest
1298 2267 1427 2307 vero
1454 2253 1540 2308 hic
1583 2254 1744 2309 timor

161 2336 225 2388 ab
253 2336 338 2399 iis,
369 2337 458 2405 qui
498 2339 715 2394 minime
735 2356 799 2394 ex
827 2341 1008 2410 rapina
1037 2341 1264 2409 habent;
1295 2353 1352 2398 ut
1377 2343 1539 2399 homo
1567 2344 1740 2416 digni-

161 2435 318 2480 tatem
349 2428 502 2483 istam
532 2429 691 2485 habet
715 2439 770 2485 ut
796 2432 1018 2488 rationis
1037 2448 1259 2504 compos
1283 2435 1371 2489 sit.
1395 2435 1501 2491 Sed
1530 2452 1635 2490 non
1661 2437 1743 2491 in-

163 2519 313 2569 venio
339 2525 466 2572 satis
489 2531 670 2589 aptum
700 2524 1025 2592 exemplum.
1055 2524 1168 2580 Non
1195 2527 1337 2580 enim
1359 2535 1448 2583 est
1474 2528 1612 2598 apud
1642 2544 1739 2585 nos

163 2608 486 2675 principatus
509 2613 768 2666 naturalis
794 2631 806 2665 :
838 2613 1097 2670 bonorum
1131 2616 1327 2686 quippe
1355 2619 1556 2673 nullum
1584 2619 1739 2674 nobis

162 2697 398 2750 naturale
428 2708 532 2764 est,
556 2702 984 2772 quandoquidem
1005 2705 1182 2760 omnia
1212 2707 1367 2761 simul
1398 2722 1517 2762 cmn
1552 2719 1738 2790 natura

162 2785 246 2839 Dei
272 2788 552 2857 cenjuucta
576 2833 589 2854 ,
617 2790 867 2860 illiusuiuo
897 2795 1110 2864 prepria
1143 2808 1285 2849 sunt.
1315 2795 1454 2864 Quid
1476 2798 1634 2866 igitur
1657 2788 1737 2852 di-

157 2877 364 2941 cimus?
395 2879 486 2936 Dei
516 2881 710 2936 Filium
745 2885 968 2938 veritum
996 2900 1101 2941 non
1131 2901 1250 2941 esse
1277 2887 1342 2942 de
1364 2889 1531 2958 gradu
1558 2890 1732 2959 digiti-

157 2968 278 3022 tuis
315 2986 424 3025 sua:
451 2971 799 3040 descendere,
831 2979 1078 3046 quoniam
1109 2995 1212 3033 non
1239 2991 1320 3035 est
1343 2982 1630 3036 arbitratus
1653 2999 1736 3037 ra-

160 3059 330 3124 pinam
362 3060 529 3130 ipsam
556 3063 805 3118 deitatem
840 3083 853 3119 :
887 3081 989 3121 non
1021 3070 1190 3122 timuit
1215 3086 1281 3124 ne
1303 3073 1420 3140 quis
1447 3074 1546 3127 sibi
1578 3081 1732 3128 natu-

159 3165 268 3200 ram
289 3159 378 3203 aut
401 3150 710 3220 dignitatem
742 3156 989 3225 eriperet.
1017 3158 1372 3223 Quamobrem
1405 3163 1544 3219 illam
1573 3165 1731 3218 etiam

158 3241 420 3308 deposuit,
453 3259 556 3299 neu
585 3247 831 3302 dubitans
854 3264 912 3305 se
936 3265 1271 3322 recepturum
1292 3272 1308 3319 ;
1330 3267 1486 3326 atque
1506 3257 1734 3312 abscon-

157 3330 263 3394 dit,
301 3349 401 3386 non
432 3335 553 3390 ideo
573 3354 632 3392 se
669 3339 925 3396 minorem
959 3342 1072 3397 ﬂeri
1102 3344 1410 3400 arbitratus.
1442 3348 1731 3418 Propterea

160 3439 260 3475 non
279 3423 428 3489 dixit,
446 3427 561 3482 Non
591 3432 786 3497 rapuit,
804 3433 916 3496 sed,
949 3432 1066 3488 Non
1089 3438 1322 3504 rapinam
1348 3438 1620 3494 arbitratus
1637 3451 1725 3520 est.

161 3514 268 3566 Non
298 3519 433 3569 enim
459 3535 524 3572 ex
553 3523 736 3586 rapina
767 3522 947 3577 habuit
977 3526 1350 3596 principatum,
1381 3546 1553 3601 neque
1570 3514 1730 3587 etiam

159 3607 224 3657 ab
247 3607 347 3660 alio
368 3610 464 3662 sibi
493 3611 766 3678 traditum,
796 3615 888 3668 sed
921 3618 1214 3673 naturalem
1235 3662 1249 3686 ,
1279 3620 1523 3676 stabilem
1550 3639 1614 3678 ac
1645 3633 1729 3677 tu-

163 3707 290 3750 tum.
324 3700 441 3754 ideo
471 3719 644 3771 neque
683 3705 842 3760 etiam
873 3709 1160 3763 satellitum
1188 3720 1467 3766 cunctatur
1491 3712 1728 3768 habitum

159 3802 378 3844 sumere.
413 3790 692 3862 Tyrannus
731 3798 917 3850 metuit
971 3798 1021 3852 in
1075 3799 1216 3854 bello
1246 3817 1534 3872 purpuram
1562 3803 1729 3874 depo-

159 3892 312 3944 nere;
351 3896 442 3936 rex
501 3899 628 3936 vero
671 3883 721 3938 id
762 3885 987 3942 lidenter
1012 3905 1074 3944 ac
1104 3899 1215 3944 tuto
1247 3890 1391 3947 facit.
1423 3894 1569 3948 Cur?
1596 3897 1728 3962 Quia

165 3985 262 4020 μου
293 3983 354 4023 ex
386 3973 565 4040 rapina
593 3976 946 4044 principatum
981 3979 1158 4035 habet.
1182 3981 1298 4036 Non
1325 3999 1453 4054 ergo
1478 4001 1539 4039 ac
1569 3988 1610 4040 si
1642 4004 1727 4040 ra-

162 4060 352 4124 puisset
378 4077 480 4116 non
513 4063 780 4133 deposuit,
813 4068 906 4120 sed
957 4079 1014 4124 ut
1053 4071 1141 4140 qui
1183 4074 1474 4128 naturalem
1508 4077 1730 4131 haberet

160 4165 377 4219 mutique
429 4155 675 4210 amittere
715 4173 1003 4228 mnnquam
1037 4173 1247 4231 posset,
1280 4165 1582 4219 occultavit.
1619 4169 1730 4224 lloe

163 4237 403 4318 inquam,
445 4259 565 4300 esse
591 4248 850 4316 :equalem
885 4249 1028 4316 Deo,
1063 4267 1168 4305 non
1199 4269 1262 4306 ex
1296 4256 1473 4323 rapina
1509 4257 1724 4324 habuit,

163 4330 252 4382 scd
283 4345 311 4383 a
349 4343 568 4399 natura;
622 4337 970 4405 quamobrem
1012 4332 1247 4411 seipsum
1291 4345 1600 4400 exinanivit.
1628 4349 1725 4403 Ubi

163 4433 282 4475 sunt
305 4428 386 4494 qui
409 4427 611 4491 dicunt,
645 4430 794 4483 illum
823 4431 1049 4486 subiisse
1075 4436 1442 4491 necessitatem
1466 4481 1480 4504 ,
1510 4455 1571 4493 ae
1598 4443 1726 4496 sub-

157 4512 342 4578 jectum
364 4517 546 4574 quSse.
571 4519 830 4590 Scipsum,
863 4524 1050 4594 inquit,
1071 4527 1364 4596 exinanivit,
1382 4534 1599 4601 seipsum
1627 4535 1726 4586 Im-

163 4607 381 4674 miliaeit,
431 4611 666 4665 obediens
705 4615 872 4682 fucum
902 4633 1057 4680 usque
1100 4624 1167 4672 ad
1194 4630 1424 4674 mortem.
1446 4623 1726 4687 Quomodo

161 4697 438 4753 etinanivit
456 4700 480 4753 ’ἒ
497 4700 736 4755 Formam
767 4707 896 4758 servi
921 4709 1190 4777 accipiens,
1210 4713 1260 4762 in
1288 4712 1618 4800 similiuqtine
1634 4718 1726 4769 Ito-

164 4787 344 4841 minam
374 4794 558 4860 factus,
592 4802 638 4845 et
677 4794 850 4848 habitu
889 4797 1119 4852 inventus
1163 4810 1214 4852 ut
1262 4802 1427 4856 homo.
1472 4787 1581 4858 l‘loc
1608 4807 1726 4861 loco

162 4889 396 4944 Spectans
425 4883 490 4935 ad
525 4884 682 4948 illud,
715 4883 1014 4956 Superiores
1055 4890 1149 4943 sibi
1177 4892 1385 4945 invicem
1422 4896 1726 4952 arbitrantes

162 4967 416 5042 (Philipp.
448 4973 502 5027 9..
534 4975 567 5029 5
587 4974 607 5045 )
630 5016 646 5042 ,
680 4975 793 5031 htec
821 4979 980 5034 verba
1009 4982 1249 5050 protulit,
1282 4984 1517 5054 Seipsnnt
1543 4990 1723 5042 exina-

166 5061 296 5113 nivit.
316 5062 521 5120 Etenim
545 5067 588 5120 si
615 5067 883 5137 subjectus
908 5070 1111 5139 fuisset,
1136 5088 1199 5128 ac
1220 5091 1324 5129 non
1351 5089 1542 5146 sponte
1565 5092 1726 5150 atque

161 5166 220 5203 ex
248 5153 417 5222 seipse
449 5157 549 5211 hoc
577 5161 924 5228 suscepisset,
952 5162 1000 5216 id
1036 5164 1347 5221 humilitatis
1374 5186 1476 5224 non
1510 5170 1720 5227 inisset.

164 5241 284 5296 Nam
325 5247 365 5299 si
409 5247 674 5318 ignoravit
717 5250 816 5306 huc
859 5268 976 5307 esse
1007 5253 1328 5320 faciendum,
1379 5260 1724 5329 imperiectus

164 5343 298 5387 certe
325 5335 484 5390 fuerit
525 5355 539 5391 :
572 5339 616 5392 si
665 5355 790 5394 vero
838 5345 1084 5399 nesciens
1115 5357 1320 5414 tempus
1347 5352 1598 5419 praseepti
1632 5369 1720 5406 ex-

170 5429 430 5493 SpeCtavit,
488 5440 698 5499 tempus
747 5447 877 5488 sane
926 5449 1031 5488 neu
1064 5440 1311 5491 -Ιιονιϊίῑ,
1362 5439 1512 5506 Quod
1569 5444 1610 5496 si
1667 5455 1721 5501 et

168 5511 441 5572 iteiettdnm
473 5536 593 5576 esse
615 5563 628 5587 ,
677 5532 730 5577 et
758 5540 864 5592 qtm
912 5535 1153 5595 tempore
1203 5526 1501 5586 faciendum
1530 5533 1718 5602 scivit;

164 5617 191 5669 οι
213 5619 385 5660 tamam
411 5625 570 5663 causa
600 5621 701 5674 est,
731 5627 828 5666 cur
854 5613 998 5668 illum
1025 5616 1321 5681 subpetunt
1355 5618 1516 5677 fuisse
1541 5622 1723 5680 dicen-

165 5693 278 5744 tium
303 5697 404 5750 sit?
437 5699 505 5754 Ut
533 5701 726 5767 Patris,
775 5705 1045 5773 inquiunt,
1094 5711 1455 5776 praestantiam
1497 5713 1713 5772 indicet.

166 5780 293 5839 istud
329 5805 442 5844 ntro
472 5808 574 5843 non
602 5803 683 5846 est
715 5794 886 5849 l’atris
927 5798 1286 5866 praestantiam
1325 5798 1598 5875 indicare,
1624 5812 1716 5868 sed

478 5886 748 5952 PATROL.
793 5894 907 5956 (in.
958 5897 1149 5964 LX“.

1071 404 1134 460 IN
1172 405 1386 461 EPIST.
1429 406 1517 461 AO
1559 405 1841 462 PillLll‘l‘.
1883 405 2034 460 CAP.
2081 406 2140 460 11.
2186 407 2413 464 1103111..
2463 411 2570 467 \ll.
3353 428 3460 485 Q50

177 514 414 583 percipe.
447 515 598 580 Quod
630 517 851 586 quisque
880 519 1073 586 rapuit,
1101 529 1154 572 et
1177 529 1373 589 prmter
1396 535 1778 589 :eqmnnacee-'

1867 533 2017 573 suam
2048 521 2326 577 utilitatem
2357 541 2369 578 :
2398 525 2565 581 l'atris
2609 529 2749 582 enim
2797 546 2991 588 nomen
3020 551 3192 592 nonne
3220 540 3351 597 satis
3374 555 3458 602 est

1865 609 1932 662 ad
1975 610 2314 666 indicandum
2357 615 2529 670 Patris
2571 619 2799 686 priorem
2841 621 2894 676 in
2944 625 3150 694 origine
3189 631 3454 696 gradum?

1867 698 1978 754 lloc
2007 709 2185 754 autem
2219 718 2324 756 uno
2347 715 2605 774 excepto,
2636 710 2775 778 quod
2806 711 2964 766 Pater
2995 730 3100 768 non
3129 729 3210 770 est
3231 762 3243 784 ,
3273 724 3453 777 omnia

1872 791 2060 845 eadem
2101 792 2260 847 habet
2304 796 2489 850 Filius.
2533 800 2609 852 Ac
2653 815 2781 854 sane
2835 820 3008 874 neque
3047 820 3201 878 aptus
3252 822 3334 867 est
3369 814 3456 870 hic

1864 881 2070 949 honor,
2101 887 2190 954 qui
2237 903 2266 940 a
2301 888 2456 942 Patre
2488 896 2757 957 perveniat
2795 895 2845 948 in
2891 897 3102 951 Filium.
3138 902 3248 958 Hoc
3274 915 3450 961 autem

1861 985 2122 1041 excepto,
2164 992 2514 1048 quacumque
2559 981 2730 1038 Patris
2773 983 2934 1053 sunt,
2971 989 3104 1044 Filio
3139 995 3297 1048 etiam
3329 1008 3453 1052 sunt

1858 1065 2186 1120 communia.

1931 1154 1986 1208 9...
2035 1155 2224 1211 Contra
2256 1158 2635 1224 Marcionistas.
2659 1195 2730 1206 -—
2753 1167 2863 1223 lloe
2911 1170 3028 1225 loco
3051 1172 3407 1236 Marcionista:
3430 1223 3448 1248 ,

1859 1246 2001 1312 quod
2029 1233 2228 1301 dictum
2261 1254 2698 1320 estarripientes,
2731 1258 2995 1326 inquittttt,
3026 1261 3138 1316 Non
3163 1279 3240 1320 ρει
3277 1233 3449 1326 factus

1858 1335 2048 1401 homo,
2109 1339 2202 1392 sed
2229 1381 2241 1400 ,
2301 1343 2353 1393 In
2401 1343 2748 1400 similitudine
2777 1347 3050 1405 hominum
3084 1355 3270 1410 factus.
3299 1360 3448 1426 Quo-

1855 1427 2017 1479 modo
2046 1444 2172 1482 vero
2202 1440 2377 1499 potest
2406 1433 2526 1499 quis
2547 1435 2595 1487 iu
2619 1437 2971 1494 similitudine
2990 1440 3260 1499 hominum
3294 1449 3404 1504 fieri
3425 1453 3450 1503 .’

1857 1515 2098 1570 umbram
2151 1521 2826 1591 indttIungituridohun
2878 1531 3016 1584 istud
3057 1543 3169 1596 est,
3227 1539 3448 1597 minime

1855 1619 1985 1658 vero
2030 1606 2264 1663 hominis
2299 1612 2598 1668 similitudo
2642 1633 2652 1666 :
2690 1615 2921 1672 hominis
2964 1623 3108 1676 enim
3151 1625 3446 1684 similitudo

1854 1694 1992 1749 alter
2031 1699 2192 1753 homo
2221 1710 2321 1754 est.
2355 1702 2492 1768 Quid
2534 1715 2712 1760 autem
2763 1710 3114 1776 h‘SpUlldCbiS
3153 1715 3343 1773 Joanni
3371 1725 3443 1775 ita

1850 1783 2067 1851 dicenti,
2111 1786 2327 1844 Verbum
2367 1810 2486 1847 curo
2516 1801 2704 1864 factum
2745 1810 2818 1851 est
2856 1801 3050 1868 (Jomt.
3082 1806 3130 1858 1.
3163 1809 3306 1878 i4)?
3337 1810 3437 1866 Ve-

1852 1892 1969 1928 rum
2022 1889 2076 1932 et
2103 1879 2190 1935 hic
2222 1882 2334 1949 ipse
2363 1886 2547 1940 b-atus
2575 1890 2700 1944 alibi
2741 1893 2945 1960 inquit,
2996 1895 3062 1950 In
3106 1886 3443 1958 similitudine

1849 1969 2017 2022 carnis
2040 1974 2229 2037 pccmli
2250 1974 2423 2044 (Rom.
2453 1979 2506 2032 8.
2538 1980 2613 2048 5).
2651 1979 2718 2032 Et
2747 1982 2920 2036 Imbitn
2943 1986 3173 2044 inventus
3195 2003 3246 2046 ut
3267 1995 3438 2049 homo.

1855 2057 1992 2112 Ecce
2022 2060 2288 2130 inquiunt,
2315 2065 2379 2118 Et
2403 2068 2595 2134 Imbitn,
2620 2081 2694 2135 et,
2733 2073 2799 2126 Ut
2825 2073 2996 2128 homo.
3027 2079 3092 2131 At
3121 2096 3239 2135 esse
3263 2094 3312 2138 ut
3344 2085 3443 2138 lto-

1849 2148 2070 2215 minem,
2094 2160 2149 2204 et
2176 2167 2298 2208 esse
2325 2155 2506 2211 habitu
2537 2159 2829 2227 hominem,
2867 2164 2967 2220 hoc
2999 2185 3332 2240 nequaquam
3355 2190 3438 2231 est

1849 2252 1975 2292 vcrc
2003 2238 2272 2297 hominem
2294 2261 2444 2300 esse:
2472 2250 2650 2304 hahitu
2668 2254 2808 2306 enim
2836 2256 3104 2331 hominem
3127 2278 3186 2317 es
3215 2279 3266 2328 e,
3293 2267 3438 2323 aliud

1851 2339 1944 2382 est
1971 2345 2034 2384 ac
2071 2345 2257 2386 natura
2295 2352 2414 2392 esse
2454 2338 2746 2397 hominem.
2797 2345 2982 2402 \‘idete
3025 2366 3183 2420 quam
3210 2370 3311 2424 ego
3353 2359 3438 2412 in-

1847 2437 2022 2487 genue
2047 2433 2106 2478 et
2127 2443 2281 2495 a-quo
2308 2444 2486 2484 animo
2515 2448 2578 2487 ea
2600 2475 2612 2494 .
2643 2451 2762 2505 qum
2789 2438 2856 2490 ab
2886 2439 3206 2500 adversariis
3243 2447 3439 2503 dicun-

1847 2521 1951 2572 tur,
1975 2512 2230 2570 aderam?
2251 2518 2398 2575 'l‘une
2424 2523 2576 2575 enitu'
2596 2525 2808 2580 demum
2838 2530 3111 2596 Splendida
3152 2553 3211 2590 ac
3242 2540 3440 2596 redun-

1847 2601 1981 2655 dans
2040 2607 2257 2662 victoria
2302 2621 2447 2680 parta
2489 2617 2610 2678 erit,
2666 2634 2789 2671 tum
2825 2620 3035 2676 illorum
3084 2642 3433 2702 argumenta,

1845 2709 1965 2762 qua:
1993 2695 2191 2765 aliquid
2216 2701 2426 2756 roboris
2453 2705 2700 2760 videntur
2728 2709 2941 2777 habere,
2970 2715 3188 2772 minime
3204 2721 3435 2776 abscou~

1843 2783 2086 2840 dernnus
2118 2807 2130 2842 :
2175 2789 2509 2848 abscondere
2535 2798 2676 2849 enim
2703 2841 2717 2864 ,
2771 2802 2948 2869 potius
2977 2805 3133 2861 dolus
3163 2821 3243 2865 est
3273 2830 3433 2884 quam

1843 2877 2086 2931 victoria.
2131 2882 2266 2945 Quid
2322 2884 2480 2952 igitur
2536 2888 3036 2956 inutiunth-ursus
3078 2903 3216 2956 enim
3245 2877 3433 2962 eadem

1846 2983 2148 3036 repetamus
2181 2992 2191 3026 :
2220 2977 2376 3030 Aliud
2409 2990 2487 3030 est
2514 2980 2695 3035 habitu
2740 2985 3011 3042 hominem
3038 3007 3194 3062 esse,
3235 3013 3297 3052 ac
3335 3016 3434 3052 na-

1843 3066 1991 3124 tura;
2015 3073 2174 3130 atque
2203 3080 2323 3120 esse
2344 3079 2392 3120 ut
2419 3070 2719 3139 hominem,
2744 3084 2797 3129 ct
2819 3078 2869 3130 in
2892 3081 3240 3140 similitudine
3265 3088 3437 3145 homi-

1843 3150 1926 3203 nis
1976 3165 2136 3219 esse,
2179 3155 2321 3210 aliud
2364 3169 2446 3213 est
2499 3174 2658 3231 atque
2699 3167 2968 3223 hominem
3016 3190 3152 3228 t-Ssc.
3214 3179 3353 3250 Ergo
3381 3196 3436 3239 et

1840 3243 2064 3297 toi-utam
2095 3250 2232 3301 servi
2266 3252 2528 3319 accipere,
2577 3272 2681 3309 non
2721 3268 2806 3312 est
2836 3262 3058 3319 fornmm
3106 3271 3243 3325 servi
3288 3277 3434 3328 acci-

1847 3349 1991 3400 pere.
2015 3335 2207 3390 Secum
2235 3341 2389 3408 igitur
2421 3344 2522 3398 hoc
2545 3346 2712 3414 ipsum
2746 3363 2960 3419 pugnat,
2984 3365 3036 3409 et
3063 3375 3225 3427 quare
3249 3372 3301 3415 tu
3326 3381 3434 3419 non

1841 3427 1987 3490 prior
2016 3429 2155 3482 ismd
2182 3431 2469 3487 dissolvis?
2499 3437 2626 3491 Nam
2663 3444 3110 3508 quemadmodum
3140 3451 3254 3507 lure
3279 3459 3435 3513 nobis

1837 3516 2109 3573 adversari
2142 3524 2435 3590 existimas,
2481 3529 2548 3581 ita
2589 3539 2640 3584 et
2685 3548 2782 3586 nos
2824 3535 2965 3591 istud
3023 3541 3115 3595 tibi
3157 3544 3432 3604 adversari

1835 3611 2192 3668 ostendimus.
2217 3616 2330 3672 Non
2360 3620 2502 3672 enitn
2544 3621 2698 3689 dixit,
2729 3624 2798 3679 Ut
2845 3626 3014 3685 forma
3040 3636 3200 3703 servi,
3235 3655 3427 3711 neque,

1838 3701 1894 3755 ln
1919 3704 2267 3761 similitudine
2287 3707 2479 3763 fortine
2506 3716 2669 3777 servi,
2700 3732 2892 3788 neque,
2940 3721 2992 3775 lu
3037 3701 3217 3781 habitu
3246 3701 3431 3788 fornae

1841 3795 2007 3861 servi,
2035 3795 2148 3860 sed,
2182 3796 2424 3854 Formam
2451 3805 2578 3855 servi
2597 3809 2812 3875 accepit.
2836 3809 2972 3876 Quid
3003 3815 3159 3882 igitur
3188 3819 3288 3874 hoc
3311 3825 3434 3877 est?

1837 3885 2296 3959 subestneal‘iqna
2326 3891 2376 3944 in
2410 3895 2587 3949 verbis
2610 3912 2781 3968 pugna
2806 3900 2828 3952 ’ἓ
2856 3901 3009 3958 Nulla
3035 3923 3227 3977 pugna,
3255 3913 3388 3969 absit
3412 3934 3430 3984 ;

1837 3976 1930 4030 scd
1960 3987 2041 4032 cst
2071 3979 2284 4035 iliormn
2318 3983 2565 4054 frigidum
2608 4006 2669 4044 ac
2708 3992 2993 4050 ridiculum
3023 3976 3243 4056 dictum.
3293 3976 3429 4062 For:

1837 4084 1978 4124 mam
2002 4113 2016 4138 ,
2049 4072 2310 4143 inquiunt,
2335 4079 2475 4132 servi
2507 4084 2730 4151 accepit,
2761 4102 2881 4139 cum
2915 4089 3078 4145 linteo
3104 4094 3428 4155 circumcin-

1835 4172 1952 4218 ctus
1982 4164 2366 4235 discipulorum
2399 4171 2564 4239 pedes
2606 4175 2751 4229 lavit.
2787 4178 3019 4235 lloceine
3077 4185 3244 4241 forma
3284 4195 3427 4246 servi

1834 4257 1954 4309 est?
1979 4255 2295 4329 Neutiquam
2329 4261 2496 4318 forma
2525 4267 2663 4320 servi
2686 4279 2788 4335 est,
2821 4273 2914 4326 sed
2934 4289 3068 4343 Opus
3082 4280 3221 4335 servi
3245 4303 3256 4334 :
3281 4282 3427 4338 aliud

1836 4362 1962 4401 vero
1988 4358 2070 4403 est
2098 4365 2232 4418 Opus
2261 4355 2400 4407 servi
2428 4370 2568 4419 esse,
2597 4373 2659 4412 ac
2705 4361 2928 4417 formam
2970 4368 3109 4420 servi
3159 4374 3426 4441 accipere.

1833 4437 1944 4492 Cur
1968 4442 2109 4492 enim
2142 4459 2244 4494 non
2279 4444 2346 4498 ita
2379 4446 2532 4512 dixit,
2562 4449 2706 4519 Opus
2731 4455 2870 4507 servi
2900 4455 3046 4522 fecit,
3078 4463 3217 4529 quod
3250 4469 3425 4520 mani-

1836 4531 2020 4586 festius
2051 4536 2204 4588 erat?
2232 4536 2505 4606 Nusquam
2551 4544 2773 4599 omnino
2828 4548 2878 4600 in
2907 4549 3180 4620 Scriptura
3226 4574 3425 4615 nomen

1832 4627 2020 4682 forma:
2053 4646 2150 4700 pro
2194 4649 2358 4700 opere
2383 4646 2465 4690 est
2505 4651 2832 4709 usurpatum.
2866 4644 3050 4717 Magna
3081 4653 3224 4706 enim
3267 4654 3425 4712 diil'e-

1834 4722 2004 4774 rentia
2039 4723 2318 4778 intercedit
2364 4746 2378 4781 z
2423 4746 2543 4783 nam
2572 4733 2801 4789 alterum
2831 4737 3046 4807 quidem
3075 4753 3278 4800 natura:
3307 4757 3423 4817 est,

1832 4812 2059 4868 alterum
2105 4831 2230 4870 vero
2257 4821 2605 4887 operationis.
2649 4823 2761 4881 Nec
2787 4844 2914 4884 vero
2945 4847 3193 4903 umquam
3221 4838 3275 4892 in
3304 4840 3424 4912 ipso

1831 4903 1991 4958 etiam
2019 4920 2113 4958 usu
2138 4907 2389 4977 loquendi
2408 4910 2632 4968 fortnam
2659 4933 2754 4984 pro
2774 4933 2938 4988 Opere
2953 4921 3199 4982 dicimus.
3223 4903 3424 4997 Quam-

1831 5009 1990 5062 quam
2018 4997 2155 5064 apud
2187 4997 2319 5052 istos
2351 5016 2418 5054 tte
2453 5017 2590 5069 Opus
2616 5007 2830 5075 quidem
2879 5011 3025 5078 fecit,
3068 5033 3241 5089 neque
3295 5039 3419 5078 suc-

1833 5085 1994 5138 cinxit
2037 5102 2113 5140 se.
2142 5087 2374 5155 Etenim,
2416 5091 2458 5144 si
2497 5093 2546 5146 id
2588 5097 2767 5164 specie
2809 5111 3010 5158 tantunt
3040 5085 3232 5177 ﬁebat,
3273 5116 3418 5169 nulla

1832 5183 1948 5229 erat
1978 5176 2176 5230 veritas
2211 5179 2296 5232 :‘si
2326 5196 2517 5235 manus
2545 5200 2649 5239 non
2678 5186 2936 5256 habebat,
2967 5176 3232 5264 quomodo
3255 5202 3422 5259 lavit?

1831 5262 1876 5317 si
1922 5274 2078 5318 renes
2111 5282 2214 5321 non
2266 5268 2469 5336 habuit,
2512 5279 2782 5343 quomodo
2825 5297 2882 5334 se
2923 5262 3087 5342 linteo
3124 5295 3419 5350 suecinxit.’

1830 5371 1997 5426 ecqua
2031 5374 2157 5413 vero
2184 5361 2343 5415 etiam
2364 5365 2682 5423 vestimenta
2729 5375 3147 5444 sutnpsit?nam,
3181 5383 3412 5454 Accepit,

1833 5448 2022 5519 inquit,
2056 5453 2344 5506 vestimenta
2369 5472 2460 5508 sua
2483 5455 2676 5525 (Joan.
2707 5463 2794 5516 15.
2824 5468 2851 5518 Δ
2872 5468 2910 5533 ).
2938 5465 3001 5522 Ut
3029 5469 3184 5538 igitur
3209 5448 3415 5528 nuiiuni

1831 5537 2238 5610 hie0pus,quod
2268 5559 2389 5597 vere
2408 5544 2606 5601 factum
2636 5549 2814 5618 fuerit,
2833 5537 3121 5624 reperitur,
3143 5563 3235 5616 sed
3262 5581 3406 5622 mera

1831 5629 2006 5685 illusio
2031 5650 2041 5685 :
2065 5632 2134 5686 ita
2160 5647 2330 5704 neque
2352 5633 2736 5707 discipulorum
2757 5644 3086 5714 pedeslavit.
3109 5651 3238 5707 Nam
3259 5654 3302 5707 si
3332 5656 3415 5709 in.

1829 5738 2083 5794 corporea
2099 5725 2182 5780 illa
2199 5736 2382 5781 natura
2402 5743 2506 5782 non
2523 5736 2785 5801 apparuit,
2807 5751 2979 5804 neque
2994 5739 3044 5793 in
3063 5755 3284 5810 corpore
3298 5744 3414 5800 iuit.

1875 5817 2060 5874 Contra
2083 5817 2302 5874 Paulum
2324 5818 2938 5892 Santosatenunt.-—Qttis
2957 5830 3112 5894 igitur
3127 5831 3416 5898 disciputus

2960 5921 3064 5984 ,15

1949 6039 1973 6056 9
