4064 6318
618 412 715 465 951

614 519 777 576 lavit?
805 515 938 586 Quid
988 526 1171 567 rursus
1213 509 1463 561 adversus
1517 506 1738 559 Paulum
1783 503 2188 555 Samosatenum

615 608 945 666 al'l'eremus?
992 604 1253 672 Quidnam
1295 601 1384 654 ille
1433 598 1605 650 dicit?
1647 597 1811 650 Plane
1863 593 2048 647 idem:
2083 605 2189 643 non

615 705 719 756 hoc
746 707 826 753 cst
854 693 1163 756 exinanitio,
1186 706 1308 746 eum
1327 689 1412 758 qui
1435 697 1678 740 naturam
1702 683 1859 736 habet
1881 681 2190 743 humanam,

615 802 882 862 purusque
915 788 1073 839 homo
1108 793 1209 844 est,
1248 780 1424 833 lavare
1454 788 1760 830 conservos.
1784 773 1911 838 Quae
1937 770 2078 823 enim
2101 767 2196 820 ad-

615 858 806 937 versus
841 877 1064 932 Arianos
1100 872 1350 932 diximus,
1377 870 1536 937 etiam
1560 866 1814 918 adversus
1849 863 1976 915 istos
2006 858 2194 913 dicen-

618 976 746 1028 dum
763 990 776 1024 :
793 971 922 1025 nihil
937 968 1078 1023 enim
1102 967 1239 1018 inter
1255 977 1347 1015 eos
1369 961 1610 1023 interest,
1630 955 1728 1010 nisi
1746 955 1908 1008 breve
1926 949 2191 1020 quoddam

621 1062 879 1132 temporis
908 1054 1245 1111 intervallmn
1283 1069 1298 1105 :
1331 1051 1539 1117 utrique
1581 1047 1722 1100 enim
1755 1050 2196 1132 creaturamxsta:

622 1128 772 1208 luunt
793 1150 883 1205 Dei
901 1149 1114 1204 Filium.
1138 1145 1272 1212 Quid
1293 1142 1449 1212 igitur
1468 1140 1722 1193 adversus
1749 1136 1893 1210 ipsos
1921 1128 2196 1186 dicemus?

619 1246 675 1297 Si
701 1245 857 1296 homo
888 1238 1129 1293 homines
1159 1234 1304 1298 lavit,
1335 1247 1440 1285 non
1474 1226 1718 1291 inanivit,
1769 1241 1873 1278 non
1902 1220 2196 1276 humiliavit

626 1333 859 1403 seipsmr.
892 1329 974 1382 :si
1013 1342 1132 1380 cum
1163 1325 1323 1378 ltome
1353 1329 1516 1381 esset,
1550 1334 1654 1370 non
1685 1316 1785 1369 hoc
1809 1315 2013 1384 rapuit,
2043 1311 2200 1403 nimi-

623 1399 742 1479 rum
771 1436 889 1476 esse
915 1417 1169 1486 mqualem
1218 1414 1348 1478 Deo,
1395 1408 1630 1480 profecto
1652 1422 1758 1460 non
1787 1415 1868 1459 est
1899 1419 1993 1457 cur
2015 1399 2200 1454 laude-

625 1529 727 1570 tur.
753 1515 880 1568 Nam
905 1528 1026 1565 eum
1049 1507 1261 1578 quidem
1296 1505 1386 1574 qui
1434 1503 1577 1556 Deus
1618 1501 1689 1552 sit
1733 1497 2001 1551 hominem
2043 1489 2195 1552 lieri,

625 1623 812 1676 magna
844 1601 1230 1669 inell‘abilisque
1273 1593 1570 1650 bumiliatio
1617 1601 1732 1655 est;
1760 1602 1881 1642 eum
1933 1598 2061 1676 vero
2108 1581 2197 1676 qui

624 1670 787 1752 homo
837 1695 906 1749 sit
953 1693 1182 1746 humana
1215 1687 1424 1749 lacere,
1478 1698 1595 1751 qua:
1627 1678 1834 1733 tandem
1863 1670 2198 1729 bnmiliatio?

627 1787 848 1843 Ubinam
875 1797 1002 1835 vero
1030 1778 1197 1832 forma
1228 1776 1320 1828 Dei
1347 1773 1643 1842 appellatur
1669 1781 1802 1837 opus
1829 1765 1958 1820 Dei?
1988 1762 2198 1816 Etenim

622 1882 666 1934 si
705 1892 868 1948 purus
895 1875 1055 1927 homo
1093 1879 1205 1924 erat
1230 1909 1243 1931 ,
1295 1875 1452 1935 atque
1493 1878 1558 1916 ex
1609 1859 1860 1929 operibus
1906 1853 2202 1924 appellatur

622 1976 790 2027 forma
825 1970 949 2031 Dei,
981 1982 1075 2020 cur
1103 1977 1207 2017 non
1235 1971 1287 2014 et
1317 1961 1368 2012 in
1392 1957 1550 2012 Petro
1574 1955 1624 2008 id
1655 1953 1931 2013 faciamus,
1960 1949 2048 2017 qui
2084 1961 2200 1999 ma-

620 2067 738 2136 jora
757 2062 918 2118 etiam
939 2071 1100 2128 Opera
1124 2051 1322 2109 edidit?
1352 2065 1446 2102 cur
1469 2060 1570 2099 non
1589 2052 1642 2098 et
1660 2042 1880 2096 Paulum
1906 2034 2200 2136 inquis-Dei

627 2128 852 2210 lormam
883 2144 1168 2204 habuisse?
1196 2158 1291 2195 cur
1315 2155 1417 2193 non
1461 2144 1515 2190 et
1543 2136 1778 2205 scipsum
1809 2131 1872 2184 ad
1897 2128 2201 2195 exemplum

627 2244 902 2319 ρι·‹›ι›‹ιειιίι
954 2239 1181 2319 Paulus.
1213 2234 1300 2304 qui
1343 2237 1591 2285 sexcenta
1642 2217 2201 2319 ministeriauservilia

625 2309 884 2399 obiverat,
913 2346 976 2386 ac
1003 2311 1204 2384 nullum
1234 2317 1605 2378 recusaverat?
1633 2317 1707 2369 ait
1734 2314 1896 2377 enim,
1928 2309 2047 2364 Non
2071 2309 2205 2361 enim

630 2425 961 2492 nosmetipsos
1007 2417 1359 2490 praedicamus,
1390 2411 1476 2464 sed
1517 2407 1691 2461 Jcsum
1733 2405 1985 2458 Chrislum
2013 2399 2208 2492 ‘Domi-

629 2533 775 2580 num,
805 2489 896 2567 nos
934 2521 1103 2563 autem
1142 2520 1310 2560 serros
1348 2510 1539 2554 uestros
1567 2513 1656 2565 per
1675 2493 1852 2548 Jcsum
1883 2493 1901 2562 (
1917 2492 1970 2545 2.
1997 2489 2116 2544 Cor.
2148 2489 2203 2542 4.

629 2609 715 2678 5).
751 2602 991 2660 Ridicula
1032 2615 1094 2653 ac
1119 2611 1270 2667 nugae
1296 2602 1441 2656 sunt,
1474 2604 1593 2659 qua:
1635 2587 1703 2640 ab
1746 2585 1862 2638 istis
1890 2582 2203 2636 all'cruntur.

630 2672 927 2760 Eainanivit
974 2691 1212 2760 scipsum,
1242 2684 1429 2754 inquit.
1465 2677 1747 2750 Quomodo
1772 2677 2004 2744 seipsum
2035 2672 2208 2760 humi-

629 2757 776 2846 llavit
798 2792 820 2844 ’ἒ
842 2784 927 2838 dic
954 2757 1081 2835 mibi
1104 2789 1258 2847 ;qu:e
1287 2783 1366 2828 est
1387 2771 1500 2825 lm-c
1529 2763 1858 2823 exinanitio?
1889 2778 2007 2831 qua:
2037 2759 2210 2813 Immi-

631 2876 823 2934 liatio?
854 2889 922 2928 an
946 2870 1197 2942 quoniam
1215 2863 1467 2920 miracula
1498 2857 1702 2914 edidit?
1726 2853 1916 2910 Atlioc
1937 2862 1990 2905 et
2014 2850 2207 2905 Paulus

632 2980 686 3026 et
701 2969 887 3022 Petrus
908 2941 1267 3033 praestiterunt
1293 2972 1305 3007 :
1328 2949 1671 3022 quamobrem
1691 2960 1793 2999 non
1818 2942 1918 3033 hoc
1939 2941 2207 3033 proprium

633 3076 697 3114 ac
726 3029 992 3127 peculiare
1023 3049 1139 3104 Filii
1163 3046 1337 3100 luerit.
1363 3041 1500 3108 Quid
1528 3039 1686 3108 igitur
1715 3032 2029 3127 sibivolunt
2048 3029 2209 3127 verba

635 3118 748 3214 illa,
784 3147 848 3200 In
870 3139 1254 3198 similitudinem
1279 3134 1536 3186 hominum
1559 3132 1722 3200 {actus
1739 3122 1941 3214 inulta
1975 3120 2064 3214 ille
2091 3118 2208 3214 qui-

640 3207 762 3294 dem
794 3244 974 3290 nostra
1007 3227 1211 3288 habuit,
1259 3221 1423 3277 multa
1451 3233 1577 3272 vero
1607 3231 1712 3271 non
1763 3212 1980 3275 habuit;
2033 3207 2214 3276 bujus~

640 3333 782 3387 modi
811 3335 953 3393 sunt,
1009 3337 1114 3378 non
1143 3332 1265 3374 esse
1294 3324 1474 3368 uatum
1517 3325 1582 3365 ex
1613 3305 1992 3362 commixtione
2018 3313 2212 3367 corpo-

644 3441 787 3489 rum,
817 3425 1089 3490 peccatum
1113 3427 1217 3466 non
1242 3405 1543 3462 admisisse.
1563 3400 1686 3490 Hec
1716 3399 1882 3490 ipsius
1912 3402 2062 3490 erant
2093 3405 2216 3490 pro-

645 3481 785 3584 pria,
812 3481 1050 3574 nullique
1092 3499 1367 3554 hominum
1410 3489 1736 3547 communia.
1764 3486 1880 3584 Non
1913 3485 2012 3584 hoc
2039 3481 2213 3535 solum

643 3574 757 3658 erat
785 3597 922 3669 quod
950 3590 1259 3663 apparebat,
1292 3584 1386 3639 sed
1426 3581 1585 3637 etiam
1617 3580 1776 3633 Deus.
1811 3574 2215 3673 Etenim-appa-

647 3662 1035 3759 rebat-quidem
1066 3684 1250 3743 homo,
1273 3678 1324 3731 in
1354 3672 1534 3729 amitis
1561 3683 1687 3760 vero
1713 3683 1818 3760 non
1848 3672 1965 3720 erat
1990 3662 2179 3760 similis
2197 3700 2214 3727 ,

647 3750 862 3837 tametsi
887 3787 1046 3828 carne
1075 3769 1268 3824 similis
1292 3771 1425 3820 erat.
1462 3760 1574 3815 lloc
1615 3757 1774 3826 igitur
1801 3755 1898 3808 ista
1931 3750 2092 3806 verba
2138 3750 2220 3802 in-

647 3862 862 3933 dicant,
879 3881 983 3921 nou
1010 3862 1168 3918 fuisse
1183 3871 1371 3928 purum
1392 3851 1663 3919 hominem
1684 3865 1696 3899 :
1719 3853 2004 3917 propterea
2025 3842 2215 3910 inquit,

650 3964 715 4019 In
742 3956 1068 4016 similitudine
1115 3949 1369 4004 hominum
1399 3945 1417 4012 (
1445 3944 1591 4000 Rom.
1642 3940 1696 3993 8.
1751 3936 1838 4004 5).
1873 3933 2081 3989 Etenim
2123 3944 2222 3983 nos

650 4054 866 4126 quidem
895 4049 1066 4104 anima
1092 4051 1146 4097 et
1175 4051 1369 4106 corpus
1397 4048 1613 4093 smnus;
1665 4027 1916 4126 ille-vero
2169 4029 2223 4074 ct

657 4113 828 4204 anima
858 4151 912 4196 et
954 4149 1187 4206 corpus:
1217 4134 1496 4200 propterea
1522 4121 1709 4192 inquit,
1754 4116 1817 4170 In
1868 4113 2219 4170 similitudine.

653 4237 862 4293 l-Zteuim
907 4245 974 4284 ne
1024 4224 1244 4279 audiens
1295 4231 1455 4273 voces
1508 4213 1659 4276 illas,
1713 4206 2003 4263 Exinanirit
2049 4210 2228 4257 semet-

653 4331 851 4396 ipsum,
880 4317 1224 4376 mutationem
1261 4309 1491 4377 aliquam
1534 4301 1816 4372 suSpiecris
1843 4297 2225 4396 ae‘degencra-

657 4387 856 4471 tionem
883 4418 936 4465 et
961 4404 1254 4467 interitum,
1285 4398 1527 4459 Manens,
1556 4390 1744 4461 inquit,
1776 4387 1916 4458 quod
1960 4393 2097 4450 erat,
2141 4397 2227 4436 as-

653 4502 884 4571 sumpsit
911 4495 1048 4569 quod
1096 4507 1202 4548 non
1245 4495 1382 4553 crat,
1420 4493 1475 4540 et
1522 4497 1647 4538 caro
1676 4480 1843 4535 lactus
1870 4473 2228 4549 perseveravit

659 4612 778 4652 esse
812 4597 948 4648 Deus
973 4587 1222 4642 Verbum.

726 4687 780 4740 5.
825 4682 931 4736 llac
963 4677 1122 4746 igitur
1164 4673 1367 4727 ratione
1409 4668 1606 4726 Paulus
1630 4664 1760 4719 dixit
1785 4703 1802 4728 ,
1852 4662 2081 4717 similem
2108 4674 2228 4715 esse

658 4775 857 4832 homini
880 4813 893 4836 ,
927 4781 1082 4840 atque
1103 4774 1381 4836 propterea
1406 4759 1550 4814 addit
1577 4799 1591 4823 ,
1629 4757 1690 4811 Et
1717 4757 1887 4809 habitu
1913 4772 1931 4810 :
1953 4771 2057 4809 non
2085 4755 2228 4807 enim

661 4877 844 4922 natura
867 4857 1230 4932 degeneravit,
1260 4868 1429 4923 neque
1448 4850 1689 4905 conlusio
1707 4848 1814 4902 ulla
1845 4847 1978 4901 facta
2010 4855 2109 4912 est,
2136 4844 2231 4898 sed

660 4956 842 5012 habitu
871 4929 1038 5006 laetus
1057 4956 1158 5003 est.
1186 4945 1314 4999 Nam
1331 4958 1451 4996 cum
1477 4940 1698 4998 dixisset
1721 4936 1947 4991 formam
1973 4936 2110 4990 servi
2144 4929 2258 4988 ac-'

662 5050 892 5120 cepisse,
915 5045 1138 5099 lideuter
1164 5048 1345 5110 pestea
1369 5034 1508 5091 istud
1536 5033 1694 5086 etiam
1728 5031 1963 5099 protulit,
1984 5027 2232 5082 nimirum

659 5156 782 5195 eum
806 5135 930 5192 illud
960 5133 1156 5188 nemini
1188 5145 1294 5183 non
1321 5142 1380 5180 os
1403 5122 1772 5178 obstrinxisset.
1794 5121 2007 5174 Etenim
2033 5128 2086 5172 et
2114 5134 2234 5172 cum

661 5234 732 5285 ita
763 5228 909 5292 dicit,
935 5224 998 5276 In
1021 5218 1350 5279 similitudine
1375 5215 1543 5268 carnis
1570 5212 1782 5283 peccati,
1815 5225 1918 5264 non
1952 5211 2049 5264 hoc
2083 5209 2234 5275 dicit,

668 5331 882 5373 carnem
905 5329 1010 5369 non
1029 5309 1299 5368 habuisse,
1320 5304 1412 5358 sed
1440 5316 1655 5358 carnem
1674 5300 1817 5354 illam
1839 5314 1943 5355 non
1966 5314 2236 5368 peccasse,

666 5407 890 5463 similem
915 5415 1090 5458 tamen
1111 5398 1273 5451 fuisse
1288 5393 1590 5464 peccatrici.
1613 5392 1666 5446 ln
1683 5407 1788 5460 quo
1809 5390 2028 5444 similis?
2048 5391 2242 5444 Sectm.

666 5500 793 5552 dum
820 5505 1081 5552 naturam,
1108 5501 1213 5541 non
1236 5482 1526 5538 secundum
1557 5482 1846 5536 malitiam:
1875 5490 2155 5550 propterea
2178 5481 2242 5532 si.

668 5588 809 5641 milis
825 5582 1017 5638 anima:
1037 5573 1338 5649 peccatrici.
1359 5571 1818 5642 Quemadmodum
1836 5571 1995 5641 igitur
2012 5570 2082 5624 ibi
2104 5571 2242 5624 simi-

672 5673 905 5734 litudinis
923 5669 1140 5726 nomine
1166 5678 1292 5719 usus
1314 5671 1419 5729 est,
1450 5661 1700 5732 quoniam
1730 5676 1835 5724 non
1856 5661 2034 5715 omnia
2061 5675 2242 5730 mqua-

677 5767 799 5826 litcr
826 5782 886 5822 se
918 5760 1182 5819 habebant
1213 5773 1225 5809 :
1255 5756 1327 5811 ita
1369 5764 1426 5811 et
1468 5755 1553 5835 hic
1597 5753 1889 5809 similitudo
1912 5753 2105 5808 dici.nr
2127 5794 2142 5816 ,
2175 5767 2243 5806 eo

1318 395 1373 448 S.
1415 389 1691 447 JO.\NNIS
1727 383 2190 445 CllR'YSOSTOlll
2232 381 2547 438 ARClllEP.
2588 378 3114 436 CONSTANTlNOP.

3767 376 3871 433 232

2302 496 2447 567 quod
2483 511 2587 547 non
2617 495 2790 547 omnia
2823 494 2931 548 sint
2975 494 3196 563 aequalia
3217 535 3233 558 ,
3284 501 3465 560 utpote
3491 491 3630 562 quod
3658 506 3764 545 non
3800 505 3863 546 ex

2296 586 2674 637 commixtione
2715 600 3035 653 corporum,
3067 583 3209 653 quod
3257 583 3372 636 sine
3419 593 3679 651 paecato,
3726 582 3865 650 quod

2301 676 2515 728 minime
2562 675 2733 729 nudus
2778 674 2959 727 homo.
3006 675 3082 728 Ac
3123 674 3342 742 pulchre
3380 672 3552 736 dixit,
3587 671 3654 726 Ut
3681 672 3869 724 homo:

2302 779 2405 818 non
2432 763 2572 816 enim
2595 773 2708 818 erat
2734 778 2871 816 unus
2898 779 2962 817 ex
2986 764 3186 827 ntultis,
3220 762 3313 817 sed
3352 771 3407 815 ut
3447 777 3585 815 unus
3625 776 3693 814 ex
3737 761 3870 813 mul-

2304 854 2390 907 tis.
2419 853 2601 924 Neque
2630 854 2767 907 Deus
2794 853 3026 907 Verbum
3073 855 3124 906 in
3174 853 3442 906 hominem
3485 851 3829 920 degeneravit
3850 888 3867 915 ,

2301 958 2473 1013 neque
2503 943 2794 998 substantia
2837 953 2918 998 est
2961 952 3198 1008 mutata;
3250 943 3344 996 sed
3401 954 3667 1008 tamquam
3714 940 3871 993 homo

2299 1032 2564 1100 apparuit,
2607 1047 2708 1086 non
2736 1032 3036 1086 simulacris
3065 1047 3128 1085 ac
3159 1033 3286 1085 visis
3319 1047 3416 1086 nos
3444 1031 3743 1100 decipiens,
3777 1030 3867 1083 sed

2299 1119 2550 1175 erudiens
2578 1124 2643 1174 ad
2672 1122 3204 1176 humilitatem.'Cum
3237 1121 3396 1191 igitur
3424 1121 3572 1182 dicit,
3603 1120 3672 1175 Ut
3695 1123 3867 1182 Inoino,

2303 1210 2406 1266 hoc
2432 1212 2530 1265 sibi
2553 1212 2662 1265 vult
2691 1212 3046 1281 :ctetcroquin
3069 1222 3124 1266 et
3145 1213 3412 1266 hominem
3440 1212 3564 1265 alibi
3589 1213 3763 1281 ipsum
3788 1226 3874 1266 vo-

2301 1310 2409 1366 cat,
2430 1310 2486 1354 ut
2502 1318 2621 1355 cum
2649 1302 2795 1364 dicit,
2821 1302 2965 1357 Unus
2994 1302 3148 1368 Deus,
3167 1315 3212 1355 ct
3233 1319 3363 1355 unus
3387 1306 3629 1356 mediator
3648 1303 3872 1358 Christus

2291 1391 2452 1446 'Jesus
2476 1394 2550 1462 (Ι.
2578 1391 2711 1446 Tim.
2742 1394 2796 1448 2.
2829 1394 2906 1464 5).
2940 1395 3013 1448 Ea
3036 1394 3286 1458 diximus,
3314 1411 3432 1464 qua!
3460 1396 3720 1450 adversus
3748 1396 3872 1450 istos

2302 1483 2525 1539 dicenda
2548 1495 2717 1540 erant.
2742 1486 3007 1556 Deinceps
3026 1502 3151 1540 vero
3170 1486 3234 1540 ad
3244 1495 3423 1540 versus
3441 1502 3553 1550 eos,
3576 1489 3665 1556 qui
3684 1497 3871 1557 negant

2302 1579 2656 1646 assumpsisse
2671 1577 2923 1644 animam,
2955 1579 3259 1632 necessario
3278 1579 3584 1632 dicendum.
3614 1579 3671 1633 Si
3708 1579 3869 1632 forma

2305 1667 2398 1720 Dei
2444 1667 2706 1736 pet-feetus
2755 1671 2894 1723 Deus
2935 1679 3015 1723 est
3043 1710 3058 1735 ,
3105 1677 3252 1724 certe
3281 1683 3332 1722 et
3359 1669 3527 1724 forma
3578 1671 3719 1725 servi
3752 1686 3871 1738 per-

2306 1761 2471 1816 fectus
2491 1771 2575 1817 est
2603 1779 2807 1818 servus.
2835 1764 3026 1819 lterum
3057 1775 3241 1821 contra
3269 1766 3496 1821 Arianos
3520 1767 3715 1835 agitur.
3746 1768 3868 1820 Cum

2304 1853 2355 1903 in
2380 1855 2541 1922 [arma
2571 1852 2664 1908 Dei
2687 1864 2832 1918 esset,
2862 1855 3028 1924 inquit
3055 1897 3070 1918 ,
3103 1872 3200 1908 non
3231 1858 3464 1924 rapinam
3491 1857 3769 1911 arbitratus
3797 1868 3866 1911 est

2305 1958 2411 1994 esse
2438 1959 2491 1995 se
2518 1946 2758 2012 a’qunlem
2798 1943 2925 1998 Deo.
2970 1945 3065 2001 llic
3094 1946 3162 2000 de
3192 1945 3468 2002 divinitate
3490 1948 3725 2016 loquens
3752 1964 3878 2002 nus-.

2306 2048 2463 2100 quam
2495 2035 2608 2088 istis
2633 2034 2808 2089 verbis
2834 2037 3013 2097 utitur,
3048 2036 3241 2091 Factus
3260 2043 3488 2102 est,ttut,
3506 2034 3874 2105 Aecepit,setl.

2309 2121 2644 2189 Semelipsum
2668 2125 2939 2177 exinnnivit
2965 2126 3181 2195 formam
3204 2127 3334 2180 serui
3358 2128 3632 2194 accipiens,
3663 2129 3716 2181 in
3743 2132 3879 2181 sinti-

2310 2209 2523 2264 litudine
2569 2212 2829 2265 hominum
2858 2214 3041 2282 factus.
3086 2215 3184 2269 llic
3220 2216 3286 2269 de
3340 2215 3669 2271 humanitate
3714 2220 3873 2282 dicit,

2310 2303 2551 2371 Accepit,
2581 2313 2654 2368 et,
2687 2303 2880 2358 Factus
2906 2314 3006 2360 est.
3039 2305 3149 2360 lluc
3176 2307 3343 2360 laetus
3371 2318 3472 2370 est,
3505 2307 3605 2361 hoc
3629 2310 3835 2378 accepit
3859 2326 3871 2362 :

2312 2391 2439 2444 illud
2473 2409 2596 2447 vero
2619 2404 2753 2447 erat.
2786 2394 2948 2464 Igitur
2975 2411 3071 2449 nec
3098 2397 3504 2460 conluudamus,
3537 2414 3634 2453 nec
3659 2399 3877 2454 divella-

2311 2495 2448 2534 mus.
2496 2480 2645 2536 Unus
2700 2484 2878 2546 Deus,
2923 2501 3056 2539 unus
3104 2485 3365 2549 Christus,
3415 2486 3582 2541 Filius
3615 2489 3730 2542 Dei.
3779 2489 3878 2544 Ve-

2311 2586 2426 2624 rum
2451 2610 2466 2635 ,
2499 2586 2618 2625 cum
2649 2582 2767 2626 utor
2797 2574 2893 2627 ista
2925 2590 3078 2638 voce,
3112 2592 3275 2638 unus,
3321 2576 3566 2630 unionem
3599 2577 3746 2645 dico,
3775 2594 3877 2632 non

2311 2659 2681 2714 confusionem
2716 2679 2729 2714 :
2763 2678 2867 2715 non
2895 2665 3033 2717 enim
3063 2675 3249 2718 natura
3297 2663 3410 2719 tunc
3438 2666 3488 2718 in
3531 2666 3676 2720 illam
3726 2684 3875 2721 versa

2312 2751 2692 2820 degeneravit,
2736 2754 2829 2807 sed
2878 2755 3021 2808 unita
3074 2767 3174 2810 est.
3221 2756 3519 2810 llumiliavit
3563 2760 3884 2827 semetipsum

2312 2842 2478 2908 [nctus
2501 2843 2735 2896 obediens
2756 2861 2913 2914 usque
2926 2845 2995 2897 ad
3019 2857 3246 2904 vrtortetu.
3272 2857 3481 2901 mortem
3503 2858 3672 2901 autem
3697 2850 3881 2902 crucis.

2315 2933 2414 2997 En,
2447 2934 2687 3004 inquiunt
2711 2976 2727 2999 ,
2774 2935 2946 2991 factus
2973 2947 3055 2991 est
3084 2937 3337 2992 obediens
3359 2980 3376 3004 ,
3419 2954 3539 2994 cum
3567 2941 3615 2994 ei
3659 2942 3880 2996 minime

2316 3024 2535 3092 tuqualis
2577 3035 2719 3079 esset
2743 3026 2826 3080 cui
2855 3026 3111 3082 obedivit.
3156 3027 3198 3082 Ο
3237 3029 3415 3082 stolidi
3453 3046 3517 3084 ac
3560 3030 3842 3086 dementes
3865 3071 3883 3096 ,

2319 3114 2419 3167 hoc
2463 3114 2530 3168 de
2558 3114 2649 3167 illo
2689 3115 2816 3169 nihil
2865 3116 3133 3183 detrahit;
3183 3134 3304 3171 nam
3352 3133 3449 3172 nos
3497 3120 3656 3174 etiam
3705 3121 3891 3177 amicis

2317 3193 2617 3273 obedimus,
2653 3223 2824 3278 neque
2851 3208 2902 3262 id
2929 3218 3102 3262 tamen
3133 3224 3228 3263 nos
3253 3209 3485 3265 minores
3515 3209 3660 3264 facit.
3690 3211 3890 3281 Sponte

2321 3297 2481 3353 Filius
2508 3297 2648 3351 Patri
2677 3298 2946 3361 obcdivit,
3001 3316 3104 3353 nm.
3137 3300 3188 3353 in
3235 3299 3483 3354 servilem
3527 3302 3888 3357 conditionem

2321 3386 2598 3449 decidens,
2628 3387 2722 3442 sed
2752 3387 2852 3442 hoc
2880 3389 2994 3458 ipso
3024 3391 3250 3442 maxime
3277 3404 3496 3444 servans
3523 3382 3892 3446 admirandam

2321 3477 2464 3531 illam
2490 3478 2726 3547 germani
2751 3477 2871 3534 Filii
2891 3477 3234 3548 dignitatem,
3265 3496 3514 3549 magnum
3541 3481 3686 3535 Patri
3717 3482 3892 3535 hono-

2321 3584 2433 3624 rem
2462 3569 2782 3624 exltibendo.
2818 3569 3108 3625 "Oneravit
3131 3572 3341 3624 Patrem
3361 3612 3378 3636 ,
3409 3587 3514 3625 non
3540 3568 3601 3625 ἰιι
3631 3573 3803 3640 ipsum
3834 3584 3888 3627 tu

2321 3659 2524 3715 honore
2545 3661 2825 3729 spoliares,
2848 3661 2941 3716 sed
2965 3670 3020 3715 ut
3043 3663 3208 3731 magis
3229 3663 3552 3732 soSpicercs,
3577 3673 3635 3716 ut
3657 3666 3737 3719 vel
3766 3665 3892 3720 hinc

2320 3765 2632 3822 germanum
2658 3751 2848 3807 Filium
2870 3768 3210 3826 agnosceres,
3233 3754 3372 3823 quod
3395 3754 3634 3810 omnium
3660 3758 3895 3812 maxime

2328 3842 2537 3900 Patrem
2589 3842 2948 3898 bonoraverit.
3013 3843 3183 3901 Nemo
3231 3845 3397 3900 Deum
3450 3850 3520 3901 ita
3567 3847 3892 3906 honoravit:

2325 3942 2583 4002 quantum
2611 3933 2788 3987 habuit
2818 3935 3158 3990 celsitudinis
3179 3976 3193 3996 .
3220 3933 3424 3992 tantum
3453 3939 3686 3994 vicissiin
3717 3941 3890 3996 humi-

2329 4024 2496 4080 litatis
2521 4025 2702 4080 subiit.
2731 4025 3188 4092 Quemadmodum
3210 4028 3458 4082 omnibus
3485 4031 3655 4101 major
3681 4041 3762 4095 est
3787 4074 3804 4097 ,
3835 4047 3899 4087 ac

2330 4131 2489 4170 nemo
2515 4114 2592 4172 illi
2636 4117 2852 4185 :equalis
2907 4133 2922 4171 :
2967 4117 3033 4171 ita
3084 4119 3245 4172 etiam
3292 4118 3350 4176 in
3385 4120 3540 4174 Patre
3585 4121 3899 4177 honorando

2329 4220 2518 4260 omnes
2543 4204 2705 4272 vicit,
2752 4221 2857 4260 non
2883 4217 3134 4273 coactus,
3179 4225 3358 4280 neque
3397 4211 3617 4267 invitus.
3660 4212 3764 4267 Sed
3800 4216 3901 4268 boe

2331 4296 2489 4350 etiam
2536 4294 2745 4350 virtutis
2792 4296 2961 4364 ipsius
2995 4295 3096 4350 fuit
3127 4314 3140 4350 :
3168 4307 3259 4352 aut
3306 4299 3486 4368 potius
3527 4299 3724 4354 desunt
3768 4302 3901 4359 mihi

2331 4389 2489 4441 verba
2511 4429 2527 4452 ,
2559 4388 2748 4456 quibus
2775 4397 2914 4444 utar.
2957 4387 3146 4458 Papae!
3177 4405 3426 4459 magnum
3469 4391 3600 4446 illud
3627 4402 3712 4447 est
3740 4405 3901 4464 atque

2335 4478 2708 4548 inexplicabile
2733 4519 2748 4543 ,
2796 4492 3008 4532 servum
3043 4480 3200 4546 ﬁeri;
3250 4481 3345 4534 sed
3386 4492 3611 4537 mortem
3645 4492 3908 4552 pmteres

2333 4571 2514 4624 subire
2534 4611 2550 4633 ,
2584 4570 2738 4640 longe
2767 4570 2943 4624 adhuc
2985 4571 3181 4640 majus.
3223 4572 3326 4626 Sed
3358 4583 3440 4627 est
3476 4573 3621 4628 aliud
3650 4574 3911 4644 quiddam

2335 4660 2438 4715 hoc
2471 4662 2660 4728 majus.
2685 4662 2955 4731 magisque
2974 4662 3280 4730 opinionem
3307 4678 3520 4718 onmem
3549 4680 3906 4734 exsuperans.

2334 4752 2472 4820 Quid
2503 4752 2676 4805 illud?
2717 4750 2866 4818 Quod
2899 4769 3003 4806 non
3031 4754 3234 4822 quaevis
3261 4770 3404 4807 mors
3432 4755 3622 4811 similis
3661 4758 3754 4811 sit.
3787 4757 3912 4811 ﬂare

2335 4845 2503 4906 enim,
2543 4858 2701 4912 quam
2736 4842 2990 4898 Dominus
3021 4844 3276 4914 pertulit,
3318 4846 3553 4900 omnium
3605 4849 3773 4917 turpis
3803 4849 3913 4904 ima

2340 4933 2636 4988 habebatur
2666 4951 2678 4986 :
2713 4933 2826 4988 haec
2855 4934 3009 5003 plena
3038 4934 3363 5003 ignominiae,
3395 4936 3508 4989 ba-e
3530 4937 3909 4996 exsecrabilis:

2339 5022 2646 5076 Maledictus
2674 5023 2815 5077 enim
2839 5063 2854 5088 ,
2887 5023 3099 5092 inquit,
3128 5023 3290 5076 omnis
3310 5065 3326 5090 ,
3366 5024 3450 5095 qui
3480 5025 3658 5094 pendet
3693 5027 3747 5079 in
3773 5025 3913 5098 ligna

2341 5117 2359 5183 (
2387 5113 2539 5168 Deut.
2577 5114 2667 5168 2|.
2695 5113 2765 5170 23
2785 5113 2828 5186 ).
2869 5113 3158 5183 Propterea
3187 5116 3346 5169 etiam
3376 5114 3547 5171 Judaai
3594 5115 3694 5172 hac
3738 5117 3912 5186 ipsum

2343 5216 2515 5260 morte
2550 5205 2769 5259 afﬁcere
2796 5204 3150 5271 studuerunt,
3182 5219 3290 5275 quo
3319 5205 3575 5260 infamem
3605 5206 3912 5268 redderent.

2344 5307 2401 5350 ut
2451 5296 2550 5350 nisi
2577 5295 2698 5365 quis
2722 5295 2791 5350 ab
2814 5310 2880 5350 eo
2911 5294 3110 5350 idcirco
3155 5295 3444 5360 deliceret,
3474 5296 3619 5368 quod
3661 5311 3693 5352 e
3737 5298 3917 5352 medio

2346 5387 2588 5440 sublatus
2613 5395 2779 5450 esset,
2806 5386 2993 5440 saltem
3023 5385 3143 5441 ideo
3172 5385 3448 5450 deﬁceret,
3472 5384 3616 5455 quid
3635 5387 3713 5440 sic
3738 5389 3919 5442 solus-

2349 5485 2434 5529 tus
2465 5485 2627 5530 esset.
2667 5475 2953 5544 Propterea
2981 5477 3140 5529 etiam
3173 5475 3313 5529 inter
3345 5474 3482 5528 duos
3507 5477 3742 5531 latrones
3769 5477 3919 5533 cruci

2347 5566 2540 5620 afﬁxus
2573 5576 2678 5632 est,
2712 5576 2766 5619 ut
2793 5566 2980 5619 eadem
3009 5565 3079 5620 de
3106 5566 3242 5636 ipso,
3272 5581 3336 5620 ac
3362 5565 3430 5620 de
3462 5565 3566 5619 illis
3592 5567 3923 5623 existimatio

2349 5669 2492 5715 esset
2535 5677 2549 5724 ;
2595 5673 2754 5729 atque
2799 5659 3111 5728 impleretur
3139 5658 3284 5729 quod
3311 5657 3514 5712 dictum
3562 5666 3644 5712 est
3667 5698 3682 5718 .
3712 5658 3784 5712 Et
3810 5676 3922 5714 ηικ

2357 5750 2540 5820 iniquis
2571 5762 2825 5820 rep-mnus
2849 5760 2922 5804 est
2959 5751 2978 5816 ί
3005 5749 3134 5806 lsai.
3161 5754 3248 5808 53.
3283 5751 3349 5806 li
3373 5751 3414 5819 ).
3445 5747 3554 5804 Sed
3579 5758 3729 5804 tanto
3757 5753 3924 5824 magis
