4064 6318
89 403 200 458 255

71 518 257 570 etucet
290 519 501 573 veritas
528 562 542 584 ,
580 529 727 574 tanto
753 522 1011 577 illustrior
1039 524 1303 578 redditur.
1327 523 1507 592 Longe
1533 525 1676 580 enim

75 607 380 673 pulchrius
431 624 589 680 atque
638 611 992 668 admiratione
1056 614 1270 684 dignius
1316 614 1680 683 spectaculum

71 707 332 766 apparet.
365 715 487 754 cum
517 711 594 755 tot
615 704 681 754 ab
704 703 945 758 hostibus
970 706 1227 761 adversus
1256 707 1426 774 ipsius
1451 707 1675 776 gloriam

72 792 331 849 artiﬁciis
377 811 440 848 ae
470 798 732 851 machinis
761 799 1010 854 adhibitis
1031 842 1046 866 ,
1100 802 1348 869 splendet
1379 814 1554 856 tamen
1585 803 1672 857 illa

70 895 124 935 et
161 887 344 953 magis
378 885 560 955 fulget.
605 888 680 942 Illi
712 891 852 944 enim
885 907 988 945 non
1019 892 1188 945 solum
1217 894 1358 962 quod
1391 892 1675 947 interfece-

72 985 197 1028 rant
224 1017 238 1037 ,
272 979 379 1031 sed
407 978 567 1033 etiam
596 981 735 1048 quod
763 981 865 1037 hoc
889 983 1049 1036 modo
1080 985 1476 1044 interfecerant.
1514 988 1672 1040 talem

72 1082 132 1120 se
161 1067 478 1124 reddidisse
511 1072 783 1138 putabant,
815 1090 971 1141 quem
1013 1074 1255 1130 homines
1282 1076 1675 1130 detestarentur

72 1171 136 1208 ae
168 1159 416 1211 maxime
447 1160 661 1228 quidem
700 1161 1096 1219 detestarentur
1122 1183 1135 1227 ;
1190 1182 1287 1219 nec
1318 1177 1491 1219 tamen
1519 1167 1674 1234 quid-

70 1262 237 1313 quam
265 1249 637 1315 proiecerunt.
667 1252 831 1306 Erant
855 1269 979 1307 vero
1004 1255 1161 1308 ambo
1184 1256 1260 1309 illi
1284 1257 1515 1310 latrones
1538 1256 1673 1308 adeo

72 1336 346 1400 scelesti;
401 1354 520 1392 nam
566 1351 751 1410 postea
791 1342 926 1395 alter
975 1354 1208 1398 mutatus
1252 1355 1370 1409 est;
1419 1356 1474 1398 tit
1511 1346 1684 1399 etiarn-

72 1426 202 1480 dum
233 1426 291 1482 in
325 1444 489 1484 cruce
517 1442 716 1494 essent,
749 1433 799 1484 in
828 1433 1000 1500 ipsum
1030 1436 1220 1501 probra
1244 1435 1485 1503 jacerent
1509 1477 1522 1498 ,
1554 1435 1672 1489 illo-

74 1534 311 1589 rumque
337 1520 571 1574 furorem
596 1537 699 1576 non
719 1524 1046 1578 conscientia
1070 1541 1288 1579 suorum
1306 1536 1667 1595 peccatorum,

71 1625 177 1662 non
207 1612 565 1679 supplicium,
600 1629 702 1666 non
733 1614 972 1680 eiusdem
1008 1631 1180 1684 pinna!
1212 1618 1487 1684 perpessio
1513 1634 1667 1671 coer-

71 1713 221 1754 ceret
255 1720 269 1755 :
301 1704 448 1771 quod
478 1706 635 1758 etiam
671 1722 806 1760 unus
853 1709 1088 1775 ipsorum
1117 1709 1292 1772 dixit,
1337 1710 1669 1778 alterumque

74 1791 351 1857 increpuit
383 1792 463 1845 liis
491 1796 666 1847 verbis
692 1813 705 1847 :
739 1795 920 1862 Neque
947 1806 998 1850 tu
1037 1799 1176 1851 times
1209 1799 1370 1853 Deum
1393 1841 1406 1864 ,
1453 1801 1589 1868 quod
1616 1803 1670 1854 in

69 1885 251 1935 eadem
277 1886 611 1940 damnatione
641 1904 812 1941 sumus
839 1888 857 1960 (
889 1889 1012 1942 Luc.
1044 1891 1132 1946 25.
1169 1892 1235 1945 40
1258 1892 1316 1961 )?
1347 1893 1513 1954 Tanta
1545 1894 1664 1946 illo-

71 1991 190 2028 rum
244 1976 593 2043 improbitas.
636 1978 740 2033 Sed
789 1981 919 2034 nihil
967 1982 1092 2034 hinc
1137 1981 1442 2037 detrimenti
1499 1984 1666 2054 ipsius

69 2066 264 2128 gloria!
314 2067 534 2120 allatum
577 2079 658 2122 est
713 2086 726 2120 :
764 2072 1122 2145 .quamohrem
1167 2074 1337 2142 inquit
1381 2091 1395 2127 :
1443 2074 1504 2127 Et
1532 2075 1666 2129 Deus

66 2157 316 2208 exultavit
349 2159 491 2210 illum
519 2202 533 2225 ,
565 2170 608 2213 et
634 2161 837 2215 donavit
863 2164 942 2216 illi
970 2181 1155 2220 nomen
1181 2205 1195 2231 ,
1245 2167 1479 2235 quodest
1510 2185 1668 2236 super

67 2263 216 2302 omne
245 2265 457 2302 nomen.

135 2336 191 2389 4.
226 2336 525 2407 Postquam
574 2341 771 2396 Paulus
815 2346 997 2400 carnis
1039 2349 1365 2403 mentionem
1412 2350 1659 2417 induxit,

68 2427 307 2482 ﬁdenter
338 2429 592 2500 deinceps
625 2435 805 2487 omnia
832 2436 918 2489 illa
947 2449 1375 2505 commemorat,
1415 2456 1534 2510 qua:
1565 2442 1660 2496 hu-

68 2516 362 2571 militatem
407 2519 661 2576 indicant.
708 2524 1013 2592 Antequam
1036 2528 1178 2580 enim
1207 2528 1408 2584 diceret
1439 2531 1661 2585 formam

67 2607 206 2658 servi
233 2611 559 2676 sumpsisse,
579 2611 718 2664 etde
740 2613 1015 2670 divinitate
1033 2616 1339 2684 dissereret,
1360 2620 1478 2673 vide
1503 2637 1659 2690 quam

64 2696 283 2750 excelse
308 2715 325 2750 :
356 2700 588 2762 excelse,
616 2703 848 2770 inquam,
878 2719 974 2772 pro
996 2706 1229 2771 viribus;
1256 2725 1375 2762 nam
1405 2711 1544 2765 illius
1580 2712 1663 2765 di-

65 2787 335 2852 gnitatem
368 2805 472 2841 non
506 2794 834 2860 assequitur;
872 2797 1088 2852 minime
1118 2801 1259 2853 enim
1300 2812 1470 2869 potest
1498 2820 1510 2854 :
1536 2803 1660 2857 Cum

68 2876 116 2924 in
144 2878 325 2944 [arma
354 2877 446 2930 Dei
482 2890 629 2946 esset,
657 2883 846 2950 inquit,
879 2902 976 2939 non
1003 2891 1238 2955 rapinam
1272 2892 1561 2946 arbitratus‘
1587 2906 1660 2947 est

65 2983 168 3018 esse
193 2984 252 3020 se
271 2971 526 3038 caua/em
547 2972 650 3026 Deo
670 2989 688 3025 :
713 2985 765 3028 at
788 2985 1068 3046 postquam
1091 2980 1223 3032 dixit
1246 2981 1517 3037 hominem
1540 3000 1659 3040 esse
1722 3004 1728 3008 ‘

66 3061 266 3112 factum
298 3101 316 3124 ,
351 3061 576 3117 ﬁdenter
603 3064 800 3120 deinde
839 3083 958 3136 qua:
988 3068 1210 3124 humilia
1260 3082 1385 3126 sunt
1414 3074 1614 3143 profert
1641 3118 1654 3141 ,

67 3151 162 3202 hoc
183 3151 382 3218 fretus,
407 3156 608 3209 nullum
631 3159 892 3213 divinitati
916 3161 1166 3216 damnum
1191 3164 1486 3233 importari,
1513 3170 1654 3237 quod

68 3240 289 3294 humilia
322 3243 389 3296 de
417 3244 580 3311 ipsius
604 3263 765 3303 carne
791 3264 1278 3308 commemorantur
1302 3297 1316 3319 ,
1353 3258 1448 3310 ista
1481 3259 1652 3313 susci-

68 3332 266 3396 piente.
318 3332 538 3403 Ili-apter
563 3339 698 3406 quod
723 3348 768 3392 et
799 3339 932 3393 Deus
953 3344 1190 3396 multavit
1218 3345 1383 3413 illum,
1417 3359 1462 3400 et
1483 3351 1650 3403 dona-

63 3425 127 3473 rit
153 3424 234 3476 illi
267 3442 453 3478 nomen
481 3467 496 3490 ,
529 3430 664 3496 quod
689 3439 763 3483 est
787 3448 942 3499 super
968 3450 1117 3487 onore
1145 3453 1325 3489 nomen
1346 3479 1359 3503 ,
1393 3451 1447 3491 ut
1475 3441 1525 3493 in
1557 3459 1651 3494 no-

65 3513 195 3566 mine
221 3513 354 3567 Jesu
377 3533 523 3570 omne
543 3535 672 3587 genu
694 3522 946 3589 ﬂectatur,
979 3527 1251 3580 caelestium
1276 3539 1320 3581 et
1344 3533 1653 3586 terrestrium

63 3612 105 3652 et
131 3606 480 3673 inferuerunt,
515 3620 561 3660 et
591 3611 754 3664 omnis
780 3612 956 3682 lingua
988 3617 1308 3683 conﬁteatur,
1334 3624 1451 3689 quia
1469 3621 1652 3676 Domi-

65 3711 151 3746 nus
177 3693 416 3750 Christus
443 3698 593 3752 Jesus
624 3700 674 3753 in
701 3703 916 3770 gloriam
941 3703 1038 3759 Dei
1067 3706 1258 3777 Patris.
1289 3711 1533 3765 Dicamus
1558 3714 1653 3767 ad-

67 3800 247 3837 versus
276 3787 560 3843 lucri-tiens
581 3809 592 3843 :
615 3791 668 3845 Si
689 3793 802 3847 hare
825 3795 891 3849 de
909 3811 1010 3849 nun
1032 3798 1306 3854 incarnato
1332 3803 1646 3872 afferuntur,

63 3876 104 3925 si
129 3877 192 3929 de
221 3876 342 3931 Deo
368 3878 559 3944 Verbo,
594 3885 862 3951 quomodo
885 3887 1054 3955 ipsum
1083 3893 1331 3946 exaltavit
1354 3895 1375 3945 ?
1402 3911 1467 3947 an
1495 3899 1648 3965 quasi

67 3965 178 4030 plus
228 3968 433 4037 aliquid
466 3972 512 4023 ei
542 3972 794 4028 dederit?
844 3978 981 4047 Ergo
1013 3979 1111 4032 hac
1153 3983 1366 4050 quidem
1401 4003 1464 4038 ex
1497 3999 1648 4055 parte

71 4056 415 4123 imperfectus
446 4071 592 4127 crat,
626 4072 678 4117 et
710 4077 927 4135 propter
955 4086 1052 4123 nos
1096 4073 1324 4128 obtinuit
1354 4078 1646 4144 perfectio-

66 4163 202 4202 nem.
267 4153 480 4205 Etenim
527 4156 629 4207 nisi
687 4157 839 4211 nobis
893 4160 1277 4229 heneiecisset,
1317 4183 1421 4222 non
1478 4171 1646 4225 hono-

64 4255 168 4292 rem
216 4241 380 4294 istum
427 4255 571 4299 esset
609 4260 990 4317 con-equu‘tus.
1046 4254 1116 4306 Et
1145 4259 1387 4325 donavit,
1435 4263 1641 4332 inquit,

63 4346 258 4384 nomen.
298 4331 438 4385 Ecce
463 4350 528 4388 ne
559 4352 751 4391 nomen
775 4341 986 4407 quidem
1013 4384 1026 4406 ,
1061 4357 1313 4414 quantum
1341 4362 1513 4406 vestra
1543 4357 1644 4411 fert

60 4421 255 4485 opinio,
293 4421 545 4477 habebat.
587 4428 868 4493 Quomodo
895 4449 1055 4497 vero,
1091 4438 1132 4488 si
1166 4438 1213 4490 id
1247 4441 1390 4509 quod
1417 4445 1517 4497 sibi
1543 4445 1640 4500 de-

61 4701 108 4740 et
132 4694 289 4759 quale
323 4693 394 4747 sit
445 4697 581 4750 istud
627 4713 861 4767 nomen,
916 4706 1209 4764 rideamus.
1255 4711 1324 4767 Ut
1355 4716 1405 4768 in
1437 4722 1637 4775 nomine

56 4776 170 4832 Iesu
199 4782 432 4846 Christi,
464 4774 652 4855 inquit,
684 4807 831 4845 omne
854 4811 985 4861 genu
1013 4799 1264 4865 ﬂectatur.
1309 4805 1512 4862 Nomen
1546 4812 1633 4864 isti

59 4871 269 4930 gloriam
326 4874 768 4942 interpretantur.
829 4883 955 4938 ﬂare
999 4887 1157 4954 igitur
1198 4893 1366 4961 gloria
1415 4913 1631 4953 omnem

59 4957 265 5017 gloriam
289 4976 512 5030 stipi-rat
538 4968 736 5035 :gloria
759 4980 956 5037 autem,
982 4957 1245 5045 inquirant,
1279 4986 1496 5039 omnino
1520 4988 1632 5042 ha-e

59 5055 162 5108 est,
194 5050 350 5103 illum
383 5069 576 5122 nempe
604 5058 851 5115 adorare.
884 5062 1065 5134 Longe
1095 5069 1293 5124 abestis
1324 5089 1350 5125 a
1389 5075 1478 5129 Dei
1513 5064 1654 5130 ma:

57 5136 320 5200 guitudine
343 5185 360 5204 ,
393 5158 489 5198 vos
513 5147 603 5214 qui
634 5148 798 5204 Deum
829 5168 986 5209 nosse
1016 5161 1215 5226 putatis
1239 5204 1251 5227 ,
1309 5175 1364 5218 ut
1398 5168 1508 5234 ipse
1539 5186 1626 5224 se-

60 5225 214 5290 ipsnm
246 5232 422 5288 novit.
455 5237 614 5305 Atqui
643 5239 724 5292 rel
747 5241 884 5295 istud
913 5225 1042 5300 satis
1073 5225 1285 5316 indit-at,
1317 5269 1569 5324 quanttnn
1597 5278 1624 5315 a

59 5327 186 5372 recta
209 5322 278 5374 de
327 5323 440 5376 Deo
469 5330 732 5385 sententia
773 5333 956 5388 absitis
988 5354 1002 5391 :
1033 5351 1283 5396 ea-terum
1317 5347 1415 5401 hoc
1462 5352 1624 5405 etiam

5 5409 24 5427 '
61 5405 314 5465 indicabit.
365 5412 508 5478 "me,
542 5419 628 5472 die
648 5422 775 5474 mihi
799 5464 813 5488 ,
839 5425 1012 5493 gloria
1033 5432 1154 5483 est?
1183 5433 1322 5504 Ergo
1342 5450 1622 5510 antequam

850 5491 864 5493 _
1255 5491 1283 5504 ιι
1443 5491 1622 5510 “⁷Ι⁷“““”

59 5491 283 5555 homines
331 5502 458 5558 facti
487 5519 710 5575 essent,
753 5523 1034 5582 antequam
1083 5525 1293 5591 angeli,
1340 5541 1622 5600 antequam

58 5585 390 5660 archangeli,
441 5611 546 5649 non
593 5610 709 5653 erat
762 5603 1030 5672 ingloria.
1076 5611 1284 5669 Etenim
1329 5620 1370 5672 si
1418 5621 1528 5676 inec
1560 5641 1620 5680 ea

56 5675 198 5734 βιοῖ-ξπ
229 5690 313 5733 est
339 5722 353 5741 ,
386 5698 510 5750 qua:
539 5699 774 5756 superat"
803 5709 1015 5752 omnem
1046 5701 1268 5768 gloriam
1293 5724 1307 5771 ;
1351 5707 1450 5764 hoc
1477 5715 1618 5770 enim

55 5760 332 5830 signiﬁcant
364 5772 454 5826 illa
489 5778 683 5846 verba,
718 5782 868 5848 Quod
893 5797 962 5841 est
1016 5806 1165 5860 super
1206 5811 1350 5851 omne
1397 5808 1617 5873 name»;

982 413 1046 468 IN
1089 412 1301 466 El‘lST.
1345 415 1432 467 AD
1473 413 1757 470 PillLlPP.
1789 415 1942 470 CAP.
1985 416 2042 471 11.
2091 418 2318 476 ll0.\llL.
2367 424 2474 478 \‘ll.

3263 431 3367 492 Ξιι

1786 537 1930 581 certe
1947 531 2158 584 tametsi
2183 533 2239 585 in
2255 533 2422 616 gloria
2449 546 2584 604 erat,
2610 546 2663 592 at
2683 539 2868 596 saltem
2894 544 2944 597 in
2970 546 3176 602 minore
3203 565 3360 619 qna-n

1786 632 1925 672 mute
1953 619 2043 672 sit.
2079 621 2202 675 ‘lluc
2231 603 2390 693 igitur
2419 603 2688 696 spectans,
2718 642 2772 686 et
2797 634 2865 687 oh
2890 637 3028 692 hanc
3056 651 3282 693 causam.
3301 650 3362 695 Il

1784 708 2002 776 gloriam
2032 725 2427 782 assequeretur,
2443 720 2617 773 omnia
2649 723 2907 791 condidit,
2932 742 3037 781 non
3055 738 3230 783 autem
3261 731 3362 785 bo.

1785 797 1948 854 nitate
1977 800 2254 870 adductos,
2278 807 2371 861 sed
2405 808 2612 879 indigus
2635 811 2840 882 glorias,
2861 831 2981 886 qua:
3002 833 3030 871 a
3060 821 3214 876 nobis
3241 838 3363 891 pro-

1785 889 2151 949 ficisceretur?
2180 895 2378 953 Videtis
2421 905 2748 959 amentiam?
2774 909 2960 965 videtis
2988 889 3314 982 impietatem
3337 918 3362 969 ἲ

1784 982 1964 1051 Itaque
1994 985 2037 1039 si
2074 987 2185 1041 lucc
2213 989 2278 1043 de
2319 983 2594 1048 incarnato
2621 997 2882 1061 dicerent.
2917 1013 3063 1059 recte
3091 1005 3358 1066 dicerent;

1781 1067 1905 1126 sinit
1932 1074 2073 1128 enim
2123 1077 2261 1134 Deus
2305 1081 2535 1138 Verbum
2581 1086 2651 1142 de
2697 1104 2859 1145 carne
2905 1092 3020 1149 haec
3056 1096 3199 1162 dici;
3249 1115 3357 1154 non

1781 1165 2183 1223 enimdirinam
2229 1184 2468 1230 naturam
2502 1189 2759 1250 tangunt,
2793 1185 2886 1239 sed
2918 1189 3095 1242 omnia
3127 1189 3179 1243 in
3208 1207 3356 1246 tuco-

1781 1259 1978 1322 nomia,
2009 1261 2057 1314 id
2085 1273 2166 1316 est
2197 1264 2248 1318 in
2278 1280 2547 1338 assumpta
2573 1272 2902 1332 humanitate
2933 1278 3137 1336 haerent
3167 1299 3180 1336 :
3216 1300 3356 1339 nunc

1779 1361 1907 1400 vero
1922 1349 1987 1402 ad
2014 1351 2264 1410 deitatem
2293 1357 2388 1411 ista
2415 1361 2644 1432 maligne
2661 1369 3190 1429 accommodantibus
3213 1377 3357 1432 nulla

1777 1451 2019 1506 superest
2047 1446 2216 1497 venia.
2250 1448 2612 1513 Quamobrem
2632 1495 2646 1517 ,
2696 1455 2741 1509 si
2789 1460 3002 1528 quando
3029 1462 3342 1531 dixerimus,

1778 1528 2057 1587 Hominem
2097 1535 2232 1590 Deus
2274 1540 2400 1594 fecit
2446 1543 2841 1618 immortalem,
2894 1553 3102 1609 etiamsi
3131 1556 3198 1612 de
3233 1569 3357 1617 toto

1775 1617 1981 1688 dicam,
2017 1625 2143 1693 quid
2174 1627 2344 1682 dicam
2392 1633 2521 1688 scio.
2563 1635 2709 1704 Quid
2739 1617 2865 1696 vero
2921 1645 3005 1698 illa
3048 1648 3147 1703 sibi
3194 1652 3356 1707 verba

1777 1710 1980 1776 volunt,
2010 1715 2294 1771 Ca'lestium
2317 1731 2363 1773 et
2388 1728 2695 1781 terrestrium
2725 1740 2771 1784 et
2799 1732 3142 1801 infernarum?
3169 1739 3224 1795 Id
3246 1754 3354 1809 est,

1775 1801 1949 1854 omnis
1980 1807 2208 1860 mundus
2233 1850 2247 1872 ,
2296 1819 2358 1865 et
2380 1816 2549 1883 angeli
2579 1828 2633 1872 et
2685 1821 2933 1879 homines
2958 1839 3009 1881 et
3037 1828 3311 1888 daemones
3339 1854 3353 1886 ε

1775 1889 1856 1941 vel
1891 1890 1989 1946 hoc
2021 1896 2316 1966 signiﬁcat,
2367 1911 2428 1955 et-
2456 1905 2593 1971 justi.
2618 1917 2671 1962 et
2711 1923 3038 1978 peceatores.
3085 1919 3149 1972 Et
3187 1926 3350 1978 omnis

1772 1978 1946 2049 lingua
1994 1988 2331 2055 conﬁteatur,
2381 1996 2500 2063 quia
2546 1995 2796 2055 Dominus
2839 2004 2988 2059 Iesus
3028 2009 3256 2068 Christus
3303 2019 3355 2069 in

1770 2071 1984 2138 gloriam
2013 2074 2110 2128 Dei
2145 2078 2331 2135 Patr-is.
2383 2085 2434 2138 Id
2466 2096 2574 2149 cst.
2610 2102 2665 2144 ttt
2693 2110 2879 2149 omnes
2913 2098 3012 2153 hoc
3043 2104 3218 2158 dicant
3252 2125 3264 2160 :
3299 2109 3352 2161 Id

1774 2178 1898 2216 vero
1938 2166 2105 2234 gloria
2153 2171 2324 2228 Patris
2368 2186 2469 2232 est.
2531 2181 2689 2238 Vides
2740 2188 2971 2258 ubique,
3019 2209 3138 2248 cum
3186 2199 3353 2255 Filius

1767 2253 2093 2322 gloriﬁcatur
2117 2303 2129 2324 ,
2162 2265 2447 2332 gloriﬁcari
2501 2271 2758 2331 Patrem?
2797 2253 2980 2337 Itidem
3013 2302 3142 2341 vero
3186 2281 3362 2347 dede?

1768 2356 1965 2413 cerato.
1991 2343 2502 2415 Filio‘dedecorator
2536 2365 2696 2420 etiam
2744 2369 2920 2429 Pater.
2953 2375 3084 2430 Nam
3131 2381 3175 2436 si
3204 2387 3346 2450 apud

1770 2449 1865 2489 nos
1896 2438 1995 2494 hoc
2027 2441 2121 2509 ﬁt,
2173 2446 2258 2500 ubi
2289 2450 2424 2504 inter
2455 2464 2658 2521 patrem
2689 2469 2741 2512 et
2771 2461 2908 2517 lilios
2938 2468 3162 2523 multum
3200 2438 3340 2527 inte-

1767 2540 1908 2606 rest;
1939 2535 2106 2589 multo
2135 2542 2301 2609 magis
2330 2544 2380 2596 in
2417 2545 2530 2600 Deo
2553 2589 2565 2609 ,
2595 2549 2681 2604 ubi
2713 2553 2842 2608 nihil
2873 2557 3199 2617 discriminis
3219 2605 3234 2628 ,
3287 2567 3338 2621 in

1769 2621 1940 2690 ipsum
1969 2637 2021 2680 et
2056 2628 2227 2687 honor
2249 2644 2302 2689 et
2326 2635 2925 2703 dedecus'redundabit.
2951 2651 3081 2706 Nam
3109 2655 3152 2709 si
3179 2660 3347 2725 orbis,

1768 2713 1974 2784 inquit,
2013 2719 2165 2776 fuerit
2197 2727 2464 2795 subjectus
2494 2732 2630 2787 Filio
2655 2777 2670 2801 ,
2703 2737 2802 2793 hoc
2842 2743 3008 2812 gloria
3039 2756 3121 2802 est
3151 2747 3344 2809 Patris.

1769 2804 1906 2874 lit-go
1936 2820 1988 2862 et
2015 2816 2134 2866 cn'm
2163 2816 2386 2874 dicimus
2416 2837 2534 2876 esse
2566 2828 2853 2894 perlectum
2879 2875 2894 2897 ,
2949 2852 3052 2890 non
3099 2841 3342 2913 indigen-

1768 2903 1871 2948 tem
1897 2939 1911 2963 ,
1948 2900 2112 2956 nihilo
2152 2907 2413 2964 minorem
2447 2913 2605 2970 Patre
2629 2959 2643 2981 ,
2697 2920 2811 2975 hare
2837 2923 3004 2993 gloria
3039 2927 3211 2985 Patris
3239 2946 3342 2988 est.

1768 2987 1878 3043 lloe
1904 3001 1959 3045 et
1988 2998 2237 3062 potentiae
2266 3001 2431 3068 ipsius
2459 3023 2706 3077 maguum
2737 3013 2987 3071 iudicium
3015 3030 3066 3073 et
3093 3021 3346 3081 bonitatis

1764 3092 1816 3133 et
1845 3084 2118 3151 sapientia:
2143 3130 2158 3154 ,
2191 3093 2330 3160 quod
2363 3095 2552 3152 Filium
2583 3105 2736 3157 talem
2767 3110 2967 3174 genuit,
3000 3114 3141 3180 quod
3176 3117 3343 3174 nihilo

1764 3172 2044 3238 minorem,
2081 3194 2250 3246 tneque
2272 3186 2410 3252 quod
2440 3189 2504 3267 ad
2536 3172 2822 3250 bonitatem
2855 3240 2869 3263 ,
2906 3172 3078 3274 neque
3107 3209 3247 3275 quod
3273 3172 3341 3265 ad

1761 3261 2075 3328 sapientiam
2129 3271 2318 3326 attinet
2379 3261 2508 3330 Cuin
2540 3285 2832 3351 sapientem
2866 3261 3135 3350 esse'dico
3164 3307 3220 3352 ut
3251 3300 3341 3356 Pa-

1759 3358 1918 3418 trem,
1947 3363 2000 3407 et
2021 3357 2186 3411 nihilo
2209 3365 2490 3431 minorem,
2518 3369 2616 3424 hoc
2643 3390 2847 3444 magna:
2870 3381 3040 3438 Patris
3066 3390 3342 3458 sapientia:

1764 3441 2014 3500 indicium
2059 3460 2143 3504 est
2173 3470 2187 3504 :
2219 3468 2338 3509 cum
2365 3458 2486 3514 dico
2514 3473 2785 3532 potentem
2817 3488 2968 3542 atque
2998 3493 3118 3534 esse
3143 3497 3206 3537 ac
3233 3484 3338 3539 Pa-

1761 3543 1936 3603 trem,
1971 3538 2071 3595 hoc
2101 3542 2349 3612 potentia:
2396 3552 2567 3611 Patris
2599 3558 2849 3617 indicium
2893 3578 3012 3621 est:
3048 3584 3172 3629 cum
3215 3578 3337 3632 uice

1759 3624 1954 3681 bonum
1986 3646 2103 3686 esse
2134 3635 2258 3690 item
2292 3650 2348 3693 ut
2379 3641 2608 3712 Patrem,
2640 3647 2740 3704 hoc
2774 3652 3026 3712 bonitatis
3053 3675 3340 3732 argumeno

1760 3723 1868 3770 tuin
1902 3723 2192 3778 maximum
2220 3768 2234 3792 ,
2264 3730 2351 3798 qui
2384 3734 2538 3788 talem
2579 3742 2862 3810 genuerit,
2893 3761 2952 3800 se
2981 3764 3084 3803 non
3118 3753 3336 3811 inferio-

1759 3824 1869 3862 rem
1902 3827 2074 3880 neqne
2105 3818 2397 3887 minorem,
2438 3829 2527 3895 qtii
2577 3847 2906 3903 nequaquam
2939 3838 3056 3910 ipso
3096 3847 3164 3898 sit
3204 3847 3339 3903 infu-

1741 3899 1882 3963 ‘rior,
1919 3919 2256 3976 nequaquam
2284 3914 2456 3969 minor
2486 3927 2644 3989 atque
2670 3924 2878 3994 indigus
2898 3948 2909 3983 :
2932 3947 3053 3987 cum
3083 3935 3202 3990 dico
3228 3955 3332 3994 non

1754 4004 1874 4045 esse
1907 3995 2166 4052 minorem
2199 4004 2492 4060 secundum
2520 4014 2808 4069 essentiam
2835 4057 2849 4082 ,
2896 4021 2988 4074 sed
3032 4028 3326 4093 :equalem-.

1754 4097 1926 4148 neque
1964 4086 2180 4142 alterius
2223 4107 2343 4147 esse
2385 4097 2696 4154 substantia:
2729 4122 2742 4155 :
2773 4105 2897 4162 hinc
2942 4113 3100 4167 etiam
3145 4133 3333 4174 rursus

1754 4169 1916 4226 Deum
1959 4178 2255 4235 mirabilem
2308 4187 2570 4253 prmdico,
2622 4203 2673 4245 et
2729 4199 3017 4263 potentiam
3067 4205 3230 4274 ipsius
3273 4220 3329 4266 et

1753 4266 2041 4321 bonitatem
2069 4281 2120 4325 et
2152 4275 2490 4346 sapientiam,
2520 4282 2608 4351 qui
2642 4285 2801 4341 alium
2827 4305 2892 4344 ex
2916 4310 2974 4348 se
3004 4301 3156 4354 nobis
3182 4304 3326 4372 ejns~

1751 4358 1891 4411 modi
1924 4365 2242 4429 prompserit
2268 4407 2282 4429 ,
2319 4367 2418 4422 hoc
2447 4385 2691 4441 excepto,
2716 4381 2856 4445 quod
2888 4382 3050 4442 Pater
3075 4407 3181 4446 non
3213 4409 3316 4452 est.

1748 4448 2140 4518 Quamobrem,
2190 4472 2540 4530 qumcnmque
2582 4465 2649 4519 de
2693 4467 2830 4525 Filio
2875 4491 3061 4547 magna
3092 4482 3279 4540 dixero
3309 4535 3324 4554 ,

1747 4542 1921 4594 omnia
1955 4542 2068 4599 hsec
2097 4547 2148 4598 in
2182 4547 2392 4605 Patrem
2424 4555 2816 4616 redundabant.
2845 4542 3046 4624 Nanisi
3076 4542 3324 4646 exiguuni

1747 4629 1884 4684 istud
1925 4649 1987 4688 ac
2014 4635 2130 4689 lere
2156 4653 2170 4701 ;
2201 4641 2449 4710 exiguum
2494 4647 2634 4701 enim
2661 4650 2730 4704 ad
2766 4654 2853 4708 Dei
2883 4657 3108 4727 gloriam
3144 4678 3224 4722 est
3250 4711 3263 4732 ,
3296 4690 3324 4726 a

1744 4725 1942 4778 mundo
1967 4727 2110 4781 illum
2134 4729 2376 4797 adorari;
2399 4738 2463 4790 ad
2486 4738 2708 4808 gloriam
2734 4745 2826 4801 Dei
2851 4725 3100 4823 pertinet,
3125 4774 3324 4828 quanto

1744 4818 1911 4886 magis
1934 4820 2132 4890 reliqua
2163 4826 2336 4879 omnia
2368 4828 2393 4880 ἲ

1740 5009 1816 5052 tas
1843 5000 2140 5056 Christianis
2179 5010 2436 5074 competit.
2457 5040 2528 5050 —-
2550 5013 2841 5072 Credamus
2869 5023 3027 5090 igitur
3055 5028 3119 5081 ad
3153 5032 3320 5100 ipsius

1736 5090 1956 5158 gloriam
1981 5133 1994 5154 ,
2020 5103 2072 5144 et
2095 5093 2333 5148 vivamus
2352 5098 2418 5151 ad
2445 5099 2610 5169 ipsius
2636 5105 2858 5174 gloriam
2893 5129 2904 5164 :
2935 5113 3155 5172 alterius
3174 5090 3316 5177 enim

1738 5183 1851 5236 sine
1901 5183 2068 5237 altero
2117 5187 2263 5240 nulla
2313 5190 2535 5244 utilitas.
2586 5194 2750 5262 Nam,
2808 5217 2928 5256 cum
2978 5207 3123 5263 illum
3172 5227 3316 5268 recte

1736 5273 1947 5340 quidem
1992 5275 2388 5344 gloriﬁcamus,
2434 5283 2525 5336 sed
2573 5301 2676 5339 non
2722 5301 2869 5347 recte
2898 5295 3153 5367 vivimus,
3190 5314 3313 5361 tunc

1738 5365 1967 5418 maxime
1998 5364 2047 5417 in
2092 5366 2260 5434 ipsmn
2303 5375 2673 5430 contumeliosi
2719 5393 2936 5449 sumus,
2979 5388 3174 5459 quippe
3221 5400 3312 5463 qui

1734 5455 1879 5507 illum
1923 5456 2204 5510 Dominum
2245 5475 2308 5513 ac
2349 5461 2651 5531 Magistrum
2701 5455 3010 5538 proﬁtentes
3035 5455 3301 5542 ,—niltilo~

1733 5545 1905 5599 minus
1935 5562 2054 5600 eum
2096 5554 2521 5623 contemnimus,
2570 5574 2666 5613 nec
2696 5565 2930 5621 terribile
2976 5569 3103 5626 illud
3139 5577 3304 5632 tribu-

1731 5637 1814 5689 nal
1845 5639 2288 5704 pertimescimus.
2339 5644 2549 5702 Etenim
2592 5650 2808 5708 Graecos
2846 5661 3303 5737 quidem’impure

1728 5727 1935 5792 vivere,
1978 5744 2150 5799 neque
2187 5732 2484 5806 mirandum
2529 5748 2643 5804 est,
2690 5758 2861 5813 neque
2893 5759 3040 5804 tanto
3079 5753 3295 5820 dignum

1728 5813 1988 5882 supplicio
2033 5833 2045 5870 :
2089 5824 2142 5868 at
2195 5813 2529 5877 Christianos
2592 5836 2859 5883 tantorutn
2929 5847 3302 5899 mysteriorum
