4064 6318
735 508 1055 584 participes,
1094 508 1362 568 utiturque
1405 492 1591 566 gloria
1633 496 1945 584 conmotus,
1973 485 2108 542 adeo
2136 485 2312 554 impu-

736 583 854 662 ram
883 600 1046 655 vitam
1071 595 1254 649 vivere
1274 631 1290 657 ,
1338 589 1441 643 hoc
1464 593 1578 651 est,
1620 583 1768 654 quod
1792 595 2003 634 onmem
2032 585 2320 647 exsuperat

739 689 1174 763 improbitatem,
1222 682 1476 749 nulloque
1518 685 1675 745 pacto
1704 671 2006 763 ferendum.
2030 668 2136 763 _Dic
2171 667 2316 763 enim

740 755 868 840 mihi
903 777 1189 834 :Christns
1214 785 1384 840 usque
1432 767 1497 821 ad
1545 766 1725 821 ultima
1773 759 2095 816 obedientiat
2142 755 2319 809 ofﬁcia

740 870 1057 935 descendit;
1110 876 1392 937 propterea
1445 858 1511 912 ad
1563 855 1831 910 excelsum
1893 853 2039 905 illum
2101 847 2321 902 honoris

741 964 964 1034 gradum
993 957 1233 1028 pervenit
1263 972 1277 1009 :
1306 966 1492 1007 servus
1526 949 1691 1003 fartus
1729 954 1850 1009 est;
1891 951 2172 1014 prapterea
2201 954 2320 992 nm-

749 1056 895 1111 nium
940 1053 1114 1108 factus
1137 1057 1221 1102 est
1259 1043 1514 1099 Dominus
1534 1079 1550 1104 ,
1582 1047 1638 1092 et
1676 1035 1986 1106 angelorum
2017 1041 2072 1086 et
2098 1040 2323 1083 cratere-

746 1160 865 1202 rum
905 1141 1165 1197 omnium.
1218 1134 1576 1204 Quamobrem
1627 1142 1728 1182 nos
1755 1125 1916 1180 etiam
1964 1139 2030 1176 ne
2072 1122 2140 1175 de
2181 1127 2321 1173 statu

742 1233 1015 1305 dignitatis
1045 1239 1242 1284 nostra:
1278 1224 1437 1292 dejici
1462 1220 1830 1277 existimemus
1849 1257 1865 1281 ,
1897 1228 2024 1305 eum
2051 1209 2323 1305 nasi-psus

746 1300 1222 1380 lnimiliaverimns.
1270 1315 1422 1371 Tunc
1457 1313 1599 1367 enim
1643 1308 1817 1378 potius
1862 1319 1987 1358 vere
2015 1303 2066 1355 in
2097 1300 2324 1355 sublime

746 1416 1003 1475 ferimur;
1034 1421 1160 1463 tunc
1195 1406 1424 1460 maxime
1450 1401 1594 1472 digiti
1621 1411 1808 1454 sumus
1835 1394 1921 1464 qui
1953 1391 2321 1462 suspiciamur.

746 1505 898 1574 Quod
925 1504 1070 1558 enim
1097 1497 1341 1554 sublimis
1368 1495 1438 1549 sit
1466 1489 1683 1547 humilis
1703 1529 1720 1556 ,
1752 1486 1967 1542 humilis
1998 1499 2124 1538 vero
2138 1480 2322 1574 ﬁsublif

745 1571 884 1661 suis,
935 1591 1132 1649 sufﬁcit
1174 1589 1241 1644 ad
1277 1586 1435 1641 ﬁdem
1483 1580 1778 1638 faciendam
1831 1577 1914 1632 vel
1970 1590 2072 1628 una
2123 1571 2322 1627 Christi

748 1687 1011 1744 sententia
1044 1685 1147 1738 hoc
1176 1678 1528 1752 pronuntians
1557 1690 1571 1727 :
1600 1679 1970 1727 verumtamen
1996 1668 2163 1736 ipsam
2189 1678 2323 1732 quoa

748 1797 852 1848 que
877 1777 954 1832 rei
999 1783 1244 1828 naturam
1276 1767 1686 1840 perpendamus.
1738 1760 1874 1828 Quid
1903 1768 1986 1814 est
2021 1752 2328 1848 humiliari?

749 1845 927 1923 ginno"
975 1862 1316 1932 vituperari?
1376 1872 1554 1918 annon
1621 1851 1894 1915 accusari,
1950 1857 2006 1903 et
2049 1845 2328 1901 calumniis

748 1961 858 2032 peti
880 1954 1070 2022 ?-Quid
1108 1967 1237 2007 vero
1264 1946 1530 2004 exaltari?
1561 1957 1739 1997 nonne
1766 1935 2060 1992 honorari?
2090 1933 2326 1989 laudari?

749 2029 805 2107 in
835 2061 1022 2118 magna
1049 2043 1219 2116 gloria
1241 2040 1406 2096 esse?
1437 2039 1620 2091 necte.
1656 2031 1942 2086 Videamus
1971 2029 2132 2098 igitur
2152 2066 2170 2092 ,
2196 2039 2330 2095 quo-

750 2140 914 2197 modo
956 2137 1024 2192 ad
1050 2137 1166 2191 hazc
1195 2129 1555 2204 perveniatur.
1601 2125 1832 2194 Angelus
1858 2131 1974 2176 erat
2018 2129 2170 2172 satin
2191 2157 2207 2182 ,
2240 2131 2328 2171 se-

752 2235 927 2304 ipsutu
947 2226 1200 2286 exaltavit
1224 2241 1237 2278 :
1262 2221 1388 2293 quid
1412 2219 1612 2290 igitur?
1640 2229 1815 2269 nonne
1836 2212 2075 2267 omnium
2103 2208 2332 2262 maxime

753 2303 838 2379 est
869 2321 1180 2377 humiliatus
1199 2316 1224 2368 ?
1250 2328 1426 2369 nonne
1452 2310 1608 2366 sedes
1638 2307 1807 2378 ipsius
1837 2316 1978 2361 terra
2000 2303 2126 2358 est?
2155 2314 2333 2355 nonne

755 2415 824 2470 ab
840 2410 1091 2468 omnibus
1107 2413 1404 2467 accusatur,
1427 2401 1772 2468 omniumque
1788 2393 2141 2461 criminationi
2168 2391 2334 2462 patet?

759 2506 932 2561 llosno
957 2511 1074 2559 erat
1100 2498 1317 2562 Paulus,
1360 2491 1655 2550 bnmiliavit
1679 2491 1911 2572 scipsum
1941 2505 1955 2542 :
1983 2485 2109 2557 quid
2135 2484 2334 2555 igitur?

755 2610 937 2652 annon
961 2588 1280 2661 suspicitur?
1300 2600 1475 2641 annon
1496 2582 1740 2638 laudibus
1755 2589 1912 2649 atque
1926 2577 2183 2632 encomiis
2203 2576 2337 2631 cele-

761 2689 946 2743 bratur
963 2685 989 2738 ?
1011 2697 1189 2738 annon
1213 2678 1410 2734 Christi
1432 2676 1633 2730 amicus
1657 2673 1764 2727 est?
1800 2685 1976 2724 annon
2002 2668 2200 2737 majora
2233 2666 2336 2720 illis

759 2776 944 2837 edidit,
960 2789 1078 2844 qua:
1093 2772 1338 2828 Christus
1361 2765 1590 2821 fecerat?
1609 2776 1787 2817 annon
1807 2774 1950 2830 saepe
1968 2758 2183 2814 diabolo
2204 2767 2338 2811 tam-

758 2887 920 2942 quam
963 2864 1229 2934 mancipio
1282 2859 1602 2932 imperavit?
1628 2871 1806 2912 annon
1837 2854 2078 2909 lictorem
2105 2853 2352 2907 circum--

758 2961 955 3021 duxit?
973 2973 1151 3015 animo
1181 2952 1409 3010 ludibrio
1439 2950 1655 3004 habuit?
1681 2960 1862 3002 annon
1887 2944 2172 2999 contritum
2199 2943 2338 2997 illius

760 3061 922 3123 caput
946 3050 1058 3107 snis
1083 3045 1310 3115 subjecit
1352 3041 1617 3113 pedibus?
1646 3053 1823 3092 annon
1871 3035 1990 3091 aliis
2031 3037 2192 3090 etiam
2237 3034 2339 3088 hoc

763 3145 906 3201 idem
952 3152 1141 3210 mgna
1171 3150 1291 3192 eum
1321 3132 1534 3188 ﬁdentia
1563 3147 1591 3183 a
1622 3130 1731 3184 Deo
1781 3137 2029 3197 precatus
2052 3127 2173 3181 est?
2200 3126 2338 3194 Quid

765 3237 878 3289 hac
907 3229 1115 3287 aﬂero?
1141 3225 1340 3284 Extulit
1357 3221 1874 3292 seipsum'Absalon,
1892 3218 2086 3287 dejecit
2106 3219 2338 3287 seipsnm

767 3322 936 3380 David
966 3339 985 3378 :
1013 3331 1133 3374 uter
1180 3316 1393 3372 tandem
1442 3313 1647 3384 positus
1694 3310 1746 3364 in
1791 3309 2009 3363 excelso
2051 3309 2176 3364 est?
2220 3318 2342 3361 uter

764 3413 931 3483 gloria
950 3405 1307 3465 circumduxit
1324 3405 1348 3457 ?
1368 3401 1503 3470 Quid
1527 3400 1671 3455 enim
1694 3399 1871 3452 verbis
1897 3397 2045 3452 hisee
2066 3397 2338 3462 humilius,

764 3503 958 3575 quibus
1000 3499 1186 3553 beatus
1227 3493 1313 3548 hic
1356 3490 1614 3561 prepheta
1659 3502 1784 3557 erga
1829 3485 2008 3540 Semei
2054 3501 2181 3538 usus
2208 3494 2329 3550 est,

765 3606 889 3648 cum
929 3590 999 3644 ita
1043 3588 1279 3648 diceret,
1312 3581 1559 3636 Dimittite
1583 3594 1732 3641 eum,
1765 3586 1820 3629 ut
1865 3575 2134 3628 maledica:
2178 3576 2342 3629 mihi:
2380 3625 2382 3627 ,

767 3681 1017 3736 Dominus
1057 3677 1192 3732 enim
1225 3670 1465 3744 pracepit
1504 3666 1669 3736 ei(2.
1709 3665 1843 3735 Περ.
1893 3664 1981 3718 16.
2024 3663 2169 3734 10)⁴ἶ
2198 3664 2342 3732 lpsas

766 3786 979 3845 quoque
1005 3749 1128 3832 res,
1170 3765 1215 3819 si
1261 3763 1465 3834 placet,
1497 3755 1904 3845 exantinemus.
1926 3754 2341 3845 I‘Inmiliavitse-

769 3842 942 3935 ipsum
987 3858 1334 3930 publicanus,
1381 3845 1703 3918 quamQuam
1731 3859 1799 3899 ne
1825 3842 2036 3935 quidem
2071 3843 2343 3935 humilitas

768 3931 926 4015 erat,
957 3947 1052 4003 sed
1095 3957 1270 3997 tamen
1310 3938 1551 3994 modeste
1580 3944 1633 4015 et
1667 3931 1968 3988 verecunde
2000 3932 2336 4001 loquebatur.

770 4039 974 4096 Extulit
1015 4036 1248 4103 scipsum
1279 4027 1581 4084 Phariszeus
1611 4041 1625 4079 :
1657 4023 1750 4078 sed
1772 4063 1787 4088 ,
1832 4022 1878 4077 si
1918 4021 2084 4088 libet,
2133 4024 2347 4078 omissis

770 4129 1017 4203 personis
1043 4141 1129 4181 res
1157 4125 1299 4192 ipsas
1335 4119 1728 4175 examinemus.
1775 4115 2084 4170 Statuantur
2107 4115 2215 4170 duo
2250 4117 2348 4170 ali-

768 4226 897 4294 qui,
944 4220 1102 4276 ambo
1141 4226 1196 4272 et
1231 4213 1431 4268 divitiis
1465 4220 1520 4266 et
1553 4210 1843 4264 honoribus
1888 4209 2254 4274 abundantes,
2286 4225 2348 4265 ac

771 4329 885 4372 tum
913 4319 966 4370 in
993 4313 1252 4384 sapientia
1275 4353 1290 4377 ,
1321 4319 1431 4362 tnnt
1462 4308 1515 4362 in
1544 4308 1778 4376 potentia
1808 4316 1863 4361 et
1889 4307 1942 4359 in
1973 4306 2094 4359 aliis
2120 4305 2346 4360 munda-

774 4410 860 4463 nis
886 4405 1040 4460 bouis
1079 4403 1147 4456 de
1192 4416 1251 4453 se
1296 4399 1423 4467 ipsis
1467 4397 1746 4465 magnifice
1791 4395 2123 4449 sentientes:
2155 4394 2349 4449 deinde

774 4501 910 4553 alter
932 4493 1147 4565 quidem
1178 4490 1410 4544 honores
1438 4488 1507 4541 ab
1535 4486 1783 4539 omnibus
1814 4493 1954 4555 petat
1979 4527 1995 4549 ,
2037 4495 2090 4538 et
2131 4485 2229 4537 nisi
2255 4500 2348 4539 ac-

775 4589 938 4657 cipiat
964 4587 1222 4638 irascatur
1241 4621 1256 4642 ,
1283 4587 1336 4633 et
1366 4578 1642 4648 plus-mam
1665 4591 1800 4645 opus
1824 4587 1905 4630 est
1928 4575 2139 4643 exigat,
2173 4591 2235 4628 ac
2261 4591 2348 4630 se-

778 4681 950 4747 ipsum
997 4671 1255 4734 extollat;
1305 4669 1440 4722 alter
1501 4683 1628 4720 vero
1681 4675 1842 4721 totam
1896 4682 2007 4720 rem
2056 4666 2350 4735 despiciat,

777 4765 976 4821 nemini
1029 4762 1126 4815 hac
1164 4759 1232 4814 de
1275 4773 1432 4812 causa
1476 4765 1822 4819 succenseat,
1869 4755 2208 4824 delatumque
2252 4755 2351 4810 sibi

773 4857 1039 4910 honorem
1086 4849 1330 4918 repudiet
1357 4865 1371 4900 :
1407 4858 1524 4902 uter
1547 4888 1562 4910 ,
1602 4846 1690 4899 dic
1723 4845 1850 4900 mihi
1873 4886 1888 4908 ,
1936 4845 2104 4912 major
2133 4848 2258 4900 est?
2285 4862 2352 4899 an

777 4949 866 5012 qui
920 4947 1176 4999 honorem
1219 4958 1322 4994 non
1369 4939 1602 5008 accipit,
1636 4937 1879 5007 quamvis
1923 4936 2110 5005 petat?
2151 4953 2217 4988 an
2263 4939 2351 5005 qui

783 5037 1020 5092 delatum
1067 5033 1227 5086 etiam
1257 5028 1524 5097 despicit?
1569 5027 1852 5096 Perspicue
1880 5026 1966 5080 hic
1989 5026 2077 5094 qui
2109 5036 2351 5080 cantem-

781 5130 907 5191 tiit;
955 5134 1009 5179 ct
1056 5125 1172 5192 jure
1213 5120 1452 5190 quidem.
1500 5118 1695 5174 Gloria:
1755 5118 1897 5173 enim
1965 5118 2355 5186 consequentia:

783 5219 887 5272 alia
920 5216 1056 5270 ratio
1099 5228 1203 5266 non
1249 5221 1365 5275 est,
1411 5225 1569 5280 quam
1609 5209 1832 5280 gloriam
1863 5211 2061 5276 fugere.
2093 5208 2354 5276 Quamdiu

787 5307 930 5359 enim
961 5306 1127 5373 ipsam
1163 5299 1564 5371 persequimur,
1588 5299 1728 5368 fugit
1772 5313 1906 5360 nos;
1940 5313 2058 5351 cum
2084 5312 2209 5352 vero
2237 5312 2355 5351 eam

791 5397 1050 5467 fugimus,
1093 5395 1210 5464 ipsa
1240 5408 1337 5446 nos
1367 5390 1720 5460 lmrsequitur.
1750 5388 1804 5442 Si
1829 5389 1906 5440 vis
1931 5389 1980 5441 in
2012 5389 2177 5457 gloria
2199 5401 2318 5442 esse
2340 5429 2356 5453 ,

786 5487 1009 5557 gloriam
1053 5500 1118 5537 ne
1157 5484 1546 5549 concupiscas:
1579 5480 1623 5533 si
1671 5478 1751 5531 vis
1791 5476 1967 5531 celsus
2017 5491 2168 5538 esse,
2208 5491 2275 5529 ne
2307 5487 2358 5530 te

790 5581 902 5648 ipse
929 5576 980 5629 in
1004 5574 1231 5628 sublime
1274 5570 1487 5626 eﬁ‘eras.
1517 5571 1688 5638 Atque
1713 5566 1814 5620 alia
1844 5568 2002 5645 etiam
2045 5580 2203 5619 causa
2231 5575 2312 5619 est
2338 5606 2353 5630 ,

793 5682 890 5722 cur
910 5663 1154 5718 homines
1179 5664 1355 5717 celant
1382 5659 1600 5713 honoris
1632 5667 1736 5710 non
1768 5665 2104 5723 appetentem
2123 5696 2136 5716 .
2163 5668 2324 5730 cense
2342 5682 2358 5693 -

787 5766 1018 5813 etmtem
1052 5769 1175 5810 vero
1198 5760 1510 5808 averseutur
1547 5768 1560 5803 :
1592 5748 1808 5802 insitum
1834 5750 1975 5800 enim
2014 5741 2116 5799 huc
2143 5752 2225 5800 est
2256 5746 2353 5800 ho-

1498 379 1560 437 s.
1596 374 1875 434 JOANNIS
1909 370 2384 431 cunvsos'rom
2422 369 2737 426 .titClllEt'.
2777 368 3304 427 coasnmmor.
3923 372 4018 426 ω
4062 343 4064 346 ’

2431 483 2632 539 mlumn
2678 485 2862 555 generi
2905 486 3268 542 contentionis
3311 502 3431 543 esse
3475 487 3757 557 cupidum,
3817 499 3878 544 et
3905 504 4014 543 cum

2425 574 2653 629 aliorum
2690 574 2971 632 desideriis
3017 576 3230 633 luctari.
3275 572 3454 649 Itaque
3483 580 3861 649 despiciamus
3905 581 4013 650 glo-

2427 666 2560 721 riam
2592 685 2605 721 :
2638 667 2713 721 ita
2759 667 2903 722 enim
2951 667 3248 737 {uiterimus
3291 668 3522 726 humiles
3565 672 3677 725 ﬁeri
3706 671 3796 727 vel
3849 672 4020 740 potius

2427 760 2578 814 celsi.
2606 759 2685 816 Ne
2725 759 2952 830 teipsmu
2990 761 3218 816 extollas
3237 801 3256 828 ,
3279 772 3336 816 ut
3360 763 3431 830 ab
3453 763 3561 818 alio
3582 764 3894 818 estollaris.
3924 765 4013 830 Qui

2425 864 2457 902 a
2485 864 2544 906 se
2589 851 2706 921 ipso
2743 851 3056 920 extollitur,
3104 854 3151 907 is
3185 854 3255 909 ab
3277 854 3396 910 aliis
3427 871 3533 909 non
3573 857 3862 911 extollitur
3894 873 3908 906 ;
3936 857 4013 923 qui

2427 941 2663 1012 seipsum
2703 941 2881 1012 dejicit
2903 983 2923 1010 ,
2975 945 3021 999 is
3049 943 3120 998 ab
3146 946 3268 999 aliis
3300 962 3407 1000 non
3442 947 3714 1014 tlejicitur.
3761 947 4013 1016 Magnum

2429 1032 2732 1101 arrogantia
2780 1033 2980 1088 malum
3029 1042 3112 1090 est
3153 1051 3168 1089 :
3210 1035 3378 1092 satius
3425 1046 3509 1092 est
3556 1037 3819 1092 stolidum
3867 1053 4013 1098 esse.

2431 1135 2590 1190 quam
2635 1131 2973 1191 arrogantem
3016 1139 3030 1177 :
3083 1139 3206 1177 nam
3253 1125 3323 1179 ibi
3362 1126 3578 1192 quidem
3625 1128 3860 1181 stultitia
3913 1129 4016 1182 sola

2429 1212 2626 1266 mentis
2657 1211 2939 1268 inﬁrmitas
2968 1224 3091 1280 est;
3127 1214 3214 1270 hic
3243 1231 3369 1271 vero
3388 1217 3607 1272 stultitia
3633 1219 3884 1274 deterior
3909 1228 4015 1282 est,

2403 1309 2486 1357 .et
2509 1302 2730 1356 stultitia
2771 1318 2893 1358 cum
2925 1306 3106 1362 furore
3143 1307 3449 1375 conjuncta.
3502 1307 3738 1363 Stolidus
3766 1310 3879 1364 sibi
3926 1310 4016 1378 ipsi

2433 1403 2619 1458 nocet,
2660 1409 2919 1466 arrogans
2971 1411 3104 1451 vero
3137 1398 3364 1453 aliorum
3405 1400 3566 1454 etiam
3613 1401 3887 1469 pernicies
3917 1413 4010 1456 est.

2431 1483 2474 1536 Δ
2523 1483 2790 1538 dementia
2837 1484 2925 1540 hic
2966 1488 3185 1542 morbus
3245 1499 3554 1558 procreatur
3585 1510 3597 1545 :
3628 1492 3744 1546 fieri
3790 1494 4013 1546 minime

2433 1582 2643 1642 potest,
2694 1585 2752 1630 nt
2788 1577 2907 1647 quis
2934 1577 3003 1633 de
3046 1594 3107 1635 se
3148 1597 3372 1650 magnos
3414 1583 3634 1650 spiritus
3675 1596 3891 1645 sumat,
3925 1587 4014 1638 nisi

2432 1668 2628 1722 stultus
2665 1671 2736 1722 sit
2764 1686 2778 1722 ε
2806 1670 2896 1740 qui
2940 1686 3070 1724 vero
3114 1673 3265 1726 valde
3301 1675 3495 1726 stultus
3521 1686 3600 1728 ρει
3627 1716 3640 1731 ,
3685 1676 3732 1729 is
3763 1692 4017 1743 arrogans

2433 1774 2643 1829 quoque
2672 1771 2779 1814 est.
2805 1761 2938 1815 Audi
2967 1763 3263 1831 sapientem
3286 1767 3569 1834 quemdam
3597 1769 3665 1821 ita
3696 1769 3976 1822 dicentem
4001 1786 4012 1820 :

2445 1848 2561 1903 l’idi
2588 1852 2842 1905 hominem
2888 1855 3164 1922 sapientem
3207 1856 3304 1910 sibi
3341 1857 3498 1910 rideri
3527 1873 3546 1912 :
3573 1860 3734 1928 utagis
3781 1876 3903 1913 vero
3937 1860 4020 1912 illo

2433 1958 2573 2010 spem
2615 1941 2761 1996 habet
2805 1943 3045 2012 insipiens
3071 1945 3087 2013 (
3117 1943 3272 2001 Prov.
3302 1948 3391 2002 26.
3423 1949 3488 2002 12
3508 1951 3548 2010 ).
3583 1947 3748 2004 Vides
3799 1966 3892 2005 me
3922 1967 4018 2003 non

2438 2041 2639 2088 temere
2664 2033 2898 2100 dixisse,
2927 2037 3142 2106 gravius
3170 2053 3291 2092 esse
3319 2039 3418 2094 hoc
3447 2042 3642 2096 malum
3681 2043 4019 2097 stoliditate?

2440 2122 2607 2193 Magis
2641 2125 2785 2178 enim
2807 2165 2822 2191 ,
2870 2126 3039 2196 inquit
3060 2167 3078 2188 .
3111 2129 3200 2182 illo
3234 2145 3379 2199 spem
3420 2131 3564 2184 habet
3591 2132 3858 2200 insipiens.
3896 2133 4026 2187 νην-τ

2439 2225 2618 2283 pterea
2659 2216 2852 2272 Paulus
2892 2221 3050 2272 etiam
3099 2220 3328 2274 dicebat.
3407 2221 3582 2278 Nolite
3617 2241 3724 2279 esse
3753 2227 4022 2293 prudentis

2436 2305 2575 2371 apud
2602 2308 2925 2375 vosmetipsos
2955 2308 3144 2375 (Itoni.
3181 2311 3267 2364 li.
3303 2309 3367 2367 16
3393 2313 3437 2384 ).
3481 2313 3536 2368 In
3562 2315 3913 2383 corporibus,
3946 2315 4023 2367 die

2439 2395 2600 2462 mihi,
2625 2412 2870 2467 quianam
2891 2399 3072 2456 valere
3097 2393 3371 2457 dicimus?
3399 2413 3578 2459 utrum
3603 2405 3764 2461 valde
3795 2407 4020 2470 tumida,

2438 2501 2502 2542 ac
2525 2490 2695 2543 multo
2736 2489 2880 2545 intus
2917 2491 3112 2547 referta
3157 2494 3286 2549 llatu
3326 2503 3381 2550 et
3416 2511 3591 2565 aqua;
3637 2511 3702 2550 an
3730 2496 4022 2566 depressa.

2446 2589 2499 2632 et
2521 2591 2850 2637 contractam
2879 2583 3128 2640 habentia
3153 2588 3487 2656 superﬁciem
3510 2588 3677 2643 ?Sine
3701 2589 3876 2643 dubio
3897 2590 4023 2642 lucc.

2440 2670 2582 2741 Ergo
2623 2681 2677 2726 et
2713 2674 2764 2727 in
2792 2675 2998 2741 anima,
3039 2691 3163 2746 qua:
3191 2687 3404 2744 tumet,
3445 2680 3751 2749 graviorem
3781 2680 4024 2751 hydropa

2441 2763 2684 2817 morbum
2728 2763 2884 2820 habet
2913 2781 2929 2818 :
2954 2781 3075 2836 quae
3104 2779 3232 2821 vero
3259 2768 3511 2836 depressa
3539 2778 3621 2824 est
3645 2811 3660 2832 ,
3690 2772 3844 2824 muni
3879 2782 4021 2825 caret

2441 2853 2589 2907 vitio.
2636 2855 2773 2921 Quot
2805 2856 2963 2925 igitur
2989 2855 3127 2911 bona
3161 2858 3302 2926 parit
3345 2858 3499 2913 nobis
3542 2859 3818 2915 humilitas
3840 2862 3866 2914 ?
3897 2862 4024 2928 Quid

2442 2944 2677 3014 qua‘ris?
2701 2945 2960 3001 malarum
2987 2960 3165 3000 rerum
3194 2961 3316 3002 esse
3347 2948 3664 3004 tolerantem
3686 2991 3702 3013 ,
3735 2952 4026 3006 iracundia:

2441 3043 2754 3103 expertem,
2809 3038 3138 3101 humanum,
3207 3037 3487 3103 sobrium,
3553 3049 3818 3096 attentum
3877 3051 4028 3110 atque

2442 3125 2720 3180 alacrem?
2750 3125 2863 3181 haec
2889 3128 3068 3182 omnia
3096 3128 3234 3183 bona
3261 3129 3331 3182 ab
3359 3129 3659 3197 humilitate
3683 3133 4028 3201 proficiscun-

2443 3220 2570 3280 tur;
2601 3217 2868 3270 contraria
2897 3218 3025 3272 vero
3044 3216 3114 3272 ab
3137 3219 3467 3288 arrogantia.
3494 3219 3627 3275 Nam
3648 3221 3739 3291 qui
3767 3236 4024 3292 arrogans

2442 3314 2560 3370 est,
2620 3306 2760 3361 hunc
2805 3317 2862 3364 et
2905 3310 3351 3364 contumeliosum
3406 3325 3529 3367 esse
3575 3327 3800 3371 necesse
3833 3325 3954 3379 est,
3981 3323 4028 3367 et

2445 3410 2850 3464 percussorem,
2871 3408 2926 3452 et
2953 3399 3267 3454 iracundum
3286 3439 3302 3465 ,
3329 3411 3384 3455 et
3404 3415 3645 3457 amarum
3664 3443 3680 3468 ,
3706 3414 3762 3459 et
3789 3405 4027 3468 tristem,

2445 3485 2771 3556 omninoque
2815 3488 2980 3543 feram
3025 3490 3203 3558 potius
3229 3506 3388 3561 quam
3428 3490 3718 3548 hominem.
3754 3494 4031 3550 Robustus

2449 3588 2510 3628 es
2531 3614 2547 3637 ,
2578 3590 2642 3630 ac
2669 3577 2916 3647 superbis
2939 3577 2963 3632 ?
2985 3577 3114 3633 Inde
3137 3578 3315 3648 potius
3339 3580 3566 3650 deprimi
3595 3583 3867 3639 debueras
3897 3602 3913 3636 :
3945 3600 4030 3638 cur

2446 3664 2588 3718 enim
2617 3680 2681 3720 ex
2714 3681 2803 3730 re,
2857 3683 2977 3742 quae
3017 3668 3217 3725 nullius
3263 3671 3518 3739 ponderis
3540 3682 3657 3740 est,
3683 3689 3919 3746 magnos
3947 3677 4030 3730 tibi

2445 3746 2664 3823 spiritus
2689 3758 2902 3813 sumis?
2934 3758 3145 3816 Etenim
3171 3771 3228 3816 et
3248 3763 3334 3817 leo
3361 3771 3414 3817 te
3432 3764 3687 3820 audacior
3709 3775 3795 3821 est
3814 3809 3829 3831 ,
3863 3778 3918 3822 et
3949 3784 4033 3822 sus

2450 3846 2760 3913 robustior;
2790 3864 2854 3903 ac
2897 3864 3006 3919 prae
3052 3850 3157 3905 illis
3190 3868 3257 3907 ne
3293 3854 3447 3908 culex
3474 3855 3685 3924 quidem
3723 3871 3786 3911 es
3816 3875 3832 3910 :
3863 3870 3920 3912 et
3969 3860 4034 3910 la-

2451 3943 2631 3990 trones
2674 3947 2730 3992 et
2771 3940 3136 4007 sepulcrorum
3174 3941 3461 3999 elfossores
3502 3953 3555 3998 et
3603 3946 3938 4015 gladiatores
3986 3959 4032 4001 et

2449 4027 2632 4085 fanmdi
2660 4031 2732 4084 tui
2760 4071 2776 4096 ,
2805 4032 3031 4086 fortasse
3052 4046 3182 4085 vero
3201 4040 3257 4085 et
3280 4034 3369 4102 qui
3395 4034 3534 4088 inter
3557 4035 3701 4105 ipsos
3727 4035 4033 4091 hebetiores

2451 4129 2608 4184 sunt,
2659 4129 2712 4175 te
2752 4120 2944 4176 robore
2969 4130 3024 4176 et
3049 4122 3254 4179 viribus
3300 4137 3576 4192 superant.
3610 4127 3849 4184 Iloccine
3882 4131 4032 4199 igitur

2452 4210 2606 4265 laude
2645 4210 2906 4281 dignum?
2943 4227 3008 4268 ac
3046 4227 3153 4266 non
3199 4224 3252 4269 te
3277 4215 3455 4286 ipsum
3478 4232 3586 4286 pra:
3612 4219 3817 4286 pudore
3845 4222 4031 4283 abdis,

2451 4303 2538 4372 qui
2591 4303 2712 4358 ideo
2755 4302 3078 4374 superbias?
3122 4306 3194 4358 At
3242 4307 3462 4374 pulcher
3509 4324 3570 4362 es
3617 4320 3688 4362 et-
3718 4308 4034 4365 formosus?

2452 4393 2739 4447 Cornicum
2763 4392 2878 4447 haec
2899 4392 3145 4461 gloriatio
3165 4403 3277 4458 est;
3301 4410 3405 4449 non
3428 4411 3490 4450 es
3513 4410 3716 4466 pavone
3737 4401 4033 4467 pulchrior.

2452 4482 2565 4537 sive
2610 4483 2837 4536 nitorem
2879 4479 2993 4536 sive
3037 4497 3240 4551 pennas
3279 4494 3535 4552 spectes:
3584 4503 3770 4556 penna;
3821 4491 3942 4543 avis
3989 4501 4030 4540 te

2455 4572 2611 4640 longe
2654 4571 2905 4634 vincunt,
2949 4570 3060 4640 ipsa
3092 4587 3282 4637 coma,
3326 4571 3446 4641 ipso
3471 4575 3666 4629 nitore.
3714 4577 3900 4646 Atque
3927 4579 4033 4630 olor

2454 4661 2613 4714 etiam
2645 4659 2798 4714 valde
2835 4659 3058 4730 pulcher
3083 4668 3166 4714 est
3187 4701 3203 4726 ,
3238 4662 3462 4730 alia-que
3489 4679 3616 4718 aves
3659 4665 3846 4720 multa:
3883 4670 4032 4736 :qni-

2460 4751 2681 4804 buseum
2723 4749 2768 4804 si
2809 4761 2858 4804 te
2904 4749 3230 4812 contuleris,
3270 4751 3532 4818 despicies
3582 4754 3737 4822 plane
3783 4757 4031 4826 teipsnm.

2456 4843 2610 4910 Saepe
2637 4857 2766 4895 vero
2790 4850 2845 4896 ct
2874 4841 3008 4894 viles
3037 4842 3240 4910 [meridi
3269 4881 3285 4907 ,
3328 4852 3381 4896 et
3409 4843 3641 4912 virgines
3677 4845 3922 4916 innupta:
3945 4887 3958 4909 ,
3989 4857 4037 4899 et

2460 4933 2769 4987 meretrices
2796 4933 3072 4993 mulieres.
3103 4945 3158 4986 et
3186 4935 3375 4987 molles
3406 4933 3654 4990 homines
3679 4937 3819 4992 hanc
3849 4939 4035 4992 habent

2427 5043 2436 5046 ⁴
2460 5022 2847 5091 gloriatinnem.
2886 5022 3117 5076 llaccine
3144 5024 3304 5092 igitur
3328 5027 3628 5092 arrogantia
3657 5028 3881 5095 dignum
3906 5032 3930 5078 ἲ

2532 5113 2584 5164 ti.
2619 5115 2687 5164 At
2713 5112 2910 5165 divitiis
2934 5112 3221 5166 abundas?
3252 5115 3428 5168 unde?
3454 5116 3650 5183 quibus
3680 5117 3848 5170 rebus
3876 5121 4033 5172 abun-

2462 5203 2595 5256 das?
2620 5218 2752 5255 auro
2769 5241 2785 5266 ,
2818 5213 3038 5272 argento
3057 5243 3072 5266 ,
3106 5203 3304 5272 lapillis
3330 5205 3617 5272 pretiosis?
3645 5206 3773 5260 Haec
3801 5219 3858 5262 et
3890 5209 4036 5260 latro-

2465 5307 2590 5344 num
2621 5291 2863 5357 gloriatio
2892 5299 2974 5345 est
2998 5300 3052 5345 et
3078 5303 3368 5356 scelerum,
3397 5304 3448 5346 et
3479 5309 3689 5355 eorum,
3715 5299 3806 5366 qui
3839 5298 4034 5349 metalla

2465 5383 2740 5436 effodiunt.
2772 5384 2911 5451 Ergo
2940 5383 3078 5450 quod
3111 5384 3374 5436 dmunatis
3405 5384 3557 5436 labor
3582 5395 3686 5450 est,
3725 5387 3775 5438 id
3811 5389 3904 5439 tibi
3935 5388 4035 5454 gloo
4062 5395 4064 5402 '

2465 5471 2634 5528 riandi
2663 5487 2818 5525 causa
2844 5473 2985 5524 erit?
3009 5473 3073 5524 At
3103 5482 3292 5525 ornatu
3322 5473 3497 5526 nites?
3526 5474 3708 5542 Equos
3738 5477 3904 5530 etiam
3932 5478 4036 5530 licet

2466 5576 2688 5615 cernere
2731 5560 2950 5628 pulchre
2977 5570 3233 5614 Ornatus:
3259 5561 3396 5629 apud
3429 5561 3621 5615 Persas
3652 5577 3787 5617 vero
3818 5567 4036 5618 camelos

2467 5652 2628 5705 etiam
2654 5649 2832 5703 videas
2861 5649 3083 5704 miriﬁce
3118 5659 3359 5716 comptos
3383 5667 3394 5701 :
3418 5651 3557 5703 inter
3584 5649 3846 5707 homines
3877 5667 4031 5708 autem

2474 5755 2569 5796 eos
2594 5752 2817 5807 omnes,
2845 5739 2934 5807 qui
2970 5753 3044 5798 ex
3077 5754 3255 5795 scena.
3291 5739 3403 5796 Non
3443 5741 3612 5811 pudet
3653 5753 3716 5798 te
3740 5746 3840 5799 bas
3866 5748 3932 5800 ob
3969 5758 4036 5796 res
