4064 6318
37 384 142 437 237

37 510 268 565 magnos
299 492 522 562 spiritus
551 503 792 552 sumere,
824 487 874 540 in
903 487 1093 555 quilms
1122 496 1295 539 tecum
1324 483 1624 538 Communi-

35 599 161 638 cant
204 587 363 639 bruta
391 582 680 637 animantia
713 591 765 632 et
795 579 933 632 servi
966 587 1018 628 et
1049 576 1329 629 hemicida:
1357 583 1413 628 et.
1440 573 1628 626 molles

36 689 90 729 ct
141 681 382 729 latrones
427 683 482 727 et
532 671 895 739 sepulcrorum
946 665 1324 733 perl‘nssores?
1373 665 1440 716 At
1485 663 1627 715 a-des

38 768 279 819 exstruis
325 761 674 833 splendidas?
721 759 781 812 Et
821 757 1002 827 quanti
1053 755 1194 808 hoc?
1234 754 1382 806 nmlti
1425 751 1624 821 graculi

36 857 380 922 splendidius
422 854 696 915 habitant,
727 860 781 904 et
813 846 1262 915 magniﬁcentiora
1296 844 1489 898 habent.
1528 844 1623 896 do-

35 949 260 1002 niicilia.
297 949 490 1000 Annon
524 944 669 996 vides
709 943 775 996 ab
807 942 870 993 iis
912 939 1039 1009 ip~is
1061 979 1074 1001 ,
1106 938 1193 1005 qui
1235 937 1284 989 in
1326 936 1523 988 divitiis
1555 941 1622 988 ita

36 1041 319 1091 insaniunt
339 1079 356 1100 ,
401 1037 452 1090 in
482 1036 624 1103 agris
653 1049 716 1085 ac
745 1032 1030 1084 solitudine
1064 1039 1360 1082 exstructas
1397 1027 1619 1090 domos,

33 1131 386 1197 graculorum
411 1143 528 1180 esse
550 1123 853 1177 domicilia?
876 1124 943 1175 At
970 1122 1114 1175 vocis
1139 1120 1305 1190 gratia
1335 1117 1622 1188 superbis?

32 1222 196 1273 Olure
241 1230 298 1273 et
343 1219 564 1272 luscinia
598 1231 881 1284 numquam
919 1214 1117 1282 poteris
1151 1227 1344 1265 cauere
1385 1211 1618 1263 suavius.

35 1315 100 1362 At
127 1312 328 1362 artium
357 1307 732 1362 multitudine?
765 1305 962 1373 Ecquid
988 1306 1038 1356 in
1065 1305 1146 1356 his
1166 1319 1265 1370 ape
1292 1302 1621 1370 sapientius?

34 1403 221 1470 ecquis
265 1399 574 1469 varicgaudi
607 1398 796 1451 artifex
819 1438 833 1459 ,
867 1397 1046 1465 ecquis
1086 1397 1255 1461 pictor
1275 1436 1290 1455 ,
1317 1394 1500 1462 ecquis
1529 1409 1617 1444 ar-

31 1493 298 1544 chitectus
348 1491 498 1543 istius
531 1490 723 1541 imitari
765 1503 924 1554 Opera
970 1486 1199 1554 poterit?
1231 1487 1298 1539 At
1325 1484 1618 1538 subtilitate

34 1583 238 1634 vestis?
270 1581 378 1633 Sed
413 1580 496 1633 hie
527 1589 575 1631 te
607 1594 817 1633 aranea:
849 1577 1086 1630 vincunt.
1121 1579 1187 1629 At
1217 1576 1496 1628 velocitate
1527 1590 1618 1644 pe-

31 1672 150 1721 dmn
175 1673 198 1722 ?
229 1671 442 1723 Rutsus
473 1671 653 1736 prima-
688 1669 854 1720 brutis
884 1666 1243 1720 animantibus
1270 1664 1574 1721 deferendae
1597 1704 1612 1728 ,

34 1764 221 1828 μνη-ἱ,
272 1764 488 1825 dature;
539 1771 592 1815 et
640 1770 767 1830 quot
813 1760 1049 1828 jumenta
1097 1757 1375 1810 velocitate
1423 1756 1612 1825 pedum

31 1856 248 1909 minime
301 1855 608 1908 vincuntur.
645 1856 714 1905 At
758 1863 928 1904 mutas
972 1849 1170 1903 sedes?
1214 1850 1406 1902 Verum
1449 1848 1614 1900 nihilo

31 1949 140 2012 plus
165 1948 395 2008 avibus;
430 1945 510 1998 ha:
533 1946 672 1998 enim
701 1943 905 1997 facilius
931 1941 1357 2011 peregrinantur,
1377 1957 1436 1994 ac
1457 1940 1612 1994 sedes

32 2045 233 2088 naitaut
267 2054 279 2086 :
321 2053 427 2088 non
468 2037 661 2088 viatico
686 2077 701 2099 ,
751 2050 854 2087 non
894 2034 1150 2102 juntentis
1189 2043 1379 2100 egent,
1412 2031 1504 2086 sed
1543 2033 1609 2084 ad

29 2127 199 2176 ouinia
236 2126 348 2178 illis
375 2126 455 2177 ala
485 2125 616 2178 satis
642 2135 716 2177 est
749 2142 762 2178 :
789 2126 899 2177 htnc
931 2123 1100 2184 navis,
1133 2121 1246 2175 Inec
1271 2122 1568 2190 jumentnm
1591 2163 1606 2187 ,

31 2217 132 2267 lucc.
158 2217 491 2280 vehiculum,
519 2217 633 2271 hmc
655 2225 863 2280 ventus,
892 2225 940 2269 et
973 2213 1227 2284 quidquid
1256 2213 1397 2266 aliud
1425 2225 1608 2280 postn-

30 2308 115 2357 lari
148 2316 338 2374 queat.
371 2309 438 2359 At
471 2315 623 2361 acute
665 2307 878 2360 cernis?
906 2322 1087 2358 verum
1118 2321 1220 2357 non
1250 2319 1420 2374 teque,
1449 2313 1608 2373 atque

27 2415 208 2465 caprea
234 2408 334 2450 ant
356 2399 553 2467 aquila.
578 2399 646 2452 At
669 2392 820 2452 acum
842 2397 1035 2451 audis?
1062 2396 1153 2450 scd
1176 2400 1358 2449 asinus
1379 2397 1600 2450 acutius.

30 2494 90 2542 At
121 2493 255 2544 bene
285 2491 511 2544 olfacis?
541 2507 723 2544 verum
752 2491 900 2543 canis
931 2490 1149 2542 minime
1176 2503 1234 2542 se
1263 2487 1360 2541 abs
1388 2500 1436 2541 te
1467 2487 1603 2541 vinci

30 2584 235 2646 palllttr.
271 2585 344 2634 At
386 2581 602 2650 parandi
647 2582 813 2634 victus
858 2579 1142 2632 artilicium
1189 2579 1381 2631 tenes?
1420 2595 1602 2630 Vt‘l'tltll

31 2674 256 2725 formica:
305 2674 471 2725 cedis.
510 2674 575 2724 At
618 2688 803 2724 aurmu
847 2670 1066 2739 gestas?
1106 2685 1287 2722 verum
1329 2684 1432 2721 non
1479 2670 1604 2722 item

29 2777 171 2829 atque
217 2763 416 2816 Indica:
465 2763 720 2815 [ιηίιιὶρςιξ.
759 2765 824 2813 At
867 2762 1068 2812 sanitas
1114 2770 1164 2813 te
1204 2758 1397 2811 cll'crl?
1435 2760 1605 2813 multo

29 2855 208 2904 melius
242 2853 417 2904 brutis
443 2851 806 2902 animantibus
834 2857 918 2903 est
944 2891 958 2911 ,
991 2851 1102 2902 sive
1135 2848 1423 2900 bonitatem
1451 2847 1602 2900 habi-

29 2954 123 3001 tus,
154 2942 268 2994 sive
319 2940 672 3008 parandarum
711 2955 886 2993 rerum
935 2954 1052 3008 qua:
1093 2939 1157 2992 ad
1203 2939 1363 2992 vitam
1407 2939 1606 2993 faciunt

30 3032 323 3085 fm-nltntmu
378 3041 632 3099 spectes:
670 3047 774 3083 non
824 3031 909 3082 illa
959 3040 1324 3098 paupertatem
1374 3031 1596 3084 timent:

31 3121 269 3190 Respicite
300 3122 469 3186 enim,
497 3121 686 3189 inquit,
718 3121 943 3173 volatilia
972 3122 1103 3184 cwli,
1142 3137 1256 3190 qua:
1281 3137 1380 3173 non
1407 3132 1595 3182 senuit,

27 3231 171 3280 neque
212 3221 438 3275 metunt,
475 3228 631 3280 neque
664 3222 966 3280 congregant
1003 3212 1053 3263 in
1084 3212 1263 3264 horrea
1296 3212 1505 3284 (Matth.
1538 3214 1590 3266 6.

26 3304 128 3373 ΞΒ).
151 3306 318 3374 Ergo,
342 3304 569 3373 inquies,
595 3305 744 3356 brttta
768 3302 877 3371 ipsa
903 3302 1052 3356 nobis
1072 3305 1438 3372 praestantiora
1459 3304 1598 3356 Dens

26 3397 240 3448 condidit
260 3396 320 3448 ,γ
332 3396 448 3449 idcs
461 3404 652 3465 quanta
672 3395 741 3448 sit
758 3394 1203 3448 inconsiderantia
1217 3394 1242 3446 ?
1258 3394 1426 3459 vides,
1441 3410 1596 3463 quain

29 3487 348 3554 negligenter
389 3501 475 3538 res
516 3485 924 3538 examinentur?
964 3485 1129 3546 vides,
1176 3494 1428 3554 quantum
1471 3485 1596 3538 illud

29 3577 120 3634 sit.
160 3574 303 3642 qttod
347 3590 524 3627 rerum
558 3574 791 3642 ipsarmn
829 3573 1031 3641 pondus
1060 3575 1414 3626 examinatum
1448 3574 1599 3627 nobis

30 3667 278 3736 largitur?
326 3665 424 3721 llle
464 3665 551 3734 qui
599 3682 705 3734 pra:
746 3665 993 3719 omnibus
1038 3664 1340 3718 hominibus
1380 3680 1600 3733 magnos

29 3759 231 3823 spiritus
258 3756 529 3816 sumebat,
561 3757 640 3809 vel
673 3756 840 3809 brutis
868 3756 1024 3808 vilior
1052 3770 1171 3809 esse
1196 3757 1466 3810 convictus
1495 3765 1597 3811 est.

30 3847 123 3899 Sed
155 3863 248 3900 nos
275 3847 325 3901 ei
357 3862 676 3915 parcamus;
706 3861 881 3914 neque
909 3847 1081 3914 ipsmn
1113 3847 1398 3911 imitemur,
1429 3862 1600 3916 neque

33 3939 137 4003 quia
165 3954 323 4004 supra
359 3946 554 3990 nostra:
586 3947 787 3991 natura:
814 3938 1178 3991 conditionem
1209 3937 1275 3990 de
1301 3952 1361 3991 se
1393 3942 1598 4007 magni-

34 4032 121 4084 live
147 4031 330 4093 sentit,
360 4029 627 4097 dejectmn
657 4029 802 4082 llltlltl
831 4029 883 4081 in
910 4029 1183 4081 brutormn
1214 4030 1401 4083 ordine
1424 4028 1602 4096 jacere

37 4122 279 4186 patiamur
300 4160 316 4183 ,
356 4119 450 4173 sed
492 4119 615 4173 inde
644 4122 814 4187 ipsum
846 4118 1190 4173 extrahamus
1219 4128 1378 4187 atque
1401 4121 1600 4175 eveha-

36 4226 158 4270 tuus.
187 4226 291 4263 non
323 4208 540 4274 quidem
566 4209 731 4276 ipsius
752 4208 955 4276 gra'ia;
986 4224 1105 4262 nam
1138 4209 1226 4264 ille
1246 4209 1482 4279 quidem,
1509 4212 1599 4280 qtti

38 4301 157 4356 hanc
181 4301 547 4353 conditionem
580 4299 767 4353 subeat
792 4300 986 4368 dignus
1015 4310 1095 4353 est
1123 4316 1138 4363 ;
1171 4301 1264 4354 sed
1295 4309 1352 4354 ut
1381 4302 1470 4356 Dei
1504 4301 1603 4356 btt-

36 4395 243 4445 tuanitas
273 4392 556 4458 honosque
577 4391 729 4442 abeo
756 4391 908 4444 nobis
932 4392 1161 4445 tributus
1184 4391 1599 4446 demonstretur.

37 4482 152 4533 Sunt
185 4483 354 4544 enim,
390 4489 518 4533 sunt
559 4481 778 4533 omnino
822 4479 1088 4549 quaedam,
1140 4483 1190 4534 in
1231 4481 1426 4550 quibus
1469 4483 1600 4536 nihil

38 4571 187 4624 brutis
211 4571 574 4625 animantibus
608 4571 885 4625 nobiseum
912 4586 1198 4626 commune
1217 4583 1322 4626 est.
1346 4571 1601 4637 Qutenam

42 4659 175 4714 ha-c?
201 4662 404 4723 Pietas,
433 4668 482 4713 et
511 4660 615 4713 vita
645 4661 825 4728 virtuti
849 4674 1173 4729 congruens.
1203 4661 1300 4716 llic
1322 4676 1428 4715 non
1452 4673 1603 4730 potes

43 4750 82 4799 in
123 4751 349 4804 medium
400 4750 670 4803 adducere
714 4759 1058 4812 scortatores.
1092 4766 1198 4804 non
1241 4752 1450 4812 molles.
1497 4769 1601 4808 non

938 372 1005 428 IN
1047 371 1258 428 EPIST.
1300 370 1394 425 Ai}
1433 368 1719 425 l‘lllldl'l’.
1761 371 1908 424 CAP.
1957 374 2010 426 ll.
2059 374 2286 430 ilOlilL.
2332 375 2465 433 Vill.
3213 381 3317 433 93‘:

1733 483 2064 549 homicidas;
2099 488 2254 555 longe
2296 488 2437 541 enim
2466 493 2532 542 ab
2563 491 2665 542 illis
2706 490 2981 543 distamus.
3019 493 3151 556 Quid
3189 508 3313 544 vero

1733 573 1834 626 hoc
1855 576 1972 628 est?
1998 577 2159 629 Deum
2185 580 2450 642 novimus,
2476 579 2639 646 ipsius
2671 582 3047 648 providentem:
3073 588 3312 651 agnosci-

1731 679 1877 726 mus,
1917 664 1983 717 de
2025 667 2424 722 immortalitate
2466 669 2946 738 phiIOSophamnr:
2986 674 3066 724 hic
3117 674 3308 725 cedunt

1731 755 1903 808 bruta.
1955 757 2026 810 De
2069 758 2369 826 hujusmodi
2421 761 2579 814 rebus
2623 777 2725 814 non
2773 761 3077 817 ha-sitaiites
3128 768 3304 818 sobrie

1728 848 2139 902 sentitnuszhic
2183 851 2310 904 nihil
2357 852 2524 904 brutis
2569 869 2853 908 Commune
2895 858 3168 909 nobiscum
3203 868 3304 912 est.

1727 937 1857 990 Nam
1888 955 2006 991 ctnu
2034 942 2285 994 omnibus
2326 942 2430 995 illis
2471 935 2752 997 inferiores
2797 945 2984 1002 simas.
3038 948 3099 999 iis
3130 959 3305 999 tamen

1728 1029 2072 1097 imperamus.
2122 1032 2175 1085 ln
2213 1033 2313 1086 hoc
2342 1035 2480 1086 cnim
2514 1046 2689 1087 exstat
2725 1037 2928 1103 imperii
2965 1038 3298 1104 unignisndo,

1724 1121 1865 1189 quod
1899 1121 2026 1190 ipsis
2058 1124 2337 1177 inferiores
2359 1167 2372 1190 ,
2409 1142 2626 1194 regnum
2663 1135 2836 1179 tamen
2872 1129 2919 1180 in
2958 1130 3067 1196 ipsa
3098 1132 3303 1182 obtine-

1725 1225 1844 1261 mus
1868 1227 1882 1274 ;
1912 1220 1967 1262 ut
1989 1211 2165 1266 discas
2188 1229 2293 1266 non
2325 1225 2374 1267 te
2401 1214 2583 1267 barum
2610 1233 2784 1270 rcrmn
2810 1233 2925 1270 esse
2950 1235 3182 1280 causam,
3209 1221 3300 1274 sed

1726 1300 1888 1354 Deum
1914 1303 1998 1370 qni
2030 1312 2080 1356 te
2107 1305 2362 1364 condidit.
2397 1315 2448 1358 et
2475 1309 2732 1361 rationem
2769 1310 2988 1377 largitus
3017 1321 3117 1363 est.
3150 1312 3297 1364 Retia

1720 1402 1773 1445 et
1805 1392 2022 1461 laqueos
2052 1397 2150 1449 illis
2181 1398 2480 1459 tendimus.
2513 1401 2564 1452 in
2593 1416 2725 1463 quos
2759 1403 2868 1469 ipsa
2900 1404 3221 1469 impellimus
3248 1416 3300 1457 et

1720 1487 1980 1554 capimus.
2013 1487 2306 1542 Moderatio
2334 1494 2474 1543 enim
2506 1493 2657 1544 nobis
2685 1494 2854 1554 adest,
2888 1496 3129 1562 a-qnitas,
3161 1496 3296 1548 leni.

1722 1584 1831 1638 tas,
1865 1579 2204 1644 pecuniarum
2231 1580 2602 1649 despicientia.
2633 1583 2736 1636 Sed
2777 1585 3022 1650 quoniam
3068 1594 3119 1636 tu
3162 1601 3299 1638 unus

1717 1680 1782 1719 es
1826 1669 2198 1737 arrogantibus
2228 1686 2323 1736 es,
2358 1672 2593 1742 nihilque
2637 1673 2823 1726 horum
2874 1675 3068 1736 habes,
3108 1678 3299 1729 metito

1716 1758 1801 1810 vel
1845 1775 1953 1826 prte
1983 1762 2232 1815 oumilms
2276 1763 2576 1816 hominibus
2616 1766 2890 1834 magnifice
2921 1767 2985 1819 de
3020 1778 3069 1820 te
3099 1784 3122 1820 s
3146 1769 3292 1827 'llllS.

1715 1853 1796 1904 vel
1828 1867 1934 1919 pra!
1964 1854 2212 1906 omnibus
2242 1855 2410 1909 brutis
2438 1857 2725 1910 humiliter.
2757 1858 2900 1911 Talis
2930 1860 3071 1913 enim
3103 1870 3183 1913 cst
3212 1879 3296 1913 εει·-

1715 1943 1953 2010 rogantia
1983 1953 2036 1996 ct
2062 1945 2283 1999 audacia
2320 1963 2330 1996 :
2368 1947 2452 2000 vel
2492 1957 2686 2014 prteter
2712 1965 2921 2016 atquum
2956 1965 3073 2003 sese
3102 1951 3249 2002 cth-rt
3279 1994 3292 2012 ,

1713 2034 1793 2086 vel
1825 2034 2005 2088 itidem
2037 2051 2095 2090 se
2120 2036 2304 2104 dejicit
2328 2079 2342 2101 ,
2380 2054 2636 2106 nnsiptam
2669 2041 2883 2092 modum
2918 2057 3156 2095 setvans.
3189 2043 3293 2095 llae

1711 2126 1926 2194 quidem
1978 2141 2034 2180 re
2077 2129 2310 2197 a-quales
2358 2145 2544 2184 sumus
2589 2133 2825 2195 angelis;
2858 2149 3098 2200 regnum
3142 2134 3292 2185 nobis

1712 2217 2030 2282 promissum
2054 2229 2155 2281 est,
2180 2229 2234 2272 et
2259 2221 2456 2275 chorea
2475 2237 2593 2275 cum
2618 2222 2846 2276 Christo.
2869 2226 2965 2290 Qui
2991 2241 3112 2275 vere
3136 2226 3296 2277 l:on-o

1708 2316 1792 2360 est
1823 2307 2054 2374 vapulat.
2087 2318 2137 2362 et
2165 2325 2270 2362 non
2301 2313 2630 2374 succumbit;
2665 2325 2886 2366 mortem
2914 2315 3158 2383 despicit.
3187 2333 3289 2368 non

1710 2387 1908 2459 tremit,
1941 2415 2044 2451 non
2086 2401 2274 2454 metuit
2300 2443 2314 2465 ,
2361 2416 2463 2453 non
2495 2403 2698 2470 appetit
2733 2404 2901 2471 plura.
2933 2405 3288 2470 Quamobrem
3327 2459 3330 2464 ,

1706 2488 1805 2561 «ιιιὲ
1842 2489 1973 2542 tales
2005 2505 2110 2543 non
2142 2499 2302 2554 sunt,
2343 2491 2512 2544 brutis
2552 2501 2676 2545 sunt
2721 2494 3035 2548 deteriores.
3069 2496 3293 2561 Quando

1705 2546 1847 2632 enim
1877 2580 2036 2634 rebus
2062 2581 2278 2650 quidem
2306 2582 2369 2634 ad
2399 2598 2595 2651 corpus
2620 2586 3005 2651 pertinentibus
3032 2587 3163 2639 alios
3192 2588 3289 2638 lzn-

1706 2671 1879 2723 mines
1901 2672 2089 2734 vincis,
2119 2673 2282 2724 animi
2310 2688 2439 2726 vero
2461 2677 2788 2727 Ot‘llnl'nt‘lllls
2811 2690 2996 2738 cares;
3025 2679 3290 2744 quomodo

1707 2759 1875 2812 brutis
1905 2776 2010 2813 non
2040 2775 2099 2814 es
2128 2761 2399 2814 deterior?
2426 2764 2535 2832 Age
2558 2764 2698 2816 enim
2727 2765 2774 2816 in
2801 2765 3032 2818 medium
3062 2767 3288 2819 addnca.

1706 2866 1824 2903 mus
1849 2867 2034 2905 eorum
2062 2853 2315 2920 aliquem.
2347 2855 2434 2922 qui
2465 2869 2582 2908 cum
2614 2856 2771 2918 vitio,
2801 2858 2884 2925 qui
2920 2859 3132 2911 minime
3163 2873 3292 2911 con-

1703 2953 1957 3010 grnenter
1985 2943 2198 3006 rationi,
2224 2944 2311 3012 qui
2341 2945 2391 2996 in
2421 2944 2628 2998 deliciis
2657 2955 2707 2999 et
2736 2946 3078 2999 immoderata
3109 2964 3284 3000 rerum

1706 3030 2030 3084 abundantia
2059 3035 2265 3084 vivunt.
2302 3033 2408 3086 Isto
2438 3049 2607 3102 equus
2633 3045 2712 3087 est
2744 3037 3053 3103 pugnacior,
3086 3053 3175 3089 sus
3204 3054 3285 3087 ro.

1707 3121 1932 3186 bnstior,
1965 3123 2113 3190 lepus
2145 3123 2412 3188 velocior,
2460 3139 2598 3193 pavo
2629 3124 2910 3179 formosior
2931 3168 2945 3191 ,
2989 3129 3105 3180 olor
3144 3129 3287 3182 vol-is

1707 3211 1966 3265 suavitate
1998 3214 2370 3279 pr:estantior,
2401 3215 2618 3284 elephas
2649 3217 2817 3284 major
2838 3258 2852 3280 ,
2882 3219 3052 3286 aquila
3085 3222 3288 3287 perSpi-

1702 3302 1881 3354 cacior
1905 3342 1918 3363 ,
1949 3316 2137 3355 omnes
2162 3318 2288 3356 aves
2314 3305 2557 3359 ditiores.
2593 3305 2746 3360 Unde
2778 3307 2937 3376 igitur
2975 3309 3164 3377 dignus
3190 3326 3247 3363 es
3268 3351 3283 3375 ,

1704 3396 1793 3462 qui
1821 3394 1991 3447 brutis
2013 3394 2347 3449 domineris?
2371 3412 2434 3450 ex
2462 3397 2708 3450 ratione?
2732 3399 2945 3452 Minime
2978 3400 3025 3452 id
3051 3401 3282 3468 quidem.

1703 3483 1928 3550 Quando
1956 3485 2098 3538 enim
2141 3485 2227 3538 illa
2256 3527 2270 3549 ,
2303 3495 2358 3539 ut
2386 3486 2698 3554 oportebat,
2733 3503 2840 3542 non
2868 3491 3032 3543 uteris
3053 3531 3068 3545 .
3103 3506 3288 3545 vanus

1705 3574 1810 3628 illis
1835 3589 1893 3628 es
1915 3575 2150 3629 deterior
2171 3592 2184 3628 :
2204 3575 2418 3644 quando
2440 3577 2582 3631 enim
2609 3578 2814 3632 ratione
2837 3580 3090 3647 przeditus
3113 3582 3286 3634 minus

1702 3679 1861 3734 quam
1890 3665 1976 3717 illa
2005 3676 2364 3734 congruenter
2407 3667 2600 3720 rationi
2645 3668 2777 3721 vivis
2804 3709 2818 3733 ,
2852 3670 3018 3722 salius
3048 3670 3140 3723 tibi
3173 3687 3202 3724 e
3233 3681 3291 3725 at

1705 3770 1879 3822 neque
1896 3754 2046 3808 initio
2068 3755 2263 3809 factum
2287 3770 2408 3810 esse
2429 3757 2649 3810 rationis
2668 3767 2988 3826 compotem.
3009 3759 3121 3813 Non
3143 3761 3284 3813 enim

1707 3851 1844 3903 idem
1876 3860 1976 3912 est,
2005 3866 2125 3904 cum
2161 3853 2513 3920 principatum
2538 3853 2827 3920 acceperis,
2864 3853 3008 3904 illum
3033 3853 3284 3923 prodere,

1705 3952 1862 4011 atque
1895 3942 2046 3995 initio
2076 3959 2179 3996 non
2209 3944 2502 4011 accepisse.
2539 3943 2667 4011 ili-gi
2699 3944 3013 3997 satellitibus
3047 3944 3156 3996 suis
3186 3943 3286 3996 de-

1707 4033 1886 4085 terioi-i
1920 4034 2085 4085 satius
2121 4043 2236 4086 erat
2283 4048 2455 4101 neque
2492 4048 2721 4102 purpura
2763 4049 2820 4087 se
2853 4033 3109 4087 iudn'ssm
3141 4034 3283 4088 hlem

1708 4124 1807 4176 hac
1841 4123 1894 4176 in
1925 4137 1984 4176 re
2013 4124 2210 4177 evenit.
2240 4123 2604 4192 lntelligentcs
2637 4125 2794 4191 igitur
2835 4126 2913 4178 vel
2959 4126 3124 4178 brutis
3157 4126 3286 4193 ipsis

1707 4230 1806 4268 nos
1834 4229 1955 4269 esse
2004 4213 2302 4269 deteriores
2327 4254 2341 4277 ,
2373 4215 2474 4267 nisi
2507 4215 2757 4269 virtutem
2789 4215 3080 4270 habeamus
3105 4258 3120 4281 ,
3165 4217 3289 4270 huic

1706 4303 2021 4358 exercenda:
2051 4319 2268 4372 operam
2299 4304 2488 4358 demus
2512 4345 2528 4371 ,
2571 4315 2627 4358 ut
2672 4305 2918 4360 homines
2950 4306 3167 4370 llalnns,
3204 4308 3288 4361 ποι

1708 4395 1885 4462 potius
1910 4394 2117 4462 angeli;
2152 4394 2535 4462 promissisque
2565 4394 2718 4448 bonis
2749 4397 3006 4455 fruantur.
3038 4397 3204 4465 gratia
3237 4407 3291 4451 et

1710 4486 2034 4555 benignitate
2061 4485 2269 4539 Domini
2300 4486 2465 4539 nostri
2492 4485 2618 4539 Jesu
2644 4485 2859 4553 Christi,
2883 4488 2966 4539 cui
2990 4503 3107 4538 eum
3135 4487 3289 4541 Patre

1707 4587 1762 4632 et
1790 4579 1993 4647 Spiritu
2034 4586 2224 4648 sancto
2259 4577 2452 4646 gloria,
2496 4577 2799 4645 imperium,
2834 4578 3034 4643 honor,
3065 4595 3205 4635 nunc
3235 4588 3289 4635 et

1707 4684 1952 4740 semper,
1979 4681 2033 4723 et
2059 4669 2112 4723 in
2140 4669 2333 4725 stccula
2360 4669 2706 4725 seculorum.
2739 4671 2928 4724 Amen.

1345 4931 1690 4996 llOMlLlA
1730 4935 1910 5030 Ylll.

44 5075 148 5129 Cvr.
180 5077 228 5129 2.
259 5093 310 5128 v.
345 5075 436 5130 l2.
465 5073 936 5144 Itaque,'cariuimi
963 5075 1079 5136 mei,
1107 5074 1234 5128 sicut
1263 5092 1460 5146 semper
1487 5078 1604 5131 obe-

103 5167 266 5230 distis,
302 5184 406 5218 non
454 5170 504 5218 in
543 5166 809 5234 praesentia
853 5165 949 5218 mei
992 5175 1221 5227 tantum,
1254 5167 1343 5218 sed
1370 5176 1417 5219 et
1446 5167 1602 5220 multo

106 5261 251 5329 magis
278 5275 416 5311 nunc
445 5259 496 5310 in
522 5259 745 5311 absentia
780 5275 890 5312 mea
910 5299 926 5323 ,
955 5272 1068 5324 cum
1100 5260 1278 5312 timore
1304 5270 1347 5312 et
1390 5271 1604 5313 tremore

103 5360 300 5402 vestram
342 5348 557 5402 salutem
587 5349 886 5414 operamini.
923 5349 1008 5402 l3.
1043 5347 1178 5401 Dens
1207 5359 1279 5401 est
1317 5351 1448 5402 enim
1469 5390 1484 5412 ,
1519 5350 1601 5418 qui

103 5451 324 5507 aperatur
361 5441 415 5491 in
459 5438 593 5490 vobis
629 5448 673 5490 et
702 5439 825 5491 velle
853 5448 897 5491 et
924 5439 1125 5505 operari
1156 5455 1248 5507 pro
1271 5438 1402 5491 bona
1427 5439 1603 5492 colun-

107 5540 211 5583 ωε.
247 5531 333 5583 14.
372 5527 562 5582 Omnia
601 5538 766 5580 autem
800 5529 950 5597 facile
975 5528 1084 5581 sine
1124 5530 1603 5582 murmurationibtts

103 5631 142 5673 et
167 5621 597 5682 btuitationibus,
644 5620 727 5674 l5.
775 5629 825 5672 ut
851 5621 961 5673 sitis
995 5621 1108 5674 sine
1143 5623 1381 5689 querela,
1411 5631 1457 5675 et
1482 5623 1604 5676 sim-

107 5715 273 5779 plices.
301 5715 400 5782 ﬁlii
441 5712 537 5764 Dei
565 5712 671 5764 sine
697 5712 1080 5779 reprehensione
1115 5713 1167 5765 in
1193 5715 1356 5765 medio
1382 5713 1602 5767 nationis

103 5819 256 5866 praetr
281 5815 327 5855 et
357 5818 608 5875 percense
625 5841 641 5869 ,
670 5802 797 5855 inter
822 5819 944 5873 quos
971 5802 1144 5857 lucetis
1172 5805 1299 5856 sicut
1328 5804 1599 5857 luminaria

1785 5079 1838 5131 in
1867 5077 2083 5139 mutulo,
2132 5076 2220 5130 16.
2263 5075 2465 5130 verbum
2492 5076 2604 5130 tvin
2639 5076 2944 5130 continentes
2983 5075 3051 5129 ad
3075 5075 3293 5148 gloriam

1780 5185 1944 5221 meum
1967 5168 2020 5219 in
2050 5167 2180 5219 diem
2203 5164 2408 5219 Christi.

1784 5261 1836 5314 l.
1867 5259 2272 5313 Admouitioues
2301 5257 2690 5310 laudationibus
2725 5255 3084 5325 temperanda:
3121 5268 3242 5310 sunt
3270 5274 3284 5312 :

1711 5368 1833 5405 nam
1878 5351 1978 5405 hoc
2011 5351 2169 5403 modo
2205 5349 2256 5402 in
2307 5353 2498 5408 bonam
2528 5359 2730 5417 partem
2773 5350 3135 5416 accip'uutnr,
3165 5361 3287 5400 cum

1709 5457 1806 5497 eos
1830 5456 1964 5512 quos
1995 5455 2276 5494 mouemus
2302 5480 2318 5503 ,
2347 5438 2411 5492 ad
2445 5453 2594 5493 ειιτιιη
2629 5420 2862 5508 ipsorum
2895 5438 3288 5492 azmulationcm

1712 5547 2063 5602 provocamus
2086 5548 2101 5584 :
2125 5530 2266 5600 quod
2299 5545 2442 5584 nunc
2468 5529 2627 5583 etiam
2661 5528 2856 5582 Paulus
2887 5529 3028 5584 fecit.
3059 5529 3290 5585 Attende

1709 5629 1887 5674 autem
1919 5619 2076 5685 quam
2111 5619 2418 5688 prudenter.
2451 5619 2648 5688 Itaque,
2678 5619 2923 5671 carissimi
2949 5619 3063 5679 mei,
3097 5616 3287 5687 inquit.

1709 5711 1824 5767 Non
1873 5709 1975 5764 hoc
2021 5710 2161 5765 nudc
2204 5719 2366 5779 atque
2409 5709 2653 5765 absolute
2699 5709 2870 5772 dixit,
2899 5708 3154 5773 Obedite;
3196 5707 3288 5764 sed

1713 5818 1996 5878 postquam
2034 5805 2155 5860 illos
2192 5801 2463 5871 laudavit,
2506 5812 2664 5874 atque
2706 5816 2767 5857 ca
2800 5800 2959 5857 verba
3003 5798 3279 5869 prmitzisit.
