  <div class='ocr_page' id='page_1' title='image "/cluster/home/n/w/nwhite01/storage/ocr_20150623/62/pst.000005712625/245.png"; bbox 0 0 4064 6318; ppageno 0'>
   <div class='ocr_carea' id='block_1_1' title="bbox 801 372 909 428">
    <p class='ocr_par' dir='ltr' id='par_1_1' title="bbox 801 372 909 428">
     <span class='ocr_line' id='line_1_1' title="bbox 801 372 909 428; baseline 0 0"><span class='ocrx_word' id='word_1_1' title='bbox 801 372 909 428; x_wconf 71' lang='grc'><strong>239</strong></span> 
     </span>
    </p>
   </div>
   <div class='ocr_carea' id='block_1_2' title="bbox 807 566 2367 638">
    <p class='ocr_par' dir='ltr' id='par_1_2' title="bbox 807 566 2367 638">
     <span class='ocr_line' id='line_1_2' title="bbox 807 566 2367 638; baseline -0.002 -15"><span class='ocrx_word' id='word_1_2' title='bbox 807 588 935 636; x_wconf 82' lang='lat' dir='ltr'><strong>vos,</strong></span> <span class='ocrx_word' id='word_1_3' title='bbox 967 583 1023 627; x_wconf 93' lang='lat' dir='ltr'><strong>ut</strong></span> <span class='ocrx_word' id='word_1_4' title='bbox 1061 572 1336 626; x_wconf 90' lang='lat' dir='ltr'><strong>imitemini</strong></span> <span class='ocrx_word' id='word_1_5' title='bbox 1376 588 1481 626; x_wconf 90' lang='lat' dir='ltr'><strong>non</strong></span> <span class='ocrx_word' id='word_1_6' title='bbox 1521 571 1688 636; x_wconf 88' lang='lat' dir='ltr'><strong>alios,</strong></span> <span class='ocrx_word' id='word_1_7' title='bbox 1728 570 1821 623; x_wconf 86' lang='lat' dir='ltr'><strong>sed</strong></span> <span class='ocrx_word' id='word_1_8' title='bbox 1856 584 1947 620; x_wconf 86' lang='lat' dir='ltr'><strong>vos</strong></span> <span class='ocrx_word' id='word_1_9' title='bbox 1974 569 2135 638; x_wconf 80' lang='lat' dir='ltr'><strong>ipsos.</strong></span> <span class='ocrx_word' id='word_1_10' title='bbox 2170 566 2288 620; x_wconf 83' lang='lat' dir='ltr'><strong>Non</strong></span> <span class='ocrx_word' id='word_1_11' title='bbox 2313 567 2367 620; x_wconf 75' lang='lat' dir='ltr'><strong>in</strong></span> 
     </span>
    </p>
   </div>
   <div class='ocr_carea' id='block_1_3' title="bbox 804 657 2363 728">
    <p class='ocr_par' dir='ltr' id='par_1_3' title="bbox 804 657 2363 728">
     <span class='ocr_line' id='line_1_3' title="bbox 804 657 2363 728; baseline -0.002 -14"><span class='ocrx_word' id='word_1_12' title='bbox 804 663 1068 725; x_wconf 68' lang='lat' dir='ltr'><strong>praesentia</strong></span> <span class='ocrx_word' id='word_1_13' title='bbox 1090 663 1186 715; x_wconf 82' lang='lat' dir='ltr'><strong>mei</strong></span> <span class='ocrx_word' id='word_1_14' title='bbox 1208 670 1405 714; x_wconf 73' lang='lat' dir='ltr'><strong>tantum</strong></span> <span class='ocrx_word' id='word_1_15' title='bbox 1421 676 1442 715; x_wconf 85' lang='lat'><strong>.°</strong></span> <span class='ocrx_word' id='word_1_16' title='bbox 1460 666 1546 714; x_wconf 75' lang='lat' dir='ltr'><strong>sed</strong></span> <span class='ocrx_word' id='word_1_17' title='bbox 1570 661 1725 714; x_wconf 74' lang='lat' dir='ltr'><strong>multo</strong></span> <span class='ocrx_word' id='word_1_18' title='bbox 1744 660 1903 728; x_wconf 78' lang='lat' dir='ltr'><strong>magis</strong></span> <span class='ocrx_word' id='word_1_19' title='bbox 1923 661 1972 711; x_wconf 85' lang='lat' dir='ltr'><strong>in</strong></span> <span class='ocrx_word' id='word_1_20' title='bbox 1993 657 2214 711; x_wconf 78' lang='lat' dir='ltr'><strong>absentia</strong></span> <span class='ocrx_word' id='word_1_21' title='bbox 2234 674 2363 711; x_wconf 84' lang='lat' dir='ltr'><strong>utea.</strong></span> 
     </span>
    </p>
   </div>
   <div class='ocr_carea' id='block_1_4' title="bbox 800 743 2365 823">
    <p class='ocr_par' dir='ltr' id='par_1_4' title="bbox 800 743 2365 823">
     <span class='ocr_line' id='line_1_4' title="bbox 800 743 2365 823; baseline -0.004 -16"><span class='ocrx_word' id='word_1_22' title='bbox 800 751 929 820; x_wconf 70' lang='lat' dir='ltr'><strong>Cur,</strong></span> <span class='ocrx_word' id='word_1_23' title='bbox 961 751 1128 807; x_wconf 74' lang='grc' dir='ltr'>Ιιιιιο</span> <span class='ocrx_word' id='word_1_24' title='bbox 1151 755 1310 823; x_wconf 73' lang='lat' dir='ltr'><strong>magis</strong></span> <span class='ocrx_word' id='word_1_25' title='bbox 1338 753 1390 805; x_wconf 86' lang='lat' dir='ltr'><strong>in</strong></span> <span class='ocrx_word' id='word_1_26' title='bbox 1418 752 1642 806; x_wconf 81' lang='lat' dir='ltr'><strong>absentia</strong></span> <span class='ocrx_word' id='word_1_27' title='bbox 1661 767 1770 803; x_wconf 78' lang='lat' dir='ltr'><strong>mea</strong></span> <span class='ocrx_word' id='word_1_28' title='bbox 1789 751 1814 803; x_wconf 70' lang='grc' dir='ltr'><strong><em>Γ</em></strong></span> <span class='ocrx_word' id='word_1_29' title='bbox 1836 750 1983 803; x_wconf 87' lang='lat' dir='ltr'><strong>&#39;l‘uue</strong></span> <span class='ocrx_word' id='word_1_30' title='bbox 2010 743 2223 817; x_wconf 87' lang='lat' dir='ltr'><strong>quidem</strong></span> <span class='ocrx_word' id='word_1_31' title='bbox 2255 748 2365 802; x_wconf 84' lang='lat' dir='ltr'><strong>for-</strong></span> 
     </span>
    </p>
   </div>
   <div class='ocr_carea' id='block_1_5' title="bbox 804 840 2365 909">
    <p class='ocr_par' dir='ltr' id='par_1_5' title="bbox 804 840 2365 909">
     <span class='ocr_line' id='line_1_5' title="bbox 804 840 2365 909; baseline -0.002 -14"><span class='ocrx_word' id='word_1_32' title='bbox 804 854 947 897; x_wconf 83' lang='lat' dir='ltr'><strong>tasse</strong></span> <span class='ocrx_word' id='word_1_33' title='bbox 982 843 1300 897; x_wconf 85' lang='lat' dir='ltr'><strong>videbamini</strong></span> <span class='ocrx_word' id='word_1_34' title='bbox 1342 843 1518 895; x_wconf 86' lang='lat' dir='ltr'><strong>omnia</strong></span> <span class='ocrx_word' id='word_1_35' title='bbox 1553 843 1724 895; x_wconf 87' lang='lat' dir='ltr'><strong>facere</strong></span> <span class='ocrx_word' id='word_1_36' title='bbox 1754 857 1847 909; x_wconf 81' lang='lat' dir='ltr'><strong>pro</strong></span> <span class='ocrx_word' id='word_1_37' title='bbox 1876 851 2054 893; x_wconf 83' lang='lat' dir='ltr'><strong>vestra</strong></span> <span class='ocrx_word' id='word_1_38' title='bbox 2086 840 2136 891; x_wconf 90' lang='lat' dir='ltr'><strong>in</strong></span> <span class='ocrx_word' id='word_1_39' title='bbox 2167 852 2251 892; x_wconf 87' lang='lat' dir='ltr'><strong>me</strong></span> <span class='ocrx_word' id='word_1_40' title='bbox 2278 853 2365 892; x_wconf 87' lang='lat' dir='ltr'><strong>re-</strong></span> 
     </span>
    </p>
   </div>
   <div class='ocr_carea' id='block_1_6' title="bbox 800 931 2365 1002">
    <p class='ocr_par' dir='ltr' id='par_1_6' title="bbox 800 931 2365 1002">
     <span class='ocr_line' id='line_1_6' title="bbox 800 931 2365 1002; baseline 0 -17"><span class='ocrx_word' id='word_1_41' title='bbox 800 934 1072 996; x_wconf 84' lang='lat' dir='ltr'><strong>verentia,</strong></span> <span class='ocrx_word' id='word_1_42' title='bbox 1114 932 1364 1002; x_wconf 90' lang='lat' dir='ltr'><strong>quodque</strong></span> <span class='ocrx_word' id='word_1_43' title='bbox 1405 934 1532 987; x_wconf 89' lang='lat' dir='ltr'><strong>mihi</strong></span> <span class='ocrx_word' id='word_1_44' title='bbox 1578 931 1833 987; x_wconf 74' lang='lat' dir='ltr'><strong>honorem</strong></span> <span class='ocrx_word' id='word_1_45' title='bbox 1880 933 2184 993; x_wconf 76' lang='lat' dir='ltr'><strong>haberetis;</strong></span> <span class='ocrx_word' id='word_1_46' title='bbox 2226 946 2365 985; x_wconf 86' lang='lat' dir='ltr'><strong>nunc</strong></span> 
     </span>
    </p>
   </div>
   <div class='ocr_carea' id='block_1_7' title="bbox 801 1021 2363 1089">
    <p class='ocr_par' dir='ltr' id='par_1_7' title="bbox 801 1021 2363 1089">
     <span class='ocr_line' id='line_1_7' title="bbox 801 1021 2363 1089; baseline -0.001 -15"><span class='ocrx_word' id='word_1_47' title='bbox 801 1038 931 1076; x_wconf 77' lang='lat' dir='ltr'><strong>vero</strong></span> <span class='ocrx_word' id='word_1_48' title='bbox 971 1037 1079 1077; x_wconf 88' lang='lat' dir='ltr'><strong>non</strong></span> <span class='ocrx_word' id='word_1_49' title='bbox 1124 1023 1218 1077; x_wconf 89' lang='lat' dir='ltr'><strong>ita.</strong></span> <span class='ocrx_word' id='word_1_50' title='bbox 1255 1022 1407 1089; x_wconf 79' lang='lat' dir='ltr'><strong>thd</strong></span> <span class='ocrx_word' id='word_1_51' title='bbox 1446 1022 1493 1077; x_wconf 82' lang='lat' dir='ltr'><strong>si</strong></span> <span class='ocrx_word' id='word_1_52' title='bbox 1536 1036 1677 1076; x_wconf 89' lang='lat' dir='ltr'><strong>nunc</strong></span> <span class='ocrx_word' id='word_1_53' title='bbox 1717 1022 1977 1089; x_wconf 82' lang='lat' dir='ltr'><strong>majorem</strong></span> <span class='ocrx_word' id='word_1_54' title='bbox 2009 1021 2166 1076; x_wconf 84' lang='lat' dir='ltr'><strong>etiam</strong></span> <span class='ocrx_word' id='word_1_55' title='bbox 2202 1021 2363 1073; x_wconf 89' lang='lat' dir='ltr'><strong>animi</strong></span> 
     </span>
    </p>
   </div>
   <div class='ocr_carea' id='block_1_8' title="bbox 799 1108 2363 1179">
    <p class='ocr_par' dir='ltr' id='par_1_8' title="bbox 799 1108 2363 1179">
     <span class='ocr_line' id='line_1_8' title="bbox 799 1108 2363 1179; baseline 0 -16"><span class='ocrx_word' id='word_1_56' title='bbox 799 1110 1197 1166; x_wconf 84' lang='lat' dir='ltr'><strong>contentionem</strong></span> <span class='ocrx_word' id='word_1_57' title='bbox 1218 1125 1280 1164; x_wconf 89' lang='lat' dir='ltr'><strong>ac</strong></span> <span class='ocrx_word' id='word_1_58' title='bbox 1303 1110 1629 1179; x_wconf 79' lang='lat' dir='ltr'><strong>diligentiam</strong></span> <span class='ocrx_word' id='word_1_59' title='bbox 1654 1110 2025 1175; x_wconf 85' lang='lat' dir='ltr'><strong>ostenderitis;</strong></span> <span class='ocrx_word' id='word_1_60' title='bbox 2052 1108 2180 1163; x_wconf 89' lang='lat' dir='ltr'><strong>illud</strong></span> <span class='ocrx_word' id='word_1_61' title='bbox 2206 1110 2363 1163; x_wconf 82' lang='lat' dir='ltr'><strong>simul</strong></span> 
     </span>
    </p>
   </div>
   <div class='ocr_carea' id='block_1_9' title="bbox 799 1200 2363 1271">
    <p class='ocr_par' dir='ltr' id='par_1_9' title="bbox 799 1200 2363 1271">
     <span class='ocr_line' id='line_1_9' title="bbox 799 1200 2363 1271; baseline 0.001 -18"><span class='ocrx_word' id='word_1_62' title='bbox 799 1201 1068 1256; x_wconf 79' lang='lat' dir='ltr'><strong>constabit</strong></span> <span class='ocrx_word' id='word_1_63' title='bbox 1087 1241 1106 1269; x_wconf 89' lang='lat'><strong>,</strong></span> <span class='ocrx_word' id='word_1_64' title='bbox 1135 1210 1263 1255; x_wconf 85' lang='lat' dir='ltr'><strong>tunc</strong></span> <span class='ocrx_word' id='word_1_65' title='bbox 1289 1217 1499 1271; x_wconf 84' lang='lat' dir='ltr'><strong>quoque</strong></span> <span class='ocrx_word' id='word_1_66' title='bbox 1522 1200 1616 1256; x_wconf 85' lang='lat' dir='ltr'><strong>Dei</strong></span> <span class='ocrx_word' id='word_1_67' title='bbox 1641 1216 1799 1256; x_wconf 87' lang='lat' dir='ltr'><strong>causa</strong></span> <span class='ocrx_word' id='word_1_68' title='bbox 1826 1240 1842 1262; x_wconf 90' lang='lat'><strong>.</strong></span> <span class='ocrx_word' id='word_1_69' title='bbox 1874 1217 1977 1254; x_wconf 91' lang='lat' dir='ltr'><strong>non</strong></span> <span class='ocrx_word' id='word_1_70' title='bbox 2007 1215 2120 1255; x_wconf 76' lang='lat' dir='ltr'><strong>mea</strong></span> <span class='ocrx_word' id='word_1_71' title='bbox 2151 1216 2246 1255; x_wconf 85' lang='lat' dir='ltr'><strong>vos</strong></span> <span class='ocrx_word' id='word_1_72' title='bbox 2265 1201 2363 1255; x_wconf 84' lang='lat' dir='ltr'><strong>ad-</strong></span> 
     </span>
    </p>
   </div>
   <div class='ocr_carea' id='block_1_10' title="bbox 798 1290 2362 1363">
    <p class='ocr_par' dir='ltr' id='par_1_10' title="bbox 798 1290 2362 1363">
     <span class='ocr_line' id='line_1_10' title="bbox 798 1290 2362 1363; baseline 0.001 -20"><span class='ocrx_word' id='word_1_73' title='bbox 798 1290 989 1346; x_wconf 85' lang='lat' dir='ltr'><strong>ductos</strong></span> <span class='ocrx_word' id='word_1_74' title='bbox 1012 1305 1152 1346; x_wconf 85' lang='lat' dir='ltr'><strong>esse.</strong></span> <span class='ocrx_word' id='word_1_75' title='bbox 1184 1292 1299 1355; x_wconf 86' lang='lat' dir='ltr'><strong>Dic,</strong></span> <span class='ocrx_word' id='word_1_76' title='bbox 1319 1306 1466 1361; x_wconf 81' lang='lat' dir='ltr'><strong>rogo.</strong></span> <span class='ocrx_word' id='word_1_77' title='bbox 1498 1291 1661 1345; x_wconf 83' lang='lat' dir='ltr'><strong>Paule</strong></span> <span class='ocrx_word' id='word_1_78' title='bbox 1684 1331 1701 1356; x_wconf 94' lang='lat'><strong>,</strong></span> <span class='ocrx_word' id='word_1_79' title='bbox 1733 1291 1858 1359; x_wconf 89' lang='lat' dir='ltr'><strong>quid</strong></span> <span class='ocrx_word' id='word_1_80' title='bbox 1889 1292 1982 1363; x_wconf 88' lang='lat' dir='ltr'><strong>tibi</strong></span> <span class='ocrx_word' id='word_1_81' title='bbox 2011 1292 2134 1346; x_wconf 80' lang='lat' dir='ltr'><strong>vis?</strong></span> <span class='ocrx_word' id='word_1_82' title='bbox 2160 1290 2275 1345; x_wconf 77' lang='lat' dir='ltr'><strong>Non</strong></span> <span class='ocrx_word' id='word_1_83' title='bbox 2305 1299 2362 1344; x_wconf 93' lang='lat' dir='ltr'><strong>ut</strong></span> 
     </span>
    </p>
   </div>
   <div class='ocr_carea' id='block_1_11' title="bbox 800 1380 2359 1442">
    <p class='ocr_par' dir='ltr' id='par_1_11' title="bbox 800 1380 2359 1442">
     <span class='ocr_line' id='line_1_11' title="bbox 800 1380 2359 1442; baseline 0 -9"><span class='ocrx_word' id='word_1_84' title='bbox 800 1394 888 1433; x_wconf 88' lang='lat' dir='ltr'><strong>me</strong></span> <span class='ocrx_word' id='word_1_85' title='bbox 914 1380 1142 1435; x_wconf 73' lang='lat' dir='ltr'><strong>audiatis</strong></span> <span class='ocrx_word' id='word_1_86' title='bbox 1161 1422 1176 1442; x_wconf 84' lang='lat'><strong>.</strong></span> <span class='ocrx_word' id='word_1_87' title='bbox 1208 1380 1302 1435; x_wconf 84' lang='lat' dir='ltr'><strong>sed</strong></span> <span class='ocrx_word' id='word_1_88' title='bbox 1333 1389 1390 1434; x_wconf 93' lang='lat' dir='ltr'><strong>ut</strong></span> <span class='ocrx_word' id='word_1_89' title='bbox 1417 1396 1538 1436; x_wconf 82' lang='lat' dir='ltr'><strong>cum</strong></span> <span class='ocrx_word' id='word_1_90' title='bbox 1569 1380 1757 1434; x_wconf 90' lang='lat' dir='ltr'><strong>timore</strong></span> <span class='ocrx_word' id='word_1_91' title='bbox 1786 1389 1842 1434; x_wconf 90' lang='lat' dir='ltr'><strong>ct</strong></span> <span class='ocrx_word' id='word_1_92' title='bbox 1868 1390 2101 1435; x_wconf 89' lang='lat' dir='ltr'><strong>tremore</strong></span> <span class='ocrx_word' id='word_1_93' title='bbox 2129 1390 2359 1434; x_wconf 87' lang='lat' dir='ltr'><strong>vestram</strong></span> 
     </span>
    </p>
   </div>
   <div class='ocr_carea' id='block_1_12' title="bbox 801 1470 2362 1541">
    <p class='ocr_par' dir='ltr' id='par_1_12' title="bbox 801 1470 2362 1541">
     <span class='ocr_line' id='line_1_12' title="bbox 801 1470 2362 1541; baseline 0 -18"><span class='ocrx_word' id='word_1_94' title='bbox 801 1470 1038 1538; x_wconf 87' lang='lat' dir='ltr'><strong>ipsorum</strong></span> <span class='ocrx_word' id='word_1_95' title='bbox 1073 1471 1296 1525; x_wconf 83' lang='lat' dir='ltr'><strong>salutem</strong></span> <span class='ocrx_word' id='word_1_96' title='bbox 1322 1472 1614 1541; x_wconf 87' lang='lat' dir='ltr'><strong>opercmiui</strong></span> <span class='ocrx_word' id='word_1_97' title='bbox 1645 1490 1661 1526; x_wconf 88' lang='lat'><strong>:</strong></span> <span class='ocrx_word' id='word_1_98' title='bbox 1690 1486 1794 1525; x_wconf 89' lang='lat' dir='ltr'><strong>non</strong></span> <span class='ocrx_word' id='word_1_99' title='bbox 1826 1480 2000 1540; x_wconf 89' lang='lat' dir='ltr'><strong>potest</strong></span> <span class='ocrx_word' id='word_1_100' title='bbox 2024 1471 2165 1526; x_wconf 89' lang='lat' dir='ltr'><strong>enim</strong></span> <span class='ocrx_word' id='word_1_101' title='bbox 2198 1473 2241 1524; x_wconf 88' lang='lat' dir='ltr'><strong>is</strong></span> <span class='ocrx_word' id='word_1_102' title='bbox 2271 1472 2362 1541; x_wconf 92' lang='lat' dir='ltr'><strong>qui</strong></span> 
     </span>
    </p>
   </div>
   <div class='ocr_carea' id='block_1_13' title="bbox 798 1560 2364 1631">
    <p class='ocr_par' dir='ltr' id='par_1_13' title="bbox 798 1560 2364 1631">
     <span class='ocr_line' id='line_1_13' title="bbox 798 1560 2364 1631; baseline 0 -16"><span class='ocrx_word' id='word_1_103' title='bbox 798 1560 914 1615; x_wconf 81' lang='lat' dir='ltr'><strong>sine</strong></span> <span class='ocrx_word' id='word_1_104' title='bbox 942 1560 1131 1616; x_wconf 93' lang='lat' dir='ltr'><strong>timore</strong></span> <span class='ocrx_word' id='word_1_105' title='bbox 1160 1560 1322 1627; x_wconf 87' lang='lat' dir='ltr'><strong>vivit,</strong></span> <span class='ocrx_word' id='word_1_106' title='bbox 1352 1561 1669 1630; x_wconf 71' lang='lat' dir='ltr'><strong>pmlarttm</strong></span> <span class='ocrx_word' id='word_1_107' title='bbox 1692 1562 1963 1631; x_wconf 79' lang='lat' dir='ltr'><strong>quidpiam</strong></span> <span class='ocrx_word' id='word_1_108' title='bbox 2002 1570 2056 1615; x_wconf 90' lang='lat' dir='ltr'><strong>et</strong></span> <span class='ocrx_word' id='word_1_109' title='bbox 2093 1560 2364 1616; x_wconf 88' lang='lat' dir='ltr'><strong>admiran-</strong></span> 
     </span>
    </p>
   </div>
   <div class='ocr_carea' id='block_1_14' title="bbox 796 1651 2359 1724">
    <p class='ocr_par' dir='ltr' id='par_1_14' title="bbox 796 1651 2359 1724">
     <span class='ocr_line' id='line_1_14' title="bbox 796 1651 2359 1724; baseline 0.002 -19"><span class='ocrx_word' id='word_1_110' title='bbox 796 1652 922 1705; x_wconf 88' lang='lat' dir='ltr'><strong>dunt</strong></span> <span class='ocrx_word' id='word_1_111' title='bbox 947 1651 1129 1707; x_wconf 87' lang='lat' dir='ltr'><strong>edere.</strong></span> <span class='ocrx_word' id='word_1_112' title='bbox 1157 1651 1340 1724; x_wconf 80' lang='lat' dir='ltr'><strong>Neque</strong></span> <span class='ocrx_word' id='word_1_113' title='bbox 1364 1662 1567 1709; x_wconf 89' lang='lat' dir='ltr'><strong>tantum</strong></span> <span class='ocrx_word' id='word_1_114' title='bbox 1591 1656 1742 1719; x_wconf 75' lang='lat' dir='ltr'><strong>dixit,</strong></span> <span class='ocrx_word' id='word_1_115' title='bbox 1771 1654 1993 1722; x_wconf 83' lang='lat' dir='ltr'><strong>Timore,</strong></span> <span class='ocrx_word' id='word_1_116' title='bbox 2015 1655 2109 1711; x_wconf 89' lang='lat' dir='ltr'><strong>sed</strong></span> <span class='ocrx_word' id='word_1_117' title='bbox 2134 1656 2359 1721; x_wconf 90' lang='lat' dir='ltr'><strong>addldit,</strong></span> 
     </span>
    </p>
   </div>
   <div class='ocr_carea' id='block_1_15' title="bbox 802 1740 2363 1814">
    <p class='ocr_par' dir='ltr' id='par_1_15' title="bbox 802 1740 2363 1814">
     <span class='ocr_line' id='line_1_15' title="bbox 802 1740 2363 1814; baseline 0.004 -20"><span class='ocrx_word' id='word_1_118' title='bbox 802 1740 868 1794; x_wconf 66' lang='lat' dir='ltr'><strong>fit</strong></span> <span class='ocrx_word' id='word_1_119' title='bbox 891 1749 1138 1806; x_wconf 74' lang='lat' dir='ltr'><strong>tranare,</strong></span> <span class='ocrx_word' id='word_1_120' title='bbox 1164 1744 1253 1813; x_wconf 89' lang='lat' dir='ltr'><strong>qui</strong></span> <span class='ocrx_word' id='word_1_121' title='bbox 1295 1744 1468 1813; x_wconf 80' lang='lat' dir='ltr'><strong>major</strong></span> <span class='ocrx_word' id='word_1_122' title='bbox 1489 1744 1703 1814; x_wconf 86' lang='lat' dir='ltr'><strong>quidam</strong></span> <span class='ocrx_word' id='word_1_123' title='bbox 1731 1754 1786 1800; x_wconf 94' lang='lat' dir='ltr'><strong>et</strong></span> <span class='ocrx_word' id='word_1_124' title='bbox 1810 1744 2177 1800; x_wconf 89' lang='lat' dir='ltr'><strong>vehementior</strong></span> <span class='ocrx_word' id='word_1_125' title='bbox 2204 1748 2363 1801; x_wconf 86' lang='lat' dir='ltr'><strong>timor</strong></span> 
     </span>
    </p>
   </div>
   <div class='ocr_carea' id='block_1_16' title="bbox 796 1831 2357 1898">
    <p class='ocr_par' dir='ltr' id='par_1_16' title="bbox 796 1831 2357 1898">
     <span class='ocr_line' id='line_1_16' title="bbox 796 1831 2357 1898; baseline 0.004 -13"><span class='ocrx_word' id='word_1_126' title='bbox 796 1840 919 1887; x_wconf 86' lang='lat' dir='ltr'><strong>est:</strong></span> <span class='ocrx_word' id='word_1_127' title='bbox 950 1831 1199 1886; x_wconf 87' lang='lat' dir='ltr'><strong>nimirum</strong></span> <span class='ocrx_word' id='word_1_128' title='bbox 1229 1832 1279 1886; x_wconf 89' lang='lat' dir='ltr'><strong>id</strong></span> <span class='ocrx_word' id='word_1_129' title='bbox 1309 1834 1552 1898; x_wconf 81' lang='lat' dir='ltr'><strong>studens,</strong></span> <span class='ocrx_word' id='word_1_130' title='bbox 1581 1845 1640 1889; x_wconf 92' lang='lat' dir='ltr'><strong>nt</strong></span> <span class='ocrx_word' id='word_1_131' title='bbox 1665 1836 1784 1890; x_wconf 82' lang='lat' dir='ltr'><strong>illos</strong></span> <span class='ocrx_word' id='word_1_132' title='bbox 1811 1837 2123 1892; x_wconf 85' lang='lat' dir='ltr'><strong>attentiores</strong></span> <span class='ocrx_word' id='word_1_133' title='bbox 2150 1838 2357 1892; x_wconf 87' lang='lat' dir='ltr'><strong>reddat.</strong></span> 
     </span>
    </p>
   </div>
   <div class='ocr_carea' id='block_1_17' title="bbox 798 1920 2359 1997">
    <p class='ocr_par' dir='ltr' id='par_1_17' title="bbox 798 1920 2359 1997">
     <span class='ocr_line' id='line_1_17' title="bbox 798 1920 2359 1997; baseline 0.006 -23"><span class='ocrx_word' id='word_1_134' title='bbox 798 1920 947 1975; x_wconf 89' lang='lat' dir='ltr'><strong>llunc</strong></span> <span class='ocrx_word' id='word_1_135' title='bbox 975 1922 1202 1977; x_wconf 76' lang='lat' dir='ltr'><strong>habebat</strong></span> <span class='ocrx_word' id='word_1_136' title='bbox 1231 1923 1478 1979; x_wconf 88' lang='lat' dir='ltr'><strong>timorem</strong></span> <span class='ocrx_word' id='word_1_137' title='bbox 1510 1926 1702 1980; x_wconf 87' lang='lat' dir='ltr'><strong>l&#39;aulus</strong></span> <span class='ocrx_word' id='word_1_138' title='bbox 1730 1946 1744 1979; x_wconf 89' lang='lat'><strong>:</strong></span> <span class='ocrx_word' id='word_1_139' title='bbox 1774 1938 2056 1997; x_wconf 86' lang='lat' dir='ltr'><strong>propterea</strong></span> <span class='ocrx_word' id='word_1_140' title='bbox 2084 1930 2244 1984; x_wconf 88' lang='lat' dir='ltr'><strong>etiam</strong></span> <span class='ocrx_word' id='word_1_141' title='bbox 2273 1930 2359 1983; x_wconf 87' lang='lat' dir='ltr'><strong>di—</strong></span> 
     </span>
    </p>
   </div>
   <div class='ocr_carea' id='block_1_18' title="bbox 795 2012 2363 2091">
    <p class='ocr_par' dir='ltr' id='par_1_18' title="bbox 795 2012 2363 2091">
     <span class='ocr_line' id='line_1_18' title="bbox 795 2012 2363 2091; baseline 0.006 -25"><span class='ocrx_word' id='word_1_142' title='bbox 795 2012 952 2066; x_wconf 77' lang='lat' dir='ltr'><strong>ccbat</strong></span> <span class='ocrx_word' id='word_1_143' title='bbox 974 2030 988 2066; x_wconf 92' lang='lat'><strong>:</strong></span> <span class='ocrx_word' id='word_1_144' title='bbox 1012 2012 1187 2067; x_wconf 81' lang='lat' dir='ltr'><strong>Timeo</strong></span> <span class='ocrx_word' id='word_1_145' title='bbox 1215 2031 1419 2073; x_wconf 60' lang='lat' dir='ltr'><strong>uacant</strong></span> <span class='ocrx_word' id='word_1_146' title='bbox 1444 2017 1559 2070; x_wconf 79' lang='lat' dir='ltr'><strong>aliis</strong></span> <span class='ocrx_word' id='word_1_147' title='bbox 1597 2020 1955 2085; x_wconf 77' lang='lat' dir='ltr'><strong>prtrdicot&#39;ero,</strong></span> <span class='ocrx_word' id='word_1_148' title='bbox 1983 2022 2091 2089; x_wconf 79' lang='lat' dir='ltr'><strong>ipse</strong></span> <span class='ocrx_word' id='word_1_149' title='bbox 2121 2023 2363 2091; x_wconf 77' lang='lat' dir='ltr'><strong>reprobus</strong></span> 
     </span>
    </p>
   </div>
   <div class='ocr_carea' id='block_1_19' title="bbox 792 2103 2362 2179">
    <p class='ocr_par' dir='ltr' id='par_1_19' title="bbox 792 2103 2362 2179">
     <span class='ocr_line' id='line_1_19' title="bbox 792 2103 2362 2179; baseline 0.01 -24"><span class='ocrx_word' id='word_1_150' title='bbox 792 2104 980 2172; x_wconf 63' lang='lat' dir='ltr'><strong>cﬁciar</strong></span> <span class='ocrx_word' id='word_1_151' title='bbox 1010 2105 1086 2175; x_wconf 80' lang='grc' dir='ltr'><strong>(Ι.</strong></span> <span class='ocrx_word' id='word_1_152' title='bbox 1116 2103 1235 2161; x_wconf 85' lang='lat' dir='ltr'><strong>Cor.</strong></span> <span class='ocrx_word' id='word_1_153' title='bbox 1267 2105 1320 2161; x_wconf 79' lang='lat'><strong>9.</strong></span> <span class='ocrx_word' id='word_1_154' title='bbox 1362 2106 1478 2175; x_wconf 76' lang='grc'><strong>27).</strong></span> <span class='ocrx_word' id='word_1_155' title='bbox 1516 2107 1647 2162; x_wconf 84' lang='lat' dir='ltr'><strong>Nam</strong></span> <span class='ocrx_word' id='word_1_156' title='bbox 1686 2111 1730 2162; x_wconf 86' lang='lat' dir='ltr'><strong>si</strong></span> <span class='ocrx_word' id='word_1_157' title='bbox 1776 2127 1894 2179; x_wconf 78' lang='lat' dir='ltr'><strong>qua:</strong></span> <span class='ocrx_word' id='word_1_158' title='bbox 1931 2112 1997 2166; x_wconf 89' lang='lat' dir='ltr'><strong>ad</strong></span> <span class='ocrx_word' id='word_1_159' title='bbox 2029 2113 2187 2166; x_wconf 87' lang='lat' dir='ltr'><strong>vitam</strong></span> <span class='ocrx_word' id='word_1_160' title='bbox 2226 2114 2362 2170; x_wconf 89' lang='lat' dir='ltr'><strong>hanc</strong></span> 
     </span>
    </p>
   </div>
   <div class='ocr_carea' id='block_1_20' title="bbox 796 2181 2359 2272">
    <p class='ocr_par' dir='ltr' id='par_1_20' title="bbox 796 2181 2359 2272">
     <span class='ocr_line' id='line_1_20' title="bbox 796 2181 2359 2272; baseline 0.008 -26"><span class='ocrx_word' id='word_1_161' title='bbox 796 2181 1093 2259; x_wconf 83' lang='lat' dir='ltr'><strong>pertinent,</strong></span> <span class='ocrx_word' id='word_1_162' title='bbox 1133 2197 1250 2250; x_wconf 87' lang='lat' dir='ltr'><strong>sine</strong></span> <span class='ocrx_word' id='word_1_163' title='bbox 1292 2196 1483 2252; x_wconf 87' lang='lat' dir='ltr'><strong>timore</strong></span> <span class='ocrx_word' id='word_1_164' title='bbox 1525 2208 1669 2253; x_wconf 86' lang='lat' dir='ltr'><strong>recte</strong></span> <span class='ocrx_word' id='word_1_165' title='bbox 1709 2201 1911 2269; x_wconf 82' lang='lat' dir='ltr'><strong>acquiri</strong></span> <span class='ocrx_word' id='word_1_166' title='bbox 1957 2217 2061 2255; x_wconf 90' lang='lat' dir='ltr'><strong>non</strong></span> <span class='ocrx_word' id='word_1_167' title='bbox 2103 2214 2359 2272; x_wconf 82' lang='lat' dir='ltr'><strong>possunt,</strong></span> 
     </span>
    </p>
   </div>
   <div class='ocr_carea' id='block_1_21' title="bbox 790 2281 2362 2360">
    <p class='ocr_par' dir='ltr' id='par_1_21' title="bbox 790 2281 2362 2360">
     <span class='ocr_line' id='line_1_21' title="bbox 790 2281 2362 2360; baseline 0.009 -24"><span class='ocrx_word' id='word_1_168' title='bbox 790 2293 989 2353; x_wconf 86' lang='lat' dir='ltr'><strong>quanto</strong></span> <span class='ocrx_word' id='word_1_169' title='bbox 1017 2285 1189 2339; x_wconf 76' lang='lat' dir='ltr'><strong>minus</strong></span> <span class='ocrx_word' id='word_1_170' title='bbox 1215 2281 1550 2356; x_wconf 79' lang='lat' dir='ltr'><strong>spiritttalia?</strong></span> <span class='ocrx_word' id='word_1_171' title='bbox 1578 2288 1672 2343; x_wconf 87' lang='lat' dir='ltr'><strong>Dic</strong></span> <span class='ocrx_word' id='word_1_172' title='bbox 1696 2292 1862 2354; x_wconf 90' lang='lat' dir='ltr'><strong>enim,</strong></span> <span class='ocrx_word' id='word_1_173' title='bbox 1890 2292 2011 2360; x_wconf 84' lang='lat' dir='ltr'><strong>quis</strong></span> <span class='ocrx_word' id='word_1_174' title='bbox 2040 2292 2222 2348; x_wconf 78' lang='lat' dir='ltr'><strong>literas</strong></span> <span class='ocrx_word' id='word_1_175' title='bbox 2244 2296 2362 2351; x_wconf 85' lang='lat' dir='ltr'><strong>sine</strong></span> 
     </span>
    </p>
   </div>
   <div class='ocr_carea' id='block_1_22' title="bbox 746 2374 2358 2452">
    <p class='ocr_par' dir='ltr' id='par_1_22' title="bbox 746 2374 2358 2452">
     <span class='ocr_line' id='line_1_22' title="bbox 746 2374 2358 2452; baseline 0.009 -27"><span class='ocrx_word' id='word_1_176' title='bbox 746 2432 754 2439; x_wconf 45' lang='grc'><em>,</em></span> <span class='ocrx_word' id='word_1_177' title='bbox 794 2377 985 2429; x_wconf 86' lang='lat' dir='ltr'><strong>timore</strong></span> <span class='ocrx_word' id='word_1_178' title='bbox 1010 2374 1234 2429; x_wconf 74' lang='lat' dir='ltr'><strong>didicit?</strong></span> <span class='ocrx_word' id='word_1_179' title='bbox 1260 2378 1381 2446; x_wconf 84' lang='lat' dir='ltr'><strong>quis</strong></span> <span class='ocrx_word' id='word_1_180' title='bbox 1408 2386 1578 2433; x_wconf 90' lang='lat' dir='ltr'><strong>artem</strong></span> <span class='ocrx_word' id='word_1_181' title='bbox 1611 2381 1779 2434; x_wconf 90' lang='lat' dir='ltr'><strong>tenuit</strong></span> <span class='ocrx_word' id='word_1_182' title='bbox 1807 2381 1923 2435; x_wconf 89' lang='lat' dir='ltr'><strong>sine</strong></span> <span class='ocrx_word' id='word_1_183' title='bbox 1954 2383 2181 2438; x_wconf 75' lang='lat' dir='ltr'><strong>timore?</strong></span> <span class='ocrx_word' id='word_1_184' title='bbox 2207 2384 2358 2452; x_wconf 83' lang='lat' dir='ltr'><strong>Quod</strong></span> 
     </span>
    </p>
   </div>
   <div class='ocr_carea' id='block_1_23' title="bbox 787 2464 2357 2560">
    <p class='ocr_par' dir='ltr' id='par_1_23' title="bbox 787 2464 2357 2560">
     <span class='ocr_line' id='line_1_23' title="bbox 787 2464 2357 2560; baseline 0.005 -41"><span class='ocrx_word' id='word_1_185' title='bbox 787 2464 840 2519; x_wconf 82' lang='lat' dir='ltr'><strong>si</strong></span> <span class='ocrx_word' id='word_1_186' title='bbox 879 2464 968 2518; x_wconf 86' lang='lat' dir='ltr'><strong>ubi</strong></span> <span class='ocrx_word' id='word_1_187' title='bbox 1007 2480 1112 2518; x_wconf 89' lang='lat' dir='ltr'><strong>non</strong></span> <span class='ocrx_word' id='word_1_188' title='bbox 1156 2466 1398 2521; x_wconf 82' lang='lat' dir='ltr'><strong>imminet</strong></span> <span class='ocrx_word' id='word_1_189' title='bbox 1431 2467 1710 2533; x_wconf 75' lang='lat' dir='ltr'><strong>diabolus,</strong></span> <span class='ocrx_word' id='word_1_190' title='bbox 1742 2469 1835 2523; x_wconf 88' lang='lat' dir='ltr'><strong>sed</strong></span> <span class='ocrx_word' id='word_1_191' title='bbox 1880 2471 1994 2525; x_wconf 90' lang='lat' dir='ltr'><strong>sola</strong></span> <span class='ocrx_word' id='word_1_192' title='bbox 2038 2472 2357 2560; x_wconf 48' lang='lat' dir='ltr'><strong>negligeqtia</strong></span> 
     </span>
    </p>
   </div>
   <div class='ocr_carea' id='block_1_24' title="bbox 791 2556 2358 2627">
    <p class='ocr_par' dir='ltr' id='par_1_24' title="bbox 791 2556 2358 2627">
     <span class='ocr_line' id='line_1_24' title="bbox 791 2556 2358 2627; baseline 0.006 -17"><span class='ocrx_word' id='word_1_193' title='bbox 791 2556 1175 2625; x_wconf 87' lang='lat' dir='ltr'><strong>impedimento</strong></span> <span class='ocrx_word' id='word_1_194' title='bbox 1210 2565 1331 2622; x_wconf 81' lang='lat' dir='ltr'><strong>est,</strong></span> <span class='ocrx_word' id='word_1_195' title='bbox 1361 2566 1511 2614; x_wconf 90' lang='lat' dir='ltr'><strong>tanto</strong></span> <span class='ocrx_word' id='word_1_196' title='bbox 1548 2574 1684 2627; x_wconf 88' lang='lat' dir='ltr'><strong>opus</strong></span> <span class='ocrx_word' id='word_1_197' title='bbox 1728 2571 1810 2615; x_wconf 82' lang='lat' dir='ltr'><strong>est</strong></span> <span class='ocrx_word' id='word_1_198' title='bbox 1849 2562 2035 2617; x_wconf 87' lang='lat' dir='ltr'><strong>labore</strong></span> <span class='ocrx_word' id='word_1_199' title='bbox 2055 2604 2070 2626; x_wconf 88' lang='lat'><strong>,</strong></span> <span class='ocrx_word' id='word_1_200' title='bbox 2100 2573 2158 2617; x_wconf 92' lang='lat' dir='ltr'><strong>ut</strong></span> <span class='ocrx_word' id='word_1_201' title='bbox 2191 2556 2358 2620; x_wconf 79' lang='lat' dir='ltr'><strong>solam</strong></span> 
     </span>
    </p>
   </div>
   <div class='ocr_carea' id='block_1_25' title="bbox 789 2644 2357 2718">
    <p class='ocr_par' dir='ltr' id='par_1_25' title="bbox 789 2644 2357 2718">
     <span class='ocr_line' id='line_1_25' title="bbox 789 2644 2357 2718; baseline 0.006 -21"><span class='ocrx_word' id='word_1_202' title='bbox 789 2644 937 2698; x_wconf 81' lang='lat' dir='ltr'><strong>illam</strong></span> <span class='ocrx_word' id='word_1_203' title='bbox 965 2646 1259 2699; x_wconf 81' lang='lat' dir='ltr'><strong>naturalem</strong></span> <span class='ocrx_word' id='word_1_204' title='bbox 1290 2648 1661 2718; x_wconf 82' lang='lat' dir='ltr'><strong>negligentiam</strong></span> <span class='ocrx_word' id='word_1_205' title='bbox 1692 2648 1967 2704; x_wconf 78' lang='lat' dir='ltr'><strong>vincamus</strong></span> <span class='ocrx_word' id='word_1_206' title='bbox 1996 2668 2009 2705; x_wconf 88' lang='lat'><strong>:</strong></span> <span class='ocrx_word' id='word_1_207' title='bbox 2035 2651 2122 2706; x_wconf 90' lang='lat' dir='ltr'><strong>ubi</strong></span> <span class='ocrx_word' id='word_1_208' title='bbox 2154 2661 2357 2708; x_wconf 87' lang='lat' dir='ltr'><strong>tantum</strong></span> 
     </span>
    </p>
   </div>
   <div class='ocr_carea' id='block_1_26' title="bbox 790 2734 2361 2808">
    <p class='ocr_par' dir='ltr' id='par_1_26' title="bbox 790 2734 2361 2808">
     <span class='ocr_line' id='line_1_26' title="bbox 790 2734 2361 2808; baseline 0.006 -21"><span class='ocrx_word' id='word_1_209' title='bbox 790 2734 1062 2804; x_wconf 81' lang='lat' dir='ltr'><strong>impendet</strong></span> <span class='ocrx_word' id='word_1_210' title='bbox 1088 2737 1284 2790; x_wconf 85' lang='lat' dir='ltr'><strong>bellum</strong></span> <span class='ocrx_word' id='word_1_211' title='bbox 1307 2777 1324 2801; x_wconf 89' lang='lat'><strong>,</strong></span> <span class='ocrx_word' id='word_1_212' title='bbox 1356 2745 1499 2791; x_wconf 81' lang='lat' dir='ltr'><strong>tanta</strong></span> <span class='ocrx_word' id='word_1_213' title='bbox 1531 2736 1909 2808; x_wconf 87' lang='lat' dir='ltr'><strong>impedimenta</strong></span> <span class='ocrx_word' id='word_1_214' title='bbox 1934 2781 1950 2804; x_wconf 91' lang='lat'><strong>,</strong></span> <span class='ocrx_word' id='word_1_215' title='bbox 1982 2740 2070 2808; x_wconf 87' lang='lat' dir='ltr'><strong>qui</strong></span> <span class='ocrx_word' id='word_1_216' title='bbox 2101 2742 2213 2797; x_wconf 83' lang='lat' dir='ltr'><strong>fieri</strong></span> <span class='ocrx_word' id='word_1_217' title='bbox 2243 2759 2361 2797; x_wconf 84' lang='lat' dir='ltr'><strong>utn-</strong></span> 
     </span>
    </p>
   </div>
   <div class='ocr_carea' id='block_1_27' title="bbox 786 2825 2360 2901">
    <p class='ocr_par' dir='ltr' id='par_1_27' title="bbox 786 2825 2360 2901">
     <span class='ocr_line' id='line_1_27' title="bbox 786 2825 2360 2901; baseline 0.006 -24"><span class='ocrx_word' id='word_1_218' title='bbox 786 2840 949 2893; x_wconf 90' lang='lat' dir='ltr'><strong>quant</strong></span> <span class='ocrx_word' id='word_1_219' title='bbox 977 2825 1171 2894; x_wconf 88' lang='lat' dir='ltr'><strong>poterit</strong></span> <span class='ocrx_word' id='word_1_220' title='bbox 1199 2834 1255 2879; x_wconf 92' lang='grc' dir='ltr'><strong>ιιι</strong></span> <span class='ocrx_word' id='word_1_221' title='bbox 1291 2826 1406 2880; x_wconf 86' lang='lat' dir='ltr'><strong>sine</strong></span> <span class='ocrx_word' id='word_1_222' title='bbox 1434 2826 1625 2879; x_wconf 84' lang='lat' dir='ltr'><strong>timore</strong></span> <span class='ocrx_word' id='word_1_223' title='bbox 1662 2827 1887 2881; x_wconf 80' lang='lat' dir='ltr'><strong>salutent</strong></span> <span class='ocrx_word' id='word_1_224' title='bbox 1928 2834 2360 2901; x_wconf 83' lang='lat' dir='ltr'><strong>consequamur?</strong></span> 
     </span>
    </p>
   </div>
   <div class='ocr_carea' id='block_1_28' title="bbox 789 2913 2356 2984">
    <p class='ocr_par' dir='ltr' id='par_1_28' title="bbox 789 2913 2356 2984">
     <span class='ocr_line' id='line_1_28' title="bbox 789 2913 2356 2984; baseline 0.007 -14"><span class='ocrx_word' id='word_1_225' title='bbox 789 2913 897 2970; x_wconf 83' lang='lat' dir='ltr'><strong>Sed</strong></span> <span class='ocrx_word' id='word_1_226' title='bbox 934 2930 1036 2984; x_wconf 90' lang='lat' dir='ltr'><strong>qua</strong></span> <span class='ocrx_word' id='word_1_227' title='bbox 1077 2916 1283 2970; x_wconf 85' lang='lat' dir='ltr'><strong>ratione</strong></span> <span class='ocrx_word' id='word_1_228' title='bbox 1323 2915 1408 2971; x_wconf 88' lang='lat' dir='ltr'><strong>hic</strong></span> <span class='ocrx_word' id='word_1_229' title='bbox 1452 2917 1503 2970; x_wconf 93' lang='lat' dir='ltr'><strong>in</strong></span> <span class='ocrx_word' id='word_1_230' title='bbox 1534 2918 1689 2972; x_wconf 89' lang='lat' dir='ltr'><strong>nobis</strong></span> <span class='ocrx_word' id='word_1_231' title='bbox 1729 2920 2047 2975; x_wconf 78' lang='lat' dir='ltr'><strong>excitabitur</strong></span> <span class='ocrx_word' id='word_1_232' title='bbox 2077 2924 2269 2977; x_wconf 77' lang='lat' dir='ltr'><strong>timor!</strong></span> <span class='ocrx_word' id='word_1_233' title='bbox 2300 2925 2356 2981; x_wconf 91' lang='lat' dir='ltr'><strong>Si</strong></span> 
     </span>
    </p>
   </div>
   <div class='ocr_carea' id='block_1_29' title="bbox 790 3005 2356 3082">
    <p class='ocr_par' dir='ltr' id='par_1_29' title="bbox 790 3005 2356 3082">
     <span class='ocr_line' id='line_1_29' title="bbox 790 3005 2356 3082; baseline 0.004 -21"><span class='ocrx_word' id='word_1_234' title='bbox 790 3007 919 3061; x_wconf 82' lang='lat' dir='ltr'><strong>illud</strong></span> <span class='ocrx_word' id='word_1_235' title='bbox 956 3005 1009 3060; x_wconf 88' lang='lat' dir='ltr'><strong>in</strong></span> <span class='ocrx_word' id='word_1_236' title='bbox 1046 3007 1225 3061; x_wconf 87' lang='lat' dir='ltr'><strong>animo</strong></span> <span class='ocrx_word' id='word_1_237' title='bbox 1262 3007 1605 3063; x_wconf 80' lang='lat' dir='ltr'><strong>habuerimus</strong></span> <span class='ocrx_word' id='word_1_238' title='bbox 1627 3049 1645 3074; x_wconf 95' lang='lat'><strong>,</strong></span> <span class='ocrx_word' id='word_1_239' title='bbox 1677 3010 1873 3079; x_wconf 90' lang='lat' dir='ltr'><strong>ubique</strong></span> <span class='ocrx_word' id='word_1_240' title='bbox 1910 3011 2103 3067; x_wconf 85' lang='lat' dir='ltr'><strong>adesse</strong></span> <span class='ocrx_word' id='word_1_241' title='bbox 2148 3013 2314 3068; x_wconf 87' lang='lat' dir='ltr'><strong>Deum</strong></span> <span class='ocrx_word' id='word_1_242' title='bbox 2339 3057 2356 3082; x_wconf 90' lang='lat'><strong>,</strong></span> 
     </span>
    </p>
   </div>
   <div class='ocr_carea' id='block_1_30' title="bbox 788 3094 2358 3170">
    <p class='ocr_par' dir='ltr' id='par_1_30' title="bbox 788 3094 2358 3170">
     <span class='ocr_line' id='line_1_30' title="bbox 788 3094 2358 3170; baseline 0.006 -22"><span class='ocrx_word' id='word_1_243' title='bbox 788 3095 967 3149; x_wconf 84' lang='lat' dir='ltr'><strong>omnia</strong></span> <span class='ocrx_word' id='word_1_244' title='bbox 990 3094 1195 3160; x_wconf 87' lang='lat' dir='ltr'><strong>audire,</strong></span> <span class='ocrx_word' id='word_1_245' title='bbox 1220 3097 1399 3150; x_wconf 86' lang='lat' dir='ltr'><strong>omnia</strong></span> <span class='ocrx_word' id='word_1_246' title='bbox 1428 3096 1629 3163; x_wconf 82' lang='lat' dir='ltr'><strong>videre,</strong></span> <span class='ocrx_word' id='word_1_247' title='bbox 1658 3113 1763 3151; x_wconf 91' lang='lat' dir='ltr'><strong>non</strong></span> <span class='ocrx_word' id='word_1_248' title='bbox 1788 3112 1849 3153; x_wconf 88' lang='lat' dir='ltr'><strong>ea</strong></span> <span class='ocrx_word' id='word_1_249' title='bbox 1878 3099 2052 3153; x_wconf 88' lang='lat' dir='ltr'><strong>solum</strong></span> <span class='ocrx_word' id='word_1_250' title='bbox 2078 3115 2196 3170; x_wconf 81' lang='lat' dir='ltr'><strong>qua:</strong></span> <span class='ocrx_word' id='word_1_251' title='bbox 2225 3102 2358 3157; x_wconf 86' lang='lat' dir='ltr'><strong>fiunt</strong></span> 
     </span>
    </p>
   </div>
   <div class='ocr_carea' id='block_1_31' title="bbox 788 3184 2357 3257">
    <p class='ocr_par' dir='ltr' id='par_1_31' title="bbox 788 3184 2357 3257">
     <span class='ocr_line' id='line_1_31' title="bbox 788 3184 2357 3257; baseline 0.007 -20"><span class='ocrx_word' id='word_1_252' title='bbox 788 3193 883 3238; x_wconf 85' lang='lat' dir='ltr'><strong>aut</strong></span> <span class='ocrx_word' id='word_1_253' title='bbox 905 3184 1155 3240; x_wconf 83' lang='lat' dir='ltr'><strong>dicuntur</strong></span> <span class='ocrx_word' id='word_1_254' title='bbox 1176 3226 1194 3251; x_wconf 92' lang='lat'><strong>,</strong></span> <span class='ocrx_word' id='word_1_255' title='bbox 1222 3186 1316 3240; x_wconf 89' lang='lat' dir='ltr'><strong>sed</strong></span> <span class='ocrx_word' id='word_1_256' title='bbox 1342 3186 1502 3241; x_wconf 87' lang='lat' dir='ltr'><strong>etiam</strong></span> <span class='ocrx_word' id='word_1_257' title='bbox 1527 3202 1648 3257; x_wconf 69' lang='lat' dir='ltr'><strong>quae</strong></span> <span class='ocrx_word' id='word_1_258' title='bbox 1691 3189 1743 3242; x_wconf 92' lang='lat' dir='ltr'><strong>in</strong></span> <span class='ocrx_word' id='word_1_259' title='bbox 1780 3188 2033 3245; x_wconf 85' lang='lat' dir='ltr'><strong>cordibus</strong></span> <span class='ocrx_word' id='word_1_260' title='bbox 2059 3200 2112 3247; x_wconf 86' lang='lat' dir='ltr'><strong>et</strong></span> <span class='ocrx_word' id='word_1_261' title='bbox 2142 3207 2357 3248; x_wconf 84' lang='lat' dir='ltr'><strong>recessu</strong></span> 
     </span>
    </p>
   </div>
   <div class='ocr_carea' id='block_1_32' title="bbox 790 3274 2356 3350">
    <p class='ocr_par' dir='ltr' id='par_1_32' title="bbox 790 3274 2356 3350">
     <span class='ocr_line' id='line_1_32' title="bbox 790 3274 2356 3350; baseline 0.004 -20"><span class='ocrx_word' id='word_1_262' title='bbox 790 3275 984 3330; x_wconf 83' lang='lat' dir='ltr'><strong>mentis</strong></span> <span class='ocrx_word' id='word_1_263' title='bbox 1010 3274 1177 3330; x_wconf 83' lang='lat' dir='ltr'><strong>latent</strong></span> <span class='ocrx_word' id='word_1_264' title='bbox 1204 3294 1219 3329; x_wconf 91' lang='lat'><strong>:</strong></span> <span class='ocrx_word' id='word_1_265' title='bbox 1250 3274 1507 3330; x_wconf 83' lang='lat' dir='ltr'><strong>Discretor</strong></span> <span class='ocrx_word' id='word_1_266' title='bbox 1533 3279 1667 3331; x_wconf 76' lang='lat' dir='ltr'><strong>enim</strong></span> <span class='ocrx_word' id='word_1_267' title='bbox 1705 3291 1778 3333; x_wconf 80' lang='lat' dir='ltr'><strong>est</strong></span> <span class='ocrx_word' id='word_1_268' title='bbox 1806 3281 2167 3350; x_wconf 72' lang='lat' dir='ltr'><strong>cogitationum</strong></span> <span class='ocrx_word' id='word_1_269' title='bbox 2194 3293 2242 3335; x_wconf 87' lang='lat' dir='ltr'><strong>et</strong></span> <span class='ocrx_word' id='word_1_270' title='bbox 2270 3283 2356 3336; x_wconf 84' lang='lat' dir='ltr'><strong>in-</strong></span> 
     </span>
    </p>
   </div>
   <div class='ocr_carea' id='block_1_33' title="bbox 786 3364 2358 3442">
    <p class='ocr_par' dir='ltr' id='par_1_33' title="bbox 786 3364 2358 3442">
     <span class='ocr_line' id='line_1_33' title="bbox 786 3364 2358 3442; baseline 0.005 -23"><span class='ocrx_word' id='word_1_271' title='bbox 786 3364 1060 3419; x_wconf 69' lang='lat' dir='ltr'><strong>tentionem</strong></span> <span class='ocrx_word' id='word_1_272' title='bbox 1084 3366 1251 3420; x_wconf 79' lang='lat' dir='ltr'><strong>cordis</strong></span> <span class='ocrx_word' id='word_1_273' title='bbox 1279 3364 1463 3435; x_wconf 72' lang='lat' dir='ltr'><strong>(Hebr.</strong></span> <span class='ocrx_word' id='word_1_274' title='bbox 1486 3366 1563 3429; x_wconf 76' lang='grc' dir='ltr'><strong>ι).</strong></span> <span class='ocrx_word' id='word_1_275' title='bbox 1597 3366 1656 3422; x_wconf 89' lang='lat' dir='ltr'><strong>Si</strong></span> <span class='ocrx_word' id='word_1_276' title='bbox 1695 3369 1764 3421; x_wconf 87' lang='lat' dir='ltr'><strong>ita</strong></span> <span class='ocrx_word' id='word_1_277' title='bbox 1795 3384 1893 3423; x_wconf 88' lang='lat' dir='ltr'><strong>nos</strong></span> <span class='ocrx_word' id='word_1_278' title='bbox 1918 3369 2063 3439; x_wconf 73' lang='lat' dir='ltr'><strong>ipsos</strong></span> <span class='ocrx_word' id='word_1_279' title='bbox 2089 3385 2358 3442; x_wconf 69' lang='lat' dir='ltr'><strong>prmpara-</strong></span> 
     </span>
    </p>
   </div>
   <div class='ocr_carea' id='block_1_34' title="bbox 787 3456 2355 3531">
    <p class='ocr_par' dir='ltr' id='par_1_34' title="bbox 787 3456 2355 3531">
     <span class='ocr_line' id='line_1_34' title="bbox 787 3456 2355 3531; baseline 0.004 -20"><span class='ocrx_word' id='word_1_280' title='bbox 787 3458 1043 3522; x_wconf 84' lang='lat' dir='ltr'><strong>veritnns,</strong></span> <span class='ocrx_word' id='word_1_281' title='bbox 1062 3456 1191 3511; x_wconf 90' lang='lat' dir='ltr'><strong>nihil</strong></span> <span class='ocrx_word' id='word_1_282' title='bbox 1210 3473 1331 3512; x_wconf 90' lang='lat' dir='ltr'><strong>cum</strong></span> <span class='ocrx_word' id='word_1_283' title='bbox 1349 3458 1689 3527; x_wconf 84' lang='lat' dir='ltr'><strong>improbitate</strong></span> <span class='ocrx_word' id='word_1_284' title='bbox 1710 3461 2049 3528; x_wconf 85' lang='lat' dir='ltr'><strong>conjunctum</strong></span> <span class='ocrx_word' id='word_1_285' title='bbox 2075 3461 2355 3531; x_wconf 75' lang='lat' dir='ltr'><strong>faciemus,</strong></span> 
     </span>
    </p>
   </div>
   <div class='ocr_carea' id='block_1_35' title="bbox 787 3546 2355 3618">
    <p class='ocr_par' dir='ltr' id='par_1_35' title="bbox 787 3546 2355 3618">
     <span class='ocr_line' id='line_1_35' title="bbox 787 3546 2355 3618; baseline 0.004 -16"><span class='ocrx_word' id='word_1_286' title='bbox 787 3547 921 3602; x_wconf 80' lang='lat' dir='ltr'><strong>nihil</strong></span> <span class='ocrx_word' id='word_1_287' title='bbox 944 3546 1186 3603; x_wconf 80' lang='lat' dir='ltr'><strong>dicemus</strong></span> <span class='ocrx_word' id='word_1_288' title='bbox 1206 3587 1224 3613; x_wconf 88' lang='lat'><strong>,</strong></span> <span class='ocrx_word' id='word_1_289' title='bbox 1253 3547 1385 3603; x_wconf 84' lang='lat' dir='ltr'><strong>nihil</strong></span> <span class='ocrx_word' id='word_1_290' title='bbox 1410 3546 1785 3616; x_wconf 79' lang='lat' dir='ltr'><strong>cogitabiutus.</strong></span> <span class='ocrx_word' id='word_1_291' title='bbox 1820 3549 1913 3605; x_wconf 85' lang='lat' dir='ltr'><strong>Dic</strong></span> <span class='ocrx_word' id='word_1_292' title='bbox 1936 3551 2081 3606; x_wconf 89' lang='lat' dir='ltr'><strong>enim</strong></span> <span class='ocrx_word' id='word_1_293' title='bbox 2110 3552 2240 3606; x_wconf 75' lang='lat' dir='ltr'><strong>milii</strong></span> <span class='ocrx_word' id='word_1_294' title='bbox 2263 3593 2280 3618; x_wconf 93' lang='lat'><strong>,</strong></span> <span class='ocrx_word' id='word_1_295' title='bbox 2308 3554 2355 3608; x_wconf 93' lang='lat' dir='ltr'><strong>si</strong></span> 
     </span>
    </p>
   </div>
   <div class='ocr_carea' id='block_1_36' title="bbox 786 3636 2354 3707">
    <p class='ocr_par' dir='ltr' id='par_1_36' title="bbox 786 3636 2354 3707">
     <span class='ocr_line' id='line_1_36' title="bbox 786 3636 2354 3707; baseline 0.003 -16"><span class='ocrx_word' id='word_1_296' title='bbox 786 3636 882 3691; x_wconf 87' lang='lat' dir='ltr'><strong>tibi</strong></span> <span class='ocrx_word' id='word_1_297' title='bbox 910 3644 1168 3705; x_wconf 87' lang='lat' dir='ltr'><strong>perpetuo</strong></span> <span class='ocrx_word' id='word_1_298' title='bbox 1196 3636 1249 3691; x_wconf 90' lang='lat' dir='ltr'><strong>in</strong></span> <span class='ocrx_word' id='word_1_299' title='bbox 1284 3645 1573 3705; x_wconf 86' lang='lat' dir='ltr'><strong>conspectu</strong></span> <span class='ocrx_word' id='word_1_300' title='bbox 1602 3638 1858 3707; x_wconf 83' lang='lat' dir='ltr'><strong>principis</strong></span> <span class='ocrx_word' id='word_1_301' title='bbox 1894 3640 2146 3695; x_wconf 80' lang='lat' dir='ltr'><strong>standum</strong></span> <span class='ocrx_word' id='word_1_302' title='bbox 2170 3650 2315 3696; x_wconf 84' lang='lat' dir='ltr'><strong>esset</strong></span> <span class='ocrx_word' id='word_1_303' title='bbox 2336 3682 2354 3705; x_wconf 91' lang='lat'><strong>,</strong></span> 
     </span>
    </p>
   </div>
   <div class='ocr_carea' id='block_1_37' title="bbox 785 3726 2357 3798">
    <p class='ocr_par' dir='ltr' id='par_1_37' title="bbox 785 3726 2357 3798">
     <span class='ocr_line' id='line_1_37' title="bbox 785 3726 2357 3798; baseline 0.003 -16"><span class='ocrx_word' id='word_1_304' title='bbox 785 3742 965 3782; x_wconf 84' lang='lat' dir='ltr'><strong>nonne</strong></span> <span class='ocrx_word' id='word_1_305' title='bbox 1005 3740 1130 3782; x_wconf 86' lang='lat' dir='ltr'><strong>cum</strong></span> <span class='ocrx_word' id='word_1_306' title='bbox 1168 3726 1360 3782; x_wconf 88' lang='lat' dir='ltr'><strong>timore</strong></span> <span class='ocrx_word' id='word_1_307' title='bbox 1400 3729 1611 3783; x_wconf 77' lang='lat' dir='ltr'><strong>stares?</strong></span> <span class='ocrx_word' id='word_1_308' title='bbox 1652 3730 1718 3784; x_wconf 84' lang='lat' dir='ltr'><strong>Et</strong></span> <span class='ocrx_word' id='word_1_309' title='bbox 1746 3731 1834 3798; x_wconf 89' lang='lat' dir='ltr'><strong>qui</strong></span> <span class='ocrx_word' id='word_1_310' title='bbox 1875 3730 1955 3797; x_wconf 82' lang='lat' dir='ltr'><strong>tit,</strong></span> <span class='ocrx_word' id='word_1_311' title='bbox 1987 3740 2046 3785; x_wconf 90' lang='lat' dir='ltr'><strong>ut</strong></span> <span class='ocrx_word' id='word_1_312' title='bbox 2080 3746 2202 3787; x_wconf 88' lang='lat' dir='ltr'><strong>cum</strong></span> <span class='ocrx_word' id='word_1_313' title='bbox 2248 3733 2357 3787; x_wconf 86' lang='lat' dir='ltr'><strong>Deo</strong></span> 
     </span>
    </p>
   </div>
   <div class='ocr_carea' id='block_1_38' title="bbox 784 3816 2358 3891">
    <p class='ocr_par' dir='ltr' id='par_1_38' title="bbox 784 3816 2358 3891">
     <span class='ocr_line' id='line_1_38' title="bbox 784 3816 2358 3891; baseline 0.004 -20"><span class='ocrx_word' id='word_1_314' title='bbox 784 3816 988 3884; x_wconf 86' lang='lat' dir='ltr'><strong>adstes,</strong></span> <span class='ocrx_word' id='word_1_315' title='bbox 1015 3816 1190 3872; x_wconf 67' lang='lat' dir='ltr'><strong>ridi-as</strong></span> <span class='ocrx_word' id='word_1_316' title='bbox 1212 3827 1268 3872; x_wconf 86' lang='lat' dir='ltr'><strong>et</strong></span> <span class='ocrx_word' id='word_1_317' title='bbox 1289 3818 1535 3873; x_wconf 82' lang='lat' dir='ltr'><strong>osciteris</strong></span> <span class='ocrx_word' id='word_1_318' title='bbox 1554 3859 1572 3884; x_wconf 92' lang='lat'><strong>,</strong></span> <span class='ocrx_word' id='word_1_319' title='bbox 1601 3834 1701 3874; x_wconf 85' lang='lat' dir='ltr'><strong>nec</strong></span> <span class='ocrx_word' id='word_1_320' title='bbox 1732 3820 1920 3876; x_wconf 81' lang='lat' dir='ltr'><strong>titneas</strong></span> <span class='ocrx_word' id='word_1_321' title='bbox 1947 3836 2118 3891; x_wconf 88' lang='lat' dir='ltr'><strong>neque</strong></span> <span class='ocrx_word' id='word_1_322' title='bbox 2141 3832 2358 3878; x_wconf 86' lang='lat' dir='ltr'><strong>contre-</strong></span> 
     </span>
    </p>
   </div>
   <div class='ocr_carea' id='block_1_39' title="bbox 786 3905 2360 3982">
    <p class='ocr_par' dir='ltr' id='par_1_39' title="bbox 786 3905 2360 3982">
     <span class='ocr_line' id='line_1_39' title="bbox 786 3905 2360 3982; baseline 0.003 -21"><span class='ocrx_word' id='word_1_323' title='bbox 786 3909 983 3961; x_wconf 81' lang='lat' dir='ltr'><strong>miscas</strong></span> <span class='ocrx_word' id='word_1_324' title='bbox 1000 3906 1027 3960; x_wconf 69' lang='grc' dir='ltr'>ἲ</span> <span class='ocrx_word' id='word_1_325' title='bbox 1043 3905 1385 3962; x_wconf 76' lang='lat' dir='ltr'><strong>Toleratione</strong></span> <span class='ocrx_word' id='word_1_326' title='bbox 1404 3907 1545 3961; x_wconf 84' lang='lat' dir='ltr'><strong>illius</strong></span> <span class='ocrx_word' id='word_1_327' title='bbox 1571 3922 1668 3979; x_wconf 86' lang='lat' dir='ltr'><strong>per</strong></span> <span class='ocrx_word' id='word_1_328' title='bbox 1692 3920 2057 3980; x_wconf 83' lang='lat' dir='ltr'><strong>contemptum</strong></span> <span class='ocrx_word' id='word_1_329' title='bbox 2088 3926 2157 3982; x_wconf 78' lang='lat' dir='ltr'><strong>ne</strong></span> <span class='ocrx_word' id='word_1_330' title='bbox 2184 3911 2360 3967; x_wconf 84' lang='lat' dir='ltr'><strong>abuti-</strong></span> 
     </span>
    </p>
   </div>
   <div class='ocr_carea' id='block_1_40' title="bbox 785 3994 2356 4068">
    <p class='ocr_par' dir='ltr' id='par_1_40' title="bbox 785 3994 2356 4068">
     <span class='ocr_line' id='line_1_40' title="bbox 785 3994 2356 4068; baseline 0.003 -17"><span class='ocrx_word' id='word_1_331' title='bbox 785 4002 872 4051; x_wconf 88' lang='lat' dir='ltr'><strong>tor</strong></span> <span class='ocrx_word' id='word_1_332' title='bbox 893 4014 906 4049; x_wconf 90' lang='lat'><strong>:</strong></span> <span class='ocrx_word' id='word_1_333' title='bbox 930 3994 1051 4051; x_wconf 85' lang='lat' dir='ltr'><strong>ideo</strong></span> <span class='ocrx_word' id='word_1_334' title='bbox 1077 3996 1221 4051; x_wconf 90' lang='lat' dir='ltr'><strong>enim</strong></span> <span class='ocrx_word' id='word_1_335' title='bbox 1246 4005 1527 4051; x_wconf 90' lang='lat' dir='ltr'><strong>cunctatur</strong></span> <span class='ocrx_word' id='word_1_336' title='bbox 1548 4036 1566 4063; x_wconf 93' lang='lat'><strong>,</strong></span> <span class='ocrx_word' id='word_1_337' title='bbox 1595 4005 1652 4051; x_wconf 91' lang='lat' dir='ltr'><strong>ut</strong></span> <span class='ocrx_word' id='word_1_338' title='bbox 1682 4007 1735 4053; x_wconf 89' lang='lat' dir='ltr'><strong>te</strong></span> <span class='ocrx_word' id='word_1_339' title='bbox 1761 3999 1827 4053; x_wconf 89' lang='lat' dir='ltr'><strong>ad</strong></span> <span class='ocrx_word' id='word_1_340' title='bbox 1862 4000 2226 4068; x_wconf 64' lang='lat' dir='ltr'><strong>pestilentiam</strong></span> <span class='ocrx_word' id='word_1_341' title='bbox 2255 4001 2356 4056; x_wconf 83' lang='lat' dir='ltr'><strong>ad-</strong></span> 
     </span>
    </p>
   </div>
   <div class='ocr_carea' id='block_1_41' title="bbox 785 4078 2358 4159">
    <p class='ocr_par' dir='ltr' id='par_1_41' title="bbox 785 4078 2358 4159">
     <span class='ocr_line' id='line_1_41' title="bbox 785 4078 2358 4159; baseline 0.006 -19"><span class='ocrx_word' id='word_1_342' title='bbox 785 4087 945 4141; x_wconf 78' lang='lat' dir='ltr'><strong>ducat</strong></span> <span class='ocrx_word' id='word_1_343' title='bbox 968 4105 983 4141; x_wconf 88' lang='lat'><strong>:</strong></span> <span class='ocrx_word' id='word_1_344' title='bbox 1007 4102 1180 4159; x_wconf 90' lang='lat' dir='ltr'><strong>neque</strong></span> <span class='ocrx_word' id='word_1_345' title='bbox 1214 4101 1338 4141; x_wconf 90' lang='lat' dir='ltr'><strong>cum</strong></span> <span class='ocrx_word' id='word_1_346' title='bbox 1376 4078 1719 4157; x_wconf 83' lang='lat' dir='ltr'><strong>quidvistibi</strong></span> <span class='ocrx_word' id='word_1_347' title='bbox 1762 4088 2064 4145; x_wconf 81' lang='lat' dir='ltr'><strong>faciendum</strong></span> <span class='ocrx_word' id='word_1_348' title='bbox 2105 4101 2209 4157; x_wconf 85' lang='lat' dir='ltr'><strong>est,</strong></span> <span class='ocrx_word' id='word_1_349' title='bbox 2240 4094 2358 4149; x_wconf 88' lang='lat' dir='ltr'><strong>sine</strong></span> 
     </span>
    </p>
   </div>
   <div class='ocr_carea' id='block_1_42' title="bbox 787 4175 2357 4247">
    <p class='ocr_par' dir='ltr' id='par_1_42' title="bbox 787 4175 2357 4247">
     <span class='ocr_line' id='line_1_42' title="bbox 787 4175 2357 4247; baseline 0.005 -16"><span class='ocrx_word' id='word_1_350' title='bbox 787 4177 886 4231; x_wconf 86' lang='lat' dir='ltr'><strong>hac</strong></span> <span class='ocrx_word' id='word_1_351' title='bbox 908 4178 1228 4247; x_wconf 78' lang='lat' dir='ltr'><strong>cogitatione</strong></span> <span class='ocrx_word' id='word_1_352' title='bbox 1268 4175 1447 4233; x_wconf 89' lang='lat' dir='ltr'><strong>facere</strong></span> <span class='ocrx_word' id='word_1_353' title='bbox 1472 4178 1751 4234; x_wconf 78' lang='lat' dir='ltr'><strong>adducaris</strong></span> <span class='ocrx_word' id='word_1_354' title='bbox 1770 4221 1788 4247; x_wconf 89' lang='lat'><strong>,</strong></span> <span class='ocrx_word' id='word_1_355' title='bbox 1815 4182 2064 4237; x_wconf 86' lang='lat' dir='ltr'><strong>omnibus</strong></span> <span class='ocrx_word' id='word_1_356' title='bbox 2095 4184 2247 4239; x_wconf 88' lang='lat' dir='ltr'><strong>factis</strong></span> <span class='ocrx_word' id='word_1_357' title='bbox 2271 4185 2357 4239; x_wconf 85' lang='lat' dir='ltr'><strong>in-</strong></span> 
     </span>
    </p>
   </div>
   <div class='ocr_carea' id='block_1_43' title="bbox 788 4267 2356 4344">
    <p class='ocr_par' dir='ltr' id='par_1_43' title="bbox 788 4267 2356 4344">
     <span class='ocr_line' id='line_1_43' title="bbox 788 4267 2356 4344; baseline 0.005 -23"><span class='ocrx_word' id='word_1_358' title='bbox 788 4276 994 4322; x_wconf 85' lang='lat' dir='ltr'><strong>teresse</strong></span> <span class='ocrx_word' id='word_1_359' title='bbox 1038 4267 1242 4330; x_wconf 85' lang='lat' dir='ltr'><strong>Deum;</strong></span> <span class='ocrx_word' id='word_1_360' title='bbox 1291 4268 1513 4323; x_wconf 82' lang='lat' dir='ltr'><strong>interest</strong></span> <span class='ocrx_word' id='word_1_361' title='bbox 1563 4270 1706 4324; x_wconf 87' lang='lat' dir='ltr'><strong>enim</strong></span> <span class='ocrx_word' id='word_1_362' title='bbox 1754 4272 1997 4327; x_wconf 89' lang='lat' dir='ltr'><strong>omnino.</strong></span> <span class='ocrx_word' id='word_1_363' title='bbox 2048 4272 2193 4344; x_wconf 85' lang='lat' dir='ltr'><strong>Ergo</strong></span> <span class='ocrx_word' id='word_1_364' title='bbox 2242 4275 2356 4330; x_wconf 90' lang='lat' dir='ltr'><strong>sive</strong></span> 
     </span>
    </p>
   </div>
   <div class='ocr_carea' id='block_1_44' title="bbox 784 4356 2355 4429">
    <p class='ocr_par' dir='ltr' id='par_1_44' title="bbox 784 4356 2355 4429">
     <span class='ocr_line' id='line_1_44' title="bbox 784 4356 2355 4429; baseline 0.004 -17"><span class='ocrx_word' id='word_1_365' title='bbox 784 4356 1057 4425; x_wconf 86' lang='lat' dir='ltr'><strong>comedas,</strong></span> <span class='ocrx_word' id='word_1_366' title='bbox 1085 4358 1198 4412; x_wconf 87' lang='lat' dir='ltr'><strong>sive</strong></span> <span class='ocrx_word' id='word_1_367' title='bbox 1230 4356 1516 4414; x_wconf 83' lang='lat' dir='ltr'><strong>dormitum</strong></span> <span class='ocrx_word' id='word_1_368' title='bbox 1545 4375 1659 4426; x_wconf 86' lang='lat' dir='ltr'><strong>eas,</strong></span> <span class='ocrx_word' id='word_1_369' title='bbox 1687 4361 1803 4417; x_wconf 82' lang='lat' dir='ltr'><strong>sive</strong></span> <span class='ocrx_word' id='word_1_370' title='bbox 1834 4363 2099 4429; x_wconf 78' lang='lat' dir='ltr'><strong>irascaris,</strong></span> <span class='ocrx_word' id='word_1_371' title='bbox 2127 4364 2240 4418; x_wconf 88' lang='lat' dir='ltr'><strong>sive</strong></span> <span class='ocrx_word' id='word_1_372' title='bbox 2266 4380 2355 4418; x_wconf 86' lang='lat' dir='ltr'><strong>ra-</strong></span> 
     </span>
    </p>
   </div>
   <div class='ocr_carea' id='block_1_45' title="bbox 787 4447 2353 4521">
    <p class='ocr_par' dir='ltr' id='par_1_45' title="bbox 787 4447 2353 4521">
     <span class='ocr_line' id='line_1_45' title="bbox 787 4447 2353 4521; baseline 0.004 -20"><span class='ocrx_word' id='word_1_373' title='bbox 787 4449 923 4519; x_wconf 82' lang='lat' dir='ltr'><strong>pias,</strong></span> <span class='ocrx_word' id='word_1_374' title='bbox 951 4448 1065 4504; x_wconf 84' lang='lat' dir='ltr'><strong>sive</strong></span> <span class='ocrx_word' id='word_1_375' title='bbox 1089 4447 1143 4503; x_wconf 92' lang='lat' dir='ltr'><strong>in</strong></span> <span class='ocrx_word' id='word_1_376' title='bbox 1168 4448 1373 4504; x_wconf 82' lang='lat' dir='ltr'><strong>deliciis</strong></span> <span class='ocrx_word' id='word_1_377' title='bbox 1398 4464 1549 4519; x_wconf 82' lang='lat' dir='ltr'><strong>agas,</strong></span> <span class='ocrx_word' id='word_1_378' title='bbox 1577 4450 1690 4506; x_wconf 84' lang='lat' dir='ltr'><strong>sive</strong></span> <span class='ocrx_word' id='word_1_379' title='bbox 1716 4451 1929 4521; x_wconf 83' lang='lat' dir='ltr'><strong>quidvis</strong></span> <span class='ocrx_word' id='word_1_380' title='bbox 1964 4452 2109 4507; x_wconf 89' lang='lat' dir='ltr'><strong>aliud</strong></span> <span class='ocrx_word' id='word_1_381' title='bbox 2149 4453 2313 4508; x_wconf 86' lang='lat' dir='ltr'><strong>facias</strong></span> <span class='ocrx_word' id='word_1_382' title='bbox 2335 4493 2353 4520; x_wconf 91' lang='lat'><strong>,</strong></span> 
     </span>
    </p>
   </div>
   <div class='ocr_carea' id='block_1_46' title="bbox 784 4540 2353 4613">
    <p class='ocr_par' dir='ltr' id='par_1_46' title="bbox 784 4540 2353 4613">
     <span class='ocr_line' id='line_1_46' title="bbox 784 4540 2353 4613; baseline 0.003 -18"><span class='ocrx_word' id='word_1_383' title='bbox 784 4541 947 4595; x_wconf 87' lang='lat' dir='ltr'><strong>crede</strong></span> <span class='ocrx_word' id='word_1_384' title='bbox 973 4540 1233 4597; x_wconf 84' lang='lat' dir='ltr'><strong>interesse</strong></span> <span class='ocrx_word' id='word_1_385' title='bbox 1260 4541 1447 4607; x_wconf 86' lang='lat' dir='ltr'><strong>Deum,</strong></span> <span class='ocrx_word' id='word_1_386' title='bbox 1466 4557 1531 4596; x_wconf 85' lang='lat' dir='ltr'><strong>ac</strong></span> <span class='ocrx_word' id='word_1_387' title='bbox 1554 4557 1841 4613; x_wconf 82' lang='lat' dir='ltr'><strong>numquam</strong></span> <span class='ocrx_word' id='word_1_388' title='bbox 1862 4544 1913 4596; x_wconf 92' lang='lat' dir='ltr'><strong>in</strong></span> <span class='ocrx_word' id='word_1_389' title='bbox 1938 4543 2103 4598; x_wconf 87' lang='lat' dir='ltr'><strong>risum</strong></span> <span class='ocrx_word' id='word_1_390' title='bbox 2126 4544 2353 4610; x_wconf 87' lang='lat' dir='ltr'><strong>incides,</strong></span> 
     </span>
    </p>
   </div>
   <div class='ocr_carea' id='block_1_47' title="bbox 788 4632 2355 4709">
    <p class='ocr_par' dir='ltr' id='par_1_47' title="bbox 788 4632 2355 4709">
     <span class='ocr_line' id='line_1_47' title="bbox 788 4632 2355 4709; baseline 0.003 -23"><span class='ocrx_word' id='word_1_391' title='bbox 788 4648 1074 4700; x_wconf 89' lang='lat' dir='ltr'><strong>numquant</strong></span> <span class='ocrx_word' id='word_1_392' title='bbox 1100 4632 1177 4686; x_wconf 90' lang='lat' dir='ltr'><strong>ira</strong></span> <span class='ocrx_word' id='word_1_393' title='bbox 1198 4633 1526 4688; x_wconf 88' lang='lat' dir='ltr'><strong>accenderis.</strong></span> <span class='ocrx_word' id='word_1_394' title='bbox 1547 4632 1603 4688; x_wconf 88' lang='lat' dir='ltr'><strong>Si</strong></span> <span class='ocrx_word' id='word_1_395' title='bbox 1630 4635 1767 4709; x_wconf 87' lang='lat' dir='ltr'><strong>hanc</strong></span> <span class='ocrx_word' id='word_1_396' title='bbox 1788 4642 2044 4703; x_wconf 90' lang='lat' dir='ltr'><strong>perpetuo</strong></span> <span class='ocrx_word' id='word_1_397' title='bbox 2068 4634 2355 4690; x_wconf 86' lang='lat' dir='ltr'><strong>retiuneris</strong></span> 
     </span>
    </p>
   </div>
   <div class='ocr_carea' id='block_1_48' title="bbox 787 4721 2355 4793">
    <p class='ocr_par' dir='ltr' id='par_1_48' title="bbox 787 4721 2355 4793">
     <span class='ocr_line' id='line_1_48' title="bbox 787 4721 2355 4793; baseline 0.003 -18"><span class='ocrx_word' id='word_1_398' title='bbox 787 4721 1195 4792; x_wconf 79' lang='lat' dir='ltr'><strong>cogitationem,</strong></span> <span class='ocrx_word' id='word_1_399' title='bbox 1233 4732 1491 4793; x_wconf 88' lang='lat' dir='ltr'><strong>perpetuo</strong></span> <span class='ocrx_word' id='word_1_400' title='bbox 1530 4725 1581 4776; x_wconf 90' lang='lat' dir='ltr'><strong>in</strong></span> <span class='ocrx_word' id='word_1_401' title='bbox 1610 4726 1803 4779; x_wconf 88' lang='lat' dir='ltr'><strong>timore</strong></span> <span class='ocrx_word' id='word_1_402' title='bbox 1841 4739 1905 4779; x_wconf 92' lang='lat' dir='ltr'><strong>ac</strong></span> <span class='ocrx_word' id='word_1_403' title='bbox 1949 4732 2182 4779; x_wconf 87' lang='lat' dir='ltr'><strong>tremore</strong></span> <span class='ocrx_word' id='word_1_404' title='bbox 2211 4727 2355 4791; x_wconf 85' lang='lat' dir='ltr'><strong>eris;</strong></span> 
     </span>
    </p>
   </div>
   <div class='ocr_carea' id='block_1_49' title="bbox 787 4814 2411 4884">
    <p class='ocr_par' dir='ltr' id='par_1_49' title="bbox 787 4814 2411 4884">
     <span class='ocr_line' id='line_1_49' title="bbox 787 4814 2411 4884; baseline 0.003 -19"><span class='ocrx_word' id='word_1_405' title='bbox 787 4815 986 4882; x_wconf 80' lang='lat' dir='ltr'><strong>quippe</strong></span> <span class='ocrx_word' id='word_1_406' title='bbox 1026 4814 1116 4882; x_wconf 90' lang='lat' dir='ltr'><strong>qui</strong></span> <span class='ocrx_word' id='word_1_407' title='bbox 1161 4814 1211 4867; x_wconf 91' lang='lat' dir='ltr'><strong>in</strong></span> <span class='ocrx_word' id='word_1_408' title='bbox 1250 4825 1540 4884; x_wconf 89' lang='lat' dir='ltr'><strong>conspectu</strong></span> <span class='ocrx_word' id='word_1_409' title='bbox 1586 4814 1745 4881; x_wconf 80' lang='lat' dir='ltr'><strong>Regis</strong></span> <span class='ocrx_word' id='word_1_410' title='bbox 1773 4814 1972 4869; x_wconf 85' lang='lat' dir='ltr'><strong>adstes.</strong></span> <span class='ocrx_word' id='word_1_411' title='bbox 2004 4814 2356 4881; x_wconf 68' lang='lat' dir='ltr'><strong>Aidificator,</strong></span> <span class='ocrx_word' id='word_1_412' title='bbox 2408 4860 2411 4861; x_wconf 42' lang='grc' dir='ltr'><em>ν</em></span> 
     </span>
    </p>
   </div>
   <div class='ocr_carea' id='block_1_50' title="bbox 785 4902 2360 4975">
    <p class='ocr_par' dir='ltr' id='par_1_50' title="bbox 785 4902 2360 4975">
     <span class='ocr_line' id='line_1_50' title="bbox 785 4902 2360 4975; baseline 0.003 -17"><span class='ocrx_word' id='word_1_413' title='bbox 785 4904 997 4958; x_wconf 86' lang='lat' dir='ltr'><strong>etiamsi</strong></span> <span class='ocrx_word' id='word_1_414' title='bbox 1022 4902 1157 4957; x_wconf 85' lang='lat' dir='ltr'><strong>bene</strong></span> <span class='ocrx_word' id='word_1_415' title='bbox 1182 4906 1384 4974; x_wconf 87' lang='lat' dir='ltr'><strong>peritus</strong></span> <span class='ocrx_word' id='word_1_416' title='bbox 1408 4904 1479 4975; x_wconf 89' lang='lat' dir='ltr'><strong>sit</strong></span> <span class='ocrx_word' id='word_1_417' title='bbox 1506 4919 1571 4960; x_wconf 83' lang='lat' dir='ltr'><strong>ac</strong></span> <span class='ocrx_word' id='word_1_418' title='bbox 1593 4904 1763 4961; x_wconf 82' lang='lat' dir='ltr'><strong>bonus</strong></span> <span class='ocrx_word' id='word_1_419' title='bbox 1786 4906 1997 4971; x_wconf 79' lang='lat' dir='ltr'><strong>artifex,</strong></span> <span class='ocrx_word' id='word_1_420' title='bbox 2021 4923 2142 4962; x_wconf 90' lang='lat' dir='ltr'><strong>cum</strong></span> <span class='ocrx_word' id='word_1_421' title='bbox 2170 4909 2360 4963; x_wconf 86' lang='lat' dir='ltr'><strong>timore</strong></span> 
     </span>
    </p>
   </div>
   <div class='ocr_carea' id='block_1_51' title="bbox 789 4997 2359 5061">
    <p class='ocr_par' dir='ltr' id='par_1_51' title="bbox 789 4997 2359 5061">
     <span class='ocr_line' id='line_1_51' title="bbox 789 4997 2359 5061; baseline 0.001 -12"><span class='ocrx_word' id='word_1_422' title='bbox 789 5005 970 5050; x_wconf 86' lang='lat' dir='ltr'><strong>tamen</strong></span> <span class='ocrx_word' id='word_1_423' title='bbox 996 5010 1060 5049; x_wconf 87' lang='lat' dir='ltr'><strong>ac</strong></span> <span class='ocrx_word' id='word_1_424' title='bbox 1082 5004 1315 5050; x_wconf 87' lang='lat' dir='ltr'><strong>tremore</strong></span> <span class='ocrx_word' id='word_1_425' title='bbox 1341 5004 1448 5051; x_wconf 87' lang='lat' dir='ltr'><strong>stat</strong></span> <span class='ocrx_word' id='word_1_426' title='bbox 1473 5005 1716 5052; x_wconf 89' lang='lat' dir='ltr'><strong>metuens</strong></span> <span class='ocrx_word' id='word_1_427' title='bbox 1733 5037 1748 5061; x_wconf 90' lang='lat'><strong>,</strong></span> <span class='ocrx_word' id='word_1_428' title='bbox 1777 5012 1844 5051; x_wconf 90' lang='lat' dir='ltr'><strong>ne</strong></span> <span class='ocrx_word' id='word_1_429' title='bbox 1868 4998 1935 5051; x_wconf 86' lang='lat' dir='ltr'><strong>ab</strong></span> <span class='ocrx_word' id='word_1_430' title='bbox 1960 4997 2189 5052; x_wconf 67' lang='lat' dir='ltr'><strong>tedilicio</strong></span> <span class='ocrx_word' id='word_1_431' title='bbox 2212 4998 2359 5052; x_wconf 85' lang='lat' dir='ltr'><strong>deci-</strong></span> 
     </span>
    </p>
   </div>
   <div class='ocr_carea' id='block_1_52' title="bbox 790 5083 2360 5154">
    <p class='ocr_par' dir='ltr' id='par_1_52' title="bbox 790 5083 2360 5154">
     <span class='ocr_line' id='line_1_52' title="bbox 790 5083 2360 5154; baseline -0.001 -13"><span class='ocrx_word' id='word_1_432' title='bbox 790 5083 903 5141; x_wconf 84' lang='lat' dir='ltr'><strong>dat.</strong></span> <span class='ocrx_word' id='word_1_433' title='bbox 937 5084 1081 5154; x_wconf 82' lang='lat' dir='ltr'><strong>Ergo</strong></span> <span class='ocrx_word' id='word_1_434' title='bbox 1107 5092 1163 5138; x_wconf 89' lang='lat' dir='ltr'><strong>et</strong></span> <span class='ocrx_word' id='word_1_435' title='bbox 1185 5094 1241 5138; x_wconf 90' lang='lat' dir='ltr'><strong>tu</strong></span> <span class='ocrx_word' id='word_1_436' title='bbox 1279 5085 1369 5154; x_wconf 86' lang='lat' dir='ltr'><strong>qui</strong></span> <span class='ocrx_word' id='word_1_437' title='bbox 1396 5086 1690 5151; x_wconf 88' lang='lat' dir='ltr'><strong>credidisti,</strong></span> <span class='ocrx_word' id='word_1_438' title='bbox 1724 5086 1903 5141; x_wconf 85' lang='lat' dir='ltr'><strong>multis</strong></span> <span class='ocrx_word' id='word_1_439' title='bbox 1932 5086 2140 5141; x_wconf 90' lang='lat' dir='ltr'><strong>virtutis</strong></span> <span class='ocrx_word' id='word_1_440' title='bbox 2166 5085 2360 5141; x_wconf 87' lang='lat' dir='ltr'><strong>ofliciis</strong></span> 
     </span>
    </p>
   </div>
   <div class='ocr_carea' id='block_1_53' title="bbox 790 5174 2357 5249">
    <p class='ocr_par' dir='ltr' id='par_1_53' title="bbox 790 5174 2357 5249">
     <span class='ocr_line' id='line_1_53' title="bbox 790 5174 2357 5249; baseline 0 -20"><span class='ocrx_word' id='word_1_441' title='bbox 790 5176 1006 5229; x_wconf 86' lang='lat' dir='ltr'><strong>functus</strong></span> <span class='ocrx_word' id='word_1_442' title='bbox 1020 5190 1103 5240; x_wconf 87' lang='lat' dir='ltr'><strong>es,</strong></span> <span class='ocrx_word' id='word_1_443' title='bbox 1120 5174 1186 5228; x_wconf 88' lang='lat' dir='ltr'><strong>ad</strong></span> <span class='ocrx_word' id='word_1_444' title='bbox 1207 5177 1478 5233; x_wconf 77' lang='lat' dir='ltr'><strong>excelsum</strong></span> <span class='ocrx_word' id='word_1_445' title='bbox 1497 5177 1777 5249; x_wconf 82' lang='lat' dir='ltr'><strong>quemdam</strong></span> <span class='ocrx_word' id='word_1_446' title='bbox 1799 5176 2020 5248; x_wconf 86' lang='lat' dir='ltr'><strong>gradum</strong></span> <span class='ocrx_word' id='word_1_447' title='bbox 2042 5177 2357 5247; x_wconf 85' lang='lat' dir='ltr'><strong>pervenisti,</strong></span> 
     </span>
    </p>
   </div>
   <div class='ocr_carea' id='block_1_54' title="bbox 790 5267 2357 5339">
    <p class='ocr_par' dir='ltr' id='par_1_54' title="bbox 790 5267 2357 5339">
     <span class='ocr_line' id='line_1_54' title="bbox 790 5267 2357 5339; baseline 0.002 -18"><span class='ocrx_word' id='word_1_448' title='bbox 790 5276 845 5321; x_wconf 85' lang='lat' dir='ltr'><strong>te</strong></span> <span class='ocrx_word' id='word_1_449' title='bbox 871 5267 1044 5337; x_wconf 84' lang='lat' dir='ltr'><strong>ipsum</strong></span> <span class='ocrx_word' id='word_1_450' title='bbox 1071 5268 1124 5322; x_wconf 90' lang='lat' dir='ltr'><strong>in</strong></span> <span class='ocrx_word' id='word_1_451' title='bbox 1153 5277 1268 5322; x_wconf 84' lang='lat' dir='ltr'><strong>tuto</strong></span> <span class='ocrx_word' id='word_1_452' title='bbox 1292 5270 1507 5335; x_wconf 85' lang='lat' dir='ltr'><strong>contine</strong></span> <span class='ocrx_word' id='word_1_453' title='bbox 1525 5312 1541 5333; x_wconf 89' lang='lat'><strong>.</strong></span> <span class='ocrx_word' id='word_1_454' title='bbox 1573 5280 1627 5324; x_wconf 89' lang='lat' dir='ltr'><strong>et</strong></span> <span class='ocrx_word' id='word_1_455' title='bbox 1653 5286 1774 5325; x_wconf 90' lang='lat' dir='ltr'><strong>cum</strong></span> <span class='ocrx_word' id='word_1_456' title='bbox 1814 5271 2005 5325; x_wconf 89' lang='lat' dir='ltr'><strong>timore</strong></span> <span class='ocrx_word' id='word_1_457' title='bbox 2032 5281 2111 5325; x_wconf 88' lang='lat' dir='ltr'><strong>sta</strong></span> <span class='ocrx_word' id='word_1_458' title='bbox 2138 5312 2153 5335; x_wconf 91' lang='lat'><strong>,</strong></span> <span class='ocrx_word' id='word_1_459' title='bbox 2197 5279 2357 5339; x_wconf 86' lang='lat' dir='ltr'><strong>atque</strong></span> 
     </span>
    </p>
   </div>
   <div class='ocr_carea' id='block_1_55' title="bbox 786 5358 2361 5430">
    <p class='ocr_par' dir='ltr' id='par_1_55' title="bbox 786 5358 2361 5430">
     <span class='ocr_line' id='line_1_55' title="bbox 786 5358 2361 5430; baseline 0.001 -18"><span class='ocrx_word' id='word_1_460' title='bbox 786 5358 975 5415; x_wconf 78' lang='lat' dir='ltr'><strong>oculos</strong></span> <span class='ocrx_word' id='word_1_461' title='bbox 998 5360 1145 5428; x_wconf 87' lang='lat' dir='ltr'><strong>aperi</strong></span> <span class='ocrx_word' id='word_1_462' title='bbox 1166 5399 1183 5425; x_wconf 91' lang='lat'><strong>,</strong></span> <span class='ocrx_word' id='word_1_463' title='bbox 1215 5376 1282 5417; x_wconf 91' lang='lat' dir='ltr'><strong>ne</strong></span> <span class='ocrx_word' id='word_1_464' title='bbox 1307 5361 1430 5416; x_wconf 86' lang='lat' dir='ltr'><strong>inde</strong></span> <span class='ocrx_word' id='word_1_465' title='bbox 1455 5361 1671 5417; x_wconf 87' lang='lat' dir='ltr'><strong>decidas</strong></span> <span class='ocrx_word' id='word_1_466' title='bbox 1696 5380 1710 5415; x_wconf 90' lang='lat'>:</span> <span class='ocrx_word' id='word_1_467' title='bbox 1734 5361 1894 5415; x_wconf 86' lang='lat' dir='ltr'><strong>multa</strong></span> <span class='ocrx_word' id='word_1_468' title='bbox 1924 5362 2065 5415; x_wconf 88' lang='lat' dir='ltr'><strong>enim</strong></span> <span class='ocrx_word' id='word_1_469' title='bbox 2094 5371 2219 5414; x_wconf 89' lang='lat' dir='ltr'><strong>sunt</strong></span> <span class='ocrx_word' id='word_1_470' title='bbox 2246 5362 2361 5430; x_wconf 85' lang='lat' dir='ltr'><strong>spi-</strong></span> 
     </span>
    </p>
   </div>
   <div class='ocr_carea' id='block_1_56' title="bbox 790 5447 2356 5520">
    <p class='ocr_par' dir='ltr' id='par_1_56' title="bbox 790 5447 2356 5520">
     <span class='ocr_line' id='line_1_56' title="bbox 790 5447 2356 5520; baseline 0.002 -19"><span class='ocrx_word' id='word_1_471' title='bbox 790 5447 998 5502; x_wconf 87' lang='lat' dir='ltr'><strong>ritualia</strong></span> <span class='ocrx_word' id='word_1_472' title='bbox 1024 5447 1113 5502; x_wconf 90' lang='lat' dir='ltr'><strong>illa</strong></span> <span class='ocrx_word' id='word_1_473' title='bbox 1142 5451 1409 5518; x_wconf 69' lang='lat' dir='ltr'><strong>nequitiaz,</strong></span> <span class='ocrx_word' id='word_1_474' title='bbox 1436 5466 1557 5519; x_wconf 85' lang='lat' dir='ltr'><strong>qn:e</strong></span> <span class='ocrx_word' id='word_1_475' title='bbox 1586 5452 1637 5504; x_wconf 89' lang='lat' dir='ltr'><strong>id</strong></span> <span class='ocrx_word' id='word_1_476' title='bbox 1665 5453 1902 5515; x_wconf 88' lang='lat' dir='ltr'><strong>student,</strong></span> <span class='ocrx_word' id='word_1_477' title='bbox 1929 5462 1985 5506; x_wconf 91' lang='lat' dir='ltr'><strong>nt</strong></span> <span class='ocrx_word' id='word_1_478' title='bbox 2008 5462 2059 5506; x_wconf 89' lang='lat' dir='ltr'><strong>te</strong></span> <span class='ocrx_word' id='word_1_479' title='bbox 2083 5451 2356 5520; x_wconf 86' lang='lat' dir='ltr'><strong>dejieiaut.</strong></span> 
     </span>
    </p>
   </div>
   <div class='ocr_carea' id='block_1_57' title="bbox 791 5538 2360 5609">
    <p class='ocr_par' dir='ltr' id='par_1_57' title="bbox 791 5538 2360 5609">
     <span class='ocr_line' id='line_1_57' title="bbox 791 5538 2360 5609; baseline 0.003 -18"><span class='ocrx_word' id='word_1_480' title='bbox 791 5538 1002 5603; x_wconf 61' lang='grc' dir='ltr'><strong>δεινῆς,</strong></span> <span class='ocrx_word' id='word_1_481' title='bbox 1028 5541 1231 5609; x_wconf 88' lang='lat' dir='ltr'><strong>ittquit,</strong></span> <span class='ocrx_word' id='word_1_482' title='bbox 1257 5542 1473 5595; x_wconf 88' lang='lat' dir='ltr'><strong>Domino</strong></span> <span class='ocrx_word' id='word_1_483' title='bbox 1504 5543 1558 5595; x_wconf 84' lang='lat' dir='ltr'><strong>in</strong></span> <span class='ocrx_word' id='word_1_484' title='bbox 1591 5544 1769 5596; x_wconf 84' lang='lat' dir='ltr'><strong>timore</strong></span> <span class='ocrx_word' id='word_1_485' title='bbox 1787 5583 1802 5607; x_wconf 92' lang='lat'><strong>,</strong></span> <span class='ocrx_word' id='word_1_486' title='bbox 1828 5554 1876 5597; x_wconf 88' lang='lat' dir='ltr'><strong>ct</strong></span> <span class='ocrx_word' id='word_1_487' title='bbox 1902 5543 2149 5596; x_wconf 73' lang='lat' dir='ltr'><strong>exsultate</strong></span> <span class='ocrx_word' id='word_1_488' title='bbox 2174 5543 2220 5595; x_wconf 80' lang='lat' dir='ltr'><strong>ei</strong></span> <span class='ocrx_word' id='word_1_489' title='bbox 2244 5558 2360 5595; x_wconf 82' lang='lat' dir='ltr'><strong>cum</strong></span> 
     </span>
    </p>
   </div>
   <div class='ocr_carea' id='block_1_58' title="bbox 790 5628 2358 5702">
    <p class='ocr_par' dir='ltr' id='par_1_58' title="bbox 790 5628 2358 5702">
     <span class='ocr_line' id='line_1_58' title="bbox 790 5628 2358 5702; baseline 0.002 -19"><span class='ocrx_word' id='word_1_490' title='bbox 790 5642 1006 5683; x_wconf 69' lang='lat' dir='ltr'><strong>tremore</strong></span> <span class='ocrx_word' id='word_1_491' title='bbox 1032 5629 1203 5699; x_wconf 73' lang='grc' dir='ltr'>(ιιειιι.</span> <span class='ocrx_word' id='word_1_492' title='bbox 1231 5633 1291 5683; x_wconf 75' lang='lat'><strong>‘2.</strong></span> <span class='ocrx_word' id='word_1_493' title='bbox 1323 5632 1428 5701; x_wconf 90' lang='grc' dir='ltr'><strong>ΙΙ).</strong></span> <span class='ocrx_word' id='word_1_494' title='bbox 1462 5632 1530 5686; x_wconf 85' lang='grc' dir='ltr'>Ει</span> <span class='ocrx_word' id='word_1_495' title='bbox 1553 5628 1796 5699; x_wconf 64' lang='lat' dir='ltr'><strong>quaenam</strong></span> <span class='ocrx_word' id='word_1_496' title='bbox 1827 5650 1945 5689; x_wconf 73' lang='lat' dir='ltr'><strong>esse</strong></span> <span class='ocrx_word' id='word_1_497' title='bbox 1974 5642 2147 5702; x_wconf 86' lang='lat' dir='ltr'><strong>potest</strong></span> <span class='ocrx_word' id='word_1_498' title='bbox 2176 5634 2358 5688; x_wconf 71' lang='lat' dir='ltr'><strong>exsul-</strong></span> 
     </span>
    </p>
   </div>
   <div class='ocr_carea' id='block_1_59' title="bbox 792 5720 2357 5794">
    <p class='ocr_par' dir='ltr' id='par_1_59' title="bbox 792 5720 2357 5794">
     <span class='ocr_line' id='line_1_59' title="bbox 792 5720 2357 5794; baseline 0.001 -19"><span class='ocrx_word' id='word_1_499' title='bbox 792 5722 921 5775; x_wconf 75' lang='lat' dir='ltr'><strong>titio</strong></span> <span class='ocrx_word' id='word_1_500' title='bbox 945 5736 1067 5775; x_wconf 81' lang='lat' dir='ltr'><strong>cunt</strong></span> <span class='ocrx_word' id='word_1_501' title='bbox 1089 5724 1357 5777; x_wconf 79' lang='lat' dir='ltr'><strong>tremore?</strong></span> <span class='ocrx_word' id='word_1_502' title='bbox 1379 5723 1505 5794; x_wconf 84' lang='lat' dir='ltr'><strong>quin</strong></span> <span class='ocrx_word' id='word_1_503' title='bbox 1534 5723 1648 5777; x_wconf 77' lang='lat' dir='ltr'><strong>inec</strong></span> <span class='ocrx_word' id='word_1_504' title='bbox 1670 5720 1784 5792; x_wconf 81' lang='lat' dir='ltr'><strong>ipsa</strong></span> <span class='ocrx_word' id='word_1_505' title='bbox 1810 5724 1920 5777; x_wconf 75' lang='lat' dir='ltr'><strong>sola</strong></span> <span class='ocrx_word' id='word_1_506' title='bbox 1947 5733 2027 5780; x_wconf 78' lang='lat' dir='ltr'><strong>est</strong></span> <span class='ocrx_word' id='word_1_507' title='bbox 2051 5725 2357 5780; x_wconf 73' lang='lat' dir='ltr'><strong>exsultatio.</strong></span> 
     </span>
    </p>
   </div>
   <div class='ocr_carea' id='block_1_60' title="bbox 1478 359 3272 422">
    <p class='ocr_par' dir='ltr' id='par_1_60' title="bbox 1478 359 3272 422">
     <span class='ocr_line' id='line_1_60' title="bbox 1478 359 3272 422; baseline -0.001 -2"><span class='ocrx_word' id='word_1_508' title='bbox 1478 365 1536 421; x_wconf 90' lang='lat' dir='ltr'><strong>S.</strong></span> <span class='ocrx_word' id='word_1_509' title='bbox 1576 364 1848 420; x_wconf 71' lang='lat' dir='ltr'><strong>JOANNIS</strong></span> <span class='ocrx_word' id='word_1_510' title='bbox 1882 362 2345 420; x_wconf 66' lang='lat' dir='ltr'><strong>CllliYSOS&#39;l‘Olll</strong></span> <span class='ocrx_word' id='word_1_511' title='bbox 2386 359 2699 418; x_wconf 75' lang='lat' dir='ltr'><strong>ARCIIIEP.</strong></span> <span class='ocrx_word' id='word_1_512' title='bbox 2740 362 3272 422; x_wconf 71' lang='lat' dir='ltr'><strong>CONSTANTINOP.</strong></span> 
     </span>
    </p>
   </div>
   <div class='ocr_carea' id='block_1_61' title="bbox 706 477 2363 550">
    <p class='ocr_par' dir='ltr' id='par_1_61' title="bbox 706 477 2363 550">
     <span class='ocr_line' id='line_1_61' title="bbox 706 477 2363 550; baseline -0.008 -10"><span class='ocrx_word' id='word_1_513' title='bbox 706 492 709 495; x_wconf 86' lang='grc'><em>’</em></span> <span class='ocrx_word' id='word_1_514' title='bbox 803 486 951 539; x_wconf 63' lang='grc' dir='ltr'>εῖτ-ιιι</span> <span class='ocrx_word' id='word_1_515' title='bbox 976 499 1170 550; x_wconf 77' lang='lat' dir='ltr'><strong>semper</strong></span> <span class='ocrx_word' id='word_1_516' title='bbox 1197 478 1448 536; x_wconf 58' lang='lat' dir='ltr'><strong>dedistis.</strong></span> <span class='ocrx_word' id='word_1_517' title='bbox 1482 479 1536 535; x_wconf 84' lang='lat' dir='ltr'><strong>id</strong></span> <span class='ocrx_word' id='word_1_518' title='bbox 1566 490 1683 547; x_wconf 88' lang='lat' dir='ltr'><strong>est,</strong></span> <span class='ocrx_word' id='word_1_519' title='bbox 1712 479 1896 533; x_wconf 88' lang='lat' dir='ltr'><strong>hortor</strong></span> <span class='ocrx_word' id='word_1_520' title='bbox 1935 486 2093 547; x_wconf 84' lang='lat' dir='ltr'><strong>atque</strong></span> <span class='ocrx_word' id='word_1_521' title='bbox 2134 477 2363 530; x_wconf 85' lang='lat' dir='ltr'><strong>obsecro</strong></span> 
     </span>
    </p>
   </div>
   <div class='ocr_carea' id='block_1_62' title="bbox 3959 336 4064 459">
    <p class='ocr_par' dir='ltr' id='par_1_62' title="bbox 3959 336 4064 459">
     <span class='ocr_line' id='line_1_62' title="bbox 3959 336 4064 459; baseline 0 -36"><span class='ocrx_word' id='word_1_522' title='bbox 3959 336 4064 459; x_wconf 59' lang='lat' dir='ltr'><strong>an}</strong></span> 
     </span>
    </p>
   </div>
   <div class='ocr_carea' id='block_1_63' title="bbox 2438 448 4064 555">
    <p class='ocr_par' dir='ltr' id='par_1_63' title="bbox 2438 448 4064 555">
     <span class='ocr_line' id='line_1_63' title="bbox 2438 448 4064 555; baseline 0.006 -27"><span class='ocrx_word' id='word_1_523' title='bbox 2438 448 2445 455; x_wconf 21' lang='grc' dir='ltr'>ἱ</span> <span class='ocrx_word' id='word_1_524' title='bbox 2481 473 2611 528; x_wconf 80' lang='lat' dir='ltr'><strong>Nam</strong></span> <span class='ocrx_word' id='word_1_525' title='bbox 2641 476 2853 545; x_wconf 87' lang='lat' dir='ltr'><strong>quando</strong></span> <span class='ocrx_word' id='word_1_526' title='bbox 2874 477 3087 546; x_wconf 79' lang='lat' dir='ltr'><strong>aliquod</strong></span> <span class='ocrx_word' id='word_1_527' title='bbox 3112 479 3321 532; x_wconf 86' lang='lat' dir='ltr'><strong>virtutis</strong></span> <span class='ocrx_word' id='word_1_528' title='bbox 3342 478 3596 545; x_wconf 76' lang='lat' dir='ltr'><strong>ofﬁcium,</strong></span> <span class='ocrx_word' id='word_1_529' title='bbox 3618 496 3682 535; x_wconf 81' lang='lat' dir='ltr'><strong>ac</strong></span> <span class='ocrx_word' id='word_1_530' title='bbox 3707 482 3821 539; x_wconf 78' lang='lat' dir='ltr'><strong>tale</strong></span> <span class='ocrx_word' id='word_1_531' title='bbox 3842 499 4040 538; x_wconf 69' lang='lat' dir='ltr'><strong>omnim</strong></span> 
     </span>
    </p>
   </div>
   <div class='ocr_carea' id='block_1_64' title="bbox 2475 566 4064 639">
    <p class='ocr_par' dir='ltr' id='par_1_64' title="bbox 2475 566 4064 639">
     <span class='ocr_line' id='line_1_64' title="bbox 2475 566 4064 639; baseline 0.011 -25"><span class='ocrx_word' id='word_1_532' title='bbox 2475 566 2744 635; x_wconf 86' lang='lat' dir='ltr'><strong>quidpiam</strong></span> <span class='ocrx_word' id='word_1_533' title='bbox 2772 568 3197 636; x_wconf 73' lang='lat' dir='ltr'><strong>pnrstiterimus,</strong></span> <span class='ocrx_word' id='word_1_534' title='bbox 3219 569 3379 639; x_wconf 89' lang='lat' dir='ltr'><strong>quale</strong></span> <span class='ocrx_word' id='word_1_535' title='bbox 3407 581 3831 627; x_wconf 76' lang='lat' dir='ltr'><strong>consentanwm</strong></span> <span class='ocrx_word' id='word_1_536' title='bbox 3858 586 3941 629; x_wconf 80' lang='lat' dir='ltr'><strong>est</strong></span> <span class='ocrx_word' id='word_1_537' title='bbox 3964 591 4037 631; x_wconf 63' lang='lat' dir='ltr'><strong>est</strong></span> <span class='ocrx_word' id='word_1_538' title='bbox 4062 614 4064 617; x_wconf 94' lang='lat'><strong><em>-</em></strong></span> 
     </span>
    </p>
   </div>
   <div class='ocr_carea' id='block_1_65' title="bbox 2478 657 4064 727">
    <p class='ocr_par' dir='ltr' id='par_1_65' title="bbox 2478 657 4064 727">
     <span class='ocr_line' id='line_1_65' title="bbox 2478 657 4064 727; baseline 0.006 -20"><span class='ocrx_word' id='word_1_539' title='bbox 2478 665 2729 725; x_wconf 78' lang='lat' dir='ltr'><strong>pra-stare</strong></span> <span class='ocrx_word' id='word_1_540' title='bbox 2750 698 2764 719; x_wconf 90' lang='lat'><strong>,</strong></span> <span class='ocrx_word' id='word_1_541' title='bbox 2805 657 2895 725; x_wconf 91' lang='lat' dir='ltr'><strong>qui</strong></span> <span class='ocrx_word' id='word_1_542' title='bbox 2939 666 3227 713; x_wconf 75' lang='lat' dir='ltr'><strong>tremorem</strong></span> <span class='ocrx_word' id='word_1_543' title='bbox 3259 660 3311 712; x_wconf 90' lang='lat' dir='ltr'><strong>in</strong></span> <span class='ocrx_word' id='word_1_544' title='bbox 3342 658 3590 715; x_wconf 81' lang='lat' dir='ltr'><strong>faciendo</strong></span> <span class='ocrx_word' id='word_1_545' title='bbox 3608 662 3916 727; x_wconf 76' lang='lat' dir='ltr'><strong>adhibent;</strong></span> <span class='ocrx_word' id='word_1_546' title='bbox 3948 674 4064 717; x_wconf 72' lang='lat' dir='ltr'><strong>tut-</strong></span> 
     </span>
    </p>
   </div>
   <div class='ocr_carea' id='block_1_66' title="bbox 2476 742 4064 816">
    <p class='ocr_par' dir='ltr' id='par_1_66' title="bbox 2476 742 4064 816">
     <span class='ocr_line' id='line_1_66' title="bbox 2476 742 4064 816; baseline 0.006 -17"><span class='ocrx_word' id='word_1_547' title='bbox 2476 747 2648 799; x_wconf 89' lang='lat' dir='ltr'><strong>solum</strong></span> <span class='ocrx_word' id='word_1_548' title='bbox 2679 746 2993 816; x_wconf 79' lang='lat' dir='ltr'><strong>gaudemus.</strong></span> <span class='ocrx_word' id='word_1_549' title='bbox 3029 747 3153 800; x_wconf 80' lang='lat' dir='ltr'><strong>Cum</strong></span> <span class='ocrx_word' id='word_1_550' title='bbox 3180 749 3360 802; x_wconf 81' lang='lat' dir='ltr'><strong>timore</strong></span> <span class='ocrx_word' id='word_1_551' title='bbox 3385 761 3432 802; x_wconf 84' lang='lat' dir='ltr'><strong>et</strong></span> <span class='ocrx_word' id='word_1_552' title='bbox 3458 761 3675 805; x_wconf 73' lang='lat' dir='ltr'><strong>tremore</strong></span> <span class='ocrx_word' id='word_1_553' title='bbox 3714 742 3944 807; x_wconf 61' lang='lat' dir='ltr'><strong>astrum</strong></span> <span class='ocrx_word' id='word_1_554' title='bbox 3975 760 4064 807; x_wconf 78' lang='lat' dir='ltr'><strong>ts-&#39;</strong></span> 
     </span>
    </p>
   </div>
   <div class='ocr_carea' id='block_1_67' title="bbox 2474 835 4064 911">
    <p class='ocr_par' dir='ltr' id='par_1_67' title="bbox 2474 835 4064 911">
     <span class='ocr_line' id='line_1_67' title="bbox 2474 835 4064 911; baseline 0.006 -25"><span class='ocrx_word' id='word_1_555' title='bbox 2474 835 2625 887; x_wconf 85' lang='lat' dir='ltr'><strong>lutem</strong></span> <span class='ocrx_word' id='word_1_556' title='bbox 2674 837 2973 906; x_wconf 81' lang='lat' dir='ltr'><strong>operamini.</strong></span> <span class='ocrx_word' id='word_1_557' title='bbox 3018 837 3134 892; x_wconf 84' lang='lat' dir='ltr'><strong>Non</strong></span> <span class='ocrx_word' id='word_1_558' title='bbox 3174 839 3307 892; x_wconf 70' lang='lat' dir='ltr'><strong>dixit</strong></span> <span class='ocrx_word' id='word_1_559' title='bbox 3348 848 3572 906; x_wconf 77' lang='lat' dir='ltr'><strong>tantum,</strong></span> <span class='ocrx_word' id='word_1_560' title='bbox 3616 848 3898 911; x_wconf 58' lang='lat' dir='ltr'><strong>magna,</strong></span> <span class='ocrx_word' id='word_1_561' title='bbox 3940 842 4064 907; x_wconf 44' lang='lat' dir='ltr'><strong>sub;</strong></span> 
     </span>
    </p>
   </div>
   <div class='ocr_carea' id='block_1_68' title="bbox 2472 926 4064 999">
    <p class='ocr_par' dir='ltr' id='par_1_68' title="bbox 2472 926 4064 999">
     <span class='ocr_line' id='line_1_68' title="bbox 2472 926 4064 999; baseline 0.006 -22"><span class='ocrx_word' id='word_1_562' title='bbox 2472 932 2798 994; x_wconf 66' lang='grc' dir='ltr'><strong>κατεργάζεσθε</strong></span> <span class='ocrx_word' id='word_1_563' title='bbox 2820 944 2833 981; x_wconf 95' lang='lat'>:</span> <span class='ocrx_word' id='word_1_564' title='bbox 2854 926 2905 979; x_wconf 90' lang='lat' dir='ltr'><strong>id</strong></span> <span class='ocrx_word' id='word_1_565' title='bbox 2933 937 3045 993; x_wconf 73' lang='lat' dir='ltr'><strong>Cal,</strong></span> <span class='ocrx_word' id='word_1_566' title='bbox 3073 943 3179 981; x_wconf 90' lang='lat' dir='ltr'><strong>non</strong></span> <span class='ocrx_word' id='word_1_567' title='bbox 3205 928 3393 997; x_wconf 87' lang='lat' dir='ltr'><strong>quovis</strong></span> <span class='ocrx_word' id='word_1_568' title='bbox 3420 929 3578 984; x_wconf 88' lang='lat' dir='ltr'><strong>modo</strong></span> <span class='ocrx_word' id='word_1_569' title='bbox 3606 932 3939 999; x_wconf 79' lang='lat' dir='ltr'><strong>operamini,</strong></span> <span class='ocrx_word' id='word_1_570' title='bbox 3965 940 4064 986; x_wconf 79' lang='lat' dir='ltr'><strong>seu-</strong></span> 
     </span>
    </p>
   </div>
   <div class='ocr_carea' id='block_1_69' title="bbox 2471 1016 4064 1088">
    <p class='ocr_par' dir='ltr' id='par_1_69' title="bbox 2471 1016 4064 1088">
     <span class='ocr_line' id='line_1_69' title="bbox 2471 1016 4064 1088; baseline 0.006 -20"><span class='ocrx_word' id='word_1_571' title='bbox 2471 1027 2716 1071; x_wconf 81' lang='lat' dir='ltr'><strong>accnrale</strong></span> <span class='ocrx_word' id='word_1_572' title='bbox 2765 1033 3063 1086; x_wconf 60' lang='lat' dir='ltr'><strong>magnoque</strong></span> <span class='ocrx_word' id='word_1_573' title='bbox 3114 1034 3240 1073; x_wconf 85' lang='lat' dir='ltr'><strong>cum</strong></span> <span class='ocrx_word' id='word_1_574' title='bbox 3299 1019 3477 1073; x_wconf 88' lang='lat' dir='ltr'><strong>studio</strong></span> <span class='ocrx_word' id='word_1_575' title='bbox 3526 1022 3856 1088; x_wconf 78' lang='lat' dir='ltr'><strong>operamini.</strong></span> <span class='ocrx_word' id='word_1_576' title='bbox 3911 1016 4064 1088; x_wconf 68' lang='grc' dir='ltr'><strong>ριν-ἶ</strong></span> 
     </span>
    </p>
   </div>
   <div class='ocr_carea' id='block_1_70' title="bbox 2473 1106 4064 1177">
    <p class='ocr_par' dir='ltr' id='par_1_70' title="bbox 2473 1106 4064 1177">
     <span class='ocr_line' id='line_1_70' title="bbox 2473 1106 4064 1177; baseline 0.006 -19"><span class='ocrx_word' id='word_1_577' title='bbox 2473 1106 2612 1160; x_wconf 79' lang='lat' dir='ltr'><strong>niam</strong></span> <span class='ocrx_word' id='word_1_578' title='bbox 2646 1122 2772 1162; x_wconf 89' lang='lat' dir='ltr'><strong>vero</strong></span> <span class='ocrx_word' id='word_1_579' title='bbox 2800 1109 2952 1172; x_wconf 77' lang='lat' dir='ltr'><strong>dixit,</strong></span> <span class='ocrx_word' id='word_1_580' title='bbox 2985 1108 3113 1163; x_wconf 85' lang='lat' dir='ltr'><strong>Cum</strong></span> <span class='ocrx_word' id='word_1_581' title='bbox 3138 1111 3316 1164; x_wconf 84' lang='lat' dir='ltr'><strong>timore</strong></span> <span class='ocrx_word' id='word_1_582' title='bbox 3343 1120 3390 1163; x_wconf 86' lang='lat' dir='ltr'><strong>et</strong></span> <span class='ocrx_word' id='word_1_583' title='bbox 3416 1120 3649 1177; x_wconf 83' lang='lat' dir='ltr'><strong>tremore,</strong></span> <span class='ocrx_word' id='word_1_584' title='bbox 3685 1128 3750 1167; x_wconf 88' lang='lat' dir='ltr'><strong>ac</strong></span> <span class='ocrx_word' id='word_1_585' title='bbox 3796 1113 4064 1167; x_wconf 72' lang='lat' dir='ltr'><strong>sollicita--</strong></span> 
     </span>
    </p>
   </div>
   <div class='ocr_carea' id='block_1_71' title="bbox 2468 1196 4042 1269">
    <p class='ocr_par' dir='ltr' id='par_1_71' title="bbox 2468 1196 4042 1269">
     <span class='ocr_line' id='line_1_71' title="bbox 2468 1196 4042 1269; baseline 0.004 -19"><span class='ocrx_word' id='word_1_586' title='bbox 2468 1196 2647 1251; x_wconf 84' lang='lat' dir='ltr'><strong>dinem</strong></span> <span class='ocrx_word' id='word_1_587' title='bbox 2673 1198 2871 1266; x_wconf 78' lang='lat' dir='ltr'><strong>injecit,</strong></span> <span class='ocrx_word' id='word_1_588' title='bbox 2894 1200 3015 1253; x_wconf 85' lang='lat' dir='ltr'><strong>vide</strong></span> <span class='ocrx_word' id='word_1_589' title='bbox 3034 1200 3303 1268; x_wconf 90' lang='lat' dir='ltr'><strong>quomodo</strong></span> <span class='ocrx_word' id='word_1_590' title='bbox 3328 1199 3469 1253; x_wconf 88' lang='lat' dir='ltr'><strong>illam</strong></span> <span class='ocrx_word' id='word_1_591' title='bbox 3490 1202 3715 1269; x_wconf 79' lang='lat' dir='ltr'><strong>mitiget.</strong></span> <span class='ocrx_word' id='word_1_592' title='bbox 3742 1202 3891 1269; x_wconf 79' lang='lat' dir='ltr'><strong>Quid</strong></span> <span class='ocrx_word' id='word_1_593' title='bbox 3916 1206 4042 1257; x_wconf 77' lang='lat' dir='ltr'><strong>enim</strong></span> 
     </span>
    </p>
   </div>
   <div class='ocr_carea' id='block_1_72' title="bbox 2469 1285 4039 1357">
    <p class='ocr_par' dir='ltr' id='par_1_72' title="bbox 2469 1285 4039 1357">
     <span class='ocr_line' id='line_1_72' title="bbox 2469 1285 4039 1357; baseline 0.003 -19"><span class='ocrx_word' id='word_1_594' title='bbox 2469 1286 2579 1338; x_wconf 86' lang='lat' dir='ltr'><strong>ait?</strong></span> <span class='ocrx_word' id='word_1_595' title='bbox 2606 1285 2743 1339; x_wconf 76' lang='lat' dir='ltr'><strong>Dens</strong></span> <span class='ocrx_word' id='word_1_596' title='bbox 2763 1298 2833 1341; x_wconf 73' lang='lat' dir='ltr'><strong>est</strong></span> <span class='ocrx_word' id='word_1_597' title='bbox 2854 1289 2943 1357; x_wconf 83' lang='lat' dir='ltr'><strong>qui</strong></span> <span class='ocrx_word' id='word_1_598' title='bbox 2967 1300 3209 1352; x_wconf 73' lang='lat' dir='ltr'><strong>oneratur</strong></span> <span class='ocrx_word' id='word_1_599' title='bbox 3226 1290 3277 1341; x_wconf 84' lang='lat' dir='ltr'><strong>in</strong></span> <span class='ocrx_word' id='word_1_600' title='bbox 3298 1290 3459 1344; x_wconf 75' lang='lat' dir='ltr'><strong>vobis.</strong></span> <span class='ocrx_word' id='word_1_601' title='bbox 3483 1290 3558 1343; x_wconf 84' lang='lat' dir='ltr'><strong>Nc</strong></span> <span class='ocrx_word' id='word_1_602' title='bbox 3579 1290 3708 1345; x_wconf 78' lang='lat' dir='ltr'><strong>illud</strong></span> <span class='ocrx_word' id='word_1_603' title='bbox 3732 1292 3832 1345; x_wconf 79' lang='lat' dir='ltr'><strong>tibi</strong></span> <span class='ocrx_word' id='word_1_604' title='bbox 3858 1302 4039 1346; x_wconf 73' lang='lat' dir='ltr'><strong>metunt</strong></span> 
     </span>
    </p>
   </div>
   <div class='ocr_carea' id='block_1_73' title="bbox 2471 1376 4045 1448">
    <p class='ocr_par' dir='ltr' id='par_1_73' title="bbox 2471 1376 4045 1448">
     <span class='ocr_line' id='line_1_73' title="bbox 2471 1376 4045 1448; baseline 0.003 -17"><span class='ocrx_word' id='word_1_605' title='bbox 2471 1376 2709 1443; x_wconf 88' lang='lat' dir='ltr'><strong>incutiat,</strong></span> <span class='ocrx_word' id='word_1_606' title='bbox 2728 1378 2868 1448; x_wconf 74' lang='lat' dir='ltr'><strong>quod</strong></span> <span class='ocrx_word' id='word_1_607' title='bbox 2890 1380 3025 1432; x_wconf 74' lang='lat' dir='ltr'><strong>dixit</strong></span> <span class='ocrx_word' id='word_1_608' title='bbox 3053 1398 3067 1434; x_wconf 87' lang='lat'><strong>:</strong></span> <span class='ocrx_word' id='word_1_609' title='bbox 3090 1377 3215 1434; x_wconf 85' lang='lat' dir='ltr'><strong>Cum</strong></span> <span class='ocrx_word' id='word_1_610' title='bbox 3243 1380 3421 1433; x_wconf 84' lang='lat' dir='ltr'><strong>timore</strong></span> <span class='ocrx_word' id='word_1_611' title='bbox 3439 1389 3487 1433; x_wconf 89' lang='lat' dir='ltr'><strong>et</strong></span> <span class='ocrx_word' id='word_1_612' title='bbox 3503 1389 3715 1434; x_wconf 87' lang='lat' dir='ltr'><strong>tremore</strong></span> <span class='ocrx_word' id='word_1_613' title='bbox 3736 1396 3755 1435; x_wconf 89' lang='lat'><strong><em>:</em></strong></span> <span class='ocrx_word' id='word_1_614' title='bbox 3775 1398 3894 1435; x_wconf 86' lang='lat' dir='ltr'><strong>non</strong></span> <span class='ocrx_word' id='word_1_615' title='bbox 3916 1383 4045 1435; x_wconf 75' lang='lat' dir='ltr'><strong>enim</strong></span> 
     </span>
    </p>
   </div>
   <div class='ocr_carea' id='block_1_74' title="bbox 2471 1464 4041 1539">
    <p class='ocr_par' dir='ltr' id='par_1_74' title="bbox 2471 1464 4041 1539">
     <span class='ocr_line' id='line_1_74' title="bbox 2471 1464 4041 1539; baseline 0.002 -19"><span class='ocrx_word' id='word_1_616' title='bbox 2471 1467 2591 1522; x_wconf 89' lang='lat' dir='ltr'><strong>ideo</strong></span> <span class='ocrx_word' id='word_1_617' title='bbox 2617 1467 2726 1522; x_wconf 85' lang='lat' dir='ltr'><strong>dixi</strong></span> <span class='ocrx_word' id='word_1_618' title='bbox 2752 1509 2770 1534; x_wconf 93' lang='lat'><strong>,</strong></span> <span class='ocrx_word' id='word_1_619' title='bbox 2800 1478 2857 1521; x_wconf 93' lang='lat' dir='ltr'><strong>ut</strong></span> <span class='ocrx_word' id='word_1_620' title='bbox 2881 1464 3172 1539; x_wconf 74' lang='lat' dir='ltr'><strong>desperes,</strong></span> <span class='ocrx_word' id='word_1_621' title='bbox 3214 1479 3271 1522; x_wconf 92' lang='lat' dir='ltr'><strong>ut</strong></span> <span class='ocrx_word' id='word_1_622' title='bbox 3307 1471 3556 1524; x_wconf 88' lang='lat' dir='ltr'><strong>virtutem</strong></span> <span class='ocrx_word' id='word_1_623' title='bbox 3595 1470 3881 1526; x_wconf 74' lang='lat' dir='ltr'><strong>difﬁcilem</strong></span> <span class='ocrx_word' id='word_1_624' title='bbox 3910 1472 4041 1525; x_wconf 85' lang='lat' dir='ltr'><strong>aditu</strong></span> 
     </span>
    </p>
   </div>
   <div class='ocr_carea' id='block_1_75' title="bbox 2471 1560 4043 1630">
    <p class='ocr_par' dir='ltr' id='par_1_75' title="bbox 2471 1560 4043 1630">
     <span class='ocr_line' id='line_1_75' title="bbox 2471 1560 4043 1630; baseline 0.001 -17"><span class='ocrx_word' id='word_1_625' title='bbox 2471 1570 2625 1629; x_wconf 89' lang='lat' dir='ltr'><strong>putes</strong></span> <span class='ocrx_word' id='word_1_626' title='bbox 2643 1601 2661 1624; x_wconf 85' lang='lat'><strong>,</strong></span> <span class='ocrx_word' id='word_1_627' title='bbox 2708 1561 2801 1615; x_wconf 89' lang='lat' dir='ltr'><strong>sed</strong></span> <span class='ocrx_word' id='word_1_628' title='bbox 2832 1571 2886 1613; x_wconf 92' lang='lat' dir='ltr'><strong>ut</strong></span> <span class='ocrx_word' id='word_1_629' title='bbox 2918 1569 3151 1615; x_wconf 87' lang='lat' dir='ltr'><strong>mentem</strong></span> <span class='ocrx_word' id='word_1_630' title='bbox 3178 1560 3436 1614; x_wconf 84' lang='lat' dir='ltr'><strong>adhibeas</strong></span> <span class='ocrx_word' id='word_1_631' title='bbox 3460 1601 3476 1627; x_wconf 97' lang='lat'><strong>,</strong></span> <span class='ocrx_word' id='word_1_632' title='bbox 3503 1576 3566 1614; x_wconf 89' lang='lat' dir='ltr'><strong>ac</strong></span> <span class='ocrx_word' id='word_1_633' title='bbox 3590 1577 3659 1615; x_wconf 89' lang='lat' dir='ltr'><strong>ne</strong></span> <span class='ocrx_word' id='word_1_634' title='bbox 3688 1572 3738 1615; x_wconf 90' lang='lat' dir='ltr'><strong>te</strong></span> <span class='ocrx_word' id='word_1_635' title='bbox 3765 1562 3947 1630; x_wconf 76' lang='lat' dir='ltr'><strong>ipsum</strong></span> <span class='ocrx_word' id='word_1_636' title='bbox 3970 1579 4043 1615; x_wconf 82' lang='lat' dir='ltr'><strong>re-</strong></span> 
     </span>
    </p>
   </div>
   <div class='ocr_carea' id='block_1_76' title="bbox 2470 1650 4043 1720">
    <p class='ocr_par' dir='ltr' id='par_1_76' title="bbox 2470 1650 4043 1720">
     <span class='ocr_line' id='line_1_76' title="bbox 2470 1650 4043 1720; baseline 0 -16"><span class='ocrx_word' id='word_1_637' title='bbox 2470 1650 2651 1704; x_wconf 86' lang='lat' dir='ltr'><strong>mittas</strong></span> <span class='ocrx_word' id='word_1_638' title='bbox 2674 1652 2825 1720; x_wconf 83' lang='lat' dir='ltr'><strong>quasi</strong></span> <span class='ocrx_word' id='word_1_639' title='bbox 2870 1650 3109 1705; x_wconf 85' lang='lat' dir='ltr'><strong>fatiscas.</strong></span> <span class='ocrx_word' id='word_1_640' title='bbox 3151 1650 3207 1705; x_wconf 89' lang='lat' dir='ltr'><strong>Si</strong></span> <span class='ocrx_word' id='word_1_641' title='bbox 3255 1650 3358 1704; x_wconf 89' lang='lat' dir='ltr'><strong>hoc</strong></span> <span class='ocrx_word' id='word_1_642' title='bbox 3389 1651 3634 1706; x_wconf 80' lang='lat' dir='ltr'><strong>attuleris</strong></span> <span class='ocrx_word' id='word_1_643' title='bbox 3659 1692 3672 1716; x_wconf 89' lang='lat'><strong>,</strong></span> <span class='ocrx_word' id='word_1_644' title='bbox 3707 1652 3855 1706; x_wconf 70' lang='lat' dir='ltr'><strong>licus</strong></span> <span class='ocrx_word' id='word_1_645' title='bbox 3878 1653 4043 1706; x_wconf 81' lang='lat' dir='ltr'><strong>omnia</strong></span> 
     </span>
    </p>
   </div>
   <div class='ocr_carea' id='block_1_77' title="bbox 2467 1739 4064 1811">
    <p class='ocr_par' dir='ltr' id='par_1_77' title="bbox 2467 1739 4064 1811">
     <span class='ocr_line' id='line_1_77' title="bbox 2467 1739 4064 1811; baseline 0.001 -19"><span class='ocrx_word' id='word_1_646' title='bbox 2467 1739 2775 1807; x_wconf 86' lang='lat' dir='ltr'><strong>operabitur</strong></span> <span class='ocrx_word' id='word_1_647' title='bbox 2794 1757 2808 1794; x_wconf 91' lang='lat'><strong>:</strong></span> <span class='ocrx_word' id='word_1_648' title='bbox 2827 1749 2881 1794; x_wconf 88' lang='lat' dir='ltr'><strong>tu</strong></span> <span class='ocrx_word' id='word_1_649' title='bbox 2907 1741 3188 1795; x_wconf 76' lang='lat' dir='ltr'><strong>confidito:</strong></span> <span class='ocrx_word' id='word_1_650' title='bbox 3208 1740 3340 1794; x_wconf 80' lang='lat' dir='ltr'><strong>Deus</strong></span> <span class='ocrx_word' id='word_1_651' title='bbox 3354 1741 3485 1794; x_wconf 85' lang='lat' dir='ltr'><strong>enim</strong></span> <span class='ocrx_word' id='word_1_652' title='bbox 3502 1750 3599 1804; x_wconf 76' lang='lat' dir='ltr'><strong>est,</strong></span> <span class='ocrx_word' id='word_1_653' title='bbox 3617 1743 3705 1809; x_wconf 81' lang='lat' dir='ltr'><strong>qui</strong></span> <span class='ocrx_word' id='word_1_654' title='bbox 3725 1753 3971 1811; x_wconf 73' lang='lat' dir='ltr'><strong>operatur</strong></span> <span class='ocrx_word' id='word_1_655' title='bbox 3991 1744 4034 1794; x_wconf 74' lang='lat' dir='ltr'><strong>is</strong></span> <span class='ocrx_word' id='word_1_656' title='bbox 4062 1756 4064 1759; x_wconf 84' lang='lat'>&#39;</span> 
     </span>
    </p>
   </div>
   <div class='ocr_carea' id='block_1_78' title="bbox 2469 1818 4064 1902">
    <p class='ocr_par' dir='ltr' id='par_1_78' title="bbox 2469 1818 4064 1902">
     <span class='ocr_line' id='line_1_78' title="bbox 2469 1818 4064 1902; baseline 0.002 -20"><span class='ocrx_word' id='word_1_657' title='bbox 2469 1830 2623 1883; x_wconf 76' lang='lat' dir='ltr'><strong>nobis.</strong></span> <span class='ocrx_word' id='word_1_658' title='bbox 2654 1830 2798 1899; x_wconf 85' lang='lat' dir='ltr'><strong>Ergo</strong></span> <span class='ocrx_word' id='word_1_659' title='bbox 2827 1833 2870 1885; x_wconf 87' lang='lat' dir='ltr'><strong>si</strong></span> <span class='ocrx_word' id='word_1_660' title='bbox 2910 1831 3023 1899; x_wconf 85' lang='lat' dir='ltr'><strong>ipse</strong></span> <span class='ocrx_word' id='word_1_661' title='bbox 3057 1840 3333 1898; x_wconf 80' lang='lat' dir='ltr'><strong>Operatur.</strong></span> <span class='ocrx_word' id='word_1_662' title='bbox 3379 1846 3477 1885; x_wconf 90' lang='lat' dir='ltr'><strong>nos</strong></span> <span class='ocrx_word' id='word_1_663' title='bbox 3508 1833 3840 1887; x_wconf 85' lang='lat' dir='ltr'><strong>voluntatem</strong></span> <span class='ocrx_word' id='word_1_664' title='bbox 3886 1818 4064 1902; x_wconf 59' lang='lat' dir='ltr'><strong>aut.</strong></span> 
     </span>
    </p>
   </div>
   <div class='ocr_carea' id='block_1_79' title="bbox 2468 1919 4039 1988">
    <p class='ocr_par' dir='ltr' id='par_1_79' title="bbox 2468 1919 4039 1988">
     <span class='ocr_line' id='line_1_79' title="bbox 2468 1919 4039 1988; baseline 0.003 -15"><span class='ocrx_word' id='word_1_665' title='bbox 2468 1919 2676 1988; x_wconf 86' lang='lat' dir='ltr'><strong>penitus</strong></span> <span class='ocrx_word' id='word_1_666' title='bbox 2705 1919 3158 1974; x_wconf 84' lang='lat' dir='ltr'><strong>obsecundantem</strong></span> <span class='ocrx_word' id='word_1_667' title='bbox 3198 1936 3307 1975; x_wconf 87' lang='lat' dir='ltr'><strong>non</strong></span> <span class='ocrx_word' id='word_1_668' title='bbox 3354 1922 3655 1987; x_wconf 87' lang='lat' dir='ltr'><strong>remissam,</strong></span> <span class='ocrx_word' id='word_1_669' title='bbox 3699 1922 3799 1976; x_wconf 91' lang='lat' dir='ltr'><strong>sed</strong></span> <span class='ocrx_word' id='word_1_670' title='bbox 3842 1924 3900 1977; x_wconf 86' lang='lat' dir='ltr'><strong>in</strong></span> <span class='ocrx_word' id='word_1_671' title='bbox 3934 1939 4039 1978; x_wconf 72' lang='lat' dir='ltr'><strong>sese</strong></span> 
     </span>
    </p>
   </div>
   <div class='ocr_carea' id='block_1_80' title="bbox 2466 2009 4064 2083">
    <p class='ocr_par' dir='ltr' id='par_1_80' title="bbox 2466 2009 4064 2083">
     <span class='ocr_line' id='line_1_80' title="bbox 2466 2009 4064 2083; baseline 0.002 -20"><span class='ocrx_word' id='word_1_672' title='bbox 2466 2010 2745 2063; x_wconf 85' lang='lat' dir='ltr'><strong>collectam</strong></span> <span class='ocrx_word' id='word_1_673' title='bbox 2785 2009 3136 2064; x_wconf 77' lang='lat' dir='ltr'><strong>exhibeamus</strong></span> <span class='ocrx_word' id='word_1_674' title='bbox 3179 2020 3392 2078; x_wconf 85' lang='lat' dir='ltr'><strong>oportet</strong></span> <span class='ocrx_word' id='word_1_675' title='bbox 3422 2029 3438 2064; x_wconf 87' lang='lat'><strong>:</strong></span> <span class='ocrx_word' id='word_1_676' title='bbox 3470 2009 3610 2066; x_wconf 81' lang='lat' dir='ltr'><strong>Deus</strong></span> <span class='ocrx_word' id='word_1_677' title='bbox 3648 2012 3781 2065; x_wconf 78' lang='lat' dir='ltr'><strong>enim</strong></span> <span class='ocrx_word' id='word_1_678' title='bbox 3832 2024 3928 2075; x_wconf 82' lang='lat' dir='ltr'><strong>est,</strong></span> <span class='ocrx_word' id='word_1_679' title='bbox 3966 2014 4064 2083; x_wconf 73' lang='lat' dir='ltr'><strong>qui-</strong></span> 
     </span>
    </p>
   </div>
   <div class='ocr_carea' id='block_1_81' title="bbox 2465 2100 4044 2171">
    <p class='ocr_par' dir='ltr' id='par_1_81' title="bbox 2465 2100 4044 2171">
     <span class='ocr_line' id='line_1_81' title="bbox 2465 2100 4044 2171; baseline 0.001 -17"><span class='ocrx_word' id='word_1_680' title='bbox 2465 2112 2706 2167; x_wconf 76' lang='lat' dir='ltr'><strong>Operntttr</strong></span> <span class='ocrx_word' id='word_1_681' title='bbox 2728 2100 2780 2153; x_wconf 87' lang='lat' dir='ltr'><strong>in</strong></span> <span class='ocrx_word' id='word_1_682' title='bbox 2806 2101 2943 2154; x_wconf 73' lang='lat' dir='ltr'><strong>vobis</strong></span> <span class='ocrx_word' id='word_1_683' title='bbox 2973 2110 3022 2155; x_wconf 84' lang='lat' dir='ltr'><strong>et</strong></span> <span class='ocrx_word' id='word_1_684' title='bbox 3049 2102 3175 2154; x_wconf 65' lang='lat' dir='ltr'><strong>velle</strong></span> <span class='ocrx_word' id='word_1_685' title='bbox 3214 2111 3259 2153; x_wconf 87' lang='lat' dir='ltr'><strong>et</strong></span> <span class='ocrx_word' id='word_1_686' title='bbox 3304 2102 3527 2168; x_wconf 84' lang='lat' dir='ltr'><strong>operari.</strong></span> <span class='ocrx_word' id='word_1_687' title='bbox 3555 2103 3610 2156; x_wconf 89' lang='lat' dir='ltr'><strong>Si</strong></span> <span class='ocrx_word' id='word_1_688' title='bbox 3642 2104 3783 2157; x_wconf 68' lang='lat' dir='ltr'><strong>licus</strong></span> <span class='ocrx_word' id='word_1_689' title='bbox 3810 2114 3929 2164; x_wconf 85' lang='lat' dir='ltr'><strong>est,</strong></span> <span class='ocrx_word' id='word_1_690' title='bbox 3959 2104 4044 2171; x_wconf 86' lang='lat' dir='ltr'><strong>qui</strong></span> 
     </span>
    </p>
   </div>
   <div class='ocr_carea' id='block_1_82' title="bbox 2469 2173 4040 2260">
    <p class='ocr_par' dir='ltr' id='par_1_82' title="bbox 2469 2173 4040 2260">
     <span class='ocr_line' id='line_1_82' title="bbox 2469 2173 4040 2260; baseline 0.001 -15"><span class='ocrx_word' id='word_1_691' title='bbox 2469 2173 2521 2245; x_wconf 80' lang='lat' dir='ltr'><strong>in</strong></span> <span class='ocrx_word' id='word_1_692' title='bbox 2550 2190 2707 2246; x_wconf 85' lang='lat' dir='ltr'><strong>nobis</strong></span> <span class='ocrx_word' id='word_1_693' title='bbox 2736 2190 2837 2246; x_wconf 89' lang='lat' dir='ltr'><strong>ltoc</strong></span> <span class='ocrx_word' id='word_1_694' title='bbox 2862 2200 3118 2260; x_wconf 87' lang='lat' dir='ltr'><strong>operatur</strong></span> <span class='ocrx_word' id='word_1_695' title='bbox 3140 2232 3155 2255; x_wconf 91' lang='lat'><strong>,</strong></span> <span class='ocrx_word' id='word_1_696' title='bbox 3180 2200 3238 2245; x_wconf 90' lang='lat' dir='ltr'><strong>ut</strong></span> <span class='ocrx_word' id='word_1_697' title='bbox 3266 2192 3490 2247; x_wconf 77' lang='lat' dir='ltr'><strong>velimus</strong></span> <span class='ocrx_word' id='word_1_698' title='bbox 3508 2232 3526 2256; x_wconf 89' lang='lat'><strong>,</strong></span> <span class='ocrx_word' id='word_1_699' title='bbox 3552 2208 3650 2247; x_wconf 90' lang='lat' dir='ltr'><strong>cur</strong></span> <span class='ocrx_word' id='word_1_700' title='bbox 3672 2209 3770 2247; x_wconf 87' lang='lat' dir='ltr'><strong>nos</strong></span> <span class='ocrx_word' id='word_1_701' title='bbox 3796 2193 4040 2247; x_wconf 68' lang='grc' dir='ltr'>ωιωτω-</span> 
     </span>
    </p>
   </div>
   <div class='ocr_carea' id='block_1_83' title="bbox 2469 2282 4042 2351">
    <p class='ocr_par' dir='ltr' id='par_1_83' title="bbox 2469 2282 4042 2351">
     <span class='ocr_line' id='line_1_83' title="bbox 2469 2282 4042 2351; baseline 0.003 -17"><span class='ocrx_word' id='word_1_702' title='bbox 2469 2283 2598 2335; x_wconf 81' lang='lat' dir='ltr'><strong>tur?</strong></span> <span class='ocrx_word' id='word_1_703' title='bbox 2626 2282 2757 2335; x_wconf 86' lang='lat' dir='ltr'><strong>Nam</strong></span> <span class='ocrx_word' id='word_1_704' title='bbox 2801 2283 2845 2335; x_wconf 88' lang='lat' dir='ltr'><strong>si</strong></span> <span class='ocrx_word' id='word_1_705' title='bbox 2895 2283 3006 2351; x_wconf 85' lang='lat' dir='ltr'><strong>ipse</strong></span> <span class='ocrx_word' id='word_1_706' title='bbox 3035 2290 3139 2348; x_wconf 88' lang='lat' dir='ltr'><strong>est,</strong></span> <span class='ocrx_word' id='word_1_707' title='bbox 3186 2284 3274 2351; x_wconf 90' lang='lat' dir='ltr'><strong>qui</strong></span> <span class='ocrx_word' id='word_1_708' title='bbox 3322 2294 3380 2336; x_wconf 91' lang='grc' dir='ltr'><strong>ιιι</strong></span> <span class='ocrx_word' id='word_1_709' title='bbox 3417 2284 3645 2337; x_wconf 87' lang='lat' dir='ltr'><strong>velimus</strong></span> <span class='ocrx_word' id='word_1_710' title='bbox 3675 2283 3828 2348; x_wconf 80' lang='lat' dir='ltr'><strong>facit,</strong></span> <span class='ocrx_word' id='word_1_711' title='bbox 3860 2285 4042 2339; x_wconf 77' lang='lat' dir='ltr'><strong>frustra</strong></span> 
     </span>
    </p>
   </div>
   <div class='ocr_carea' id='block_1_84' title="bbox 2466 2371 4064 2442">
    <p class='ocr_par' dir='ltr' id='par_1_84' title="bbox 2466 2371 4064 2442">
     <span class='ocr_line' id='line_1_84' title="bbox 2466 2371 4064 2442; baseline 0.003 -21"><span class='ocrx_word' id='word_1_712' title='bbox 2466 2371 2621 2425; x_wconf 87' lang='lat' dir='ltr'><strong>nobis</strong></span> <span class='ocrx_word' id='word_1_713' title='bbox 2649 2371 2804 2436; x_wconf 86' lang='lat' dir='ltr'><strong>dicis,</strong></span> <span class='ocrx_word' id='word_1_714' title='bbox 2835 2371 3083 2424; x_wconf 79' lang='lat' dir='ltr'><strong>Obedistis</strong></span> <span class='ocrx_word' id='word_1_715' title='bbox 3106 2388 3127 2435; x_wconf 89' lang='lat'><strong><em>;</em></strong></span> <span class='ocrx_word' id='word_1_716' title='bbox 3157 2373 3428 2425; x_wconf 66' lang='lat' dir='ltr'><strong>noncnint</strong></span> <span class='ocrx_word' id='word_1_717' title='bbox 3458 2388 3556 2425; x_wconf 89' lang='lat' dir='ltr'><strong>nos</strong></span> <span class='ocrx_word' id='word_1_718' title='bbox 3577 2388 3764 2426; x_wconf 84' lang='lat' dir='ltr'><strong>sumus</strong></span> <span class='ocrx_word' id='word_1_719' title='bbox 3791 2376 3889 2442; x_wconf 88' lang='grc' dir='ltr'>ιιιιί</span> <span class='ocrx_word' id='word_1_720' title='bbox 3921 2375 4038 2427; x_wconf 80' lang='lat' dir='ltr'><strong>obe-</strong></span> <span class='ocrx_word' id='word_1_721' title='bbox 4062 2428 4064 2433; x_wconf 74' lang='grc'>,</span> 
     </span>
    </p>
   </div>
   <div class='ocr_carea' id='block_1_85' title="bbox 2464 2458 4042 2527">
    <p class='ocr_par' dir='ltr' id='par_1_85' title="bbox 2464 2458 4042 2527">
     <span class='ocr_line' id='line_1_85' title="bbox 2464 2458 4042 2527; baseline 0.001 -14"><span class='ocrx_word' id='word_1_722' title='bbox 2464 2458 2639 2514; x_wconf 83' lang='lat' dir='ltr'><strong>diutus</strong></span> <span class='ocrx_word' id='word_1_723' title='bbox 2660 2478 2673 2513; x_wconf 94' lang='lat'>:</span> <span class='ocrx_word' id='word_1_724' title='bbox 2697 2460 2888 2513; x_wconf 88' lang='lat' dir='ltr'><strong>frustra</strong></span> <span class='ocrx_word' id='word_1_725' title='bbox 2914 2460 3068 2524; x_wconf 89' lang='lat' dir='ltr'><strong>dicis,</strong></span> <span class='ocrx_word' id='word_1_726' title='bbox 3084 2460 3150 2513; x_wconf 83' lang='lat' dir='ltr'><strong>In</strong></span> <span class='ocrx_word' id='word_1_727' title='bbox 3175 2461 3355 2513; x_wconf 81' lang='lat' dir='ltr'><strong>timore</strong></span> <span class='ocrx_word' id='word_1_728' title='bbox 3374 2470 3419 2513; x_wconf 86' lang='lat' dir='ltr'><strong>et</strong></span> <span class='ocrx_word' id='word_1_729' title='bbox 3439 2470 3688 2527; x_wconf 85' lang='lat' dir='ltr'><strong>tremore;</strong></span> <span class='ocrx_word' id='word_1_730' title='bbox 3714 2471 3890 2516; x_wconf 89' lang='lat' dir='ltr'><strong>totum</strong></span> <span class='ocrx_word' id='word_1_731' title='bbox 3910 2466 4042 2516; x_wconf 79' lang='lat' dir='ltr'><strong>enim</strong></span> 
     </span>
    </p>
   </div>
   <div class='ocr_carea' id='block_1_86' title="bbox 2468 2549 4038 2621">
    <p class='ocr_par' dir='ltr' id='par_1_86' title="bbox 2468 2549 4038 2621">
     <span class='ocr_line' id='line_1_86' title="bbox 2468 2549 4038 2621; baseline -0.001 -16"><span class='ocrx_word' id='word_1_732' title='bbox 2468 2549 2559 2605; x_wconf 90' lang='lat' dir='ltr'><strong>Dei</strong></span> <span class='ocrx_word' id='word_1_733' title='bbox 2590 2559 2697 2604; x_wconf 87' lang='lat' dir='ltr'><strong>est.</strong></span> <span class='ocrx_word' id='word_1_734' title='bbox 2721 2549 2937 2604; x_wconf 79' lang='lat' dir='ltr'><strong>Minime</strong></span> <span class='ocrx_word' id='word_1_735' title='bbox 2966 2565 3093 2603; x_wconf 88' lang='lat' dir='ltr'><strong>vero</strong></span> <span class='ocrx_word' id='word_1_736' title='bbox 3119 2550 3221 2604; x_wconf 88' lang='lat' dir='ltr'><strong>huc</strong></span> <span class='ocrx_word' id='word_1_737' title='bbox 3239 2559 3490 2619; x_wconf 83' lang='lat' dir='ltr'><strong>spectans</strong></span> <span class='ocrx_word' id='word_1_738' title='bbox 3513 2551 3610 2604; x_wconf 88' lang='lat' dir='ltr'><strong>ista</strong></span> <span class='ocrx_word' id='word_1_739' title='bbox 3638 2551 3799 2605; x_wconf 85' lang='lat' dir='ltr'><strong>verba</strong></span> <span class='ocrx_word' id='word_1_740' title='bbox 3831 2554 4038 2621; x_wconf 86' lang='lat' dir='ltr'><strong>protuli.</strong></span> 
     </span>
    </p>
   </div>
   <div class='ocr_carea' id='block_1_87' title="bbox 2464 2629 4043 2711">
    <p class='ocr_par' dir='ltr' id='par_1_87' title="bbox 2464 2629 4043 2711">
     <span class='ocr_line' id='line_1_87' title="bbox 2464 2629 4043 2711; baseline 0.002 -17"><span class='ocrx_word' id='word_1_741' title='bbox 2464 2640 2605 2695; x_wconf 77' lang='lat' dir='ltr'><strong>Deus</strong></span> <span class='ocrx_word' id='word_1_742' title='bbox 2624 2652 2697 2695; x_wconf 86' lang='lat' dir='ltr'><strong>est</strong></span> <span class='ocrx_word' id='word_1_743' title='bbox 2717 2641 2803 2711; x_wconf 77' lang='lat' dir='ltr'><strong>qui</strong></span> <span class='ocrx_word' id='word_1_744' title='bbox 2817 2651 3054 2709; x_wconf 84' lang='lat' dir='ltr'><strong>aperatur</strong></span> <span class='ocrx_word' id='word_1_745' title='bbox 3074 2629 3122 2696; x_wconf 82' lang='lat' dir='ltr'><strong>et</strong></span> <span class='ocrx_word' id='word_1_746' title='bbox 3143 2643 3268 2695; x_wconf 76' lang='lat' dir='ltr'><strong>velle</strong></span> <span class='ocrx_word' id='word_1_747' title='bbox 3285 2653 3332 2695; x_wconf 83' lang='lat' dir='ltr'><strong>et</strong></span> <span class='ocrx_word' id='word_1_748' title='bbox 3358 2643 3595 2711; x_wconf 85' lang='lat' dir='ltr'><strong>operari;</strong></span> <span class='ocrx_word' id='word_1_749' title='bbox 3617 2643 3711 2697; x_wconf 84' lang='lat' dir='ltr'><strong>sed</strong></span> <span class='ocrx_word' id='word_1_750' title='bbox 3735 2654 3790 2696; x_wconf 89' lang='lat' dir='ltr'><strong>ut</strong></span> <span class='ocrx_word' id='word_1_751' title='bbox 3818 2656 4043 2698; x_wconf 82' lang='lat' dir='ltr'><strong>vestram</strong></span> 
     </span>
    </p>
   </div>
   <div class='ocr_carea' id='block_1_88' title="bbox 2465 2733 4039 2803">
    <p class='ocr_par' dir='ltr' id='par_1_88' title="bbox 2465 2733 4039 2803">
     <span class='ocr_line' id='line_1_88' title="bbox 2465 2733 4039 2803; baseline 0 -16"><span class='ocrx_word' id='word_1_752' title='bbox 2465 2733 2875 2787; x_wconf 83' lang='lat' dir='ltr'><strong>sollicitudinem</strong></span> <span class='ocrx_word' id='word_1_753' title='bbox 2901 2733 3170 2787; x_wconf 88' lang='lat' dir='ltr'><strong>sedarem.</strong></span> <span class='ocrx_word' id='word_1_754' title='bbox 3199 2734 3254 2788; x_wconf 89' lang='lat' dir='ltr'><strong>Si</strong></span> <span class='ocrx_word' id='word_1_755' title='bbox 3285 2734 3542 2799; x_wconf 75' lang='lat' dir='ltr'><strong>volueris,</strong></span> <span class='ocrx_word' id='word_1_756' title='bbox 3573 2744 3696 2788; x_wconf 87' lang='lat' dir='ltr'><strong>tunc</strong></span> <span class='ocrx_word' id='word_1_757' title='bbox 3714 2737 4039 2803; x_wconf 84' lang='lat' dir='ltr'><strong>operabitur,</strong></span> 
     </span>
    </p>
   </div>
   <div class='ocr_carea' id='block_1_89' title="bbox 2465 2821 4040 2891">
    <p class='ocr_par' dir='ltr' id='par_1_89' title="bbox 2465 2821 4040 2891">
     <span class='ocr_line' id='line_1_89' title="bbox 2465 2821 4040 2891; baseline 0.002 -15"><span class='ocrx_word' id='word_1_758' title='bbox 2465 2831 2523 2877; x_wconf 91' lang='lat' dir='ltr'><strong>ut</strong></span> <span class='ocrx_word' id='word_1_759' title='bbox 2549 2823 2695 2876; x_wconf 84' lang='lat' dir='ltr'><strong>velis.</strong></span> <span class='ocrx_word' id='word_1_760' title='bbox 2722 2821 2787 2876; x_wconf 86' lang='lat' dir='ltr'><strong>Et</strong></span> <span class='ocrx_word' id='word_1_761' title='bbox 2816 2824 3225 2891; x_wconf 87' lang='lat' dir='ltr'><strong>propensionem</strong></span> <span class='ocrx_word' id='word_1_762' title='bbox 3268 2824 3553 2878; x_wconf 79' lang='lat' dir='ltr'><strong>voluntatis</strong></span> <span class='ocrx_word' id='word_1_763' title='bbox 3600 2841 3669 2878; x_wconf 89' lang='lat' dir='ltr'><strong>ne</strong></span> <span class='ocrx_word' id='word_1_764' title='bbox 3719 2837 3938 2880; x_wconf 82' lang='lat' dir='ltr'><strong>metuas</strong></span> <span class='ocrx_word' id='word_1_765' title='bbox 3960 2870 3975 2891; x_wconf 91' lang='lat'><strong>,</strong></span> <span class='ocrx_word' id='word_1_766' title='bbox 3994 2839 4040 2879; x_wconf 79' lang='lat' dir='ltr'><strong>rt</strong></span> 
     </span>
    </p>
   </div>
   <div class='ocr_carea' id='block_1_90' title="bbox 2465 2910 4038 2981">
    <p class='ocr_par' dir='ltr' id='par_1_90' title="bbox 2465 2910 4038 2981">
     <span class='ocr_line' id='line_1_90' title="bbox 2465 2910 4038 2981; baseline 0.001 -16"><span class='ocrx_word' id='word_1_767' title='bbox 2465 2912 2594 2966; x_wconf 89' lang='lat' dir='ltr'><strong>nihil</strong></span> <span class='ocrx_word' id='word_1_768' title='bbox 2620 2926 2780 2981; x_wconf 78' lang='lat' dir='ltr'><strong>agas:</strong></span> <span class='ocrx_word' id='word_1_769' title='bbox 2804 2911 2916 2980; x_wconf 86' lang='lat' dir='ltr'><strong>ipse</strong></span> <span class='ocrx_word' id='word_1_770' title='bbox 2933 2911 3087 2965; x_wconf 90' lang='lat' dir='ltr'><strong>nobis</strong></span> <span class='ocrx_word' id='word_1_771' title='bbox 3110 2910 3202 2966; x_wconf 87' lang='lat' dir='ltr'><strong>dat</strong></span> <span class='ocrx_word' id='word_1_772' title='bbox 3226 2917 3281 2965; x_wconf 91' lang='lat' dir='ltr'><strong>ct</strong></span> <span class='ocrx_word' id='word_1_773' title='bbox 3304 2913 3690 2981; x_wconf 82' lang='lat' dir='ltr'><strong>operationem.</strong></span> <span class='ocrx_word' id='word_1_774' title='bbox 3713 2913 3934 2969; x_wconf 76' lang='lat' dir='ltr'><strong>Etenim</strong></span> <span class='ocrx_word' id='word_1_775' title='bbox 3962 2916 4038 2967; x_wconf 84' lang='lat' dir='ltr'><strong>ubi</strong></span> 
     </span>
    </p>
   </div>
   <div class='ocr_carea' id='block_1_91' title="bbox 2464 3000 4039 3070">
    <p class='ocr_par' dir='ltr' id='par_1_91' title="bbox 2464 3000 4039 3070">
     <span class='ocr_line' id='line_1_91' title="bbox 2464 3000 4039 3070; baseline 0.003 -17"><span class='ocrx_word' id='word_1_776' title='bbox 2464 3002 2811 3064; x_wconf 88' lang='lat' dir='ltr'><strong>voluerimus,</strong></span> <span class='ocrx_word' id='word_1_777' title='bbox 2839 3000 3056 3070; x_wconf 80' lang='lat' dir='ltr'><strong>augebit</strong></span> <span class='ocrx_word' id='word_1_778' title='bbox 3076 3000 3488 3069; x_wconf 86' lang='lat' dir='ltr'><strong>propensionem</strong></span> <span class='ocrx_word' id='word_1_779' title='bbox 3514 3002 3802 3056; x_wconf 86' lang='lat' dir='ltr'><strong>voluntatis</strong></span> <span class='ocrx_word' id='word_1_780' title='bbox 3824 3021 3843 3057; x_wconf 88' lang='lat'><strong>:</strong></span> <span class='ocrx_word' id='word_1_781' title='bbox 3866 3006 4039 3067; x_wconf 72' lang='lat' dir='ltr'><strong>veluti,</strong></span> 
     </span>
    </p>
   </div>
   <div class='ocr_carea' id='block_1_92' title="bbox 2466 3092 4038 3163">
    <p class='ocr_par' dir='ltr' id='par_1_92' title="bbox 2466 3092 4038 3163">
     <span class='ocr_line' id='line_1_92' title="bbox 2466 3092 4038 3163; baseline 0.001 -18"><span class='ocrx_word' id='word_1_782' title='bbox 2466 3094 2585 3145; x_wconf 87' lang='lat' dir='ltr'><strong>volo</strong></span> <span class='ocrx_word' id='word_1_783' title='bbox 2615 3092 2737 3145; x_wconf 91' lang='lat' dir='ltr'><strong>boni</strong></span> <span class='ocrx_word' id='word_1_784' title='bbox 2763 3092 2964 3162; x_wconf 85' lang='lat' dir='ltr'><strong>aliquid</strong></span> <span class='ocrx_word' id='word_1_785' title='bbox 3013 3092 3268 3161; x_wconf 87' lang='lat' dir='ltr'><strong>operari;</strong></span> <span class='ocrx_word' id='word_1_786' title='bbox 3308 3103 3565 3162; x_wconf 83' lang='lat' dir='ltr'><strong>operatur</strong></span> <span class='ocrx_word' id='word_1_787' title='bbox 3602 3093 3777 3163; x_wconf 66' lang='lat' dir='ltr'><strong>ipsum</strong></span> <span class='ocrx_word' id='word_1_788' title='bbox 3808 3096 4038 3159; x_wconf 88' lang='lat' dir='ltr'><strong>bonum,</strong></span> 
     </span>
    </p>
   </div>
   <div class='ocr_carea' id='block_1_93' title="bbox 2462 3181 4040 3252">
    <p class='ocr_par' dir='ltr' id='par_1_93' title="bbox 2462 3181 4040 3252">
     <span class='ocr_line' id='line_1_93' title="bbox 2462 3181 4040 3252; baseline 0 -17"><span class='ocrx_word' id='word_1_789' title='bbox 2462 3191 2713 3251; x_wconf 88' lang='lat' dir='ltr'><strong>operatur</strong></span> <span class='ocrx_word' id='word_1_790' title='bbox 2739 3197 2834 3251; x_wconf 90' lang='lat' dir='ltr'><strong>per</strong></span> <span class='ocrx_word' id='word_1_791' title='bbox 2874 3181 3050 3252; x_wconf 85' lang='lat' dir='ltr'><strong>ipsum</strong></span> <span class='ocrx_word' id='word_1_792' title='bbox 3088 3182 3252 3237; x_wconf 87' lang='lat' dir='ltr'><strong>etiam</strong></span> <span class='ocrx_word' id='word_1_793' title='bbox 3288 3183 3449 3236; x_wconf 83' lang='lat' dir='ltr'><strong>velle.</strong></span> <span class='ocrx_word' id='word_1_794' title='bbox 3478 3184 3584 3237; x_wconf 70' lang='lat' dir='ltr'><strong>Aut</strong></span> <span class='ocrx_word' id='word_1_795' title='bbox 3615 3199 3681 3237; x_wconf 80' lang='lat' dir='ltr'><strong>cx</strong></span> <span class='ocrx_word' id='word_1_796' title='bbox 3725 3184 4040 3239; x_wconf 73' lang='lat' dir='ltr'><strong>abundantia</strong></span> 
     </span>
    </p>
   </div>
   <div class='ocr_carea' id='block_1_94' title="bbox 2466 3271 4039 3343">
    <p class='ocr_par' dir='ltr' id='par_1_94' title="bbox 2466 3271 4039 3343">
     <span class='ocr_line' id='line_1_94' title="bbox 2466 3271 4039 3343; baseline 0.004 -19"><span class='ocrx_word' id='word_1_797' title='bbox 2466 3272 2676 3341; x_wconf 89' lang='lat' dir='ltr'><strong>pietatis</strong></span> <span class='ocrx_word' id='word_1_798' title='bbox 2703 3271 2804 3327; x_wconf 90' lang='lat' dir='ltr'><strong>hoc</strong></span> <span class='ocrx_word' id='word_1_799' title='bbox 2831 3273 3022 3341; x_wconf 89' lang='lat' dir='ltr'><strong>inquit.</strong></span> <span class='ocrx_word' id='word_1_800' title='bbox 3050 3272 3496 3343; x_wconf 85' lang='lat' dir='ltr'><strong>quemadmodum</strong></span> <span class='ocrx_word' id='word_1_801' title='bbox 3529 3289 3653 3328; x_wconf 89' lang='lat' dir='ltr'><strong>eum</strong></span> <span class='ocrx_word' id='word_1_802' title='bbox 3685 3285 3876 3330; x_wconf 85' lang='lat' dir='ltr'><strong>nostra</strong></span> <span class='ocrx_word' id='word_1_803' title='bbox 3905 3287 4039 3330; x_wconf 85' lang='lat' dir='ltr'><strong>recte</strong></span> 
     </span>
    </p>
   </div>
   <div class='ocr_carea' id='block_1_95' title="bbox 2463 3360 3266 3431">
    <p class='ocr_par' dir='ltr' id='par_1_95' title="bbox 2463 3360 3266 3431">
     <span class='ocr_line' id='line_1_95' title="bbox 2463 3360 3266 3431; baseline 0.005 -16"><span class='ocrx_word' id='word_1_804' title='bbox 2463 3360 2600 3415; x_wconf 87' lang='lat' dir='ltr'><strong>facta</strong></span> <span class='ocrx_word' id='word_1_805' title='bbox 2618 3402 2633 3424; x_wconf 91' lang='lat'><strong>,</strong></span> <span class='ocrx_word' id='word_1_806' title='bbox 2661 3361 2982 3417; x_wconf 87' lang='lat' dir='ltr'><strong>charismata</strong></span> <span class='ocrx_word' id='word_1_807' title='bbox 3010 3362 3266 3431; x_wconf 88' lang='lat' dir='ltr'><strong>appellat.</strong></span> 
     </span>
    </p>
   </div>
   <div class='ocr_carea' id='block_1_96' title="bbox 2529 3449 4033 3527">
    <p class='ocr_par' dir='ltr' id='par_1_96' title="bbox 2529 3449 4033 3527">
     <span class='ocr_line' id='line_1_96' title="bbox 2529 3449 4033 3527; baseline 0.005 -22"><span class='ocrx_word' id='word_1_808' title='bbox 2529 3451 2585 3505; x_wconf 72' lang='grc'><strong>2.</strong></span> <span class='ocrx_word' id='word_1_809' title='bbox 2624 3449 2773 3505; x_wconf 86' lang='lat' dir='ltr'><strong>Sicut</strong></span> <span class='ocrx_word' id='word_1_810' title='bbox 2800 3451 2960 3517; x_wconf 74' lang='lat' dir='ltr'><strong>igitur</strong></span> <span class='ocrx_word' id='word_1_811' title='bbox 2988 3451 3075 3505; x_wconf 85' lang='lat' dir='ltr'><strong>illa</strong></span> <span class='ocrx_word' id='word_1_812' title='bbox 3101 3453 3380 3507; x_wconf 87' lang='lat' dir='ltr'><strong>nominans</strong></span> <span class='ocrx_word' id='word_1_813' title='bbox 3405 3452 3751 3521; x_wconf 86' lang='lat' dir='ltr'><strong>charismata,</strong></span> <span class='ocrx_word' id='word_1_814' title='bbox 3777 3471 3889 3511; x_wconf 90' lang='lat' dir='ltr'><strong>non</strong></span> <span class='ocrx_word' id='word_1_815' title='bbox 3913 3472 4033 3527; x_wconf 83' lang='lat' dir='ltr'><strong>pro-</strong></span> 
     </span>
    </p>
   </div>
   <div class='ocr_carea' id='block_1_97' title="bbox 2462 3539 4064 3612">
    <p class='ocr_par' dir='ltr' id='par_1_97' title="bbox 2462 3539 4064 3612">
     <span class='ocr_line' id='line_1_97' title="bbox 2462 3539 4064 3612; baseline 0.006 -19"><span class='ocrx_word' id='word_1_816' title='bbox 2462 3548 2643 3609; x_wconf 87' lang='lat' dir='ltr'><strong>pterea</strong></span> <span class='ocrx_word' id='word_1_817' title='bbox 2667 3556 2766 3595; x_wconf 87' lang='lat' dir='ltr'><strong>nos</strong></span> <span class='ocrx_word' id='word_1_818' title='bbox 2806 3539 2989 3609; x_wconf 86' lang='lat' dir='ltr'><strong>dcjicit</strong></span> <span class='ocrx_word' id='word_1_819' title='bbox 3013 3541 3080 3597; x_wconf 86' lang='lat' dir='ltr'><strong>de</strong></span> <span class='ocrx_word' id='word_1_820' title='bbox 3121 3542 3274 3597; x_wconf 89' lang='lat' dir='ltr'><strong>liberi</strong></span> <span class='ocrx_word' id='word_1_821' title='bbox 3301 3543 3509 3597; x_wconf 87' lang='lat' dir='ltr'><strong>arbitrii</strong></span> <span class='ocrx_word' id='word_1_822' title='bbox 3540 3546 3891 3612; x_wconf 87' lang='lat' dir='ltr'><strong>possessione</strong></span> <span class='ocrx_word' id='word_1_823' title='bbox 3910 3589 3926 3610; x_wconf 89' lang='lat'><strong>,</strong></span> <span class='ocrx_word' id='word_1_824' title='bbox 3956 3550 4064 3601; x_wconf 75' lang='lat' dir='ltr'><strong>scd-</strong></span> 
     </span>
    </p>
   </div>
   <div class='ocr_carea' id='block_1_98' title="bbox 2463 3632 4041 3705">
    <p class='ocr_par' dir='ltr' id='par_1_98' title="bbox 2463 3632 4041 3705">
     <span class='ocr_line' id='line_1_98' title="bbox 2463 3632 4041 3705; baseline 0.003 -19"><span class='ocrx_word' id='word_1_825' title='bbox 2463 3632 2602 3687; x_wconf 89' lang='lat' dir='ltr'><strong>hauc</strong></span> <span class='ocrx_word' id='word_1_826' title='bbox 2636 3634 2803 3701; x_wconf 89' lang='lat' dir='ltr'><strong>ipsam</strong></span> <span class='ocrx_word' id='word_1_827' title='bbox 2846 3632 3071 3688; x_wconf 87' lang='lat' dir='ltr'><strong>liberam</strong></span> <span class='ocrx_word' id='word_1_828' title='bbox 3110 3649 3176 3689; x_wconf 89' lang='lat' dir='ltr'><strong>ac</strong></span> <span class='ocrx_word' id='word_1_829' title='bbox 3216 3635 3299 3689; x_wconf 87' lang='lat' dir='ltr'><strong>sui</strong></span> <span class='ocrx_word' id='word_1_830' title='bbox 3337 3634 3477 3703; x_wconf 84' lang='lat' dir='ltr'><strong>juris</strong></span> <span class='ocrx_word' id='word_1_831' title='bbox 3520 3645 3847 3705; x_wconf 88' lang='lat' dir='ltr'><strong>potestatem</strong></span> <span class='ocrx_word' id='word_1_832' title='bbox 3898 3639 4041 3692; x_wconf 81' lang='lat' dir='ltr'><strong>nobis</strong></span> 
     </span>
    </p>
   </div>
   <div class='ocr_carea' id='block_1_99' title="bbox 2464 3722 4042 3796">
    <p class='ocr_par' dir='ltr' id='par_1_99' title="bbox 2464 3722 4042 3796">
     <span class='ocr_line' id='line_1_99' title="bbox 2464 3722 4042 3796; baseline 0.002 -20"><span class='ocrx_word' id='word_1_833' title='bbox 2464 3722 2722 3792; x_wconf 87' lang='lat' dir='ltr'><strong>permittit</strong></span> <span class='ocrx_word' id='word_1_834' title='bbox 2751 3741 2765 3777; x_wconf 90' lang='lat'>:</span> <span class='ocrx_word' id='word_1_835' title='bbox 2795 3722 2867 3777; x_wconf 90' lang='lat' dir='ltr'><strong>ita</strong></span> <span class='ocrx_word' id='word_1_836' title='bbox 2892 3737 3014 3777; x_wconf 91' lang='lat' dir='ltr'><strong>cum</strong></span> <span class='ocrx_word' id='word_1_837' title='bbox 3043 3724 3212 3794; x_wconf 89' lang='lat' dir='ltr'><strong>inquit</strong></span> <span class='ocrx_word' id='word_1_838' title='bbox 3238 3723 3405 3778; x_wconf 86' lang='lat' dir='ltr'><strong>Deum</strong></span> <span class='ocrx_word' id='word_1_839' title='bbox 3423 3738 3567 3791; x_wconf 82' lang='lat' dir='ltr'><strong>esse,</strong></span> <span class='ocrx_word' id='word_1_840' title='bbox 3591 3729 3682 3793; x_wconf 85' lang='lat' dir='ltr'><strong>qui</strong></span> <span class='ocrx_word' id='word_1_841' title='bbox 3710 3737 3973 3796; x_wconf 79' lang='lat' dir='ltr'><strong>Operatur</strong></span> <span class='ocrx_word' id='word_1_842' title='bbox 3998 3728 4042 3779; x_wconf 90' lang='lat' dir='ltr'><strong>iu</strong></span> 
     </span>
    </p>
   </div>
   <div class='ocr_carea' id='block_1_100' title="bbox 2462 3805 4041 3886">
    <p class='ocr_par' dir='ltr' id='par_1_100' title="bbox 2462 3805 4041 3886">
     <span class='ocr_line' id='line_1_100' title="bbox 2462 3805 4041 3886; baseline 0.004 -20"><span class='ocrx_word' id='word_1_843' title='bbox 2462 3815 2617 3867; x_wconf 88' lang='lat' dir='ltr'><strong>nobis</strong></span> <span class='ocrx_word' id='word_1_844' title='bbox 2660 3813 2817 3879; x_wconf 87' lang='lat' dir='ltr'><strong>velle,</strong></span> <span class='ocrx_word' id='word_1_845' title='bbox 2866 3805 3089 3868; x_wconf 77' lang='lat' dir='ltr'><strong>minime</strong></span> <span class='ocrx_word' id='word_1_846' title='bbox 3131 3828 3231 3869; x_wconf 84' lang='lat' dir='ltr'><strong>nos</strong></span> <span class='ocrx_word' id='word_1_847' title='bbox 3256 3814 3428 3869; x_wconf 83' lang='lat' dir='ltr'><strong>libero</strong></span> <span class='ocrx_word' id='word_1_848' title='bbox 3453 3814 3677 3873; x_wconf 77' lang='lat' dir='ltr'><strong>arbitrio</strong></span> <span class='ocrx_word' id='word_1_849' title='bbox 3705 3817 3927 3886; x_wconf 88' lang='lat' dir='ltr'><strong>privat;</strong></span> <span class='ocrx_word' id='word_1_850' title='bbox 3956 3820 4041 3872; x_wconf 80' lang='lat' dir='ltr'><strong>sed</strong></span> 
     </span>
    </p>
   </div>
   <div class='ocr_carea' id='block_1_101' title="bbox 2462 3903 4037 3980">
    <p class='ocr_par' dir='ltr' id='par_1_101' title="bbox 2462 3903 4037 3980">
     <span class='ocr_line' id='line_1_101' title="bbox 2462 3903 4037 3980; baseline 0.005 -23"><span class='ocrx_word' id='word_1_851' title='bbox 2462 3904 2698 3958; x_wconf 86' lang='lat' dir='ltr'><strong>ostendit</strong></span> <span class='ocrx_word' id='word_1_852' title='bbox 2725 3913 2872 3962; x_wconf 85' lang='lat' dir='ltr'><strong>recte</strong></span> <span class='ocrx_word' id='word_1_853' title='bbox 2920 3903 3166 3960; x_wconf 88' lang='lat' dir='ltr'><strong>faciendo</strong></span> <span class='ocrx_word' id='word_1_854' title='bbox 3209 3921 3457 3976; x_wconf 86' lang='lat' dir='ltr'><strong>magnam</strong></span> <span class='ocrx_word' id='word_1_855' title='bbox 3486 3922 3586 3962; x_wconf 83' lang='lat' dir='ltr'><strong>nos</strong></span> <span class='ocrx_word' id='word_1_856' title='bbox 3608 3909 3896 3979; x_wconf 83' lang='lat' dir='ltr'><strong>acquirere</strong></span> <span class='ocrx_word' id='word_1_857' title='bbox 3922 3925 4037 3980; x_wconf 87' lang='lat' dir='ltr'><strong>pro-</strong></span> 
     </span>
    </p>
   </div>
   <div class='ocr_carea' id='block_1_102' title="bbox 2464 3995 4041 4068">
    <p class='ocr_par' dir='ltr' id='par_1_102' title="bbox 2464 3995 4041 4068">
     <span class='ocr_line' id='line_1_102' title="bbox 2464 3995 4041 4068; baseline 0.004 -18"><span class='ocrx_word' id='word_1_858' title='bbox 2464 3995 2772 4065; x_wconf 68' lang='lat' dir='ltr'><strong>pensionem</strong></span> <span class='ocrx_word' id='word_1_859' title='bbox 2815 3995 2883 4049; x_wconf 90' lang='lat' dir='ltr'><strong>ad</strong></span> <span class='ocrx_word' id='word_1_860' title='bbox 2934 3996 3244 4052; x_wconf 85' lang='lat' dir='ltr'><strong>voleudum.</strong></span> <span class='ocrx_word' id='word_1_861' title='bbox 3290 3997 3424 4052; x_wconf 81' lang='lat' dir='ltr'><strong>Nam</strong></span> <span class='ocrx_word' id='word_1_862' title='bbox 3469 4000 3929 4068; x_wconf 82' lang='lat' dir='ltr'><strong>quemadmodum</strong></span> <span class='ocrx_word' id='word_1_863' title='bbox 3971 4003 4041 4056; x_wconf 83' lang='lat' dir='ltr'><strong>fa-</strong></span> 
     </span>
    </p>
   </div>
   <div class='ocr_carea' id='block_1_103' title="bbox 2460 4087 4040 4157">
    <p class='ocr_par' dir='ltr' id='par_1_103' title="bbox 2460 4087 4040 4157">
     <span class='ocr_line' id='line_1_103' title="bbox 2460 4087 4040 4157; baseline 0.004 -18"><span class='ocrx_word' id='word_1_864' title='bbox 2460 4087 2653 4141; x_wconf 85' lang='lat' dir='ltr'><strong>ciendo</strong></span> <span class='ocrx_word' id='word_1_865' title='bbox 2673 4087 2801 4141; x_wconf 87' lang='lat' dir='ltr'><strong>illud</strong></span> <span class='ocrx_word' id='word_1_866' title='bbox 2830 4088 3231 4157; x_wconf 87' lang='lat' dir='ltr'><strong>consequimur,</strong></span> <span class='ocrx_word' id='word_1_867' title='bbox 3267 4098 3324 4144; x_wconf 91' lang='lat' dir='ltr'><strong>ut</strong></span> <span class='ocrx_word' id='word_1_868' title='bbox 3352 4088 3608 4144; x_wconf 88' lang='lat' dir='ltr'><strong>faciamus</strong></span> <span class='ocrx_word' id='word_1_869' title='bbox 3637 4107 3652 4144; x_wconf 90' lang='lat'>:</span> <span class='ocrx_word' id='word_1_870' title='bbox 3685 4091 3757 4145; x_wconf 87' lang='lat' dir='ltr'><strong>ita</strong></span> <span class='ocrx_word' id='word_1_871' title='bbox 3809 4109 3925 4148; x_wconf 87' lang='lat' dir='ltr'><strong>non</strong></span> <span class='ocrx_word' id='word_1_872' title='bbox 3971 4095 4040 4146; x_wconf 76' lang='lat' dir='ltr'><strong>fa-</strong></span> 
     </span>
    </p>
   </div>
   <div class='ocr_carea' id='block_1_104' title="bbox 2462 4178 4039 4249">
    <p class='ocr_par' dir='ltr' id='par_1_104' title="bbox 2462 4178 4039 4249">
     <span class='ocr_line' id='line_1_104' title="bbox 2462 4178 4039 4249; baseline 0.003 -16"><span class='ocrx_word' id='word_1_873' title='bbox 2462 4178 2656 4233; x_wconf 84' lang='lat' dir='ltr'><strong>ciendo</strong></span> <span class='ocrx_word' id='word_1_874' title='bbox 2698 4178 2801 4234; x_wconf 86' lang='lat' dir='ltr'><strong>hoc</strong></span> <span class='ocrx_word' id='word_1_875' title='bbox 2841 4189 3202 4249; x_wconf 86' lang='lat' dir='ltr'><strong>comparatur,</strong></span> <span class='ocrx_word' id='word_1_876' title='bbox 3252 4189 3312 4236; x_wconf 90' lang='grc' dir='ltr'><strong>ιιι</strong></span> <span class='ocrx_word' id='word_1_877' title='bbox 3358 4196 3464 4236; x_wconf 90' lang='lat' dir='ltr'><strong>non</strong></span> <span class='ocrx_word' id='word_1_878' title='bbox 3516 4182 3796 4238; x_wconf 85' lang='lat' dir='ltr'><strong>faciamus.</strong></span> <span class='ocrx_word' id='word_1_879' title='bbox 3847 4186 4039 4239; x_wconf 72' lang='lat' dir='ltr'><strong>Dedisti</strong></span> 
     </span>
    </p>
   </div>
   <div class='ocr_carea' id='block_1_105' title="bbox 2462 4268 4038 4341">
    <p class='ocr_par' dir='ltr' id='par_1_105' title="bbox 2462 4268 4038 4341">
     <span class='ocr_line' id='line_1_105' title="bbox 2462 4268 4038 4341; baseline 0.006 -21"><span class='ocrx_word' id='word_1_880' title='bbox 2462 4268 2899 4339; x_wconf 65' lang='lat' dir='ltr'><strong>eli-emosyuant?</strong></span> <span class='ocrx_word' id='word_1_881' title='bbox 2925 4277 2978 4323; x_wconf 88' lang='lat' dir='ltr'><strong>te</strong></span> <span class='ocrx_word' id='word_1_882' title='bbox 3016 4270 3188 4339; x_wconf 91' lang='lat' dir='ltr'><strong>ipsum</strong></span> <span class='ocrx_word' id='word_1_883' title='bbox 3220 4272 3389 4341; x_wconf 86' lang='lat' dir='ltr'><strong>magis</strong></span> <span class='ocrx_word' id='word_1_884' title='bbox 3428 4272 3659 4326; x_wconf 87' lang='lat' dir='ltr'><strong>ineitasti</strong></span> <span class='ocrx_word' id='word_1_885' title='bbox 3690 4274 3758 4326; x_wconf 86' lang='lat' dir='ltr'><strong>ad</strong></span> <span class='ocrx_word' id='word_1_886' title='bbox 3784 4273 4038 4329; x_wconf 83' lang='lat' dir='ltr'><strong>dandum.</strong></span> 
     </span>
    </p>
   </div>
   <div class='ocr_carea' id='block_1_106' title="bbox 2423 4356 4038 4433">
    <p class='ocr_par' dir='ltr' id='par_1_106' title="bbox 2423 4356 4038 4433">
     <span class='ocr_line' id='line_1_106' title="bbox 2423 4356 4038 4433; baseline 0.005 -23"><span class='ocrx_word' id='word_1_887' title='bbox 2423 4376 2426 4380; x_wconf 56' lang='grc' dir='ltr'>λ</span> <span class='ocrx_word' id='word_1_888' title='bbox 2463 4356 2579 4410; x_wconf 79' lang='lat' dir='ltr'><strong>Non</strong></span> <span class='ocrx_word' id='word_1_889' title='bbox 2625 4358 2859 4413; x_wconf 72' lang='lat' dir='ltr'><strong>dedisti?</strong></span> <span class='ocrx_word' id='word_1_890' title='bbox 2894 4359 3063 4428; x_wconf 85' lang='lat' dir='ltr'><strong>magis</strong></span> <span class='ocrx_word' id='word_1_891' title='bbox 3110 4369 3163 4414; x_wconf 90' lang='lat' dir='ltr'><strong>te</strong></span> <span class='ocrx_word' id='word_1_892' title='bbox 3187 4359 3267 4415; x_wconf 85' lang='lat' dir='ltr'><strong>ad</strong></span> <span class='ocrx_word' id='word_1_893' title='bbox 3315 4362 3669 4416; x_wconf 84' lang='lat' dir='ltr'><strong>cessationem</strong></span> <span class='ocrx_word' id='word_1_894' title='bbox 3695 4371 4038 4433; x_wconf 81' lang='lat' dir='ltr'><strong>comparasti.</strong></span> 
     </span>
    </p>
   </div>
   <div class='ocr_carea' id='block_1_107' title="bbox 2464 4448 4039 4523">
    <p class='ocr_par' dir='ltr' id='par_1_107' title="bbox 2464 4448 4039 4523">
     <span class='ocr_line' id='line_1_107' title="bbox 2464 4448 4039 4523; baseline 0.005 -20"><span class='ocrx_word' id='word_1_895' title='bbox 2464 4448 2747 4517; x_wconf 89' lang='lat' dir='ltr'><strong>Sapienter</strong></span> <span class='ocrx_word' id='word_1_896' title='bbox 2770 4450 2926 4519; x_wconf 84' lang='lat' dir='ltr'><strong>egisti</strong></span> <span class='ocrx_word' id='word_1_897' title='bbox 2950 4465 3057 4504; x_wconf 93' lang='lat' dir='ltr'><strong>uno</strong></span> <span class='ocrx_word' id='word_1_898' title='bbox 3083 4451 3210 4506; x_wconf 82' lang='lat' dir='ltr'><strong>die?</strong></span> <span class='ocrx_word' id='word_1_899' title='bbox 3234 4452 3402 4508; x_wconf 81' lang='lat' dir='ltr'><strong>habes</strong></span> <span class='ocrx_word' id='word_1_900' title='bbox 3426 4452 3840 4511; x_wconf 87' lang='lat' dir='ltr'><strong>incitamentum</strong></span> <span class='ocrx_word' id='word_1_901' title='bbox 3859 4497 3880 4523; x_wconf 90' lang='lat'><strong>,</strong></span> <span class='ocrx_word' id='word_1_902' title='bbox 3912 4467 3970 4511; x_wconf 92' lang='lat' dir='ltr'><strong>ut</strong></span> <span class='ocrx_word' id='word_1_903' title='bbox 3996 4459 4039 4511; x_wconf 83' lang='lat' dir='ltr'><strong>in</strong></span> 
     </span>
    </p>
   </div>
   <div class='ocr_carea' id='block_1_108' title="bbox 2464 4540 4039 4617">
    <p class='ocr_par' dir='ltr' id='par_1_108' title="bbox 2464 4540 4039 4617">
     <span class='ocr_line' id='line_1_108' title="bbox 2464 4540 4039 4617; baseline 0.004 -24"><span class='ocrx_word' id='word_1_904' title='bbox 2464 4540 2635 4594; x_wconf 89' lang='lat' dir='ltr'><strong>altero</strong></span> <span class='ocrx_word' id='word_1_905' title='bbox 2648 4542 2894 4596; x_wconf 84' lang='lat' dir='ltr'><strong>similiter</strong></span> <span class='ocrx_word' id='word_1_906' title='bbox 2906 4556 3054 4611; x_wconf 85' lang='lat' dir='ltr'><strong>agas.</strong></span> <span class='ocrx_word' id='word_1_907' title='bbox 3072 4541 3362 4612; x_wconf 77' lang='lat' dir='ltr'><strong>Neglexisti</strong></span> <span class='ocrx_word' id='word_1_908' title='bbox 3375 4545 3402 4598; x_wconf 66' lang='grc' dir='ltr'><em>’ρ</em></span> <span class='ocrx_word' id='word_1_909' title='bbox 3418 4544 3611 4599; x_wconf 73' lang='lat' dir='ltr'><strong>auxisti</strong></span> <span class='ocrx_word' id='word_1_910' title='bbox 3628 4546 4009 4617; x_wconf 80' lang='lat' dir='ltr'><strong>negligentiam</strong></span> <span class='ocrx_word' id='word_1_911' title='bbox 4028 4567 4039 4599; x_wconf 90' lang='lat'>:</span> 
     </span>
    </p>
   </div>
   <div class='ocr_carea' id='block_1_109' title="bbox 2464 4631 4043 4709">
    <p class='ocr_par' dir='ltr' id='par_1_109' title="bbox 2464 4631 4043 4709">
     <span class='ocr_line' id='line_1_109' title="bbox 2464 4631 4043 4709; baseline 0.004 -24"><span class='ocrx_word' id='word_1_912' title='bbox 2464 4631 2665 4702; x_wconf 74' lang='lat' dir='ltr'><strong>Impius</strong></span> <span class='ocrx_word' id='word_1_913' title='bbox 2685 4632 2851 4697; x_wconf 90' lang='lat' dir='ltr'><strong>enim,</strong></span> <span class='ocrx_word' id='word_1_914' title='bbox 2884 4633 3074 4709; x_wconf 78' lang='lat' dir='ltr'><strong>inquit,</strong></span> <span class='ocrx_word' id='word_1_915' title='bbox 3105 4651 3221 4688; x_wconf 81' lang='lat' dir='ltr'><strong>cunt</strong></span> <span class='ocrx_word' id='word_1_916' title='bbox 3248 4635 3301 4688; x_wconf 84' lang='lat' dir='ltr'><strong>in</strong></span> <span class='ocrx_word' id='word_1_917' title='bbox 3328 4637 3640 4707; x_wconf 74' lang='lat' dir='ltr'><strong>profundum</strong></span> <span class='ocrx_word' id='word_1_918' title='bbox 3668 4641 3863 4692; x_wconf 72' lang='lat' dir='ltr'><strong>venerit</strong></span> <span class='ocrx_word' id='word_1_919' title='bbox 3888 4641 4043 4692; x_wconf 77' lang='lat' dir='ltr'><strong>turdo-</strong></span> 
     </span>
    </p>
   </div>
   <div class='ocr_carea' id='block_1_110' title="bbox 2464 4723 4040 4802">
    <p class='ocr_par' dir='ltr' id='par_1_110' title="bbox 2464 4723 4040 4802">
     <span class='ocr_line' id='line_1_110' title="bbox 2464 4723 4040 4802; baseline 0.004 -24"><span class='ocrx_word' id='word_1_920' title='bbox 2464 4740 2597 4790; x_wconf 78' lang='lat' dir='ltr'><strong>rum,</strong></span> <span class='ocrx_word' id='word_1_921' title='bbox 2628 4726 2897 4778; x_wconf 85' lang='lat' dir='ltr'><strong>contemnit</strong></span> <span class='ocrx_word' id='word_1_922' title='bbox 2922 4723 3106 4794; x_wconf 75' lang='lat' dir='ltr'><strong>(Prov.</strong></span> <span class='ocrx_word' id='word_1_923' title='bbox 3142 4727 3229 4781; x_wconf 70' lang='lat'><strong>18.</strong></span> <span class='ocrx_word' id='word_1_924' title='bbox 3260 4724 3338 4799; x_wconf 82' lang='lat'><strong>5).</strong></span> <span class='ocrx_word' id='word_1_925' title='bbox 3371 4728 3838 4793; x_wconf 84' lang='lat' dir='ltr'><strong>Quemadmodum</strong></span> <span class='ocrx_word' id='word_1_926' title='bbox 3868 4733 4040 4802; x_wconf 88' lang='lat' dir='ltr'><strong>igitur,</strong></span> 
     </span>
    </p>
   </div>
   <div class='ocr_carea' id='block_1_111' title="bbox 2466 4813 4039 4885">
    <p class='ocr_par' dir='ltr' id='par_1_111' title="bbox 2466 4813 4039 4885">
     <span class='ocr_line' id='line_1_111' title="bbox 2466 4813 4039 4885; baseline 0.006 -20"><span class='ocrx_word' id='word_1_927' title='bbox 2466 4813 2557 4883; x_wconf 88' lang='lat' dir='ltr'><strong>qui</strong></span> <span class='ocrx_word' id='word_1_928' title='bbox 2592 4813 2645 4868; x_wconf 91' lang='lat' dir='ltr'><strong>in</strong></span> <span class='ocrx_word' id='word_1_929' title='bbox 2686 4814 2947 4869; x_wconf 87' lang='lat' dir='ltr'><strong>malorum</strong></span> <span class='ocrx_word' id='word_1_930' title='bbox 2991 4815 3312 4885; x_wconf 88' lang='lat' dir='ltr'><strong>profundum</strong></span> <span class='ocrx_word' id='word_1_931' title='bbox 3360 4817 3657 4881; x_wconf 88' lang='lat' dir='ltr'><strong>descendit,</strong></span> <span class='ocrx_word' id='word_1_932' title='bbox 3698 4824 4039 4876; x_wconf 88' lang='lat' dir='ltr'><strong>contemnit:</strong></span> 
     </span>
    </p>
   </div>
   <div class='ocr_carea' id='block_1_112' title="bbox 2467 4904 4039 4982">
    <p class='ocr_par' dir='ltr' id='par_1_112' title="bbox 2467 4904 4039 4982">
     <span class='ocr_line' id='line_1_112' title="bbox 2467 4904 4039 4982; baseline 0.004 -24"><span class='ocrx_word' id='word_1_933' title='bbox 2467 4905 2537 4958; x_wconf 90' lang='lat' dir='ltr'><strong>ita</strong></span> <span class='ocrx_word' id='word_1_934' title='bbox 2566 4904 2657 4974; x_wconf 90' lang='lat' dir='ltr'><strong>qui</strong></span> <span class='ocrx_word' id='word_1_935' title='bbox 2684 4904 2736 4959; x_wconf 88' lang='lat' dir='ltr'><strong>in</strong></span> <span class='ocrx_word' id='word_1_936' title='bbox 2764 4905 3085 4974; x_wconf 84' lang='lat' dir='ltr'><strong>profundunt</strong></span> <span class='ocrx_word' id='word_1_937' title='bbox 3125 4906 3388 4963; x_wconf 87' lang='lat' dir='ltr'><strong>bonorum</strong></span> <span class='ocrx_word' id='word_1_938' title='bbox 3431 4910 3607 4973; x_wconf 89' lang='lat' dir='ltr'><strong>venit,</strong></span> <span class='ocrx_word' id='word_1_939' title='bbox 3634 4910 3884 4967; x_wconf 84' lang='lat' dir='ltr'><strong>studiose</strong></span> <span class='ocrx_word' id='word_1_940' title='bbox 3922 4914 4039 4982; x_wconf 79' lang='lat' dir='ltr'><strong>agit.</strong></span> 
     </span>
    </p>
   </div>
   <div class='ocr_carea' id='block_1_113' title="bbox 2467 4994 4040 5069">
    <p class='ocr_par' dir='ltr' id='par_1_113' title="bbox 2467 4994 4040 5069">
     <span class='ocr_line' id='line_1_113' title="bbox 2467 4994 4040 5069; baseline 0.005 -20"><span class='ocrx_word' id='word_1_941' title='bbox 2467 4994 2598 5049; x_wconf 76' lang='lat' dir='ltr'><strong>Nam</strong></span> <span class='ocrx_word' id='word_1_942' title='bbox 2621 4996 2687 5049; x_wconf 85' lang='lat' dir='ltr'><strong>ut</strong></span> <span class='ocrx_word' id='word_1_943' title='bbox 2717 4997 2807 5050; x_wconf 89' lang='lat' dir='ltr'><strong>ille</strong></span> <span class='ocrx_word' id='word_1_944' title='bbox 2839 4996 3217 5066; x_wconf 88' lang='lat' dir='ltr'><strong>desperatione</strong></span> <span class='ocrx_word' id='word_1_945' title='bbox 3240 5000 3591 5069; x_wconf 83' lang='lat' dir='ltr'><strong>negligentior</strong></span> <span class='ocrx_word' id='word_1_946' title='bbox 3619 5003 3699 5067; x_wconf 88' lang='lat' dir='ltr'><strong>lit,</strong></span> <span class='ocrx_word' id='word_1_947' title='bbox 3729 5002 3803 5055; x_wconf 89' lang='lat' dir='ltr'><strong>ita</strong></span> <span class='ocrx_word' id='word_1_948' title='bbox 3832 5002 3923 5057; x_wconf 89' lang='lat' dir='ltr'><strong>hic</strong></span> <span class='ocrx_word' id='word_1_949' title='bbox 3952 5005 4040 5057; x_wconf 50' lang='lat' dir='ltr'><strong>hoc</strong></span> 
     </span>
    </p>
   </div>
   <div class='ocr_carea' id='block_1_114' title="bbox 2467 5088 4040 5161">
    <p class='ocr_par' dir='ltr' id='par_1_114' title="bbox 2467 5088 4040 5161">
     <span class='ocr_line' id='line_1_114' title="bbox 2467 5088 4040 5161; baseline 0.004 -21"><span class='ocrx_word' id='word_1_950' title='bbox 2467 5102 2656 5141; x_wconf 86' lang='lat' dir='ltr'><strong>norum</strong></span> <span class='ocrx_word' id='word_1_951' title='bbox 2700 5088 2907 5156; x_wconf 88' lang='lat' dir='ltr'><strong>cupiant</strong></span> <span class='ocrx_word' id='word_1_952' title='bbox 2960 5103 3141 5143; x_wconf 87' lang='lat' dir='ltr'><strong>secum</strong></span> <span class='ocrx_word' id='word_1_953' title='bbox 3194 5091 3455 5159; x_wconf 76' lang='lat' dir='ltr'><strong>cogitans,</strong></span> <span class='ocrx_word' id='word_1_954' title='bbox 3506 5090 3813 5161; x_wconf 82' lang='lat' dir='ltr'><strong>diligentior</strong></span> <span class='ocrx_word' id='word_1_955' title='bbox 3861 5094 3942 5157; x_wconf 82' lang='lat' dir='ltr'><strong>fit,</strong></span> <span class='ocrx_word' id='word_1_956' title='bbox 3984 5108 4040 5146; x_wconf 86' lang='lat' dir='ltr'><strong>ne</strong></span> 
     </span>
    </p>
   </div>
   <div class='ocr_carea' id='block_1_115' title="bbox 2470 5177 4042 5252">
    <p class='ocr_par' dir='ltr' id='par_1_115' title="bbox 2470 5177 4042 5252">
     <span class='ocr_line' id='line_1_115' title="bbox 2470 5177 4042 5252; baseline 0.004 -22"><span class='ocrx_word' id='word_1_957' title='bbox 2470 5186 2637 5232; x_wconf 89' lang='lat' dir='ltr'><strong>totum</strong></span> <span class='ocrx_word' id='word_1_958' title='bbox 2663 5178 2869 5248; x_wconf 90' lang='lat' dir='ltr'><strong>perdat.</strong></span> <span class='ocrx_word' id='word_1_959' title='bbox 2908 5177 3014 5233; x_wconf 84' lang='lat' dir='ltr'><strong>Pro</strong></span> <span class='ocrx_word' id='word_1_960' title='bbox 3043 5180 3174 5233; x_wconf 85' lang='lat' dir='ltr'><strong>bona</strong></span> <span class='ocrx_word' id='word_1_961' title='bbox 3194 5181 3471 5243; x_wconf 73' lang='lat' dir='ltr'><strong>uoluntate,</strong></span> <span class='ocrx_word' id='word_1_962' title='bbox 3493 5180 3662 5252; x_wconf 88' lang='lat' dir='ltr'><strong>inquit</strong></span> <span class='ocrx_word' id='word_1_963' title='bbox 3690 5198 3705 5234; x_wconf 88' lang='lat'><strong>:</strong></span> <span class='ocrx_word' id='word_1_964' title='bbox 3734 5181 3787 5235; x_wconf 90' lang='lat' dir='ltr'><strong>id</strong></span> <span class='ocrx_word' id='word_1_965' title='bbox 3816 5192 3905 5239; x_wconf 83' lang='lat' dir='ltr'><strong>est</strong></span> <span class='ocrx_word' id='word_1_966' title='bbox 3926 5197 4042 5252; x_wconf 82' lang='lat' dir='ltr'><strong>pro-</strong></span> 
     </span>
    </p>
   </div>
   <div class='ocr_carea' id='block_1_116' title="bbox 2468 5270 4041 5342">
    <p class='ocr_par' dir='ltr' id='par_1_116' title="bbox 2468 5270 4041 5342">
     <span class='ocr_line' id='line_1_116' title="bbox 2468 5270 4041 5342; baseline 0.004 -23"><span class='ocrx_word' id='word_1_967' title='bbox 2468 5279 2588 5337; x_wconf 85' lang='lat' dir='ltr'><strong>pter</strong></span> <span class='ocrx_word' id='word_1_968' title='bbox 2609 5270 2908 5332; x_wconf 86' lang='lat' dir='ltr'><strong>caritatem,</strong></span> <span class='ocrx_word' id='word_1_969' title='bbox 2941 5278 3000 5323; x_wconf 89' lang='lat' dir='ltr'><strong>ut</strong></span> <span class='ocrx_word' id='word_1_970' title='bbox 3035 5271 3147 5325; x_wconf 83' lang='lat' dir='ltr'><strong>Deo</strong></span> <span class='ocrx_word' id='word_1_971' title='bbox 3174 5271 3449 5340; x_wconf 82' lang='lat' dir='ltr'><strong>placeatis,</strong></span> <span class='ocrx_word' id='word_1_972' title='bbox 3478 5279 3537 5325; x_wconf 91' lang='lat' dir='ltr'><strong>ut</strong></span> <span class='ocrx_word' id='word_1_973' title='bbox 3561 5287 3679 5340; x_wconf 71' lang='lat' dir='ltr'><strong>qua:</strong></span> <span class='ocrx_word' id='word_1_974' title='bbox 3700 5272 3776 5324; x_wconf 89' lang='lat' dir='ltr'><strong>illi</strong></span> <span class='ocrx_word' id='word_1_975' title='bbox 3809 5275 4041 5342; x_wconf 86' lang='lat' dir='ltr'><strong>proban-</strong></span> 
     </span>
    </p>
   </div>
   <div class='ocr_carea' id='block_1_117' title="bbox 2471 5358 4039 5427">
    <p class='ocr_par' dir='ltr' id='par_1_117' title="bbox 2471 5358 4039 5427">
     <span class='ocr_line' id='line_1_117' title="bbox 2471 5358 4039 5427; baseline 0.003 -17"><span class='ocrx_word' id='word_1_976' title='bbox 2471 5367 2556 5410; x_wconf 92' lang='lat' dir='ltr'><strong>tur</strong></span> <span class='ocrx_word' id='word_1_977' title='bbox 2577 5374 2801 5427; x_wconf 82' lang='lat' dir='ltr'><strong>qua-quo</strong></span> <span class='ocrx_word' id='word_1_978' title='bbox 2845 5358 2986 5411; x_wconf 89' lang='lat' dir='ltr'><strong>illius</strong></span> <span class='ocrx_word' id='word_1_979' title='bbox 3015 5360 3274 5413; x_wconf 87' lang='lat' dir='ltr'><strong>voluntati</strong></span> <span class='ocrx_word' id='word_1_980' title='bbox 3305 5370 3665 5414; x_wconf 78' lang='lat' dir='ltr'><strong>consentanea</strong></span> <span class='ocrx_word' id='word_1_981' title='bbox 3708 5371 3872 5427; x_wconf 82' lang='lat' dir='ltr'><strong>sunt,</strong></span> <span class='ocrx_word' id='word_1_982' title='bbox 3901 5364 4039 5416; x_wconf 79' lang='lat' dir='ltr'><strong>ﬁant.</strong></span> 
     </span>
    </p>
   </div>
   <div class='ocr_carea' id='block_1_118' title="bbox 2474 5446 4041 5512">
    <p class='ocr_par' dir='ltr' id='par_1_118' title="bbox 2474 5446 4041 5512">
     <span class='ocr_line' id='line_1_118' title="bbox 2474 5446 4041 5512; baseline 0.003 -13"><span class='ocrx_word' id='word_1_983' title='bbox 2474 5446 2583 5501; x_wconf 90' lang='lat' dir='ltr'><strong>Iloc</strong></span> <span class='ocrx_word' id='word_1_984' title='bbox 2614 5448 2731 5501; x_wconf 85' lang='lat' dir='ltr'><strong>loco</strong></span> <span class='ocrx_word' id='word_1_985' title='bbox 2759 5447 3015 5512; x_wconf 83' lang='lat' dir='ltr'><strong>ostendit,</strong></span> <span class='ocrx_word' id='word_1_986' title='bbox 3059 5457 3117 5503; x_wconf 91' lang='lat' dir='ltr'><strong>et</strong></span> <span class='ocrx_word' id='word_1_987' title='bbox 3154 5448 3401 5503; x_wconf 83' lang='lat' dir='ltr'><strong>fiduciam</strong></span> <span class='ocrx_word' id='word_1_988' title='bbox 3446 5448 3559 5512; x_wconf 87' lang='lat' dir='ltr'><strong>dat,</strong></span> <span class='ocrx_word' id='word_1_989' title='bbox 3604 5449 3719 5503; x_wconf 88' lang='lat' dir='ltr'><strong>fore</strong></span> <span class='ocrx_word' id='word_1_990' title='bbox 3746 5453 3975 5504; x_wconf 80' lang='lat' dir='ltr'><strong>omnino</strong></span> <span class='ocrx_word' id='word_1_991' title='bbox 3994 5460 4041 5503; x_wconf 87' lang='lat' dir='ltr'><strong>ut</strong></span> 
     </span>
    </p>
   </div>
   <div class='ocr_carea' id='block_1_119' title="bbox 2474 5537 4037 5607">
    <p class='ocr_par' dir='ltr' id='par_1_119' title="bbox 2474 5537 4037 5607">
     <span class='ocr_line' id='line_1_119' title="bbox 2474 5537 4037 5607; baseline 0.002 -17"><span class='ocrx_word' id='word_1_992' title='bbox 2474 5537 2612 5592; x_wconf 83' lang='lat' dir='ltr'><strong>Deus</strong></span> <span class='ocrx_word' id='word_1_993' title='bbox 2637 5548 2909 5606; x_wconf 87' lang='lat' dir='ltr'><strong>operetur.</strong></span> <span class='ocrx_word' id='word_1_994' title='bbox 2930 5540 3048 5592; x_wconf 67' lang='lat' dir='ltr'><strong>Vult</strong></span> <span class='ocrx_word' id='word_1_995' title='bbox 3074 5540 3216 5593; x_wconf 87' lang='lat' dir='ltr'><strong>enim</strong></span> <span class='ocrx_word' id='word_1_996' title='bbox 3248 5555 3347 5594; x_wconf 91' lang='lat' dir='ltr'><strong>nos</strong></span> <span class='ocrx_word' id='word_1_997' title='bbox 3373 5541 3441 5594; x_wconf 88' lang='lat' dir='ltr'><strong>ita</strong></span> <span class='ocrx_word' id='word_1_998' title='bbox 3470 5550 3524 5593; x_wconf 92' lang='lat' dir='ltr'><strong>ut</strong></span> <span class='ocrx_word' id='word_1_999' title='bbox 3553 5541 3666 5607; x_wconf 86' lang='lat' dir='ltr'><strong>ipse</strong></span> <span class='ocrx_word' id='word_1_1000' title='bbox 3682 5542 3813 5603; x_wconf 87' lang='lat' dir='ltr'><strong>vult.</strong></span> <span class='ocrx_word' id='word_1_1001' title='bbox 3844 5544 4037 5595; x_wconf 77' lang='lat' dir='ltr'><strong>vivere.</strong></span> 
     </span>
    </p>
   </div>
   <div class='ocr_carea' id='block_1_120' title="bbox 2470 5627 4037 5700">
    <p class='ocr_par' dir='ltr' id='par_1_120' title="bbox 2470 5627 4037 5700">
     <span class='ocr_line' id='line_1_120' title="bbox 2470 5627 4037 5700; baseline 0.006 -23"><span class='ocrx_word' id='word_1_1002' title='bbox 2470 5627 2620 5691; x_wconf 75' lang='lat' dir='ltr'><strong>Quod</strong></span> <span class='ocrx_word' id='word_1_1003' title='bbox 2651 5628 2694 5681; x_wconf 88' lang='lat' dir='ltr'><strong>si</strong></span> <span class='ocrx_word' id='word_1_1004' title='bbox 2728 5628 2868 5681; x_wconf 84' lang='lat' dir='ltr'><strong>Deus</strong></span> <span class='ocrx_word' id='word_1_1005' title='bbox 2893 5628 3025 5693; x_wconf 82' lang='lat' dir='ltr'><strong>vult,</strong></span> <span class='ocrx_word' id='word_1_1006' title='bbox 3056 5628 3183 5683; x_wconf 89' lang='lat' dir='ltr'><strong>illud</strong></span> <span class='ocrx_word' id='word_1_1007' title='bbox 3226 5638 3408 5684; x_wconf 86' lang='lat' dir='ltr'><strong>autem</strong></span> <span class='ocrx_word' id='word_1_1008' title='bbox 3438 5630 3577 5698; x_wconf 88' lang='lat' dir='ltr'><strong>quod</strong></span> <span class='ocrx_word' id='word_1_1009' title='bbox 3604 5631 3740 5695; x_wconf 83' lang='lat' dir='ltr'><strong>vult,</strong></span> <span class='ocrx_word' id='word_1_1010' title='bbox 3774 5632 3895 5699; x_wconf 87' lang='lat' dir='ltr'><strong>ipse</strong></span> <span class='ocrx_word' id='word_1_1011' title='bbox 3923 5648 4037 5700; x_wconf 47' lang='lat' dir='ltr'><strong>ope.</strong></span> 
     </span>
    </p>
   </div>
   <div class='ocr_carea' id='block_1_121' title="bbox 2475 5726 4041 5798">
    <p class='ocr_par' dir='ltr' id='par_1_121' title="bbox 2475 5726 4041 5798">
     <span class='ocr_line' id='line_1_121' title="bbox 2475 5726 4041 5798; baseline -0.003 -17"><span class='ocrx_word' id='word_1_1012' title='bbox 2475 5737 2640 5793; x_wconf 79' lang='lat' dir='ltr'><strong>ratur,</strong></span> <span class='ocrx_word' id='word_1_1013' title='bbox 2672 5737 2818 5782; x_wconf 84' lang='lat' dir='ltr'><strong>certe</strong></span> <span class='ocrx_word' id='word_1_1014' title='bbox 2864 5726 2964 5782; x_wconf 86' lang='lat' dir='ltr'><strong>hoc</strong></span> <span class='ocrx_word' id='word_1_1015' title='bbox 2992 5742 3202 5797; x_wconf 85' lang='lat' dir='ltr'><strong>quoque</strong></span> <span class='ocrx_word' id='word_1_1016' title='bbox 3237 5726 3547 5798; x_wconf 79' lang='lat' dir='ltr'><strong>operabitur</strong></span> <span class='ocrx_word' id='word_1_1017' title='bbox 3571 5743 3631 5780; x_wconf 85' lang='lat' dir='ltr'><strong>ac</strong></span> <span class='ocrx_word' id='word_1_1018' title='bbox 3663 5728 3966 5796; x_wconf 62' lang='lat' dir='ltr'><strong>prtestabit,</strong></span> <span class='ocrx_word' id='word_1_1019' title='bbox 3998 5734 4041 5777; x_wconf 81' lang='lat' dir='ltr'><strong>ut</strong></span> 
     </span>
    </p>
   </div>
  </div>
