4064 6318
158 404 245 457 ΕΗ

157 532 287 571 n-rte
334 515 580 571 vivamus
615 533 626 571 :
660 514 760 566 hoc
802 512 943 566 enim
992 511 1103 580 ipse
1146 511 1279 563 vult.
1313 507 1473 562 Vides
1498 523 1527 562 ιι
1562 505 1725 560 Paulo

156 609 361 662 minime
384 608 499 661 tolli
520 606 727 660 arbitrii
758 603 1094 658 libertatem?
1127 600 1250 655 Ila'c
1289 600 1460 652 omnia
1481 640 1494 660 ,
1527 598 1717 667 inquit,

156 701 294 768 facile
319 700 428 753 sine
450 696 931 748 murumrationibns
953 704 997 745 et
1020 690 1438 745 lnrsitationibus.
1473 689 1722 742 Diabolus

155 793 231 843 ubi
254 804 348 843 nos
374 788 647 842 abducere
679 786 894 840 minime
926 783 1193 853 potuerit,
1226 782 1353 851 quin
1385 790 1528 835 recte
1554 779 1712 833 facia-

152 900 279 944 mus,
326 883 428 934 alia
460 880 687 950 quadam
734 880 940 932 ratione
970 876 1188 930 molitur
1238 875 1449 928 inanem
1492 872 1719 926 reddere

154 974 444 1026 tuercedem
490 982 748 1025 nostram.
778 970 907 1024 Nam
951 969 1211 1035 velvatue
1235 966 1419 1034 δῖοι-ἷξε
1457 980 1716 1029 amorem,

152 1066 225 1118 vel
268 1063 624 1133 arrogantium
658 1062 884 1125 induxit,
932 1060 1013 1114 vel
1055 1059 1099 1113 si
1141 1057 1271 1112 nihil
1323 1060 1534 1119 horum,
1567 1073 1717 1110 untr-

151 1156 517 1214 tnurationem.
546 1154 626 1207 vel
673 1154 863 1206 saltem
890 1150 1301 1204 btesitationetn.
1330 1151 1404 1202 Ac
1430 1148 1551 1201 vide
1578 1164 1713 1216 quo-

149 1244 295 1299 modo
323 1245 439 1298 lucc
468 1252 656 1312 purget
683 1242 877 1296 Paulus
906 1240 1083 1303 :dixit
1124 1239 1192 1294 de
1218 1239 1383 1293 animi
1418 1237 1715 1293 humilitate

146 1349 485 1401 umet-nmque
528 1333 636 1403 jam
686 1334 995 1396 audivistis,
1051 1332 1411 1401 arrogantiam
1456 1331 1711 1399 abigens,

146 1424 267 1477 dixit
291 1424 359 1478 de
387 1424 559 1476 inanis
578 1425 765 1493 gloria:
791 1424 986 1489 studio,
1016 1422 1376 1491 cmnprimens
1408 1430 1669 1475 tmnorem
1694 1435 1707 1484 ;

143 1526 193 1569 et
216 1517 336 1570 alibi
359 1516 597 1585 quidem,
636 1515 752 1568 Non
784 1516 1142 1585 inpraesentia,
1164 1515 1352 1582 inquit,
1377 1514 1468 1565 mei
1491 1522 1712 1577 tantum;

144 1624 271 1662 nunc
299 1625 427 1662 vero
445 1609 693 1661 nonnulla
710 1600 853 1662 addit
875 1608 941 1661 de
967 1606 1390 1660 tnurmuratione
1418 1614 1467 1657 et
1498 1602 1713 1658 inusita-

144 1699 296 1751 tiune.
352 1698 460 1752 Cur
511 1709 687 1752 autent
742 1713 864 1751 eum
914 1696 1207 1751 Corinthiis
1260 1696 1518 1750 adimeret
1568 1693 1709 1749 lumc

142 1791 395 1853 tnui-bum,
425 1790 543 1842 Israt
566 1790 772 1843 litarqu
803 1791 961 1843 etiam
995 1789 1317 1842 mentionem
1337 1788 1457 1841 fecit
1485 1789 1562 1855 (Ι.
1586 1787 1706 1843 Cor.

142 1886 216 1937 10.
244 1885 369 1953 10);
401 1884 500 1939 hoc
526 1894 702 1938 autent
734 1885 850 1938 loro
876 1885 1004 1938 nihil
1039 1884 1337 1952 bujusmodi
1377 1884 1575 1944 attulit,
1612 1882 1705 1936 sed

138 1977 441 2044 simpliciter
466 1980 713 2046 pt‘mCepit
736 1977 758 2029 ?
780 1977 1040 2043 Quoniam
1071 1977 1143 2030 illi
1165 1978 1230 2030 ab
1261 1978 1359 2029 huc
1390 1975 1702 2043 morbujam

140 2072 336 2123 inerant
364 2071 604 2140 occupati
640 2088 651 2123 :
685 2071 1031 2140 quamobrem
1074 2070 1232 2123 altius
1276 2070 1473 2123 inferre
1510 2068 1703 2123 vulnus

139 2178 347 2216 necesse
388 2163 632 2229 habebnt,
687 2180 749 2218 ac
805 2164 1171 2218 vehementius
1216 2164 1503 2233 olijurgare
1551 2181 1566 2217 :
1618 2162 1703 2215 hic

136 2270 273 2317 Vero,
306 2271 372 2308 ne
403 2271 459 2307 se
484 2257 733 2324 OCCupari
780 2256 960 2308 sinant
990 2266 1192 2309 monet.
1242 2256 1404 2324 Igitur
1428 2270 1551 2323 erga
1584 2269 1698 2319 eos,

134 2346 213 2412 qui
243 2346 473 2398 nondum
499 2355 800 2420 pec-curant.
838 2360 1227 2414 supervacuum
1251 2354 1363 2397 erat
1393 2344 1701 2399 durioribus

136 2438 298 2489 wrbis
329 2437 422 2498 uti,
456 2452 562 2507 quo
586 2437 685 2490 sibi
715 2447 985 2491 caverent.
1017 2438 1145 2492 Nam
1173 2449 1222 2493 et
1250 2438 1317 2491 ad
1344 2438 1696 2491 humilitatem

132 2525 392 2589 adducens
440 2544 544 2580 non
588 2528 765 2581 attulit
804 2527 1106 2597 exemplum
1137 2528 1265 2581 illud
1290 2544 1353 2581 ex
1389 2528 1695 2597 Evangelio,

135 2616 211 2668 ubi
238 2617 584 2683 superborum
615 2618 933 2686 supplicium
963 2628 1229 2679 narratur,
1258 2617 1696 2684 sedabesemplu

134 2705 214 2759 Dei
240 2708 653 2763 admonitionem
683 2710 869 2776 duxit,
901 2710 1135 2780 ipsisque
1167 2710 1385 2764 omnino
1416 2718 1471 2763 ut
1519 2709 1696 2778 legiti-

132 2799 222 2851 mis
252 2800 371 2852 liliis
401 2800 652 2870 loquitur,
684 2818 789 2855 non
828 2811 883 2854 ut
929 2803 1158 2856 famulis.
1190 2801 1398 2856 Etenim
1428 2802 1493 2857 ad
1524 2804 1693 2857 virtu-

132 2900 226 2944 tem
252 2894 575 2957 sequendam
606 2895 650 2946 is
679 2895 765 2963 qui
810 2894 944 2947 bona
988 2903 1043 2949 ct
1067 2910 1327 2964 generosa
1357 2910 1533 2949 mente
1558 2911 1695 2965 prte-

130 2981 257 3033 di'us
297 2994 394 3043 est,
427 2985 673 3052 exemplo
727 2998 911 3038 eorum
970 2986 1058 3055 qui
1111 2996 1256 3038 recte
1312 3000 1371 3039 se
1412 2995 1693 3054 gesstrrunt

128 3072 393 3125 adducitur
420 3088 434 3126 :
466 3075 509 3126 is
535 3090 659 3127 vero
681 3073 763 3126 cui
794 3076 962 3127 malus
982 3075 1209 3138 animus,
1238 3090 1421 3127 eorum
1441 3076 1693 3144 exetnplo

127 3164 207 3231 qui
235 3164 441 3218 virtutis
468 3181 686 3218 munera
720 3182 824 3218 non
854 3164 1137 3220 obit-erunt
1170 3185 1182 3219 :
1219 3167 1306 3221 ille
1350 3166 1575 3231 honore,
1608 3168 1693 3223 hic

127 3254 393 3321 supplicio.
442 3254 732 3323 Propterea
781 3256 847 3309 ad
903 3255 1158 3309 llebr:eos
1206 3256 1366 3310 etiam
1424 3256 1688 3322 scribens,

130 3342 259 3397 Esat’t
304 3345 355 3397 in
407 3345 636 3399 medium
664 3345 903 3407 adduxit,
946 3347 1034 3415 qui
1076 3356 1295 3415 propter
1321 3363 1480 3401 unam
1507 3363 1687 3402 escam

126 3434 351 3486 vendidit
379 3434 849 3504 pritnogeuituram
882 3435 1067 3507 (llebr.
1101 3437 1187 3490 1‘2.
1222 3437 1309 3503 16)
1335 3453 1348 3500 ;
1379 3446 1431 3491 et
1461 3452 1646 3491 rursus
1668 3479 1685 3503 ,

129 3523 181 3575 Si
201 3525 492 3579 subtraxerit
516 3544 588 3589 se,
618 3544 716 3579 non
752 3528 964 3596 plarebit
1005 3532 1190 3581 ammte
1212 3546 1334 3582 metr
1360 3530 1376 3597 (
1413 3529 1571 3585 llebr.
1597 3532 1685 3584 10.

126 3612 224 3682 58).
258 3616 408 3685 Atqui
440 3617 577 3669 inter
608 3618 914 3672 Corinthius
958 3620 1171 3687 quidem
1202 3621 1351 3672 tnulti
1384 3632 1557 3685 erant,
1590 3622 1683 3691 qui

126 3706 328 3757 scut-tati
375 3706 616 3760 fuerant:
664 3719 942 3776 propterea
975 3708 1204 3772 dicebat,
1236 3707 1317 3763 Ne
1355 3712 1534 3762 iterum
1574 3727 1687 3763 cum

126 3811 284 3849 rerum
309 3804 375 3851 ad
401 3815 503 3865 vos,
530 3801 758 3853 ltuntiliet
781 3818 858 3854 me
886 3801 1019 3853 Deus
1035 3817 1190 3867 meus,
1215 3813 1263 3855 et
1284 3804 1482 3872 lugeant
1502 3804 1686 3857 multos

125 3903 181 3939 es
196 3890 272 3953 iis,
301 3892 386 3956 qui
404 3903 551 3944 antea
582 3904 933 3960 peccaverunt,
980 3906 1025 3946 et
1073 3910 1172 3946 non
1202 3906 1410 3964 egerunt
1438 3896 1685 3964 perniten-

126 3977 233 4030 tiant
264 3997 407 4048 super
433 3984 750 4036 intnnaulitia
795 3993 842 4036 et
883 3985 1218 4050 fornicatione
1255 3996 1303 4039 et
1344 3987 1680 4055 impudicitia,

124 4085 258 4136 quam
283 4086 536 4141 gesserunt
566 4076 653 4145 (2.
680 4076 796 4128 Cor.
826 4077 912 4130 12.
932 4078 993 4131 2|
1098 4077 1162 4131 Ut
1200 4079 1329 4143 sitis,
1359 4078 1547 4148 inquit,
1576 4081 1686 4134 sine

123 4162 329 4228 querela,
384 4174 432 4217 et
471 4166 763 4233 simplices;
822 4167 870 4220 id
923 4177 1035 4231 est,
1092 4169 1219 4222 nulli
1275 4169 1681 4237 reprehensioni

123 4251 341 4319 obnoxii,
371 4257 487 4324 puri
520 4266 678 4327 atque
710 4257 901 4329 integri
936 4278 948 4312 :
978 4276 1087 4313 non
1112 4261 1257 4314 enim
1287 4262 1457 4316 levem
1502 4277 1689 4316 mauu--

124 4339 213 4393 lam
241 4344 457 4411 imponit
478 4350 848 4403 marmoratio.
874 4351 1019 4416 'Quid
1047 4359 1222 4406 autem
1240 4351 1523 4421 significat,
1551 4353 1682 4408 Sine

126 4435 541 4494 mutationibus?
571 4452 746 4496 utrum
778 4444 972 4497 bonum
995 4454 1098 4510 est,
1130 4460 1196 4499 an
1227 4447 1445 4502 minime
1467 4446 1492 4501 ?
1516 4446 1595 4502 Ne
1626 4448 1677 4502 in

121 4527 534 4597 disputationem,
558 4534 746 4603 inquit,
781 4552 892 4590 rem
921 4537 1221 4603 adducatis,
1254 4539 1466 4592 etiamsi
1500 4538 1675 4604 labor,

121 4621 307 4678 etiamsi
330 4626 570 4680 molestia
595 4628 663 4680 sit
689 4628 827 4696 quod
848 4631 1180 4698 proponitur.
1213 4630 1325 4685 Non
1343 4632 1501 4694 dixit,
1526 4632 1593 4689 IJt
1611 4649 1678 4690 ne

122 4711 425 4777 puuiamiui;
460 4715 544 4769 isti
572 4717 719 4772 enim
742 4718 821 4772 rei
851 4721 1171 4787 supplicium
1197 4733 1279 4775 est
1312 4726 1677 4791 propositum:

121 4803 243 4867 quod
290 4804 339 4858 in
387 4805 623 4875 Epistula
668 4808 734 4863 ad
779 4809 1086 4864 Corinthios
1131 4812 1412 4878 indicavit;
1449 4814 1543 4868 sed
1592 4815 1678 4870 hic

122 4893 237 4948 nihil
260 4897 517 4965 ejusmodi
539 4900 708 4965 dixit;
733 4902 851 4964 sed,
891 4902 956 4955 Ut
978 4905 1111 4968 sitis,
1136 4905 1315 4974 inquit,
1342 4908 1451 4961 sine
1468 4908 1677 4976 querela

120 4997 159 5037 et
184 4989 442 5059 simplices,
469 4994 566 5061 filii
603 4993 701 5049 Dei
723 4996 835 5050 sine
860 4999 1264 5065 reprehensione,
1296 5000 1348 5053 in
1388 5001 1553 5055 medio
1584 5017 1679 5053 na-

122 5079 252 5133 tionis
278 5099 446 5151 prava:
473 5096 518 5139 et
550 5101 811 5153 perversa,
844 5088 974 5141 inter
1012 5106 1136 5159 quos
1161 5089 1338 5145 ιιιτειὶε
1367 5091 1496 5145 sicut
1523 5092 1673 5146 lunai-

122 5171 246 5224 uaria
276 5175 334 5241 in
378 5177 590 5243 mundo,
629 5179 833 5233 verbum
876 5180 987 5235 vita:
1010 5183 1318 5237 continentes
1358 5183 1427 5236 ad
1460 5184 1676 5254 gloriam

122 5283 261 5323 nteant
285 5274 334 5326 in
364 5272 499 5327 diem
535 5273 721 5329 Christi
749 5276 769 5347 (
792 5277 845 5331 1.
878 5274 996 5331 Cor.
1034 5277 1121 5332 l0.
1152 5278 1218 5333 10
1242 5279 1289 5349 ).
1326 5278 1483 5335 Vides
1524 5280 1623 5336 hos
1642 5296 1673 5336 ει

122 5356 263 5413 I‘aulo
306 5364 509 5419 institui
541 5381 609 5420 ne
635 5355 1087 5422 obmurmurent'?
1116 5368 1207 5423 Est
1234 5384 1376 5423 cmui
1420 5371 1583 5441 iniqui
1611 5387 1673 5427 ac

120 5454 287 5517 ιιιψίιῆ
315 5455 453 5508 servi
481 5454 912 5512 olnnurmurarc.
960 5457 1159 5528 Ecquis
1184 5474 1327 5514 enim
1346 5500 1361 5523 ,
1403 5460 1488 5514 die
1519 5462 1670 5527 mihi,

122 5537 240 5595 titius
265 5555 364 5609 est,
394 5547 483 5616 qui
511 5546 565 5602 in
594 5540 747 5603 bonis
774 5549 1007 5618 paternis
1036 5550 1304 5616 laborans,
1352 5568 1412 5606 ac
1440 5552 1541 5607 sibi
1573 5554 1671 5622 ipsi

122 5628 330 5690 laborem
351 5639 589 5707 capiens,
611 5639 1017 5695 obmurmuret?
1044 5640 1250 5709 Cogita,
1270 5643 1461 5710 inquit,
1497 5656 1549 5700 te
1575 5646 1671 5701 tibi

120 5720 202 5789 ipsi
224 5726 479 5791 laborare,
500 5731 592 5785 tibi
613 5731 712 5803 ipsi
729 5734 1000 5803 colligere.
1018 5733 1232 5788 illorum
1250 5751 1379 5791 vero
1399 5739 1670 5807 proprium

121 5828 187 5871 est
211 5820 606 5878 obmurmurare
636 5822 726 5895 qui
752 5825 873 5881 aliis
898 5824 1161 5895 laborant,
1179 5826 1297 5882 aliis
1318 5828 1510 5884 sudant
1541 5843 1555 5881 :
1580 5824 1670 5897 qui

1063 395 1128 452 lN
1168 394 1383 451 ENST.
1426 394 1513 449 AD
1556 388 1841 446 PlllLlPP.
1880 390 2031 451 CAP.
2070 395 2134 457 ll.
2177 398 2406 456 “03111..
2454 404 2583 459 Vill.

3308 410 3415 464 9.59.

1833 520 2008 565 autem
2036 512 2135 567 sibi
2169 516 2279 583 ipse
2303 517 2521 586 coll-git,
2545 533 2640 571 cur
2662 517 3221 593 obmurtuumtiqumi
3244 528 3414 598 ipsius

1831 598 2032 655 divitia:
2059 620 2165 657 ttott
2196 609 2481 662 rrescunt?
2502 609 2716 662 Minime
2744 606 2793 665 id
2825 612 3058 677 quidem.
3093 614 3190 681 Qui
3221 631 3411 682 sponte

1834 695 1977 747 nulla
2024 696 2269 765 imposita
2317 703 2637 756 necessitate
2688 703 2830 769 facit,
2879 721 2975 758 cur
3003 707 3408 760 olunurmuratl

1830 785 2009 842 Satius
2055 801 2135 843 est
2180 791 2307 844 nihil
2351 808 2527 863 agere,
2576 810 2734 864 quam
2781 800 3164 852 tnurmnraudo
3205 815 3402 867 agt-re:

1830 895 1952 934 nam
1975 896 2028 933 Cl
2079 881 2178 937 hoc
2222 882 2415 951 ipsum,
2448 886 2586 954 quod
2632 887 2707 943 lit.
2743 888 2904 955 p-rit.
2952 893 3141 942 Annon
3175 889 3322 941 vides
3351 890 3403 939 in

1830 971 2068 1039 ipsismet
2096 975 2341 1029 domibus
2386 980 2585 1049 noui-is
2626 978 2741 1033 lure
2786 980 2939 1034 nobis
2982 998 3199 1050 semper
3229 985 3279 1035 in
3309 1000 3405 1035 ore

1826 1075 1947 1116 esse
1976 1080 1991 1115 :
2023 1062 2200 1119 Satius
2227 1075 2309 1119 est
2340 1066 2523 1120 lSll|:l.‘t!
2550 1068 2769 1122 minime
2820 1070 2930 1123 ﬁeri
2955 1110 2971 1133 ,
3001 1087 3159 1139 quam
3188 1072 3405 1124 obmur-

1825 1155 2084 1209 muratth
2117 1158 2270 1211 lieri?
2299 1177 2361 1211 ac
2406 1175 2548 1227 Sa-pe
2579 1165 2844 1214 malumus
2866 1211 2868 1213 .
2890 1164 3207 1224 ministerio,
3258 1164 3401 1231 quod

1825 1244 1978 1299 nobis
2001 1248 2304 1311 exhibetur,
2335 1266 2520 1305 carere
2542 1294 2566 1312 ..
2597 1270 2756 1323 quant
2788 1266 3207 1309 murium-antem
3242 1256 3401 1309 ferre.

1820 1334 2009 1391 Gravis
2032 1339 2174 1393 enim
2205 1355 2311 1406 res,
2341 1343 2516 1411 gravis
2543 1355 2625 1397 est
2652 1348 3026 1406 tttttrttturatio,
3047 1361 3108 1401 ac
3139 1362 3306 1417 prope
3331 1346 3400 1399 ad

1824 1428 2204 1498 blasphemiam
2251 1433 2455 1491 accedit
2485 1454 2498 1489 :
2532 1435 2730 1505 alioqui
2777 1452 2873 1490 cur
2924 1446 3129 1489 tantum
3183 1437 3251 1490 de
3295 1438 3400 1489 illis

1818 1525 2061 1595 Supplicii
2090 1538 2356 1595 sumptum
2379 1528 2594 1583 luisset?
2626 1529 2815 1582 \‘itium
2852 1530 2988 1581 istud
3025 1529 3398 1598 ingratianitni

1816 1623 1917 1665 est.
1946 1616 2046 1682 Qui
2074 1627 2387 1681 murmurat,
2420 1619 2658 1688 ingratus
2676 1629 2754 1673 est
2781 1635 2904 1688 erga
2931 1621 3093 1673 Deum
3121 1640 3131 1672 :
3160 1620 3247 1689 qtti
3273 1636 3399 1673 vero

1815 1720 1938 1777 erga
1982 1708 2145 1761 Deum
2194 1716 2431 1777 ingratus
2458 1720 2558 1773 est,
2595 1713 2833 1779 profecto
2863 1710 3209 1776 hIaSphemus
3234 1711 3396 1763 etiam

1814 1809 1917 1855 (ιιι.
1951 1800 2023 1854 Ac
2050 1815 2179 1855 sane
2205 1816 2272 1855 eo
2301 1803 2530 1856 maxime
2577 1813 2818 1872 tempore
2858 1804 3196 1858 continentes
3226 1812 3397 1857 tenta-

1816 1892 1987 1947 tiones
2012 1906 2185 1957 erant,
2229 1905 2282 1948 et
2331 1895 2627 1963 frequentia
2683 1897 2954 1964 pericula;
2998 1896 3141 1947 nulla
3169 1895 3396 1948 dabatur

1813 1988 2054 2053 requies,
2107 1988 2249 2041 nttlla
2300 1990 2570 2051 ee.~satio;
2603 1990 2835 2059 malique
2864 1990 3276 2045 innumerabilia
3307 1989 3390 2043 in-

1809 2082 2069 2149 gruebant
2102 2084 2237 2138 mala
2266 2101 2277 2137 :
2313 2099 2452 2138 nunc
2502 2100 2627 2139 \ero
2654 2076 2861 2138 summa
2910 2101 3008 2155 pax
3040 2101 3102 2140 ac
3131 2086 3391 2156 tranquil-

1811 2171 1951 2225 litas.

1880 2266 1932 2318 5.
1975 2266 2161 2319 Contra
2205 2280 2597 2322 murmurantes.
2628 2300 2695 2316 ρ-
2722 2269 2831 2323 Cur
2860 2270 3018 2339 igitur
3046 2271 3390 2325 murmuras?

1804 2358 1945 2424 quod
1978 2372 2180 2426 pauper
2222 2359 2464 2413 es?.Job
2496 2361 2643 2414 illum
2670 2362 2865 2429 Cogita.
2914 2361 3097 2415 Morbo
3142 2361 3390 2416 laboras?

1803 2449 1849 2518 Q
1890 2452 1938 2503 id
1963 2451 2122 2520 igitur
2147 2452 2366 2519 faceres,
2394 2454 2436 2506 si
2470 2464 2736 2508 tantorum
2765 2455 2857 2508 tibi
2887 2455 3149 2508 bonorum
3176 2468 3235 2507 ac
3262 2467 3387 2506 Satt-

1802 2550 1918 2594 cttts
1943 2542 2031 2595 ille
2059 2552 2432 2613 rectorumque
2460 2542 2717 2599 lin-torum
2745 2536 3013 2607 conscius,
3060 2544 3112 2598 in
3140 2544 3382 2597 morbum

1805 2634 2125 2688 incidisses?
2156 2635 2375 2691 Rursus.
2409 2636 2555 2691 illum
2612 2639 2809 2707 cogita,
2840 2638 2979 2706 quod
3033 2654 3126 2708 per
3170 2638 3383 2706 longum

1804 2734 2010 2793 tempus
2039 2739 2401 2796 perseveraret
2432 2746 2640 2784 vermes
2680 2732 2906 2800 pullatis,
2935 2732 2985 2783 in
3013 2742 3250 2785 stereore
3287 2745 3383 2784 se-

1800 2817 1953 2883 tlens,
1981 2819 2212 2873 scabiem
2242 2820 2457 2875 fricans.
2486 2821 2649 2875 Multo
2676 2834 2867 2887 autem,
2902 2822 3090 2893 inqttit,
3120 2822 3377 2893 interjecto

1800 2918 2039 2978 tempore,
2058 2910 2190 2962 (lira
2220 2911 2289 2963 ad
2314 2929 2426 2965 eum
2455 2916 2633 2966 mulier
2658 2930 2675 2967 :
2705 2916 2974 2980 Quousque
3000 2915 3153 2966 uteris
3181 2915 3376 2981 patien-

1797 3000 1866 3050 tia
1893 3002 2005 3062 ista,
2022 3018 2079 3054 ac
2101 3019 2270 3073 perges
2290 3003 2474 3067 dicere,
2494 3007 2671 3057 All/mc
2689 3007 2895 3072 paulum
2916 3007 3159 3071 quiddam
3187 3015 3378 3072 terripa-

1796 3091 1866 3143 ris
1895 3093 2165 3161 exsperto.’
2190 3091 2284 3145 Dic
2329 3096 2527 3147 verbum
2558 3096 2762 3163 aliquod
2787 3107 2962 3149 contra
2991 3096 3283 3160 Dominum,
3317 3113 3377 3149 ac

1796 3197 1986 3234 morere
2013 3183 2151 3252 (Job.
2180 3184 2215 3237 9.
2264 3185 2341 3254 9).
2375 3191 2441 3238 At
2474 3186 2613 3241 filius
2641 3187 2732 3240 tibi
2765 3188 2935 3241 obiit?
2962 3187 3095 3255 Quid
3129 3188 3303 3257 igitur,
3332 3190 3376 3241 si

1795 3286 1981 3326 orunes
2010 3274 2301 3336 amisisses,
2331 3287 2381 3328 et
2428 3278 2615 3330 acerba
2643 3279 2857 3347 quidem
2895 3290 3087 3341 morte,
3118 3281 3375 3348 quetuad-

1796 3362 2010 3416 modum
2047 3363 2173 3417 ille?
2201 3363 2378 3419 Nostis
2406 3368 2570 3433 enim,
2603 3368 2788 3431 nostis,
2812 3369 3049 3437 assidere
3072 3373 3376 3438 :egrotanti,

1793 3469 1855 3509 os
1893 3456 1971 3518 ori
1998 3455 2262 3522 conferre,
2306 3458 2492 3513 oculos
2516 3459 2786 3522 claudere,
2820 3471 3158 3516 contrectare
3188 3479 3374 3532 genus,

1792 3562 2038 3615 suprema
2084 3549 2269 3603 audire
2318 3552 2513 3615 verba;
2544 3563 2798 3621 quantum
2840 3554 3012 3607 solatii
3067 3554 3274 3607 olTerat.
3308 3557 3377 3607 At

1794 3639 1983 3694 horum
2033 3642 2179 3694 nullo
2222 3641 2469 3712 dignatus
2514 3653 2595 3697 est
2634 3643 2808 3710 justus
2861 3645 2984 3706 ille;
3036 3645 3131 3699 sed
3187 3661 3373 3697 omnes

1791 3731 1945 3804 simul
1978 3730 2152 3786 obruti
2178 3732 2557 3787 occubuerunt.
2595 3733 2659 3787 Et
2700 3733 2824 3803 quid
2871 3735 2983 3787 lure
3009 3735 3168 3787 «lien?
3194 3736 3236 3786 si
3260 3734 3373 3801 ipse

1785 3820 1967 3889 jussus
1992 3836 2139 3876 esses
2170 3821 2333 3876 ﬁlium
2362 3831 2508 3875 tuum
2535 3824 2861 3888 interimere,
2895 3835 2947 3877 et
2979 3825 3275 3885 iuuuolare.
3311 3836 3366 3877 et

1791 3913 2129 3968 eomhustum
2162 3922 2430 3981 spectare,
2459 3922 2513 3965 ut
2542 3914 2729 3967 beatus
2757 3913 2844 3967 ille
2884 3916 3215 3985 patriarcha,
3246 3915 3370 3983 quid

1790 4001 2045 4055 fecisses?
2071 4001 2166 4055 llle
2202 4012 2379 4055 autem
2407 4014 2609 4071 quanto
2644 4004 2824 4056 animo
2856 4020 2903 4058 et
2938 4008 3107 4059 altare
3135 4007 3371 4059 a-ditica-

1789 4091 1899 4156 bat,
1926 4102 1978 4145 et
2030 4093 2168 4161 ligna
2198 4092 2501 4161 imponebat
2528 4136 2540 4156 ,
2584 4105 2637 4147 et
2668 4096 2830 4147 liliqu
2863 4096 3100 4164 ligabat?
3132 4100 3198 4150 At
3239 4115 3370 4151 non-

1789 4182 1920 4235 nulli
1944 4190 2086 4244 suut,
2120 4182 2209 4253 qui
2241 4192 2291 4237 te
2319 4183 2575 4237 conviciis
2603 4186 3019 4239 consectentur?
3044 4186 3178 4254 Quid
3210 4188 3369 4257 igitur

1789 4271 1882 4326 tibi
1913 4273 2074 4326 animi
2101 4283 2264 4338 esset,
2295 4273 2338 4327 si
2372 4274 2483 4327 lucc
2506 4273 2692 4327 eadem
2717 4276 2784 4327 ab
2808 4276 3021 4340 amitis,
3052 4277 3139 4345 qui
3169 4294 3367 4330 conso-

1788 4361 1999 4415 lationis
2016 4377 2174 4415 causa
2194 4362 2553 4428 advenissent,
2573 4362 2782 4417 audires
2802 4362 2825 4413 ?
2846 4363 2975 4417 Nam
2995 4382 3132 4419 nunc
3155 4367 3364 4434 quidem

1786 4453 1952 4507 multa
1984 4452 2240 4507 habemus
2270 4464 2484 4523 peccata
2506 4496 2519 4516 ,
2549 4454 2778 4524 jureque
2810 4457 3019 4524 probris
3050 4441 3316 4513 allii-itiner
3352 4479 3361 4512 :

1785 4554 1911 4599 tunc
1942 4560 2067 4598 vero
2110 4545 2197 4599 ille
2223 4560 2399 4607 verax,
2430 4544 2624 4615 justus,
2676 4546 2814 4614 pius,
2844 4549 2931 4616 qui
2964 4564 3086 4604 se-e
3127 4550 3194 4603 ab
3218 4551 3364 4604 omni

1782 4638 2009 4693 crimine
2038 4637 2357 4701 abstinebat,
2389 4653 2545 4691 secus
2571 4640 2748 4692 omnia
2789 4640 2854 4693 ab
2884 4641 3069 4695 amicis
3094 4642 3361 4697 audiebat.

1782 4731 1920 4794 Quid
1955 4745 2099 4793 vero,
2127 4731 2213 4785 die
2246 4729 2393 4791 mihi,
2418 4731 2461 4783 si
2496 4731 2773 4785 mulierem
2810 4736 3226 4803 exprobrantem
3260 4752 3359 4791 at:-

1782 4825 1947 4891 dires,
1972 4842 2034 4881 ac
2058 4826 2345 4890 dicentem,
2377 4824 2489 4897 Ego
2518 4827 2662 4894 quasi
2714 4828 2935 4881 erratica
2966 4829 3199 4895 qua'dum
3250 4846 3358 4882 mu-

1782 4921 1875 4974 lier
1894 4931 1939 4974 et
1986 4920 2182 4991 {urnula
2211 4920 2376 4973 locum
2426 4936 2489 4973 et:
2538 4920 2667 4984 loco,
2716 4919 2920 4973 domum
2965 4937 3028 4974 ea:
3065 4922 3215 4974 domo
3257 4923 3361 4974 cir-

1782 5029 2088 5075 cumerrans,
2121 5012 2241 5066 solis
2268 5028 2499 5077 occasum
2531 5022 2845 5082 ert-spectans,
2878 5023 2931 5065 ut
2956 5031 2987 5065 α
3007 5013 3262 5066 doloribus
3286 5031 3362 5067 me

1784 5102 2004 5172 undique
2029 5103 2366 5172 prementibus
2393 5103 2698 5171 requiesrmn
2723 5102 2842 5172 (a)?
2886 5104 2992 5158 Cur
3031 5105 3128 5158 ista
3162 5105 3357 5180 inquis,

1783 5208 1817 5247 0
1844 5193 2029 5247 stolida
2051 5193 2074 5246 ?
2100 5209 2222 5247 num
2253 5193 2438 5247 harum
2465 5209 2643 5247 rerum
2677 5194 2767 5246 tibi
2799 5208 2959 5247 causa
2985 5203 3070 5247 est
3097 5196 3176 5246 vir
3198 5197 3221 5247 ‘l
3243 5194 3357 5248 Non

1784 5287 1892 5349 ille,
1926 5287 2018 5340 sed
2051 5285 2479 5349 diabolus-Dic,
2534 5285 2723 5352 inquit,
2765 5285 2965 5337 verbum
3007 5286 3213 5352 aliquod
3260 5287 3359 5337 atl-

1782 5394 1950 5431 ινα-ειη
1974 5377 2265 5441 Dominum,
2295 5386 2341 5429 et
2371 5393 2581 5429 morere.
2614 5376 2802 5429 Itane?
2831 5377 2873 5428 si
2904 5375 3229 5429 decumbens
3257 5376 3357 5431 huc

1782 5469 1981 5524 diceret
2015 5484 2078 5523 ac
2126 5480 2441 5533 moreretur,
2478 5468 2640 5522 tibine
2680 5469 2871 5521 melius
2910 5468 3087 5522 esset?
3116 5467 3232 5521 Non
3272 5479 3355 5521 est

1785 5560 2111 5614 morbusillo
2131 5560 2365 5630 gravior,
2397 5560 2556 5613 etiam
2588 5560 2634 5613 si
2664 5566 2946 5616 sexcentos
2972 5557 3180 5612 atl‘eras.
3214 5558 3359 5616 Tati:

1845 5716 1918 5777 (u)
1939 5716 2073 5772 "me,
2094 5716 2151 5763 ad
2175 5713 2348 5763 librum
2372 5715 2476 5763 .tobi
2495 5716 2809 5776 pertinentta.
2836 5713 2932 5777 noli
2955 5716 3002 5763 in
3027 5714 3179 5763 liiblia
3199 5714 3365 5763 Latins

1704 5822 1714 5831 ,
1783 5776 2036 5840 inquirere.
2060 5792 2071 5826 :
2098 5780 2145 5826 in
2170 5777 2335 5840 litlitis
2346 5777 2474 5840 enim
2498 5777 2810 5840 Gr:rcis_hbri
2828 5776 2937 5824 Jobi
2959 5777 3105 5825 multa
3126 5777 3364 5837 adjectitia

1786 5836 2063 5901 occurrunt,
2087 5851 2197 5904 qua-
2224 5840 2270 5886 in
2295 5836 2506 5888 Hebraeo
2532 5845 2580 5887 et
2604 5840 2653 5886 ia
2678 5836 2807 5900 Vulg
2824 5845 2885 5887 ,ω
2909 5851 3004 5888 non
3030 5853 3104 5899 rei
3123 5836 3359 5887 ertuutur.
