4064 6318
630 405 736 462 945

629 533 694 570 ac
721 526 898 572 tantus
918 530 1053 585 erat,
1085 530 1138 572 ut
1172 536 1239 574 ne
1264 519 1408 572 domi
1453 516 1668 586 quidem
1695 529 1756 569 ac
1795 511 1897 565 sub
1923 519 2065 562 tecto
2089 518 2201 558 ma-

631 620 762 659 nere
803 617 980 676 posset
1015 628 1028 662 :
1059 610 1180 663 talis
1218 618 1356 672 erat,
1412 616 1470 662 ut
1512 619 1701 659 omnes
1749 601 2060 655 deficerent.
2089 595 2203 649 Non

632 699 798 763 enim,
840 701 884 753 si
913 700 1074 754 ullam
1121 701 1426 756 admisisset
1475 697 1816 759 medicinam,
1843 701 1992 747 extra
2018 688 2203 742 urbem

635 788 856 846 sedisset
890 791 1143 846 deteriori
1169 791 1498 853 conditione,
1524 804 1682 858 quam
1727 785 1802 839 illi
1838 783 1926 853 qui
1950 778 2208 849 elephan-

635 879 754 931 tiasi
783 879 1043 934 laborant.
1074 879 1209 934 Nam
1233 879 1316 933 isti
1335 880 1549 948 quidem
1575 886 1629 930 et
1667 875 1856 928 domos
1896 869 2126 924 subeunt
2152 875 2208 921 et

637 968 774 1022 inter
800 984 861 1022 sc
885 979 1274 1040 congregantur
1298 986 1312 1021 :
1349 970 1438 1024 ille
1467 983 1598 1022 vero
1627 967 1728 1020 sub
1752 965 1842 1018 dio
1871 963 1925 1016 in
1968 971 2208 1016 stercore

637 1061 812 1115 nudus
851 1063 1219 1132 pertmctabat,
1274 1077 1336 1116 ac
1385 1077 1454 1116 ne
1499 1068 1703 1114 vestem
1726 1056 1937 1125 quidem
1985 1053 2210 1106 induere

637 1159 847 1218 [uiterat
880 1152 1188 1220 :quomodo
1234 1151 1424 1207 enim?
1456 1149 1584 1216 quiin
1614 1148 1774 1201 etiam
1830 1145 2058 1199 fortasse
2093 1156 2213 1197 cre-

636 1240 800 1294 visset
824 1240 1000 1295 dolor.
1027 1240 1253 1306 Hac-ero,
1282 1241 1470 1309 inquit,
1499 1240 1667 1310 glebas
1690 1248 1836 1290 teme
1862 1238 2052 1290 saniem
2074 1232 2211 1286 scrti-

638 1332 807 1400 pens(
832 1331 931 1385 Job
963 1334 1016 1387 7.
1049 1335 1146 1401 5).
1180 1334 1382 1388 Carnes
1429 1330 1596 1400 ipsius
1640 1328 1841 1382 saniem
1885 1341 1948 1381 ac
2004 1336 2214 1380 vermes

639 1421 1038 1485 scaturiebant,
1087 1422 1245 1492 idque
1297 1421 1531 1476 assidue.
1585 1417 1764 1473 Sentis
1801 1430 1958 1486 quam
1988 1416 2214 1483 quisque

640 1519 882 1562 nostrum
912 1511 1026 1563 ha-c
1051 1511 1272 1565 audiens
1298 1511 1595 1564 horrescat.
1621 1508 1775 1576 Quod
1815 1508 1861 1560 si
1886 1522 1946 1561 ea
1973 1513 2096 1558 sunt
2121 1518 2214 1556 au-

639 1597 751 1650 ditu
779 1598 1152 1660 intolerabilia,
1194 1610 1396 1670 quanto
1444 1600 1613 1668 magis
1649 1596 1939 1667 perpessu?
1966 1596 2215 1648 Attamen

641 1701 930 1754 perpessus
957 1688 1230 1756 estjustus
1257 1689 1348 1743 ille
1385 1704 1491 1743 non
1520 1704 1681 1741 unum
1727 1696 1820 1741 aut
1856 1685 2082 1739 alterum
2133 1682 2216 1737 vel

639 1779 856 1830 tertium
886 1778 1049 1844 diem,
1079 1779 1172 1833 sed
1203 1779 1426 1849 perdiu;
1456 1795 1556 1834 nec
1582 1779 1819 1848 peccavit
1843 1777 2129 1848 quidquam
2163 1777 2216 1831 in

641 1868 795 1923 labiis
832 1871 963 1924 suis.
1016 1871 1247 1942 Ecquem
1278 1871 1580 1941 hujusmodi
1627 1872 1872 1926 morbum
1897 1880 2050 1941 potes
2089 1869 2218 1924 mihi

641 1959 855 2024 aiiorre,
887 1970 964 2014 tot
992 1961 1249 2016 refertum
1276 1962 1584 2016 doloribus?
1621 1977 1799 2016 annon
1843 1963 1942 2017 istc
1981 1962 2221 2017 caaeitate

642 2048 880 2104 deterior
901 2062 1013 2105 erat
1039 2053 1062 2106 τ
1089 2053 1489 2108 Fmtidos’cnim
1512 2053 1686 2106 sentio
1703 2053 1850 2106 cibos
1875 2067 2023 2107 meos
2049 2067 2220 2120 neque

645 2139 746 2193 hoe
771 2141 965 2205 solum,
992 2143 1085 2197 sed
1110 2158 1280 2212 neque
1309 2144 1492 2206 etiam,
1521 2142 1663 2213 quod
1692 2143 1812 2196 aliis
1842 2143 1974 2197 solet
2005 2158 2216 2196 recrea-

643 2231 772 2285 tioui
802 2249 942 2298 esse,
967 2249 1070 2289 uox
1094 2244 1148 2290 et
1172 2249 1392 2289 somnus
1422 2234 1545 2289 huic
1567 2235 1855 2305 quidquam
1886 2234 2062 2289 solatii
2093 2233 2223 2289 alle-

646 2324 814 2388 rebat,
843 2324 939 2379 sed
984 2327 1177 2395 quovis
1220 2337 1489 2382 tormento
1528 2329 1744 2397 gravior
1784 2336 1900 2382 erat
1927 2346 1941 2381 :
1973 2327 2128 2398 idque
2154 2344 2219 2384 ex

649 2415 816 2483 ipsius-
841 2417 1019 2471 verb‘s
1056 2433 1343 2487 Cognosce.
1376 2419 1478 2474 Cur
1509 2430 1664 2474 terres
1702 2437 1780 2473 me
1809 2437 1897 2489 per
1929 2423 2147 2484 somnia,
2176 2431 2227 2476 et

649 2522 736 2574 per
767 2506 980 2559 risiones
1005 2523 1177 2562 errore
1217 2510 1484 2562 concutis?
1517 2507 1644 2564 Cum
1692 2511 1891 2563 advenit
1918 2512 2222 2578 diluculum,

649 2596 783 2660 dico,
811 2597 1025 2662 Quando
1046 2600 1274 2652 adveniet
1301 2617 1504 2668 vespera
1529 2602 1546 2671 (
1576 2602 1674 2654 Job
1700 2603 1749 2657 7.
1784 2603 1870 2657 Η.
1917 2602 2014 2673 4)?
2045 2606 2119 2657 Ac
2149 2613 2228 2657 tot

651 2689 914 2758 tantisque
964 2692 1115 2744 malis
1156 2692 1378 2745 allectus
1426 2709 1532 2747 non
1577 2693 2014 2748 obmurmuravit.
2045 2693 2228 2763 Neque

655 2794 785 2833 vero
813 2779 864 2832 id
892 2780 1066 2834 solum
1089 2783 1346 2836 molestia:
1376 2783 1585 2847 inerat;
1611 2783 1703 2837 sed
1729 2784 1887 2838 etiam
1907 2784 2040 2837 mala
2067 2800 2226 2853 quam

652 2868 806 2923 multi
827 2870 896 2922 de
922 2871 1036 2939 ipso
1063 2883 1420 2940 conceperant
1446 2873 1630 2941 opinio
1660 2891 1674 2928 :
1704 2889 1826 2928 nam
1852 2889 1920 2928 ex
1953 2875 2228 2928 calamita-

629 2959 814 3024 -tibus,
836 2976 954 3028 qua:
981 2961 1052 3014 illi
1081 2961 1407 3027 acciderant,
1434 2974 1806 3020 sescentorum
1812 2963 1921 3033 jam
1944 2965 2226 3019 criminum

653 3065 803 3103 reum
828 3051 1206 3105 existimabant
1238 3053 1417 3122 :quod
1465 3062 1520 3108 et
1559 3055 1607 3108 ei
1646 3054 1890 3109 dicebant
1918 3055 2096 3119 amici,
2128 3055 2227 3109 Mi-

652 3157 784 3196 nora
834 3143 1062 3212 peccantis
1112 3147 1216 3199 tuis
1261 3143 1467 3215 ﬂagella
1521 3161 1709 3214 passus
1733 3162 1790 3200 es
1836 3146 1983 3217 (Job
2009 3148 2095 3202 ll.
2123 3146 2225 3218 6).

654 3232 1010 3300 Quamobrem
1035 3243 1089 3290 et
1116 3235 1229 3304 ipse
1251 3235 1483 3302 dicebat,
1517 3237 1578 3288 Et
1604 3249 1803 3290 monent
1838 3255 1916 3291 me
1943 3239 2107 3306 inﬁmi
2131 3240 2229 3291 Ito-

653 3328 835 3388 mincs,
863 3343 986 3395 quos
1014 3327 1222 3380 canibus
1251 3337 1505 3390 pastorum
1549 3344 1767 3381 meorum
1811 3330 2232 3399 mininte‘dignos

654 3415 1016 3469 existimassem
1056 3417 1074 3484 (
1102 3415 1201 3468 Job
1250 3416 1387 3470 30.!
1424 3415 1463 3485 ).
1495 3418 1633 3483 Quot
1677 3419 1934 3472 mortibus
1962 3436 2067 3473 non
2117 3431 2232 3474 er..t

657 3505 794 3558 istud
821 3506 1079 3574 gravius?
1113 3506 1484 3562 \‘crtuutamen
1515 3508 1674 3561 tantis
1709 3507 1940 3578 undique
1983 3508 2232 3564 ﬂuctibus

657 3611 898 3664 pressus,
926 3610 990 3650 ac
1026 3606 1132 3649 tam
1163 3612 1304 3650 sawa
1335 3596 1567 3664 undique
1607 3599 1884 3667 ingruente
1915 3610 2233 3667 tempestate

663 3685 719 3739 in
746 3686 938 3739 mediis
959 3686 1210 3750 nubibus,
1250 3687 1517 3755 procellis,
1551 3686 1884 3756 fulminibus,
1931 3690 2233 3747 turbinibus

656 3793 720 3831 ac
743 3776 1034 3831 vorticibus
1075 3786 1253 3832 manet
1295 3778 1410 3847 ipse
1435 3778 1705 3853 immotus,
1737 3780 1788 3835 iu
1819 3789 1964 3836 tanta
2001 3790 2220 3853 tauutue

659 3869 804 3938 gravi
848 3879 1165 3938 tempestate
1191 3910 1206 3932 .
1239 3869 1462 3938 perinde
1491 3879 1651 3940 atque
1678 3851 1732 3925 in
1763 3871 1972 3940 placido
1998 3851 2231 3943 quodam

663 3969 818 4030 portu
847 3959 1060 4030 quietus
1103 3959 1320 4023 sedens,
1369 3975 1541 4030 neque
1581 3961 2044 4022 ohnmrmuravit-z
2073 3973 2237 4034 atque

663 4052 778 4107 lucc
803 4060 930 4107 ante
950 4052 1132 4121 gratia:
1163 4063 1394 4121 tempus,
1416 4060 1700 4121 antequam
1729 4051 1797 4108 de
1817 4055 2231 4122 resurrectione,

663 4144 733 4198 de
750 4143 1017 4212 gehenna,
1044 4143 1112 4197 de
1133 4157 1308 4212 paena,
1337 4142 1406 4196 de
1429 4143 1691 4212 supplicio
1715 4143 2002 4215 quidquam
2031 4143 2233 4203 dictum

660 4241 824 4287 esset.
844 4231 952 4286 Nos
972 4247 1120 4297 vero,
1143 4232 1234 4301 qui
1259 4239 1314 4286 et
1338 4231 1624 4301 prophetas
1647 4240 1702 4287 et
1719 4235 1990 4303 apostolos
2011 4245 2065 4290 et
2084 4250 2239 4290 evan-

662 4326 880 4394 gelistas
925 4323 1171 4378 audimus
1198 4364 1214 4387 ,
1253 4333 1309 4379 et
1361 4333 1612 4378 sexcenta
1662 4329 1931 4381 cernimus
1970 4328 2236 4396 exempla,

664 4426 825 4486 atque
852 4431 914 4469 ea
940 4455 957 4480 ,
990 4430 1111 4484 qua:
1137 4416 1589 4470 resurrectionem
1617 4415 1775 4472 nobis
1798 4415 2130 4484 exploratam
2161 4416 2240 4470 fa-

663 4506 1150 4572 ciunt,didicimus,
1176 4507 1350 4561 adhuc
1371 4523 1511 4578 agre
1532 4507 1750 4563 ferimus
1781 4526 1794 4562 :
1817 4509 2058 4578 quamvis
2081 4526 2239 4564 neino

665 4601 757 4667 sit,
787 4601 878 4670 qui
906 4609 982 4654 tot
1006 4614 1069 4655 ac
1096 4607 1240 4654 tanta
1270 4599 1370 4653 sibi
1401 4601 1538 4654 mala
1563 4601 1822 4657 accidisse
1850 4612 2010 4670 queat
2031 4601 2234 4656 dicere.

668 4690 800 4746 Nam
827 4691 1036 4745 tametsi
1065 4691 1185 4760 quis
1209 4691 1466 4761 pecunias
1491 4692 1690 4757 amisit,
1720 4701 1776 4745 at
1821 4708 1927 4746 non
1967 4702 2052 4747 tot
2101 4693 2241 4748 ﬁlios

669 4780 943 4849 ﬁliasque;
970 4795 1032 4834 ac
1059 4781 1104 4834 si
1134 4781 1334 4848 amisit,
1363 4781 1586 4837 fortasse
1608 4781 1751 4852 quod
1783 4785 2081 4852 peccaverit
2106 4802 2118 4837 :
2153 4784 2242 4839 ille

668 4884 799 4925 vero
828 4880 1047 4939 repente
1085 4871 1137 4925 in
1165 4870 1356 4926 mediis
1379 4871 1676 4936 sacriﬁciis,
1699 4871 1793 4928 illo
1821 4873 1937 4943 ipso
1969 4885 2228 4943 tempore.

669 4962 798 5018 dum
823 4963 1120 5019 deserviret
1148 4973 1201 5019 ct
1228 4965 1430 5019 cultum
1462 4965 1718 5038 tribueret
1746 4965 1876 5020 Deo.
1905 4965 2055 5031 Quod
2100 4966 2145 5019 si
2176 4968 2237 5017 ti-

671 5055 796 5119 lios,
825 5069 888 5109 ac
917 5055 1129 5111 divitias
1171 5058 1327 5112 simul
1355 5065 1528 5111 tantas
1547 5097 1564 5121 ,
1592 5055 1732 5126 quod
1765 5057 1846 5110 vix
1878 5055 1994 5111 ﬁeri
2026 5065 2235 5126 potest;

669 5155 722 5198 at
751 5156 856 5201 non
880 5162 976 5216 per
1018 5156 1187 5201 totum
1215 5161 1412 5217 corpus
1437 5146 1705 5202 ulceribus
1729 5155 1897 5202 scatet
1926 5160 1990 5202 ac
2033 5148 2238 5201 saniem

671 5235 914 5291 clluudit.
940 5235 1092 5303 Quod
1113 5238 1156 5290 si
1180 5236 1281 5291 hoc
1304 5250 1516 5306 quoque
1539 5268 1556 5302 ,—
1582 5246 1636 5293 at
1662 5251 1767 5290 non
1797 5235 2113 5291 insultantes
2140 5251 2240 5289 na-

672 5336 791 5381 ctus
813 5337 894 5381 est
916 5339 1076 5398 atque
1112 5329 1496 5398 exprobrantes
1528 5347 1542 5382 :
1571 5329 1712 5398 quod
1741 5330 1955 5397 quidem
2000 5331 2238 5383 omnium

671 5418 901 5474 maxime
927 5435 1023 5475 nos
1054 5436 1286 5490 pungere
1330 5423 1627 5487 consuevit,
1671 5423 1943 5494 magisque
1966 5437 2126 5492 qustu
2153 5437 2243 5477 ca-

673 5508 939 5565 lamitates
984 5511 1135 5580 ipsa.
1166 5509 1400 5573 Etenim.
1447 5510 1493 5566 si
1523 5511 1610 5565 ubi
1654 5511 1707 5566 in
1751 5511 1906 5568 malis
1933 5510 2126 5567 adsunt
2151 5512 2240 5582 qui

675 5616 774 5656 nos
797 5603 1140 5658 consolentur
1162 5617 1227 5658 ac
1266 5602 1504 5658 dolorem
1534 5601 1755 5668 leniant,
1786 5602 2059 5674 bonasque
2087 5598 2242 5659 nobis

668 5707 793 5761 spes
819 5693 1075 5762 iujieiant,
1108 5704 1286 5749 tamen
1312 5692 1449 5749 adeo
1485 5693 1778 5763 frangimur
1813 5701 1976 5764 atque
2002 5694 2238 5749 animum

667 5780 1103 5854 despondemus:
1132 5784 1304 5855 cogita
1331 5794 1584 5857 quantum
1638 5783 1766 5840 illud
1811 5783 2008 5854 fuerit,
2040 5799 2237 5858 expro-

1335 403 1392 459 s.
1431 399 1705 454 massis
1739 391 2214 452 cunvsosrout
2255 389 2571 445 ARCIIIEP.
2599 390 3128 448 coxsnu'nuoe.

3795 394 3906 450 εει

2314 501 2532 559 brantes
2557 503 2773 561 habere.
2796 506 2854 562 Si
2887 508 3038 574 illud,
3070 508 3308 563 Sustinui
3330 507 3417 577 qui
3443 509 3603 563 simul
3626 510 3877 562 coutiisla

2309 603 2468 660 retur,
2495 605 2542 648 et
2586 613 2684 650 non
2711 600 2844 668 fuit;
2892 611 2938 653 et
2970 600 3059 670 qui
3097 600 3461 663 consolaretur,
3493 611 3541 654 et
3579 618 3680 654 non
3727 599 3913 654 int-eui

2312 684 2485 751 (Psal.
2517 685 2605 740 68.
2635 687 2751 758 ΩΙ).
2784 705 2948 756 grave
2976 699 3137 759 atque
3161 689 3498 746 intolerabile
3526 701 3640 745 erat
3677 708 3691 744 :
3718 707 3905 760 quao-

2312 783 2423 830 tum
2453 778 2669 834 tandem
2700 781 2823 834 mali
2860 783 2961 836 erit
2991 797 3090 852 pro
3127 782 3530 838 consolantibus
3573 783 3811 837 incidere
3845 783 3907 834 iu

2312 868 2740 935 exprobrantes:
2772 871 3144 938 Consolatores,
3184 874 3375 944 inquit,
3426 875 3673 928 malorum
3719 890 3908 927 omnes

2315 956 2456 1028 (Job.
2487 959 2676 1032 16.2).

2385 1049 2438 1103 ι.
2470 1048 2524 1103 Si
2562 1049 2676 1104 luce
2705 1051 2916 1107 assidue
2941 1044 3294 1118 versaremns,
3321 1056 3364 1110 si
3395 1055 3507 1110 haec
3536 1071 3777 1110 cssmuus
3802 1073 3904 1109 ra-

2315 1138 2580 1203 tiociuati,
2622 1141 2764 1193 nulla
2811 1157 2940 1197 sane
2986 1147 3324 1212 praesentium
3367 1163 3543 1200 rerum
3582 1147 3768 1202 dolore
3798 1161 3909 1199 nos

2316 1227 2612 1292 affecisset,
2642 1233 2694 1283 in
2726 1231 2875 1285 illum
2905 1233 3177 1290 intuentes
3200 1237 3488 1303 athletam,
3518 1238 3568 1292 in
3599 1239 3906 1292 adamanti—

2318 1334 2439 1372 nam
2469 1320 2612 1374 illam
2639 1322 2903 1387 animam,
2931 1325 2982 1378 in
3011 1335 3245 1380 mentem
3289 1328 3432 1381 illam
3469 1343 3672 1382 aeneam
3695 1339 3748 1382 ct
3775 1345 3904 1398 qua

2318 1409 2485 1480 frangi
2529 1428 2633 1466 non
2665 1425 2842 1493 posset
2873 1432 2886 1468 :
2921 1416 3140 1484 perinde
3165 1419 3315 1487 quasi
3343 1435 3484 1473 aereo
3503 1461 3521 1484 ,
3560 1421 3641 1473 vel
3686 1421 3909 1490 lapideo

2317 1514 2543 1570 corpore
2566 1502 2925 1559 circumdatus
2943 1515 3109 1572 esset,
3137 1508 3206 1561 ita
3233 1511 3406 1564 omnia
3431 1525 3690 1581 generose
3713 1527 3778 1565 ac
3808 1527 3907 1581 pa.

2321 1592 2514 1646 tienter
2536 1591 2759 1650 ferebat.
2785 1595 2908 1651 Haec
2928 1599 3244 1668 cogitantes,
3265 1601 3443 1655 ouuiia
3468 1602 3586 1657 sine
3607 1619 3907 1658 murmura-

2321 1671 2554 1735 tiouibus
2580 1694 2739 1753 atque
2774 1685 3110 1744 haesitatione
3153 1689 3426 1744 faciamus.
3467 1691 3597 1746 Boni
3628 1692 3905 1762 quidpiam

2321 1769 2482 1836 facis,
2522 1786 2585 1825 ac
2619 1777 2956 1829 murmuras?
2993 1780 3129 1832 cur?
3167 1797 3290 1834 num
3336 1780 3472 1836 forte
3511 1783 3755 1852 imposita
3805 1784 3905 1838 tibi

2323 1862 2612 1916 necessitas
2639 1874 2722 1918 est
2741 1867 2766 1918 ?
2803 1865 2954 1932 Novi,
2984 1868 3178 1937 inquit,
3208 1871 3422 1933 multos.
3453 1874 3542 1940 qui
3572 1874 3770 1927 circum
3806 1889 3908 1928 vos

2323 1962 2467 2018 sunt,
2498 1969 2592 2007 vos
2618 1970 2755 2024 pene
2779 1972 2972 2026 cogere
3003 1970 3055 2012 ut
3086 1962 3428 2016 munuuretis
3453 1962 3582 2030 (hoc
3608 1966 3748 2017 cnim
3775 1965 3910 2018 sub-

2325 2044 2519 2100 iudicat
2547 2047 2651 2102 illis
2675 2049 2871 2115 verbis,
2897 2049 2964 2103 In
2991 2051 3158 2105 medio
3186 2055 3403 2107 nationis
3431 2071 3600 2123 praete
3627 2066 3672 2108 et
3698 2072 3905 2122 pert-er-

2323 2138 2417 2203 stc)
2443 2153 2456 2188 :
2483 2145 2537 2189 at
2559 2137 2659 2192 hoc
2685 2137 2897 2192 demum
2926 2140 3241 2197 admirabile
3269 2153 3369 2203 est.
3395 2159 3567 2212 neque
3591 2145 3750 2201 etiam
3776 2161 3906 2199 cum

2326 2227 2576 2298 pungaris
2601 2239 2760 2298 atque
2790 2230 3080 2301 impellaris
3099 2273 3116 2298 ,
3139 2248 3207 2287 eo
3233 2233 3448 2288 adduci.
3487 2234 3621 2289 Nam
3646 2245 3701 2289 ct
3728 2235 3906 2290 sidera

2327 2320 2381 2375 in
2408 2332 2563 2376 noete
2589 2321 2808 2391 fulgent,
2839 2324 2892 2376 in
2920 2325 3155 2379 tenebris
3181 2325 3446 2389 emicant;
3473 2335 3782 2395 tantumque
3807 2327 3910 2380 ab.

2327 2421 2409 2465 est
2429 2452 2444 2474 ,
2470 2421 2527 2465 ut
2550 2413 2706 2466 ullam
2735 2413 3138 2482 pulchritudinis
3163 2430 3274 2469 sua:
3308 2415 3570 2483 iacturam
3599 2416 3822 2479 faciant,
3849 2425 3910 2471 ut

2327 2501 2686 2568 splendidiora
2709 2503 2868 2558 etiam
2889 2514 3180 2574 appareant
3201 2524 3215 2560 :
3235 2505 3320 2559 ubi
3339 2507 3480 2560 enim
3503 2507 3589 2560 lux
3607 2507 3906 2575 advenerit,

2330 2609 2436 2646 non
2474 2610 2625 2663 aeque
2668 2604 2949 2664 apparent.
2988 2594 3062 2651 Ita
3101 2595 3261 2651 etiam
3285 2605 3362 2661 tu,
3385 2596 3431 2651 si
3458 2597 3600 2651 inter
3623 2612 3909 2667 perversos

2331 2685 2574 2741 homines
2618 2695 2794 2741 rectus
2836 2688 3124 2753 manseris,
3163 2688 3366 2743 lucebis
3406 2688 3605 2760 magis,
3643 2689 3911 2760 longeque

2328 2778 2694 2830 admirabilius
2735 2779 2835 2831 erit
2879 2779 2995 2833 sine
3037 2778 3449 2846 reprehensione
3489 2794 3629 2834 esse.
3672 2779 3813 2849 Ergo
3841 2795 3910 2834 ne

2331 2867 2432 2921 lioc
2455 2867 2701 2932 all'craut,
2733 2883 3002 2937 occupans
3037 2869 3149 2937 ipse
3183 2868 3234 2923 id
3261 2869 3457 2923 attulit.
3479 2869 3616 2938 Quid
3639 2879 3743 2933 est,
3776 2868 3909 2922 Ver-

2331 2959 2446 3011 bum
2487 2960 2600 3012 sine
2645 2959 2993 3013 continentes?
3035 2958 3088 3012 Id
3123 2970 3231 3023 est,
3268 2961 3356 3030 qui
3393 2960 3461 3014 ad
3499 2959 3661 3014 vitam
3698 2961 3910 3016 venturi

2331 3053 2480 3114 estis,
2509 3051 2597 3120 qui
2627 3065 2690 3103 ex
2719 3065 2942 3104 numero
2964 3066 3148 3104 eorum
3174 3051 3324 3115 estis,
3351 3051 3439 3119 qui
3466 3049 3689 3104 salutem
3711 3065 3913 3105 conse-

2331 3156 2582 3213 quuntur.
2627 3142 2762 3197 Vide
2809 3157 2966 3212 quam
3011 3145 3266 3196 continuo
3303 3142 3587 3211 subjecerit
3632 3142 3852 3211 pra-mia
3894 3161 3908 3196 :

2334 3234 2658 3297 Lumiuaria,
2690 3233 2878 3302 inquit,
2909 3233 3170 3288 rationem
3197 3249 3260 3287 ac
3287 3233 3586 3287 facultatem
3623 3233 3755 3287 locis
3779 3248 3915 3285 con-

2335 3327 2524 3379 tinent.
2553 3322 2687 3389 Quid
2725 3332 2828 3387 cst,
2868 3322 3079 3376 Verbum
3109 3323 3262 3377 vita?
3290 3321 3484 3377 Semen
3523 3323 3644 3375 vitae
3679 3323 3732 3375 in
3761 3322 3915 3377 vobis

2336 3415 2572 3479 habetis,
2619 3414 2719 3467 hoc
2761 3423 2872 3478 eat,
2901 3414 3121 3483 p‘gnora
3158 3423 3215 3468 et
3247 3429 3432 3468 semen
3463 3415 3582 3468 vita:
3616 3413 3910 3467 habentes:

2335 3508 2437 3563 hoc
2465 3516 2618 3563 vocat
2655 3508 2874 3563 verbum
2909 3508 3050 3562 vita.
3081 3508 3219 3577 Ergo
3245 3508 3424 3562 exteri
3451 3521 3638 3561 omnes
3673 3507 3868 3560 mortui
3897 3522 3914 3562 :

2338 3601 2390 3655 id
2412 3604 2554 3656 enim
2580 3601 2755 3655 verbis
2782 3600 2898 3654 istis
2923 3601 3174 3656 iudicavit
3201 3617 3216 3653 :
3243 3601 3477 3667 ali0quiu
3502 3611 3554 3653 et
3579 3599 3668 3654 alii
3690 3600 3916 3654 verbum

2337 3693 2458 3746 vita:
2491 3693 2901 3746 continuissent.
2939 3690 3021 3743 Ad
3053 3691 3299 3761 geriem,
3329 3691 3532 3760 inquit,
3563 3707 3745 3743 nteant.
3777 3690 3917 3757 Quid

2338 3781 2442 3838 hoc
2462 3782 2588 3838 est?
2613 3781 2682 3835 Et
2703 3797 2824 3852 ego,
2848 3781 3039 3850 inquit,
3065 3769 3326 3851 particeps
3354 3796 3473 3836 sum
3496 3791 3792 3836 vestrorum
3818 3782 3919 3835 bo-

2338 3889 2552 3929 norum.
2574 3871 2743 3927 Tanta
2762 3880 2848 3927 est
2869 3881 3045 3927 seatra
3072 3871 3262 3938 virtus,
3284 3881 3337 3925 ut
3362 3886 3467 3926 non
3493 3871 3665 3926 solum
3690 3872 3919 3925 salutem

2337 3962 2428 4018 det
2456 3961 2606 4017 vobis
2629 4003 2646 4028 ,
2675 3961 2768 4015 sed
2797 3976 2881 4015 me
2907 3960 3068 4015 etiam
3091 3959 3294 4015 clarum
3321 3959 3497 4016 faciat.
3523 3960 3779 4029 Qtneuam
3803 3961 3920 4031 glo-

2340 4055 2439 4117 ria,
2465 4069 2498 4108 o
2523 4053 2674 4108 beate
2701 4053 2903 4108 Paule?
2933 4052 3180 4123 Flagellis
3203 4053 3447 4121 czederis,
3464 4054 3774 4124 expelles-is,
3789 4070 3922 4109 con-

2342 4145 2574 4199 tumcliis
2605 4143 2834 4198 afficeris
2872 4152 3053 4197 nostra
3080 4159 3238 4199 causa
3269 4161 3283 4196 :
3313 4153 3592 4215 propterea
3619 4144 3822 4214 inquit,
3852 4144 3921 4198 lu

2341 4235 2474 4288 diem
2505 4233 2713 4298 Christi,
2737 4235 2856 4304 quia
2887 4250 2987 4287 non
3017 4235 3069 4287 in
3099 4250 3310 4289 uacuum
3329 4235 3549 4297 cucurri.
3573 4251 3731 4305 neque
3756 4237 3808 4289 iu
3843 4253 3924 4290 u-

2340 4342 2492 4382 cuum
2531 4326 2755 4380 laboravi
2777 4325 2916 4388 {sed
2945 4340 3159 4394 semper
3186 4335 3268 4380 est
3296 4325 3436 4382 unde
3475 4309 3672 4395 glorier
3701 4344 3788 4382 me
3813 4343 3921 4384 non

2344 4420 2536 4475 frustra
2567 4419 2888 4479 cucurrisse.
2918 4419 3004 4473 Π.
3031 4416 3138 4473 Sed
3181 4419 3276 4472 etsi
3324 4418 3577 4473 immolor.
3605 4418 3719 4473 Non
3746 4418 3921 4483 dixit.

2341 4511 2504 4566 etiam
2527 4509 2572 4566 si
2594 4509 2790 4565 moriar
2810 4528 2822 4565 :
2842 4509 3288 4580 quemadmodum
3306 4525 3477 4581 neque
3495 4509 3560 4563 ad
3580 4509 3923 4565 Timotheum

2343 4603 2581 4657 scribens
2605 4619 2620 4666 ;
2653 4617 2774 4656 nam
2803 4612 2854 4655 et
2886 4600 2956 4655 ibi
2989 4600 3176 4655 eadem
3201 4600 3350 4663 dicit,
3378 4601 3492 4671 Ego
3515 4601 3648 4654 enim
3675 4602 3791 4672 join
3820 4602 3922 4654 itu-

2344 4695 2507 4747 rnolor
2534 4693 2610 4765 (2.
2645 4676 2776 4746 Tim.
2806 4692 2858 4747 4.
2889 4691 2980 4760 6).;
3013 4693 3204 4760 partim
3249 4692 3533 4747 consolans
3573 4693 3696 4748 illos
3729 4693 3797 4746 de
3825 4708 3923 4747 sua

2345 4786 2512 4855 ipsius
2532 4794 2726 4847 morte,
2751 4785 2939 4853 Furtim
2969 4783 3248 4840 instituens
3269 4793 3325 4836 ut
3345 4792 3570 4838 mortem
3593 4798 3690 4853 pro
3710 4783 3925 4838 Christo

2346 4875 2619 4930 moderate
2663 4874 2852 4929 ferunt.
2885 4873 3106 4928 Victima
3125 4915 3141 4938 ,
3170 4875 3369 4944 inquit,
3396 4874 3639 4944 qua-dam
3665 4883 3721 4930 et
3751 4875 3924 4931 hostia

2345 4965 2534 5021 evado.
2561 4966 2606 5021 0
2633 4966 2839 5020 beatam
2877 4965 3144 5021 animam!
3177 4966 3413 5022 llostiam
3442 4975 3596 5022 vocat
3637 4964 3927 5023 institutio-

2347 5072 2468 5112 ncnt
2510 5057 2736 5112 illorum.
2771 5054 2935 5110 Multo
2976 5054 3143 5110 satius
3173 5055 3448 5114 immolare
3479 5055 3734 5120 animam,
3764 5070 3923 5126 quam

2351 5148 2539 5202 bovem
2570 5147 2868 5221 immolare.
2899 5144 3236 5218 Quapropter
3259 5146 3303 5202 si
3341 5147 3393 5201 in
3422 5145 3524 5202 hoc
3549 5145 3810 5201 sacriﬁcio
3838 5161 3928 5200 me

2348 5239 2519 5309 ipsum
2562 5236 2864 5300 tradidero.
2909 5236 3111 5307 inquit,
3148 5235 3299 5307 quasi
3337 5235 3640 5315 victimam;
3683 5235 3922 5306 gaudeo,

2348 5331 2554 5400 inquit,
2582 5327 2652 5384 de
2693 5342 2809 5383 mea
2851 5335 3024 5383 morte
3053 5345 3067 5380 :
3094 5326 3198 5382 hoc
3225 5328 3366 5383 enim
3399 5327 3688 5382 ista‘verha
3725 5327 3928 5398 signiti-

2347 5431 2492 5485 caut,
2521 5419 2696 5489 Supra
2716 5419 3022 5488 sacri/icium
3043 5428 3091 5472 et
3113 5419 3402 5489 obsequium
3421 5419 3539 5489 ﬁdei
3567 5428 3763 5480 vestra.
3787 5435 3924 5488 gau-

2347 5510 2441 5565 deo
2460 5519 2508 5564 et
2531 5512 2854 5580 congratulor
2881 5508 3110 5563 omnibus
3132 5509 3269 5566 vobis
3292 5523 3314 5563 :
3341 5508 3428 5570 i8.
3446 5510 3666 5580 idipsurn
3686 5519 3854 5562 sum
3880 5517 3928 5562 et

2348 5617 2434 5656 vos
2476 5601 2689 5672 gaudete
2729 5608 2778 5654 et
2817 5599 3237 5670 ‘cougrstulautini
3284 5599 3428 5654 mihi.
3457 5597 3595 5668 Quid
3633 5609 3925 5668 congratu-

2348 5693 2516 5768 laris?
2539 5691 2698 5748 Vides
2724 5692 2994 5765 quomodo
3015 5692 3262 5750 ostendat
3283 5690 3619 5769 gaudendum
3639 5688 3748 5746 illis
3766 5689 3929 5745 esse?

2332 5783 2566 5842 Gaudeo
2594 5785 2771 5857 igitur,
2803 5777 3110 5856 inquit,”
3137 5783 3366 5841 libamen
3401 5780 3552 5850 ﬁeri;
3580 5779 3932 5852 eoth
