4064 6318
142 366 254 423 243

145 489 336 536 autem
354 478 499 550 quod
527 479 683 535 simul
711 477 1029 534 sacrificium
1052 477 1293 531 oll'eram.
1319 475 1554 546 Idipsum
1575 483 1741 527 autem

144 583 194 626 et
235 589 331 627 vos
371 573 583 644 gaudete
617 583 666 626 et
708 570 1132 641 congratulamini
1159 570 1315 635 mihi,
1352 568 1493 639 quod
1531 568 1743 623 oblatus

145 685 293 724 sum.
318 669 793 740 Congratulamini,
817 669 1005 738 inquit,
1025 667 1151 722 mihi
1176 667 1228 720 in
1246 682 1361 724 mea
1385 667 1551 737 ipsius
1571 677 1744 722 morte

144 761 432 830 gaudenti.
477 761 596 816 Non
638 761 796 831 igitur
839 760 1088 831 lacrymis
1125 759 1318 830 dignus
1353 768 1438 814 est
1474 759 1740 830 iustorum

146 851 356 914 obitus,
385 851 477 906 sed
510 851 711 904 laetitia.
741 850 795 906 Si
837 850 936 920 ipsi
976 849 1224 917 gaudent,
1259 848 1594 920 gaudendum
1619 864 1740 904 cum

148 945 286 1011 ipsis
315 954 395 998 est
427 960 440 996 :
468 944 758 998 absurdum
786 946 926 998 enim
954 942 1110 997 fuerit
1136 942 1488 1013 gaudentibus
1517 942 1620 996 illis
1645 957 1742 997 nos

148 1035 357 1105 iugere.
391 1035 495 1090 Sed
526 1036 966 1090 Consuetudinem
995 1034 1337 1105 requirimus,
1367 1035 1556 1105 inquit.
1583 1034 1745 1089 Com-

148 1138 336 1180 menta
370 1126 552 1180 istha‘c
578 1136 702 1181 sunt
741 1137 794 1182 et
833 1135 1122 1196 praetextas
1153 1148 1166 1180 :
1201 1127 1325 1181 vide
1346 1168 1358 1190 ,
1387 1127 1513 1195 quid
1546 1128 1743 1184 Paulus

146 1220 443 1275 admoiieat
491 1220 896 1290 Philippenses,
948 1219 1177 1274 Gaudete
1221 1230 1268 1273 et
1316 1221 1743 1292 congratutamiui

145 1312 322 1375 mihi;
347 1322 400 1365 et
430 1322 484 1366 tu
515 1313 952 1369 consuetudinem
994 1313 1258 1383 requiris?
1297 1312 1351 1370 Si
1395 1313 1487 1369 tibi
1526 1314 1741 1384 quidem

149 1404 252 1468 ipsi
287 1405 373 1458 hic
403 1405 720 1459 manendum
751 1406 852 1469 sit,
881 1416 1025 1461 recte
1055 1406 1223 1472 dicis;
1257 1405 1336 1459 sin
1377 1417 1553 1461 autem
1585 1409 1743 1475 paulo

147 1504 274 1562 post
300 1495 366 1548 ad
398 1495 543 1550 illum
567 1498 655 1564 qui
687 1497 814 1550 abiit
849 1509 1198 1566 perventurus
1223 1515 1301 1567 es,
1328 1516 1488 1572 quam
1514 1504 1744 1574 requiris

145 1585 644 1656 consuetudinem?
672 1585 764 1642 Ille
789 1588 931 1650 enim
961 1591 1153 1644 merito
1186 1593 1626 1650 consuetudinem
1656 1610 1742 1651 re-

146 1677 352 1742 quirat,
382 1677 473 1746 qui
500 1680 568 1733 ah
595 1679 774 1749 aliquo
805 1680 857 1734 in
891 1692 1204 1750 perpetuum
1234 1684 1542 1751 divellitur;
1572 1688 1664 1743 sed
1696 1688 1742 1743 si

147 1765 297 1819 idem
326 1767 417 1821 tibi
443 1767 545 1823 iter
569 1769 957 1825 conﬁciendum
986 1783 1087 1837 est,
1117 1790 1276 1844 quam
1300 1779 1739 1835 consuetudinem

145 1861 424 1928 requiris?
447 1862 572 1928 Eos,
600 1865 689 1934 qui
718 1880 937 1936 peregre
965 1867 1176 1930 absunt,
1208 1884 1303 1924 cur
1331 1885 1434 1925 non
1467 1871 1742 1940 ingenuis?

147 1964 336 2004 nonne
362 1953 545 2021 paucis
571 1955 783 2010 emissis
807 1957 1076 2028 lacrymis,
1109 1959 1386 2015 confestim
1422 1974 1544 2033 post
1571 1979 1740 2019 unum

143 2049 241 2092 aut
262 2042 491 2096 alterum
517 2043 657 2099 diem
685 2060 713 2098 a
743 2045 869 2101 lletu
893 2050 1203 2104 cessamus?
1227 2051 1280 2106 Si
1303 2054 1740 2109 consuetudinem

145 2132 402 2198 requiris,
434 2142 635 2188 tantum
665 2134 942 2192 dumtaxat
967 2138 1111 2204 ﬂeto,
1145 2151 1398 2211 quantum
1423 2147 1549 2199 satis
1579 2147 1649 2200 sit
1673 2145 1740 2200 ad

143 2221 563 2290 ostendendum,
595 2233 647 2279 te
682 2237 868 2282 natura
900 2228 1170 2285 hominem
1201 2247 1320 2287 esse
1351 2251 1363 2286 :
1392 2234 1587 2290 deinde
1615 2251 1741 2293 vero

142 2309 346 2378 gaude,
374 2311 820 2382 quemadmodum
849 2316 1069 2388 Paulus,
1097 2321 1186 2390 qui
1215 2322 1285 2376 ita
1313 2322 1526 2381 diccbat
1553 2343 1564 2378 :
1598 2327 1738 2381 Nihil

1098 2455 1346 2467 ..-

1037 362 1104 415 IN
1147 360 1355 417 EPIST.
1399 359 1490 414 AD
1528 355 1811 413 l’llll.lPP.
1855 356 2005 411 CAP.
2051 355 2110 410 ll.
2154 355 2385 412 ll0.\lll..
2430 356 2519 411 IX.

3345 361 3450 416 illi

1851 470 2222 525 mihi—molesti
2252 472 2480 535 accidit,
2515 471 2610 526 sed
2645 473 2806 526 etiam
2845 474 3054 543 gaudeo
3080 473 3146 529 ad
3172 474 3445 548 Qliristum

1850 559 2070 626 abiens,
2105 561 2171 614 Et
2208 578 2296 616 ros
2320 563 2569 632 gaudete,
2601 563 2804 633 inquit,
2834 565 3262 635 congrutulamini
3295 567 3444 622 mihi.

1847 651 2189 706 Gaudeamus
2215 653 2376 723 igitur
2396 662 2452 707 et
2477 668 2578 707 nos
2602 669 2723 707 cum
2740 653 2942 724 justum
2969 655 3261 711 viderimus
3281 656 3448 712 inter-

1850 740 1998 808 iisse,
2023 742 2105 796 vel
2133 742 2310 812 potius
2334 743 2550 813 quando
2572 743 2803 813 aliquem
2830 745 2992 800 etiam
3017 760 3085 802 ex
3110 746 3445 818 desperatis:

1849 849 1970 888 nam
1992 835 2084 890 ille
2107 835 2323 899 quidem
2346 836 2592 904 discedit,
2623 838 2867 893 laborum
2894 855 3113 894 suorum
3140 840 3445 898 mercedem

1847 933 2202 994 accepturus;
2233 925 2320 981 hic
2349 941 2479 980 vero
2510 927 2796 998 quidpiam
2821 928 2891 983 de
2935 939 3275 1000 peccatorum
3314 946 3448 988 suo-

1849 1030 1967 1069 rum
2007 1031 2233 1070 numero
2269 1017 2522 1072 detraxit.
2566 1018 2674 1073 Sed
2715 1023 2945 1076 fortasse
2969 1062 2984 1086 ,
3017 1021 3222 1092 inquit,
3261 1023 3451 1079 vivens

1848 1107 2011 1161 vitam
2055 1115 2315 1164 mutasset
2341 1125 2514 1165 suam.
2545 1112 2615 1164 At
2640 1126 2746 1166 non
2793 1113 2940 1166 illum
2972 1115 3237 1184 rapuisset
3268 1115 3446 1182 Deus,

1847 1199 1892 1254 si
1920 1198 2084 1253 vitam
2112 1199 2202 1254 ille
2228 1208 2529 1256 mutaturus
2555 1200 2762 1257 fuisset.
2790 1203 3000 1259 Etenim
3026 1204 3116 1274 qui
3144 1206 3323 1260 omnia
3348 1221 3449 1277 pro

1848 1289 2020 1344 salute
2047 1298 2228 1345 nostra
2259 1292 2386 1347 facit
2412 1307 2476 1348 ac
2505 1293 2779 1364 disponit,
2811 1311 2909 1350 cur
2937 1310 3043 1351 non
3078 1311 3201 1353 eum
3228 1299 3448 1362 sivisset

1848 1381 2028 1435 vivere
2052 1381 2144 1452 qui
2172 1381 2464 1452 aliquando
2494 1385 2614 1438 talis
2643 1385 2851 1441 futurus
2888 1396 3053 1452 esset,
3086 1398 3142 1441 ut
3171 1389 3452 1459 placeret?

1847 1471 1893 1525 si
1932 1471 2062 1525 sinit
2088 1486 2183 1527 eos
2211 1473 2303 1543 qui
2346 1489 2454 1528 non
2500 1477 2921 1543 convertuntur,
2957 1477 3126 1531 multo
3156 1480 3326 1549 magis
3351 1494 3448 1534 eos

1847 1563 1936 1632 qui
1963 1573 2373 1622 convertuntur.
2405 1566 2655 1638 Undique
2697 1569 2859 1641 igitur
2887 1570 3042 1627 ﬂetus
3074 1573 3226 1628 nobis
3253 1588 3447 1643 ampu-

1850 1659 1990 1706 tatus
2016 1654 2105 1720 sit,
2137 1656 2371 1726 undique
2403 1657 2631 1714 lamenta
2659 1661 2867 1716 sublata
2896 1678 2913 1718 :
2941 1677 3293 1734 qumeumque
3321 1680 3448 1719 cve-

1847 1746 2032 1812 niaut,
2062 1747 2132 1802 de
2165 1749 2418 1804 omnibus
2459 1752 2658 1820 gratias
2687 1769 2909 1824 agamus
2941 1755 3085 1818 Deo,
3116 1756 3299 1812 omnia
3327 1756 3446 1810 sine

1847 1839 2360 1894 murmurationibus
2402 1840 2660 1897 faciamus
2691 1861 2703 1894 :
2735 1843 2979 1898 lictemur
3013 1863 3025 1898 :
3056 1855 3214 1915 atque
3241 1846 3293 1900 in
3322 1861 3443 1900 om-

1846 1929 2004 1982 nibus
2047 1928 2120 1982 illi
2174 1930 2512 2000 piaceamus,
2542 1941 2600 1987 ut
2643 1933 2819 1988 futura
2865 1936 3024 1989 etiam
3051 1950 3448 2008 consequamur

1848 2015 1986 2070 bona
2011 2058 2027 2082 ,
2054 2019 2226 2088 gratia
2254 2028 2310 2075 et
2335 2022 2662 2093 benignitate
2694 2023 2905 2079 Domini
2937 2027 3106 2080 nostri
3137 2026 3263 2081 Jesu
3291 2027 3448 2083 Chri-

1845 2108 1949 2172 sti,
1977 2124 2099 2164 cum
2127 2125 2236 2181 quo
2262 2112 2441 2179 Patri,
2475 2114 2745 2184 simulque
2773 2125 2960 2172 sancto
2986 2115 3206 2187 Spiritui
3235 2117 3404 2187 gloria
3427 2159 3444 2182 ,

1846 2208 2106 2269 potestas,
2137 2200 2332 2272 honor,
2362 2220 2506 2262 nunc
2527 2216 2585 2262 et
2613 2222 2850 2278 semper,
2877 2217 2933 2263 et
2961 2209 3015 2264 in
3041 2210 3238 2265 smcula
3268 2225 3441 2265 s:rcu-

1847 2291 2044 2347 lorum.
2065 2295 2260 2351 Amen.

1359 2460 3443 2499 -——————._______._._________________________

1503 2535 1846 2601 HOMILIA
1892 2543 2007 2604 ΙΧ.

139 2657 274 2714 ϐυ».
299 2660 354 2714 2.
381 2677 432 2714 γ.
458 2662 547 2719 i9.
569 2664 734 2734 Spero
755 2677 922 2722 autem
949 2668 1002 2722 in
1029 2667 1248 2726 Domino
1270 2673 1391 2728 Jcstt
1417 2674 1734 2734 Timotheum

216 2768 298 2805 me
327 2755 425 2808 cito
465 2756 660 2810 mittere
693 2759 762 2812 ad
797 2775 884 2814 vos
905 2801 922 2826 ,
955 2769 1013 2814 ut
1043 2772 1090 2814 et
1118 2778 1210 2831 ego
1238 2765 1368 2819 bona
1397 2768 1567 2822 auiiuo
1598 2771 1693 2823 sint
1713 2812 1731 2839 ,

214 2845 434 2911 cognitis
464 2861 576 2915 qua!
599 2847 734 2901 circa
765 2864 849 2903 eos
891 2859 1028 2904 sunt.
1060 2852 1147 2906 20.
1180 2852 1448 2910 Neminem
1474 2861 1607 2912 enim
1649 2863 1736 2913 ha-

214 2935 306 2986 beo
333 2944 437 2987 tam
474 2939 761 2990 unanimem
780 2981 794 3002 ,
825 2942 911 3007 qui
945 2943 1140 2996 sincera
1178 2945 1442 3007 aﬂ'ectione
1475 2966 1566 3015 pro
1595 2952 1732 3005 vobis

213 3024 464 3077 sollicitus
499 3030 705 3094 futurus
729 3031 810 3083 sit.
849 3029 937 3083 21.
973 3031 1159 3087 Omnes
1185 3037 1315 3088 enim
1354 3054 1467 3104 quo:
1494 3056 1588 3092 sim
1617 3051 1731 3094 sunt

210 3127 466 3183 qun'ruut,
497 3136 597 3172 non
624 3136 735 3189 qua:
762 3132 876 3174 sunt
901 3123 1026 3179 Iesu
1057 3125 1259 3180 Christi.

217 3211 269 3262 l.
307 3210 450 3264 Dixit
477 3227 596 3278 qua:
637 3212 737 3267 sibi
764 3227 1053 3270 evenerant
1079 3217 1145 3270 ad
1177 3221 1433 3290 evangelii
1481 3237 1728 3290 progres-

141 3315 261 3353 sum
289 3301 613 3357 conduxisse
633 3345 648 3366 ,
681 3303 767 3358 Ita
791 3315 843 3358 ut
874 3308 1070 3360 vincula
1111 3326 1220 3362 mea
1251 3315 1518 3382 manifesto
1559 3317 1733 3381 ﬁerent

139 3391 196 3441 in
235 3392 376 3443 omni
415 3395 650 3460 prmwrio
691 3393 966 3465 (Philipp.
1002 3399 1052 3452 1.
1090 3400 1195 3466 15)
1227 3419 1238 3452 :
1266 3401 1435 3465 dixit,
1481 3404 1587 3458 Sed
1620 3419 1664 3459 et
1689 3410 1734 3460 si

142 3484 382 3538 immolor
423 3502 581 3553 supra
625 3489 930 3554 sacri/icium
971 3500 1017 3543 et
1056 3493 1346 3561 obsrquium
1373 3496 1493 3561 ﬁdei
1519 3509 1733 3561 restim;

145 3575 399 3644 ipsosque
423 3593 516 3645 per
537 3577 652 3632 luce
677 3580 1030 3634 conﬁrmavit.
1063 3583 1167 3637 Sed
1196 3584 1331 3638 forte.
1358 3590 1614 3654 suspicari
1641 3603 1731 3652 po—

146 3675 326 3720 terant
352 3669 524 3737 priora
552 3671 652 3724 ista
678 3671 1060 3726 conmilationis
1081 3690 1237 3728 causa
1271 3691 1357 3729 ess
1379 3697 1390 3711 ·
1413 3683 1533 3730 ηδε-τέ
1564 3722 1570 3729 .
1607 3723 1628 3743 ν,
1652 3705 1733 3732 ...ιι

147 3760 306 3828 igitur
335 3761 496 3826 facit,
528 3771 582 3816 et
607 3765 876 3831 quomodo
905 3766 1261 3834 suspicionem
1300 3769 1485 3822 adimit
1507 3770 1528 3821 ’ἐ
1553 3769 1734 3825 Timo-

147 3850 351 3916 theum,
382 3852 570 3922 inquit,
600 3853 753 3908 mitto
781 3854 846 3910 ad
877 3872 970 3910 vos
999 3875 1014 3909 :
1045 3858 1273 3914 avebant
1299 3861 1442 3915 enim
1473 3860 1538 3916 de
1570 3862 1734 3917 Paulo

146 3943 323 3997 omnia
353 3959 694 4015 cognoscere.
730 3946 837 4001 Cur
875 3963 1002 4002 vero
1041 3965 1147 4004 non
1191 3951 1357 4016 dixit,
1391 3952 1460 4008 Ut
1492 3971 1606 4009 mea
1639 3971 1732 4009 co-

146 4034 447 4101 gnoscatis,
477 4017 570 4090 sed
591 4075 606 4098 ,
637 4035 705 4090 Ut
729 4051 832 4106 ego
858 4053 1177 4108 cognoscam
1220 4044 1434 4098 vestra?
1470 4046 1733 4110 Quoniam

148 4122 297 4177 Pauli
330 4138 416 4178 res
446 4125 840 4195 Epaphroditus
866 4138 991 4185 ante
1029 4131 1365 4186 Timotheum
1394 4139 1734 4192 nuntiaturus

147 4225 262 4270 erat
294 4233 309 4268 :
341 4217 689 4286 quamobrem
737 4221 1082 4290 progrediens
1131 4224 1336 4293 inquit,
1380 4225 1736 4282 Necessarium

145 4318 315 4360 autem
341 4308 621 4375 existimavi
661 4309 1070 4381 Epaphroditum
1100 4317 1307 4384 fratrem
1337 4321 1530 4372 mittere
1552 4323 1623 4372 ad
1646 4336 1734 4374 vos

146 4410 220 4464 (ε.
248 4396 345 4468 25)
372 4419 384 4451 :
412 4398 517 4453 Sed
546 4409 742 4466 vestra,
771 4401 962 4472 inquit,
989 4419 1314 4474 cognoscere
1356 4409 1534 4477 cupio.
1576 4409 1733 4465 Veri-

149 4488 326 4551 simile
353 4490 497 4544 enim
527 4492 726 4546 cst'diu
767 4493 913 4548 illum
957 4497 1218 4552 mansisse
1246 4500 1386 4569 apud
1417 4499 1638 4555 Paulum
1665 4503 1736 4557 ob

146 4581 388 4647 corporis
417 4580 857 4639 imbecillitatem.
888 4586 1246 4654 Quamobrem
1285 4593 1620 4660 neci-ssario,
1653 4593 1734 4647 in-

147 4673 299 4740 quit,
337 4684 514 4728 vestra
561 4675 719 4745 cupio
763 4691 1106 4746 cognoscere.
1164 4679 1292 4736 Vide
1329 4691 1547 4752 autem,
1574 4699 1735 4754 quam

147 4763 320 4817 omnia
352 4763 421 4818 ad
447 4763 716 4823 Christum
748 4769 975 4836 referat,
1008 4781 1062 4827 et
1100 4773 1266 4842 ipsam
1305 4790 1519 4847 quoque
1547 4777 1730 4832 Timo-

148 4854 251 4910 thei
285 4857 594 4912 missionem
615 4899 631 4923 ,
663 4859 735 4913 ita
762 4859 946 4916 dicens
966 4905 980 4926 ,
1015 4863 1179 4934 Spero
1211 4873 1376 4919 autem
1416 4868 1467 4921 iu
1513 4867 1732 4924 Domino

146 4944 309 5010 less;
340 4949 389 5003 id
431 4959 546 5014 est,
577 4952 786 5006 contido
817 4963 874 5007 ut
914 4953 1016 5010 hoc
1041 4956 1168 5010 mihi
1203 4957 1342 5012 Deus
1370 4960 1730 5028 gratiﬁcetur,

148 5036 308 5106 idque
335 5040 465 5093 mihi
495 5057 560 5096 es
587 5045 848 5099 sententia
875 5048 1148 5103 succedat.
1180 5048 1246 5104 Ut
1271 5060 1316 5104 et
1344 5067 1435 5121 ego
1467 5052 1595 5107 bono
1619 5056 1733 5108 aui-

147 5145 223 5183 ιιιο
249 5131 349 5185 sim
371 5172 386 5198 ,
414 5134 627 5202 cognitis
651 5150 765 5205 quis
788 5137 922 5191 circa
951 5155 1038 5193 vos
1070 5151 1207 5194 sunt.
1237 5141 1728 5212 Quemadmodum,

147 5217 357 5290 inquit,
385 5224 627 5278 recreavi
674 5240 770 5280 vos
816 5227 941 5282 dum
986 5245 1046 5284 ea
1092 5233 1370 5287 audivistis
1398 5251 1516 5304 qua:
1543 5236 1612 5292 de
1646 5253 1732 5294 me

147 5312 344 5378 precati
369 5314 519 5380 estis,
548 5314 797 5371 nimirum
823 5320 1154 5390 evangelium
1183 5338 1494 5392 progressus
1518 5327 1729 5394 fecisse,

148 5398 379 5456 dedecus
401 5403 452 5456 in
481 5405 603 5459 illos
628 5406 883 5464 recidisse
905 5451 922 5476 ,
951 5419 1004 5466 et
1031 5411 1169 5466 unde
1195 5413 1321 5467 mihi
1350 5430 1543 5470 nocere
1573 5427 1727 5485 puta-

148 5488 272 5544 bant
296 5531 313 5556 ,
352 5492 479 5550 inde
520 5495 755 5551 laetitiam
798 5500 1039 5557 attulisse
1072 5519 1085 5554 :
1120 5503 1191 5557 ita
1235 5506 1390 5574 cupio
1437 5505 1503 5561 de
1552 5522 1727 5562 rerum

142 5593 439 5641 vestrarum
465 5596 607 5643 statu
626 5603 970 5660 cognoscere,
996 5594 1066 5650 Ut
1089 5605 1133 5649 et
1154 5613 1248 5666 ego
1271 5598 1399 5651 bona
1419 5599 1592 5657 aiiiiuo
1610 5599 1725 5665 sim,

145 5674 355 5742 cognitis
372 5693 468 5743 quo
511 5679 640 5732 :irca
663 5696 749 5734 ros
773 5694 888 5734 sunt
931 5683 1024 5738 llis
1048 5687 1222 5741 verbis
1244 5689 1476 5742 ostendit
1492 5690 1728 5758 gaudere

149 5763 258 5822 ιιι-η
289 5766 544 5824 debuisse
569 5770 635 5824 de
665 5772 886 5826 vinculis
909 5819 922 5839 ,
954 5791 1122 5844 eaque
1163 5780 1447 5845 subsequi;
1498 5779 1722 5837 inuitum

492 5871 764 5940 ΡΑτιιυι..
810 5885 924 5945 (in.
981 5890 1164 5950 l..\ll.

1844 2687 1989 2738 enim
2019 2685 2118 2756 ipsi
2153 2689 2438 2759 voluptatis
2466 2693 2712 2748 attulisse
2743 2710 2755 2748 :
2788 2709 2910 2749 nam
2963 2694 3115 2761 illud,
3143 2695 3213 2752 Ut
3256 2705 3309 2774 et
3347 2712 3455 2768 ego.

1845 2779 1974 2832 bona
2002 2781 2174 2834 animo
2204 2783 2334 2846 sim,
2367 2782 2469 2839 hoc
2507 2785 2804 2856 significat,
2832 2787 3283 2858 quemadmodum
3318 2800 3436 2846 vos.

1843 2869 2033 2941 l’ap:e!
2074 2881 2274 2942 quanto
2309 2873 2671 2932 Macedoniam
2710 2893 2896 2934 amore
2935 2879 3435 2950 complectebatur!

1842 2958 1987 3016 Idem
2042 2976 2171 3017 vero
2213 2963 2788 3023 Thessalonicensibus
2828 2984 3042 3038 quoque
3092 2968 3243 3037 dicit,
3273 2980 3330 3026 ut
3372 2987 3443 3026 eo

1841 3048 2001 3117 loco,
2035 3050 2147 3120 Nos
2186 3063 2353 3106 autem
2407 3055 2621 3110 desolati
2676 3076 2706 3110 η
2754 3059 2889 3113 nobis
2935 3061 3006 3114 ad
3048 3070 3245 3131 tempus
3297 3062 3440 3117 Itone

1840 3143 1918 3208 (l.
1947 3141 2122 3197 Thess.
2155 3145 2208 3197 2.
2244 3146 2358 3208 l7).
2394 3146 2461 3199 lit
2499 3148 2583 3202 hic
2609 3192 2623 3215 ,
2653 3149 2817 3218 Spero
2837 3193 2852 3218 ,
2883 3153 3088 3223 inquit,
3119 3152 3440 3210 Timotheum

1839 3233 2071 3295 mittere,
2113 3243 2172 3286 ut
2209 3233 2277 3288 de
2319 3250 2503 3290 rerum
2544 3248 2841 3311 vestrarum
2885 3251 3028 3298 statu
3067 3244 3388 3316 cognoscam
3423 3265 3436 3298 :

1839 3323 1980 3393 quod
1996 3324 2212 3394 quidem
2232 3327 2516 3382 maximam
2536 3329 2804 3387 iudicabat
2819 3347 3028 3390 curam.
3051 3335 3278 3402 Quando
3293 3337 3438 3392 enim

1841 3413 1954 3482 ipse
1984 3413 2174 3471 adesse
2208 3433 2313 3471 non
2345 3429 2573 3487 poterat,
2603 3420 2894 3493 discipulos
2933 3427 3178 3484 mittebat
3205 3445 3218 3480 :
3249 3427 3320 3483 ita
3352 3443 3440 3484 res

1841 3505 2051 3560 illorum
2082 3509 2179 3562 sibi
2214 3509 2419 3578 ignotas
2443 3527 2565 3566 esse
2591 3529 2657 3568 ne
2684 3515 2749 3568 ad
2784 3515 2946 3574 breve
2975 3518 3190 3588 quidem
3225 3529 3437 3592 tempus

1841 3597 1980 3650 τιτι-(ε
2010 3607 2240 3666 poterat.
2274 3599 2391 3654 Non
2421 3603 2564 3656 enim
2606 3605 2798 3678 spiritu
2831 3609 3012 3662 omnia
3041 3613 3435 3679 cognoscebat;

1841 3687 2138 3758 idquejure
2167 3691 2344 3746 tiebat.
2374 3692 2582 3747 Etenim
2614 3696 2656 3748 si
2683 3694 2786 3751 hoc
2812 3698 2911 3752 sibi
2939 3698 3187 3770 discipuli
3217 3717 3435 3771 persua-

1838 3778 2061 3846 sissent,
2091 3781 2428 3851 impudentes
2456 3784 2577 3840 laeti
2603 3798 2818 3854 essent;
2848 3806 2990 3846 nunc
3015 3806 3146 3848 vero
3171 3809 3292 3850 cum
3317 3811 3440 3867 spe-

1839 3879 2023 3925 rarent
2065 3870 2232 3928 latere
2256 3913 2271 3938 ,
2302 3872 2513 3930 facilius
2547 3878 2974 3949 corrigebantur.
3007 3881 3122 3938 lloe
3161 3884 3279 3954 ipso
3308 3901 3442 3942 vero

1841 3962 1963 4017 illos
2003 3964 2340 4032 potissimum
2377 3975 2614 4024 attentos
2642 3970 2850 4039 reddit,
2875 3973 3016 4043 quod
3058 3977 3262 4046 inquit.
3295 3976 3364 4033 Ut
3391 3987 3439 4032 et

1840 4069 1930 4123 ego
1954 4054 2085 4108 bona
2110 4055 2283 4109 animo
2317 4058 2412 4134 sint
2432 4100 2448 4123 ,
2490 4059 2811 4132 illorumque
2850 4064 3086 4120 studium
3120 4081 3183 4123 ac
3206 4067 3436 4139 diligen-

1840 4147 1966 4200 tiam
1997 4149 2172 4214 acuit,
2201 4149 2271 4204 ita
2301 4158 2390 4216 ut,
2431 4153 2644 4208 tametsi
2685 4153 3001 4211 Timotheus
3034 4173 3142 4214 non
3186 4161 3435 4228 venerit,

1839 4237 2003 4292 alium
2045 4248 2223 4295 tamen
2265 4241 2579 4298 inventurus
2621 4244 2692 4299 sit
2734 4247 2823 4315 qui
2861 4248 2959 4318 ipsi
3001 4251 3287 4308 renuntiet.
3323 4251 3437 4309 llae

1837 4338 2019 4383 autem
2050 4331 2164 4399 ipse
2191 4332 2351 4387 etiam
2391 4335 2599 4390 ratione
2635 4339 2918 4407 perspicue
2948 4354 3078 4397 usus
3105 4351 3186 4398 est
3204 4383 3220 4411 ,
3245 4359 3434 4400 suum-

1837 4434 1941 4488 que
1977 4420 2268 4477 adveutum
2296 4423 2545 4491 distulit,
2578 4435 2635 4480 ut
2667 4426 2929 4485 Corinthii
2963 4442 3434 4492 converterentur.

1839 4509 2131 4580 Propterea
2149 4516 2312 4568 etiam
2338 4517 2628 4583 scribebat,
2656 4518 2880 4575 Parceus
2909 4524 3047 4578 vobis
3073 4525 3302 4580 nondum
3324 4528 3437 4581 veni

1839 4601 2140 4657 Corinthum
2165 4606 2246 4675 (2.
2278 4605 2397 4660 Cor.
2428 4607 2480 4664 1.
2511 4607 2628 4678 25).
2658 4609 2774 4665 Non
2804 4612 2948 4667 enim
2981 4613 3085 4671 hoc
3111 4616 3230 4672 solo
3258 4626 3435 4674 osten-

1838 4692 1984 4748 ditur
2021 4697 2216 4751 caritas
2235 4738 2251 4762 ,
2284 4698 2428 4767 quod
2473 4713 2569 4754 sua
2611 4701 2855 4768 nuntiet,
2883 4704 2979 4759 sed
3009 4706 3169 4762 etiam
3195 4707 3338 4778 quod
3369 4709 3436 4764 de

1840 4785 2054 4839 illorum
2079 4795 2222 4840 statu
2241 4788 2421 4857 cupiat
2446 4803 2776 4860 cognoscere
2803 4810 2816 4847 :
2841 4792 2944 4848 hoc
2968 4795 3111 4851 enim
3137 4799 3331 4853 anima:
3352 4810 3437 4856 est

1838 4875 1994 4930 valde
2021 4876 2261 4931 curantis
2299 4887 2357 4933 et
2391 4882 2702 4952 satageutis,
2734 4893 2788 4937 et
2824 4884 2876 4938 in
2919 4879 3172 4955 perpetua
3201 4888 3434 4959 quadam

1838 4966 2202 5022 sollicitudine
2247 4970 2530 5025 versantis.
2577 4971 2747 5027 Simul
2789 4988 2918 5029 vero
2959 4985 3015 5030 et
3060 4976 3266 5034 honore
3315 4981 3433 5034 illos

1814 5116 1816 5119 I
1837 5055 2004 5111 afﬁcit
2024 5057 2364 5114 Timotheum
2396 5061 2632 5117 mittens.
2657 5064 2794 5130 Quid
2815 5065 2934 5119 ais?
2955 5065 3293 5123 Timotheum
3319 5073 3432 5124 Init-

1840 5148 1941 5202 tis?
1969 5151 2342 5219 quapropter?
2371 5151 2512 5207 Sane
2531 5194 2546 5220 ,
2575 5154 2744 5225 inquit
2770 5173 2785 5221 ;
2815 5154 3084 5211 Neminem
3110 5160 3243 5213 enim
3274 5161 3434 5215 habeo

1838 5241 2126 5294 unanimem
2148 5257 2168 5306 ;
2195 5241 2246 5296 id
2277 5252 2390 5305 est,
2424 5243 2512 5313 qui
2544 5259 2696 5314 teque
2723 5254 2882 5314 atque
2909 5264 3007 5317 ego
3035 5257 3210 5302 vestra
3243 5263 3427 5314 curet;

1836 5330 1924 5397 qui
1963 5330 2160 5384 sincera
2204 5330 2473 5398 affectione
2516 5351 2608 5403 pro
2647 5336 2782 5388 vobis
2820 5338 3066 5392 sollicitus
3101 5340 3303 5408 futurus
3343 5345 3429 5398 sit.

1837 5419 2117 5476 Neminem
2163 5437 2293 5493 ergo
2335 5438 2519 5480 secum
2567 5426 2827 5493 habebat,
2861 5429 2951 5498 qui
2981 5433 3229 5488 eumdem
3269 5445 3431 5506 atque

1839 5511 1955 5579 ipse
1996 5513 2236 5567 animum
2280 5524 2512 5585 gereret.
2562 5516 2861 5572 Neminem.
2899 5520 3034 5588 Quid
3083 5523 3132 5576 id
3174 5526 3300 5578 est?
3327 5529 3427 5592 Qui

1837 5601 2089 5658 nimirum
2111 5620 2263 5674 seque
2282 5613 2445 5673 atquc
2460 5621 2560 5678 ego
2579 5624 2670 5661 vos
2691 5618 2866 5677 curet,
2885 5613 3140 5684 vobisque
3160 5621 3422 5672 consulat.

1837 5691 1952 5746 Non
1997 5694 2151 5749 facile
2171 5737 2185 5762 ,
2230 5697 2428 5766 inquit,
2461 5696 2726 5768 quispiam
2757 5700 3059 5762 inveniatur
3091 5709 3179 5776 qui
3231 5710 3329 5764 hac
3360 5713 3425 5764 de

1835 5794 1995 5838 musa
2025 5795 2228 5841 tantum
2259 5787 2462 5843 itineris
2497 5792 2622 5843 velit
2650 5792 2945 5848 coniicere:
2975 5800 3062 5864 qui
3084 5813 3235 5868 a-que
3265 5811 3425 5872 atque

3009 5921 3080 5975 lii
