4064 6318
687 365 785 418 251
1422 378 1457 414 ι.
1499 357 1774 414 ιυΑκΝιδ
1809 351 2274 412 ειιιιιέσοδτοιιι

2385 353 2624 408 tCllll-Zl'.
2665 345 3193 413 (ςὸκδτικτικοιι.

687 495 785 546 ego
827 493 924 533 vos
965 484 1109 531 amat
1135 522 1147 535 .
1190 473 1501 529 Titttmlteus
1540 483 1620 527 est
1653 493 1666 528 ε
1694 481 1844 526 erant
1875 483 2050 525 autem
2083 480 2136 524 et
2174 468 2263 522 alii

687 585 823 639 quos
867 570 1133 624 mitterem
1157 609 1171 634 ,
1207 564 1302 622 sed
1345 581 1502 620 nemo
1533 565 1653 618 talis
1681 572 1784 617 est.
1829 564 1965 631 Ergo
2009 561 2108 614 hoc
2146 569 2262 626 est,

691 661 995 714 unanimem
1020 673 1160 725 esse,
1183 655 1470 725 discipulos
1499 653 1718 725 perinde
1739 664 1896 722 atque
1925 653 2037 722 ipse
2064 665 2264 705 amare.

693 752 791 816 Qui
820 753 1036 814 sincera,
1068 749 1255 818 inquit,
1286 746 1552 812 aﬂ'ectione
1578 760 1670 813 pro
1699 744 1833 797 vobis
1855 742 2099 797 sollicitus
2129 741 2268 808 [utu-

689 857 776 894 rus
805 841 904 905 sit;
936 840 985 893 id
1013 846 1359 906 est,paterna.
1388 834 1577 889 Omnes
1596 836 1728 886 enim
1749 848 1861 911 qua:
1880 849 1972 886 sua
1997 840 2114 885 sunt
2132 846 2268 900 qutt-

689 944 827 994 runt,
855 949 954 985 non
979 946 1092 1000 qua:
1111 929 1235 983 Iesu
1259 928 1445 984 Christi
1466 945 1486 992 ;
1513 927 1562 981 id
1590 936 1690 989 est,
1711 926 2095 995 jucunditatcm
2118 939 2267 977 suam

687 1039 750 1077 ac
773 1024 1114 1079 securitatem
1141 1038 1155 1076 :
1177 1020 1318 1090 quod
1344 1020 1504 1074 etiam
1528 1017 1593 1072 ad
1616 1017 1954 1071 Timotheum
1977 1015 2263 1069 scribebat.

690 1116 796 1168 Sed
826 1130 920 1168 cur
960 1116 1144 1167 isthmc
1183 1110 1563 1181 conqueritur?
1592 1108 1702 1162 Nos
1729 1108 1926 1161 docens
1952 1149 1966 1170 ,
1997 1106 2124 1160 dum
2157 1107 2268 1159 lucc

693 1207 935 1260 audimus
956 1247 968 1268 ,
1003 1220 1069 1259 ne
1098 1203 1287 1258 eodem
1321 1201 1665 1272 prolabuntur
1689 1215 1703 1262 ;
1735 1198 1934 1252 docens
1963 1197 2231 1251 auditores
2252 1236 2266 1260 ,

692 1316 759 1352 ne
787 1298 1199 1354 oblectationem
1238 1309 1302 1349 ac
1343 1292 1582 1363 requiem
1612 1300 1872 1362 qmerant.
1904 1289 2035 1344 Nam
2068 1289 2155 1358 qui
2188 1303 2272 1340 rc-

693 1391 870 1460 quiem
900 1390 1108 1459 qumrit,
1139 1403 1243 1442 non
1267 1402 1386 1457 qua:
1406 1385 1600 1440 Christi
1628 1392 1771 1446 sunt,
1798 1381 1890 1436 sed
1918 1396 2012 1433 sua
2036 1378 2226 1450 quaarit
2252 1395 2266 1432 :

691 1488 904 1546 oportet
933 1479 1074 1532 enim
1106 1487 1318 1547 paratos
1348 1489 1445 1528 uos
1474 1487 1593 1528 esse
1620 1472 1684 1526 ad
1716 1471 1958 1540 quemvis
1997 1470 2232 1523 laborem
2252 1507 2269 1532 ,

694 1569 760 1622 ad
793 1570 1032 1638 ιιιιειιιιής
1059 1567 1328 1622 miseriam
1358 1562 1708 1620 subeundam.
1735 1561 1823 1615 ΞΞ.
1857 1561 2270 1630 Experimentum

695 1670 893 1726 autem,
924 1661 1125 1730 inquit,
1165 1659 1275 1728 ejus
1312 1662 1626 1727 cognoscite,
1658 1655 1776 1722 quia
1807 1654 1937 1707 sicut
1975 1652 2108 1720 patri
2135 1652 2273 1718 [ilius

693 1768 882 1806 mecum
910 1752 1107 1806 servivit
1131 1752 1185 1802 in
1213 1749 1542 1818 evangelium.
1583 1747 1658 1801 Nc
1691 1745 1741 1800 id
1771 1762 1797 1798 τι
1828 1761 1913 1799 me
1940 1753 2140 1798 temere
2169 1741 2271 1795 diei

692 1845 892 1914 putetis
916 1883 933 1909 ,
957 1858 1059 1897 vos
1083 1857 1292 1911 quoque
1315 1883 1328 1905 ,
1362 1841 1525 1910 inquit
1549 1880 1564 1904 ,
1594 1838 1694 1892 hoc
1721 1837 1931 1899 sciatis,
1965 1836 2113 1889 illttm
2145 1833 2271 1887 mihi

693 1946 750 1987 nt
795 1936 932 2006 patri
983 1934 1147 1988 lilimn
1193 1933 1245 1987 in
1291 1932 1622 2002 evangelium
1667 1931 1919 1984 servisse.
1963 1926 2151 1981 Merito
2190 1926 2276 1981 hic

691 2025 1033 2080 Timotheum
1061 2022 1435 2085 commendat,
1466 2031 1521 2075 ut
1551 2019 1690 2089 apud
1722 2020 1839 2073 illos
1871 2033 2062 2086 magno
2091 2017 2144 2069 in
2175 2016 2271 2069 ho-

692 2132 825 2170 nore
882 2116 1153 2168 habeatur.
1211 2112 1324 2166 [loc
1383 2112 1544 2167 etiam
1583 2110 1647 2163 ad
1686 2107 1992 2164 Corinthios
2035 2107 2277 2161 scribens

693 2206 817 2258 facit
858 2205 971 2259 istis
1015 2203 1220 2268 verbis,
1257 2200 1340 2256 Ne
1373 2202 1486 2270 quis
1524 2200 1670 2253 illum
1699 2207 1948 2269 spernat:
1977 2213 2104 2265 opus
2145 2196 2277 2249 enim

697 2298 902 2350 Domini
944 2307 1216 2365 aperatur,
1248 2295 1374 2348 sicut
1405 2305 1452 2346 et
1481 2309 1571 2362 ego
1606 2292 1696 2364 (l.
1726 2292 1842 2345 Cor.
1876 2291 1961 2345 16.
1996 2288 2096 2359 10)
2129 2308 2141 2343 :
2173 2303 2275 2342 non

696 2401 802 2444 tam
833 2391 904 2443 iiIi
941 2389 1292 2458 prospiciens,
1320 2401 1478 2456 quam
1509 2386 1572 2440 iis
1597 2389 1686 2455 qui
1709 2385 1879 2453 ipsum
1908 2384 2192 2452 recipiunt,
2223 2392 2278 2435 ut

697 2496 938 2546 magnam
969 2488 1240 2547 reportent
1261 2476 1580 2531 mercedem.
1600 2475 1688 2530 2'5.
1713 2473 1864 2527 Hunc
1883 2475 2058 2543 igitur,
2083 2472 2274 2541 inquit,

695 2588 841 2641 spero
875 2572 1082 2634 mittere,
1115 2586 1230 2625 mox
1257 2578 1308 2620 nt
1334 2567 1504 2620 videro
1527 2582 1642 2636 qua
1664 2566 1798 2618 circa
1824 2581 1903 2618 me
1929 2574 2063 2617 sunt.
2090 2563 2145 2617 ld
2175 2571 2274 2624 est,

698 2664 787 2717 ubi
816 2662 998 2715 videro
1025 2660 1143 2729 quis
1175 2659 1244 2714 sit
1277 2666 1446 2711 status
1472 2668 1666 2711 mentm
1699 2671 1936 2708 mearum
1962 2694 1977 2719 ,
2015 2667 2278 2722 quemque

696 2749 805 2810 sint
829 2755 1028 2810 exitum
1061 2753 1339 2806 habitune.
1367 2751 1456 2804 2i.
1494 2748 1707 2818 Conﬁdo
1736 2755 1903 2800 autem
1935 2747 1986 2799 in
2027 2745 2274 2805 Domino,

696 2850 930 2917 quoniam
957 2858 1002 2900 ct
1031 2847 1136 2916 ipse
1176 2844 1368 2898 veniam
1394 2842 1463 2896 ad
1492 2857 1578 2895 vos
1602 2841 1723 2894 cito.
1756 2839 1870 2892 Non
1912 2848 2187 2907 propterea
2218 2837 2279 2889 il-

698 2945 806 2995 lum
835 2942 1006 3002 mitto,
1037 2936 1178 3008 quod
1206 2938 1318 3005 ipse
1345 2945 1605 2989 venturus
1632 2948 1735 2986 non
1767 2933 1888 2995 sim,
1922 2931 2018 2985 scd
2053 2929 2120 2984 Ut
2150 2931 2279 2984 bono

698 3036 868 3088 animo
911 3034 1038 3096 sint,
1080 3029 1292 3099 cognitis
1341 3042 1453 3096 qua:
1499 3026 1632 3079 circa
1676 3040 1764 3078 vos
1803 3040 1821 3076 :
1863 3032 1920 3076 nt
1963 3037 2030 3076 ne
2076 3022 2276 3074 interea

700 3125 859 3177 etiam
885 3137 1064 3176 verser
1091 3121 1142 3174 in
1165 3129 1661 3174 vestrarum'rerum
1686 3115 2034 3184 ignoratione.
2058 3112 2278 3181 Conﬁdo

697 3227 885 3276 autem.
919 3214 1107 3285 inquit,
1133 3213 1188 3266 in
1220 3211 1433 3265 Domino
1455 3227 1474 3275 ;
1506 3208 1556 3263 id
1583 3217 1687 3273 est,
1715 3207 1933 3261 si-Deus
1957 3205 2204 3259 voluerit.

769 3309 823 3362 9..
862 3305 995 3361 Vide
1018 3320 1176 3375 quam
1218 3304 1309 3358 ille
1336 3303 1585 3355 omnibus
1620 3301 1671 3354 in
1703 3300 1865 3355 rebus
1905 3298 1972 3354 de
2001 3300 2109 3354 Deo
2133 3314 2269 3367 pen-

699 3399 853 3460 deat,
899 3405 952 3452 et
983 3396 1111 3450 nihil
1152 3411 1216 3450 es
1250 3409 1344 3449 sua
1377 3394 1640 3448 sententia
1671 3394 1997 3461 pronuntiet.
2036 3391 2129 3446 25.
2175 3387 2280 3444 Ne-

699 3493 971 3546 cessarium
1014 3499 1179 3543 autem
1210 3487 1490 3546 existimavi
1531 3484 1940 3556 Epaphroditum
1985 3485 2196 3554 fratrem
2234 3490 2280 3535 et

700 3589 1073 3648 roopcratorem
1101 3588 1147 3630 et
1176 3577 1569 3631 commilitonem
1609 3589 1794 3626 meum.
1828 3571 1897 3626 Et
1924 3570 2065 3625 hunc
2085 3586 2280 3626 rursus

703 3668 889 3722 iisdem
913 3684 973 3721 ac
997 3665 1336 3720 Timotheum
1360 3662 1616 3718 encomiis
1640 3671 1884 3716 ornatum
1913 3661 2096 3714 mittit.
2130 3659 2278 3714 Illum

702 3759 844 3812 enim
893 3757 1101 3812 duobus
1142 3756 1224 3811 bis
1257 3755 1560 3810 nominibus
1585 3752 2014 3816 commendavit,
2054 3751 2195 3821 quod
2226 3761 2278 3806 et

693 3867 797 3905 cos
814 3859 988 3913 amet;
1013 3851 1146 3904 dixit
1176 3851 1342 3913 cnim,
1372 3849 1472 3911 Qui
1492 3829 1975 3910 sincera'alfectlone
1995 3855 2158 3899 vestra
2184 3861 2278 3897 cu-

703 3952 905 3995 raturus
934 3943 998 3994 sit
1017 3958 1034 4004 ;
1052 3950 1104 3995 et
1133 3940 1273 4009 quod
1303 3940 1352 3992 in
1382 3936 1660 4005 evangelio
1685 3935 1834 3989 valde
1855 3950 1912 3988 se
1939 3934 2276 4003 probaverit:

709 4036 847 4088 hunc
876 4034 1031 4103 igitur
1061 4043 1108 4085 et
1146 4031 1335 4085 iisdem
1375 4043 1532 4099 quant
1563 4027 1708 4080 illum
1735 4025 2041 4079 nominibus
2079 4023 2277 4078 laudat.

702 4125 1025 4190 Quomodo?
1055 4123 1317 4188 QttOniam
1349 4120 1616 4190 appellare
1644 4117 1861 4171 fratrem
1889 4128 1939 4170 et
1964 4125 2280 4181 cooperato-

703 4233 855 4282 rem,
886 4231 1057 4285 neque
1085 4215 1185 4268 huc
1220 4221 1562 4270 Contentum,
1595 4209 1792 4262 addere
1827 4209 1986 4262 etiam
2012 4207 2279 4260 commili-

705 4320 884 4360 tonem
909 4347 921 4371 ,
951 4304 1280 4358 ostendentis
1308 4311 1389 4356 est
1423 4301 1494 4353 illi
1527 4315 1737 4368 quoque
1769 4312 1948 4352 secum
1975 4295 2278 4350 connnuuia

705 4398 869 4450 fuisse
909 4395 1144 4466 pericula
1166 4435 1179 4453 ,
1224 4404 1383 4461 atque
1413 4391 1599 4444 eadem
1645 4388 1712 4442 de
1743 4389 1832 4440 illo
1871 4403 1934 4440 ac.
1961 4385 2029 4440 de
2075 4400 2133 4439 se
2164 4385 2280 4452 ipso

706 4489 1059 4542 testiticantis.
1101 4485 1252 4552 Quod
1299 4484 1466 4552 inquit
1505 4481 1904 4535 Conuuilitonem
1932 4521 1946 4542 ,
2001 4478 2120 4546 plus
2161 4488 2276 4540 est,

703 4597 862 4648 quam
912 4579 1317 4645 t.‘ooperatorem.
1363 4573 1585 4636 Quidam
1637 4571 1778 4626 enim
1821 4570 2042 4622 fortasse
2081 4568 2276 4631 fuerit,

705 4670 793 4737 qui
819 4671 868 4722 in
898 4668 1099 4720 levibus
1122 4665 1334 4735 quidem
1361 4664 1582 4732 negotiis
1606 4664 1809 4714 socium
1840 4676 1897 4713 se
1921 4659 2108 4727 agendi
2140 4674 2274 4726 pnu-

705 4763 864 4822 beat,
919 4762 968 4812 in
1013 4760 1151 4811 bello
1196 4767 1374 4810 autem
1419 4771 1482 4808 ac
1513 4752 1761 4822 periculis
1809 4767 1912 4803 non
1964 4749 2276 4803 itemzdum

707 4868 834 4904 vero
877 4851 1037 4910 dixit,
1087 4848 1517 4910 Commilitonem,
1562 4845 1661 4896 hoc
1701 4857 1910 4910 quoque
1940 4841 2275 4908 significavit.

718 4942 945 4992 Vestrum
977 4949 1181 5004 autem,
1212 4937 1380 5005 inquit
1401 4980 1413 5000 ,
1443 4932 1731 5004 apostolum
1751 4972 1766 4996 ,
1799 4942 1844 4983 et
1871 4933 2155 4983 ministrant
2193 4946 2280 4982 ne-

703 5032 954 5085 ressitutis
999 5045 1152 5094 mete,
1195 5029 1390 5080 mittere
1429 5026 1496 5077 ad
1523 5040 1626 5077 vos.
1664 5021 1716 5076 ld
1747 5034 1862 5087 cst,
1905 5021 2087 5073 Vestra
2128 5020 2280 5072 vobis

703 5126 1002 5183 donamus,
1044 5119 1166 5173 dum
1199 5119 1280 5171 vel
1324 5125 1556 5170 vestrum
1598 5113 1868 5166 hominem
1899 5111 1964 5163 ad
1993 5125 2086 5162 vos
2111 5109 2278 5162 mitti-

708 5229 846 5277 mus,
872 5214 954 5265 vel
979 5226 1103 5265 eum
1128 5213 1215 5278 qui
1259 5224 1352 5261 vos
1380 5209 1584 5262 doceat.
1615 5205 1816 5257 Rursus
1850 5203 2009 5255 inulta
2041 5201 2108 5254 de
2141 5201 2280 5254 illius

706 5308 930 5357 caritate
959 5302 1170 5370 subjicit
1196 5301 1415 5364 dicens,
1456 5300 1546 5353 26.
1591 5296 1842 5362 Quoniam
1880 5293 2078 5359 quidem
2110 5307 2280 5344 omnes

706 5415 792 5450 eos
820 5396 1168 5455 desiderabat;
1196 5403 1238 5445 et
1266 5403 1466 5445 ma'stus
1491 5398 1595 5442 erat
1640 5397 1905 5457 propterea
1930 5383 2064 5453 quod
2101 5382 2277 5434 audie-

703 5491 830 5541 ratis
856 5487 1000 5540 illum
1031 5487 1361 5554 infirmatam.
1393 5483 1484 5534 27.
1527 5479 1665 5532 Nam
1691 5488 1738 5530 et
1768 5477 2054 5543 tnﬁrmatus
2091 5481 2164 5526 est
2196 5489 2280 5524 us.-

702 5600 798 5646 que
816 5581 883 5632 ad
912 5589 1146 5640 mortem,
1175 5575 1263 5629 sed
1293 5574 1431 5626 Deus
1461 5571 1694 5623 misertus
1724 5577 1796 5619 est
1825 5567 1963 5636 ejus,
1997 5581 2094 5616 non
2117 5563 2278 5614 solum

702 5684 866 5724 autem
904 5671 1009 5738 ejus
1032 5709 1046 5732 ,
1085 5682 1251 5719 verum
1291 5667 1442 5716 etiam
1472 5670 1518 5713 et
1559 5660 1688 5722 mei,
1729 5673 1792 5708 ne
1831 5655 2088 5708 tristitiam
2127 5668 2270 5718 super

702 5762 952 5817 tristitiam
999 5759 1247 5811 haberem.
1298 5753 1405 5807 lloc
1440 5751 1558 5804 loco
1599 5755 1654 5802 et
1694 5744 1837 5801 aliud
1884 5743 2133 5814 quiddam
2167 5743 2274 5809 agit

3853 361 3953 418 ειο

2381 471 2688 535 ostendens,
2714 472 3076 542 Epaphrodito
3099 475 3258 529 etiam
3283 474 3434 530 valde
3455 476 3787 546 exploratum
3812 493 3949 546 esse,

2374 564 2540 617 amari
2572 579 2632 618 sc
2661 579 2688 617 a
2714 565 2886 620 vobis.
2930 566 3041 621 lloe
3068 582 3195 620 vero
3222 582 3327 622 non
3357 584 3540 635 parum
3566 569 3633 622 ad
3664 570 3950 623 amandum

2374 655 2511 708 solet
2541 655 2776 710 allicere.
2802 657 3083 722 Quomodo
3103 659 3128 712 2
3148 658 3449 728 ᾸΞκΓοιεινῖι
3471 700 3485 723 ,
3511 658 3718 730 inquit,
3737 673 3790 714 et
3817 676 3950 716 mm-

2374 749 2442 800 sti
2475 735 2684 812 fuistis;
2711 748 3001 814 convaluit,
3034 758 3088 802 et
3115 764 3212 803 vos
3237 763 3467 804 marore
3492 750 3770 814 liberavit,
3791 767 3952 820 quem

2374 851 2440 892 es
2491 838 2656 907 ipsius
2697 839 3057 894 invaletudiue
3098 839 3426 910 capiebatis:
3464 855 3562 895 nec
3602 851 3780 896 tamen
3826 857 3949 911 pro-

2375 939 2556 997 pterea
2603 929 2714 996 ipse
2745 945 2975 984 mirarere
3002 929 3159 983 desiit
3180 969 3194 992 ,
3221 929 3315 982 sed
3341 929 3555 983 dolebat
3585 946 3691 984 non
3713 944 3801 997 se,
3825 946 3952 985 eum

2377 1018 2658 1082 valuisset,
2699 1033 2795 1072 vos
2824 1019 3041 1074 vidisse.
3076 1018 3172 1074 llic
3198 1029 3249 1073 et
3278 1020 3421 1073 aliud
3447 1021 3588 1090 agit,
3631 1021 3698 1074 ad
3740 1022 3824 1076 sui
3855 1021 3948 1075 de-

2376 1109 2670 1164 fensionem
2701 1125 2914 1163 causam
2942 1109 3166 1165 alierens
3189 1150 3204 1174 ,
3238 1110 3307 1164 ob
3331 1126 3490 1179 quam
3521 1113 3694 1165 serius
3723 1111 3791 1166 ad
3834 1112 3951 1165 illos

2376 1203 2548 1256 mittat
2579 1218 2723 1256 :non
2748 1203 2888 1257 enim
2921 1203 2972 1256 id
3013 1220 3078 1258 es
3105 1204 3424 1274 negligentia
3472 1204 3619 1271 lieri,
3653 1206 3748 1259 sed
3781 1205 3952 1259 Timo-

2377 1293 2558 1348 theum
2589 1293 2802 1363 quidem
2826 1310 2856 1346 a
2887 1308 2945 1346 se
2971 1294 3223 1360 retineri,
3261 1292 3512 1363 quoniam
3553 1293 3825 1348 neminem
3858 1296 3948 1346 lia-

2377 1383 2535 1450 beat;
2568 1385 2832 1438 Neminem
2855 1385 3015 1449 enim,
3040 1385 3242 1454 inquit,
3275 1385 3431 1438 habeo
3457 1386 3784 1451 unanimem;
3814 1387 3950 1454 Epa-

2380 1479 2685 1548 phroditum
2715 1493 2840 1531 vero
2866 1477 2935 1531 ob
2963 1477 3398 1531 iuraietudiuem.
3432 1477 3636 1532 Deinde
3661 1479 3950 1533 ostendens

2380 1571 2590 1639 longam
2619 1584 2684 1624 ac
2716 1569 3019 1623 diuturnam
3061 1567 3255 1632 fuisse,
3280 1568 3518 1623 addidit:
3553 1567 3694 1622 Nam
3719 1579 3769 1624 et
3805 1571 3948 1636 inﬁr-

2379 1672 2545 1714 matus
2591 1671 2663 1713 est
2707 1676 2863 1728 usque
2899 1660 2968 1712 ad
3005 1671 3238 1712 mortent.
3287 1658 3444 1714 Vides
3487 1671 3748 1729 quantum
3794 1649 3948 1714 studii

2379 1750 2630 1804 adhibeat
2662 1750 2889 1813 Paulus,
2919 1765 2986 1805 ne
3015 1749 3291 1818 discipulis
3319 1753 3430 1804 suis
3449 1749 3740 1819 quidquam
3767 1751 3867 1804 loci
3896 1765 3953 1804 se

2379 1843 2537 1896 ullius
2569 1841 2901 1911 negligentia:
2920 1855 2986 1895 ac
3012 1841 3271 1895 socordia:
3298 1841 3639 1897 iusitnnlandi
3664 1843 3948 1912 relinquat,

2381 1950 2553 2001 neque
2581 1931 2883 2002 suspieaudi
2909 1931 3045 1995 ideo,
3071 1931 3211 2001 quod
3239 1933 3381 2000 ipsos
3405 1940 3815 1998 mtemneret,
3849 1948 3949 1986 nou

2380 2025 2678 2096 profectum
2707 2025 2866 2078 esset
2888 2022 3038 2077 Nulla
3067 2024 3208 2077 enim
3233 2038 3296 2078 re
3324 2038 3475 2092 a-que
3493 2023 3639 2078 allici
3661 2023 3952 2094 discipulus

2381 2126 2594 2186 potest,
2649 2131 2713 2170 ac
2743 2115 3088 2183 persuasione
3120 2115 3248 2178 hac,
3293 2128 3436 2168 cura:
3477 2128 3536 2169 se
3582 2129 3704 2169 esse
3752 2129 3949 2184 pra-ce.

2381 2208 2518 2276 ptori
2538 2248 2552 2270 ,
2577 2222 2778 2276 suaque
2803 2221 2961 2262 causa
2991 2205 3141 2260 illum
3168 2219 3419 2270 marere,
3443 2203 3585 2274 quod
3613 2205 3951 2259 exuberandis

2381 2299 2618 2354 oztriuttis
2662 2308 2763 2352 est.
2813 2298 3133 2360 Audiet-alis,
3165 2297 3370 2366 inquit,
3414 2296 3560 2348 illum
3599 2296 3951 2363 infirmatam:

2383 2405 2502 2441 nam
2527 2398 2574 2442 et
2599 2389 2885 2455 inﬁrmatus
2913 2397 2984 2440 est
3015 2403 3171 2454 usque
3208 2386 3276 2438 ad
3319 2393 3551 2438 mortem.
3583 2385 3660 2438 Ac
3695 2399 3764 2439 ue
3801 2393 3955 2454 putes

2383 2482 2482 2536 ista
2505 2480 2633 2535 mibi
2665 2496 2760 2550 per
2781 2480 3178 2534 simulationem
3203 2478 3305 2532 dici
3323 2517 3338 2540 ,
3362 2476 3486 2530 audi
3509 2479 3786 2546 sequentia
3812 2498 3828 2530 :
3852 2475 3953 2531 Sed

2385 2574 2520 2627 Deus
2561 2575 2792 2627 misertus
2819 2580 2890 2625 est
2931 2572 3060 2642 eius.
3090 2568 3227 2637 Quid
3268 2569 3348 2622 ais
3367 2610 3383 2635 ,
3426 2567 3678 2623 ba-retice
3705 2568 3820 2637 (a)?
3849 2567 3954 2621 [loc

2385 2669 2504 2722 loco
2547 2666 2969 2722 misericordiam
3017 2665 3108 2717 Dei
3160 2671 3342 2724 verat,
3396 2661 3630 2716 retinere
3672 2660 3824 2714 illum
3868 2660 3952 2727 qui

2382 2759 2621 2813 abiturus
2648 2768 2795 2820 erat,
2827 2766 2881 2811 et
2906 2754 2972 2809 ad
2999 2754 3162 2808 vitam
3188 2767 3458 2806 revocare.
3484 2751 3637 2818 Quod
3659 2752 3703 2804 si
3729 2750 3952 2804 mundus

2383 2869 2414 2908 e
2445 2861 2526 2907 set
2554 2854 2603 2905 in
2628 2851 2800 2915 malis,
2822 2865 2926 2902 non
2955 2845 3317 2902 misericordia
3346 2843 3459 2898 hinc
3484 2852 3630 2898 esset
3655 2843 3953 2910 relinquere

2386 2946 2437 2997 in
2469 2943 2630 2996 malo.
2657 2942 2921 2995 Ceterum
2947 2937 3206 2992 adversus
3234 2935 3540 2989 hazreticnm
3564 2933 3782 3004 quidem
3807 2932 3954 2988 facile

2383 3043 2466 3088 est
2500 3033 2679 3086 dicere
2705 3071 2719 3093 ,
2752 3045 2878 3099 erga
2908 3027 3272 3083 Christianum
3301 3033 3477 3078 autem
3519 3025 3644 3094 quid
3671 3024 3910 3078 dicemus
3934 3024 3955 3075 ?

2383 3125 2516 3178 Nam
2544 3123 2630 3177 hic
2664 3120 2889 3175 fortasse
2917 3116 3214 3182 lursitabit,
3243 3130 3307 3170 ac
3333 3115 3474 3170 dicet
3501 3131 3516 3169 :
3543 3113 3686 3182 Quid
3705 3113 3731 3163 τ
3757 3114 3803 3169 si
3847 3112 3954 3168 dis-

2384 3205 2517 3269 solvi
2549 3223 2602 3268 et
2630 3227 2752 3267 esse
2777 3227 2899 3265 cum
2919 3209 3135 3264 Christo
3161 3211 3327 3262 multo
3355 3205 3740 3277 praestabilius,
3764 3221 3862 3260 cur
3881 3206 3954 3259 iu-

2383 3307 2497 3375 quit
2529 3307 2698 3374 ipsmn
2744 3300 3161 3357 miscricordiam
3206 3313 3325 3352 esse
3358 3295 3793 3365 consequutum?
3838 3295 3946 3364 Ego

2389 3411 2515 3450 vero
2540 3394 2713 3448 dicam
2739 3410 2751 3445 :
2779 3391 2916 3459 Quid
2949 3398 3060 3455 est,
3109 3388 3250 3458 quod
3280 3387 3394 3457 ipse
3434 3386 3632 3455 inquit,
3664 3384 3836 3456 magis
3863 3401 3954 3438 nec

2384 3485 2674 3542 cessarium
2702 3496 2822 3536 esse
2848 3494 3066 3534 manere
3109 3489 3328 3547 propter
3371 3475 3504 3530 vos?
3532 3473 3664 3529 Nam
3696 3474 3954 3545 quemad-

2387 3576 2601 3632 modum
2631 3573 2793 3629 Paulo
2814 3571 2916 3625 hoc
2939 3569 3300 3625 necessarium
3331 3577 3467 3632 erat,
3501 3567 3570 3620 ita
3603 3575 3656 3620 et
3687 3564 3957 3636 Epaphro-

2386 3671 2500 3724 dito
2528 3686 2540 3723 :
2566 3668 2762 3736 quippe
2787 3665 2875 3734 qui
2899 3662 3247 3732 amplioribus
3274 3675 3395 3715 cum
3426 3659 3627 3714 divitiis
3653 3659 3956 3728 majori-que

2388 3762 2604 3817 tidentia
2648 3776 2711 3814 ac
2756 3759 3042 3814 securitate
3081 3757 3147 3811 ad
3190 3758 3352 3811 Deum
3392 3757 3634 3811 abiturus
3669 3768 3832 3811 esset.
3863 3757 3956 3811 Et-

2385 3855 2526 3908 enim
2552 3852 2681 3906 illud
2706 3851 2920 3922 quidem
2949 3849 3155 3904 etiamsi
3176 3848 3444 3918 paululum
3473 3847 3952 3912 diiierretur,lutu-

2387 3960 2506 3998 rum
2538 3953 2712 3997 tamen
2743 3943 2960 3995 omnino
2988 3949 3130 4004 erat;
3158 3939 3356 3993 lucrari
3399 3954 3528 3994 vero
3558 3940 3783 4004 animas,
3813 3949 3955 4009 post-

2386 4054 2542 4106 quam
2569 4037 2694 4089 illuc
2711 4036 2949 4098 ahiissct,
2969 4050 3074 4087 non
3097 4041 3325 4102 poterat.
3355 4018 3467 4086 line
3488 4031 3717 4097 accedit,
3743 4031 3955 4086 l’aulut

2388 4130 2552 4182 multa
2591 4144 2654 4181 ex
2694 4127 2962 4181 conmmui
2997 4125 3322 4178 audientimu
3353 4139 3515 4178 sensu
3544 4124 3813 4193 proferre,
3864 4138 3954 4178 nc-

2385 4237 2487 4290 qttc
2516 4220 2710 4288 ubique
2741 4217 3101 4287 philosotihari
3134 4232 3149 4270 :
3178 4216 3244 4269 ad
3285 4215 3583 4268 mundanas
3607 4215 3755 4270 enim
3789 4215 3956 4268 homi-

2388 4326 2483 4363 nes
2503 4324 2683 4363 sermo
2716 4309 2814 4377 ipsi
2841 4317 2955 4361 erat
2981 4306 3277 4369 institutus,
3301 4315 3529 4358 mortem
3558 4304 3736 4359 adhuc
3767 4307 3952 4358 timen-

2389 4415 2486 4456 tes.
2511 4403 2775 4456 Przeterea
2803 4399 3057 4461 ostendit,
3080 4399 3263 4468 quanti
3292 4398 3710 4468 Epaphroditum
3731 4398 3953 4452 faceret:

2388 4495 2617 4563 hincque
2645 4494 2717 4546 illi
2757 4493 3112 4547 reverentiam
3141 4491 3426 4560 quamdam
3455 4487 3742 4555 conciliat,
3783 4499 3954 4559 utpote

2385 4588 2536 4654 cujus
2564 4586 2788 4639 salutem
2819 4583 2954 4637 adeo
2981 4581 3080 4637 sibi
3127 4582 3307 4634 utilem
3348 4595 3470 4634 esse
3510 4588 3754 4640 testetur.
3789 4593 3841 4633 ttl
3872 4595 3952 4632 se-

2385 4693 2506 4733 cmn
2535 4690 2749 4745 quoque
2777 4689 2840 4726 ex
2870 4671 3010 4726 illius
3041 4671 3404 4725 incolumitate
3433 4671 3850 4726 misericorditer
3875 4686 3956 4724 ac-

2388 4780 2497 4823 tum
2543 4776 2709 4834 putet.
2745 4766 3008 4818 Przetcrca
3040 4777 3204 4826 vero,
3239 4772 3294 4815 nt
3330 4761 3430 4816 hoc
3469 4762 3742 4816 mittamus
3763 4803 3778 4825 ,
3805 4761 3953 4815 aliam

2386 4877 2599 4932 quoque
2639 4859 2709 4912 ob
2738 4873 2952 4912 causam
2985 4856 3120 4908 bona
3166 4840 3513 4923 estprtesens
3539 4853 3668 4907 vita.
3697 4853 3829 4907 Nam
3861 4852 3952 4907 nisi

2387 4953 2584 5006 bonum
2611 4957 2788 5014 esset,
2818 4963 2914 5001 cur
2956 4946 3076 4999 loco
3113 4945 3493 5014 suppliciorum
3528 4953 3835 4998 numeraret
3861 4945 3955 4996 im-

2387 5052 2623 5096 maturas
2646 5048 2846 5093 mortes
2865 5039 2888 5083 '.’
2909 5034 3355 5104 quemadmodum
3389 5034 3475 5087 ubi
3501 5034 3702 5103 inquit,
3735 5034 3861 5087 Ideo
3883 5033 3954 5084 in.

2388 5142 2462 5184 ter
2503 5147 2587 5184 eos
2618 5131 2761 5182 multi
2803 5127 2995 5196 inﬁrmi
3025 5135 3069 5179 et
3104 5124 3408 5187 imbecilles,
3450 5133 3495 5175 et
3537 5124 3793 5177 dormiunt
3821 5122 3956 5175 multi

2387 5226 2466 5294 (l.
2499 5223 2618 5275 Cor.
2649 5223 2734 5275 ll.
2768 5221 2881 5288 50).
2916 5220 3115 5273 Futura
3143 5218 3290 5272 enim
3327 5217 3433 5268 vita
3476 5215 3702 5283 improbi
3737 5213 3954 5267 hominis

2387 5332 2494 5370 non
2523 5313 2730 5373 melior.
2767 5313 2873 5364 imo
2904 5310 3041 5363 mala
3070 5318 3187 5373 est;
3232 5303 3386 5376 'prohi
3415 5315 3592 5360 autem
3634 5308 3843 5360 melior.
3883 5304 3956 5357 Ne

2389 5405 2684 5469 tristitiam,
2733 5402 2936 5469 inquit,
2985 5415 3138 5468 super
3179 5398 3432 5451 tristitiam
3479 5397 3748 5460 haberem,
3792 5412 3858 5450 ne
3894 5393 3952 5448 ad

2388 5509 2675 5550 numerem
2699 5533 2713 5556 ,
2753 5507 2910 5560 quem
2947 5506 3009 5543 ex
3041 5489 3209 5558 ipsius
3238 5487 3596 5541 invaletudine
3639 5489 3911 5554 capiebam
3936 5527 3949 5546 ,

2387 5587 2670 5643 accederet
2697 5600 2896 5639 muas-or
2916 5600 2980 5637 ex
3014 5592 3207 5635 morte.
3236 5581 3306 5633 Ita
3329 5582 3510 5649 quanti
3539 5579 3950 5648 Epaphroditum

2451 5746 2522 5807 (ιι)
2552 5743 2754 5793 Videtur
2779 5742 2854 5788 hie
2879 5739 3155 5786 \taniehauts
3176 5736 3497 5797 redarguere.
