4064 6318
28 146 346 209 ῒ’

75 416 180 472 ἰιι

76 532 226 584 iaciat
249 523 504 580 ostendit.
534 520 627 578 38.
669 516 1018 575 Festinantius
1037 531 1155 588 ergo
1179 513 1293 567 misi
1312 509 1480 566 illum.
1504 506 1646 576 Qttid

73 630 150 675 est
171 659 187 682 .
220 614 570 672 Festiuautiu
589 613 616 668 2
648 611 776 667 Sine
803 607 1175 671 cunctatione,
1220 602 1364 659 nulla
1405 603 1644 670 interpo-

75 711 170 763 sita
195 720 346 761 mora
362 746 378 768 .
396 703 592 773 jubens
612 700 790 757 omnia
818 710 1166 768 quacumque
1183 693 1400 748 obstent
1428 691 1648 747 vincen-

77 811 179 853 tem
197 837 218 863 ,
245 811 406 868 quam
433 792 693 849 citissime
715 789 783 845 ad
812 802 910 843 vos
930 781 1142 852 v'enire,
1173 792 1232 839 ut
1257 798 1490 840 maerore
1517 780 1651 836 Iibe-

79 901 174 946 ret.
203 889 318 943 Non
341 886 488 941 enim
509 884 557 939 si
584 895 683 940 eos
703 893 841 952 quos
864 891 1106 934 amamus
1139 876 1324 931 valere
1349 872 1647 935 audiamus,

76 997 227 1052 :rqne
266 981 516 1035 laetamur
560 990 625 1030 ac
676 974 722 1028 si
771 970 1082 1035 rideamus,
1125 969 1464 1036 maximeque
1507 963 1552 1017 si
1600 961 1651 1017 id

81 1083 268 1143 prater
306 1084 461 1140 spem
497 1066 735 1129 eveniat,
777 1058 1228 1134 quemadmodum
1271 1067 1397 1114 tunc
1421 1056 1474 1110 in
1513 1053 1653 1124 Epa-

79 1161 327 1234 phrodito
375 1165 653 1216 evenerat.
703 1154 1052 1213 Festinantius
1090 1168 1210 1226 ergo
1232 1193 1249 1217 ,
1292 1149 1461 1220 inquit
1483 1189 1499 1213 ,
1541 1145 1654 1200 misi

79 1256 222 1308 illum
247 1270 267 1307 :
291 1265 345 1306 ut
371 1253 477 1306 rise
510 1266 567 1305 eo
593 1250 891 1324 gaudeatis,
919 1257 966 1302 et
994 1261 1086 1318 ego
1122 1244 1281 1315 magis
1309 1243 1416 1296 sine
1449 1239 1655 1294 tristitia

80 1348 190 1397 sint.
218 1342 505 1413 Quomodo
532 1344 699 1413 magis
737 1343 854 1396 sine
906 1337 1161 1394 tristitia?
1198 1333 1460 1412 Quoniam
1489 1331 1535 1386 si
1559 1342 1656 1385 vos

80 1435 342 1504 gaudetis,
364 1445 421 1492 et
449 1450 548 1506 ego
574 1432 839 1504 gaudebo,
869 1438 924 1486 et
944 1428 1029 1484 hic
1051 1427 1168 1496 ipse
1195 1425 1270 1480 de
1290 1430 1470 1478 nostra
1501 1419 1654 1476 volu-

84 1539 224 1599 ptate
248 1527 530 1599 gaudebit,
560 1533 614 1580 et
641 1538 741 1594 ego
765 1537 795 1575 a
821 1533 1056 1574 mterore
1081 1516 1299 1571 liberior
1327 1527 1441 1567 ero.
1475 1510 1657 1580 Neque

84 1619 244 1682 dixit,
273 1618 403 1672 Siue
432 1615 644 1670 tristitia
665 1654 679 1678 ,
714 1610 809 1667 sed
830 1651 845 1674 ,
874 1609 1041 1679 Magis
1070 1608 1177 1661 sine
1205 1603 1407 1658 tristitia
1425 1643 1442 1666 ,
1472 1609 1534 1656 ut
1563 1613 1656 1654 os-

87 1707 269 1763 tendat
285 1719 575 1775 numquam
597 1702 829 1756 animam
850 1713 998 1753 suam
1022 1709 1253 1752 morore
1272 1707 1491 1748 vacuam
1511 1702 1653 1746 esse.

85 1800 181 1866 Qui
209 1798 354 1852 enim
385 1800 455 1849 ita
483 1796 640 1857 dicit,
675 1793 800 1860 Quis
825 1792 1138 1860 inﬁrmatur,
1176 1796 1224 1841 et
1256 1802 1351 1856 ego
1388 1801 1488 1839 non
1513 1785 1658 1852 inﬁr-

87 1907 192 1944 nior
209 1891 236 1944 .’
263 1891 376 1958 quis
417 1886 814 1948 scandalizatur,
845 1892 890 1936 et
917 1898 1006 1951 ego
1036 1896 1138 1933 non
1181 1895 1300 1932 uror
1321 1877 1394 1946 (2.
1421 1875 1544 1932 Cor.
1568 1875 1656 1934 ll.

85 1980 211 2048 99)?
259 1977 531 2048 quomodo
572 1975 690 2031 sine
731 1987 966 2028 mmrore
1003 1979 1060 2026 et
1105 1970 1316 2024 tristitia
1347 1968 1462 2023 sit?
1517 1967 1657 2036 Ergo

90 2085 405 2131 tumorem,
460 2067 630 2136 inquit
660 2106 674 2129 ,
726 2065 882 2118 istum
932 2062 1216 2131 deponam.
1272 2059 1369 2113 29.
1421 2055 1656 2126 Bseipite

91 2164 254 2229 itaque
305 2159 452 2213 illum
495 2157 548 2210 in
589 2154 810 2209 Domino
857 2169 972 2206 cum
1010 2151 1147 2204 omni
1187 2149 1396 2220 gaudio.
1439 2146 1505 2199 In
1547 2143 1656 2199 Do-

91 2255 256 2317 mino,
303 2249 448 2320 quod
495 2249 634 2304 idem
677 2255 762 2302 est
783 2259 848 2299 ac
874 2241 1241 2314 spiritualiter.
1287 2241 1341 2295 Id
1378 2247 1498 2305 est,
1541 2252 1658 2292 ma-

89 2357 188 2411 gno
214 2356 334 2395 cum
360 2332 571 2402 studio;
596 2337 679 2391 vel
709 2335 882 2406 potius
902 2332 1003 2387 hoc
1029 2331 1310 2402 signiﬁcat,
1342 2329 1453 2384 Deo
1478 2327 1663 2382 volen-

92 2440 156 2485 te.
187 2429 369 2500 Itaque
425 2429 574 2483 illum
618 2426 848 2495 excipite
889 2439 986 2494 pro
1027 2431 1329 2477 sanctorum
1366 2419 1656 2488 dignitate,

93 2530 375 2576 utsanctos
414 2518 590 2588 excipi
633 2517 727 2588 par
771 2526 880 2583 est,
921 2513 1050 2569 Cum
1077 2513 1250 2579 omni,
1292 2511 1498 2580 inquit,
1529 2526 1659 2580 gutt-

95 2612 195 2664 dio.

161 2703 218 2755 5.
255 2701 382 2756 Haec
420 2700 598 2755 omnia
638 2713 734 2766 pro
776 2696 840 2750 iis
875 2694 1001 2750 facit
1028 2692 1096 2748 ad
1137 2705 1273 2762 quos
1321 2691 1522 2755 mittit,
1555 2704 1666 2744 non

99 2808 188 2861 pro
211 2791 410 2845 missis.
441 2789 610 2858 lajus
629 2786 772 2842 enim
797 2785 922 2841 facit
953 2784 1157 2838 lucrum
1183 2822 1205 2848 ,
1232 2783 1320 2852 qui
1345 2780 1663 2836 beneﬁciqu

96 2883 218 2947 dat,
244 2894 404 2950 quam
436 2877 525 2948 qui
554 2877 766 2945 accipit.
800 2873 861 2928 Et
888 2872 1137 2943 ejusmodi
1166 2871 1391 2925 homines
1421 2886 1532 2923 cum
1566 2870 1663 2922 Ito—

99 2985 214 3024 non
255 2971 500 3022 habetote.
551 2966 606 3021 Id
647 2974 758 3030 est,
801 2963 1046 3032 Excipite
1088 2961 1236 3015 illum
1283 2968 1340 3013 ut
1389 2967 1667 3013 merentur

98 3060 282 3113 sancti.
333 3058 421 3114 30.
467 3055 719 3122 Quoniam
757 3061 962 3123 propter
997 3066 1125 3118 opus
1171 3049 1360 3103 Christi
1402 3063 1559 3117 usque
1599 3046 1668 3100 ad

102 3163 306 3206 mortem
328 3148 557 3211 accessit,
584 3145 790 3199 tradens
814 3145 1035 3196 animant
1062 3157 1245 3206 suam;
1261 3149 1316 3193 ut
1340 3139 1568 3209 impleret
1590 3138 1665 3202 id,

99 3244 226 3314 quod
264 3257 330 3295 ea:
353 3239 491 3295 vobis
518 3239 688 3292 deerat
713 3251 831 3305 erga
858 3250 1025 3289 meum
1051 3232 1363 3303 obsequium.
1394 3231 1491 3284 llic
1514 3244 1667 3284 com-

101 3333 329 3387 muniter
353 3345 382 3384 s
411 3327 834 3399 Philippensium
864 3326 1083 3380 civitate
1114 3324 1309 3378 missus
1335 3320 1546 3388 Inerat,
1577 3321 1669 3391 qui

103 3423 258 3477 Paulo
289 3421 654 3483 ministraret;
683 3428 774 3472 aut
816 3417 1042 3471 fortasse
1069 3414 1230 3470 etiam
1269 3413 1387 3470 ideo
1413 3422 1667 3481 venerat,

104 3524 156 3567 ut
180 3513 450 3584 quidpiam
475 3509 690 3566 aﬁ‘erret
720 3527 734 3563 :
761 3507 951 3562 allatas
972 3507 1115 3562 enim
1146 3505 1214 3560 ab
1240 3505 1332 3561 illo
1359 3521 1480 3561 esse
1507 3520 1664 3576 pecu-

107 3605 212 3658 nias
243 3605 296 3658 iu
324 3612 563 3658 extrema
592 3598 819 3671 epistola
840 3595 1076 3652 ostendit
1101 3595 1186 3651 his
1211 3595 1420 3662 verbis,
1442 3596 1670 3667 Acceptis

107 3697 163 3748 ab
186 3693 539 3764 Epaphrodito
567 3706 680 3758 qua:
707 3689 912 3743 misistis
944 3686 1109 3758 (Phil.
1149 3687 1204 3742 4.
1244 3686 1672 3762 l8).V'erisimil_e

112 3786 257 3852 igitur
294 3794 379 3839 est
419 3783 606 3848 illum,
635 3795 756 3836 eum
787 3780 1009 3835 Romam
1056 3779 1420 3850 pervenisset,
1452 3776 1671 3832 Paulum

111 3875 158 3927 in
187 3889 378 3945 magno
410 3873 514 3929 hoc
556 3873 808 3943 gravique
847 3871 1086 3940 periculo
1129 3870 1427 3940 reperisse.
1481 3880 1536 3924 ut
1583 3871 1672 3939 qui

112 3965 250 4020 adire
275 3964 425 4020 illum
457 3963 689 4030 vellent,
721 3963 819 4031 ipsi
846 3976 1059 4032 quoque
1088 3962 1305 4018 minime
1333 3971 1445 4016 tuto
1468 3962 1518 4016 id
1548 3977 1673 4030 pos-

114 4067 223 4112 sent
250 4056 427 4111 Iacere
447 4096 462 4121 ,
492 4054 586 4110 sed
612 4068 710 4108 suo
735 4053 974 4122 periculo
1002 4052 1323 4107 accederent
1347 4071 1358 4106 :
1387 4052 1526 4121 quod
1545 4067 1677 4107 ere-

117 4147 222 4200 nire
250 4147 482 4199 maxime
502 4143 781 4197 consuevit
802 4155 991 4211 magna
1017 4152 1284 4196 commota
1317 4150 1634 4211 tempestate
1657 4182 1672 4208 ,

116 4245 262 4306 atque
295 4236 382 4290 ubi
421 4248 604 4304 regum
634 4233 712 4288 ira
742 4233 997 4302 majorem
1027 4233 1080 4286 in
1112 4233 1325 4286 modum
1355 4231 1672 4287 effervescit.

122 4325 319 4379 Etenim
350 4340 471 4379 cum
499 4323 620 4394 quis
641 4364 658 4390 ,
685 4323 827 4394 quod
855 4315 907 4378 in
947 4323 1090 4394 regis
1115 4323 1467 4379 oﬁensiouem
1500 4324 1678 4378 incur-

119 4415 275 4479 rcrit,
329 4415 382 4468 in
430 4427 702 4468 carcerem
744 4411 1070 4478 detruditur,
1117 4422 1382 4482 arctaeque
1421 4413 1678 4469 custodiat

123 4504 335 4558 traditur
354 4520 367 4565 :
395 4513 520 4559 tunc
537 4503 621 4558 vel
645 4502 829 4557 famuli
860 4501 960 4571 ipsi
983 4501 1127 4556 aditu
1147 4503 1518 4572 prohibentur,
1538 4503 1678 4572 quod

122 4595 323 4663 quidem
348 4595 510 4649 Paulo
533 4603 657 4648 tunc
674 4592 929 4648 accidisse
949 4593 1238 4648 verisimile
1259 4602 1341 4648 est
1366 4613 1378 4648 :
1405 4594 1682 4664 Epaphro-

125 4688 280 4741 ditum
300 4702 429 4742 vero
448 4727 463 4750 ,
496 4701 689 4756 magno
719 4695 878 4754 atque
904 4687 1120 4740 excelso
1139 4686 1320 4740 animo
1347 4687 1544 4752 virum,
1568 4703 1684 4741 om-

126 4778 199 4832 nia
228 4779 635 4849 cotntempsisse
661 4777 896 4848 pericula
921 4817 938 4844 ,
985 4785 1043 4831 ut
1082 4776 1301 4831 Paulum
1329 4777 1500 4833 adiret
1529 4779 1684 4848 eique

126 4869 473 4934 ministraret,
501 4875 659 4938 atdue
701 4867 879 4922 omnia
926 4883 1045 4936 qua:
1075 4881 1211 4936 opus
1255 4877 1408 4922 erant
1458 4868 1680 4924 iaceret.

129 4960 234 5014 Duo
258 4962 419 5031 igitur
447 4959 603 5014 aﬂert
631 4959 828 5015 Paulus
848 4999 864 5024 ,
893 4973 959 5013 ex
986 4957 1180 5029 quibus
1210 4958 1286 5012 illi
1313 4960 1684 5014 auctoritatem

127 5068 181 5105 ac
208 5053 557 5108 reverentiam
587 5049 836 5108 conciliat
863 5068 876 5103 :
909 5066 1070 5104 unum
1115 5050 1364 5119 quidem,
1397 5050 1485 5105 ubi
1521 5050 1683 5117 dicit,

131 5147 185 5196 ad
211 5156 433 5199 mortem
461 5157 628 5212 usque
651 5157 768 5197 mea
792 5157 950 5198 causa
979 5142 1335 5212 periclitatum
1358 5158 1478 5199 esse
1501 5161 1516 5210 ;
1545 5145 1677 5200 alte—

134 5248 234 5286 rum
275 5248 408 5288 vero
427 5273 444 5298 ,
473 5231 619 5304 quod
643 5246 925 5301 personam
952 5232 1185 5286 civitatis
1209 5248 1402 5304 gerens
1430 5234 1543 5289 haec
1569 5252 1691 5305 pcr-

134 5337 300 5387 pessus
343 5320 510 5377 Fuerit
555 5339 571 5376 :
618 5329 675 5376 ut
711 5321 767 5375 in
805 5321 1044 5391 periculo
1071 5321 1163 5374 illo
1209 5322 1272 5376 iis
1302 5323 1392 5392 qui
1433 5324 1688 5379 miserant

135 5429 322 5470 merces
349 5413 660 5477 deberetur,
689 5411 912 5482 perinde
938 5426 1000 5466 ac
1033 5412 1078 5466 si
1105 5413 1290 5468 civitas
1323 5414 1553 5484 legatum
1585 5416 1688 5470 mi-

134 5503 293 5560 sisset.
341 5505 486 5574 Ergo
522 5504 774 5573 excipere
817 5503 962 5558 illum
1003 5519 1123 5558 cum
1155 5505 1382 5574 quodam
1429 5506 1686 5575 obsequio

135 5599 270 5664 eique
309 5597 508 5665 gratias
553 5609 714 5664 agere
756 5595 822 5650 de
862 5594 1054 5650 ofﬁciis
1096 5596 1210 5665 ejus
1235 5638 1251 5663 ,
1283 5597 1418 5651 ratio
1445 5598 1686 5668 qumdam

136 5685 220 5737 erit
258 5703 354 5757 qua
403 5685 638 5754 pericula
670 5693 724 5740 et
753 5684 886 5740 facta
919 5694 1098 5741 nostra
1140 5688 1309 5755 magis
1337 5687 1510 5742 adhuc
1539 5703 1684 5742 com-

142 5777 294 5831 munia
328 5780 479 5833 iubis
519 5775 741 5832 ῐιιρίςιὶς.
771 5775 950 5846 Neque
989 5776 1153 5843 dixit,
1200 5777 1308 5833 .‘lca
1357 5795 1544 5834 causa.
1590 5780 1681 5833 scil

969 403 1031 458 ΙΝ
1071 402 1278 459 EPIST.
1321 399 1410 455 AD
1451 393 1733 450 l‘lllIJI‘P.
1773 393 1924 448 CAP.
1967 391 2027 446 11.
2070 391 2296 448 1103111...
2341 393 2428 448 ix.

3220 390 3325 443 ‘23:"

1753 504 1979 560 orationi
2009 503 2209 560 addens
2241 503 2610 560 auctoritatem
2637 517 2698 558 ac
2733 501 2889 558 Iidem
2911 543 2925 564 ,
2951 502 3154 572 inquit,
3203 500 3325 552 I'ro-

1754 607 1864 666 pter
1882 611 2012 664 opus
2039 594 2155 651 Dei.
2181 594 2295 650 Non
2325 593 2467 649 enim
2497 608 2616 650 mea
2640 607 2797 649 causa
2826 593 2968 660 facit,
3000 591 3090 650 srd
3113 601 3330 662 propter

1757 688 1946 744 Deum.
1975 687 2145 759 Usque
2166 687 2238 742 ad
2261 699 2470 743 mortem
2491 689 2718 743 accessit.
2743 685 2882 755 Quid
2905 684 3088 742 enim?
3115 683 3331 740 tametsi

1755 779 1973 834 minime
2010 778 2177 845 obiit,
2215 779 2324 835 Deo
2364 779 2416 834 id
2459 777 2825 850 gubernante,
2858 776 2973 847 ipse
2997 784 3174 839 tamen
3206 775 3326 830 nul-
3439 799 3441 801 ί

1757 868 1862 924 lam
1885 868 2006 924 vitae
2028 885 2140 925 sua:
2165 871 2426 926 rationem
2457 869 2638 926 hahz-s.
2666 911 2678 932 ,
2706 883 2770 925 ac
2800 865 3019 923 tradidit
3053 866 3288 936 seipsum
3315 883 3330 928 ;

1757 972 1852 1030 ut,
1879 959 2132 1032 quidquid
2160 961 2496 1018 subeundum
2520 961 2650 1032 iulg,
2680 976 2786 1018 non
2814 975 2846 1015 ι
2863 958 3180 1030 praestando
3199 959 3335 1014 mihi

1757 1055 2054 1113 ministerio
2091 1064 2422 1112 cessaturus.
2451 1053 2564 1123 Quc-
2591 1056 2596 1058 ’
2663 1056 2675 1108 i
2705 1062 2764 1109 ut
2796 1051 2963 1133 Paqu
3004 1052 3336 1108 ministraret

1757 1147 1994 1217 seipsum
2023 1147 2184 1201 morti
2209 1145 2496 1216 exposuit,
2527 1149 2698 1200 muito
2723 1144 2896 1216 magis
2936 1159 3036 1216 pro
3075 1142 3334 1214 praedica-

1761 1237 1906 1292 tione
1936 1236 1987 1291 id
2014 1236 2303 1301 subiisset;
2334 1237 2442 1291 imo
2487 1250 2620 1290 vero
2663 1249 2760 1305 pro
2806 1233 2972 1290 Paqu
3001 1233 3160 1296 mori,
3191 1232 3333 1288 idem

1758 1337 1874 1384 erat
1896 1342 1960 1383 ac
1985 1343 2080 1398 pro
2107 1327 2503 1398 praedicatione.
2527 1325 2672 1382 Licet
2698 1326 2842 1382 enim
2861 1366 2877 1394 ,
2908 1339 3014 1381 non
3040 1333 3245 1380 tantum
3267 1340 3335 1378 ne

1759 1421 1918 1476 idolis
1960 1419 2237 1477 sacriﬁcos
2257 1462 2274 1488 ,
2315 1419 2555 1493 martyrii
2599 1433 2855 1475 coronam
2901 1417 3193 1489 consequi,
3238 1416 3333 1470 sed

1759 1513 2023 1585 ejusmodi
2047 1514 2210 1570 etiam
2240 1502 2554 1569 occasiones
2577 1512 2892 1585 martyrium
2919 1511 3154 1577 faciunt;
3183 1523 3269 1575 ac,
3291 1509 3338 1564 si

1761 1605 2072 1662 admirabile
2097 1604 2348 1675 quiddam
2377 1605 2664 1662 dicendum
2690 1613 2814 1670 est,
2847 1603 3017 1674 magis
3065 1603 3148 1659 ha:
3176 1618 3337 1674 quam

1762 1697 1886 1752 illan.
1915 1695 2049 1751 Nam
2072 1695 2164 1767 qui
2189 1697 2396 1752 minore
2417 1695 2483 1750 de
2509 1709 2667 1751 causa
2694 1704 2920 1750 mortem
2953 1693 3134 1749 subire
3154 1693 3338 1756 audet,

1763 1789 1929 1844 multo
1947 1788 2114 1860 magis
2139 1786 2373 1852 audebit,
2407 1787 2494 1844 ubi
2520 1801 2619 1843 res
2634 1786 2803 1857 major
2832 1794 3040 1857 agatur.
3061 1778 3337 1854 Quamoho

1766 1897 1876 1938 rem
1921 1890 1976 1936 et
2014 1895 2144 1945 nos,
2171 1895 2292 1936 cum
2323 1888 2538 1935 sanctos
2559 1879 2611 1933 in
2638 1877 2890 1948 periculis
2915 1877 3116 1933 versari
3148 1877 3343 1932 videri-

1762 1989 1902 2034 mus,
1929 1973 2053 2028 vita:
2082 1987 2151 2029 ne
2178 1986 2478 2043 parcamus.
2500 1970 2617 2027 Non
2640 1979 2818 2042 potest
2835 1971 2977 2025 enim
3001 1969 3066 2038 is,
3096 1971 3185 2040 qui
3209 1971 3342 2025 nihil

1762 2079 1882 2119 cum
1903 2063 2140 2134 periculo
2155 2064 2383 2134 experiri
2403 2063 2560 2118 audet
2572 2063 2838 2133 ,prtuciari
2853 2061 3128 2134 quidpiam
3145 2065 3341 2128 facere,

1762 2155 1858 2211 sed
1891 2169 2110 2211 necesse
2149 2164 2234 2212 est
2270 2156 2550 2225 przesentis
2580 2156 2704 2210 vitae
2731 2157 3010 2212 securitati
3052 2158 3344 2212 consulen-

1765 2255 1872 2302 tem
1894 2287 1910 2311 ,
1937 2247 2186 2304 amittere
2213 2246 2463 2302 futuram.
2493 2245 2573 2302 Ut
2589 2245 2823 2318 impleret
2839 2285 2857 2313 ,
2885 2247 3086 2318 inquit,
3111 2248 3182 2314 id,
3207 2249 3345 2317 quod

1765 2353 1828 2391 ea:
1852 2337 1989 2391 vobis
2015 2338 2188 2392 deerat
2217 2353 2336 2408 ergo
2379 2355 2546 2392 meum
2571 2338 2882 2402 obsequium.
2911 2337 3052 2406 Quid
3097 2337 3200 2394 hoc
3224 2342 3345 2394 est?

1764 2427 1878 2482 Non
1909 2427 2097 2483 aderat
2121 2427 2342 2492 civitas,
2369 2427 2592 2498 sed-per
2613 2427 2760 2482 illum
2788 2428 2934 2483 Omni
2964 2442 3099 2497 erga
3133 2442 3220 2482 me
3258 2428 3344 2482 of-

1768 2517 1888 2573 ﬁcio
1911 2532 1976 2572 ac
2001 2517 2304 2573 ministerio
2326 2504 2505 2573 functa
2548 2527 2666 2581 est,
2711 2519 2962 2574 nimirum
3009 2519 3152 2589 quod
3193 2519 3344 2573 illum

1770 2609 1936 2664 misit.
1967 2606 2235 2678 Quidquid
2269 2608 2427 2679 igitur
2448 2609 2612 2663 vestri
2647 2609 2941 2665 ministerii
2958 2608 3091 2664 mihi
3119 2609 3346 2674 deerat,

1769 2697 1820 2750 id
1853 2697 1968 2765 ipse
2009 2696 2277 2765 explevit,
2309 2697 2499 2752 uthac
2541 2699 2703 2753 etiam
2751 2699 2962 2755 ratione
3001 2697 3359 2769 dignissimus

1769 2787 1841 2841 sit
1865 2786 1954 2856 qui
1985 2787 2207 2842 multum
2229 2787 2452 2842 honoris
2475 2798 2749 2857 reportet,
2776 2790 3030 2860 quoniam
3059 2788 3203 2860 quod
3232 2804 3351 2844 om-

1770 2892 1866 2933 nes
1908 2876 2088 2933 facere
2111 2879 2428 2946 oportebat,
2469 2878 2570 2934 hoc
2616 2880 2730 2949 ipse
2759 2895 2857 2949 pro
2886 2880 3039 2934 vobis
3079 2881 3346 2951 praestitit.

1768 2967 1943 3037 Atque
1968 2966 2204 3021 ostendit
2228 2967 2422 3022 Paulus
2451 2970 2626 3038 priora
2653 2983 2866 3038 quoque
2894 2968 3072 3024 ofﬁcia
3104 2969 3173 3024 ab
3199 2971 3348 3038 ipsis,

1769 3056 1858 3126 qui
1882 3055 1934 3109 in
1964 3064 2080 3110 tuto
2105 3064 2260 3110 erant
2281 3095 2296 3120 ,
2325 3056 2561 3112 exhibita
2587 3056 3014 3128 periclitantibus
3037 3072 3158 3113 esse
3185 3076 3198 3112 :
3223 3073 3347 3113 nam

1771 3144 1886 3198 ba-c
1911 3144 2072 3199 verba
2097 3185 2114 3208 ,
2160 3143 2227 3198 Id
2251 3145 2388 3214 quod
2421 3161 2484 3199 ea:
2511 3146 2647 3200 vobis
2674 3147 2848 3200 deerat
2885 3151 3007 3216 erga
3030 3145 3348 3216 obsequium,

1773 3232 2010 3288 indicant
2036 3243 2340 3303 respectum
2368 3234 2652 3304 quemdam
2682 3234 2749 3289 ad
2773 3235 2914 3291 illius
2940 3228 3354 3293 civitatis'obse-

1772 3323 1979 3394 quium.
2024 3323 2188 3379 Vides
2236 3338 2453 3380 sensum
2495 3326 2659 3380 animi
2704 3340 2781 3383 ac
2810 3327 3057 3397 spiritum
3096 3330 3355 3398 apostoli-

1773 3415 1934 3468 cum?
1963 3412 2012 3468 Is
2041 3428 2168 3469 vero
2195 3430 2300 3469 non
2343 3429 2410 3478 ex
2437 3416 2741 3486 arrogantia
2768 3417 3228 3487 proﬁciscebatur,
3255 3419 3354 3474 sed

1774 3517 1839 3558 ex
1869 3517 2057 3573 magna
2082 3519 2242 3573 quam
2270 3505 2480 3559 illorum
2500 3506 2718 3576 gerebat
2741 3523 2894 3562 cura.
2929 3509 3138 3564 Etenim
3165 3526 3235 3565 ne
3263 3510 3349 3564 cf.

1774 3591 2038 3660 ferantur,
2085 3592 2181 3648 sed
2226 3594 2545 3649 modestiam
2577 3605 2849 3662 tueantur,
2882 3614 3055 3668 neque
3101 3614 3354 3669 magnum

1774 3682 2028 3752 quiddam
2056 3699 2115 3738 se
2143 3683 2440 3753 prtebuisse
2465 3687 2808 3752 existiment,
2842 3689 2938 3743 sed
2974 3689 3042 3743 ad
3086 3691 3357 3744 humilita-

1777 3782 1882 3827 tem
1909 3772 2265 3842 adducantur,
2295 3775 2528 3830 olﬁcium
2555 3775 2683 3831 illud
2729 3777 2816 3832 his
2841 3780 3062 3834 vocibus
3087 3777 3317 3850 appelrat
3339 3821 3354 3841 .

1778 3863 2023 3920 Debitum
2053 3864 2433 3931 ministerium,
2460 3874 2535 3930 et,
2564 3864 2632 3920 Id
2658 3867 2792 3937 quod
2812 3870 3002 3923 deerat.
3024 3869 3165 3943 Ergo
3187 3886 3366 3939 neque

1778 3969 1878 4009 nos
1907 3969 2128 4026 magnos
2172 3957 2392 4024 spiritus
2431 3971 2742 4024 sumamus,
2770 3974 2892 4014 cum
2932 3961 3130 4015 sanctis
3159 3961 3367 4030 aliquid

1779 4045 2114 4115 przrbemus,
2159 4061 2334 4116 neque
2365 4045 2466 4100 hac
2507 4061 2568 4101 re
2597 4061 2696 4102 nos
2726 4048 2833 4101 illis
2859 4048 3176 4105 beneﬁcium
3207 4059 3359 4118 pute-

1779 4153 1902 4193 mus
1928 4137 2058 4193 dare
2085 4154 2100 4190 :
2131 4152 2161 4191 a
2189 4137 2344 4192 nobis
2373 4137 2517 4194 enim
2547 4138 2599 4193 id
2644 4138 2895 4206 debetur,
2938 4155 3038 4196 nec
3070 4141 3360 4211 quidquam

1781 4230 1886 4284 illis
1907 4229 2189 4284 donamus.
2219 4229 2350 4284 Nam
2381 4229 2830 4300 quemadmodum
2879 4233 2944 4286 iis
2971 4233 3063 4303 qui
3107 4232 3173 4288 iu
3202 4249 3358 4288 eser-

1780 4321 1887 4375 citu
1916 4329 2042 4374 sunt
2069 4335 2130 4374 ac
2162 4319 2362 4374 bellum
2388 4328 2583 4390 gerunt
2607 4362 2624 4386 ,
2654 4321 2722 4375 ab
2761 4320 2827 4375 iis
2847 4322 2936 4392 qui
2972 4322 3117 4377 domi
3150 4323 3209 4377 iu
3233 4339 3362 4393 paco

1782 4414 1988 4478 vivunt,
2011 4411 2274 4466 debentur
2287 4411 2508 4478 cibaria,
2528 4419 2582 4466 et
2598 4411 2856 4482 quidquid
2879 4413 2982 4468 illis
3002 4416 3360 4469 necem-arium

1783 4504 1935 4557 estin
1957 4510 2258 4571 sumptum;
2285 4501 2364 4556 illi
2385 4502 2526 4556 enim
2552 4518 2648 4572 pro
2671 4501 2751 4556 his
2775 4503 2825 4556 in
2843 4503 2957 4558 acie
2979 4513 3120 4557 stant
3141 4524 3152 4556 ;
3174 4505 3242 4558 ita
3267 4505 3365 4560 huc

1789 4595 1842 4648 in
1873 4609 2056 4648 causa.
2105 4591 2235 4660 Quis
2279 4595 2422 4647 enim
2455 4593 2705 4660 Paulum,
2757 4594 2857 4648 nisi
2898 4594 3124 4650 docendi
3171 4612 3366 4651 munus

1787 4685 2064 4750 obivisset,
2098 4683 2420 4752 conjecisset
2448 4685 2501 4738 in
2529 4700 2801 4740 carcerem
2829 4687 2850 4740 i
2877 4687 3233 4754 Quamobrem
3263 4689 3364 4742 mi-

1789 4776 2021 4832 nistrare
2042 4782 2242 4832 sanctis
2269 4785 2502 4848 oportet.
2532 4778 2630 4844 Qui
2659 4782 2803 4834 enim
2832 4795 2939 4834 non
2967 4780 3255 4834 absurdum
3277 4783 3367 4847 sit,

1790 4869 1837 4923 ci
1860 4868 1947 4937 qui
1977 4879 2192 4923 terreno
2218 4866 2528 4938 Imperatori
2554 4870 2766 4936 militat,
2793 4871 2974 4924 omnia
3001 4872 3367 4941 suppeditare.

1789 4968 1844 5014 et
1891 4959 2210 5014 vestimenta
2239 4967 2294 5015 et
2341 4960 2579 5029 cibaria,
2630 4975 2736 5017 non
2765 4961 2938 5017 solum
2971 4974 3226 5032 quantutu
3274 4979 3367 5018 nc-

1790 5050 2014 5106 cessitas
2041 5050 2307 5118 postulat,
2336 5051 2431 5106 sed
2477 5052 2637 5106 etiam
2671 5051 2789 5121 plus
2813 5067 2972 5123 quam
3009 5054 3142 5128 satis
3166 5065 3276 5119 est;
3317 5055 3369 5108 ei

1790 5154 1919 5196 vero
1948 5141 2040 5209 qui
2086 5141 2279 5195 militat
2328 5142 2529 5196 caelesti
2562 5142 2913 5211 Imperatori,
2964 5152 3123 5214 atque
3173 5144 3226 5198 in
3255 5144 3371 5198 acie

1793 5242 1897 5286 stat
1923 5233 2184 5287 adversus
2221 5234 2405 5290 hostes
2435 5235 2591 5305 longe
2628 5236 2948 5308 graviores(
2984 5238 3236 5303 Quoniam
3266 5255 3368 5292 non

1792 5336 1864 5379 est
1902 5326 2194 5379 colluctatio
2224 5328 2400 5393 nobis,
2447 5327 2654 5396 inquit,
2694 5329 2936 5383 adversus
2979 5333 3276 5400 sanguinem
3323 5343 3369 5384 et

1792 5432 1992 5470 carnem
2021 5415 2235 5488 [Ephes.
2262 5418 2315 5473 8.
2349 5417 2414 5471 I9.
2449 5416 2514 5490 ]),
2545 5433 2716 5487 neque
2733 5420 3032 5474 necessaria
3060 5421 3218 5473 etiam
3240 5435 3368 5487 sup-

1795 5506 2074 5574 peditare?
2102 5509 2256 5577 cujus
2283 5507 2383 5562 hoc
2415 5508 2706 5578 iniquitatis
2727 5519 2809 5563 est
2831 5508 2855 5562 ?
2877 5519 3135 5580 quantum
3162 5511 3262 5566 hoc
3293 5514 3371 5566 in-

1793 5600 1926 5666 grati
1957 5607 2010 5652 et
2039 5601 2184 5667 parci
2212 5601 2376 5654 animi
2408 5601 2634 5655 vitium?

1867 5694 1917 5745 4.
1953 5692 2238 5759 Caeterum,
2270 5702 2526 5762 quantutn
2554 5695 2730 5760 video,
2760 5694 2876 5763 plus
2897 5695 3035 5765 apud
3069 5710 3166 5750 nos
3194 5695 3370 5750 humi-

1800 5800 1922 5838 nqu
1955 5794 2125 5840 luctus
2156 5795 2348 5855 potest,
2379 5803 2535 5856 quam
2566 5787 2822 5856 gchcnna:
2847 5797 2899 5843 ct
2925 5785 3220 5843 futurorum
3245 5803 3376 5863 sum
