4064 6318
771 408 863 464 SILI
1455 400 1513 458 S.
1552 399 1828 459 JOANNIS
1856 397 1991 456 ὒιιιι
2001 394 2314 453 ΥΞΟΞΤΟΜΙ

2421 394 2672 452 ιιιιιιιιῖιι.
2711 399 3237 456 consranrmor.
3409 389 3414 398 '
3897 410 3991 464 ξω

757 521 1054 589 pth-ierunt.
1076 519 1359 588 Propterea
1379 531 1508 572 sane
1528 515 1705 571 omnia
1729 525 1912 571 contra
1936 530 2091 584 quam
2113 513 2319 576 deemt,

755 627 816 666 se
843 611 1069 673 habent,
1098 621 1155 662 ut
1201 610 1374 664 civilia
1416 607 1628 677 quidem
1678 608 1886 677 negotia
1935 607 2145 677 singulo
2190 621 2321 674 quo-

755 718 861 770 que
908 699 996 755 die
1055 697 1461 769 diligentissime
1514 697 1976 761 administrentur,
2019 712 2190 766 neque
2231 695 2319 749 illa

757 807 1004 860 umquam
1027 791 1196 844 omitti
1226 790 1408 846 videas
1431 806 1447 855 ;
1474 789 1824 860 spiritualium
1853 803 1979 842 vero
2005 788 2143 841 nulla
2171 787 2323 841 nobis

757 883 892 936 ratio
931 881 1209 937 habeatur.
1255 882 1367 946 Ita,
1412 896 1531 951 qua:
1561 880 1874 934 necessitate
1899 879 2050 933 nobis
2077 878 2319 947 imposita

752 988 815 1027 ac
844 974 1123 1027 tormentis
1149 972 1455 1041 prepositis,
1484 974 1807 1039 omninoque
1836 980 2100 1039 tamquam
2137 986 2166 1023 a
2203 985 2322 1024 ser-

755 1063 833 1116 vis
858 1072 907 1116 et
950 1062 1126 1116 invitis
1150 1063 1452 1132 exiguntur,
1494 1077 1682 1131 magna
1719 1071 2033 1131 prtestantur
2060 1076 2180 1114 cmn
2210 1061 2318 1114 ala-

751 1154 939 1207 critate
971 1171 987 1207 :
1017 1167 1136 1221 qua:
1165 1168 1292 1207 vero
1335 1169 1365 1205 a
1411 1153 1694 1207 libentibus
1734 1161 1893 1221 atque
1937 1162 1991 1206 ut
2033 1167 2062 1205 a
2117 1151 2314 1218 liberis,

753 1244 930 1296 onmia
960 1245 1296 1300 omittuntur.
1326 1243 1440 1298 Non
1483 1243 1598 1300 haec
1639 1245 1691 1298 in
1736 1259 1925 1299 onmes
1954 1244 2095 1308 dico,
2141 1245 2233 1321 sed
2265 1244 2315 1297 in

749 1349 847 1386 eos
871 1334 959 1402 qui
996 1332 1295 1403 hujusmodi
1323 1344 1563 1402 Stnnptns
1607 1336 1780 1388 facere
1823 1342 2087 1389 recusant.
2128 1337 2315 1388 Annon

751 1433 960 1493 poterat
983 1425 1121 1480 Deus
1151 1427 1521 1481 necessitatem
1548 1425 1770 1481 faciendi
1795 1426 2106 1495 inuenere?
2124 1427 2188 1480 At
2212 1443 2315 1480 non

751 1515 864 1569 vult
889 1531 903 1567 :
941 1516 1090 1570 vobis
1117 1516 1258 1570 enim
1287 1517 1451 1586 tttagis
1477 1517 1728 1580 consulit,
1765 1532 1922 1586 quam
1965 1517 2027 1570 iis
2050 1517 2138 1586 qui
2165 1517 2318 1570 alun-

750 1614 856 1659 tur.
891 1605 1015 1662 Ideo
1043 1623 1147 1661 non
1187 1607 1302 1660 vult
1337 1607 1520 1662 ἰδιιιίινε
1551 1622 1643 1661 vos
1667 1622 1730 1661 ex
1761 1607 2075 1661 necessitate
2103 1606 2278 1661 facere
2299 1647 2313 1672 ,

749 1696 998 1766 quoniam
1031 1698 1172 1751 nulla
1203 1712 1294 1751 vos
1320 1705 1556 1751 maneret
1603 1711 1826 1751 merces.
1876 1699 2122 1752 Attamen
2169 1699 2317 1753 multi

748 1804 937 1842 eorum
967 1788 1054 1859 qui
1083 1788 1170 1842 hic
1197 1798 1338 1853 sunt,
1377 1787 1578 1844 Juda-is
1615 1797 1738 1842 sunt
1768 1787 2050 1843 inferiores
2077 1804 2139 1843 ac
2166 1789 2318 1842 vilio-

749 1896 854 1933 res.
886 1880 1067 1950 Cogita
1090 1922 1104 1944 ,
1132 1889 1262 1949 qttot
1299 1885 1450 1934 erant
1476 1895 1595 1949 qua:
1624 1895 1654 1934 a
1683 1879 1881 1934 Judmis
1906 1879 2188 1947 dabantur,
2221 1880 2317 1935 de-

746 1970 902 2023 cimae
923 2009 937 2031 ,
967 1969 1214 2039 primitia:
1237 2009 1252 2033 ,
1284 1984 1468 2024 rursus
1496 1969 1748 2037 decimae,
1786 1977 1839 2026 et
1863 1984 2047 2024 rursus
2072 1970 2193 2024 alia:
2221 1970 2318 2025 de-

746 2063 923 2127 eimze,
965 2070 1022 2116 et
1061 2075 1245 2116 rursus
1269 2062 1389 2116 alia:
1416 2061 1832 2127 decimaetertire,
1861 2072 1914 2118 et
1941 2063 2129 2117 siclum
2167 2081 2180 2116 :
2220 2077 2318 2117 nec

746 2154 1025 2223 quisquam
1063 2163 1200 2219 erat,
1230 2153 1320 2222 qui
1357 2153 1575 2218 dio-ret,
1611 2153 1915 2208 sacerdotes
1954 2155 2116 2208 multa
2152 2153 2315 2208 devo-

747 2257 888 2296 rare.
941 2241 1057 2309 Quo
1107 2242 1257 2311 plura
1305 2243 1587 2311 accipiunt,
1632 2257 1699 2297 eo
1740 2242 1903 2297 etiam
1952 2243 2044 2298 tibi
2090 2244 2316 2311 amplior

747 2346 974 2386 merces.
1006 2331 1121 2385 Non
1148 2330 1432 2398 dicebant,
1461 2331 1618 2387 Multa
1648 2324 1864 2388 sumunt
1889 2374 1904 2397 ,
1935 2333 2108 2389 ventri
2138 2334 2314 2388 indul-

746 2429 907 2491 gent;
937 2436 1056 2490 qua:
1095 2436 1234 2474 nunc
1261 2421 1516 2491 quosdam
1545 2422 1784 2477 dicentes
1816 2422 1992 2476 audio.
2022 2424 2194 2493 Atque
2229 2423 2315 2478 isti

743 2510 981 2579 quidem,
1026 2511 1114 2580 qui
1161 2509 1351 2565 domos
1386 2511 1653 2566 aedificant
1694 2522 1852 2582 atque
1891 2527 2047 2582 agros
2084 2523 2310 2578 emunt,

746 2599 878 2653 nihil
907 2607 1091 2669 putant
1119 2614 1182 2655 se
1223 2599 1417 2655 habere
1452 2619 1464 2654 :
1504 2600 1644 2671 quod
1686 2601 1731 2655 si
1770 2603 2016 2658 sacerdos
2053 2603 2313 2675 quispiam

746 2693 905 2762 paulo
926 2693 1286 2762 splendidiore
1317 2702 1465 2749 veste
1494 2694 1711 2748 indutus
1738 2694 1921 2759 fderit,
1949 2704 2037 2749 aut
2057 2711 2311 2752 necessa-

745 2783 828 2838 rio
851 2783 1104 2838 alimento
1131 2799 1234 2838 non
1260 2792 1433 2852 egeat,
1456 2794 1544 2838 aut
1574 2784 1828 2838 famulmn
1855 2785 2067 2851 habeat,
2107 2803 2173 2841 ne
2199 2790 2313 2857 ipse
2353 2831 2362 2840 .

742 2881 965 2941 cogatur
1003 2888 1032 2927 a
1072 2872 1271 2927 decore
1293 2872 1602 2937 discedere;
1632 2873 1734 2928 ho‘c
1772 2873 1847 2927 illi
1879 2874 2092 2930 divitias
2133 2878 2310 2930 nomi-

746 2970 901 3015 nant.
935 2961 1076 3016 Vere
1119 2961 1316 3016 divitiis
1358 2963 1710 3029 abundamus,
1745 2963 1902 3033 idque
1932 2964 2018 3018 isti
2049 2966 2133 3021 vel
2164 2968 2312 3022 inviti

746 3053 995 3107 fatentur.
1026 3052 1319 3115 Nos,enim
1363 3053 1569 3108 etiamsi
1604 3068 1770 3122 pauca
1802 3053 2109 3120 habeamus,
2140 3057 2310 3111 abun-

744 3145 933 3197 damus
969 3143 1205 3207 divitiis;
1248 3144 1322 3197 illi
1364 3159 1490 3199 vero
1528 3146 1733 3199 etiamsi
1764 3147 1942 3201 omnia
1969 3146 2070 3202 sibi
2099 3162 2311 3219 compa-

744 3244 899 3301 rent,
932 3236 1106 3305 inopia
1138 3236 1396 3316 laborant.
1427 3238 1712 3308 Quousque
1747 3238 2024 3296 dementes
2065 3244 2266 3298 erimus
2291 3246 2316 3298 ἲ

747 3343 852 3382 non
879 3327 1009 3382 satis
1042 3328 1192 3381 vobis
1223 3328 1429 3383 videtur
1466 3329 1532 3383 ad
1576 3331 1892 3400 supplicium
1918 3334 2068 3396 vobis
2093 3349 2312 3406 compa-

746 3417 990 3482 randum,
1022 3418 1161 3487 quod
1190 3418 1394 3472 nultum
1425 3434 1558 3488 opus
1579 3421 1754 3486 editis,
1786 3422 1885 3476 nisi
1908 3423 2157 3479 damnum
2184 3426 2312 3481 illud

743 3509 896 3562 vobis
929 3509 1272 3575 contrahatis,
1302 3511 1442 3579 quod
1473 3511 1541 3566 de
1561 3512 1678 3566 aliis
1709 3513 2040 3569 detrahendo
2061 3518 2315 3572 accedit?

746 3599 954 3653 Etenim
981 3600 1025 3652 si
1055 3609 1107 3652 tu
1129 3600 1288 3654 etiam
1315 3614 1484 3667 esses,
1515 3603 1603 3669 qui
1631 3618 1692 3656 ea
1721 3619 1838 3672 qua:
1865 3603 2023 3659 habet
2047 3609 2310 3661 sacerdoti

744 3687 1006 3753 dedisses,
1037 3697 1212 3742 tamen
1241 3705 1307 3743 eo
1333 3689 1450 3760 ipso
1479 3692 1777 3746 mercedem
1801 3695 2140 3762 perdidisses,
2173 3699 2313 3766 quod

742 3793 805 3832 ea
837 3779 889 3832 in
918 3778 1119 3850 crimen
1162 3794 1380 3834 vocares
1402 3822 1415 3847 ,
1444 3796 1562 3850 quze
1588 3789 1642 3835 ιιι
1670 3782 1781 3850 ipse
1827 3783 2068 3841 dedisses
2094 3805 2106 3840 :
2138 3790 2312 3842 enmi-

743 3886 923 3938 noquc
953 3870 997 3923 si
1035 3879 1088 3926 tu
1117 3870 1309 3923 dedisti
1335 3911 1350 3933 ,
1380 3871 1504 3939 quid
1531 3872 1872 3927 criminaris?
1903 3876 2067 3929 Antea
2101 3878 2312 3946 quidcnt

745 3976 1031 4031 pauperem
1075 3962 1222 4015 illum
1264 3962 1426 4016 fuisse
1466 3963 1697 4029 testaris,
1728 3963 1858 4029 Quae
1903 3964 2311 4038 habethinquis,

742 4067 846 4123 ego
887 4052 1009 4106 dedi
1040 4070 1053 4103 :
1084 4051 1213 4121 quid
1251 4067 1378 4120 ergo
1427 4052 1772 4107 criminaris?
1811 4053 2050 4110 Dandum
2098 4058 2315 4114 minime

746 4145 939 4203 fuerit,
969 4143 1013 4196 si
1040 4158 1160 4196 eras
1190 4142 1242 4195 in
1268 4143 1469 4196 crimen
1494 4151 1793 4196 vocaturos.
1819 4147 1887 4198 At
1915 4160 2034 4199 cum
2058 4140 2195 4202 alter
2222 4149 2314 4202 de-

740 4235 839 4296 dit,
869 4235 967 4286 ista
999 4233 1133 4287 dicis
1156 4233 1180 4285 ?
1206 4232 1430 4287 Gravius
1465 4247 1592 4287 sane
1611 4233 1864 4287 delictum
1887 4275 1901 4299 ,
1927 4251 2048 4290 cum
2076 4245 2130 4291 tu
2158 4238 2317 4291 mini-

745 4341 830 4378 me
864 4323 1076 4378 dederis
1099 4364 1113 4387 ,
1145 4325 1365 4377 alterius
1407 4322 1682 4377 benefacta
1723 4324 2011 4378 criminari.
2052 4327 2311 4392 Quantam

742 4414 863 4467 illos
911 4413 1211 4467 mercedem
1246 4428 1464 4467 manere
1494 4423 1665 4480 putas,
1692 4413 1782 4482 qui
1824 4414 2009 4469 isthmc
2048 4416 2314 4472 audiunt?

747 4507 842 4562 Dei
868 4507 1007 4560 enim
1033 4521 1192 4560 causa
1220 4505 1334 4560 haec
1355 4505 1646 4574 patiuntur.
1670 4505 1805 4571 Quid
1829 4507 1898 4560 ita
1924 4509 1946 4558 ’Β
1973 4507 2243 4574 Poterant,
2265 4511 2312 4563 si

744 4603 1056 4668 voluissent,
1090 4619 1358 4672 caupones
1388 4603 1522 4670 lieri,
1555 4605 1762 4659 tametsi
1796 4606 1923 4659 nihil
1953 4606 2058 4662 illis
2083 4623 2112 4661 a
2140 4609 2313 4677 majo-

742 4697 889 4751 ribus
924 4696 1163 4749 relictum
1185 4702 1346 4750 esset.
1380 4694 1508 4748 Nam
1534 4705 1589 4750 et
1617 4695 1732 4750 brcc
1757 4697 1950 4751 multos
1976 4698 2313 4769 impudenter

739 4788 981 4841 dicentes
1019 4786 1193 4849 audio,
1244 4789 1287 4838 si
1333 4785 1546 4856 quando
1587 4803 1684 4841 nos
1713 4788 1780 4842 ita
1811 4788 2037 4842 dicimus
2060 4832 2075 4855 ,
2111 4790 2206 4845 llic
2228 4792 2312 4846 vel

745 4877 836 4931 ille
876 4891 1078 4944 pauper
1106 4887 1185 4930 est
1215 4895 1230 4930 :
1262 4876 1493 4942 Poterat,
1537 4877 1800 4947 inquiunt,
1841 4880 1883 4932 si
1927 4881 2200 4945 voluisset,
2244 4882 2311 4936 ad

741 4967 954 5018 divitias
976 4966 1273 5034 pervenire.
1302 4965 1500 5021 Deinde
1524 4969 1874 5022 contumelias
1901 4970 2100 5024 addunt
2123 5011 2136 5034 ,
2170 4973 2314 5027 Avtts

739 5056 894 5110 istius
919 5065 974 5111 et
994 5058 1192 5110 abavus
1215 5057 1349 5112 tales
1372 5056 1606 5121 fuerunt,
1634 5057 1719 5112 hic
1745 5075 1872 5112 vero
1895 5075 2032 5115 nunc
2056 5062 2144 5114 tali
2169 5072 2316 5116 veste

741 5147 960 5200 indutus
1007 5157 1110 5202 est.
1159 5147 1264 5202 Sed
1308 5148 1477 5217 quid?
1521 5149 1609 5202 dic
1648 5148 1814 5214 mihi;
1847 5150 2120 5205 ttudumne
2165 5151 2312 5206 illum

742 5228 1026 5291 circumire
1054 5238 1328 5306 oportuit?
1371 5238 1513 5307 Ergo
1556 5239 1655 5293 ista
1701 5240 1915 5308 quidem
1948 5249 2000 5293 ιιι
2043 5241 2315 5295 subtiliter

742 5327 808 5380 ad
835 5327 1070 5381 calculos
1097 5343 1349 5387 revocas;
1373 5328 1468 5382 sed
1496 5329 1614 5383 vide
1642 5345 1710 5384 ne
1736 5340 1919 5384 contra
1948 5331 2173 5400 teipsum
2199 5332 2314 5386 luce

740 5419 890 5494 dicas
920 5435 934 5471 :
967 5428 1126 5488 atque
1150 5419 1272 5472 audi
1302 5418 1446 5472 illam
1476 5418 1674 5474 Christi
1710 5419 2162 5485 admonitionem,
2198 5421 2313 5476 No-

741 5508 829 5562 lite
845 5508 1105 5577 judicare,
1137 5518 1184 5561 et
1213 5525 1313 5562 non
1333 5509 1693 5578 judicabimini
1719 5510 1931 5580 (Matth.
1959 5513 2012 5566 7.
2048 5513 2121 5582 Ι).
2155 5512 2316 5567 Pote-

743 5610 824 5656 rat
851 5601 1028 5670 igitur,
1055 5601 1100 5654 si
1136 5601 1408 5664 voluisset,
1449 5602 1824 5670 cauponariam
1849 5617 1913 5656 ac
1952 5615 2310 5659 mercaturam

741 5706 1016 5754 exercere,
1042 5692 1363 5760 omninoque
1389 5707 1493 5746 non
1519 5693 1782 5762 eguisset;
1824 5695 1916 5749 sed
1945 5697 2133 5751 noluit.
2166 5697 2302 5762 Quid

745 5781 923 5852 igitur,
968 5795 1170 5850 quwso,
1213 5780 1480 5838 lucretur?
1511 5798 1635 5838 eum
1666 5786 1847 5841 sericis
1878 5786 2108 5842 induitur
2140 5788 2299 5843 vcsti-

2436 508 2534 562 hus
2552 509 2579 560 ἲ
2600 525 2725 565 num
2754 513 3073 567 sectatorum
3102 512 3491 568 multitudinem
3522 529 3618 584 per
3644 515 3822 571 forum
3855 518 3989 571 itu-e-

2427 600 2560 654 dens
2583 603 2972 659 circumducit?
2999 621 3122 658 num
3152 621 3288 674 equo
3312 605 3558 661 vehitur?
3579 623 3707 662 num
3733 608 3882 663 ades
3908 624 3988 662 ex-

2429 697 2604 759 struit,
2650 694 2848 750 habens
2889 696 2976 750 ubi
3009 695 3242 766 habitet?
3269 697 3325 753 Si
3355 697 3471 753 haec
3503 701 3625 753 facit
3649 741 3662 764 ,
3691 715 3798 769 ego
3837 701 3985 754 etiam

2430 783 2782 850 reprehendo,
2829 801 3001 854 neque
3030 787 3101 841 illi
3141 802 3324 856 parco,
3371 789 3462 843 sed
3507 791 3811 845 sacerdotio
3858 793 3984 845 indi-

2426 888 2584 941 gnum
2628 889 2748 928 esse
2775 875 3001 929 alfirmo.
3029 875 3159 929 Nam
3181 878 3447 947 quomodo
3475 895 3695 934 mouere
3733 881 3869 933 aiios
3899 897 3984 949 po-

2427 963 2586 1030 terit,
2635 979 2702 1018 ne
2739 965 2898 1019 rebus
2927 967 3043 1020 istis
3071 967 3341 1022 inutilibus
3369 980 3590 1033 vacent,
3623 972 3711 1040 qui
3747 959 3984 1038 hapsus:

2425 1069 2644 1112 monere
2684 1072 2788 1109 non
2837 1057 3050 1125 potest?
3087 1059 3179 1112 Sin
3209 1068 3386 1113 autem
3413 1059 3553 1130 quod
3598 1062 3757 1117 rebus
3789 1071 3982 1116 tantum

2423 1145 2489 1200 ad
2519 1146 2678 1199 vitam
2710 1148 3024 1201 necessariis
3049 1165 3154 1203 non
3183 1159 3320 1220 eget,
3354 1152 3456 1206 hoc
3480 1151 3594 1220 ipso
3625 1153 3807 1222 inique
3846 1154 3981 1222 agit;

2423 1250 2492 1288 an
2537 1235 2710 1305 ipsum
2753 1237 3032 1290 circumire
3069 1240 3369 1308 oportebat.
3413 1249 3470 1294 et
3514 1241 3857 1296 mendicare?
3898 1257 3982 1295 nec

2421 1325 2706 1394 quidquam
2737 1334 2824 1392 te,
2854 1342 2888 1382 ο
2916 1328 3207 1397 discipule,
3255 1329 3514 1399 puderet?
3554 1332 3630 1387 Ac
3669 1332 3715 1386 si
3755 1333 3980 1386 carnalis

2424 1424 2573 1482 pater
2596 1415 2648 1468 id
2670 1415 2847 1482 faciat,
2875 1405 3112 1472 dedecus
3140 1434 3388 1490 magnum
3414 1431 3599 1488 putes;
3627 1422 3708 1476 sin
3733 1423 3978 1490 spiritua-

2422 1507 2488 1560 lis
2515 1522 2581 1559 eo
2603 1507 2930 1563 descendere
2952 1519 3206 1579 cogatur,
3237 1528 3339 1564 non
3378 1512 3663 1567 crubesces
3684 1555 3702 1578 ,
3734 1528 3908 1582 neque
3934 1523 3978 1567 te

2423 1597 2656 1652 tenebris
2697 1598 2995 1654 abdendum
3025 1600 3272 1669 putabis?
3315 1601 3544 1656 Dedecus
3581 1604 3735 1669 ertitn,
3781 1603 3973 1673 inquit,

2422 1689 2645 1756 ﬁliorum
2671 1700 2814 1758 pater
2848 1692 2958 1746 sine
2983 1693 3172 1747 honore
3208 1692 3402 1765 (Ereti.
3428 1695 3479 1749 5.
3512 1695 3624 1763 13).
3656 1694 3792 1761 Quid
3818 1679 3976 1764 ergo?

2422 1779 2750 1849 pereundum
2783 1780 2856 1834 illi
2903 1781 3043 1835 fame
3083 1782 3294 1836 fuerat?
3338 1783 3531 1838 Verum
3561 1801 3734 1854 neque
3775 1785 3876 1840 hoc
3912 1786 3972 1854 pii

2422 1870 2650 1924 hominis
2691 1880 2800 1935 est;
2843 1885 3016 1940 neque
3058 1871 3199 1926 enim
3247 1873 3502 1941 probator
3544 1875 3672 1928 Deo.
3719 1875 3972 1930 (l.-eternal

2420 1960 2634 2030 quando
2678 1960 2792 2016 haec
2831 1961 3087 2017 adversus
3112 1963 3241 2017 istos
3275 1963 3566 2024 aﬂ'erimus,
3599 1967 3774 2020 subito
3809 1966 3971 2035 philo-

2420 2050 2714 2118 sophantur
2745 2070 2758 2104 :
2790 2052 3045 2121 scriptum
3071 2062 3185 2117 est,
3219 2053 3464 2123 inquiunt
3486 2094 3500 2118 ,
3531 2052 3705 2108 Nolite
3730 2057 3974 2126 possidere

2420 2158 2616 2208 nurum,
2647 2157 2803 2210 neque
2829 2153 3116 2212 argentum,
3142 2159 3300 2212 neque
3327 2143 3456 2198 duae
3483 2145 3699 2207 tunicas,
3726 2162 3883 2214 neque
3911 2161 3973 2198 tr:

2419 2235 2471 2288 in
2495 2236 2636 2288 zonis
2660 2235 2831 2287 restria
2853 2274 2867 2297 ,
2897 2250 3054 2303 neque
3076 2235 3270 2306 virgam
3300 2235 3516 2312 (Matth.
3543 2236 3630 2292 10.
3656 2237 3730 2303 9).
3762 2237 3825 2290 lli
3854 2252 3972 2291 vero

2422 2334 2569 2378 terna
2599 2333 2653 2378 et
2680 2332 2936 2392 quaterna
2961 2323 3159 2379 habent
3185 2325 3497 2380 vestimenta
3521 2367 3540 2393 ,
3562 2337 3618 2380 et
3643 2327 3810 2382 lectos
3850 2342 3970 2381 con-

2419 2423 2632 2467 stratas.
2664 2413 2757 2468 llei
2783 2413 2912 2468 mihi
2933 2417 2946 2469 l
2978 2429 3142 2484 cegor
3165 2430 3266 2485 ego
3291 2432 3433 2471 nunc
3455 2419 3723 2486 suspirare
3740 2458 3760 2484 ,
3787 2433 3850 2472 ac
3880 2420 3970 2472 nisi

2419 2504 2549 2558 mihi
2581 2504 2830 2558 decorum
2873 2506 3124 2560 tuendum
3156 2516 3320 2572 esset,
3359 2507 3550 2563 multis
3575 2509 3734 2563 etiam
3763 2509 3971 2578 profun—

2418 2595 2598 2650 derem
2641 2596 2919 2666 Iacrymas.
2961 2595 3108 2652 Cur?
3131 2597 3392 2666 Quoniam
3419 2599 3472 2653 in
3517 2600 3743 2654 aliorum
3768 2601 3973 2670 quidem

2418 2687 2648 2742 festucas
2690 2688 2822 2743 adeo
2860 2689 3140 2759 diligenter
3189 2690 3545 2761 inquirimus,
3591 2702 3801 2748 nostras
3853 2709 3973 2746 vero

2420 2780 2616 2840 trabes,
2639 2795 2771 2849 quas
2789 2782 2841 2833 in
2868 2783 3034 2835 oculis
3063 2780 3352 2848 habemus,
3379 2798 3447 2838 ne
3465 2785 3721 2839 sentimus
3743 2784 3968 2854 quidem.

2419 2869 2513 2923 Dic
2557 2870 2707 2933 mihi,
2755 2885 2850 2924 cur
2897 2870 3078 2924 istbme
3119 2871 3211 2926 tibi
3240 2871 3341 2942 ipsi
3382 2888 3488 2927 non
3517 2874 3687 2929 dicis?
3720 2874 3969 2942 Quoniam

2419 2962 2538 3024 hoc,
2569 2962 2757 3030 inquit,
2788 2963 3055 3031 magistris
3083 2963 3359 3017 dumtaxat
3379 2975 3697 3034 preceptum
3719 2975 3823 3019 est.
3845 2965 3971 3033 Ergo

2417 3068 2536 3107 cum
2570 3053 2761 3108 Paulus
2790 3053 2994 3124 inquit,
3031 3053 3282 3110 Habentes
3305 3057 3545 3110 alimenta
3568 3067 3616 3110 et
3639 3057 3817 3126 quibus
3841 3069 3968 3125 tega-

2417 3160 2530 3199 nntr
2548 3185 2563 3212 ,
2592 3146 2670 3199 his
2698 3147 2916 3200 cernenti
2941 3147 3098 3201 sintne
3123 3146 3213 3218 (l.
3240 3146 3372 3202 Tim.
3401 3147 3454 3202 6.
3482 3147 3581 3217 8),
3610 3148 3676 3202 ad
3701 3149 3846 3202 solos
3869 3163 3970 3201 ma-

2417 3237 2612 3307 gistros
2643 3238 2802 3292 verba
2829 3237 3262 3302 facit?Minime;
3287 3238 3379 3292 sed
3409 3238 3474 3292 ad
3502 3253 3688 3293 omnes
3717 3239 3966 3294 homines.

2421 3329 2580 3398 quue
2605 3328 2734 3383 satis
2761 3329 3042 3394 constabit,
3061 3330 3104 3382 si
3130 3344 3160 3382 a
3181 3329 3353 3397 capite
3383 3328 3555 3383 locum
3581 3330 3722 3382 illum
3741 3331 3969 3397 inspexe-

2420 3419 2584 3474 rimus
2617 3437 2630 3472 :
2663 3435 2784 3473 nam
2814 3435 2933 3474 cum
2960 3420 3204 3486 dixisset,
3225 3419 3314 3474 Est
3338 3431 3504 3474 autem
3527 3432 3746 3490 quartus
3773 3438 3971 3490 magnus

2419 3511 2575 3578 pietas
2602 3527 2712 3562 cum
2751 3511 3080 3579 ruﬂicientia;
3117 3525 3182 3564 ac
3218 3509 3413 3565 deinde
3455 3509 3748 3565 addidisset
3771 3553 3786 3577 ,
3833 3509 3970 3564 Nihil

2418 3602 2548 3655 enim
2576 3600 2835 3653 intulimus
2873 3602 2926 3653 in
2964 3602 3098 3653 hunc
3136 3601 3413 3665 mundum,
3454 3600 3592 3654 haud
3617 3602 3823 3656 dubium
3847 3602 3969 3673 quod

2418 3707 2506 3743 nec
2529 3691 2730 3758 auferre
2764 3691 2885 3759 quid
2909 3707 3172 3759 passuum:
3194 3708 3214 3756 ;
3241 3691 3496 3748 continuo
3532 3693 3797 3764 subiunxit
3820 3735 3838 3759 ,
3867 3692 3965 3746 Ha-

2420 3784 2586 3834 bentes
2611 3790 2775 3834 autem
2800 3781 3042 3835 alimenta
3069 3790 3114 3834 et
3148 3782 3325 3851 quibus
3361 3792 3592 3853 tegantur
3612 3823 3629 3850 ,
3661 3784 3737 3838 In's
3764 3785 3971 3837 contenti

2417 3874 2594 3925 simus.
2622 3872 2720 3934 Qui
2749 3881 2917 3924 autem
2940 3872 3112 3924 volunt
3137 3872 3314 3926 divites
3341 3873 3473 3941 fieri,
3502 3873 3521 3925 i
3561 3875 3729 3926 sidunt
3753 3873 3806 3927 in
3825 3883 3970 3926 tento-

2417 3972 2602 4024 tionem
2629 3978 2675 4021 et
2713 3969 2964 4035 laqueum,
3003 3976 3049 4020 et
3084 3967 3332 4021 desideria
3368 3968 3530 4021 multa
3556 3969 3709 4022 stulta
3733 3977 3782 4022 et
3809 3968 3969 4021 nociu

2418 4059 2579 4130 (Ibid.
2610 4058 2731 4112 v.6.
2764 4055 2842 4126 9).

2489 4153 2541 4206 5.
2580 4151 2739 4204 Vides
2767 4149 2832 4203 ad
2860 4164 3045 4204 omnes
3083 4151 3376 4205 orationem
3411 4149 3632 4206 haberi?
3655 4151 3790 4218 Quid
3821 4165 3966 4215 vero,

2418 4259 2538 4297 cum
2584 4257 2766 4296 rursus
2798 4242 3002 4310 inquit,
3027 4240 3208 4296 Carnis
3236 4257 3408 4295 curam
3433 4257 3498 4295 ne
3521 4241 3740 4311 feceritis
3769 4248 3820 4295 tn
3847 4242 3968 4295 dedo

2418 4335 2570 4387 deriir
2597 4331 2769 4403 (Rom.
2801 4332 2886 4385 t5.
2929 4331 3017 4401 14)
3042 4347 3057 4397 ;
3087 4346 3268 4388 nonne
3303 4332 3551 4388 omnibus
3586 4334 3876 4403 generatim
3905 4334 3968 4384 lo-

2417 4424 2635 4494 quitur?
2659 4423 2784 4492 quid
2815 4437 2964 4487 vero,
2997 4437 3117 4477 cum
3148 4421 3354 4492 inquit,
3381 4422 3718 4489 Esca'ventri,
3744 4431 3794 4477 et
3821 4433 3969 4476 tenter

2417 4515 2542 4568 escis
2582 4530 2598 4566 :
2625 4513 2761 4567 Deus
2787 4522 2953 4566 autem
2978 4521 3026 4566 et
3060 4511 3194 4567 hunc
3219 4524 3268 4567 et
3292 4513 3385 4566 Ita:
3412 4513 3632 4566 destruet
3656 4513 3677 4582 (
3698 4513 3747 4567 l.
3779 4513 3890 4567 Cor.
3920 4511 3963 4563 6.

2420 4605 2508 4677 l3)
2530 4607 2553 4658 ἲ
2578 4605 2701 4674 qttid
2732 4618 2881 4669 vero,
2913 4603 2998 4657 ubi
3027 4602 3218 4672 inquit,
3254 4601 3380 4667 Qua:
3398 4603 3452 4656 in
3474 4602 3670 4655 deliciis
3690 4612 3764 4656 est
3783 4605 3968 4667 ,Jieem

2417 4706 2618 4749 mortua
2639 4705 2744 4758 est,
2763 4693 2828 4747 de
2856 4693 3010 4747 vidua
3043 4692 3304 4762 loquens?
3333 4708 3458 4746 num
3488 4691 3716 4746 fortasse
3744 4700 3802 4746 et
3830 4691 3965 4744 vidua

2421 4787 2669 4855 magister
2709 4784 2834 4839 est?
2877 4799 3052 4838 annon
3090 4785 3203 4852 ipse
3233 4784 3350 4848 fuit,
3392 4784 3479 4853 qtti
3511 4783 3580 4838 ita
3611 4783 3762 4848 dixit,
3792 4783 3969 4838 Docere

2419 4888 2586 4930 autem
2624 4876 2819 4928 ntuiim'
2848 4892 2947 4929 non
2987 4877 3240 4944 permitto,
3274 4892 3429 4945 neque
3454 4876 3705 4928 dominari
3743 4877 3797 4928 in
3825 4875 3966 4929 rirttut

2423 4969 2497 5038 (l.
2526 4966 2658 5020 Tim.
2687 4968 2740 5022 5.
2771 4965 2824 5020 6.
2856 4977 2900 5020 et
2925 4965 2980 5018 2.
3015 4966 3100 5033 l2)
3123 4966 3146 5018 ?
3170 4965 3318 5031 Quod
3348 4967 3391 5020 si
3433 4965 3587 5020 vidua
3609 5006 3625 5032 ,
3658 4965 3745 5020 ubi
3774 4976 3830 5021 et
3852 4973 3966 5019 tetas

2419 5059 2634 5122 senilis;
2677 5065 2924 5112 senectus
2952 5059 3094 5110 enim
3121 5070 3312 5125 magno
3345 5064 3465 5126 eget
3487 5055 3773 5125 obsequio,
3806 5064 3858 5110 et
3889 5070 3967 5105 na-

2422 5157 2536 5201 tura
2569 5149 2718 5217 ipsa;
2751 5147 3007 5201 muliebre
3028 5147 3168 5200 enim
3197 5160 3366 5216 genus
3394 5147 3597 5214 majore
3624 5157 3744 5215 eget
3772 5145 3964 5204 solatio,

2420 5242 2540 5311 quia
2568 5242 2834 5295 infirmum
2871 5249 2954 5295 est
2982 5258 2996 5294 :
3029 5242 3206 5310 igitur,
3238 5242 3283 5296 si
3315 5241 3406 5296 ubi
3432 5252 3567 5297 tetas
3591 5251 3645 5297 et
3673 5252 3855 5298 natura
3882 5240 3964 5294 ob-

2421 5333 2614 5396 stabat,
2643 5333 2862 5387 minime
2891 5341 3065 5386 tatnen
3099 5332 3240 5386 illam
3271 5333 3396 5389 sinit
3422 5333 3649 5388 delicate
3673 5342 3727 5388 et
3755 5333 3964 5386 molliter

2423 5424 2624 5484 vivere,
2671 5423 2763 5476 sed
2813 5423 2970 5476 etiam
3019 5431 3280 5476 mortuam
3326 5422 3817 5494 esseinquit(non
3843 5421 3960 5476 enim

2425 5523 2624 5566 tantum
2653 5513 2787 5566 dixit
2811 5553 2824 5574 ,
2858 5512 2932 5567 Ne
2957 5512 3184 5568 delicate
3211 5513 3372 5579 vivat,
3412 5512 3531 5581 sed,
3561 5512 3687 5580 Qua:
3715 5515 3767 5566 in
3794 5511 3962 5567 deliciis

2422 5618 2516 5671 est,
2537 5619 2703 5658 necne
2731 5615 2924 5657 mortua
2943 5616 3051 5668 est;
3078 5621 3303 5676 eamque
3331 5623 3363 5662 ο
3387 5605 3564 5663 medio
3586 5616 3840 5672 removit;
3863 5620 3960 5660 nam

2424 5711 2541 5764 qua:
2562 5707 2765 5749 mortua
2794 5707 2898 5762 est,
2929 5712 2961 5750 c
2992 5697 3165 5750 medio
3190 5698 3392 5752 sublata
3415 5695 3537 5768 est)
3565 5716 3578 5752 :
3601 5712 3758 5768 quam
3783 5697 3962 5753 veniam

2432 5787 2642 5844 habebit
2667 5788 2823 5843 homo
2849 5803 2911 5844 ca
2937 5787 3150 5855 faciens,
3173 5803 3399 5860 quorum
3424 5802 3581 5848 causa
3608 5789 3795 5847 mulier
3818 5787 3958 5845 τομή-ι
