4064 6318
101 417 196 473 353
424 404 433 411 ’
1035 407 1100 463 ΙΝ
1142 406 1353 462 El’lS‘l‘.
1395 404 1487 461 AD
1529 403 1811 459 l'llllJPP.
1851 404 2001 460 CAP.
2042 406 2106 460 lt.
2146 404 2375 461 llOlllL.
2421 405 2512 461 IX.

102 533 351 605 punitur?
409 533 607 585 \‘ei'uni
661 528 775 583 lucc
823 540 980 580 nemo
1030 537 1097 577 ne
1149 521 1391 591 cogitare
1440 518 1656 590 quidem

102 626 402 698 aggreditur,
429 622 545 679 lucc
576 634 732 674 nemo
754 617 1036 671 examinat.
1065 613 1178 684 Ego
1205 626 1332 667 vero
1358 611 1453 665 ista
1481 610 1660 666 dicere

100 727 301 774 coactus
314 730 458 779 sum,
487 728 593 769 non
622 726 750 767 sane
777 709 827 764 id
854 722 1035 778 agens,
1067 714 1127 759 ut
1150 703 1457 759 sacerdotes
1481 701 1659 757 eriini-

104 787 245 867 nibus
270 808 486 862 liberem
510 846 526 869 ,
568 803 660 858 sed
688 810 744 855 nt
770 799 920 855 vobis
946 796 1244 852 consulam.
1278 794 1408 849 Nam
1437 792 1511 847 illi
1539 791 1658 863 qui.

102 903 213 956 dem
236 941 250 961 ,
277 900 320 953 si
348 912 471 953 eum
513 893 749 963 pecuniis
777 904 992 959 operam
1024 886 1152 941 dent
1175 927 1189 950 ,
1230 885 1353 954 jure
1380 898 1442 937 ae
1470 883 1661 937 merito

101 994 192 1046 ista
216 989 448 1051 audiunt,
474 984 679 1040 nullum
708 998 738 1036 a
770 980 917 1035 vobis
941 979 1321 1033 detrimentum
1351 981 1659 1043 reportant;

100 1080 187 1134 sed
212 1081 317 1134 sive
338 1075 583 1130 dixeritis
602 1114 617 1138 ,
648 1072 763 1127 sive
804 1069 1108 1133 taeueritis,
1141 1065 1403 1122 rationein
1433 1063 1538 1118 illic
1563 1061 1660 1117 Ju-

100 1169 195 1225 diei
240 1166 458 1223 reddent
499 1182 514 1218 :
555 1161 899 1233 quamobrem
927 1160 1060 1213 nihil
1102 1156 1210 1212 illis
1253 1163 1427 1212 vestra
1471 1160 1665 1207 nocent

103 1263 270 1318 verba.
301 1260 392 1316 Sin
421 1268 604 1313 autem
634 1255 771 1311 falso
796 1269 826 1308 a
855 1253 1005 1308 vobis
1034 1252 1305 1318 dicuntur,
1338 1249 1414 1303 illi
1444 1246 1662 1318 quidem

101 1354 293 1407 lucrum
317 1349 478 1405 etiam
516 1354 810 1419 reportant,
839 1345 955 1400 sine
982 1356 1143 1400 causa
1170 1338 1508 1396 contumeliis
1534 1336 1664 1392 alle-

100 1443 197 1507 cti;
236 1456 327 1497 vos
363 1454 495 1497 vero
522 1422 688 1493 vobis
717 1437 846 1508 ipsis
883 1436 1009 1491 hinc
1045 1435 1299 1490 damnum
1329 1428 1553 1487 infcrtis.
1588 1428 1662 1485 De

98 1533 239 1588 vobis
277 1547 404 1587 vero
443 1545 552 1585 non
600 1530 670 1584 ita
716 1544 805 1584 res
847 1526 1047 1587 habet;
1093 1525 1190 1581 sed
1232 1522 1347 1579 sive
1375 1536 1522 1587 vera,
1552 1520 1665 1576 sive

100 1625 222 1679 falsa
262 1623 387 1689 sint,
433 1637 556 1692 qua:
602 1620 857 1675 adversus
895 1616 1016 1672 illos
1053 1614 1341 1681 dicuntur,
1372 1612 1476 1667 hoc
1507 1611 1661 1682 ipso,

101 1715 232 1786 quod
272 1715 375 1770 illis
416 1694 754 1775 maledicitis,
802 1724 897 1767 vos
942 1710 1088 1779 ipsos
1128 1706 1340 1764 laiditis.
1382 1705 1520 1775 Quid
1549 1704 1665 1760 ita?

98 1805 342 1875 Quoniam
369 1806 417 1861 si
454 1817 582 1859 vera
607 1802 821 1873 quidem
865 1801 1095 1867 fuerint,
1136 1797 1288 1854 vobis
1319 1796 1666 1853 nihilominus

101 1898 310 1962 noeetis,
349 1895 613 1967 judicium
648 1893 717 1949 de
748 1891 1015 1962 magistris
1054 1891 1309 1957 ferentes,
1338 1896 1393 1944 et
1420 1886 1664 1942 ordinem

100 1990 481 2053 disturbantes;
508 2001 634 2042 nam
670 1986 715 2039 si
741 1983 808 2040 de
833 1983 999 2039 fratre
1021 1981 1263 2054 judicare
1289 1996 1397 2037 non
1429 1987 1663 2051 oportet,

100 2081 259 2135 multo
285 2080 460 2135 minus
484 2079 554 2134 de
576 2078 869 2148 magistro:
897 2076 980 2132 sin
1020 2085 1196 2131 autem
1227 2074 1377 2141 falsa,
1411 2074 1663 2129 intolerao

101 2172 199 2226 bile
222 2172 438 2226 omnino
466 2170 789 2240 supplicium
824 2183 887 2225 ac
916 2182 1075 2245 pretia
1101 2166 1224 2222 erit.
1254 2166 1330 2221 De
1351 2166 1494 2220 omni
1522 2164 1664 2220 enim

100 2262 255 2316 verbo
272 2260 443 2316 otioso
465 2261 723 2314 rationem
742 2258 975 2314 reddetis
993 2256 1209 2328 (ﬂatth.
1231 2256 1318 2312 12.
1340 2256 1452 2322 56).
1477 2256 1668 2324 Quam-

101 2353 272 2408 obreni
312 2362 487 2409 vestra
531 2367 690 2407 causa
736 2353 913 2407 omnia
964 2349 1189 2407 facimus
1231 2365 1295 2406 ac
1338 2350 1663 2406 laboramus.

102 2448 371 2511 Cancrum,
399 2444 543 2515 quod
572 2444 835 2511 dicebam,
864 2458 1023 2505 nemo
1050 2444 1164 2497 hare
1190 2442 1480 2507 examinat,
1506 2456 1668 2497 nemo

103 2539 150 2591 in
193 2537 272 2592 his
308 2538 519 2593 curiose
560 2537 779 2607 satagit,
824 2550 981 2590 nemo
1024 2534 1314 2605 quidquam
1345 2535 1534 2589 horum
1565 2534 1665 2589 sibi

103 2628 193 2695 ipsi
222 2627 364 2681 dicit.
404 2626 576 2681 \‘ultis
604 2635 659 2680 et
683 2625 784 2679 alia
823 2624 1059 2680 addam?
1087 2624 1267 2678 Omnis
1306 2640 1369 2679 ea:
1393 2625 1550 2689 vobis,
1581 2626 1666 2695 qui

103 2735 193 2772 non
217 2718 485 2781 renuntiat,
511 2717 684 2786 inquit
711 2716 983 2780 Christus,
1016 2715 1248 2771 omnibus
1275 2731 1391 2786 qua:
1420 2715 1663 2785 possidet,

104 2826 203 2865 non
221 2820 298 2867 est
323 2824 408 2865 me
431 2809 625 2879 dignus
646 2807 797 2877 (Luc.
833 2807 917 2862 ιι.
958 2806 1074 2879 53).
1102 2806 1241 2874 Quid
1270 2822 1398 2863 vero
1418 2848 1433 2872 ,
1462 2806 1549 2861 ubi
1582 2808 1667 2861 in-

103 2901 236 2969 quit,
262 2884 493 2970 IDi'icile
514 2906 589 2953 est
617 2899 821 2953 divitem
848 2898 1041 2953 intrare
1077 2898 1131 2952 in
1176 2914 1387 2969 regnum
1428 2898 1667 2952 cailorum

103 2991 302 3059 (Matth.
333 2992 419 3047 l9.
447 2990 579 3060 23)?
603 2990 729 3060 quid
758 3004 907 3057 vero,
938 3005 1059 3045 cum
1081 2989 1271 3059 inquit,
1311 2988 1398 3044 γω
1423 2989 1560 3043 vobis
1586 2989 1668 3059 di-

102 3083 287 3147 vitibus,
317 3084 435 3155 quia
480 3084 672 3139 habetis
716 3083 1111 3137 consolationem
1153 3093 1369 3138 vestram
1413 3082 1562 3156 (Luc.
1610 3083 1665 3139 6.

102 3176 225 3245 24)?
257 3176 421 3230 Nemo
446 3175 550 3230 hoc
576 3175 889 3244 perpendit,
933 3190 1093 3230 nemo
1122 3178 1341 3245 cogitat,
1384 3191 1544 3231 nemo
1573 3192 1665 3231 se-

102 3281 214 3321 cum
240 3268 349 3336 ipse
370 3267 605 3321 rationes
626 3266 894 3331 subducit,
922 3264 1016 3321 sed
1040 3275 1245 3321 tantum
1270 3266 1321 3320 in
1351 3280 1441 3321 res
1464 3266 1668 3322 alienas

104 3358 431 3415 vehementes
457 3372 665 3413 sumus.
692 3358 761 3412 At
787 3357 889 3426 hoc
913 3356 1042 3412 nihil
1064 3358 1206 3413 aliud
1229 3366 1332 3423 est,
1358 3372 1516 3428 quam
1544 3374 1669 3428 par-

105 3450 275 3517 ticipes
310 3448 592 3503 criminum
641 3445 776 3501 ﬁeri.
818 3447 1037 3512 Verum,
1087 3457 1144 3501 ut
1190 3457 1449 3516 prmterea
1492 3457 1667 3502 vestra

104 3556 249 3594 causa
268 3581 283 3605 ,
313 3540 505 3610 quibus
531 3538 845 3595 criminibus
873 3538 1063 3593 attines
1088 3552 1209 3593 esse
1246 3538 1553 3594 sacerdotes
1581 3537 1667 3593 di-

104 3633 231 3697 citis,
267 3648 327 3688 ea
365 3632 590 3694 diluam,
642 3630 821 3705 audite
850 3648 863 3684 :
891 3630 1032 3684 hanc
1056 3631 1199 3685 enim
1230 3631 1299 3685 de
1329 3630 1432 3684 illis
1461 3631 1669 3700 opinio-

108 3738 216 3778 nem
254 3722 509 3787 induisse,
544 3721 795 3776 nimirum
827 3722 949 3776 illos
980 3722 1181 3777 violare
1212 3722 1383 3792 legem
1414 3722 1530 3788 Dei,
1562 3736 1667 3775 non

108 3814 212 3869 leve
239 3815 390 3872 habet
416 3815 484 3870 ad
516 3813 914 3884 improbitatem
942 3822 1293 3868 momentum.
1328 3814 1439 3885 Age
1471 3814 1665 3884 igitur,

106 3916 153 3961 et
179 3909 260 3962 illa
286 3908 667 3979 expendamus.
713 3907 852 3961 Dixit
893 3906 1139 3961 Christus
1159 3947 1175 3970 ,
1213 3906 1387 3961 Nolite
1415 3907 1670 3975 possidere

107 4014 288 4064 aurum,
331 4016 490 4069 neque
532 4008 816 4070 argentum,
863 4014 1019 4067 neque
1063 3998 1193 4050 duas
1240 3999 1456 4060 tunicas,
1513 4014 1671 4067 neque

105 4089 443 4150 calceanienta,
474 4102 575 4142 non
602 4105 803 4152 zonam,
837 4106 937 4142 non
965 4090 1158 4157 virgam
1185 4089 1201 4157 (
1234 4087 1419 4141 .llatth.
1457 4088 1535 4144 l0.
1569 4088 1665 4157 9).

106 4179 227 4244 Quid
245 4177 431 4249 igitur?
454 4179 537 4232 dic
562 4178 688 4231 inihi
717 4196 727 4229 :
756 4193 882 4231 num
909 4177 1097 4232 Petrus
1126 4185 1309 4231 contra
1344 4178 1667 4248 prieccptnm

106 4270 353 4325 faciebat?
375 4269 647 4338 quomodo
669 4269 810 4324 enim
840 4284 969 4333 non,
994 4284 1115 4324 eum
1141 4279 1191 4323 et
1221 4284 1408 4323 zonam
1448 4269 1670 4326 haberet

106 4368 152 4413 ct
178 4362 542 4415 vestimentum
574 4369 627 4415 et
655 4360 1014 4415 calceainenta
1040 4361 1062 4411 ?
1086 4359 1206 4411 audi
1234 4359 1376 4413 enim
1400 4360 1574 4431 angeli
1601 4360 1667 4415 ad

107 4449 261 4515 ipsum
306 4450 492 4513 verba,
543 4448 880 4520 Prieciugere,
928 4460 977 4503 et
1017 4451 1186 4503 calceo
1231 4461 1276 4503 te
1322 4453 1510 4523 caligas
1557 4463 1668 4507 tuas

108 4540 246 4608 (Act.
283 4542 367 4596 η.
396 4541 493 4612 8),
525 4541 854 4610 Quamquam
901 4540 1204 4610 liujusniodi
1250 4542 1553 4596 calceorum
1601 4559 1669 4598 ne

108 4647 275 4702 inagna
301 4644 426 4689 tunc
453 4633 667 4701 quidem
706 4632 889 4687 aderat
918 4634 1209 4688 necessitas
1245 4651 1257 4685 :
1288 4651 1409 4687 nam
1439 4634 1530 4688 illo
1552 4636 1669 4704 qiii~

108 4723 213 4776 dem
239 4734 475 4793 tempore
503 4726 584 4779 vel
617 4723 773 4777 nudis
796 4724 873 4778 ire
903 4724 1123 4793 pedibus
1151 4724 1275 4780 licet
1310 4744 1323 4779 :
1358 4726 1533 4781 hieme
1561 4710 1669 4781 tau;

109 4824 202 4868 llllll
233 4816 515 4870 necessarii
558 4825 680 4869 sunt
714 4834 725 4869 :
759 4824 992 4870 attamen
1035 4816 1232 4887 caligas
1278 4816 1482 4871 habuit.
1529 4818 1663 4885 Quid

107 4922 219 4962 vero
247 4908 479 4964 Paulus?
502 4909 636 4963 Cum
682 4911 746 4964 ad
783 4909 1119 4965 Timotheum
1148 4910 1389 4966 scribens
1414 4912 1662 4977 dixisset,

112 4996 295 5054 Festina
325 5011 441 5055 ante
484 5001 695 5054 hiemem
735 5002 900 5055 venire
924 5000 1017 5069 (Ξ.
1048 5000 1179 5064 Tim.
1210 5003 1264 5059 4.
1293 5002 1355 5055 21
1385 5002 1404 5071 )
1430 5044 1443 5067 ,
1472 5002 1668 5059 deinde

106 5092 329 5147 mandata
376 5092 488 5156 dat,
539 5099 696 5162 atque
746 5092 936 5179 inﬂuit,
982 5091 1267 5159 Penulam,
1300 5111 1452 5164 quam
1488 5095 1668 5165 reliqui

110 5179 283 5239 Troade
305 5184 446 5255 apud
472 5182 694 5253 Carpam
717 5222 731 5245 ,
765 5183 966 5237 venietis
994 5181 1125 5250 a/I'er
1150 5194 1311 5237 tecum
1338 5227 1351 5249 ,
1384 5195 1429 5237 et
1468 5186 1622 5240 libros
1648 5226 1665 5251 ,

108 5274 300 5327 niaxime
325 5284 497 5328 autem
544 5274 860 5328 membranas
887 5274 904 5343 (
932 5272 1015 5327 Ib.
1045 5292 1094 5329 ii.
1128 5274 1196 5330 15
1217 5274 1261 5345 ).
1305 5276 1383 5330 Eii
1416 5277 1665 5346 penulam

107 5366 421 5433 memoravit,
451 5379 551 5419 nec
574 5365 854 5435 quisquam
875 5365 1089 5432 dixerit,
1119 5364 1275 5420 aliam
1307 5366 1379 5421 illi
1406 5382 1508 5420 non
1531 5367 1667 5420 fuis-

106 5466 184 5517 se,
224 5471 378 5525 quam
418 5463 676 5525 gestaret.
722 5454 934 5510 Etenim
977 5456 1021 5510 si
1052 5456 1272 5511 omnino
1315 5457 1503 5512 solitus
1552 5466 1669 5513 erat

106 5558 195 5598 non
222 5558 449 5615 gestare,
482 5560 937 5616 supervacaneum
964 5547 1121 5617 plane
1145 5556 1261 5601 erat
1286 5558 1340 5602 ut
1364 5548 1478 5603 litec
1507 5548 1669 5603 affer-

108 5650 232 5696 l’elur
253 5640 442 5709 jubere
473 5659 485 5693 :
520 5641 602 5694 sin
629 5650 809 5696 autem
842 5639 956 5694 ﬁeri
1002 5640 1220 5711 nequit,
1252 5641 1379 5709 quin
1420 5641 1667 5710 gestavit,

109 5733 238 5790 «liam
264 5751 480 5806 quoque
522 5736 595 5792 illi
628 5735 793 5791 fuisse
819 5734 1159 5790 manifestum
1188 5743 1291 5790 est.
1320 5734 1456 5803 Quid
1499 5751 1626 5790 vero
1647 5776 1662 5802 ,

108 5827 224 5889 Quod
254 5830 518 5898 integrum
547 5828 822 5887 biennium
856 5826 908 5882 in
950 5825 1279 5882 mercenaria
1311 5826 1491 5882 labore
1536 5841 1665 5882 con-

3244 412 3310 463 25'.
3332 410 3351 463 ἱ

1768 520 1965 574 tinuit?
1996 519 2138 589 lirgo
2166 522 2479 591 repugnavit
2506 520 2723 577 Christo
2753 539 2846 579 vas
2879 523 3006 578 illud
3046 525 3344 593 ιεΙθριίυιιίς,

1767 609 1858 664 ille
1884 610 1973 678 qui
2014 610 2227 665 diccbat
2253 652 2265 671 .
2307 610 2428 665 Vivo
2453 622 2620 667 autem
2652 616 2766 682 jam
2798 632 2896 669 non
2929 634 3040 686 ego,
3084 616 3201 670 visit
3231 633 3349 673 vero

1765 700 1819 753 in
1860 716 1937 755 nte
1963 700 2193 755 Christus
2218 700 2374 771 (Cal.
2402 704 2437 757 2
2483 702 2592 773 20)
2615 705 2637 758 ?
2665 706 2752 759 ille
2776 705 2843 760 de
2886 722 2993 774 quo
3038 709 3349 763 testificatus

1751 799 1846 853 ,est
1865 790 2129 857 Christus,
2157 793 2224 845 ita
2244 793 2449 859 dicens,
2475 795 2727 860 Quoniam
2747 813 2834 850 vas
2860 798 3117 855 electionis
3136 810 3209 854 est
3226 802 3349 854 mihi

1766 879 2067 947 iste(Act.9.
2082 881 2165 951 l5)
2181 882 2203 932 ἶ)
2222 883 2514 951 Oportebat
2534 900 2625 938 vos
2649 886 2700 938 in
2716 882 2817 937 hac
2828 886 3159 944 dubitatione
3182 891 3347 945 relin-

1766 982 1962 1037 quere,
1996 971 2302 1041 nullamque
2340 973 2531 1029 allerre
2557 976 2870 1043 qiizcstionis
2898 979 3306 1048 explicationem
3333 1024 3348 1045 ,

1765 1059 1859 1113 sed
1905 1059 2042 1115 hanc
2078 1076 2108 1115 a
2160 1063 2311 1118 vobis
2354 1079 2564 1133 pinnam
2601 1067 2821 1137 exigere
2859 1082 2955 1136 pro
2999 1084 3096 1134 ea,
3145 1086 3248 1141 qua
3297 1072 3349 1127 in

1766 1149 2058 1221 Scripturis
2109 1154 2339 1219 utimini,
2386 1156 2703 1228 negligentia
2747 1176 2762 1213 :
2807 1159 2930 1215 inde
2976 1162 3117 1216 enini
3170 1166 3352 1218 omnia

1768 1244 1885 1299 lucc
1932 1246 2218 1301 exsistunt.
2256 1247 2544 1318 Propterea
2575 1251 2626 1303 in
2652 1250 2879 1305 aliorum
2912 1254 3145 1323 peccatis
3170 1256 3351 1310 acerbi

1768 1334 2109 1406 inquisitores
2147 1354 2354 1403 sumus,
2386 1338 2455 1395 de
2496 1342 2693 1395 nostris
2729 1352 2907 1396 autem
2949 1358 3016 1398 ne
3054 1344 3379 1415 cogitamus,

1768 1427 2006 1496 quidem,
2044 1431 2295 1499 quoniam
2322 1433 2626 1503 Scripturas
2665 1449 2770 1490 non
2802 1444 3070 1504 tenemus,
3099 1438 3350 1507 quoniam

1769 1518 1823 1574 in
1862 1519 2057 1577 divinis
2084 1520 2293 1591 legibus
2331 1538 2439 1578 non
2470 1524 2767 1581 erudimur.
2802 1525 2926 1581 Erat
2972 1527 3130 1598 igitur
3171 1528 3285 1584 lucc
3322 1547 3352 1583 a

1769 1608 1923 1667 vobis
1949 1626 2105 1681 pinna
2133 1614 2446 1683 repetenda.
2479 1615 2586 1671 Sed
2624 1616 2749 1687 quid
2777 1618 2973 1688 again?
3001 1619 3161 1674 Pater
3186 1635 3304 1675 sum
3337 1640 3350 1676 :

1770 1702 1935 1759 multa
1962 1702 2121 1760 etiam
2149 1705 2285 1761 ultra
2311 1748 2326 1771 ,
2355 1720 2510 1777 quam
2542 1716 2793 1778 oportet,
2824 1707 2946 1763 filiis
2986 1710 3355 1780 gratificantur

1770 1804 1974 1865 patres,
2004 1796 2132 1852 dum
2160 1807 2381 1869 paterna
2410 1800 2645 1868 ipsorum
2674 1800 3006 1855 incalescunt
3033 1804 3270 1870 viscera;
3299 1814 3354 1859 et

1769 1886 1815 1941 si
1839 1887 2003 1943 filium
2028 1889 2234 1945 tristem
2260 1905 2323 1945 ac
2345 1891 2704 1947 tabescentem
2725 1893 2952 1957 videant,
2974 1894 3121 1964 ipsos
3140 1912 3354 1967 quoque

1771 1974 1889 2046 plus
1914 1992 2073 2047 quam
2103 1978 2250 2033 illum
2282 1980 2463 2050 pungit
2492 1980 2665 2047 dolor,
2699 1998 2797 2037 nec
2834 1984 3139 2052 quiescunt,
3181 1985 3355 2042 donec

1771 2067 2020 2121 mmroris
2046 2083 2261 2123 causam
2284 2070 2618 2126 sustulerint.
2648 2069 2913 2128 Cmteriini
2937 2074 3059 2129 licet
3099 2075 3203 2131 hoc
3228 2092 3354 2131 cve-

1772 2156 1931 2222 nerit,
1959 2157 2083 2213 licet
2107 2158 2378 2229 paulisper
2399 2175 2493 2216 vos
2522 2174 2751 2216 mmrere
2778 2162 2994 2217 siverint
3017 2179 3081 2218 ex
3115 2181 3180 2219 eo
3211 2166 3354 2236 quod

1773 2266 1880 2306 non
1909 2253 2226 2323 acceperitis
2257 2273 2271 2309 ;
2303 2254 2573 2322 nimirum,
2607 2265 2665 2311 ut
2692 2256 2828 2312 bene
2854 2271 2995 2313 nunc
3026 2259 3318 2329 accipiatis.

1843 2342 1899 2398 6.
1927 2343 2061 2412 Quid
2085 2345 2245 2415 igitur
2263 2344 2548 2401 dicendum
2572 2348 2691 2403 est?
2713 2347 2830 2404 Non
2855 2359 3173 2420 repugnant,
3196 2351 3354 2417 absit,

1772 2434 1867 2490 sed
1894 2435 2046 2491 valde
2070 2439 2409 2492 consentiunt
2437 2454 2557 2493 cum
2587 2439 2869 2509 praeceptis
2895 2440 3092 2496 Christi
3118 2459 3131 2495 :
3158 2457 3359 2508 praece-

1773 2538 1859 2597 pta
1883 2527 2027 2582 enim
2056 2529 2143 2583 illa
2170 2528 2237 2584 ad
2266 2539 2472 2599 tempus
2492 2541 2719 2587 erantet
2742 2547 2846 2587 non
2877 2543 3152 2603 perpetua.
3175 2533 3359 2602 Neque

1773 2617 1825 2673 id
1851 2633 1917 2673 ex
1943 2620 2271 2689 conjectura,
2298 2621 2391 2676 sed
2416 2636 2481 2677 ex
2507 2622 2702 2677 divinis
2726 2622 3017 2694 Scripturis
3041 2624 3182 2681 dico.
3213 2628 3359 2691 Quo-

1773 2708 1977 2764 modo?
2033 2710 2223 2766 Narrat
2267 2711 2441 2769 Lucas
2480 2712 2679 2770 dixisse
2722 2714 2993 2771 Christum
3042 2717 3315 2789 discipulis
3341 2762 3355 2784 ,

1777 2799 1993 2867 Quando
2024 2802 2136 2857 misi
2167 2819 2253 2858 eos
2278 2804 2388 2858 sine
2412 2807 2615 2860 sacculo
2639 2815 2686 2861 et
2714 2824 2836 2877 pera
2861 2817 2910 2863 et
2934 2825 3066 2864 zona
3089 2822 3139 2865 et
3164 2814 3358 2866 calcea-

1772 2894 1975 2959 mentis,
1998 2895 2245 2965 nitiiiquid
2271 2896 2468 2963 aliquid
2491 2898 2651 2966 defuit
2681 2900 2858 2954 vobis?
2884 2901 2950 2954 At
2979 2901 3057 2955 illi
3082 2902 3318 2957 dixerunt
3341 2944 3358 2970 ,

1775 2979 1925 3037 Nihil
1940 2982 2092 3053 (Luc.
2110 2984 2199 3039 22.
2217 2986 2307 3041 35.
2325 2986 2438 3057 56).
2462 2987 2605 3058 Ergo
2622 2989 2843 3059 posthac
2862 2992 3011 3047 vobis
3026 3006 3356 3063 comparate.

1772 3073 1877 3130 Sed
1930 3075 2075 3147 quid
2100 3076 2240 3132 facto
2282 3094 2416 3148 opus
2467 3080 2703 3137 fuit?dic
2732 3082 2861 3137 mihi
2893 3098 2907 3149 ;
2944 3100 3104 3139 unam
3162 3086 3361 3144 habere

1775 3165 2047 3221 tunicam?
2076 3167 2213 3235 Quid
2242 3170 2408 3239 ergo?
2436 3186 2557 3225 cum
2599 3171 2823 3228 lavanda
2870 3173 2982 3230 hinc
3016 3186 3133 3231 erat
3156 3220 3170 3243 ,
3213 3178 3359 3235 domi

1774 3256 1975 3311 nudum
2002 3258 2195 3314 sedere
2220 3262 2491 3328 oportuit,
2521 3262 2601 3318 vel
2632 3263 2831 3318 nudum
2860 3265 3142 3321 circumire
3170 3284 3360 3323 neces-

1772 3347 1932 3403 sitate
1960 3348 2217 3405 invitante
2238 3392 2253 3415 ,
2286 3352 2594 3423 nullamque
2617 3353 2799 3409 decori
2831 3356 3028 3412 habere
3056 3360 3316 3415 rationein
3339 3366 3361 3417 ἲ

1773 3438 1978 3509 Cogita,
2006 3440 2301 3510 cujusniodi
2332 3443 2382 3497 id
2427 3444 2635 3513 fuisset,
2668 3445 2890 3503 Paulum
2916 3450 3006 3520 qui
3039 3452 3224 3507 orbein
3251 3465 3360 3508 ter-

1774 3545 1954 3586 raruni
1983 3532 2105 3588 ideo
2131 3536 2461 3603 peragrabat,
2495 3545 2550 3588 ut
2580 3546 2658 3590 tot
2684 3540 2938 3607 pricclara
2967 3556 3126 3610 opera
3154 3546 3360 3609 ederet,

1775 3621 1951 3690 inopia
1984 3623 2146 3677 veStis
2175 3634 2416 3677 coactum
2448 3626 2591 3679 doini
2632 3628 2819 3682 sedere
2845 3670 2859 3693 ,
2906 3646 2968 3683 ac
3000 3634 3159 3687 tantis
3197 3635 3359 3690 rebus

1774 3712 2210 3783 impedimentum
2251 3715 2449 3769 all’erri.
2495 3717 2630 3783 Quid
2673 3734 2800 3773 vero
2826 3763 2840 3786 ,
2873 3720 2917 3774 si
2951 3721 3242 3782 vehemens
3276 3727 3359 3781 iii-

1772 3806 2007 3875 gruisset
2046 3804 2217 3860 hiems
2237 3847 2251 3871 ,
2278 3821 2339 3860 ac
2371 3808 2591 3876 pluisset
2619 3820 2707 3863 aut
2738 3811 2898 3866 etiam
2928 3816 3315 3884 conglaciasset
3343 3860 3358 3886 ,

1773 3895 2046 3966 quomodo
2080 3912 2198 3951 eain
2233 3899 2436 3954 siccare
2474 3900 2749 3955 licuisset?
2785 3920 2911 3957 iiuin
2945 3921 3127 3961 rursus
3158 3909 3357 3964 iuidniu

1774 3988 1968 4043 sedere
1994 3989 2267 4058 oportuit?
2301 3989 2428 4059 quid
2455 4006 2602 4054 vero,
2638 3993 2681 4046 si
2710 3992 2921 4064 frigoris
2945 3995 2997 4049 vi
3028 4012 3221 4068 corpus
3248 4003 3359 4055 col-

1776 4076 2235 4143 laberetiir,.iinni
2268 4080 2643 4135 tabescendum
2674 4082 2772 4137 fuit
2796 4092 2955 4154 atque
2981 4086 3359 4145 obmutescen-

1774 4168 1937 4223 dum?
1958 4171 2034 4226 Ne
2061 4173 2202 4226 enim
2233 4183 2383 4241 putes
2412 4174 2748 4229 adamantina
2776 4177 2881 4231 illis
2906 4177 3070 4234 fuisse
3095 4196 3319 4252 corpora
3346 4202 3359 4237 :

1774 4264 1896 4319 audi
1920 4264 2045 4335 quid
2069 4266 2135 4320 de
2155 4265 2437 4320 Timotheo
2460 4269 2617 4332 dicat,
2642 4266 2846 4323 Modico
2867 4272 2980 4324 vino
3002 4284 3139 4327 utere
3156 4289 3362 4346 propter
3403 4319 3407 4323 .

1774 4360 2090 4411 stomachum
2111 4370 2269 4423 tuum,
2289 4370 2336 4412 et
2359 4360 2638 4429 frequentes
2655 4372 2769 4414 tuas
2790 4363 3107 4431 inﬁrmitates
3127 4369 3173 4438 (l
3191 4408 3202 4420 .
3224 4369 3358 4425 Tini.

1774 4451 1827 4506 5.
1859 4451 1928 4503 25
1954 4449 2005 4522 );
2038 4466 2101 4505 ac
2142 4468 2327 4506 rursus
2354 4452 2421 4505 de
2458 4454 2663 4520 altern,
2698 4452 3052 4510 Necessarium
3083 4464 3364 4515 existimaui

1776 4543 1970 4598 mittere
1996 4543 2063 4597 ad
2090 4561 2174 4598 eos
2199 4555 2415 4597 vestram
2441 4545 2750 4613 apostolum,
2774 4555 2822 4600 et
2845 4548 3128 4603 ministrum
3148 4557 3357 4606 necessi-

1776 4636 1893 4689 tatis
1922 4652 2063 4691 mew.
2096 4635 2237 4689 Nam
2262 4646 2308 4689 et
2338 4637 2623 4704 iii/innatus
2647 4647 2718 4689 est
2742 4654 2896 4706 usque
2916 4639 2982 4690 ad
3003 4651 3208 4694 mortem
3234 4659 3252 4694 :
3273 4647 3362 4695 sed

1774 4727 1913 4783 Deus
1944 4729 2172 4783 misertus
2210 4738 2282 4781 est
2312 4730 2420 4799 ejus
2452 4744 2470 4781 :
2495 4746 2594 4782 non
2624 4730 2787 4781 solum
2819 4741 2983 4783 autem
3009 4732 3119 4799 ejus
3146 4776 3159 4798 ,
3194 4751 3361 4787 rerum

1774 4822 1925 4874 etiam
1952 4832 1999 4874 et
2026 4820 2122 4873 mei
2143 4819 2403 4891 (Philipp.
2428 4819 2478 4872 2.
2509 4821 2599 4873 ‘25.
2628 4820 2741 4888 27).
2775 4820 2953 4890 Itaque
2977 4822 3147 4877 cuivis
3172 4827 3363 4880 morbo

1774 4921 1935 4982 atque
1959 4910 2301 4965 invaletudini
2326 4920 2478 4965 erant
2498 4912 2742 4981 expositi.
2766 4911 2899 4978 Quid
2921 4912 3113 4982 igitur?
3133 4929 3364 4983 pereun-

1774 5004 1972 5060 dnmne
2000 5006 2101 5058 illis
2126 5005 2279 5059 erat?
2307 5003 2666 5073 Nequaquam.
2696 5003 2831 5070 Quid
2861 5004 3019 5073 igitur
3042 5022 3215 5059 causa:
3239 5016 3364 5062 tunc

1777 5097 1875 5151 fuit
1895 5112 1990 5151 cur
2013 5097 2063 5151 id
2090 5096 2402 5167 principeret
2419 5099 2442 5149 ?
2462 5096 2762 5151 Potentiam
2787 5111 2934 5150 suam
2955 5098 3164 5153 volebat
3186 5111 3365 5153 osten-

1739 5185 1744 5187 ’
1775 5188 1927 5255 dere,
1954 5188 2113 5258 idque
2140 5199 2319 5256 postea
2345 5188 2505 5242 etiam
2532 5189 2766 5257 priustari
2792 5204 2819 5241 a
2845 5204 2903 5243 se
2925 5204 3104 5260 posse;
3128 5191 3237 5245 Cur
3257 5208 3364 5247 non

1777 5277 2059 5348 praistitit?
2103 5278 2269 5333 Multo
2311 5288 2465 5333 erant
2510 5276 2560 5329 hi
2602 5278 3027 5333 adiiiirabiliores
3070 5278 3362 5349 lsraelitis,

1775 5386 1999 5442 quorum
2033 5381 2208 5425 tamen
2240 5384 2412 5439 neque
2439 5368 2600 5423 calcei
2631 5384 2801 5438 neque
2828 5378 3005 5424 vestes
3039 5385 3136 5424 usu
3165 5388 3361 5425 consu-

1776 5455 2059 5510 mebantur
2078 5472 2092 5509 :
2112 5469 2431 5524 quamquam
2458 5452 2800 5507 Solitudinem
2826 5451 2971 5507 illam
2995 5467 3362 5525 peragrarent,

1775 5549 1863 5604 ubi
1891 5548 2223 5623 ardentiores
2252 5547 2554 5602 incidebant
2579 5547 2706 5601 solis
2736 5545 2900 5611 radii,
2930 5546 3018 5616 qui
3044 5549 3127 5602 vel
3161 5548 3365 5617 lapides

1776 5642 1921 5710 ipsos
1948 5649 2167 5709 possent
2194 5640 2244 5694 in
2272 5639 2508 5695 cinerem
2540 5648 2764 5694 vertere.
2795 5638 2908 5704 Qua
2935 5638 3095 5708 igitur
3112 5638 3180 5694 dc
3200 5654 3361 5695 causa

1776 5731 1878 5788 hoc
1908 5733 2070 5787 fecit?
2100 5731 2195 5786 ἰὐί
2223 5748 2402 5786 causa.
2434 5731 2564 5786 Nam
2594 5732 2845 5801 quoniam
2878 5730 3112 5785 futurum
3131 5741 3276 5795 erat,
3308 5743 3364 5786 ut

1778 5841 1881 5882 non
1923 5834 2184 5895 perpetuo
2224 5825 2426 5880 valeres
2456 5868 2468 5891 ,
2497 5826 2588 5882 scd
2632 5825 2851 5881 vulnera
2892 5822 3191 5895 acciperes;
3234 5837 3360 5891 pro-
