4064 6318
678 370 786 426 255

680 491 858 549 ptetca
896 475 1196 531 facultatem
1231 472 1322 526 tibi
1364 470 1870 525 medicamentorum
1898 463 2253 536 parandarum

683 570 906 640 prazbuit
933 585 945 620 :
974 565 1114 636 quod
1154 563 1278 618 hinc
1305 562 1436 616 satis
1463 569 1710 615 constare
1748 563 1943 626 potest.
1981 554 2076 609 Dic
2106 554 2248 607 enim

683 658 832 722 mihi,
861 671 1040 711 annor.
1067 655 1181 722 ipse
1210 661 1416 722 poterat
1446 650 1565 703 illos
1594 648 1836 702 nutrire?
1869 643 2136 715 quomodo
2162 642 2250 711 qui

684 751 774 805 tibi
798 746 1164 820 prmvaricauti
1185 745 1353 808 dedit,
1375 742 1536 796 Paulo
1558 756 1661 794 non
1680 738 1866 792 daret?
1887 737 1974 808 qui
1998 733 2251 789 lsraelitis

681 843 830 896 dedit
881 837 1360 893 murmuratorihus
1384 875 1401 899 ,
1446 831 1864 895 seortatoribus,
1911 825 2208 882 idololatris
2234 865 2251 890 ,

684 947 861 986 nonne
905 932 1071 985 multo
1117 928 1285 996 magis
1331 925 1490 980 Petro
1531 923 1904 994 permitteret,
1942 919 2030 988 qui
2077 918 2254 970 omnia

687 1033 902 1092 pr0pter
947 1022 1118 1091 ipsum
1165 1017 1492 1086 reliquerat?
1533 1015 1622 1080 qui
1651 1012 1925 1067 sceleratis
1954 1009 2256 1064 hominibus

685 1119 1001 1181 potestatem
1045 1108 1268 1163 habendi
1309 1107 1434 1160 fecit
1459 1147 1476 1172 ,
1515 1121 1620 1160 non
1663 1106 1831 1158 multo
1870 1102 2037 1171 magis
2063 1100 2256 1154 Joanni

685 1203 1067 1271 gratiﬁcaretur
1090 1239 1106 1264 ,
1149 1199 1238 1268 qui
1275 1197 1392 1266 ejus
1420 1211 1581 1271 causa
1613 1204 1814 1262 patrem
1845 1205 2056 1260 quoque
2085 1191 2258 1259 ipsum

686 1269 1013 1362 ieliquerat?
1050 1291 1295 1343 Attamen
1327 1269 1498 1340 noluit
1520 1327 1535 1348 ,
1567 1285 1658 1339 sed
1688 1300 1782 1354 per
1810 1293 1861 1337 te
1888 1284 2032 1351 ipsos
2058 1282 2256 1342 nutrit,

689 1388 747 1434 ut
785 1389 838 1433 tu
870 1378 1234 1433 sanetitieeris.
1279 1375 1346 1428 Et
1379 1373 1739 1429 animadverte
1766 1372 1895 1427 mihi
1925 1370 2262 1440 benignitatis

690 1469 1140 1539 exsuperantiam.
1189 1467 1371 1521 Voluit
1410 1465 1696 1533 discipulos
1735 1478 1861 1517 suos
1893 1475 2050 1530 egere
2071 1499 2090 1524 ,
2121 1469 2178 1512 ut
2208 1468 2262 1511 tu

690 1561 1071 1630 aliquantulum
1109 1562 1423 1629 respirares.
1454 1557 1559 1612 Sed
1589 1557 1633 1610 si
1671 1557 1789 1610 illos
1825 1554 2022 1608 nullius
2055 1551 2265 1620 indigns

693 1652 1046 1720 priestitisset,
1079 1651 1280 1720 inquit,
1306 1650 1473 1703 multo
1499 1663 1627 1702 sane
1656 1646 2077 1700 admirabiliores
2103 1644 2264 1696 futuri

692 1747 846 1793 erant
869 1778 885 1803 ,
919 1738 1084 1792 multo
1109 1737 1382 1792 clariores.
1415 1738 1483 1790 At
1510 1735 1667 1790 saluti
1707 1745 1809 1788 tua:
1839 1733 2136 1788 subsidium
2164 1731 2262 1785 de-

693 1837 921 1884 tractum
943 1837 1104 1883 esset.
1130 1827 1306 1882 Noluit
1328 1827 1484 1897 igitur
1509 1826 1630 1880 illos
1651 1826 1764 1878 fieri
1789 1822 2146 1886 admirabiles,
2170 1821 2265 1876 sed

697 1920 884 1973 maluit
922 1917 1160 1988 indigere
1183 1959 1200 1984 ,
1228 1927 1284 1972 ut
1311 1927 1368 1971 tu
1393 1918 1617 1972 salutem
1645 1914 1968 1970 nanciscaris
1991 1956 2006 1980 ,
2036 1921 2091 1968 et
2111 1928 2268 1981 egere

695 2011 815 2065 illos
845 2025 1032 2082 passus
1055 2019 1137 2065 est
1159 2050 1174 2075 ,
1206 2018 1264 2065 ut
1294 2018 1350 2064 tu
1375 2010 1598 2063 salutem
1627 2008 1880 2076 consequi
1920 2020 2122 2075 posses.
2152 2004 2267 2058 Non

697 2104 839 2156 enim
867 2117 1018 2170 a'que
1039 2116 1098 2154 se
1118 2100 1475 2155 venerandum
1503 2099 1702 2168 prmbet
1725 2099 1911 2152 doctor
1931 2096 2022 2166 qui
2045 2096 2267 2164 accipit;

697 2190 793 2246 sed
820 2191 908 2244 ille
935 2190 1268 2259 potissimum
1295 2189 1495 2243 honore
1519 2188 1769 2250 afﬁcitur,
1796 2187 1885 2256 qui
1913 2201 2018 2240 non
2042 2184 2268 2254 accipit:

697 2294 880 2334 verum
927 2280 1131 2334 interea
1167 2294 1274 2332 non
1313 2277 1526 2347 juvatur
1565 2276 1878 2346 discipulus,
1910 2275 2004 2329 sed
2044 2276 2271 2328 fructum

702 2369 1084 2424 amittit.Vides
1107 2369 1418 2438 sapientiam
1434 2369 1709 2422 hominum
1730 2366 1959 2420 amantis
1983 2365 2116 2419 Dei?
2141 2364 2271 2419 Nam

687 2460 1148 2531 quemadmodum
1176 2461 1290 2530 ipse
1327 2461 1597 2530 propriam
1620 2459 1840 2528 gloriam
1874 2473 1979 2512 non
2008 2459 2270 2526 quzesivit,

703 2566 802 2607 nec
827 2566 920 2606 sua
950 2553 1227 2620 spectavit,
1255 2550 1348 2605 sed
1377 2565 1496 2605 cum
1523 2550 1576 2606 in
1604 2549 1774 2618 gloria
1803 2556 1966 2612 esset,
1990 2546 2157 2601 voluit
2187 2555 2275 2600 tua

701 2656 858 2696 musa
897 2641 1017 2696 vilis
1047 2641 1197 2706 ﬁeri;
1228 2640 1367 2698 idem
1393 2641 1554 2695 etiam
1590 2639 1644 2693 in
1672 2638 1978 2693 doctoribus
2011 2638 2273 2701 servavit;

707 2743 764 2786 nt
804 2747 926 2787 cum
965 2747 1061 2787 eos
1099 2732 1432 2787 venerandos
1475 2741 1730 2802 prmatare
1773 2738 1953 2800 posset
1973 2770 1989 2793 ,
2032 2729 2279 2784 maluerit

703 2823 939 2889 abjectos
963 2836 1082 2877 esse
1107 2830 1194 2876 tua
1220 2837 1379 2876 causa
1404 2862 1421 2890 ,
1451 2829 1508 2875 ut
1540 2828 1596 2875 tu
1621 2819 1846 2874 haberes
1872 2818 2012 2874 unde
2039 2817 2272 2874 ditesce-

1445 363 1502 417 S.
1542 361 1817 417 JOANNIS
1850 351 2322 412 CllllYSUSTOill
2361 352 2674 408 AllClllEP.
2713 351 3241 409 CONSTAN'I‘lNOP.

3843 357 3964 412 256

2363 477 2448 516 res
2486 480 2499 514 :
2542 471 2600 514 ut
2637 461 2934 515 abundares
2961 463 3101 516 enim
3132 463 3185 517 in
3225 463 3612 532 spiritualibus,
3644 473 3959 535 promi-rea

2355 551 2446 606 ille
2465 560 2585 620 eget
2605 553 2657 605 in
2687 553 2772 616 iis,
2795 568 2913 620 qua:
2937 551 3002 605 ad
3029 553 3165 606 hanc
3185 554 3344 606 vitam
3372 556 3656 624 pertineant.
3681 557 3959 611 Potuisse

2355 642 2514 712 igitur
2559 643 2722 696 Deum
2769 642 2888 695 illos
2931 643 3125 697 nullius
3168 643 3373 714 indigos
3416 655 3708 715 praastare,
3752 647 3963 700 multis

2355 733 2680 800 argumentis
2709 732 2865 785 docui
2893 751 2908 785 :
2940 742 3027 787 tua
3059 743 3233 788 tamen
3263 750 3424 790 causa
3452 736 3503 789 in
3535 747 3782 805 egestate
3812 739 3962 791 reli-

2355 832 2472 877 ctos
2508 838 2626 877 esse
2663 823 2908 877 similiter
2939 834 3212 878 ostensum
3239 835 3339 879 est.
3385 827 3508 882 llaec
3545 827 3699 895 igitur
3731 843 3968 897 cogno-

2357 923 2586 978 scentes,
2619 929 2723 968 non
2747 914 2815 968 ad
2843 916 3230 978 accusationes,
3258 916 3350 970 sed
3377 918 3442 971 ad
3469 918 3720 973 beneficia
3753 936 3870 973 cun
3881 919 3968 972 fe-

2360 1007 2523 1059 renda
2568 1021 2666 1060 nos
2704 1018 3076 1062 convcrtamus
3109 1026 3122 1060 :
3153 1023 3257 1062 non
3293 1009 3513 1062 aliorum
3550 1011 3684 1063 mala
3718 1013 3966 1064 curiose

2359 1107 2678 1161 scrutemur,
2701 1099 2793 1151 sed
2821 1106 2998 1153 ucstra
3027 1114 3398 1154 recenseamus
3421 1118 3433 1153 :
3458 1101 3680 1155 aliorum
3712 1101 3965 1156 benefa-

2361 1199 2444 1244 cta
2465 1191 2778 1258 cogitemus,
2802 1189 2871 1244 dc
2892 1191 3088 1245 nostris
3107 1199 3284 1246 autem
3307 1194 3534 1260 peccatis
3554 1197 3856 1263 recogitem
3866 1211 3964 1257 us,

2363 1289 2521 1351 atque
2561 1284 2630 1336 ita
2663 1282 2987 1350 placebimus
3016 1283 3142 1336 Deo.
3184 1281 3312 1335 Nam
3340 1284 3428 1351 qui
3462 1285 3684 1338 aliorum
3716 1287 3964 1355 quidem

2365 1382 2578 1440 peceata
2608 1372 2749 1426 videt
2777 1413 2793 1436 ,
2835 1381 2890 1425 et
2931 1385 3026 1425 sua
3071 1379 3214 1426 recte
3257 1371 3391 1426 facta
3417 1414 3432 1437 ,
3461 1374 3653 1440 duplex
3683 1377 3967 1430 damnqu

2366 1472 2601 1531 reportat
2631 1482 2644 1514 :
2681 1461 2764 1516 his
2800 1463 2941 1515 enim
2983 1463 3034 1514 in
3073 1464 3425 1530 arrogantiam
3470 1465 3703 1528 tollitur,
3740 1467 3854 1521 illis
3908 1472 3967 1521 iu

2365 1553 2743 1620 negligentiam
2771 1552 2972 1606 incidit.
3002 1552 3135 1605 Dum
3162 1553 3304 1607 enim
3329 1553 3581 1622 cogitabit
3607 1555 3756 1608 illum
3785 1565 3970 1624 atque

2369 1642 2518 1696 illum
2548 1657 2828 1710 peccasse,_
2843 1642 2994 1697 facile
3018 1649 3073 1696 et
3102 1642 3215 1711 ipse
3242 1643 3514 1710 peccabit:
3539 1643 3662 1696 dum
3686 1644 3970 1712 cogitabit

2369 1747 2428 1786 se
2451 1733 2589 1788 bene
2612 1733 2792 1786 officio
2819 1733 3055 1786 functum
3077 1773 3092 1796 ,
3125 1733 3278 1787 facile
3303 1734 3548 1801 superbia
3575 1735 3853 1790 etl‘enctur.
3891 1739 3972 1789 At
4058 1741 4059 1744 ‘

2370 1823 2458 1892 qui
2499 1838 2594 1876 sua
2633 1823 2850 1891 quidem
2893 1833 3037 1878 recte
3080 1823 3212 1877 facta
3253 1825 3505 1879 oblivioni
3543 1827 3759 1881 mandat
3783 1867 3801 1893 ,
3836 1830 3968 1881 sola

2372 1922 2548 1967 autem
2592 1923 2808 1981 peccata
2837 1921 3112 1981 aspectat,
3139 1914 3365 1970 aliorum
3395 1931 3522 1970 vero
3549 1931 3654 1971 non
3684 1930 3924 1986 peccata
3955 1962 3970 1982 ,

2373 2002 2467 2057 sed
2493 2003 2674 2056 virtuti
2703 2015 3094 2059 consentaneas
3118 2007 3356 2059 actiones
3380 2007 3616 2064 studiose
3641 2021 3936 2064 scrutatur
3957 2054 3972 2075 ,

2372 2093 2554 2146 multis
2595 2092 2769 2145 modis
2812 2092 3020 2167 lucrum
3063 2094 3242 2149 faciet.
3288 2096 3600 2164 Quomodo,
3639 2100 3785 2153 audi.
3818 2101 3976 2154 Nam

2373 2200 2494 2241 cum
2535 2187 2684 2241 illum
2729 2197 2874 2242 recte
2911 2202 2971 2241 se
3004 2188 3234 2257 gessisse
3260 2189 3485 2256 viderit,
3517 2192 3860 2247 :enmlatione
3895 2197 3977 2246 ³11

2379 2275 2688 2331 imitandum
2732 2285 3009 2342 movetur;
3037 2292 3159 2332 cum
3190 2293 3250 2331 se
3279 2294 3527 2346 peccasse
3553 2281 3978 2338 animadverte—

2377 2367 2473 2430 rit,
2501 2367 2743 2421 demittet
2777 2366 3046 2433 animout,
3078 2381 3142 2421 ac
3169 2367 3480 2423 modestiam
3518 2370 3768 2425 tuebitur.
3810 2373 3982 2428 lianc

2379 2457 2636 2510 rationem
2665 2457 2709 2510 si
2741 2465 3038 2521 teneamus,
3067 2467 3224 2527 atque
3252 2458 3352 2514 hoc
3377 2461 3534 2515 modo
3561 2473 3738 2516 nostra
3753 2463 3982 2533 "dism-

2380 2561 2588 2608 namus,
2622 2550 2880 2616 promissa
2911 2551 3202 2618 poterimus
3229 2555 3489 2623 consequi
3507 2556 3643 2608 bona
3661 2596 3677 2619 ,
3704 2559 3882 2624 gratia
3919 2571 3985 2611 et

2382 2639 2707 2708 benignitate
2736 2642 2943 2696 Domini
2969 2646 3136 2698 nostri
3161 2643 3288 2697 Jcsu
3308 2645 3526 2712 Christi,
3547 2648 3628 2700 cui
3652 2660 3774 2701 euut
3802 2649 3984 2704 Patre

2382 2739 2437 2784 ct
2473 2732 2669 2800 Spiritu
2700 2743 2885 2788 sancto
2909 2736 3079 2804 gloria
3102 2777 3120 2802 ,
3149 2738 3426 2807 imperium
3451 2781 3467 2806 ,
3498 2741 3668 2796 honor
3691 2783 3706 2806 ,
3735 2758 3886 2798 nunc
3921 2756 3986 2798 et

2383 2832 2593 2889 semper
2611 2861 2628 2888 ,
2657 2830 2710 2876 et
2739 2823 2791 2876 in
2820 2825 3012 2879 stecula
3039 2827 3378 2884 satcnlormu.
3408 2830 3599 2885 Amen.

717 2950 3978 2982 umm—M

2145 3026 2487 3091 HOHILIA
2530 3033 2612 3092 X.

709 3174 837 3229 Car.
877 3175 932 3229 5.
972 3183 1042 3229 v.‘
1066 3174 1112 3228 l.
1153 3171 1233 3227 De
1256 3182 1436 3227 cetera
1453 3215 1468 3237 ,
1498 3175 1679 3243 fratres
1706 3172 1802 3224 mei
1820 3213 1836 3238 ,
1857 3172 2072 3242 gaudete
2096 3172 2149 3224 in
2173 3169 2282 3225 Do-

781 3264 935 3316 mino.
967 3261 1158 3316 Eadem
1178 3263 1312 3316 vobis
1331 3263 1545 3316 scribere
1564 3262 1686 3314 mihi
1708 3263 1906 3332 quidem
1928 3278 2027 3314 non
2047 3262 2248 3332 pigrum
2263 3303 2279 3329 ,

781 3357 918 3410 vobis
957 3367 1124 3409 autem
1169 3365 1348 3408 tutum.
1388 3354 1445 3409 2.
1495 3353 1669 3408 Videte
1714 3372 1862 3409 canes
1885 3397 1900 3420 ,
1930 3355 2089 3408 ridi-te
2123 3356 2284 3408 malos

781 3447 1039 3516 operarios
1063 3488 1078 3512 ,
1106 3446 1266 3500 ridete
1307 3445 1655 3498 concidentem.
1702 3445 1756 3500 3.
1801 3444 1911 3498 Nos
1951 3445 2083 3497 enim
2111 3461 2284 3499 sumus

780 3538 1091 3590 circumcisio
1111 3577 1126 3600 ,
1155 3536 1240 3606 qui
1265 3536 1445 3606 spiritu
1475 3535 1582 3589 Deo
1610 3537 1852 3589 servimus
1879 3577 1893 3600 ,
1934 3547 1979 3588 et
2007 3537 2286 3606 gloriamur

782 3629 837 3690 in
863 3627 1060 3679 Christo
1086 3625 1241 3691 Jesu,
1273 3634 1318 3678 et
1343 3641 1443 3678 non
1471 3627 1524 3679 iu
1552 3642 1702 3679 conte
1726 3627 1966 3692 ﬁduciam
1991 3628 2246 3679 habentes.

789 3722 838 3771 ί.
880 3717 1134 3770 Mmrores
1163 3724 1218 3770 et
1245 3715 1628 3770 sollicitudines
1650 3757 1665 3782 ,
1695 3732 1815 3771 cum
1846 3725 2042 3787 przeter
2067 3718 2285 3772 modum

714 3810 944 3864 animam
981 3806 1284 3861 distrahunt
1306 3849 1322 3875 ,
1351 3822 1450 3863 suo
1478 3808 1671 3863 robore
1707 3808 1850 3862 illam
1891 3809 2117 3876 privant.
2151 3811 2288 3864 Pro-

718 3909 899 3968 pterea
944 3899 1137 3952 Paulus
1181 3898 1340 3952 etiam
1365 3938 1381 3962 ,
1424 3913 1544 3950 cum
1586 3897 1979 3972 Philippenses"
1999 3898 2051 3951 in
2096 3912 2289 3968 magno

717 4007 946 4047 uta-rore
993 3996 1210 4052 essent,
1258 4002 1353 4041 eos
1394 3988 1590 4042 excitat
1635 3996 1689 4041 et
1729 3988 1948 4042 relevat.
1995 3989 2290 4042 Mmrebaut

714 4095 888 4137 autem
911 4123 926 4148 ,
959 4080 1099 4151 quod
1124 4079 1390 4149 quomodo
1415 4094 1475 4132 se
1505 4093 1590 4133 res
1620 4079 1764 4133 Pauli
1797 4078 2052 4134 haberent
2079 4083 2288 4149 ignora-

719 4177 876 4237 bant;
908 4172 1201 4226 mmrebant
1221 4212 1236 4234 ,
1277 4169 1419 4239 quod
1449 4170 1620 4238 ipsum
1650 4170 1846 4224 abiisse
1872 4170 2245 4223 existimabant
2270 4185 2284 4233 ;

718 4264 1017 4318 mwrcbant
1043 4263 1111 4314 ob
1136 4260 1562 4342 pmdicationem
1579 4299 1594 4322 ,
1623 4258 1694 4312 ob
1718 4258 2157 4327 Epaphroditum.
2188 4257 2289 4327 lgi-

717 4367 802 4409 tur
829 4355 894 4408 de
924 4353 1167 4406 oninibos
1199 4351 1281 4405 his
1311 4350 1470 4404 rebus
1499 4350 1732 4403 animum
1765 4350 1866 4403 illis
1895 4350 2133 4418 explens,
2163 4349 2290 4403 sub-

712 4447 888 4517 jungit
917 4462 930 4497 :
962 4444 1034 4497 De
1061 4452 1257 4505 cetera,
1290 4447 1472 4514 fratres
1502 4443 1618 4508 inci,
1650 4442 1882 4512 gaudete.
1915 4442 2028 4496 Non
2059 4443 2285 4509 habetis,

719 4538 907 4608 inquit,
929 4535 1167 4606 posthac,
1185 4549 1280 4588 cur
1299 4534 1570 4588 mmreatis
1588 4550 1602 4586 :
1622 4532 1827 4587 habetis
1847 4535 2284 4603 Epaphroditum,

715 4631 786 4683 ob
827 4643 984 4699 quem
1019 4625 1313 4691 dolebatis;
1356 4623 1563 4678 habetis
1597 4625 1967 4691 Timotheum;
2000 4640 2100 4694 ego
2127 4629 2285 4680 etiam

716 4721 940 4774 advenio
960 4717 1318 4786 :evangelium
1341 4715 1601 4786 procedit.
1622 4715 1758 4780 Quid
1778 4719 1888 4782 jam
1909 4716 2057 4770 vobis
2077 4715 2289 4770 deﬁcit?

718 4813 962 4866 Gaudete.
993 4812 1071 4864 Ac
1097 4809 1312 4864 Galatas
1338 4808 1551 4877 quidem
1581 4808 1718 4861 filios
1746 4817 1898 4862 vocat
1922 4806 2063 4877 (Gal.
2089 4809 2142 4861 4.
2173 4809 2284 4878 l9),

684 4923 692 4926 δ
719 4907 816 4958 hos
845 4911 1020 4957 autem
1049 4902 1261 4956 fratres.
1296 4901 1426 4955 Nam
1451 4901 1884 4970 quouescumque
1915 4901 1994 4954 vcl
2023 4903 2290 4969 corrigere

717 4994 914 5064 aliquid
951 4993 1064 5047 vult
1101 4994 1183 5047 vel
1215 4992 1587 5046 vehementem
1611 4993 1809 5048 amoris
1838 4991 2081 5045 aﬂ‘ectum
2111 5002 2290 5046 Osten-

716 5089 869 5154 dere,
895 5087 1031 5140 lilios
1053 5096 1203 5140 vocat
1228 5101 1322 5139 :ac
1342 5101 1462 5140 cum
1484 5085 1604 5154 plus
1626 5084 1846 5137 honoris
1869 5087 1950 5150 iis,
1975 5086 2290 5155 quibuscum

724 5181 884 5234 verba
912 5180 1054 5242 facit,
1081 5179 1378 5232 habendum
1404 5187 1508 5244 est,
1538 5177 1749 5231 fratres.
1780 5177 1858 5230 De
1883 5188 2082 5244 ctetero,
2109 5182 2292 5248 fratres

724 5272 818 5324 mei
843 5312 858 5337 ,
887 5271 1055 5341 inquit
1074 5311 1089 5336 ,
1116 5269 1327 5339 gaudete
1353 5269 1405 5320 in
1433 5267 1672 5320 Domino.
1704 5267 1866 5322 Recte
1893 5268 2056 5333 dixit,
2087 5266 2152 5320 lu
2182 5267 2286 5320 Do-

720 5363 855 5414 mino
881 5401 896 5426 ,
924 5377 1028 5414 non
1067 5359 1336 5414 mundano
1374 5358 1568 5427 gaudio
1596 5379 1610 5413 :
1641 5374 1760 5411 nam
1794 5359 1892 5411 hoc
1921 5373 2025 5412 non
2051 5369 2132 5412 est
2160 5376 2290 5427 gan-

719 5456 869 5508 dere.
919 5451 1189 5504 Erumnm
1215 5491 1229 5513 ,
1260 5449 1468 5518 inquit,
1511 5465 1631 5518 qua:
1669 5451 1960 5504 secundum
1987 5449 2289 5516 Christum,

722 5542 850 5609 ipsa:
879 5541 1126 5609 gaudium
1155 5539 1369 5594 habent.
1403 5538 1593 5593 Eadem
1619 5539 1755 5594 vobis
1780 5541 1993 5594 scribere
2020 5542 2142 5594 mihi
2177 5543 2292 5611 qni-

717 5634 829 5684 ιιι-θη
872 5648 973 5684 nou
1014 5632 1213 5701 pigrum
1237 5672 1252 5698 ,
1291 5631 1428 5686 vobis
1469 5643 1637 5686 autem
1676 5641 1859 5686 tutum.
1908 5631 2080 5685 Videte
2118 5649 2285 5686 canes.

722 5725 749 5775 κ
767 5725 878 5778 ades
906 5739 1007 5778 non
1031 5723 1145 5788 ipso
1166 5723 1387 5780 exordio
1414 5724 1680 5780 inductam
1703 5741 1820 5780 esse
1844 5723 2283 5790 admonitionem,

2386 3174 2480 3229 sed
2512 3185 2790 3248 postquam
2821 3179 2940 3235 illos
2968 3181 3148 3236 multis
3175 3182 3477 3238 nominibus
3506 3183 3777 3251 laudavit,
3813 3197 3986 3258 post-

2387 3281 2543 3333 quam
2568 3270 2824 3336 suspexit,
2849 3279 2974 3324 tunc
2993 3270 3097 3325 hoc
3122 3271 3266 3339 facit,
3288 3288 3350 3327 ac
3374 3288 3558 3328 rursus
3576 3275 3735 3328 etiam
3758 3275 3983 3330 laudat.

2390 3351 2678 3409 Videbatur
2704 3359 2848 3412 enim
2889 3360 2990 3413 hoc
3018 3361 3274 3416 orationis
3299 3377 3469 3431 genus
3492 3377 3614 3419 esse
3641 3365 3936 3420 molestius
3968 3383 3983 3416 :

2387 3446 2732 3514 quamobrem
2770 3448 3002 3518 undique
3033 3451 3181 3505 lenit.
3221 3451 3366 3517 Quos
3393 3461 3567 3507 autem
3597 3455 3724 3507 dicit
3751 3469 3930 3510 canes
3962 3458 3990 3508 ΐ

2391 3534 2488 3589 llic
2505 3547 2658 3590 erant
2672 3538 2853 3607 aliqui,
2879 3555 3011 3608 quos
3037 3541 3088 3594 in
3109 3543 3357 3596 omnibus
3378 3544 3618 3611 epistolis
3636 3545 3983 3610 subiudicat,

2389 3625 2581 3692 Judaei,
2598 3629 2824 3696 impuri,
2849 3633 3181 3698 exsecrandi,
3207 3635 3374 3702 turpis
3398 3635 3528 3688 lucri
3556 3643 3611 3688 et
3632 3637 3989 3705 principatus

2390 3718 2588 3786 cupidi,
2615 3720 2847 3788 quicum
2875 3722 3068 3776 multos
3089 3739 3155 3798 ex
3178 3721 3422 3778 fidelibus
3443 3723 3508 3777 ad
3531 3739 3592 3779 se
3611 3725 3830 3779 allicere
3857 3730 3988 3781 vel-

2392 3807 2533 3871 lent,
2561 3817 2615 3861 et
2642 3808 3104 3865 Christianismum
3131 3821 3184 3866 et
3209 3812 3538 3867 Judaismum
3568 3815 3981 3883 pra-dicabant,

2392 3911 2795 3970 corrumpeutes
2838 3904 3192 3972 evangelium.
3232 3905 3490 3971 Quoniam
3533 3907 3690 3976 igitur
3721 3907 3991 3963 difficiles

2392 3988 2458 4042 ad
2487 3989 2990 4059 deprehendendum
3017 4003 3173 4048 erant
3194 4033 3210 4059 ,
3240 4006 3519 4063 propterea
3548 3998 3748 4066 inquit,
3795 3999 3992 4052 Videte

2347 4129 2349 4131 ,
2391 4094 2562 4132 canes.
2590 4080 2706 4134 .lam
2729 4097 2834 4134 non
2862 4082 3031 4136 Judmi
3061 4093 3185 4137 sunt
3213 4086 3325 4137 lilii.
3355 4085 3491 4139 Olim
3519 4086 3622 4141 ἰδιο
3647 4104 3841 4141 canum
3877 4106 3991 4143 ιιυ⁴

2395 4169 2538 4222 mine
2562 4170 2759 4223 ethnici
2787 4173 3128 4237 vowbantur,
3153 4190 3292 4227 nunc
3317 4185 3492 4230 autem
3523 4178 3617 4230 illi.
3644 4179 3785 4238 Cur?
3818 4181 3988 4247 Quo-

2394 4261 2537 4314 niam
2557 4303 2573 4326 ,
2605 4263 3053 4330 quemadmodum
3080 4265 3278 4321 ethnici
3314 4275 3369 4320 et
3403 4283 3434 4321 a
3475 4268 3585 4322 Deo
3615 4278 3666 4323 et
3694 4285 3724 4323 a
3749 4270 3991 4325 Christo

2392 4352 2554 4406 alieni
2578 4363 2749 4419 erant,
2779 4354 2846 4406 ita
2872 4354 3040 4409 Judaei
3069 4372 3208 4410 nunc
3231 4372 3290 4411 se
3315 4358 3745 4413 abalienaverant
3769 4378 3781 4412 :
3807 4372 3992 4429 atque

2393 4443 2518 4497 hinc
2540 4443 2747 4497 illorum
2775 4445 3155 4513 impudentiam
3176 4455 3230 4501 et
3251 4447 3666 4516 improbitatem,
3693 4465 3989 4519 magnam-

2392 4551 2494 4604 que
2539 4549 2568 4587 a
2615 4535 2736 4588 filiis
2777 4535 3186 4604 disjunctionem
3235 4550 3297 4590 ac
3343 4536 3620 4590 dissidinm
3669 4539 3737 4593 ob
3778 4542 3988 4594 oculos

2394 4627 2560 4696 ponit.
2588 4627 2721 4682 Nam
2744 4627 2868 4679 olim
2895 4626 3106 4693 quidem
3133 4626 3377 4681 ethnicos
3407 4639 3616 4683 vocatos
3639 4643 3758 4684 esse
3779 4646 3986 4692 canes,

2392 4718 2513 4771 audi
2554 4719 2678 4786 quid
2709 4717 3006 4772 Chananzca
3031 4717 3172 4770 dicat
3206 4735 3219 4770 :
3243 4718 3420 4785 Etiam
3443 4759 3459 4783 ,
3489 4717 3701 4770 Domine
3727 4735 3744 4771 :
3771 4737 3898 4771 nam
3935 4735 3988 4772 et

2394 4810 2563 4862 catelli
2591 4809 2741 4861 edunt
2761 4809 2824 4861 de
2849 4809 3009 4873 micis,
3033 4824 3144 4877 qutr
3166 4808 3351 4861 cadunt
3376 4808 3439 4861 de
3459 4825 3627 4862 mensa
3649 4810 3990 4863 dominorum

2393 4915 2598 4953 suorum
2627 4897 2838 4969 (Matth.
2873 4899 2960 4954 l5.
2989 4898 3104 4967 27).
3132 4899 3397 4952 Caeterum
3416 4937 3432 4962 ,
3460 4908 3518 4952 ut
3546 4915 3716 4968 neque
3749 4901 3858 4954 hoc
3892 4903 3987 4954 isti

2397 4999 2747 5059 assequantur
2766 5006 2931 5055 {nam
2954 5006 3114 5045 canes
3135 4990 3347 5059 quidam
3374 5001 3517 5056 sunt,
3540 4993 3628 5061 qui
3654 4992 3792 5045 circa
3821 5009 3984 5047 lucti-

2398 5097 2512 5136 sam
2553 5091 2728 5146 stant;
2757 5083 2903 5136 addit
2935 5084 3047 5138 hanc
3066 5125 3080 5148 ,
3112 5085 3306 5153 quibus
3336 5085 3480 5153 ipsos
3504 5088 3720 5138 omnino
3747 5084 3934 5154 abigat
3970 5105 3985 5138 :

2409 5173 2582 5227 Videte
2605 5173 2765 5227 malos
2791 5179 3068 5242 operarios.
3096 5176 3171 5228 Ac
3196 5175 3418 5229 miriﬁce
3439 5175 3594 5239 dixit,
3624 5173 3793 5226 Videte
3810 5178 3989 5228 malos

2398 5266 2653 5334 Operarios
2674 5282 2693 5317 :
2719 5281 2841 5319 nam
2869 5276 3156 5344 cperantur
3179 5265 3417 5333 quidem,
3444 5265 3630 5335 inquit,
3655 5267 3748 5319 scd
3776 5267 3988 5319 malam

2401 5358 2450 5411 in
2481 5369 2682 5427 partem
2704 5375 2718 5424 ;
2747 5373 2987 5427 Opusque
3011 5359 3118 5412 otio
3148 5358 3300 5428 longe
3324 5357 3557 5411 deterius
3582 5366 3682 5420 est,
3705 5357 3836 5411 dum
3863 5377 3988 5428 qua:

2401 5460 2542 5502 recte
2570 5461 2692 5502 sunt
2720 5451 3004 5503 constituta
3032 5449 3322 5518 disjiciunt.
3364 5447 3555 5514 Videte,
3585 5447 3781 5517 inquit,
3809 5454 3965 5502 conci

2398 5545 2607 5596 sionem.
2636 5542 3014 5596 llonorandum
3042 5541 3292 5611 quiddam
3319 5552 3436 5597 erat
3461 5541 3600 5609 apud
3629 5539 3856 5596 Judzcos
3885 5545 3988 5596 cir-

2400 5632 2677 5698 cumcisio,
2695 5631 3122 5702 quandoquidem
3143 5641 3197 5686 et
3218 5632 3298 5685 les
3321 5631 3370 5685 ei
3387 5631 3696 5695 decedebat,
3713 5641 3774 5686 et
3793 5633 3992 5686 sabba-

2401 5735 2508 5779 tum
2535 5724 2937 5780 circumcisionc
2967 5724 3122 5780 vilius
3146 5731 3278 5781 erat.
3316 5724 3522 5782 Etenim
3551 5733 3608 5779 ut
3636 5725 3995 5779 circumcisio
