4064 6318
132 402 236 456 257

133 519 284 567 tieret
300 553 318 578 ,
349 512 662 570 solvebatur
685 512 965 567 sabbatum
993 527 1006 564 :
1033 522 1321 578 numquam
1347 520 1474 561 vero
1500 512 1558 558 ut
1586 501 1710 557 sab-

132 605 318 658 batum
343 617 668 669 servaretur,
688 602 994 657 solvebatur
1013 599 1371 654 circumcisio.
1397 599 1569 665 Atque
1588 609 1714 647 con-

129 695 313 749 sidera
355 695 482 750 mihi
525 695 618 749 Dei
647 691 1098 763 dispensationem
1128 707 1140 742 :
1171 688 1284 742 haec
1309 701 1427 756 qua:
1457 684 1712 754 majorem

128 803 293 853 quam
326 787 604 843 sabbatum
632 785 859 840 habebat
880 781 1276 838 venerationem
1305 777 1572 833 invenitur
1594 773 1714 844 qui-

130 875 363 932 busdam
412 876 737 945 temporibus
773 874 992 928 omissa.
1030 869 1164 925 Cum
1203 869 1361 938 igitur
1393 868 1506 936 ipsa
1540 865 1711 920 soluta

126 967 215 1031 sit,
245 968 422 1022 multo
448 965 616 1036 magis
640 963 940 1020 sabbatum.
972 961 1094 1016 Ideo
1117 959 1309 1014 Paulus
1331 958 1495 1028 ipsius
1516 971 1712 1010 nomen

131 1067 383 1125 resecat,
415 1067 471 1113 et
507 1057 674 1127 inquit
693 1097 708 1122 ,
749 1054 922 1109 Videte
946 1053 1295 1107 concisiouem.
1328 1049 1510 1118 Neque
1536 1046 1708 1114 dixit,

128 1152 333 1207 Malum
359 1160 445 1206 cst
472 1149 836 1211 circumcisio,
865 1145 1202 1216 Supervacua
1232 1153 1315 1199 est
1338 1141 1706 1221 circumcisio,

135 1260 198 1298 ne
224 1245 373 1298 viros
402 1244 532 1297 istos
555 1251 839 1311 punget-et,
866 1239 961 1294 sed
987 1237 1278 1308 sapientius
1304 1234 1442 1290 idem
1465 1233 1709 1298 molitur,

132 1351 160 1389 a
189 1350 250 1390 re
275 1333 496 1404 quidem
540 1332 652 1402 ipsa
691 1330 960 1386 abducens
985 1369 1001 1395 ,
1031 1341 1226 1382 nomen
1253 1333 1428 1379 autem
1460 1323 1566 1378 illis
1592 1337 1711 1392 gra-

126 1425 402 1490 tiﬁeatus;
446 1423 528 1478 vel
575 1421 748 1491 potius
787 1434 903 1475 rem
941 1432 1152 1488 quoque
1189 1416 1358 1486 ipsam
1398 1412 1706 1468 studiosius.

138 1518 332 1572 \‘erum
375 1531 480 1571 non
520 1515 590 1570 ita
622 1529 746 1583 erga
775 1511 992 1569 Galatas
1015 1552 1029 1576 ,
1062 1508 1154 1564 sed
1187 1509 1341 1578 longe
1369 1518 1542 1561 secus.
1575 1502 1710 1559 Nam

130 1610 383 1679 quoniam
427 1609 500 1664 ibi
542 1623 764 1677 magnus
804 1614 919 1678 erat
954 1602 1170 1658 morbus
1193 1642 1209 1668 ,
1241 1597 1492 1654 audacter
1520 1610 1708 1666 magna

129 1718 250 1758 cum
281 1702 601 1758 auctoritate
629 1708 775 1756 secat
798 1716 813 1753 :
835 1696 924 1753 hic
949 1709 1096 1761 vero,
1125 1693 1375 1764 quoniam
1405 1689 1534 1745 nihil
1563 1689 1707 1758 ejus-

131 1794 274 1850 modi
304 1793 670 1857 admiserant,
715 1791 844 1860 ipsis
880 1801 998 1843 eam
1034 1800 1152 1856 qua:
1182 1800 1246 1840 ex
1277 1781 1534 1837 vocabulo
1561 1779 1710 1832 volu-

129 1893 329 1953 ptatem
367 1882 697 1954 gratiﬁeatur
720 1921 735 1944 ,
769 1879 866 1934 hos
899 1878 1100 1932 interea
1129 1884 1184 1931 et
1220 1873 1339 1928 illos
1367 1871 1585 1942 abigens
1607 1909 1622 1936 ,
1654 1876 1709 1924 et

130 1978 324 2048 inquit,
353 1977 527 2029 Videte
547 1974 900 2028 concisionem.
922 1968 1060 2024 Nam
1077 1985 1167 2022 nos
1187 1980 1359 2021 sumus
1373 1962 1700 2018 circumcisio.

128 2066 448 2136 Quomodo?
490 2064 590 2131 Qui
625 2063 806 2136 spiritu
834 2060 944 2116 Deo
971 2059 1210 2116 servimus
1231 2098 1247 2124 ,
1274 2066 1321 2112 et
1351 2073 1450 2110 non
1477 2055 1530 2108 in
1557 2069 1709 2109 carus

131 2159 372 2227 ﬁduciqu
401 2156 657 2210 habentes.
687 2153 802 2209 Non
832 2151 999 2216 dixit,
1025 2149 1402 2206 Examincmus
1422 2145 1706 2202 circumci-

129 2253 337 2303 sionem
365 2246 508 2302 illam
531 2258 586 2302 et
609 2245 768 2310 hanc,
793 2255 906 2299 utra
933 2243 1002 2297 sit
1025 2241 1247 2307 melior;
1268 2239 1361 2295 sed
1390 2253 1457 2294 ne
1475 2237 1707 2294 nominis

131 2340 346 2410 quidem
377 2338 522 2392 illam
550 2336 864 2408 participat,
895 2333 988 2390 sed
1019 2332 1144 2404 quid
1186 2330 1393 2402 inquit?
1417 2329 1709 2385 Circumci-

129 2435 209 2486 sio
239 2431 329 2485 illa
354 2428 590 2484 concisio
610 2437 713 2483 est.
748 2426 961 2495 Quare?
981 2423 1121 2480 Nihil
1140 2422 1282 2479 enim
1311 2420 1456 2476 aliud
1484 2419 1703 2485 facium,

130 2536 288 2587 quam
311 2517 453 2589 quod
482 2533 696 2574 carnem
721 2515 1025 2572 concidunt.
1054 2513 1277 2582 Quando
1300 2513 1440 2568 enim
1460 2510 1601 2582 quod
1624 2509 1704 2577 tit,

129 2611 423 2678 lugitimnm
452 2624 558 2664 non
587 2617 690 2674 est,
721 2607 852 2662 nihil
877 2605 1020 2660 aliud
1050 2618 1208 2674 quam
1235 2602 1414 2657 carnis
1437 2601 1708 2657 sectioest

129 2711 181 2753 et
219 2699 478 2754 concisio.
519 2696 614 2752 Vel
643 2697 801 2767 igitur
827 2695 898 2750 ob
929 2694 1066 2748 hanc
1091 2705 1305 2746 causam
1337 2690 1409 2745 ita
1443 2689 1585 2744 illam
1611 2703 1707 2760 ap-

130 2791 375 2859 pallavit;
393 2790 472 2844 vel
496 2788 635 2859 quod
657 2786 950 2843 Ecclesium
968 2783 1249 2841 concidere
1265 2782 1700 2854 aggrederentur.

131 2886 260 2937 Nam
291 2892 346 2938 et
371 2897 468 2937 nos
496 2882 815 2937 concisionis
840 2879 1056 2934 nomine
1087 2877 1284 2932 utimur
1314 2878 1366 2931 in
1395 2876 1481 2941 iis,
1507 2875 1599 2946 qui
1624 2885 1714 2941 te:

132 2989 278 3028 tutere
321 2983 376 3028 et
417 2973 534 3026 sine
572 2981 686 3024 arte
729 2970 831 3024 hoc
877 2965 1266 3037 taciunt.-Nam
1294 2965 1338 3020 si
1369 2964 1706 3020 circumcisio

130 3065 418 3134 quzcrenda
449 3072 531 3117 est
549 3103 564 3126 ,
593 3060 798 3131 inquit;
826 3059 965 3129 apud
995 3073 1093 3113 uos
1118 3071 1236 3113 eam
1267 3054 1571 3111 invenietis.
1604 3053 1706 3122 Qui

131 3157 313 3221 spiritu
343 3153 454 3209 Deo
481 3153 722 3208 servimus
746 3191 762 3217 ,
790 3150 843 3206 id
870 3160 951 3204 est
973 3189 990 3216 ,
1021 3147 1111 3220 qui
1150 3147 1498 3218 spiritualit’er
1530 3147 1704 3202 servi-

131 3264 266 3300 ιιιυς.

196 3339 250 3390 2.
291 3339 382 3390 Dic
404 3335 543 3391 enim
569 3332 718 3398 mihi,
747 3342 922 3386 utrum
944 3329 1154 3397 melius,
1179 3326 1355 3384 anima
1379 3341 1447 3383 an
1468 3326 1705 3397 corpus?

134 3428 419 3482 l-Lvidenter
447 3427 642 3479 atumo.
675 3424 839 3491 Igitur
864 3421 1198 3476 circumcisio
1227 3419 1315 3472 illa
1347 3431 1453 3472 nou
1482 3427 1565 3472 est
1588 3431 1705 3472 me-

133 3522 257 3581 hor;
315 3520 552 3585 quinimo
607 3519 719 3569 ιιιοο
769 3517 882 3568 sola
937 3512 1276 3568 circumcisio
1328 3518 1434 3566 est.
1493 3507 1704 3564 Etenim

132 3612 381 3680 quamdiu
410 3608 619 3678 quidem
645 3618 800 3677 typus
822 3603 1089 3668 manebat,
1109 3604 1302 3657 merito
1320 3597 1706 3669 comparatiOni

135 3707 279 3758 locus
311 3712 451 3766 erat;
487 3700 553 3757 Ut
581 3697 987 3758 circumcidatu‘r,
1023 3695 1224 3762 inquit,
1256 3691 1561 3762 prtzputium
1587 3705 1706 3743 cor-

135 3799 207 3849 dis
234 3795 383 3847 uestri
409 3792 544 3859 (λεν.
571 3793 620 3844 4.
659 3790 734 3856 ι).
765 3788 836 3841 Ita
867 3795 920 3840 et
961 3787 1012 3838 in
1056 3783 1289 3852 Epistula
1329 3781 1396 3835 ad
1434 3780 1708 3835 Romanos

137 3890 300 3956 ipsam
333 3884 469 3939 tollit
495 3881 580 3934 his
606 3879 822 3933 verbis:
858 3875 980 3930 Non
1024 3875 1156 3928 enim
1199 3874 1285 3943 qui
1324 3875 1376 3925 iu
1416 3869 1705 3939 uiciniam,

135 3977 346 4031 Judteus
366 3986 457 4037 est,
485 3987 640 4041 neque
665 3984 777 4040 qua:
797 3970 849 4021 in
875 3966 1140 4034 nianifesto
1164 3964 1216 4018 iu
1244 3978 1413 4026 carne,
1437 3960 1706 4014 circumci-

137 4072 224 4135 sio,
259 4068 348 4122 sed
371 4066 456 4136 qui
483 4065 533 4117 in
555 4062 845 4116 abscondito
870 4059 1101 4120 Iudaeus,
1129 4066 1176 4110 et
1199 4052 1515 4109 circumcisio
1540 4051 1709 4105 cordis

136 4164 184 4214 in
226 4159 428 4229 spiritu,
458 4172 558 4210 non
597 4155 741 4207 litera
771 4151 946 4221 (Rom.
970 4149 1026 4204 2.
1047 4148 1160 4219 28).
1191 4146 1340 4201 Nunc
1368 4159 1496 4199 vero
1533 4152 1588 4199 et
1615 4157 1710 4198 no-

139 4253 282 4306 mine
321 4250 430 4318 jam
481 4245 625 4300 illam
673 4245 879 4314 privat,
932 4248 1193 4309 negatque
1244 4232 1709 4290 circumcisionetu

137 4357 272 4396 esse.
303 4339 434 4396 Nam
466 4347 621 4409 typus
645 4333 894 4406 quidem,
921 4330 1094 4385 donec
1117 4336 1340 4382 ventura
1367 4335 1451 4379 est
1476 4323 1672 4377 veritas
1690 4363 1707 4387 ,

138 4447 276 4488 vera:
314 4431 393 4487 rei
442 4428 660 4483 nomine
700 4432 952 4487 vocatur;
999 4410 1277 4491 postquam
1321 4429 1452 4471 vero
1497 4414 1710 4469 advenit

138 4526 332 4578 veritas
351 4563 368 4589 ,
410 4535 516 4574 non
548 4516 797 4588 amplius.
828 4512 1015 4569 Simile
1044 4509 1294 4581 quiddam
1324 4505 1505 4562 evenit
1529 4505 1581 4560 iu
1611 4505 1709 4560 de-

141 4617 328 4670 lineata
357 4613 607 4685 pictura:
635 4607 924 4662 delineavit
962 4601 1225 4672 quispiam
1268 4612 1448 4668 regem
1481 4614 1496 4650 :
1541 4597 1709 4650 linea-

140 4717 314 4763 menta
343 4705 431 4761 illa
458 4701 791 4760 adumbrata,
821 4695 1073 4766 quamdiu
1105 4691 1497 4763 pigmentorum
1527 4688 1624 4742 llos
1652 4703 1712 4743 se

141 4803 189 4854 in
215 4805 504 4868 conspectu
545 4809 651 4849 non
690 4791 802 4849 dat.
857 4803 1036 4856 regem
1069 4801 1174 4839 non
1211 4797 1498 4846 vocamus;
1530 4790 1583 4834 at
1623 4779 1711 4834 ubi

143 4894 238 4943 istc
263 4887 414 4944 color
439 4883 697 4943 accessit,
730 4879 1044 4934 obscuratur
1070 4875 1296 4928 veritate
1324 4881 1513 4941 typus,
1542 4884 1714 4939 neque

142 4990 358 5052 apparet
405 4996 418 5032 :
480 4987 711 5044 tuncque
762 4971 1021 5033 dicimus,
1075 4961 1402 5022 Eccc'nnnc
1455 4972 1537 5018 est
1585 4978 1710 5018 rex.

143 5051 246 5128 Nec
270 5070 431 5128 dicit.
469 5068 526 5123 ln
563 5064 720 5120 nobis
747 5062 890 5118 enim
920 5070 1003 5114 est
1031 5055 1407 5117 circumcisio,
1431 5053 1556 5121 sed,
1603 5051 1715 5116 Nos

145 5178 348 5226 sanius;
377 5176 441 5215 ac
469 5158 660 5212 merito
683 5153 917 5225 quidem.
953 5150 1063 5204 Iloc
1087 5149 1228 5203 enim
1269 5155 1354 5202 est
1395 5146 1574 5210 homo,
1607 5145 1715 5199 cir-

144 5253 394 5309 enmcisio
421 5248 604 5304 virtuti
645 5257 982 5316 congruens;
1013 5241 1114 5298 hoc
1152 5250 1236 5294 est
1269 5252 1395 5293 vere
1435 5236 1616 5293 homo.
1661 5237 1716 5290 In

147 5343 246 5397 illis
286 5352 468 5396 autem
509 5353 615 5393 non
642 5335 777 5391 dixit
803 5335 913 5398 sic,
944 5333 1039 5386 sed
1061 5372 1077 5396 ,
1135 5329 1306 5383 Videte
1333 5329 1667 5382 concisione»:
1700 5343 1717 5381 :

150 5437 240 5504 ipsi
258 5435 403 5491 enim
426 5431 646 5504 posthac
659 5436 940 5484 versantur
959 5424 1010 5480 in
1033 5423 1245 5479 interitu
1267 5437 1330 5477 ac
1347 5422 1494 5476 vitio.
1517 5423 1719 5478 Deinde

149 5526 432 5581 ostendens
461 5539 567 5578 non
591 5522 820 5592 amplius
860 5519 913 5573 in
958 5531 1182 5585 corpore
1213 5515 1327 5572 tieri
1359 5516 1719 5570 circumcisio-

152 5632 287 5680 nem,
315 5617 410 5671 sed
444 5621 498 5670 in
523 5614 686 5669 corde
704 5653 720 5677 ,
750 5612 920 5680 inquit
944 5626 958 5661 :
993 5606 1059 5662 Et
1087 5624 1187 5661 non
1221 5608 1274 5659 in
1301 5621 1453 5658 carne
1479 5605 1720 5673 ﬁduciam

157 5708 422 5770 tmbentes;
452 5706 505 5760 ι.
529 5718 827 5775 quamquam
854 5711 900 5755 et
936 5715 1028 5769 ego
1051 5699 1259 5750 habeam
1280 5695 1638 5764 conﬁdentiam
1667 5697 1718 5748 in

152 5813 309 5858 εσυ.
330 5796 471 5869 Quid
491 5797 618 5855 dicit
637 5797 738 5852 hoc
757 5794 898 5861 loco,
919 5789 1310 5860 Conﬁdeatiam.
1337 5798 1411 5853 et,
1438 5785 1502 5841 In
1523 5788 1716 5841 came?

1025 393 1090 449 IN
1127 393 1338 451 I-IPlST.
1381 393 1472 448 AD
1511 387 1795 446 l’lllLlPl'.
1835 387 1988 445 CAP.
2033 388 2121 445 Ill.
2164 389 2395 447 liOMlL.
2438 391 2505 448 Χ.

3294 403 3400 461 2’ἱ8

1821 500 2026 572 Nempe
2067 504 2472 574 gloriationem,
2521 507 2732 576 plenam
2777 509 3045 581 tidentiaz,
3089 522 3144 570 et
3182 530 3400 584 gravem

1821 594 2163 648 orationem:
2206 611 2268 650 ac
2314 597 2446 652 scite
2491 598 2632 652 istud
2681 599 2905 656 addidit.
2957 601 3089 657 Nam
3129 607 3173 659 si
3210 604 3399 666 fuisset
3495 607 3499 609 ’

1819 681 2066 736 ethnicus
2112 692 2166 738 et
2206 695 2482 740 accusaret
2525 688 3021 756 circumcisioncm,
3074 708 3245 764 neque
3289 699 3399 751 εἰει

1818 773 2200 828 cumcisionem
2230 775 2400 829 solum
2421 817 2437 843 ,
2467 776 2563 832 sed
2593 792 2686 833 eos
2709 780 2797 849 qui
2827 780 3199 851 intempestive
3229 788 3397 858 ipsam

1819 862 2154 932 reciperent;
2185 865 2454 921 videretur
2476 882 2606 924 sane
2627 868 2747 924 ideo
2767 870 2820 924 in
2840 871 2982 927 illam
3004 874 3232 944 irruere,
3255 882 3399 948 quod

1820 953 2134 1017 nobilitatis.
2163 972 2281 1026 qua:
2308 956 2568 1013 Judaismi
2595 970 2711 1014 erat
2739 963 2973 1032 propria,
3005 979 3200 1037 expers
3222 980 3398 1035 esset,

1817 1043 1958 1114 quod
1990 1046 2242 1115 praeclara
2267 1049 2359 1130 illa
2387 1058 2442 1104 et
2472 1051 2766 1118 majestatis
2795 1055 2948 1122 plena
2982 1057 3270 1126 ignoraret,
3305 1075 3402 1114 ne-

1817 1151 1920 1206 que
1960 1141 2194 1206 ipsorum
2235 1149 2377 1194 esset
2408 1141 2670 1212 particeps
2704 1159 2718 1197 :
2760 1159 2900 1198 nunc
2940 1162 3064 1200 vero
3104 1150 3192 1217 qui
3235 1153 3402 1218 parti-

1814 1238 1944 1296 ceps
1969 1235 2072 1290 est,
2103 1238 2157 1282 et
2185 1229 2560 1299 reprehendit,
2594 1245 2740 1287 certe
2773 1248 2876 1288 non
2913 1236 2982 1288 ita
3011 1238 3353 1307 reprehendit
3377 1281 3396 1306 ,

1818 1323 2084 1387 tamquam
2116 1319 2159 1374 is
2185 1320 2274 1388 qui
2305 1334 2410 1375 non
2440 1322 2510 1375 sit
2556 1323 2851 1394 particeps,
2879 1325 2972 1380 sed
3003 1335 3272 1397 tamquam
3306 1333 3398 1400 qui

1814 1408 2254 1466 condemnavcrit
2275 1453 2289 1476 ,
2339 1427 2444 1468 non
2472 1429 2536 1468 ex
2565 1415 2891 1484 ignorantia,
2935 1419 3032 1473 sed
3069 1423 3301 1477 maxime
3330 1437 3396 1478 ex

1814 1501 2139 1571 cognitiéne.
2171 1502 2304 1559 Vide
2335 1504 2514 1575 igitur,
2545 1507 2668 1579 quid
2697 1507 2837 1563 dicat
2862 1509 2915 1564 in
2940 1511 3174 1580 Epistola
3201 1513 3269 1569 ad
3290 1513 3398 1571 Ga-

1816 1589 1982 1655 latas,
2027 1605 2146 1645 cnm
2179 1592 2453 1648 incidisset
2491 1595 2544 1650 iu
2589 1598 2960 1653 necessitatem
2991 1617 3181 1672 magna
3225 1603 3294 1660 dc
3334 1621 3397 1661 se

1815 1677 1933 1748 ipso
1961 1679 2196 1748 dicendi,
2227 1684 2494 1753 quomodo
2524 1696 2578 1740 et
2603 1686 2954 1745 humilitatem
2983 1706 3091 1760 pne
3124 1708 3183 1749 se
3213 1693 3348 1758 {erat
3378 1713 3392 1751 :

1811 1770 2087 1828 Audiristis
2105 1775 2258 1841 enim,
2283 1775 2472 1847 inquit,
2494 1780 2916 1836 conversationem
2939 1800 3100 1838 meam
3119 1788 3396 1856 aliquando

1811 1863 1866 1917 in
1889 1863 2158 1919 Iudaicum
2181 1865 2324 1936 (Gal.
2358 1869 2409 1924 Ι.
2440 1860 2562 1941 l3);
2590 1883 2644 1926 et
2669 1889 2854 1928 rursus
2885 1876 2993 1941 hic,
3027 1878 3089 1932 Si
3116 1882 3228 1949 quis
3260 1883 3394 1938 alius

1810 1956 2005 2010 videtur
2033 1958 2288 2026 conﬁdere
2321 1961 2375 2016 in
2401 1977 2589 2027 carne,
2636 1981 2728 2035 ego
2758 1968 2956 2038 magis;
2983 1985 3046 2026 ac
3085 1973 3264 2029 statim
3290 1974 3392 2032 ad-

1805 2045 2021 2117 junxit,
2067 2047 2314 2105 Hebrazus
2359 2067 2423 2107 ea:
2452 2052 2699 2110 Hebreis.
2737 2055 2852 2111 Non
2885 2059 2985 2114 hoc
3029 2068 3296 2132 tamquam
3328 2065 3392 2122 id

1809 2137 1951 2210 quod
1993 2139 2094 2196 sibi
2141 2156 2236 2210 per
2275 2156 2336 2198 se
2360 2145 2692 2214 propositum
2730 2157 2894 2216 esset,
2925 2149 3076 2206 initio
3102 2150 3257 2217 dixit,
3293 2155 3391 2211 sed

1810 2236 2093 2299 postquam
2121 2230 2359 2300 dixerat,
2395 2232 2458 2289 Si
2499 2239 2611 2306 quis
2639 2235 2804 2303 alius,
2832 2234 3122 2296 Ostendens
3149 2244 3389 2300 necessi-

1807 2320 1999 2390 tatem,
2027 2322 2348 2396 illorumque
2377 2342 2536 2382 causa
2566 2328 2681 2384 hate
2708 2345 2738 2383 a
2768 2344 2828 2385 se
2857 2330 2981 2386 dici.
3005 2332 3060 2389 Si
3088 2335 3384 2404 conﬁditis,

1809 2411 2003 2484 inquit,
2034 2413 2146 2484 Ego
2173 2417 2353 2488 magis.
2387 2417 2498 2472 Huc
2527 2434 2668 2473 nunc
2693 2423 2995 2477 necessario
3025 2423 3165 2488 dico,
3191 2426 3389 2498 alioqui

1809 2505 2117 2562 tacuissem.
2151 2507 2380 2563 Attende
2408 2524 2535 2562 vt-ro
2577 2511 2848 2579 quomodo
2879 2512 2931 2566 in
2961 2515 3236 2584 arguendo
3262 2519 3394 2574 vitet

1808 2599 2014 2666 odium,
2044 2599 2170 2655 dum
2202 2615 2305 2655 non
2332 2603 2646 2656 nominatim
2678 2606 2884 2672 arguit,
2913 2613 2969 2659 et
2993 2607 3097 2661 illts
3124 2607 3300 2663 locum
3330 2624 3393 2665 se

1808 2689 2100 2760 reeipiendi
2123 2689 2232 2745 dat.
2261 2691 2321 2746 Si
2339 2693 2450 2761 quis
2469 2695 2663 2746 videtur
2684 2695 2960 2762 conﬁdere.
2982 2695 3048 2752 Et
3069 2707 3213 2754 recte
3233 2698 3389 2766 dixit,

1817 2781 2049 2850 Videtur,
2080 2785 2165 2838 vel
2196 2784 2336 2852 quod
2365 2793 2567 2840 tantum
2603 2785 2831 2841 ﬁdentia:
2861 2803 2966 2842 nou
2997 2788 3390 2857 haberent;ch

1809 2873 1950 2945 quod
1979 2890 2102 2930 vera
2153 2875 2366 2930 ﬁdentia
2398 2890 2504 2930 non
2546 2886 2689 2932 esset
2721 2895 2734 2930 ε
2766 2893 2930 2934 omne
2974 2881 3116 2934 cuitu
3149 2882 3250 2938 hoc
3293 2898 3392 2938 ne-

1808 2965 2074 3020 cessitatis
2102 2975 2218 3019 crat
2239 3007 2254 3032 ,
2285 2980 2391 3020 non
2427 2967 2729 3023 electionis.
2771 2969 2825 3023 5.
2855 2968 3194 3027 Circumcisus
3217 2982 3393 3029 octauo

1810 3057 1910 3111 die.
1964 3054 2202 3110 Primum
2249 3058 2397 3125 ponit
2438 3056 2578 3127 quod
2619 3059 2851 3113 maxime
2891 3061 3177 3129 Optahant,
3219 3063 3271 3118 id
3310 3074 3394 3120 est

1809 3146 2312 3212 circumcisionem;
2370 3146 2567 3203 deinde
2619 3149 2788 3215 illud,
2841 3149 2926 3204 Ea:
2975 3168 3156 3222 genere
3200 3151 3390 3211 Israel.

1811 3237 2052 3308 Utraque
2079 3240 2191 3292 haec
2216 3239 2470 3305 ostendit,
2494 3254 2669 3309 neque
2697 3241 3021 3312 proselytum
3049 3258 3107 3297 se
3129 3258 3267 3308 esse,
3299 3261 3394 3300 ne-

1807 3344 1917 3400 que
1941 3346 2007 3386 ex
2037 3333 2320 3401 proselytis
2341 3331 2646 3386 oriundum.
2673 3333 2804 3387 Nam
2827 3347 2892 3388 ex
2919 3348 3006 3399 eo,
3031 3335 3172 3404 quod
3202 3347 3394 3389 octavo

1809 3419 1899 3476 die
1922 3421 2271 3476 circumcisus
2301 3422 2391 3487 sit,
2421 3422 2729 3476 ostenditur
2752 3437 2858 3475 non
2884 3437 3005 3478 esse
3031 3424 3391 3495 proselytum;

1807 3524 1874 3566 ex
1901 3523 1969 3567 eo
1992 3524 2191 3572 autem,
2217 3510 2356 3579 qum]
2377 3525 2445 3565 ex
2470 3528 2501 3581 g
2527 3527 2666 3567 atere
2695 3513 2879 3578 Israel,
2903 3514 3202 3568 ostenditur
3222 3531 3394 3584 neque

1808 3617 1880 3657 ex
1911 3601 2219 3671 parentibus
2252 3602 2535 3670 proselytis
2565 3618 2684 3655 esse
2711 3613 2911 3658 ortum.
2956 3604 3158 3661 Deinde
3187 3621 3252 3660 ne
3290 3622 3396 3676 pu-

1812 3701 1894 3748 tes
1912 3734 1928 3759 ,
1963 3691 2044 3747 Ex
2066 3709 2243 3762 genere
2276 3692 2473 3758 Israel,
2504 3693 2606 3748 hoc
2635 3695 2936 3765 significare
2965 3710 3086 3751 esse
3115 3699 3287 3766 ipsum
3326 3713 3391 3750 ex

1809 3779 1998 3837 decem
2039 3782 2310 3847 tribubus,
2341 3782 2510 3852 inquit
2535 3821 2550 3844 ,
2577 3782 2656 3836 De
2685 3783 2816 3836 tribu
2843 3782 3145 3856 Benjamin;
3174 3788 3395 3856 perinde

1810 3885 1875 3926 ac
1901 3871 1948 3926 si
1975 3869 2178 3926 diceret
2198 3911 2212 3933 ,
2258 3871 2335 3926 Ex
2365 3873 2668 3941 prohatiore
2698 3884 2848 3942 parte
2874 3891 2888 3927 :
2920 3891 3043 3931 nam
3069 3891 3191 3946 qua:
3217 3892 3395 3932 sacer-

1811 3963 1996 4018 dotum
2023 3971 2196 4038 erant,
2227 3963 2277 4016 iu
2304 3973 2450 4018 sorte
2473 3976 2626 4018 erant
2653 3965 2810 4034 hujus
2833 3965 3020 4020 tribus.
3057 3965 3302 4022 Hebrarus
3330 3985 3394 4023 ex

1813 4052 2065 4109 Hebreis.
2094 4053 2227 4108 Hinc
2253 4053 2487 4108 ostendit
2512 4069 2569 4108 se
2601 4070 2705 4107 nan
2733 4069 2855 4110 esse
2899 4057 3226 4127 proselytum
3248 4097 3265 4123 ,
3297 4061 3392 4112 sed

1811 4145 2104 4216 antiquitus
2118 4159 2183 4198 ex
2201 4144 2360 4199 claris
2376 4143 2574 4198 Judazis
2593 4161 2608 4198 :
2634 4153 2845 4214 poterat
2860 4146 3003 4201 enim
3021 4149 3137 4215 quis
3153 4147 3395 4203 Israelita

1811 4248 1961 4300 esse,
2007 4248 2106 4289 nec
2150 4242 2326 4287 tamen
2361 4234 2614 4287 Ilebrtcus
2642 4249 2706 4287 ex
2739 4233 2980 4291 Hebreis
3012 4253 3025 4288 :
3068 4237 3222 4291 multi
3251 4238 3394 4292 enim

1809 4324 1920 4393 jam
1947 4334 2001 4378 et
2028 4339 2141 4378 rem
2166 4325 2332 4392 ipsam
2363 4333 2734 4392 corruperant,
2763 4332 2819 4378 et
2844 4323 3076 4394 linguam
3107 4342 3212 4380 non
3242 4336 3394 4382 tene-

1814 4413 1965 4481 bant,
1997 4414 2118 4468 aliis
2143 4414 2369 4468 admixti
2402 4414 2670 4481 gentibus.
2705 4406 2804 4468 Vel
2836 4413 2939 4469 hoc
2967 4416 3147 4486 igitur,
3173 4417 3254 4472 vel
3278 4434 3394 4472 ma-

1813 4520 1972 4575 gnam
1999 4504 2326 4558 nobilitatem
2371 4505 2494 4558 hinc
2527 4505 2877 4559 demonstrat.
2905 4505 3200 4560 Secundam
3238 4508 3395 4577 legem

1819 4594 2132 4649 Pharisaus.
2163 4593 2383 4648 Accedit
2409 4592 2603 4647 deinde
2634 4594 2699 4647 ad
2725 4609 2787 4648 ea
2807 4633 2825 4659 ,
2854 4609 2974 4665 qum
3001 4595 3068 4650 ad
3096 4597 3394 4651 institutum

1815 4703 1971 4743 suum
1994 4685 2374 4756 pertinebant:
2407 4687 2682 4753 superiora
2711 4687 2852 4740 enim
2884 4690 3063 4742 omnia
3101 4705 3206 4744 non
3243 4701 3402 4747 erant

1816 4777 2024 4834 consilii
2051 4778 2131 4833 vel
2162 4779 2456 4833 electionis.
2491 4777 2674 4847 Neque
2701 4781 2842 4833 enim
2873 4795 3026 4834 suum
3068 4796 3203 4849 Opus
3241 4791 3357 4836 erat
3380 4824 3396 4847 ,

1815 4871 2187 4925 circumcisum
2211 4883 2354 4935 esse,
2382 4881 2474 4923 aut
2506 4886 2569 4924 ex
2601 4885 2797 4939 genere
2828 4868 3026 4936 Israel,
3055 4880 3228 4925 autex
3256 4872 3397 4926 tribu

1817 4964 2116 5033 Benjamin.
2144 4963 2223 5018 Ex
2250 4962 2333 5016 his
2358 4978 2485 5032 ergo
2516 4965 2686 5030 magis
2717 4962 3047 5027 excellebat,
3079 4963 3177 5018 etsi
3221 4964 3272 5016 in
3301 4963 3398 5016 hac

1819 5071 1878 5110 re
1904 5054 2100 5109 multos
2127 5053 2355 5108 habebat
2380 5053 2573 5106 socios.
2601 5052 2738 5120 Quid
2758 5067 2889 5122 ergo
2911 5061 2993 5107 est
3014 5051 3164 5119 illud,
3192 5051 3402 5123 Magis?

1817 5145 1978 5202 Certe
2006 5146 2057 5200 in
2089 5146 2190 5199 hoc
2219 5146 2554 5210 excellebat,
2587 5143 2728 5213 quod
2771 5159 2876 5196 non
2907 5155 3025 5198 erat
3063 5144 3398 5214 proselytus,

1789 5303 1792 5307 ι
1819 5239 1960 5310 quod
1989 5248 2106 5293 erat
2129 5253 2193 5293 ex
2224 5236 2594 5306 probatissima
2627 5236 2797 5300 tribu,
2830 5235 3080 5304 quodque
3105 5235 3402 5304 antiquitus

1821 5330 1874 5386 id
1913 5331 2135 5385 haberet
2162 5345 2191 5382 a
2223 5327 2511 5398 majoribus
2531 5367 2547 5392 ,
2579 5341 2696 5396 qua:
2727 5325 2941 5396 quidem
2983 5340 3090 5378 non
3133 5325 3280 5378 multi
3311 5324 3403 5378 ha-

1824 5423 2040 5478 hebant.
2086 5420 2192 5477 Sed
2237 5420 2486 5489 quoniam
2534 5418 2648 5471 haec
2686 5418 2863 5472 omnia
2899 5416 2967 5471 ab
3005 5415 3270 5471 electione
3310 5431 3403 5469 sua

1822 5515 2043 5568 minime
2087 5511 2321 5583 profecta
2364 5512 2608 5575 fuerant,
2640 5507 2847 5563 accedit
2871 5506 2937 5561 ad
2981 5522 3042 5562 ea
3074 5521 3191 5575 qua:
3239 5503 3406 5575 ipsius

1825 5613 1984 5659 secta:
2009 5611 2167 5665 sunt,
2200 5601 2289 5655 ubi
2315 5600 2489 5654 elucet
2531 5595 2660 5652 illttd
2683 5639 2697 5660 ,
2731 5595 2903 5667 ﬁngis
2943 5592 3218 5650 secuiidum
3249 5594 3407 5664 legem

1827 5695 2148 5754 Pbart‘stcus,
2184 5694 2234 5747 6.
2265 5688 2538 5749 secundum
2573 5688 2943 5742 catulationem
2981 5700 3276 5756 persequens
3304 5683 3406 5736 Ec-

1827 5788 2050 5842 clesium.
2093 5784 2255 5840 Addit
2296 5783 2425 5839 hoc.
2465 5781 2716 5843 quoniam
2762 5775 2890 5833 illud
2925 5773 3096 5827 solum
3131 5788 3235 5823 non
3273 5768 3405 5820 satis
