4064 6318
673 365 778 419 9359

662 486 781 533 crat
818 475 885 532 ad
924 473 1252 547 probandum
1298 464 1456 536 illud,
1493 471 1698 542 Magis:
1729 484 1848 524 nam
1879 468 1999 522 licet
2043 465 2232 520 Phari-

665 581 834 623 szeum
876 574 1035 620 etiam
1067 579 1215 628 esse,
1261 579 1359 618 nec
1388 572 1561 617 tamen
1594 560 1892 616 vehementi
1939 558 2052 611 zelo
2079 553 2242 608 aflici.

670 654 960 710 Secundum
980 653 1258 722 justitiam.
1283 652 1423 706 Fieri
1441 651 1581 705 enim
1608 657 1782 718 potest
1799 647 1993 716 ntquis
2015 643 2244 714 pericula

668 752 976 799 contemnat
1001 758 1069 798 ex
1103 742 1433 812 principatus
1453 754 1657 802 amore,
1686 747 1744 792 ut
1771 737 2037 807 principes
2062 747 2247 788 sacer-

668 834 855 888 dotum
883 832 1181 894 faciebant.
1212 847 1318 886 non
1347 839 1522 883 autem
1553 844 1616 883 ex
1646 828 1776 898 legis
1805 826 2001 881 studio.
2028 823 2122 878 illo
2150 838 2248 876 an-

669 939 781 980 tem
809 940 915 979 non
938 925 1056 978 talis
1081 905 1227 986 erat,
1267 920 1386 988 sed,
1417 919 1707 976 Secundum
1729 918 2012 990 justitiam,
2047 913 2248 983 inquit,

670 1031 782 1084 qua
814 1015 866 1067 in
895 1014 999 1082 lege
1031 1023 1137 1078 est,
1167 1021 1486 1066 conversatus
1522 1011 1628 1064 sine
1651 1006 1876 1078 querela.
1906 1006 2086 1074 itaque
2115 1003 2160 1058 si
2199 1013 2254 1056 et

675 1104 966 1158 nobilitatis
996 1117 1124 1173 ergo
1159 1111 1214 1158 et
1247 1102 1404 1156 studii
1434 1101 1828 1168 alacritatisque
1862 1109 1915 1152 et
1951 1111 2159 1150 morum
2201 1101 2256 1148 et

677 1197 798 1249 vita:
822 1209 1011 1250 omnes
1041 1193 1424 1248 anteeelleham
1447 1232 1463 1256 ,
1504 1205 1600 1244 cur
1627 1189 1877 1258 prmclara
1918 1186 2005 1241 illa
2033 1185 2255 1261 dimise-

677 1285 777 1338 rim
797 1326 812 1349 ,
849 1283 1046 1354 inquit.
1080 1284 1181 1337 nisi
1211 1281 1351 1352 quod
1379 1296 1463 1346 ea,
1493 1296 1610 1350 quze
1639 1278 1833 1334 Christi
1865 1285 2010 1341 sunt,
2035 1289 2256 1344 repere-

677 1374 778 1428 rim
818 1375 1052 1441 majora,
1093 1388 1156 1426 ac
1182 1373 1339 1442 longe
1382 1370 1593 1440 quidem
1634 1367 1874 1437 majora?
1903 1365 2256 1434 Quamobrem

679 1461 885 1516 addidit
911 1481 925 1516 :
954 1463 1007 1517 7.
1035 1461 1141 1516 Sed
1159 1476 1272 1531 qua:
1297 1461 1420 1513 nu'hi
1442 1463 1644 1530 fuerunt
1672 1458 1836 1525 lucra,
1860 1457 1965 1510 hac
1982 1446 2260 1508 arbitratus

681 1567 793 1604 sum
823 1561 1029 1626 propter
1051 1549 1304 1604 Christum
1333 1549 1648 1602 detrimenta.

753 1641 808 1694 5.
837 1639 992 1693 Antor
1022 1640 1249 1709 pecunia
1267 1640 1568 1708 exagitetur.
1592 1667 1660 1678 —
1677 1637 1866 1690 Paulus
1887 1634 2102 1706 quidem
2123 1633 2265 1688 hanc

683 1731 805 1785 vita:
850 1732 1112 1785 rationem
1154 1728 1290 1784 adeo
1330 1728 1642 1798 exquisitam
1681 1736 1734 1782 et
1772 1727 1838 1780 ab
1865 1727 2082 1780 ineunte
2108 1732 2266 1778 astate

682 1830 1003 1891 susceptam,
1034 1829 1235 1875 tantam
1261 1819 1610 1882 nobilitatem,
1642 1828 1783 1872 tanta
1815 1818 2070 1886 pericula,
2093 1825 2267 1870 tantas

692 1911 938 1975 insidias,
974 1911 1188 1965 labores
1207 1951 1222 1975 ,
1250 1908 1426 1963 studia
1459 1909 1682 1979 projecit
1710 1924 1771 1963 ac
1796 1909 1985 1962 damna
2027 1907 2266 1976 putavit,

689 2016 815 2056 cum
841 2008 995 2055 antea
1025 2001 1171 2054 lucra
1193 2008 1395 2064 essent,
1429 2007 1486 2052 ut
1509 1997 1779 2053 Christum
1807 1997 2140 2061 lucraretur;
2173 2009 2272 2049 nos

695 2109 825 2148 vero
853 2090 1024 2164 neque
1051 2092 1326 2161 pecuniam
1349 2091 1757 2152 contemnimus,
1791 2099 1847 2142 nt
1875 2088 2146 2143 Christum
2177 2087 2274 2139 ln—

695 2198 932 2249 cremur,
960 2182 1052 2236 sed
1085 2181 1349 2235 malumus
1386 2179 1573 2233 futura:
1599 2180 1719 2232 vita:
1753 2177 2015 2247 jacturam
2055 2175 2231 2229 facere
2253 2213 2269 2240 ,

689 2288 849 2342 quam
877 2271 1217 2341 praesentium
1242 2285 1417 2324 rerum
1440 2285 1456 2324 :
1483 2283 1800 2338 quamquam
1826 2267 1944 2320 lucc
1970 2265 2102 2320 nihil
2131 2263 2273 2318 aliud

691 2369 996 2430 suntquam
1031 2358 1306 2413 damnum.
1340 2357 1484 2413 Cedo
1517 2360 1658 2412 enim
1698 2357 1965 2428 sigillatim
2009 2354 2276 2439 expenda-

696 2466 817 2506 mus
840 2465 925 2515 ea,
947 2465 1064 2518 quze
1095 2451 1147 2504 in
1188 2448 1388 2503 divitiis
1414 2450 1593 2502 insunt
1616 2467 1628 2497 τ
1661 2463 1839 2501 annon
1865 2434 2115 2501 damnum
2142 2461 2274 2500 cen-

695 2542 803 2598 seri
831 2541 957 2595 illud
985 2541 1171 2604 debet,
1203 2539 1344 2609 quod
1387 2539 1621 2593 laborem
1667 2539 1932 2608 ingentem
1964 2536 2158 2600 habet,
2192 2535 2276 2589 lu-

695 2645 844 2687 crum
868 2645 996 2685 vero
1024 2628 1264 2683 ttullnm?
1291 2627 1426 2697 Quid
1453 2629 1616 2690 enim,
1650 2628 1736 2682 dic
1764 2627 1914 2692 mihi,
1945 2625 2187 2680 utilitatis
2207 2640 2276 2678 ex

699 2724 878 2778 multis
917 2737 978 2775 ac
1019 2720 1267 2790 pretiosis
1305 2719 1580 2774 vestibus?
1606 2730 1764 2787 atque
1792 2719 1906 2772 istis
1946 2716 2111 2770 induti
2153 2715 2279 2786 quid

701 2817 833 2871 lucri
879 2813 1136 2867 facimus?
1178 2811 1317 2866 Nihil
1365 2812 1554 2880 plane,
1595 2809 1688 2864 scd
1727 2810 1976 2863 damnum
2007 2809 2283 2862 dumtaxat

700 2912 1056 2974 reportamus.
1105 2901 1422 2971 Quomodo?
1469 2900 1727 2968 Quoniam
1771 2910 1824 2954 et
1876 2915 2076 2969 panper
2122 2899 2277 2952 vilem

702 2989 986 3064 tritamque
1015 3007 1219 3048 vestem
1248 2992 1425 3048 ferens
1453 2992 1504 3045 in
1530 2990 1774 3045 maximis
1795 2990 2083 3056 caloribus,
2115 2988 2284 3044 nihilo

702 3088 938 3142 deterius
965 3088 1068 3140 fert
1092 3094 1279 3140 mstum
1312 3099 1470 3153 quam
1509 3091 1600 3143 tn;
1637 3081 1877 3151 quinimo
1920 3081 2007 3136 ille
2035 3080 2279 3135 facilius:

705 3175 828 3229 trita
854 3175 995 3229 enim
1023 3181 1078 3227 et
1100 3175 1251 3226 unica
1277 3172 1480 3225 facilius
1505 3171 1629 3224 sinit
1656 3169 1944 3238 respirare,
1970 3185 2032 3224 ac
2053 3168 2282 3224 recreari

702 3279 966 3334 corpora;
1011 3278 1131 3333 qua:
1172 3271 1348 3316 autem
1380 3274 1566 3315 recens
1599 3259 1838 3314 confecta
1877 3270 1991 3324 est,
2034 3259 2197 3314 etiam
2239 3259 2284 3312 si

706 3370 1020 3412 aranearum
1049 3355 1171 3409 telis
1199 3355 1425 3416 tenuior,
1457 3368 1560 3406 non
1591 3352 1740 3406 item.
1774 3352 1849 3405 Ac
1881 3360 1934 3404 tu
1955 3351 2167 3421 quidem
2201 3349 2284 3402 tti-

710 3449 819 3502 mio
848 3448 1016 3501 elatus
1060 3447 1196 3502 fastu
1220 3486 1236 3511 ,
1267 3454 1319 3499 et
1347 3445 1499 3498 binas
1535 3454 1819 3512 tertiasque
1858 3444 2097 3508 tunicas,
2143 3457 2287 3512 saepe

706 3551 837 3590 vero
858 3544 912 3589 ct
933 3535 1215 3588 amiculum
1245 3544 1299 3588 et
1329 3548 1515 3587 zonam
1547 3540 1601 3586 et
1627 3531 1950 3602 subligacula
1976 3531 2179 3586 habes:
2214 3531 2286 3586 illi

705 3643 836 3682 vero
866 3640 1024 3681 nemo
1047 3627 1257 3681 crimini
1298 3625 1418 3690 dat,
1458 3624 1598 3692 quod
1643 3624 1792 3678 unica
1835 3633 2042 3693 tegatur
2071 3624 2244 3678 tunica
2270 3664 2285 3689 ,

709 3717 941 3786 hincque
970 3715 1178 3769 facilius
1218 3713 1326 3768 fert
1361 3714 1570 3768 :estn'm.
1601 3714 1665 3768 Et
1704 3714 1824 3768 ideo
1853 3712 2044 3767 divites
2071 3713 2287 3782 quidem

707 3807 948 3861 videmus
989 3804 1262 3860 madentes
1303 3803 1532 3869 sudore,
1575 3818 1836 3874 pauperes
1876 3819 2006 3859 vero
2047 3805 2284 3860 minime.

707 3895 933 3964 Quando
973 3896 1131 3964 igitur
1169 3894 1374 3948 homini
1421 3894 1667 3948 eumdem
1705 3895 1786 3947 vel
1831 3895 2000 3972 etiam.
2027 3896 2289 3964 potiorem

709 4001 863 4040 usum
892 3985 1127 4053 praebent
1153 3984 1464 4037 vestimenta
1496 3984 1641 4048 vilia,
1672 3993 1726 4036 et
1753 3985 1898 4038 nullo
1928 3980 2092 4054 priipe
2122 3986 2293 4054 pretio

712 4085 926 4143 empta;
960 4075 1046 4127 illa
1075 4089 1202 4128 vero
1224 4114 1238 4137 ,
1273 4077 1325 4128 in
1355 4073 1545 4143 quibus
1576 4076 1880 4129 necessario
1908 4077 2129 4132 multum
2174 4079 2290 4132 auri

712 4167 1089 4221 ell'tmdendum
1121 4165 1236 4227 fuit,
1260 4166 1388 4218 nihil
1414 4167 1527 4235 plus
1550 4167 1784 4220 eiliciunt
1805 4183 1818 4219 :
1843 4182 2019 4224 nonne
2039 4167 2290 4224 damnum

715 4265 795 4309 est
818 4255 1063 4309 nimirmn
1087 4254 1212 4308 illud
1240 4270 1302 4308 ac
1329 4257 1820 4324 supervacaneum?
1846 4257 1986 4312 Nihil
2011 4260 2151 4313 enim
2177 4261 2294 4329 plus

715 4345 972 4405 all'ernnt,
1006 4345 1146 4414 quod
1187 4345 1252 4398 ad
1281 4360 1432 4398 usum
1462 4355 1513 4399 et
1540 4350 1880 4418 commodum
1908 4350 2168 4419 pertinet;
2198 4351 2291 4405 sed

716 4437 836 4505 plus
856 4438 969 4489 auri
994 4436 1216 4488 clTusum
1242 4419 1332 4490 tibi
1352 4446 1454 4498 est,
1479 4438 1722 4492 eumdem
1751 4455 1878 4493 vero
1901 4455 2052 4494 nsum
2073 4450 2125 4494 et
2147 4458 2294 4497 com-
2327 4455 2330 4459 ‘

720 4526 1026 4579 moditatem
1057 4525 1211 4579 habet
1243 4544 1256 4579 :
1289 4536 1340 4577 tn
1370 4526 1583 4594 quidem
1612 4527 1758 4581 dives
1787 4538 2019 4594 centum,
2048 4540 2138 4584 aut
2159 4531 2294 4587 forte

662 4649 664 4651 ›
715 4617 876 4669 etiam
900 4616 1136 4683 pluribus
1158 4615 1334 4669 aureis
1350 4617 1557 4681 emisti;
1590 4633 1788 4685 panper
1809 4634 1935 4672 vero
1958 4622 2186 4688 pauculo
2202 4638 2290 4675 ar-

718 4716 897 4773 gento.
937 4705 1093 4758 Vides
1129 4706 1417 4760 damnum?
1447 4706 1550 4761 Sed
1599 4706 1764 4762 fastus
1796 4709 1978 4763 videre
2011 4727 2117 4764 non
2146 4714 2290 4766 sinit.

719 4794 884 4850 Visne
923 4797 1035 4849 anri
1072 4797 1263 4860 etiam,
1303 4796 1443 4865 quod
1484 4807 1536 4849 et
1566 4799 1714 4866 equis
1758 4807 1810 4852 et
1850 4800 2160 4856 mulieribus
2192 4803 2296 4856 cir-

719 4885 972 4939 cumdant
991 4926 1005 4950 ,
1042 4888 1295 4940 rationem
1327 4888 1724 4942 subducamus?
1755 4889 1834 4943 Ad
1860 4892 1958 4944 alia
1988 4894 2128 4946 enim
2157 4895 2296 4949 mala

723 4977 824 5030 hoc
847 4976 1004 5028 etiam
1034 4976 1258 5039 accedit,
1289 4977 1429 5045 quod
1456 4977 1655 5031 divitiae
1682 4991 1919 5034 umentes
1947 4981 2159 5037 faciant.
2190 4985 2295 5038 Eo-

723 5067 843 5119 dem
873 5066 1013 5118 enim
1061 5066 1262 5119 honore
1303 5075 1357 5119 et
1386 5067 1641 5122 mulieres
1685 5079 1738 5123 et
1775 5086 1940 5139 equos
1971 5072 2293 5142 dignantur:

723 5171 861 5210 unus
880 5164 964 5209 est
990 5167 1328 5227 utrorumque
1353 5170 1603 5226 ornatus;
1638 5172 1797 5230 atque
1823 5179 1888 5218 ex
1917 5164 2103 5218 iisdem
2135 5165 2296 5221 rebus

719 5245 905 5299 volunt
947 5246 1197 5299 nmlieres
1239 5247 1627 5312 splendidiores
1668 5266 1958 5320 apparere,
2001 5271 2066 5308 ex
2106 5257 2298 5326 quibus

722 5346 775 5388 et
798 5334 1036 5388 vehicula
1056 5375 1070 5398 ,
1113 5351 1178 5389 ex
1209 5337 1402 5406 quibus
1427 5347 1480 5392 et
1507 5341 1673 5409 pelles
1703 5344 2026 5398 cortinarnm
2048 5385 2063 5411 ,
2098 5346 2148 5400 itt
2179 5348 2298 5417 qni-

720 5427 820 5480 bus
845 5425 1126 5480 vehuntur.

787 5515 975 5570 Contra
1001 5518 1199 5571 luxunt.
1240 5518 1459 5573 {ﬁdium
1490 5535 1714 5577 ornatus.
1741 5556 1812 5566 -—
1840 5528 1933 5582 Dic
1965 5531 2126 5596 mihi,
2166 5533 2291 5603 quid

720 5607 853 5662 int-Ii
883 5620 986 5674 est,
1012 5610 1210 5662 mulutn
1234 5613 1313 5665 vel
1336 5627 1527 5681 equum
1557 5630 1684 5671 auro
1705 5622 1936 5676 ornare?
1957 5624 2145 5678 mulier
2172 5642 2298 5680 vero

723 5706 865 5751 tanta
894 5699 1011 5752 auri
1034 5698 1369 5771 lapidumque
1393 5705 1531 5760 mole
1554 5708 1896 5781 circumdata,
1917 5715 2041 5782 quid
2066 5721 2294 5786 amplius

1379 359 1434 416 s.
1476 334 1749 415 tonans
1785 350 2255 412 cnnvsosrom
2297 348 2611 406 ABCIIIEI’.
2652 348 3180 412 oonsranrtsor.

3833 359 3940 414 ξω

2355 462 2559 519 habet?
2589 463 2660 520 At
2685 465 2827 518 enim
2873 479 3062 529 aurea,
3109 463 3317 533 inquit,
3367 477 3473 518 non
3518 477 3940 525 consumuntur.

2349 546 2601 613 Qninimo
2626 555 2679 601 et
2709 547 2811 600 hoc
2839 547 2944 600 illis
2971 546 3214 602 accidere
3255 546 3544 612 afﬁrmant,
3572 548 3663 618 qui
3689 547 3790 608 ista
3821 551 3930 602 cal-

2353 637 2462 692 lent
2485 679 2500 704 ,
2528 637 2672 707 quod
2700 638 2752 691 in
2781 637 2984 691 balneis
3023 646 3076 692 et
3100 638 3226 692 alibi
3256 652 3400 708 sa-pe
3422 649 3476 693 et
3505 638 3714 706 lapides
3750 647 3810 693 et
3837 641 3960 691 au-'

2353 744 2444 784 rea
2488 730 2709 782 multum
2739 729 2806 784 de
2837 730 3010 799 pretio
3041 728 3308 798 perdunt:
3341 744 3525 783 verum
3560 730 3631 784 sit
3659 730 3728 783 ita
3754 743 3889 784 sane
3913 769 3929 796 ,

2356 828 2410 872 nt
2441 819 2554 881 vis,
2586 818 2826 888 nihilque
2866 818 3163 882 lurdantur;
3191 817 3325 872 cedo
3367 818 3493 888 quid
3523 818 3655 872 lucri
3682 818 3706 870 ?
3746 819 3933 884 Quid?

2356 923 2479 962 cum
2522 909 2820 963 exciderint
2865 923 2930 963 ac
2977 909 3266 978 perierint,
3297 924 3475 963 annon
3520 909 3772 964 damnum
3805 916 3936 964 est?

2356 998 2493 1065 Quid
2524 1013 2686 1063 vero,
2713 1014 2837 1053 cum
2864 999 3116 1053 invidiam
3139 1009 3300 1068 atque
3329 999 3550 1052 insidias
3579 1001 3633 1054 in
3661 1015 3723 1054 se
3747 1002 3931 1054 conci-

2361 1092 2558 1156 tarint,
2590 1105 2770 1144 nonne
2813 1089 3110 1145 damnum?
3155 1091 3286 1144 Nam
3333 1091 3760 1163 quandoquidem
3807 1092 3935 1146 nihil

2361 1191 2586 1251 prosunt
2633 1182 2975 1237 circumdata:
3012 1181 3254 1246 mulieri,
3289 1181 3621 1236 inﬂammant
3652 1197 3778 1237 vero
3808 1182 3938 1235 invi-

2361 1273 2550 1326 dorum
2598 1263 2784 1327 oculos
2824 1281 2879 1326 et
2921 1273 3153 1326 latrones
3201 1271 3369 1342 magis
3421 1272 3656 1344 excitant
3703 1289 3717 1326 :
3763 1285 3938 1326 nonne

2362 1363 2614 1419 damnum
2659 1362 2928 1416 alterunt?
2966 1361 3104 1430 Quid
3131 1377 3264 1418 vero
3289 1404 3304 1427 ,
3337 1362 3422 1417 dic
3462 1363 3590 1416 mihi
3615 1403 3630 1428 ,
3664 1377 3788 1417 cum
3817 1362 3938 1416 lice-

2366 1465 2450 1510 ret
2479 1455 2594 1509 viro
2616 1454 2699 1508 his
2729 1454 2801 1507 uti
2834 1453 2900 1507 ad
2931 1453 3199 1524 negotium
3223 1467 3415 1522 magno
3437 1468 3559 1507 cum
3582 1453 3940 1507 emolumento

2366 1548 2661 1618 gerendum
2683 1589 2697 1610 ,
2727 1561 2827 1602 nec
2851 1556 3032 1601 tamen
3059 1554 3236 1616 potest
3266 1545 3335 1600 ob
3356 1554 3681 1615 sumptuosas
3707 1545 3940 1598 mulieris

2369 1639 2551 1694 luxum
2576 1680 2593 1706 ,
2624 1638 2940 1708 cogiturque
2958 1638 3091 1715 .ipse
3112 1624 3232 1691 cum
3265 1635 3402 1691 fame
3427 1635 3727 1690 conﬂictari
3750 1677 3765 1701 ,
3797 1643 3853 1688 et
3892 1635 3939 1687 in

2368 1745 2606 1787 summas
2648 1729 2842 1784 adduci
2866 1729 3143 1799 angustias
3164 1770 3180 1794 ,
3213 1728 3357 1782 illam
3385 1742 3513 1781 vero
3543 1734 3790 1796 spectare
3816 1740 3942 1779 auro

2369 1832 2651 1877 onustam:
2686 1835 2867 1875 nonne
2906 1819 3007 1875 hoc
3043 1819 3297 1879 damnum
3326 1819 3443 1873 est?
3478 1818 3767 1889 Propterea
3805 1817 3942 1872 enim

2372 1913 2610 1983 pecunia:
2639 1911 2794 1966 dicta:
2824 1919 2950 1966 sunt
2974 1923 3223 1982 χρήματα,
3251 1908 3303 1964 id
3332 1918 3413 1964 est
3434 1911 3586 1964 utilia
3609 1949 3625 1972 ,
3654 1924 3762 1963 non
3789 1918 3846 1961 nt
3873 1908 3943 1977 ip-

2377 2005 2451 2059 sis
2476 2004 2553 2058 sic
2575 2019 2674 2057 nos
2702 2012 2934 2068 utamur,
2961 2002 3411 2072 quemadmodum
3435 2010 3658 2055 utuntur
3675 1999 3944 2054 auriticum

2378 2094 2643 2162 prothecre
2664 2135 2680 2158 ,
2709 2093 2803 2148 sed
2834 2102 2894 2147 ut
2915 2108 2982 2148 ex
3024 2094 3129 2147 illis
3157 2093 3367 2147 honesti
3397 2092 3669 2163 quidpiam
3713 2104 3944 2161 agamus.

2377 2185 2601 2252 Quando
2645 2185 2803 2254 igitur
2833 2184 2949 2237 auri
2999 2185 3263 2262 cupiditas
3312 2183 3362 2236 id
3412 2183 3632 2236 minime
3659 2179 3947 2250 permittit.

2380 2291 2556 2331 annon
2595 2291 2682 2331 res
2709 2284 2816 2330 tota
2856 2275 3111 2330 damnum
3142 2274 3263 2330 est?
3306 2274 3437 2329 Nam
3466 2274 3556 2345 qni
3589 2274 3721 2343 ipsis
3747 2273 3820 2327 uti
3850 2287 3950 2327 non

2380 2369 2577 2434 audet,
2623 2369 2846 2439 perinde
2876 2383 2938 2423 ac
2981 2369 3027 2422 si
3055 2369 3228 2422 aliena
3255 2377 3436 2422 essent
3455 2408 3471 2432 ,
3503 2366 3572 2420 ita
3613 2383 3722 2420 non
3752 2367 3947 2443 utitur;

2382 2461 2592 2514 sublato
2645 2471 2822 2514 antem
2875 2475 2973 2514 usu
3018 2459 3130 2530 jam
3172 2474 3278 2534 non
3320 2467 3446 2514 sunt
3492 2471 3759 2528 χρήματα.
3789 2456 3841 2511 id
3878 2466 3953 2511 est

2384 2550 2556 2604 utilia.
2589 2549 2727 2618 Quid
2775 2565 2902 2605 vero
2927 2590 2942 2615 ,
2982 2566 3104 2604 cum
3143 2549 3286 2604 mdes
3325 2548 3634 2620 splendidas
3659 2559 3716 2603 et
3743 2563 3952 2619 magnas

2383 2642 2713 2696 a-dilicamus
2736 2683 2750 2706 ,
2779 2644 3029 2712 ipsasque
3070 2652 3126 2697 et
3152 2643 3416 2697 columnis
3441 2652 3498 2697 et
3522 2641 3879 2696 marmoribus
3905 2650 3955 2694 et

2385 2734 2684 2806 porticibus
2745 2741 2801 2787 ct
2849 2734 3326 2800 ambulationibus,
3389 2733 3670 2804 modisque
3721 2733 3956 2787 omnibus

2362 2839 2746 2911 'exornamns,
2797 2824 2940 2878 idola
2998 2823 3197 2894 ubique
3250 2833 3305 2878 et
3348 2833 3552 2878 statuas
3600 2824 3955 2879 collocantes‘t

2383 2914 2532 2968 Multi
2582 2914 2796 2984 quidem
2839 2929 2902 2968 ex
2951 2913 3034 2968 his
3080 2914 3240 2968 etiam
3287 2912 3560 2968 daemonas
3611 2925 3836 2979 vocant;
3869 2913 3955 2968 scd

2389 3005 2701 3059 omittamus
2731 3021 2870 3059 nunc
2913 3004 3071 3059 istud.
3102 3004 3239 3071 Quid
3269 3004 3369 3063 sibi
3413 3005 3524 3058 vult
3546 3013 3600 3058 et
3644 3013 3843 3058 tectum
3869 3021 3956 3057 au-

2387 3097 2581 3152 renm?
2630 3111 2810 3150 nonne
2855 3097 3086 3152 eundem
3118 3111 3270 3152 usum
3298 3112 3392 3150 sna
3421 3096 3496 3150 illi
3525 3096 3718 3150 domus
3747 3096 3955 3165 pra-hct.

2387 3188 2478 3257 qui
2500 3186 2600 3241 sibi
2631 3196 2809 3256 aptam
2838 3197 2900 3240 ac
2933 3188 3195 3242 modicam
3225 3187 3418 3242 habet?
3439 3189 3510 3242 At
3535 3188 3736 3252 habet,
3760 3188 3956 3256 inquit,

2390 3292 2634 3347 magnam
2655 3276 3085 3332 delectationem.
3108 3277 3248 3333 Sane
3266 3293 3426 3332 unum
3444 3287 3536 3333 ant
3554 3280 3784 3333 alterum
3806 3279 3956 3339 diem,

2391 3367 2592 3422 exinde
2622 3381 2750 3422 vero
2780 3369 3023 3423 minime.
3052 3366 3184 3421 Nam
3213 3369 3260 3423 si
3287 3369 3455 3424 solem
3487 3369 3662 3439 ipsum
3692 3386 3798 3425 non
3821 3369 3958 3430 valde

2390 3458 2722 3514 admiramur
2760 3497 2776 3524 ,
2833 3459 2974 3527 quod
3031 3461 3080 3513 ei
3133 3459 3361 3513 videndo
3405 3460 3777 3525 assuevimns,
3830 3470 3961 3514 certe

2392 3549 2562 3604 multo
2583 3549 2760 3603 minus
2790 3564 2952 3618 opera
2997 3549 3127 3604 artis
3153 3567 3167 3615 ;
3199 3550 3295 3605 sed
3337 3550 3504 3606 nihilo
3547 3552 3714 3621 magis
3742 3567 3894 3622 quam
3920 3552 3957 3603 si

2393 3638 2533 3695 lutea
2576 3649 2790 3704 essent,
2823 3639 3168 3694 attendimus.
3202 3640 3339 3708 Quid
3376 3641 3550 3706 enim,
3594 3642 3680 3696 dic
3709 3643 3840 3697 mihi
3861 3683 3876 3707 ,
3903 3642 3960 3695 ad

2393 3730 2764 3784 aedificationis
2787 3730 3219 3784 commoditatem
3249 3730 3532 3785 multitudo
3558 3732 3920 3787 columnarum
3946 3775 3956 3794 ,

2395 3829 2449 3874 et
2478 3821 2753 3889 signorum
2780 3820 3148 3890 pulchritudo,
3182 3830 3237 3876 et
3262 3837 3448 3877 aurum
3480 3824 3646 3877 muris
3677 3824 3958 3893 inspersnnt

2396 3910 2642 3964 confert?
2694 3911 2835 3964 Nihil
2860 3952 2876 3976 ,
2905 3911 2999 3965 sed
3046 3912 3227 3966 omnia
3259 3913 3414 3967 luxus
3435 3952 3450 3977 ,
3482 3915 3791 3982 petulantia:
3815 3957 3831 3983 ,
3859 3917 3958 3968 cla-

2398 3998 2557 4052 tionis
2583 4000 2761 4053 nimim
2782 4040 2798 4065 ,
2829 4017 2892 4055 an
2911 4000 3195 4058 dementia
3221 4013 3362 4057 sunt.
3393 4003 3601 4073 Ubique
3641 4006 3785 4059 enim
3815 4006 3961 4060 rebus

2397 4090 2750 4156 necessariis,
2809 4091 3106 4162 quibusque
3155 4102 3400 4159 utamur,
3431 4093 3605 4149 danda
3645 4109 3808 4163 Opera
3855 4106 3957 4159 est,

2398 4195 2502 4234 non
2552 4182 2846 4235 inutilibus.

2435 4272 2522 4325 αὖ.
2567 4271 2727 4326 Vides
2772 4287 2884 4326 rem
2933 4273 3086 4328 istam
3121 4273 3373 4329 damnum
3401 4277 3564 4331 esse?
3595 4277 3744 4332 vides
3789 4293 3958 4348 super-

2397 4378 2682 4418 vacaneam
2705 4374 2756 4418 et
2779 4365 3063 4420 inutilem?
3087 4365 3217 4421 Nam
3241 4369 3284 4422 si
3310 4384 3481 4438 neque
3503 4369 3759 4438 majorem
3788 4387 3928 4426 usum
3944 4406 3960 4436 ,

2399 4469 2572 4522 neque
2619 4454 3028 4511 delectationem
3077 4457 3230 4512 alien
3283 4459 3629 4528 (procedente
3659 4463 3803 4515 enim
3837 4472 3931 4516 tem

2402 4558 2527 4611 pore
2554 4547 2847 4599 satietatem
2878 4547 3033 4619 parit)
3058 4564 3072 4601 :
3101 4547 3229 4601 nihil
3253 4549 3393 4602 aliud
3420 4559 3502 4603 est
3521 4590 3537 4615 ,
3572 4552 3672 4606 nisi
3698 4552 3956 4606 damnum.

2400 4633 2504 4686 Sed
2535 4635 2753 4688 obstans
2791 4637 2957 4692 inanis
2984 4638 3167 4707 gloria-3
3221 4640 3454 4693 studium
3487 4641 3646 4709 facit,
3681 4657 3748 4698 ne
3798 4644 3958 4698 videa'

2401 4738 2537 4777 mus.
2572 4723 2643 4776 lta
2674 4725 2865 4778 Paulus
2896 4727 3109 4795 quidem
3132 4744 3250 4797 quae
3278 4729 3422 4784 lucra
3451 4746 3571 4786 esse
3600 4733 3957 4794 arbitrabatur.

2402 4830 2462 4868 ea
2495 4817 2709 4884 reliquit
2739 4836 2751 4871 :
2788 4821 2884 4872 nOs
2913 4835 3039 4872 vero
3069 4837 3242 4890 neque
3286 4839 3346 4877 ea
3370 4865 3382 4885 ,
3416 4840 3535 4894 qua:
3589 4825 3783 4881 damna
3814 4837 3957 4887 sunt,

2401 4922 2498 4974 pro
2544 4908 2758 4962 Christo
2805 4912 3205 4980 relinquemus?
3235 4915 3520 4985 Quousque
3570 4919 3784 4972 tandem
3832 4920 3958 4974 humi

2402 4998 2558 5052 deﬁxi
2596 4999 2956 5054 ha-rcbimus?
2988 5020 3267 5075 quousque
3297 5006 3362 5060 ad
3395 5009 3587 5063 cat-lum
3621 5025 3728 5064 non
3761 5020 3956 5080 specta-

2401 5089 2613 5143 bimus?
2644 5089 2757 5145 Non
2789 5091 2976 5146 videtis
3001 5110 3158 5150 senes
3183 5139 3199 5161 ,
3222 5113 3380 5167 quam
3403 5101 3604 5155 nullum
3628 5118 3812 5158 rerum
3839 5119 3957 5173 pra:-

2405 5181 2678 5235 teritarum
2722 5198 2935 5237 sensum
2968 5188 3206 5242 habent?
3251 5206 3354 5244 non
3403 5192 3592 5247 videtis
3638 5197 3955 5256 morientes,

2402 5286 2522 5326 cum
2570 5289 2759 5339 senes,
2804 5285 2912 5328 tum
2938 5278 3208 5344 juvenes?
3257 5297 3360 5335 non
3393 5284 3582 5339 videtis
3629 5302 3756 5352 eos,
3806 5289 3888 5358 qui
3914 5288 3956 5341 in

2400 5363 2507 5418 vita
2531 5366 2645 5433 ipsa
2677 5368 2787 5421 suis
2817 5369 2976 5422 rebus
3001 5371 3210 5439 spoliati
3257 5385 3380 5429 sunt
3401 5377 3424 5428 ?
3449 5377 3558 5430 Cur
3603 5381 3763 5435 rebus
3811 5381 3955 5435 insta-

2404 5455 2596 5510 hilihus
2622 5456 2886 5510 inhiamus
2905 5460 2928 5510 1’
2951 5476 3047 5514 cur
3077 5463 3300 5518 inlirmis
3348 5467 3673 5537 alligamur?
3700 5488 3956 5544 quousque

2404 5562 2508 5600 non
2543 5562 2922 5616 persequemur
2967 5566 3246 5611 manentes
3275 5572 3339 5612 ac
3376 5561 3642 5617 stabiles?
3686 5564 3827 5631 Quid
3869 5582 3953 5620 non

2403 5636 2593 5691 darent
2621 5653 2810 5704 senes,
2838 5657 2944 5710 quo
2971 5644 3157 5703 liceret
3181 5648 3452 5720 deponere
3496 5659 3869 5711 senectutem?
3904 5658 3955 5711 Et

2403 5738 2578 5782 tamen
2619 5744 2736 5799 qua:
2768 5729 2950 5788 isthmc
2995 5737 3258 5794 dementia
3300 5752 3381 5798 cst
3425 5743 3488 5796 ad
3523 5744 3799 5806 pristinam
3849 5749 3953 5802 t’cii‘
