4064 6318
60 377 149 430 ρει
902 370 964 424 IN
1005 369 1218 424 EPIST.
1263 368 1352 421 AD
1391 365 1637 423 PlllLlPl

1746 368 1870 422 ZAP.
1916 367 2001 422 Ill.
2045 365 2274 422 1101111..
2316 363 2385 420 Χ.

63 492 384 549 iuventutem
426 487 639 550 redire,
690 492 849 553 atque
900 482 1054 550 hujus
1105 481 1178 534 rei
1231 479 1618 547 consequenda:

59 592 212 630 causa
244 575 397 631 facile
427 576 602 628 omnia
633 573 798 636 dare;
830 586 951 626 cum
998 585 1125 623 vero
1172 569 1328 622 liceat
1367 568 1622 635 consequi

57 670 416 735 juventutem,
443 665 525 718 cui
561 679 662 717 non
691 662 940 716 succedat
977 669 1226 714 senectus
1246 699 1261 723 ,
1291 657 1621 725 juventutcm

62 759 232 812 nudis
255 773 376 813 cum
404 758 602 810 divitiis
629 755 961 822 conjunctam
986 751 1260 818 multoque
1284 749 1620 808 vivaeiorem,

62 864 155 902 nec
195 848 411 916 paulum
456 847 704 915 quiddam
760 843 896 897 velle
925 842 1055 895 dare
1075 883 1089 907 ,
1135 839 1228 893 sed
1259 854 1322 893 ea
1353 838 1584 892 retinere
1607 877 1622 901 ,

60 956 174 1004 qua:
223 939 382 991 etiam
439 937 490 990 itt
530 935 777 1005 prtcsenti
829 932 955 986 nihil
1011 930 1268 1001 prosunt?
1327 927 1404 981 Ex
1459 938 1629 980 niortc

63 1031 292 1084 eximere
337 1039 389 1082 Ie
420 1043 524 1082 non
555 1035 806 1096 possunt,
861 1039 964 1077 non
997 1022 1240 1091 morbum
1272 1018 1584 1089 propulsare
1612 1056 1626 1081 ,

63 1139 161 1175 non
199 1121 484 1190 prohibere
511 1127 835 1172 senectutem
861 1156 876 1180 ,
907 1123 997 1168 aut
1039 1112 1329 1182 quidquam
1361 1108 1500 1162 aliud
1532 1121 1628 1160 co—

63 1227 205 1274 rum,
261 1226 378 1278 qua:
434 1208 737 1263 necessario
766 1214 820 1259 et
867 1204 1156 1258 secundum
1208 1215 1408 1253 natura:
1457 1200 1626 1266 legem

61 1302 294 1355 accidunt
379 1311 433 1356 et
463 1300 636 1353 adhuc
678 1299 781 1352 illis
828 1295 1040 1349 Intres?
1074 1292 1269 1361 Ecquid
1321 1287 1499 1345 lucri?
1544 1290 1630 1342 dic

63 1392 209 1445 mihi.
260 1392 391 1444 llinc
432 1390 693 1451 ebrietas,
728 1388 990 1462 edacitas,
1025 1385 1294 1439 obscaena:
1335 1398 1398 1436 ac
1448 1381 1628 1432 multi-

63 1484 218 1549 plices
264 1485 590 1549 voluptates,
643 1495 760 1549 qua:
808 1479 973 1546 magis
1019 1491 1176 1545 quam
1223 1474 1386 1527 amari
1427 1471 1627 1525 domini

64 1588 155 1625 nos
184 1571 532 1625 excruciant?
580 1569 698 1642 ll:rc
729 1570 900 1644 solum
930 1583 993 1621 ex
1045 1566 1243 1620 divitiis
1275 1565 1470 1617 lucrari
1505 1578 1628 1632 pos-

60 1677 256 1724 sumus,
284 1661 423 1716 aliud
454 1676 582 1716 vere
613 1660 776 1723 nihil,
800 1656 1225 1728 quandoquidem
1252 1657 1320 1708 ita
1348 1655 1590 1708 volumus
1615 1671 1626 1704 :

62 1767 177 1803 nam
223 1751 268 1804 si
321 1751 541 1813 liberet,
594 1749 781 1801 exulum
831 1761 961 1799 sane
995 1746 1166 1813 ipsum
1197 1744 1391 1796 divitiis
1438 1757 1629 1795 conse-

61 1858 358 1910 queremur.
423 1843 561 1910 Ergo
606 1841 836 1902 bonum,
885 1839 1092 1906 inquit,
1123 1836 1340 1889 divitite.
1387 1833 1500 1887 Non
1533 1835 1632 1887 hoc

61 1934 254 1986 divitia:
278 1939 562 2002 praestant,
585 1930 679 1984 sed
708 1928 1031 1997 possessoris
1061 1926 1342 1979 consilium
1364 1933 1418 1978 et
1443 1923 1632 1977 volun-

64 2035 158 2076 tas.
192 2023 439 2077 Liberum
481 2023 620 2076 cnim
654 2020 930 2073 arbitrium
963 2033 1082 2071 esse
1133 2017 1271 2084 quod
1304 2016 1403 2069 hoc
1431 2014 1629 2079 faciat,

63 2116 140 2167 vel
191 2113 318 2168 hinc
360 2114 483 2168 licet
525 2111 985 2177 animadvertere,
1033 2107 1173 2179 quod
1220 2108 1380 2161 etiam
1433 2121 1633 2194 pauper

62 2207 170 2261 ρξειί
202 2205 350 2260 adire
388 2203 740 2258 hereditatem
785 2202 975 2273 possit.
1026 2200 1234 2254 Etenim
1263 2239 1277 2261 ,
1309 2197 1449 2267 quod
1492 2212 1634 2265 szepc

62 2296 164 2348 dixi
193 2337 208 2358 ,
240 2311 344 2348 non
376 2307 682 2349 mensuram
730 2307 907 2346 rerum
955 2305 1074 2360 qua:
1103 2291 1295 2343 dantur
1326 2289 1463 2342 Deus
1513 2302 1634 2355 spc-

63 2395 207 2452 rtat,
237 2385 332 2439 sed
385 2385 621 2438 animum
664 2382 905 2436 dantinm
948 2395 962 2433 :
1014 2381 1136 2433 licet
1187 2388 1242 2432 et
1283 2380 1541 2448 pauperi,
1576 2386 1629 2429 et

66 2490 228 2542 pauca
257 2473 404 2527 danti
455 2482 623 2526 totum
655 2471 932 2539 consequi.
967 2469 1146 2538 Exigit
1188 2468 1333 2522 enim
1369 2467 1506 2520 Deus
1538 2479 1635 2534 pro

64 2565 318 2634 cujusque
345 2564 594 2617 facultate
621 2578 634 2612 :
661 2576 832 2629 neque
854 2560 1054 2614 divitia;
1078 2573 1298 2627 regnum
1322 2555 1627 2618 conciliant,

67 2671 236 2722 neque
263 2663 552 2723 paupertas
594 2651 893 2721 gehennam
916 2690 932 2715 ,
964 2649 1054 2703 sed
1090 2658 1310 2717 utraque
1341 2647 1512 2701 bonus
1533 2685 1547 2711 ,
1581 2655 1637 2700 et

70 2747 235 2799 malus
262 2746 490 2798 animus.
530 2744 681 2798 llnnc
710 2743 869 2812 igitur
899 2742 1259 2809 corrigamus,
1289 2739 1432 2793 hunc
1479 2754 1630 2793 com-

68 2851 321 2902 ponamus
340 2876 355 2900 ,
388 2837 530 2888 hunc
553 2834 710 2887 talem
735 2832 944 2902 qualem
966 2846 1083 2884 esse
1110 2831 1262 2884 decet
1288 2839 1634 2898 praestemus;

71 2938 227 2992 atque
249 2927 426 2978 omnia
449 2935 605 2978 erunt
629 2924 782 2976 nobis
813 2923 1004 2975 facilia.
1037 2920 1168 2974 Nam
1190 2919 1636 2990 quemadmodum

73 3016 261 3071 artifex
287 3056 301 3077 ,
335 3017 449 3069 sive
498 3014 725 3068 ferream
752 3014 863 3066 sive
894 3027 1109 3065 auream
1142 3011 1369 3064 securim
1399 3008 1626 3077 habeat,

73 3121 221 3174 :eqne
243 3107 379 3175 ligna
404 3104 565 3158 ca'dit
593 3118 656 3157 ac
685 3103 860 3166 dolat,
895 3103 1002 3154 imo
1028 3100 1235 3154 facilius
1259 3101 1418 3153 etiam
1450 3101 1500 3153 in
1532 3099 1638 3152 ier-

70 3213 162 3250 ro:
199 3198 269 3249 ita
303 3206 355 3250 et
381 3196 467 3250 hic
495 3195 653 3264 longe
677 3193 878 3247 facilius
907 3208 1001 3260 per
1026 3201 1390 3261 paupertatem
1425 3199 1642 3257 paratur

68 3288 257 3339 virtus.
293 3285 420 3339 Nam
453 3287 518 3339 de
541 3285 738 3338 divitiis
765 3283 977 3353 quidem
1005 3282 1248 3335 Christus
1272 3281 1378 3342 ait,
1413 3278 1642 3334 Facilius

69 3389 134 3429 est
163 3376 412 3429 cautelam
443 3393 532 3444 per
562 3379 788 3444 foramen
819 3389 940 3424 acus
971 3373 1212 3437 transire,
1244 3387 1394 3438 quant
1439 3371 1643 3423 diuitem

69 3467 116 3518 in
145 3484 357 3536 regnum
388 3467 625 3519 ca’lorttm
672 3463 882 3532 (Matth.
917 3463 1005 3517 l9.
1037 3462 1131 3531 ει)
1175 3479 1190 3514 :
1221 3461 1289 3515 de
1336 3470 1644 3530 paupertate

71 3573 193 3610 vero
222 3559 350 3611 nihil
401 3556 706 3625 hujusmodi
748 3555 1140 3624 pronuntiavit,
1170 3552 1262 3606 sed
1296 3553 1471 3622 potius
1510 3568 1644 3605 cnn-

72 3660 144 3701 tra
176 3669 188 3703 :
236 3649 402 3701 Vende
432 3649 604 3701 omnia
632 3662 744 3711 qua:
774 3647 924 3699 habes
945 3686 959 3709 ,
993 3653 1036 3698 et
1081 3645 1148 3696 da
1194 3643 1501 3713 pauperibus
1537 3684 1550 3706 ,
1598 3653 1645 3696 et

73 3740 198 3802 ueni,
234 3749 278 3790 rt
327 3754 531 3806 sequere
575 3735 866 3804 nte(1llarc.
901 3734 984 3789 10.
1027 3735 1152 3805 2t);
1200 3743 1382 3802 utpote
1428 3749 1547 3787 cum
1579 3750 1642 3787 ex

74 3829 355 3883 voluntatis
395 3828 658 3882 electione
691 3825 778 3879 fiat
825 3836 880 3878 ut
910 3836 1165 3895 sequatur
1198 3825 1498 3880 Dominum.

236 3920 376 3988 Ergo
405 3925 770 3986 paupertatem
803 3931 870 3969 ne
918 3915 1179 3984 fugiamus
1223 3924 1495 3984 tamquam
1530 3932 1637 3970 ma-

75 4008 177 4061 lum
201 4026 215 4073 ;
241 4020 325 4063 est
348 4009 492 4062 enim
520 4005 850 4061 conciliatrix
882 4005 1030 4074 regni
1065 4022 1077 4057 :
1110 4021 1282 4074 neque
1313 4006 1436 4058 item
1463 4021 1646 4074 perse-

76 4112 296 4163 qnamur
322 4096 539 4150 divitias
564 4105 620 4148 ut
649 4095 843 4147 bonum
870 4109 886 4157 ;
920 4094 1164 4147 incautos
1191 4095 1334 4146 enim
1367 4094 1596 4163 perdunt
1624 4111 1639 4148 :

76 4187 162 4240 scd
215 4187 412 4255 ubique
459 4171 649 4238 oculos
696 4183 762 4236 ad
815 4183 978 4239 Deum
1028 4182 1398 4246 intendentes,
1433 4194 1647 4237 utamur

77 4279 204 4331 sicut
231 4277 485 4331 convenit
539 4276 605 4329 iis
627 4316 641 4333 .
673 4290 794 4342 qua:
836 4275 903 4327 ab
932 4273 1024 4328 illo
1069 4275 1224 4328 nobis
1256 4273 1445 4328 tributa
1478 4284 1645 4340 sunt,

76 4377 125 4419 et
149 4368 388 4437 corporis
411 4367 605 4420 robore
626 4406 640 4428 ,
681 4373 730 4419 et
761 4364 1082 4418 abundantia
1113 4364 1415 4420 divitiarum
1442 4405 1456 4430 ρ
1487 4376 1648 4420 czete~

79 4457 254 4526 risque
297 4457 460 4510 rebus
489 4455 760 4509 omnibus.
795 4453 1100 4508 Absurdum
1145 4455 1287 4508 enim
1319 4457 1474 4524 plane
1518 4464 1599 4509 est
1629 4497 1644 4521 ,

78 4561 190 4600 cum
222 4547 288 4599 ab
314 4547 430 4615 ipso
459 4545 580 4599 facti
609 4545 776 4599 simus
796 4584 810 4606 ,
839 4559 948 4598 non
991 4546 1039 4598 ei
1079 4546 1166 4614 qui
1198 4561 1297 4599 nos
1342 4546 1506 4610 fecit,
1552 4547 1648 4600 sed

79 4638 188 4691 aliis
230 4637 416 4691 isthrec
444 4637 638 4690 utenda
670 4636 932 4704 prtebere.
985 4637 1134 4691 Fecit
1164 4638 1254 4692 tibi
1285 4639 1514 4692 oculos?
1543 4639 1650 4693 llos

83 4730 173 4797 ipsi
203 4739 395 4798 praesta
423 4771 436 4793 ,
475 4731 655 4800 praebe
699 4728 988 4793 utendum,
1036 4744 1140 4781 nou
1190 4739 1365 4783 autem
1413 4730 1646 4784 diabolo.

80 4819 355 4884 Quomodo
383 4831 562 4873 autem
597 4820 705 4872 Deo
733 4819 1036 4887 prarbebis?
1058 4818 1228 4888 Opera
1258 4819 1424 4888 ipsius
1468 4822 1648 4874 consi-

81 4911 266 4966 derans
291 4919 346 4966 ct
389 4912 564 4980 ipsum
609 4909 950 4978 glorificans,
983 4909 1256 4963 abducens
1283 4926 1408 4964 vero
1453 4927 1482 4964 a
1531 4926 1650 4966 mu-

85 5001 264 5054 lierum
293 5013 535 5070 aspectu.
567 4999 714 5053 Fecit
735 5000 829 5050 tibi
855 5001 1083 5055 manus?
1108 4999 1209 5053 llas
1233 4999 1326 5068 ipsi
1356 5001 1648 5069 possideto,

85 5107 179 5143 non
206 5091 420 5144 diabolo
451 5109 462 5145 :
495 5105 599 5142 non
627 5103 719 5144 eas
757 5088 821 5142 ad
854 5090 1067 5156 rapinas
1094 5104 1154 5143 ac
1185 5091 1392 5159 pra-das
1415 5132 1428 5156 ,
1461 5092 1554 5147 sed
1585 5093 1651 5147 ad

86 5181 325 5235 mandata
355 5180 631 5244 facienda,
668 5179 732 5232 ad
767 5179 1016 5233 benelicia
1047 5181 1368 5235 conferenda
1398 5193 1557 5252 atque
1584 5185 1649 5238 ad

88 5287 269 5338 preces
309 5257 552 5326 assiduas
598 5270 895 5326 extendens
920 5312 934 5334 ,
968 5272 1033 5324 ad
1064 5286 1159 5325 eos
1207 5275 1295 5342 qui
1347 5277 1655 5330 ceciderunt

86 5361 380 5432 erigendos.
434 5362 587 5416 Fecit
637 5361 729 5414 tibi
773 5361 973 5416 aures?
1022 5362 1125 5415 llas
1157 5364 1252 5431 ipsi
1302 5366 1513 5432 pra-bc,
1548 5383 1653 5421 non

87 5452 319 5507 infractis
341 5468 405 5507 ac
431 5452 681 5506 mollibus
710 5453 1014 5518 cantilenis,
1039 5468 1144 5506 non
1180 5456 1413 5524 turpium
1444 5471 1653 5512 sermo-

89 5560 203 5598 num
257 5545 554 5608 auditioni;
589 5543 767 5596 Omnis
811 5544 951 5598 enim
999 5547 1250 5599 enarratio
1290 5559 1375 5600 tua
1399 5590 1414 5613 ,
1446 5549 1652 5619 inquit,

91 5636 138 5686 in
164 5637 273 5706 lege
302 5632 588 5710 Altissimi;
617 5641 670 5687 et
695 5648 886 5688 rursus
910 5676 926 5701 ,
958 5636 980 5687 Ι
990 5653 1022 5688 n
1051 5636 1372 5692 multitudine
1397 5680 1411 5702 ,
1443 5640 1610 5710 inquit
1639 5681 1654 5706 ,

95 5727 339 5781 seniorum
376 5736 455 5779 sta
480 5767 493 5786 ,
519 5734 567 5778 et
590 5725 635 5780 si
677 5727 789 5794 quis
836 5727 1035 5795 sapiens
1062 5730 1212 5797 fuerit
1242 5771 1257 5796 ,
1290 5730 1335 5782 ei
1360 5741 1407 5783 te
1431 5733 1652 5803 adjunge

394 5828 646 5891 Parnm.
714 5831 832 5891 (in.
875 5830 1066 5890 LXII.

3209 367 3320 420 183

1733 478 1923 546 (Ereti.
1957 479 2007 532 9.
2040 479 2129 532 25.
2160 489 2206 532 et
2242 481 2294 534 6.
2325 478 2434 546 55).
2481 477 2628 531 Fecit
2662 477 2754 530 tibi
2786 477 2886 531 os?
2931 475 3003 529 Ex
3046 474 3146 533 hoc
3178 476 3315 534 nihil

1735 570 1996 638 prodeat,
2028 571 2169 638 quod
2203 571 2311 624 Deo
2342 585 2447 623 non
2486 569 2773 638 probetur,
2811 568 2905 623 scd
2949 569 3275 636 psalmodias
3297 610 3315 638 ,

1735 661 1993 729 hymnos,
2026 661 2156 714 udas
2185 671 2342 714 canat
2372 659 2675 728 Spirituales
2695 699 2711 724 ,
2745 659 2813 714 Ut
2841 659 2922 713 det
2950 662 3194 729 gratiam,
3228 662 3317 714 in-

1734 752 1846 818 quit
1871 791 1884 809 .
1914 735 2230 804 audientibus
2263 750 2482 820 (Epltes.
2513 750 2566 803 4.
2595 750 2708 820 29),
2743 749 2809 803 ad
2837 749 3180 813 fnlcicndum,
3211 766 3317 805 non

1733 843 1798 894 ad
1839 843 2222 904 cvertendum;
2252 843 2316 896 ad
2368 841 2824 907 benedicendum,
2871 859 2974 896 non
3007 845 3071 896 ad
3099 844 3320 898 maledi-

1735 931 1995 995 condunt;
2032 949 2135 986 non
2163 934 2226 985 ad
2257 933 2541 987 strncndas
2574 930 2792 987 insidias
2812 976 2826 999 ,
2864 934 2957 988 sed
2987 944 3171 989 contra
3205 950 3321 990 ont-

1736 1021 1884 1073 nino.
1916 1022 2064 1076 Fecit
2096 1024 2187 1076 tibi
2214 1023 2374 1092 pedes
2399 1063 2415 1087 ,
2447 1039 2549 1076 non
2581 1033 2636 1077 ut
2665 1039 2923 1094 properes
2952 1024 3023 1079 ad
3055 1025 3319 1080 vitiosita-

1737 1122 1872 1176 tcm,
1898 1113 1991 1190 sed
2028 1113 2094 1167 ad
2122 1115 2259 1168 bona
2287 1133 2299 1168 :
2330 1114 2453 1169 fecit
2485 1114 2577 1167 tibi
2608 1124 2849 1169 ventrem
2877 1155 2892 1179 ,
2920 1130 3024 1168 non
3055 1125 3106 1168 ut
3143 1117 3318 1186 ipsum

1736 1217 1974 1272 rumpas,
2001 1203 2094 1258 sed
2119 1214 2176 1257 ut
2204 1205 2629 1274 philosophieam
2659 1219 2772 1259 exc.
2791 1220 2913 1259 ccas
2939 1205 3280 1260 sobrietatem
3304 1223 3317 1257 :

1737 1293 1922 1346 indidit
1953 1293 2299 1362 cupiditatem
2325 1295 2388 1348 ad
2424 1294 2715 1347 liberorum
2742 1279 3192 1361 procreationem,
3224 1296 3318 1349 sed

1737 1397 1838 1433 non
1869 1382 1933 1434 ad
1963 1383 2344 1437 senrtationetn
2386 1395 2439 1436 et
2468 1384 2786 1438 adulterium
2817 1401 2829 1438 :
2862 1384 3009 1439 dedit
3039 1384 3132 1439 tibi
3163 1401 3317 1439 mcn-

1737 1480 1880 1534 tem,
1915 1487 2020 1525 non
2046 1483 2102 1526 ut
2148 1473 2533 1542 blaSphemiam
2580 1476 2630 1528 in
2671 1475 2842 1544 ipsum
2885 1476 3086 1543 jacias,
3124 1490 3229 1530 non
3263 1485 3322 1530 ιιι

1735 1559 1809 1612 sis
1839 1562 2203 1626 conviciator,
2253 1565 2345 1616 sed
2379 1574 2433 1617 ut
2478 1564 2614 1617 bene
2662 1566 2846 1618 dicas:
2882 1565 3031 1619 dedit
3057 1574 3112 1619 et
3152 1580 3320 1634 pecu-

1737 1651 1884 1712 nias,
1932 1661 1988 1705 nt
2036 1668 2141 1720 quo
2189 1662 2403 1722 oportet
2454 1654 2582 1722 ipsis
2631 1663 2875 1722 utamur;
2909 1655 3204 1725 eademque
3252 1657 3321 1713 de

1735 1758 1893 1798 eausa
1927 1747 2071 1799 vires
2113 1745 2282 1800 dedit.
2317 1747 2463 1800 Fecit
2490 1757 2634 1800 artes
2659 1789 2672 1811 ,
2700 1756 2756 1800 ut
2805 1747 2907 1800 vita
2939 1755 3270 1802 sustentetur
3299 1788 3315 1812 ,

1737 1852 1842 1890 non
1894 1847 1950 1890 ut
1994 1853 2023 1890 a
2055 1837 2219 1892 rebus
2246 1838 2312 1891 ad
2341 1838 2588 1907 Spiritum
2619 1838 3011 1906 pertinentibus
3042 1852 3140 1891 nos
3174 1838 3322 1905 ipsos

1735 1941 2019 1982 avocemus
2046 1968 2060 1988 .
2108 1943 2213 1982 non
2246 1939 2306 1982 ut
2347 1929 2579 1983 sordidis
2609 1930 2816 1984 artibus
2842 1944 3058 1999 operam
3090 1929 3276 1984 demus
3301 1973 3316 1993 ,

1736 2017 1828 2070 sed
1876 2018 2193 2072 necessariis
2217 2059 2232 2083 ,
2263 2028 2318 2071 ut
2364 2018 2519 2073 nobis
2562 2028 2801 2072 mutuam
2833 2034 2991 2088 opem
3044 2020 3275 2074 ferarum
3302 2061 3318 2084 ,

1739 2121 1843 2159 non
1891 2114 1948 2158 ut
1994 2105 2333 2160 insidiemur.
2390 2106 2544 2160 Dedit
2577 2115 2775 2161 tectum
2831 2123 2896 2162 eo
2941 2108 3219 2162 dumtaxat
3265 2119 3324 2162 ut

1736 2204 1918 2249 arceat
1946 2195 2182 2263 pluviam
2205 2237 2219 2259 ,
2257 2211 2363 2249 non
2390 2205 2447 2249 ut
2473 2196 2644 2265 ipsum
2673 2196 2890 2267 quidem
2913 2206 3138 2251 ornetttr
3165 2213 3320 2261 auro,

1740 2300 1940 2353 panper
1971 2299 2098 2338 vero
2127 2296 2310 2352 pereat
2344 2285 2519 2340 fame:
2551 2286 2700 2340 dedit
2725 2295 2935 2353 vestes,
2970 2298 3027 2341 ut
3057 2297 3319 2358 tegamur,

1739 2387 1844 2425 non
1877 2381 2326 2440 utostentemus,
2369 2389 2473 2428 non
2509 2383 2564 2428 ut
2609 2376 2713 2430 illa:
2742 2377 2956 2444 quidem
2991 2378 3159 2432 multo
3187 2393 3324 2433 auro

1738 2463 1997 2528 ditentur,
2025 2463 2271 2518 Christus
2300 2481 2428 2519 vero
2453 2467 2629 2521 nudus
2656 2477 2874 2537 pereat:
2904 2469 3122 2524 domum
3151 2471 3321 2536 dedit,

1741 2567 1844 2604 non
1869 2563 1925 2604 ut
1954 2554 2098 2607 solus
2121 2554 2339 2622 habeas,
2359 2555 2452 2609 sed
2480 2565 2536 2609 ut
2557 2557 2676 2610 aliis
2695 2559 2856 2612 etiam
2882 2559 3117 2627 pra-beas
3142 2577 3154 2612 :
3181 2540 3326 2614 dedit

1744 2652 1941 2698 terram
1967 2685 1981 2709 ,
2010 2661 2115 2699 non
2150 2655 2208 2700 ut
2250 2647 2450 2714 majore
2483 2647 2624 2702 illius
2654 2659 2804 2717 parte
2834 2651 2899 2703 ad
2935 2661 2985 2704 te
3012 2651 3276 2706 absn'acta
3305 2693 3322 2712 .

1742 2734 1794 2788 in
1823 2744 1998 2789 scorta
2024 2777 2039 2801 ,
2069 2746 2122 2792 et
2165 2738 2411 2806 psaltrias
2431 2779 2447 2803 ,
2477 2748 2532 2794 et
2574 2741 2764 2795 mimos
2785 2782 2799 2808 ,
2831 2751 2882 2796 et
2933 2743 3178 2797 tibicines
3203 2784 3218 2810 ,
3270 2755 3325 2798 et

1742 2825 2068 2882 citharoedos
2118 2829 2357 2883 insutuas
2405 2830 2495 2884 Dei
2553 2832 2726 2897 bona,
2773 2831 2866 2887 sed
2921 2833 2972 2886 in
3018 2836 3320 2889 esurientes

1742 2929 1900 2986 atque
1926 2933 2166 2988 egenos.
2193 2921 2346 2975 Dedit
2387 2921 2476 2977 tibi
2507 2937 2689 2989 mare,
2737 2932 2794 2977 ut
2821 2925 3082 2993 naviges.
3138 2941 3206 2978 ne
3236 2926 3324 2978 iti-

1745 3023 1872 3062 nere
1898 3007 2142 3064 faciendo
2173 3010 2386 3066 labores
2406 3051 2420 3074 ,
2453 3027 2558 3065 non
2588 3021 2644 3066 ut
2684 3014 2895 3068 curiose
2925 3015 3068 3067 illius
3095 3015 3319 3069 fundum

1745 3102 2033 3166 scruteris,
2068 3112 2122 3156 et
2168 3102 2368 3171 lapides
2413 3111 2468 3157 et
2495 3103 2598 3157 alia
2649 3103 2955 3172 hujusmodi
2989 3105 3110 3160 inde
3140 3115 3325 3161 extra-

1747 3192 1842 3246 has
1864 3232 1879 3257 ,
1914 3208 2020 3247 non
2069 3203 2124 3246 ut
2153 3192 2258 3247 hoc
2287 3194 2384 3246 tibi
2413 3194 2588 3248 studio
2619 3194 2835 3248 habeas.
2868 3194 2979 3249 Cur
3025 3210 3153 3266 ergo
3177 3237 3191 3261 ,
3242 3197 3320 3249 in-

1744 3284 1929 3351 quies,
1977 3294 2101 3337 sunt
2143 3283 2391 3352 lapides?
2443 3283 2694 3349 Quinimo
2729 3283 2816 3338 dic
2855 3293 2908 3338 tu
2941 3286 3110 3348 mihi,
3154 3285 3329 3351 Quam

1745 3369 1816 3428 ob
1860 3390 2075 3429 causam
2107 3375 2312 3445 lapides
2359 3374 2435 3428 illi
2488 3375 2540 3428 in
2590 3385 2736 3428 tanto
2788 3376 3152 3442 pretiosum?
3200 3392 3328 3430 num

1747 3463 1995 3517 facultate
2022 3463 2240 3531 aliqua?
2263 3477 2388 3517 num
2417 3464 2553 3517 usu?
2578 3463 2716 3528 Quin
2744 3465 2853 3517 imo
2882 3465 2970 3532 qui
3001 3480 3032 3519 c
3061 3465 3192 3518 mari
3219 3481 3324 3518 non

1747 3561 1909 3617 sunt,
1939 3553 2180 3607 utiliores
2202 3563 2346 3606 sunt.
2379 3552 2589 3606 Etenim
2615 3552 2666 3606 lti
2699 3553 2893 3608 saltem
2925 3555 2989 3607 ad
3019 3553 3330 3610 :cdilicatio-

1750 3658 1872 3696 nem
1907 3645 2228 3706 conferunt,
2264 3643 2339 3696 illi
2393 3658 2521 3697 vero
2568 3657 2867 3711 nusquam:
2897 3653 3060 3713 atque
3108 3644 3161 3698 bi
3207 3655 3335 3699 sunt

1750 3733 1856 3785 illis
1887 3732 2173 3786 firmiores.
2208 3733 2279 3785 At
2320 3731 2426 3795 illi,
2459 3732 2674 3800 inquit,
2723 3733 3172 3802 pulchritudinem
3198 3735 3332 3788 alle-

1753 3810 1895 3875 ruut.
1926 3821 2247 3886 Quomodo?
2273 3830 2444 3876 totum
2473 3822 2523 3875 id
2555 3822 2823 3890 opinionis
2846 3832 2941 3876 est.
2983 3821 3118 3877 Sunt
3144 3825 3333 3878 candi-

1749 3911 1962 3966 diores?
2008 3913 2077 3967 At
2110 3929 2213 3967 non
2240 3923 2387 3967 certe
2417 3927 2684 3967 marmore
2716 3914 2868 3967 valde
2897 3915 3121 3969 candido
3147 3916 3333 3970 candi-

1753 4001 1951 4066 diores,
1982 4003 2270 4071 quinctiam
2294 4017 2467 4071 neque
2491 4002 2556 4056 ad
2583 4002 2724 4057 illius
2740 4003 3026 4058 candorem
3049 4005 3330 4060 accedunt.

1752 4091 1821 4144 At
1846 4091 2168 4145 solidiores?
2191 4091 2271 4147 Ne
2298 4090 2347 4144 id
2380 4091 2615 4161 quidem.
2653 4093 2724 4146 At
2753 4093 3039 4147 utiliores?
3069 4104 3122 4147 at
3165 4095 3338 4161 majo-

1752 4181 1882 4235 res?
1932 4181 2274 4254 Neutiquam.
2327 4180 2482 4237 Unde
2548 4182 2710 4251 igitur
2762 4183 3174 4252 suspiciuntur?
3218 4173 3334 4239 Non

1753 4270 1966 4326 aliunde
1992 4311 2005 4334 ,
2032 4286 2188 4340 quam
2221 4287 2286 4326 ex
2314 4272 2425 4324 sola
2455 4272 2872 4349 existimatione.
2908 4273 3038 4328 Nam
3068 4276 3112 4328 si
3161 4290 3336 4346 neque

1753 4364 2086 4433 pulchriores
2113 4374 2275 4429 sunt;
2307 4365 2505 4418 multos
2538 4364 2680 4419 enim
2707 4365 3037 4421 inveniemus
3066 4368 3170 4423 illis
3203 4367 3339 4423 luci-

1754 4457 1932 4512 diores
1960 4467 2013 4511 ct
2038 4457 2410 4521 candidiores;
2439 4474 2610 4528 neque
2635 4459 2897 4525 utiliores,
2923 4476 3095 4530 neque
3116 4462 3337 4516 solidio-

1756 4564 1879 4602 res:
1914 4549 2054 4603 unde
2075 4591 2090 4614 ,
2141 4551 2354 4619 inquam
2384 4590 2399 4615 ,
2431 4550 2566 4604 adeo
2614 4550 3020 4620 suspiciuntur?
3059 4569 3238 4607 annon
3268 4571 3333 4609 cs

1756 4639 1866 4692 sola
1912 4639 2352 4692 existimatione?
2402 4644 2571 4705 Quam
2623 4642 2784 4710 igitur
2829 4641 2900 4695 ob
2957 4658 3173 4697 causam
3221 4645 3341 4698 illus

1757 4729 1943 4782 dedit?
1976 4729 2088 4783 Non
2120 4732 2234 4799 ipse
2283 4731 2472 4798 dedit,
2504 4732 2599 4786 sed
2643 4745 2697 4786 tu
2751 4750 3002 4804 magnum
3033 4751 3154 4792 esse
3186 4740 3340 4807 quid-

1759 4820 1897 4888 piam
1928 4823 2146 4890 pntasti.
2178 4822 2313 4888 Quid
2346 4825 2505 4893 igitur
2529 4833 2613 4879 est
2636 4866 2652 4891 ,
2685 4827 2852 4896 inquit
2879 4868 2894 4892 ,
2925 4828 3066 4898 quod
3098 4829 3338 4899 Scriptu-

1758 4926 1816 4964 ra
1863 4911 2022 4964 ctiam
2056 4927 2149 4965 ens
2198 4914 2472 4968 celebrat?
2519 4914 2779 4969 Nimirum
2827 4919 3230 4976 accommodate
3275 4922 3342 4975 ad

1762 5012 1904 5056 tuam
1935 5005 2239 5071 Opinionem
2270 5006 2524 5076 loquitur.
2558 5006 2690 5061 Nam
2721 5017 2776 5062 et
2802 5020 3103 5080 praeceptor
3129 5011 3199 5066 ad
3221 5030 3345 5082 pue-

1761 5098 1934 5150 rulum
1965 5097 2125 5150 verba
2152 5098 2371 5161 iaciens,
2409 5099 2595 5153 eadem
2623 5109 2782 5169 atque
2814 5102 2900 5156 ille
2924 5088 3070 5172 scepe
3097 5106 3342 5175 suspicit,

1763 5199 1817 5242 nt
1847 5189 1992 5242 illum
2038 5188 2139 5242 sibi
2185 5191 2467 5255 conciliet,
2501 5205 2564 5258 ac
2609 5192 2862 5260 paulatim
2891 5194 3170 5251 Subveltat.
3205 5199 3341 5264 Quid

1763 5281 2213 5350 pulchritudinem
2271 5285 2480 5351 expetis
2512 5285 2782 5339 vestium?
2832 5285 3044 5341 Vestem
3091 5290 3184 5343 tibi
3230 5293 3339 5347 cir-

1762 5375 1952 5426 cumda
1984 5384 2038 5428 et
2083 5375 2328 5430 calceos:
2365 5376 2446 5430 his
2479 5385 2531 5431 te
2569 5392 2700 5430 orna
2725 5418 2739 5442 ,
2771 5377 2886 5433 lucc
2913 5380 3006 5432 tibi
3036 5383 3166 5436 satis
3211 5386 3343 5438 sint.

1763 5462 2164 5528 Desiderabilia,
2219 5466 2388 5535 inquit
2443 5466 2636 5530 David,
2682 5484 2833 5537 super
2904 5486 3084 5523 aurum
3143 5483 3189 5525 et
3245 5491 3346 5528 stt-

1764 5572 1854 5622 per
1893 5555 2109 5624 lapidem
2142 5558 2412 5624 pretiosum
2454 5557 2661 5610 multum
2702 5559 2901 5627 judicia
2933 5559 3026 5614 Dei
3056 5560 3226 5632 (Psal.
3257 5566 3344 5621 18.

1768 5649 1893 5717 ll).
1962 5648 2196 5702 Terrena
2254 5665 2379 5704 vero
2443 5649 2558 5704 lucc
2624 5665 2801 5705 annon
2869 5654 3345 5723 parvipcndenda?

1769 5737 1882 5792 Ner.
1914 5748 2034 5792 sunt
2089 5739 2202 5791 lure
2224 5781 2236 5804 ,
2271 5755 2304 5790 o
2351 5739 2544 5795 dilecte
2566 5781 2580 5805 ,
2614 5742 2760 5794 utilia
2791 5760 2804 5793 :
2838 5744 2881 5793 si
2929 5744 3076 5798 utilia
3121 5755 3304 5804 essent
3332 5789 3338 5798 .

2821 5827 2894 5885 l7
