4064 6318
794 372 901 430 265

790 490 894 530 non
939 473 1178 542 jussisset
1228 477 1572 523 («interimere
1603 484 1616 519 :
1651 465 1742 520 sed
1772 466 1950 519 divina
1982 465 2253 534 Scriptura
2283 464 2348 517 ad

784 565 1227 623 existimationem
1283 569 1516 616 nostram
1546 559 1793 628 loquitur.
1826 559 1998 626 Atque
2045 557 2145 610 hoc
2186 558 2346 608 etiam

787 655 979 710 divina:
1003 651 1340 722 benignitatis
1371 660 1471 704 est.
1502 648 1667 715 Quam
1702 647 1857 715 igitur
1884 647 1952 699 ob
1982 660 2228 710 causam,
2259 645 2341 697 in-

781 750 927 816 quit,
963 759 1243 813 purpuram
1276 752 1327 795 et
1372 751 1562 794 cetera
1612 736 1954 806 hujusmodi?
1999 735 2201 789 Divina-
2233 751 2343 788 Ina-

778 837 1095 906 gniliceutim
1147 834 1260 886 lucc
1309 841 1431 884 sunt
1475 845 1654 897 opera.
1709 827 1837 880 Nam
1887 827 2004 880 aliis
2033 841 2243 894 quoque
2279 840 2344 878 ex

780 926 941 978 rebus
967 939 1085 977 suas
1112 921 1278 974 voluit
1310 919 1518 972 divitias
1559 915 1860 969 ostendere.
1910 915 2117 967 Etenim
2149 924 2198 967 et
2233 912 2343 965 fru-

782 1022 1016 1067 mentum
1065 1014 1176 1080 ipse
1219 1009 1364 1064 dedit
1412 1009 1619 1070 solum;
1656 1015 1709 1059 tu
1743 1020 1866 1058 vero
1913 1020 1977 1057 ex
2030 1004 2132 1057 hoc
2179 1006 2343 1057 Innlta

781 1119 964 1172 paras,
999 1104 1270 1170 placentas
1291 1143 1304 1164 ,
1337 1100 1558 1152 bellaria
1589 1097 1735 1150 varia
1767 1111 1827 1149 ac
1857 1097 2020 1149 multa
2047 1137 2060 1160 ,
2097 1111 2340 1164 magnam

779 1193 1050 1247 afferentia
1082 1192 1430 1258 voluptatem.
1461 1186 1705 1254 Alioquin
1745 1194 1798 1239 ct
1827 1186 2070 1254 voluptas
2097 1195 2148 1238 et
2175 1186 2344 1239 inanis

779 1284 956 1346 glori-.9.
1004 1297 1154 1335 amor
1197 1281 1310 1333 hate
1349 1282 1525 1332 omnia
1577 1267 1808 1332 invexit:
1838 1276 2153 1330 videbantur
2198 1277 2339 1331 enim

779 1374 892 1423 haec
938 1372 1028 1424 tibi
1059 1370 1304 1424 omnibus
1336 1368 1496 1421 rebus
1526 1364 1872 1435 pracferenda.
1924 1366 2219 1434 Caneroqni
2247 1407 2260 1430 ,
2295 1367 2340 1420 si

779 1460 1087 1528 peregrinus
1114 1459 1373 1528 quiSpiam
1416 1467 1506 1509 aut
1545 1456 1774 1523 agricola
1823 1457 2006 1508 harum
2036 1469 2210 1507 rerum
2245 1455 2342 1507 im-

785 1549 982 1616 ιιριίιιις
1012 1558 1062 1600 te
1104 1547 1424 1614 interroget,
1467 1552 1621 1610 teque
1675 1544 1818 1596 illum
1852 1542 2222 1611 sttspieicntetn
2265 1543 2340 1597 vi-

1508 357 1563 411 S.
1604 353 1877 411 JOANNIS
1897 351 2362 411 CHRYSOSTOMI
2402 351 2710 407 AﬂClllEP.
2753 353 3271 411 (IONSTA-NTINUP.

2454 463 2617 526 deus,
2673 464 2848 520 dicat:
2897 465 3006 519 Cur
3056 467 3151 521 ista
3201 470 3425 536 suspicis
3477 479 3634 540 atque
3694 472 4010 528 admiraris?

2455 552 2580 619 quid
2629 551 2850 606 habebis
2879 555 3020 622 quod
3053 557 3420 626 respondeas?
3465 561 3685 628 pulchra
3717 578 3838 617 esse
3870 578 4007 632 θερε-

2452 639 2581 692 ctu?
2611 637 2716 693 Sed
2765 655 2868 693 non
2899 643 2967 695 ita
2997 654 3099 697 est.
3133 645 3473 719 Deponamus
3524 650 3683 719 igitur
3729 651 3868 704 hanc
3911 638 4008 721 opi-

2455 730 2700 794 nionem,
2748 733 2991 799 verisque
3045 750 3232 804 reapse
3284 737 3438 792 bonis
3486 741 3863 796 iuhwreamus.
3901 745 4006 796 [hec

2452 818 2592 870 enim
2641 818 2860 874 minime
2906 831 3058 888 sunt,
3089 824 3183 877 sed
3232 835 3434 880 temere
3465 840 3741 885 transeunt
3770 842 3971 885 tantum
3993 875 4005 898 ,

2451 908 2616 962 instar
2639 909 2869 964 ﬂuminis
2896 913 3199 968 dilabentia.
3227 916 3608 984 Quamobrem,
3634 923 3866 975 obsecro
3889 939 4002 982 vos,

2449 1011 2772 1063 caveamus;
2801 1017 2958 1071 supra
2991 1014 3193 1071 petram
3242 1021 3340 1061 nos
3374 1009 3717 1076 collocemus,
3750 1029 3819 1065 ne
3871 1014 4006 1066 facile

2448 1091 2882 1148 circumferuntur
2902 1135 2916 1159 ,
2948 1106 3006 1150 ut
3036 1097 3206 1153 futura
3236 1101 3393 1154 etiam
3434 1117 3828 1172 consequamur
3857 1105 4002 1170 bona,

2448 1183 2616 1248 gratia
2644 1193 2694 1235 et
2721 1186 3042 1253 benignitate
3073 1190 3282 1246 Domini
3311 1194 3475 1247 nostri
3505 1193 3631 1249 Jesu
3656 1197 3877 1260 Christi,
3902 1212 4004 1250 cum

2448 1285 2553 1338 quo
2582 1271 2718 1325 Patri
2743 1317 2757 1338 ,
2782 1276 3043 1346 simulque
3070 1291 3252 1335 sancto
3279 1282 3497 1350 Spiritui
3523 1286 3687 1353 gloria
3710 1328 3724 1350 ,
3759 1297 4006 1354 potestas,

2454 1358 2626 1413 honor
2658 1401 2671 1425 ,
2723 1378 2858 1418 flltltc
2889 1375 2940 1418 t-t
2972 1383 3182 1436 semper
3212 1412 3225 1436 ,
3257 1380 3310 1424 et
3342 1373 3390 1423 iu
3437 1373 3629 1427 smcnla
3673 1375 4001 1428 saeculorum.

2448 1449 2642 1504 Amen.

2633 1685 3970 1717 _______________________

2093 1765 2432 1825 ΗΟΜΙΙᾸΛ
2481 1769 2594 1830 XI.

769 1917 894 1970 Cur.
927 1917 982 1970 3.
1007 1932 1060 1970 v.
1092 1916 1150 1972 7.
1178 1890 1282 1967 Sed
1311 1926 1422 1979 qua
1463 1912 1584 1962 mihi
1611 1911 1811 1978 fuerunt
1850 1909 2012 1969 lucra,
2062 1909 2166 1959 hate
2196 1906 2332 1958 arbi-

845 2019 1004 2061 tratus
1025 2021 1134 2059 sum
1157 2015 1364 2073 propter
1383 2001 1634 2056 Christum
1653 2000 2016 2051 detrimentum.
2048 1998 2099 2052 8.
2137 1996 2342 2049 l'erum-

845 2111 1008 2151 tamen
1041 2106 1089 2149 et
1124 2096 1350 2146 existimo
1392 2094 1558 2144 munia
1601 2091 1954 2142 detrimentum
1993 2105 2099 2141 esse
2135 2097 2339 2155 propter

844 2192 1136 2245 eminentem
1170 2186 1426 2238 scientiam
1455 2181 1577 2234 ιιι-δη
1608 2182 1792 2232 (ῙΙιι-ἰειὶ
1834 2180 2041 2233 Domini
2079 2179 2195 2242 mei,
2225 2194 2342 2246 pro-

843 2294 951 2349 pter
993 2294 1135 2347 quem
1173 2279 1337 2328 omnia
1379 2276 1728 2326 detrimentum
1768 2271 1860 2338 feci
1890 2280 1936 2321 et
1965 2268 2181 2320 arbitror
2208 2269 2344 2335 quis-

843 2371 1025 2439 quilias
1064 2384 1188 2430 esse,
1233 2375 1286 2417 ut
1325 2363 1574 2415 Christum
1603 2360 1936 2427 lncrifacium,
1962 2357 2011 2411 9.
2039 2370 2084 2408 et
2120 2357 2343 2408 inveniar

843 2462 894 2512 in
925 2460 1013 2510 illo
1040 2474 1139 2509 non
1167 2456 1351 2507 habens
1392 2467 1550 2504 meam
1573 2449 1850 2519 justitiam,
1891 2463 2001 2514 qua:
2031 2463 2091 2498 ea:
2116 2448 2222 2514 lege
2248 2456 2337 2509 est,

843 2550 929 2600 sed
970 2547 1132 2609 illam,
1163 2559 1276 2613 (μίαν
1313 2558 1376 2594 ea;
1404 2541 1503 2609 fide
1529 2549 1600 2590 est
1625 2537 1749 2590 Jesu
1776 2536 1982 2594 Christi,
2015 2551 2123 2603 qum
2145 2551 2206 2586 ea:
2235 2533 2341 2585 Deo

843 2646 914 2690 est
947 2635 1148 2706 justitia
1175 2636 1226 2685 in
1254 2631 1374 2700 ﬁde,
1411 2629 1495 2684 10.
1540 2628 1606 2679 ad
1651 2626 2048 2695 cognoscendum
2087 2625 2252 2688 illum,
2297 2632 2342 2676 ct

843 2728 1072 2780 virtutem
1100 2720 1473 2777 resurrectionis
1502 2719 1630 2787 ejus.

837 2820 890 2869 ’1.
923 2815 977 2868 1η
1011 2810 1408 2866 certaminibus,
1439 2824 1554 2877 qua-
1582 2805 1837 2858 adversm
1861 2803 2144 2857 hmreticos
2175 2802 2344 2855 susci-

752 2909 1011 2976 ‘piuntur,
1053 2909 1290 2970 vegetam
1337 2897 1590 2949 adhibere
1639 2905 1871 2947 mentem
1916 2902 2148 2968 oportet,
2187 2904 2343 2961 atque

771 2993 983 3050 assidue
1000 2992 1051 3044 in
1078 3008 1137 3043 ea
1165 2988 1483 3056 cogitatione
1506 2985 1752 3038 delixam.
1783 2981 1855 3034 Ita
1878 2985 2017 3034 enim
2040 2981 2336 3034 disturbare

773 3085 983 3138 illorum
1013 3081 1227 3134 ordines
1252 3077 1566 3145 poterimus.
1595 3083 1646 3127 et
1675 3073 2037 3141 plenissimam
2067 3081 2338 3141 reportare

773 3176 1078 3234 victoriam,
1128 3169 1329 3222 nullum
1375 3167 1480 3220 illis
1525 3164 1817 3233 respirandi
1863 3165 2089 3234 spatium
2130 3163 2336 3217 dantes.

773 3264 1056 3333 Propterea
1086 3275 1203 3314 cum
1229 3258 1386 3312 velim
1413 3270 1508 3308 Vos
1539 3271 1603 3308 ex
1629 3255 1915 3323 Scripturis
1938 3254 2001 3307 ad
2040 3253 2337 3322 hujusnmdi

770 3353 1059 3407 certamina
1086 3350 1372 3410 instruere,
1403 3353 1460 3397 ut
1488 3343 1611 3397 hinc
1638 3344 1797 3397 etiam
1829 3358 1922 3397 eos
1949 3344 2038 3412 qui
2069 3344 2339 3397 contradi-

771 3451 901 3496 cunt
940 3442 1311 3494 obmutescere
1342 3433 1546 3488 faciatis
1577 3451 1588 3486 :
1623 3419 1798 3502 hujus,
1833 3448 1950 3501 qua?
1987 3433 2201 3486 nuncin
2231 3448 2339 3485 ma-

773 3534 927 3586 nibus
954 3538 1055 3593 est,
1089 3524 1460 3596 disputationis
1498 3523 1706 3576 initium
1750 3537 1953 3577 sumam
1991 3537 2020 3576 a
2058 3522 2160 3575 line
2185 3537 2340 3587 supc-

771 3600 1122 3685 yiu-iszuis
1169 3625 1348 3670 autem
1389 3623 1502 3688 erat
1544 3613 1630 3667 ille
1663 3612 1830 3666 linis?
1873 3613 2004 3667 Cum
2042 3613 2343 3681 collegisset

771 3710 988 3765 Judaica
1015 3706 1194 3761 omnia
1224 3719 1342 3774 qua:
1371 3701 1629 3772 gloriandi
1649 3717 1861 3755 causam
1889 3703 2102 3768 dabant,
2135 3718 2196 3757 ea
2223 3718 2340 3772 quaa

772 3817 800 3853 a
833 3810 1037 3861 natura,
1087 3812 1147 3851 ea
1178 3809 1298 3864 qua:
1323 3808 1352 3846 a
1381 3794 1606 3848 consilio
1641 3800 1696 3845 et
1716 3792 1987 3846 'electione
2013 3792 2285 3846 addiderat
2325 3811 2339 3846 :

777 3890 884 3945 Sed
910 3904 1022 3958 qua:
1048 3887 1169 3939 mihi
1196 3886 1398 3953 [uerunt
1425 3883 1589 3945 lucra,
1617 3882 1722 3934 hac
1748 3882 1974 3935 existimo
1994 3883 2343 3956 detrimentum

772 3994 878 4033 esse
906 3987 1110 4048 propter
1148 3975 1440 4027 eminentem
1467 3973 1725 4025 scientiam
1752 3969 1877 4024 Iesu
1917 3972 2101 4025 Christi
2135 3972 2344 4026 Domini

774 4071 889 4132 mei,
919 4077 1118 4137 propter
1145 4082 1289 4135 quem
1317 4065 1486 4117 omnia
1512 4064 1864 4117 detrimentum
1890 4064 2004 4130 feci,
2046 4074 2093 4118 et
2126 4066 2343 4119 arbitror

773 4159 1069 4229 quisquilias
1108 4173 1233 4219 esse,
1279 4165 1333 4208 ut
1376 4154 1631 4210 Christum
1687 4155 2025 4237 lucrifaciant.
2087 4157 2345 4212 lnsultant

778 4250 881 4302 hoc
907 4249 1024 4301 loco
1045 4245 1303 4300 lucretici.
1335 4243 1463 4297 Nam
1492 4253 1545 4297 et
1573 4242 1672 4297 hoc
1695 4243 1969 4312 sapientia:
1990 4256 2071 4299 est
2092 4245 2342 4315 Spiritus,

776 4352 901 4407 spcs
930 4338 1033 4390 illis
1063 4334 1297 4389 victoria:
1323 4335 1658 4398 submittere,
1688 4343 1744 4388 ut
1784 4349 2011 4405 pugnam
2041 4347 2340 4404 capessant.

779 4429 987 4484 Etenim
1014 4429 1056 4480 si
1082 4432 1263 4493 aperte
1290 4424 1538 4492 loquutus
1567 4432 1730 4487 esset,
1763 4424 2012 4479 fecissent
2034 4434 2089 4481 et
2114 4426 2166 4480 in
2194 4427 2308 4482 istis
2327 4469 2344 4494 ,

780 4517 920 4586 quod
954 4516 1006 4568 in
1046 4514 1165 4567 aliis
1197 4514 1435 4567 fecerunt
1464 4530 1478 4565 :
1510 4512 1826 4567 deleverunt
1859 4513 2000 4568 enim
2035 4516 2234 4582 literas,
2264 4533 2348 4572 re-

783 4607 1066 4677 pudiarunt
1104 4603 1467 4673 Scripturam,
1506 4620 1628 4658 cum
1678 4605 1933 4660 adversos
1983 4607 2124 4661 illius
2169 4609 2349 4664 radios

783 4701 920 4750 terre
953 4712 1054 4749 non
1088 4703 1321 4764 possent.
1352 4693 1457 4749 Sed
1486 4693 1630 4762 quod
1657 4695 1708 4748 in
1744 4695 1977 4762 piscibus
2007 4696 2083 4760 lit,
2115 4707 2170 4751 ut
2198 4699 2346 4766 illud,

785 4788 924 4842 unde
963 4796 1082 4841 Sttnl
1131 4787 1395 4853 capiendi,
1436 4801 1538 4839 non
1578 4784 1860 4840 manifesto
1899 4787 2002 4842 illis
2046 4788 2348 4858 objiciatur,

783 4878 877 4931 sed
931 4877 1241 4938 occultetur,
1292 4885 1349 4929 ut
1396 4889 1675 4930 accurrere
1723 4891 1828 4929 non
1871 4880 2273 4945 vereantur;id
2299 4890 2354 4936 et

787 4970 888 5020 hoc
917 4967 1042 5020 loco
1068 4965 1281 5030 accidit,
1307 4965 1392 5018 ubi
1422 4981 1450 5018 a
1480 4966 1643 5020 Paulo
1675 4967 1755 5019 lex
1794 4965 2044 5020 damnum
2070 4968 2210 5024 dicta
2248 4980 2350 5026 est.

785 5061 946 5124 Sane,
988 5058 1126 5127 quod
1171 5058 1366 5112 Paulus
1414 5058 1562 5117 dicit,
1599 5058 1894 5126 hujusmodi
1949 5069 2032 5113 est
2062 5077 2076 5112 :
2106 5061 2354 5132 Quisqui-

786 5153 916 5218 lias,
955 5162 1008 5205 et
1056 5152 1305 5205 damnum
1360 5151 1527 5219 legem
1583 5159 1775 5205 vocat:
1819 5167 1922 5205 non
1965 5151 2157 5206 licebat
2196 5155 2357 5208 Chri-

784 5251 923 5296 stum
971 5241 1199 5303 lucrari,
1253 5239 1382 5300 nisi-‘=
1407 5239 1543 5294 hanc
1598 5241 1846 5294 damnqu
1899 5251 2188 5310 putassem.
2232 5243 2357 5298 Harc

789 5331 965 5386 omnia
990 5330 1227 5384 alliciunt
1258 5316 1559 5393 haereticos,
1591 5337 1648 5383 ut
1677 5331 1848 5383 locum
1872 5332 2147 5401 recipiant,
2177 5335 2360 5389 existi-

788 5431 994 5492 mantes
1023 5435 1118 5489 pro
1143 5434 1200 5472 se
1227 5417 1404 5474 facere
1435 5436 1448 5472 :
1479 5418 1692 5488 quando
1714 5435 1837 5494 vero
1869 5433 2209 5492 receperunt,
2236 5437 2359 5480 tunc

791 5485 912 5568 illos
968 5485 1171 5566 retibus
1219 5510 1454 5580 undique
1496 5485 1833 5581 constringit.
1885 5485 2020 5580 Quid
2069 5515 2226 5585 igitur
2274 5517 2359 5572 isti

787 5605 973 5657 dicunt
1000 5600 1313 5654 insultantes
1340 5600 1414 5671 (η)
1442 5601 1466 5653 ‘l
1490 5600 1565 5654 En
1592 5602 1672 5654 lex
1705 5611 1787 5656 est
1811 5602 2079 5673 damnum,
2111 5621 2176 5662 en
2219 5608 2366 5676 quis-

850 5691 925 5750 fu)
951 5687 1237 5736 Manichacus
1254 5688 1524 5750 s‘gnitlcare
1550 5689 1754 5739 videtur.

2446 1911 2652 1977 quilite;
2682 1918 2946 1984 quomodo
2969 1921 3124 1989 igitur
3146 1923 3310 1991 ipsam
3331 1927 3420 1981 Dei
3444 1943 3564 1984 esse
3582 1930 3756 1984 dicitis
3777 1934 3800 1984 ἲ
3825 1934 4000 1986 Verum

2450 1999 2562 2054 lucc
2592 2005 2767 2056 omnia
2797 2022 2893 2075 pro
2924 2009 3036 2076 lege
3063 2021 3182 2065 sunt
3209 2029 3223 2077 ;
3254 2016 3516 2082 quomodo
3535 2029 3732 2088 auum,
3760 2022 3879 2074 hinc
3901 2038 4002 2089 per-

2446 2091 2684 2155 Spicuum
2719 2093 2851 2148 lict?
2881 2097 3227 2163 Attendamus
3251 2104 3551 2174 diligenter,
3582 2126 3700 2177 qtae
3726 2112 3963 2163 dicuntur
3989 2132 3998 2163 :

2449 2194 2550 2231 non
2581 2179 2730 2246 dixit,
2757 2182 2864 2237 Lex
2893 2197 2974 2238 est
2997 2187 3396 2258 detrimentum,
3420 2197 3512 2248 sed
3542 2198 3707 2263 ipsam
3733 2199 4002 2252 Arbitratus

2445 2286 2555 2320 sum
2584 2271 2931 2328 detrimentum
2960 2294 2980 2330 :
3017 2289 3070 2332 et
3108 2280 3174 2334 de
3215 2283 3361 2337 lucro
3390 2287 3602 2355 quidem
3650 2291 3871 2357 loquens
3912 2306 3999 2342 non

2445 2356 2602 2422 dixit,
2626 2360 2926 2418 Arbitratus
2953 2381 3091 2431 sum,
3124 2371 3239 2436 sed,
3271 2371 3498 2427 Fuerunt
3519 2378 3663 2429 lucra
3693 2356 3798 2433 :ide
3818 2380 3998 2433 damno

2445 2457 2620 2501 autem
2666 2451 2815 2517 dixit,
2860 2453 3143 2511 Arbitrutus
3180 2477 3288 2513 sum
3315 2478 3334 2514 :
3361 2467 3570 2519 merito.
3616 2467 3747 2521 illud
3783 2471 3920 2522 enim
3960 2474 3998 2520 in

2449 2548 2631 2591 natura
2665 2555 2777 2594 erat
2811 2561 2821 2594 :
2856 2543 2953 2596 hoc
2999 2562 3125 2600 vero
3150 2549 3257 2615 jam
3296 2568 3358 2605 ex
3404 2554 3654 2620 opinione
3681 2548 3861 2612 nostra
3893 2574 3997 2626 pro-

2450 2626 2640 2679 fectum
2668 2637 2767 2682 est.
2798 2631 2931 2696 Quid
2963 2635 3117 2702 igitur
3146 2637 3168 2688 ?
3211 2655 3316 2692 non
3348 2651 3430 2694 est
3456 2684 3470 2703 ,
3514 2645 3680 2714 inquit
3703 2686 3720 2710 ,
3763 2646 3997 2700 damnum

2449 2715 2528 2768 lex
2561 2718 2582 2767 'l
2622 2717 2715 2771 Est
2743 2732 2886 2774 certe
2912 2739 2925 2785 ;
2956 2724 3047 2776 Sed
3080 2737 3295 2793 promer
3320 2729 3588 2785 Christum
3625 2752 3638 2786 :
3666 2743 3722 2788 at
3765 2751 3906 2791 lillltC
3934 2738 3999 2789 lu-

2446 2821 2594 2860 erum
2626 2807 2757 2863 facta
2789 2820 2886 2864 est.
2929 2812 3042 2868 Non
3077 2819 3357 2882 putabatur
3393 2821 3604 2876 lucrum
3632 2865 3646 2886 ,
3680 2826 3889 2892 inquit,
3918 2829 3996 2880 sed

2447 2907 2595 2951 erat:
2627 2914 2689 2953 ac
2711 2901 2755 2953 si
2791 2902 2991 2957 diceret
3018 2923 3030 2957 :
3059 2907 3237 2974 Cogita
3277 2922 3530 2976 quantum
3558 2912 3737 2978 fuerit,
3771 2914 3998 2968 homines

2449 2985 2694 3042 ell'cratos
2727 2989 2834 3058 jam
2863 3003 3048 3046 natm-a
3076 2996 3139 3047 ad
3173 2997 3454 3052 humanam
3484 3001 3601 3053 vita».
3628 3004 3890 3056 rationem
3919 3004 3996 3055 ad-

2444 3066 2682 3130 ducere:
2727 3079 2826 3132 nisi
2876 3081 2958 3135 lex
3006 3082 3229 3148 fuisSot,
3279 3103 3450 3158 neque
3493 3091 3650 3143 etiam
3692 3095 3862 3162 gratia
3893 3095 3995 3146 data

2443 3175 2604 3219 esset.
2647 3167 2868 3234 Quare?
2895 3172 3154 3238 Quoniam
3205 3178 3379 3244 pontis
3423 3180 3585 3232 instar
3628 3177 3748 3234 fuit.
3803 3182 3993 3235 Etenim

2444 3256 2690 3322 quoniam
2720 3259 2934 3312 minime
2963 3260 3043 3316 fas
3067 3275 3179 3316 erat
3202 3265 3266 3318 de
3307 3266 3490 3320 infimo
3526 3270 3641 3324 loco
3663 3274 3714 3323 in
3743 3273 3994 3326 excelsum

2443 3345 2756 3411 ascendere,
2785 3347 2920 3401 facta
2950 3359 3032 3404 est
3055 3352 3216 3405 scala.
3266 3355 3332 3408 Et
3357 3359 3596 3424 quamvis
3637 3374 3741 3413 non
3771 3360 3995 3428 'amplius

2443 3435 2582 3487 scala
2614 3450 2747 3504 opus
2777 3439 2845 3491 sit
2879 3457 2894 3504 ;
2941 3456 3044 3494 non
3090 3454 3365 3514 propterea
3394 3457 3568 3501 tamen
3611 3449 3754 3503 illam
3787 3457 3993 3520 spernit,

2445 3523 2535 3576 sed
2562 3527 2732 3592 potius
2752 3529 2800 3581 ei
2826 3531 3021 3596 gratias
3048 3531 3223 3586 habet.
3254 3534 3370 3601 Ipsa
3393 3538 3532 3589 enim
3559 3538 3669 3596 fuit.
3699 3555 3820 3608 qua:
3853 3541 3985 3591 illum

2446 3629 2509 3668 eo
2539 3615 2848 3684 adduxerit,
2883 3629 2943 3672 ut
2979 3620 3094 3689 ejus
3127 3623 3346 3690 posthac
3389 3642 3492 3679 nou
3520 3638 3672 3696 egeat
3701 3646 3714 3681 :
3747 3645 3811 3682 ac
3837 3640 3993 3683 tamen

2454 3720 2550 3767 pro
2583 3705 2681 3758 hoc
2713 3708 2846 3775 ipso,
2879 3710 3017 3778 quod
3051 3711 3188 3764 illius
3215 3728 3318 3766 non
3345 3727 3485 3784 eget,
3513 3716 3827 3771 beneficium
3859 3735 3912 3772 se
3932 3719 3993 3771 illi

2446 3794 2638 3849 debere
2688 3799 2876 3851 merito
2922 3801 3156 3855 fatetur:
3192 3803 3307 3857 sine
3355 3805 3441 3858 illa
3481 3807 3619 3860 enim
3672 3823 3779 3862 non
3827 3824 3994 3864 ascen-

2446 3885 2631 3939 disset.
2682 3885 2824 3940 Idem
2868 3888 2935 3943 de
2966 3890 3080 3959 lege
3125 3891 3407 3947 dicendum
3440 3905 3524 3949 est
3554 3912 3569 3948 :
3597 3899 3776 3952 evexit
3817 3914 3910 3951 nos
3952 3899 3993 3950 iu

2447 3975 2712 4041 sublime;
2744 3992 2871 4047 ergo
2901 3978 3103 4034 lucrum
3129 3990 3245 4036 erat
3277 4001 3291 4037 :
3323 3985 3414 4038 sed
3436 3985 3544 4054 jam
3571 3987 3736 4056 ipsam
3769 4000 3995 4058 putamus

2446 4061 2718 4117 damnum.
2744 4065 3066 4132 Quomodo?
3098 4069 3212 4124 Non
3238 4074 3487 4140 quoniam
3510 4075 3758 4130 damnutn
3788 4087 3888 4140 est,
3918 4077 3994 4130 sed

2448 4153 2694 4219 queuiam
2723 4155 2877 4224 longe
2905 4158 3076 4225 potior
3099 4171 3181 4214 est
3203 4163 3390 4228 gratia.
3417 4163 3546 4217 Nam
3570 4168 3995 4235 quemadmodum

2453 4243 2591 4297 fame
2640 4244 2887 4301 laborans
2924 4264 3146 4317 pauper,
3194 4254 3446 4322 quamdiu
3486 4257 3698 4325 quidem
3739 4269 3995 4329 argentum

2453 4331 2631 4399 habet,
2660 4350 2724 4390 eo
2748 4345 2896 4390 arcet
2927 4338 3114 4393 famem
3147 4357 3162 4405 ;
3187 4352 3461 4413 postquam
3504 4361 3630 4403 vero
3655 4363 3842 4404 aurum
3868 4351 3996 4403 inve-

2454 4424 2610 4491 nerit,
2638 4426 2681 4479 si
2706 4434 2987 4498 utrumque
3005 4430 3236 4486 retinere
3257 4449 3362 4488 non
3387 4434 3560 4500 liceat,
3591 4437 3844 4495 damnum
3873 4448 3998 4511 putat

2456 4505 2692 4569 retinere
2723 4528 3003 4586 argentum
3024 4559 3037 4582 ,
3070 4530 3228 4590 atque
3257 4522 3345 4577 illo
3369 4524 3591 4580 dimisso
3614 4543 3800 4582 aurum
3837 4529 3962 4597 capit
3986 4547 3997 4579 :

2452 4603 2676 4659 dimittit
2700 4617 2896 4673 autem,
2930 4625 3034 4664 non
3053 4613 3193 4680 quod
3215 4615 3463 4671 damnum
3492 4619 3561 4673 sit
3586 4632 3880 4689 argentum.
3911 4637 3996 4675 non

2454 4698 2597 4751 enim
2627 4708 2730 4763 est,
2780 4700 2873 4753 sed
2903 4703 3153 4770 quoniam
3186 4715 3466 4777 utrumque
3491 4712 3646 4764 simul
3686 4712 3881 4768 habere
3912 4728 3995 4765 uo”

2458 4787 2601 4845 licet.
2633 4790 2724 4843 sed
2755 4795 3059 4847 necessario
3095 4795 3318 4851 alterum
3348 4808 3430 4852 est
3458 4800 3862 4871 relinquendum
3895 4822 3906 4855 :
3943 4803 3998 4855 ita

2455 4887 2510 4928 ct
2538 4877 2646 4930 hic.
2686 4878 2798 4932 Non
2830 4880 2988 4949 igitur
3014 4882 3098 4936 lex
3139 4893 3220 4937 est
3255 4886 3653 4956 detrimentum,
3686 4893 3782 4947 sed
3814 4894 3910 4963 legi
3938 4892 3998 4944 in-

2463 4967 2751 5024 haerentem
2799 4972 3028 5028 deficere
3057 4989 3084 5027 a
3123 4975 3359 5032 Christo.
3391 4965 3751 5046 Quamobrem
3781 5000 3898 5039 cum
3924 4996 4000 5036 nos

2459 5058 2672 5113 abducit
2701 5074 2730 5112 a
2756 5060 2992 5127 Christo,
3025 5074 3148 5119 tunc
3177 5066 3428 5124 damnum
3456 5081 3538 5127 est
3566 5091 3578 5126 :
3607 5074 3746 5143 quod
3783 5077 3826 5130 si
3856 5074 3999 5129 addu-

2460 5157 2544 5200 cat
2569 5189 2582 5212 ,
2625 5164 2730 5203 non
2762 5151 2908 5205 item.
2954 5153 3247 5224 Propterea
3280 5159 3480 5229 inquit,
3516 5161 3731 5234 Propter
3773 5165 4000 5221 Christum

2411 5260 2417 5261 ί
2462 5237 2833 5292 detrimentum.
2865 5242 2920 5296 Si
2952 5254 3167 5313 propter
3203 5245 3509 5316 Christum,
3541 5266 3666 5321 ergo
3693 5267 3876 5309 natura
3915 5270 3998 5308 nou

2463 5337 2545 5381 est
2573 5328 2970 5384 detrimentum.
3001 5334 3109 5388 Cur
3147 5346 3323 5391 autem
3357 5353 3460 5393 non
3490 5341 3616 5395 sinit
3658 5342 3740 5397 lex
3781 5345 3845 5398 ad
3870 5343 4002 5398 Chrio

2466 5431 2602 5474 sttun
2631 5423 2887 5477 accedere
2913 5423 2935 5475 τ
2959 5427 3033 5480 Ac
3058 5442 3189 5481 sane
3213 5429 3279 5482 ad
3305 5429 3427 5494 hoc,
3462 5433 3648 5502 inquit,
3677 5435 3799 5490 data
3827 5437 3998 5490 fuerat:

2469 5511 2742 5580 plenitudo
2768 5514 2910 5568 enim
2940 5516 3069 5586 legis
3096 5517 3360 5584 Christus,
3389 5533 3443 5576 et
3468 5521 3617 5577 Finis
3657 5526 3782 5596 legis
3811 5526 4000 5581 Christus

2470 5599 2645 5670 (Rom.
2678 5603 2765 5656 10.
2801 5605 2875 5673 4).
2905 5605 3063 5671 Sinit,
3095 5608 3140 5662 si
3166 5605 3310 5664 dicto
3334 5612 3613 5669 audientes
3642 5629 3763 5672 esse
3793 5618 3998 5671 velimus.

2469 5689 2566 5756 Qui
2597 5706 2721 5758 ergo
2751 5692 2848 5762 legi
2879 5694 3080 5762 ohcdit,
3114 5697 3280 5767 ipsam
3309 5699 3476 5771 legem
3507 5702 3762 5770 relinquit
3788 5707 3810 5757 ?
3850 5705 3994 5760 lletie-

3921 357 4045 413 ἠιξ
