4064 6318
192 419 306 476 ιβιδ

187 535 342 601 quit,
366 533 407 584 si
427 529 802 582 attendamus:
831 524 968 595 quod
991 524 1034 577 si
1058 522 1274 576 minime
1291 518 1646 581 attendamus,
1665 533 1770 570 non

191 624 354 676 sinit.
391 619 739 672 Verumtamen
760 625 806 670 et
824 616 1054 671 existimo
1077 613 1248 668 omnia
1272 613 1619 664 detrimentum
1645 625 1767 662 esse.

191 712 347 777 Quid
386 712 521 777 hoc,
563 710 770 778 inquit,
811 708 878 762 de
905 708 1021 774 lege
1057 704 1220 759 dico?
1258 718 1431 756 nonne
1471 702 1663 754 bonum
1692 711 1789 753 est-

192 803 432 857 ruundus
458 804 480 854 ’1
507 817 684 856 nonne
715 801 908 853 bonum
940 805 1021 852 est
1049 809 1282 866 praesens
1312 793 1418 846 vita
1445 792 1468 844 ?
1494 791 1772 846 Verumta-

190 908 330 948 ruen
358 894 402 948 si
429 893 695 946 abducant
720 906 752 945 ιι
783 889 1011 948 Christo.
1042 902 1139 956 pro
1167 885 1363 938 damno
1408 884 1598 936 habeo.
1628 882 1773 936 Cur?

195 984 427 1051 Propter
452 983 746 1043 eminentem
773 981 1029 1032 scientiam
1055 975 1180 1030 Iesu
1208 976 1393 1030 Christi
1424 973 1626 1026 Domini
1654 973 1767 1024 mei.

192 1074 304 1129 libi
345 1074 483 1128 enim
521 1074 598 1126 sol
641 1073 844 1132 illuxit,
875 1071 1064 1142 lychno
1094 1069 1354 1122 inhaerere
1380 1067 1628 1120 damnum
1667 1073 1766 1119 est.

193 1166 386 1233 Itaque
404 1179 467 1217 ex
488 1164 772 1217 collatione
799 1162 1049 1214 damnum
1082 1159 1156 1219 fit.
1183 1158 1431 1211 nimirum
1459 1156 1528 1209 ob
1552 1155 1770 1208 alterius

196 1241 584 1322 pra-stantiam.
621 1251 782 1306 Vides
826 1251 1046 1304 Paulum
1087 1248 1540 1315 comparationem
1575 1245 1767 1298 facere.

193 1345 427 1410 Propter
452 1344 763 1404 eminentem,
791 1340 980 1409 inquit,
1007 1354 1113 1392 non
1131 1337 1271 1407 quod
1290 1337 1514 1390 alterum
1542 1335 1770 1387 alienum

189 1435 271 1487 sit
303 1451 316 1485 :
346 1447 461 1485 nam
492 1431 629 1501 quod
661 1432 858 1484 eminet
881 1441 934 1481 et
960 1428 1195 1490 excellit,
1230 1428 1280 1480 in
1309 1442 1367 1481 re
1388 1442 1506 1495 qua:
1532 1425 1770 1494 ejusdem

187 1523 272 1576 sit
305 1500 516 1592 generis
548 1500 779 1574 excellit.
818 1518 964 1573 Unde
999 1519 1155 1586 igitur
1202 1531 1294 1585 per
1321 1517 1770 1583 comparationem

191 1613 564 1683 praestantiam
609 1611 829 1664 alterius
861 1609 1157 1665 constituit.
1201 1607 1323 1660 inde
1362 1606 1577 1658 alterius
1612 1604 1770 1657 etiam

186 1704 570 1772 cognationem
592 1709 645 1754 et
665 1700 1060 1753 similitudinem
1082 1697 1398 1766 Cognitionis
1422 1695 1769 1748 demonstrat.

191 1794 424 1859 Propter
448 1809 590 1860 quem
617 1794 785 1844 omnia
809 1789 1294 1864 detrimentumfeci,
1325 1797 1370 1840 et
1397 1789 1614 1840 arbitror
1638 1787 1774 1855 quis-

186 1887 387 1955 quilias
413 1900 537 1949 esse,
571 1894 624 1935 ut
646 1882 896 1936 Christum
920 1881 1255 1950 luerifaciam.
1285 1879 1530 1933 Nondum
1557 1879 1769 1944 quidem

187 1974 541 2028 manifestum
575 1980 656 2026 est
693 1971 1098 2040 quisquiliarum
1142 1986 1334 2022 nomen
1367 1970 1434 2022 de
1469 1971 1584 2039 lege
1619 1969 1722 2023 dici
1755 1987 1767 2020 :

193 2065 496 2119 verisimile
523 2064 662 2117 enim
695 2073 776 2116 est
807 2061 1026 2114 Paulum
1057 2060 1123 2115 de
1164 2061 1448 2113 mundanis
1495 2061 1654 2113 rebus
1687 2061 1770 2133 di-

191 2170 349 2209 cere.
377 2153 506 2207 Nam
531 2169 650 2206 cum
674 2151 914 2213 dixisset,
945 2151 1070 2214 Qua
1092 2152 1213 2203 mihi
1242 2155 1448 2219 {uerunt
1477 2151 1638 2215 lucra,
1669 2151 1773 2202 Itan:

190 2245 476 2297 arbitratus
504 2258 617 2294 sum
649 2253 854 2311 propter
883 2239 1138 2293 Christum
1168 2240 1520 2292 detrimentum
1539 2280 1555 2304 ,
1586 2239 1731 2292 addit
1755 2281 1769 2304 ,

207 2334 562 2386 Verumtamen
586 2341 632 2385 et
660 2332 888 2384 existimo
918 2331 1083 2383 omnia
1107 2331 1456 2383 detrimentum
1488 2347 1611 2383 esse.
1640 2330 1769 2382 Dtttu

190 2423 360 2486 dicit,
406 2422 613 2487 Omnia,
663 2422 920 2491 signiﬁcat
961 2429 1016 2473 et
1061 2422 1325 2486 praeterita
1375 2430 1427 2473 et
1467 2423 1768 2488 prmsentia.

191 2514 354 2580 Quod
381 2514 430 2566 si.
450 2514 761 2585 velislegem
789 2511 1096 2581 signiﬁcari,
1116 2526 1286 2580 neque
1313 2512 1429 2566 ideo
1452 2520 1624 2565 tamen
1644 2528 1773 2565 con-

193 2604 417 2656 tumelia
443 2603 693 2657 afﬁcitur.
722 2602 1036 2669 ρυίειιυίιὶιε
1068 2601 1211 2655 enim
1239 2617 1302 2654 ex
1336 2601 1602 2654 fruntento
1632 2603 1770 2655 exsi-

191 2705 368 2759 stunt,
404 2702 459 2748 et
495 2696 637 2762 quod
681 2693 732 2746 in
780 2693 1045 2746 frumento
1087 2692 1236 2761 quasi
1283 2692 1549 2745 robustius
1594 2702 1693 2754 est,
1720 2691 1770 2745 id

189 2794 282 2840 est
330 2783 639 2854 quisquilia,
685 2775 888 2852 paleam
931 2781 1072 2836 dico.
1102 2782 1281 2851 Itaque
1325 2791 1606 2850 antequam
1659 2781 1767 2834 fru-

191 2883 439 2928 mentum
467 2873 787 2936 exsisteret,
830 2873 972 2926 utilis
1002 2881 1118 2926 erat
1157 2873 1245 2924 illa
1276 2872 1544 2940 palearum
1576 2886 1731 2941 seges
1752 2913 1767 2936 ,

187 2975 247 3018 et
279 2979 382 3015 una
419 2978 538 3015 cum
570 2961 834 3015 frumento
865 2963 1030 3029 ipsam
1059 2963 1360 3030 colligimus
1390 2980 1402 3013 :
1430 2960 1570 3030 quod
1610 2962 1654 3013 si
1685 2963 1769 3014 illa

191 3070 305 3106 non
338 3053 539 3116 fuisset,
573 3065 745 3121 neque
773 3050 874 3105 hoc
911 3062 1153 3105 exortum
1181 3060 1343 3106 esset.
1369 3051 1440 3104 lta
1469 3061 1520 3104 cl
1549 3053 1600 3105 in
1633 3053 1767 3121 lege.

265 3141 328 3193 2.
371 3141 528 3195 Vides
572 3142 764 3211 ubique
807 3158 912 3194 non
947 3157 1056 3195 rem
1090 3143 1257 3211 ipsam
1291 3143 1464 3196 rocari
1495 3143 1769 3209 damnum,

186 3232 291 3286 sed
326 3241 540 3299 propter
567 3231 834 3285 Christum
853 3231 883 3307 Τ.
907 3230 1260 3285 Verumtamen
1281 3242 1326 3284 et
1357 3234 1522 3284 omnia
1545 3234 1771 3287 existimo

186 3324 551 3376 detrimentum
577 3338 701 3376 esse.
730 3323 898 3389 Quam
948 3323 1018 3376 ob
1059 3338 1271 3377 causnm
1306 3323 1328 3375 ?
1356 3323 1559 3378 Rursus
1583 3365 1597 3387 ,
1634 3324 1768 3377 Pro-

186 3425 308 3484 pter
347 3416 638 3468 eminentem
678 3414 952 3476 scientiam,
1000 3423 1204 3481 propter
1241 3429 1382 3480 quem
1420 3413 1588 3465 omnia
1615 3414 1773 3466 detri-

187 3515 420 3558 mentum
451 3505 564 3572 feci.
610 3505 810 3557 Deinde
839 3504 1099 3572 adjungit,
1140 3503 1323 3556 Omnia
1354 3505 1586 3556 existimo
1613 3504 1770 3556 detri-

119 3617 128 3624 ·
188 3605 418 3649 mentum
448 3612 581 3660 esse,
626 3605 680 3647 ut
720 3596 971 3648 Christum
1015 3594 1351 3665 lucrifaciam.
1385 3595 1543 3649 Vides
1574 3597 1766 3663 ubique

187 3686 547 3739 inlucrentcm
601 3686 932 3740 ﬁrmamento
968 3685 1204 3740 Christi?
1232 3701 1330 3740 nec
1374 3702 1594 3756 usquam
1642 3688 1775 3755 pali-

188 3789 284 3832 tur
331 3777 514 3829 nudari
567 3777 736 3845 legem
773 3793 833 3830 ac
875 3778 1079 3845 plagam
1111 3779 1372 3845 accipere,
1413 3778 1504 3831 sed
1544 3778 1774 3847 undique

190 3870 369 3936 ipsam
401 3865 702 3920 munitiEt
745 3869 973 3920 inveniar
1011 3869 1061 3920 in
1109 3868 1226 3931 illo,
1259 3885 1357 3920 non
1398 3868 1583 3920 habens
1616 3886 1771 3920 nteant

183 3957 446 4027 justitiam
483 3973 599 4025 qua:
623 3972 684 4008 ex
724 3959 832 4026 lege
859 3967 947 4009 est.
994 3956 1048 4010 Si
1083 3957 1146 4020 is,
1188 3957 1276 4023 qui
1303 3957 1559 4024 justitiam
1610 3957 1773 4011 habe-

195 4049 312 4109 bat,
343 4047 480 4113 quod
523 4062 583 4100 ea
631 4061 738 4114 pra:
786 4046 882 4099 hac
905 4046 1105 4115 jttStitia
1152 4047 1283 4100 nlbil
1328 4058 1490 4112 esset,
1533 4049 1595 4101 ad
1641 4048 1774 4103 hanc

194 4136 479 4199 accurrit;
526 4137 614 4203 qui
657 4137 853 4189 nullant
902 4136 1131 4201 habent,
1177 4138 1441 4205 quomodo
1474 4155 1575 4190 non
1607 4140 1774 4191 multo

203 4231 378 4294 magis
406 4241 684 4280 accurrere
707 4226 973 4280 debebunt
1001 4227 1023 4279 ?
1055 4228 1114 4279 Et
1154 4237 1297 4281 recte
1327 4229 1482 4293 dixit,
1519 4228 1637 4283 Non
1679 4230 1772 4284 Ita.-

197 4319 321 4370 bens
349 4334 508 4370 meam
530 4319 828 4386 justitiam;
871 4318 920 4370 id
963 4327 1044 4372 est
1085 4333 1189 4371 non
1227 4318 1416 4383 illam,
1459 4335 1614 4388 quam
1647 4321 1771 4373 mibi

198 4407 337 4459 meis
361 4406 628 4460 laboribus
649 4422 712 4460 ac
728 4407 1013 4460 sudoribus
1031 4422 1147 4460 com
1157 4422 1484 4476 paraveram,
1503 4410 1593 4463 sed
1616 4427 1772 4479 quam

197 4513 262 4550 ex
312 4496 479 4564 gratia
526 4495 723 4550 inveni.
764 4497 818 4549 Si
854 4498 1011 4566 igitur
1054 4498 1178 4560 ille,
1225 4499 1313 4566 qui
1361 4501 1569 4552 virtutis
1600 4501 1773 4554 ofﬁcia

200 4588 470 4652 obiret-at,
490 4603 552 4645 ex
581 4588 747 4656 gratia
777 4589 1000 4641 salutem
1031 4600 1111 4642 cst
1143 4590 1387 4658 adeptus,
1417 4591 1580 4646 multo
1611 4595 1774 4663 magis

200 4693 319 4731 vos.
352 4677 610 4744 Quoniam
639 4679 779 4732 enim
815 4680 1100 4733 verisimile
1139 4689 1252 4732 crat
1283 4681 1401 4734 illos
1429 4681 1626 4754 digere,
1660 4699 1772 4735 tua.

193 4768 374 4836 jorem
401 4782 521 4822 esse
541 4769 798 4835 justitiam
820 4785 936 4838 qua:
970 4785 1032 4822 ex
1067 4769 1353 4834 laboribus,
1381 4773 1611 4825 ostendit
1639 4773 1775 4827 hanc

200 4873 320 4927 pra:
346 4857 433 4909 illa
463 4860 664 4926 paleam
689 4874 807 4912 e55e
835 4878 846 4908 :
879 4860 1077 4927 alioqui
1106 4862 1246 4913 enim
1274 4877 1378 4914 non
1401 4902 1416 4926 ,
1447 4878 1565 4916 cum
1599 4863 1661 4914 ad
1697 4865 1776 4932 ip.

199 4964 318 5000 sam
351 4950 710 5016 pervenisscm
733 4989 746 5010 ,
789 4968 848 5003 ca
880 4950 1116 5018 projecta
1159 4952 1234 5012 ad,
1266 4953 1400 5005 hanc
1429 4952 1647 5005 alteram
1687 4969 1774 5006 ac.

198 5038 511 5090 currissem.
545 5037 798 5102 Quantam
821 5054 947 5092 vero
970 5039 1086 5094 [nec
1114 5050 1195 5093 est
1224 5040 1246 5091 ?
1276 5041 1400 5107 Qut:
1423 5058 1484 5094 ea:
1512 5042 1612 5107 ﬁde
1641 5042 1733 5096 Dei
1756 5059 1775 5106 ;

199 5129 252 5181 id
284 5137 367 5182 est
386 5167 401 5189 ,
442 5129 557 5183 haec
587 5129 697 5198 ipsa
727 5131 886 5184 etiam
913 5146 941 5184 a
988 5131 1097 5186 Deo
1127 5131 1248 5185 data
1271 5142 1390 5187 est:
1423 5133 1520 5188 Dei
1551 5143 1632 5188 cst
1661 5134 1775 5188 luce

201 5219 314 5286 ipsa
336 5216 537 5286 justitia
560 5233 578 5279 ;
599 5221 796 5274 donum
816 5221 1148 5289 penitus'Dei
1176 5230 1294 5275 est:
1325 5222 1415 5276 Dei
1439 5234 1613 5277 autem
1636 5223 1771 5277 dona

208 5311 370 5376 longo
399 5309 676 5362 intervallo
705 5309 1027 5366 antecedunt
1055 5311 1330 5382 utilitatem
1359 5312 1618 5366 bonorum
1647 5329 1774 5382 epe-

201 5414 343 5461 rum,
367 5415 485 5467 qua:
511 5414 576 5453 es
600 5409 780 5454 nostro
808 5401 982 5455 studio
1010 5401 1242 5470 proiecta
1274 5413 1414 5456 sunt.
1439 5404 1574 5468 Quid
1596 5413 1771 5457 autem

199 5501 286 5543 est
334 5489 468 5544 ﬁdes
493 5491 518 5542 ’ἒ
545 5489 611 5543 In
658 5492 759 5559 ﬁde
778 5533 789 5555 ,
818 5493 985 5562 inquit
1005 5533 1019 5556 ,
1051 5495 1119 5546 ad
1159 5497 1552 5563 cognoscendum
1581 5497 1720 5550 illum
1750 5499 1773 5550 ?

202 5582 342 5650 Ergo
371 5594 468 5649 per
506 5581 660 5634 ﬁdem
695 5582 924 5652 cognitio
954 5598 968 5645 ;
1000 5599 1097 5639 ncc
1123 5586 1235 5638 sine
1264 5585 1542 5640 ﬁdeilium
1571 5603 1774 5657 cogno-

193 5684 349 5724 scere
367 5668 443 5722 ias
467 5679 567 5723 cat.
587 5671 901 5736 Quomodo?
927 5673 1025 5727 Per
1055 5675 1218 5741 ipsam
1246 5676 1385 5730 enim
1408 5678 1772 5747 cognoscenda

193 5771 281 5816 est
312 5761 478 5818 virtus
521 5764 925 5821 resurrectionis
958 5764 1090 5832 ejus.
1130 5765 1338 5822 Etenim
1369 5784 1486 5838 qur
1521 5785 1766 5842 tauquam

1073 410 1143 468 ΙΝ
1178 408 1394 467 EPIST.
1438 406 1531 464 AD
1573 406 2047 463 PlllLlPP.'C.-\l'.
2093 405 2195 461 Ill.~
2222 405 2447 461 HUMIL.‘
2491 404 2581 459 XI.

3346 405 3453 459 Ξθῦ

1881 517 2663 570 ratiocinatioresurrectionetn
2686 516 2836 569 nobis
2852 515 3449 576 detnonstrabiﬁNtdla.

1879 604 1970 656 sed
1998 606 2110 658 sola
2144 603 2295 658 ﬁdes.
2314 604 2466 669 Quod
2493 605 2535 657 si
2564 605 2763 658 Christi
2792 605 3082 658 secundum
3112 621 3327 659 carnem
3361 621 3449 660 ro-

1878 695 2138 747 surrcctio
2181 693 2284 748 ﬁde
2327 695 2685 763 cognoscitur,
2736 695 3002 762 quomodo
3043 697 3314 763 generatio
3361 698 3451 749 hei

1883 782 2039 837 Verbi
2089 784 2571 854 comprehendetur
2625 788 3120 839 ratiocinationilms
3145 788 3180 841 τ·
3223 802 3448 856 genera-

1879 872 2022 926 tione
2065 874 2207 926 enim
2253 875 2426 928 minor
2462 883 2544 929 est
2595 878 2937 934 resurrectio.
2990 875 3146 929 Cur?
3189 877 3450 942 Quoniam

1880 961 2019 1014 illius
2045 963 2258 1030 quidem
2292 965 2456 1018 tnulta
2483 966 2725 1034 exempla
2753 967 3073 1019 exstiterunt
3099 1009 3111 1025 .
3145 970 3417 1035 generatio
3438 996 3450 1006 -

1877 1054 1956 1105 ιιίς
1987 1056 2185 1108 nullum
2221 1073 2234 1109 :
2268 1057 2460 1110 mortui
2498 1056 2640 1111 enim
2682 1056 2828 1109 multi
2873 1068 3284 1111 resorrexerunt
3327 1067 3453 1112 ante

1876 1144 2167 1211 Christum,
2193 1146 2451 1216 quamvis
2475 1158 2592 1217 post
2633 1151 3082 1204 resurrectionem
3115 1152 3299 1206 rursus
3337 1153 3454 1206 obi-

1877 1237 2049 1290 verint
2079 1254 2092 1300 ;
2122 1253 2278 1291 nemo
2307 1251 2481 1304 autem
2515 1256 2763 1310 umquam
2795 1241 2912 1304 fuit,
2940 1258 3096 1312 quem
3127 1243 3275 1312 virgo
3301 1259 3453 1312 paro-

1876 1335 1977 1380 ret.
2003 1327 2139 1397 Ergo
2166 1327 2210 1380 si
2244 1328 2369 1381 illud
2393 1329 2587 1392 etiam,
2605 1331 2744 1399 quod
2768 1341 2886 1385 ortu
2917 1332 3211 1386 secundum
3237 1349 3450 1387 carnem

1879 1418 2032 1471 vilius
2075 1426 2189 1480 est,
2227 1419 2326 1471 ﬁde
2366 1421 2924 1487 comprehendendum
2954 1431 3079 1485 est;
3115 1423 3255 1492 quod
3286 1424 3452 1475 tnulto

1884 1512 2054 1575 majus
2070 1519 2172 1573 est,
2194 1519 2244 1563 et
2263 1509 2466 1564 inﬁnite
2496 1513 2666 1578 majus
2687 1527 2747 1564 ac
2771 1527 2834 1566 ne
2857 1513 3219 1582 comparabile
3235 1514 3448 1582 quidem

1874 1608 1957 1651 est
1981 1639 1994 1662 ,
2039 1599 2140 1654 hoc
2169 1601 2438 1669 quomodo
2463 1604 2863 1658 ratiocinatione
2888 1606 3403 1674 comprehendemtts
3429 1607 3453 1658 1

1878 1689 2000 1744 lltec
2049 1692 2244 1745 faciunt
2285 1692 2563 1760 jusﬁtiam.
2603 1695 2714 1749 Hoc
2751 1697 2895 1750 enim
2946 1708 3158 1766 Oportet
3190 1699 3448 1764 credere,

1876 1780 1988 1834 ﬁeri
2021 1783 2256 1850 potuisse
2283 1800 2298 1847 ;
2331 1785 2600 1852 quomodo
2629 1801 2755 1840 vero
2787 1790 3041 1856 potuerit,
3070 1806 3176 1842 non
3200 1791 3308 1859 jam
3352 1807 3448 1858 po-

1876 1879 1978 1924 test
2006 1871 2210 1926 ostendi
2239 1891 2252 1926 :
2284 1888 2353 1927 ex
2397 1874 2497 1927 ﬁde
2533 1876 2674 1929 enim
2708 1877 2764 1930 ﬁt
2806 1886 2862 1930 ιιι
2890 1892 3065 1932 rerum
3106 1881 3447 1933 molestarum

1873 1963 2017 2017 cnire
2045 1966 2352 2019 societatem
2380 1967 2622 2021 velimus.
2656 1969 2973 2035 Quomodo?
3011 1971 3119 2026 Nisi
3162 1974 3304 2026 enim
3333 1989 3450 2026 οεο-

1873 2052 2089 2118 damus,
2144 2072 2314 2126 neque
2367 2058 2524 2112 etiam
2579 2060 2714 2112 mala
2767 2063 3067 2129 patiemur;
3111 2064 3208 2118 nisi
3258 2065 3446 2118 creda-

1875 2158 1992 2196 mus
2030 2145 2141 2199 fore
2169 2157 2224 2198 ut
2256 2162 2353 2199 una
2379 2151 2663 2216 patientes,
2695 2151 2854 2204 simul
2884 2152 3044 2206 eziaut
3076 2153 3442 2223 regnabimus,

1875 2234 2020 2287 nullo
2069 2246 2218 2302 pacto
2268 2239 2332 2290 ad
2389 2239 2658 2294 subeunda
2714 2243 3049 2297 incommoda
3095 2245 3442 2300 adducemur.

1876 2325 2010 2393 Ergo
2050 2326 2149 2395 ﬁde
2189 2338 2239 2381 et
2269 2331 2539 2396 generatio
2579 2341 2630 2384 et
2680 2336 3001 2388 resurrectio
3032 2336 3446 2405 comprehendi-

1876 2422 1978 2467 tur.
2007 2414 2166 2469 Vides
2196 2433 2298 2470 non
2328 2419 2518 2472 nudant
2552 2423 2745 2489 requiri
2777 2423 2929 2478 ﬁdem
2953 2467 2964 2486 ,
2996 2426 3088 2480 sed
3117 2443 3236 2481 cum
3266 2431 3444 2496 operi-

1873 2504 1972 2559 bus
2002 2508 2383 2574 Conjtmctatit?
2424 2511 2469 2563 ls
2506 2512 2647 2565 enim
2683 2515 3015 2581 potissimum
3063 2518 3233 2571 credit
3265 2534 3444 2572 resur-

1872 2596 2076 2650 rexisse
2103 2597 2373 2652 Christum
2395 2642 2408 2663 ,
2441 2603 2528 2670 qui
2562 2604 2812 2659 similiter
2838 2620 2894 2658 se
2923 2609 3175 2676 periculis
3203 2613 3442 2679 exponit,

1874 2685 1962 2752 qui
2018 2687 2066 2740 ei
2111 2703 2168 2740 se
2214 2689 2264 2741 in
2321 2693 2756 2760 perpessionibus
2816 2699 3018 2750 socium
3075 2701 3276 2766 pra-bet
3325 2720 3336 2752 τ
3392 2703 3444 2755 ﬁt

1872 2775 2010 2828 enim
2042 2780 2220 2832 socius
2246 2783 2292 2834 ei
2321 2783 2407 2850 qui
2437 2785 2732 2838 resurrexit
2751 2825 2764 2849 ,
2796 2787 2845 2839 ei
2870 2788 2956 2856 qui
2983 2789 3132 2841 vivit.
3160 2790 3444 2859 Propterea

1870 2867 2082 2925 dicebat
2099 2913 2112 2934 ,
2142 2872 2196 2924 9.
2230 2873 2292 2925 Et
2319 2874 2543 2928 invenior
2562 2877 2613 2929 in
2642 2875 2752 2943 illo,
2778 2894 2879 2930 non
2905 2879 3091 2932 habens
3117 2897 3274 2934 meam
3288 2883 3446 2952 justi-

1872 2958 1992 3010 tiam
2019 2977 2130 3028 quw
2149 2978 2210 3015 ea:
2228 2964 2337 3033 lege
2355 2975 2447 3027 est,
2479 2967 2568 3020 sed
2596 2969 2738 3021 illam
2762 2985 2874 3037 qua:
2896 2987 2958 3023 ea:
2992 2973 3094 3040 ﬁde
3121 2983 3193 3026 est
3225 2973 3412 3026 Christi
3430 3015 3443 3034 ,

1871 3065 1982 3118 qua:
2010 3067 2070 3104 ex
2099 3052 2203 3105 Deo
2235 3067 2323 3117 est,
2348 3059 2599 3125 justitiam
2623 3060 2673 3112 in
2696 3061 2815 3126 ﬁde,
2849 3062 2935 3115 10.
2959 3064 3028 3116 ad
3048 3068 3446 3134 cognoscendum

1870 3141 2044 3205 illum,
2076 3154 2125 3195 et
2153 3146 2380 3198 virtutem
2409 3150 2814 3218 resurrectionis,
2853 3164 2898 3206 et
2936 3157 3220 3210 societatem
3249 3162 3445 3226 passio-

1871 3247 1989 3282 num
2019 3232 2175 3295 illius,
2207 3238 2550 3307 conﬁguratus
2571 3244 2720 3294 morti
2744 3245 2872 3312 ejus,
2899 3247 2984 3300 11.
3012 3249 3055 3300 si
3073 3264 3172 3317 quo
3193 3252 3341 3304 modo
3362 3271 3446 3306 oc-

1872 3337 2067 3375 curram
2085 3324 2151 3376 ad
2179 3330 2585 3383 resurrectionem
2611 3350 2724 3402 quia
2751 3345 2823 3388 est
2851 3354 2915 3389 ea:
2939 3341 3166 3394 mortuis.
3203 3343 3446 3414 Conﬁgu—

1871 3423 2041 3479 ratus,
2087 3415 2283 3485 inquit,
2330 3423 2479 3473 morti
2520 3424 2661 3493 ejus;
2701 3425 2748 3478 id
2795 3432 3200 3501 esl,particeps.
3236 3435 3444 3491 Etenim

1872 3504 2317 3570 quemadmodum
2349 3510 2435 3564 ille
2458 3511 2523 3564 ab
2547 3512 2848 3568 hominibus
2875 3519 3011 3572 male
3041 3533 3289 3591 acceptus
3319 3536 3399 3580 est
3424 3564 3438 3585 .

1874 3593 1942 3646 ita
1966 3605 2017 3647 et
2040 3612 2137 3665 ego
2163 3616 2175 3650 :
2203 3610 2476 3668 propterea
2499 3602 2653 3668 dixit,
2675 3605 3064 3677 Conﬁguratus;
3083 3622 3130 3665 et
3152 3631 3333 3671 rursus
3360 3621 3448 3672 ali-

1873 3683 1945 3747 bi,
1963 3683 2030 3736 Et
2052 3686 2301 3756 adimpleo
2318 3705 2374 3743 ea
2395 3708 2505 3760 qua:
2521 3694 2697 3748 desunt
2713 3699 3002 3766 passionum
3024 3699 3209 3757 Citriin
3226 3707 3277 3758 in
3299 3724 3450 3763 carne

1874 3792 1983 3827 mea
2015 3777 2230 3843 (Coloss.
2263 3782 2312 3834 t.
2344 3780 2456 3853 Ἡ).
2487 3785 2540 3837 ld
2572 3795 2673 3851 est,
2704 3791 3010 3844 vexationes
3036 3803 3084 3847 et
3118 3795 3448 3853 calamitates

1877 3863 2172 3948 bujusmodi
2200 3871 2422 3924 reddunt
2453 3875 2730 3944 imaginem
2756 3881 3036 3947 quamdam
3070 3885 3210 3941 illius
3236 3891 3442 3944 mortis.

1873 3954 1986 4008 Non
2011 3959 2149 4012 enim
2180 3961 2319 4030 quod
2342 3978 2493 4016 suum
2527 3976 2608 4020 est
2646 3972 2934 4036 quaerebat,
2958 3974 3052 4029 sed
3089 3979 3228 4046 quod
3265 3984 3449 4037 multis

1877 4047 2174 4115 prodesset.
2209 4049 2559 4118 Quamobrem
2596 4068 2647 4110 et
2685 4063 2992 4116 vexationes
3021 4075 3075 4118 et
3113 4067 3446 4126 incommoda

1874 4146 1928 4189 et
1949 4139 2204 4208 angustia:
2231 4149 2443 4195 tantum
2462 4145 2609 4200 abest
2641 4157 2696 4200 ut
2725 4166 2818 4203 nos
2850 4155 3161 4219 perturbare
3187 4160 3447 4228 debeant,

1878 4238 1933 4279 ut
1956 4231 2128 4296 potius
2150 4231 2273 4286 inde
2302 4234 2584 4289 lmtandum
2607 4239 2695 4303 sit,
2733 4242 2872 4308 quod
2896 4259 2990 4311 per
3012 4245 3123 4300 lure
3147 4253 3448 4308 conformes

1875 4318 2146 4373 reddimur
2171 4323 2327 4375 morti
2351 4323 2466 4390 ejus
2497 4345 2506 4374 :
2544 4329 2759 4394 perinde
2787 4346 2845 4383 ac.
2870 4334 2916 4384 si
2942 4333 3164 4402 diceret,
3200 4340 3277 4392 Ad
3308 4342 3450 4396 illius

1876 4409 2276 4465 similitudinem
2325 4415 2612 4482 ﬁngimur-e
2661 4421 2810 4487 quod
2854 4431 2908 4474 et
2952 4424 3077 4478 alibi
3127 4428 3328 4497 inquit,
3380 4434 3449 4487 ita

1878 4503 2137 4567 scribens,
2170 4502 2609 4570 Mortiﬁcationem
2642 4508 2848 4563 Domini
2875 4512 3000 4566 Jesn
3033 4517 3084 4568 in
3112 4534 3322 4588 corpore
3349 4525 3446 4574 cir-

1876 4597 2203 4661 rutuferentes
2247 4595 2332 4663 (2.
2366 4595 2484 4650 Cor.
2519 4600 2571 4651 4.
2609 4601 2717 4667 10).
2753 4602 2803 4655 ld
2841 4620 2966 4659 vero
3015 4623 3077 4661 ex
3121 4627 3307 4680 magna
3353 4618 3454 4671 ﬁde

1879 4685 1951 4734 ﬁt.
1981 4683 2092 4736 Non
2116 4686 2256 4737 enim
2280 4688 2451 4739 solum
2477 4693 2833 4755 resurrt-xisse
2858 4696 3146 4762 credimus,
3173 4703 3264 4756 scd
3293 4707 3453 4762 etiam

1878 4784 1995 4842 post
2023 4778 2467 4830 resurrectionem
2498 4779 2691 4833 habere
2719 4800 2960 4853 magnam
2992 4794 3297 4855 potentiam.
3327 4796 3428 4851 Pro

1879 4875 2054 4930 pterea
2083 4866 2268 4918 eadem
2300 4868 2377 4919 ria
2411 4868 2510 4922 itx-r
2541 4869 2792 4937 facimus,
2825 4891 2924 4944 qua
2956 4878 3043 4932 ille
3075 4898 3090 4928 ε
3125 4882 3174 4935 id
3205 4893 3323 4950 est,
3356 4887 3454 4943 hac

1876 4954 2034 5006 etiam
2063 4972 2126 5008 ex
2161 4966 2309 5022 parte
2340 4957 2529 5012 fratres
2559 4959 2701 5015 illius
2728 4964 2992 5020 efﬁcimur
3018 4987 3031 5022 :
3062 4973 3283 5038 perinde
3311 4991 3374 5032 ac
3400 4981 3444 5033 si

1878 5044 2104 5109 diceret,—
2133 5045 2208 5099 Ex
2255 5045 2355 5100 bac
2391 5063 2448 5101 re
2480 5049 2743 5106 efﬁcimur
2770 5054 2955 5109 cbri—sti
2987 5061 3222 5127 quidam.
3256 5065 3448 5136 Papae!

1876 5146 2067 5203 quanta
2091 5149 2172 5190 est
2192 5152 2548 5192 mrumuarum
2572 5141 2829 5210 dignitas!
2854 5142 3130 5202 Credimus
3152 5157 3452 5216 conformo:

1877 5241 1973 5279 nos
1992 5227 2102 5280 ﬁeri
2125 5230 2275 5281 tnorli
2305 5230 2419 5298 ejus
2441 5247 2534 5297 per
2554 5249 2836 5290 mromnas.
2854 5237 2984 5291 Nam
3008 5246 3452 5309 quemadmodum

1878 5316 1928 5370 in
1954 5317 2238 5386 baptismo,
2255 5317 2542 5390 Consepulti
2562 5340 2736 5378 sumus
2755 5327 3076 5384 similitudini
3103 5339 3275 5390 mortis
3303 5342 3408 5408 ejus
3435 5358 3453 5394 :

1877 5410 1947 5463 ita
1977 5411 2060 5464 hic
2088 5411 2260 5464 eidem
2303 5414 2460 5466 morti
2489 5413 2789 5470 eonformes
2830 5420 3121 5476 reddimur.
3156 5427 3229 5481 lbi
3261 5435 3454 5492 merito

1877 5499 2012 5553 dixit
2031 5542 2044 5563 ,
2077 5500 2413 5555 Similitudini
2445 5505 2616 5557 mortis
2643 5508 2790 5575 ejus;
2819 5524 2921 5562 non
2945 5512 3084 5565 enim
3113 5524 3274 5570 totam
3304 5537 3452 5575 mor-

1881 5601 1984 5643 tem
2017 5591 2312 5656 obivituus;
2347 5607 2451 5646 non
2475 5596 2615 5648 enim
2643 5611 2868 5665 corpore
2893 5609 2946 5655 et
2972 5616 3130 5658 carne
3155 5612 3350 5664 mortui
3374 5629 3454 5666 su-

1879 5698 2018 5748 tuus,
2048 5685 2138 5737 scd
2169 5693 2404 5752 peccato.
2437 5686 2693 5754 Quoniam
2724 5691 2883 5760 igitur
2909 5709 3052 5749 mors
3078 5700 3353 5770 utrobique
3377 5703 3446 5757 di.-
3475 5751 3478 5754 .

1876 5772 2034 5838 citur,
2062 5772 2154 5827 scd
2178 5773 2264 5828 ille
2284 5774 2498 5843 quidem
2521 5790 2745 5845 corpore
2766 5793 3007 5839 mortuus
3026 5798 3127 5853 est,
3154 5798 3449 5846 nosa-ntcm
