4064 6318
653 397 752 450 267

655 522 903 580 pet-esto;
936 521 988 566 et
1019 512 1124 566 illic
1152 511 1312 566 homo
1341 518 1585 563 mortuus
1615 516 1729 570 est,
1770 520 1930 576 quem
1977 505 2090 574 ipse
2135 516 2224 557 as-

656 609 978 672 sumpscrat,
1001 601 1089 671 qui
1114 601 1166 654 in
1188 615 1415 668 corpore
1435 609 1619 656 nostro
1647 597 1775 661 fuit;
1807 596 1892 650 hic
1917 608 2042 649 vero
2064 592 2224 647 homo

655 692 903 763 peccati:
949 697 1229 760 propterea
1277 689 1346 743 ibi
1384 687 1598 758 quidem
1644 686 1842 757 inquit,
1877 681 2224 738 'Sintifitndini

654 783 830 835 mortis
853 783 996 851 ejus;
1027 779 1115 836 hic
1133 793 1262 834 vero
1280 793 1384 832 non
1402 777 1512 847 jam
1539 773 1868 830 similitudini
1895 771 2101 837 mortis,
2129 769 2224 825 sed

654 874 868 943 ipsimet
896 873 1073 928 morti.

681 966 784 1018 4-5.
825 963 1018 1017 Paulus
1051 961 1193 1017 enim
1235 961 1287 1015 in
1318 957 1688 1015 venationibus
1727 972 1832 1013 non
1864 957 1972 1026 jam
2004 962 2226 1025 peccato

658 1064 896 1109 mortuus
923 1065 1027 1118 eSt,
1058 1052 1154 1108 sed
1183 1053 1298 1122 ipso
1315 1064 1541 1120 corpore
1567 1064 1584 1105 :
1611 1050 1955 1118 quamobrem
1983 1046 2224 1101 eamdem

657 1147 820 1202 subiit
850 1154 1096 1200 mortem.
1127 1144 1187 1199 Si
1213 1159 1312 1214 quo
1341 1142 1490 1196 modo
1518 1156 1800 1206 occurram,
1835 1138 2022 1207 inquit,
2051 1137 2120 1189 ad
2142 1151 2222 1189 τε·
2247 1167 2255 1177 -

654 1239 1034 1301 surrectionetn,
1060 1250 1173 1309 qua:
1214 1243 1288 1289 est
1326 1249 1389 1288 ea:
1433 1232 1660 1291 mortuis.
1703 1229 1839 1295 Quid
1882 1227 2002 1283 ais?
2042 1241 2225 1282 omnes

655 1329 803 1384 enim
830 1328 896 1382 ad
925 1327 1082 1383 istam
1111 1325 1426 1394 perveniunt
1458 1339 1470 1376 :
1503 1337 1648 1386 nam,
1685 1319 1802 1374 Non
1836 1335 2006 1372 attines
2025 1316 2225 1387 quidem

653 1419 981 1481 dormiunt“,
1015 1416 1203 1485 inquit,
1241 1415 1330 1468 sed
1370 1428 1541 1466 omnes
1579 1411 1955 1464 intuttttabimttr
1995 1408 2070 1478 (1.
2103 1403 2222 1461 Cor.

654 1510 743 1568 15.
779 1509 902 1578 51);
935 1521 1106 1578 neque
1141 1503 1552 1561 resurrectionis
1578 1503 1752 1558 solum
1787 1514 1974 1555 omnes
2009 1497 2225 1568 partici-

655 1613 754 1670 pes
778 1598 1002 1662 erimus,
1033 1597 1125 1656 sed
1160 1597 1319 1652 etiam
1362 1594 1796 1659 immortalitatis,
1833 1592 1884 1646 hi
1910 1590 2124 1661 quidem
2158 1589 2225 1644 ad

654 1690 935 1750 honorem,
987 1687 1039 1740 hi
1083 1702 1208 1741 vero
1241 1686 1306 1739 ad
1336 1685 1666 1740 occasionem
1702 1683 1964 1754 supplicii.
2006 1681 2148 1752 Ergo
2182 1681 2225 1736 si

655 1792 845 1833 omnes
901 1776 970 1831 ad
1025 1774 1472 1831 resurrectionem
1529 1775 1877 1844 perveniunt,
1934 1787 2106 1842 neque
2161 1770 2229 1826 ad

653 1866 1103 1926 resurrectionem
1156 1865 1327 1921 solum
1355 1907 1371 1932 ,
1423 1864 1518 1922 sed
1572 1864 1731 1920 etiam
1794 1863 1861 1918 ad
1912 1861 2230 1918 immortali-

657 1967 860 2023 tatem,
911 1956 1182 2027 quomodo
1240 1965 1505 2025 tamquam
1559 1954 1646 2024 qui
1698 1953 2021 2023 pratcipuum
2073 1950 2228 2020 quid-

657 2050 802 2120 piam
830 2047 1122 2117 adepturus
1151 2059 1322 2111 esses,
1366 2043 1604 2107 dicebas,
1641 2043 1703 2098 Si
1726 2058 1824 2111 qua
1871 2042 2020 2095 modo
2055 2056 2232 2094 occur-

657 2141 814 2194 rant?
850 2139 1162 2208 Pr0pterea,
1202 2136 1394 2205 inquit.
1447 2136 1562 2189 lucc
1611 2133 1798 2194 subeo,
1829 2131 1890 2186 Si
1939 2147 2038 2199 quo
2081 2129 2230 2184 modo

659 2243 916 2284 occurram
940 2226 1009 2281 ad
1037 2226 1469 2285 resurrectionem,
1497 2237 1608 2292 qua
1637 2231 1708 2276 est
1747 2238 1810 2276 ex
1837 2220 2048 2274 mortuis
2080 2235 2099 2274 :
2128 2218 2229 2272 nisi

657 2319 801 2374 enim
828 2326 1071 2373 mortuus
1100 2314 1286 2378 fueris,
1317 2329 1423 2368 non
1459 2326 1728 2382 resurges.
1758 2309 1893 2378 Quid
1931 2309 2094 2380 igitur
2129 2309 2234 2362 hoc

659 2410 785 2468 est?
833 2407 1051 2463 Videtur
1091 2420 1342 2476 magnum
1384 2403 1635 2473 quiddam
1683 2401 1784 2456 hoc
1829 2401 1955 2455 loco
1989 2398 2230 2454 subindi-

661 2515 786 2556 care
817 2515 830 2551 :
862 2496 996 2552 adeo
1021 2497 1162 2551 enim
1195 2508 1445 2564 magnum
1472 2505 1604 2556 erat,
1645 2500 1702 2545 nt
1730 2505 1902 2561 neque
1926 2503 2233 2545 asseverare

660 2603 822 2644 ausus
857 2586 1038 2653 fuerit,
1072 2585 1165 2640 sed
1197 2593 1402 2638 tantum
1440 2583 1648 2650 inquit:
1682 2580 1739 2634 Si
1779 2597 1875 2651 quo
1905 2581 2071 2634 modo.
2105 2579 2234 2634 Cre-

660 2678 770 2735 didi
823 2679 874 2732 in
920 2677 1115 2746 ipsum,
1145 2682 1200 2730 et
1245 2673 1414 2742 ipsius
1459 2671 1942 2734 resurrectionem;
1983 2677 2235 2739 praterea

661 2777 884 2841 propter
931 2767 1103 2840 ipsum
1157 2765 1376 2834 patior:
1410 2775 1510 2816 nec
1567 2771 1744 2814 tamen
1795 2760 1969 2814 adhuc
2019 2773 2234 2828 possunt

663 2860 885 2915 omnino
927 2856 1200 2913 conlidere
1248 2855 1382 2917 fore,
1427 2863 1486 2909 ut
1532 2865 1891 2921 resurgainus.
1924 2852 2091 2916 Quam
2136 2848 2237 2903 hoc

663 2950 783 3006 loco
809 2948 1260 3004 resurrectionem
1291 2945 1459 3000 dicit?
1501 2944 1654 3008 Eam,
1680 2956 1799 3012 qua:
1840 2941 1906 2995 ad
1941 2942 2113 3010 ipsum
2140 2939 2238 2993 du-

664 3035 1053 3096 cit‘Christum.
1099 3036 1264 3101 Dixit,
1300 3033 1514 3088 Credidi
1553 3034 1605 3086 in
1652 3046 1774 3085 eum
1827 3041 1881 3084 et
1927 3029 2110 3083 virtuti
2154 3042 2239 3083 re-

665 3130 1014 3186 surrectionis
1069 3129 1206 3197 ejus,
1255 3134 1310 3181 et
1361 3125 1564 3181 socium
1619 3137 1704 3177 me
1755 3136 1876 3177 esse
1931 3120 2237 3191 passionum

671 3232 929 3285 suarum,
971 3219 1467 3287 configuratumque
1506 3229 1591 3269 me
1627 3227 1746 3268 esse
1776 3213 1932 3267 morti
1964 3211 2113 3281 ejus;
2144 3226 2235 3266 ve-

670 3320 971 3371 rumtamen
1017 3318 1139 3378 post
1183 3307 1297 3362 brrc
1341 3307 1516 3359 omnia
1567 3303 1800 3358 nondum
1850 3302 2059 3370 penitus
2106 3315 2239 3356 con-

669 3401 779 3457 ﬁdo
809 3418 822 3455 :
853 3399 996 3470 quod
1025 3399 1151 3452 alibi
1195 3397 1347 3460 dixit,
1396 3396 1495 3462 Qui
1524 3411 1577 3449 se
1605 3395 1855 3448 existimat
1895 3401 2046 3458 stare,
2077 3392 2241 3446 uideat

670 3505 736 3546 ne
753 3488 905 3548 cadat
937 3487 1011 3558 (1.
1039 3485 1158 3541 Cor.
1197 3485 1282 3540 l0.
1316 3483 1443 3553 l2);
1472 3492 1526 3537 et
1554 3495 1759 3544 rursus,
1791 3479 1964 3534 Timeo
2000 3496 2064 3536 nc
2086 3483 2238 3550 forte,

669 3596 784 3636 cum
816 3579 934 3632 aliis
977 3575 1378 3646 pra'dicauerim,
1409 3574 1517 3642 ipse
1542 3571 1781 3640 reprobus
1809 3570 1993 3639 eﬂiciar
2017 3569 2092 3640 (1.
2120 3565 2238 3623 Cor.

671 3671 726 3726 9.
750 3670 868 3738 27).
889 3667 976 3722 12.
1014 3665 1132 3719 Non
1150 3665 1282 3734 quod
1300 3665 1413 3732 jam
1439 3663 1735 3731 παραίνει,
1761 3669 1846 3714 astt
1861 3661 1974 3730 jam
1999 3659 2244 3728 perfectus

670 3761 767 3817 sint
795 3775 814 3812 :
840 3773 1021 3825 sequor
1053 3765 1242 3819 autem,
1279 3755 1323 3807 si
1364 3769 1462 3821 qua
1503 3752 1650 3805 modo
1693 3749 2114 3812 comprehendant
2134 3788 2150 3812 ,
2191 3749 2247 3802 itt

670 3867 771 3924 quo
815 3858 859 3905 et
898 3847 1284 3917 comprehensus
1320 3861 1431 3898 sunt
1468 3859 1498 3895 α
1538 3830 1736 3896 Christo
1770 3840 1915 3895 Iesu.
1953 3839 2071 3894 Non
2109 3840 2244 3911 quod

667 3945 783 4012 jam
821 3939 1121 4008 acceperint.
1153 3933 1290 4002 Quid
1323 3942 1422 3998 est,
1462 3932 1583 3986 Jam
1626 3932 1945 3998 acceperint?
1973 3931 2242 3995 Bravium,

677 4031 870 4099 inquit.
909 4028 1082 4094 Quod,
1121 4026 1166 4079 si
1197 4024 1285 4092 qui
1319 4032 1460 4077 tanta
1493 4037 1776 4092 perpessus
1811 4021 2002 4087 fuerat,
2031 4023 2119 4090 qui
2149 4035 2242 4075 ve-

676 4120 920 4184 xabatur,
959 4117 1048 4186 qui
1095 4114 1557 4169 mortificationem
1601 4111 1849 4177 habebat,
1893 4111 2127 4165 nondum
2178 4104 2245 4166 de

675 4206 1068 4263 resurrectione
1108 4204 1198 4257 illa
1249 4203 1469 4266 fidenti,
1516 4211 1571 4255 et
1616 4215 1810 4256 securo
1863 4200 2040 4253 animo
2085 4208 2243 4254 erat:

676 4297 804 4368 quid
832 4295 1043 4349 tandem
1080 4292 1318 4348 dicemus
1350 4293 1480 4346 nos?
1517 4290 1652 4358 Quid
1687 4297 1793 4355 est,
1827 4289 1889 4344 Si
1923 4290 2246 4360 comprehen-

678 4387 841 4445 dant?
866 4385 1016 4451 Quod
1055 4393 1209 4437 antea
1247 4383 1476 4445 dixerat,
1529 4380 1590 4434 Si
1627 4395 1888 4434 occurram
1925 4380 1978 4433 in
2023 4395 2246 4434 resurre-

679 4479 916 4540 ctionem,
945 4491 1056 4542 qua!
1083 4485 1154 4528 est
1191 4490 1254 4527 ea:
1289 4473 1517 4526 mortuis.
1555 4471 1612 4525 Si
1647 4469 2116 4539 comprehendam,
2161 4471 2246 4525 in-

677 4569 810 4636 quit,
860 4581 922 4620 ac
962 4575 1169 4618 teneam
1225 4563 1391 4630 ipsius
1435 4560 1913 4621 resurrectionem;
1958 4560 2009 4614 id
2056 4569 2157 4626 est,
2203 4563 2247 4615 si

680 4666 825 4709 tanta
869 4654 998 4724 pati,
1035 4654 1079 4708 si
1120 4658 1288 4722 ipsum
1342 4650 1536 4704 imitari
1590 4658 1828 4716 potuero,
1876 4649 1919 4702 si
1960 4649 2249 4703 conformis

679 4747 780 4815 ipsi
820 4747 932 4800 fieri
980 4762 992 4797 :
1035 4741 1481 4813 quemadmodum
1525 4741 1688 4792 multa
1735 4753 1919 4808 passus
1957 4749 2040 4794 est
2089 4740 2246 4794 Chrio

676 4849 811 4901 stus,
842 4837 1010 4906 sputis
1040 4834 1267 4891 foedatus
1311 4841 1411 4896 est,
1453 4831 1620 4901 alapis
1663 4841 1715 4884 ct
1757 4831 1916 4900 virgis
1954 4845 2146 4894 carsus,
2186 4845 2250 4883 ac

680 4929 892 4981 demum
937 4911 1168 4979 mortem
1195 4924 1374 4976 suhiit.
1426 4921 1536 4975 Hoc
1580 4921 1807 4975 stadium
1855 4929 1973 4973 est:
2003 4935 2099 4989 per
2136 4921 2250 4974 hcce

680 5018 861 5073 omnia
896 5031 1028 5085 opus
1077 5024 1159 5068 est
1203 5014 1268 5065 ad
1315 5013 1452 5066 illius
1493 5013 1941 5066 resurrectionem
1986 5026 2081 5066 vos
2123 5027 2248 5080 per-

677 5109 864 5163 venire
902 5105 1077 5159 omnia
1110 5105 1398 5157 cerunnina
1437 5102 1788 5172 perferentes.
1829 5103 1921 5155 Vel
1965 5102 2123 5172 igitur
2149 5103 2251 5157 hoc

679 5198 780 5251 sibi
823 5194 954 5259 vult,
997 5194 1077 5246 vel
1119 5192 1256 5245 istud
1289 5210 1300 5244 :
1335 5192 1388 5245 Si
1437 5193 1629 5261 dignus
1660 5192 1830 5254 fuero,
1867 5192 1956 5260 qui
1995 5206 2252 5261 assequar

681 5287 956 5356 probatam
995 5284 1135 5336 illaut
1168 5284 1609 5337 resurrectionem
1651 5297 1712 5335 ac
1754 5283 1984 5335 fidentim
2015 5283 2244 5351 plenam,

685 5375 756 5429 ad
804 5375 967 5443 ipsius
1009 5374 1456 5428 resurrectionem
1499 5373 1826 5441 perveniam.
1869 5371 1996 5424 Nam
2051 5373 2096 5425 si
2135 5387 2252 5426 eer-

685 5467 906 5527 tamina,
962 5468 1004 5518 si
1056 5465 1264 5519 labores
1304 5479 1489 5518 omnes
1540 5463 1770 5531 perferre
1817 5471 2060 5531 potuero,
2110 5463 2250 5516 illius

686 5571 894 5624 quoque
930 5555 1373 5609 resurrectionem
1409 5553 1618 5620 assequi
1660 5562 1864 5620 potero,
1898 5562 1948 5604 et
1981 5567 2100 5605 cum
2142 5551 2251 5620 glo-

684 5647 760 5700 ria
806 5659 1104 5714 resurgere.
1150 5643 1393 5697 Nondum
1435 5641 1595 5706 enim,
1639 5641 1828 5710 inquit,
1875 5640 2066 5710 dignus
2110 5656 2247 5708 sum,

680 5735 880 5803 Sequar
924 5743 1110 5796 autem,
1152 5733 1195 5785 si
1237 5747 1334 5808 quo
1377 5731 1522 5787 modo
1567 5729 2005 5804 comprehendant.
2057 5728 2242 5789 Adhuc

1479 390 1536 446 S.
1563 388 1838 446 JOANNIS
1875 384 2343 443 CIIBYSOSTOMI
2379 385 2690 442 ARCIIIEP.
2729 385 3253 447 CONS'I'ANTINOP.

3795 394 3894 451 188

2330 500 2459 555 mihi
2508 500 2613 556 rita
2667 504 2720 557 in
2771 504 3065 560 certamine
3120 515 3383 572 versatur,
3438 506 3615 562 adhuc
3669 524 3699 562 a
3755 523 3890 565 mets

2325 593 2486 662 longe
2518 594 2726 658 absum,
2772 594 2948 649 adhuc
2982 610 3012 649 a
3051 595 3250 652 braviis
3287 596 3448 663 disto,
3494 598 3670 654 adhuc
3711 614 3890 667 curro,

2328 684 2501 739 adhuc
2537 699 2752 755 sequor.
2800 685 2865 739 Et
2912 700 3020 740 non
3057 686 3215 753 dixit,
3264 685 3454 752 Curre,
3493 689 3608 752 sed.
3651 689 3891 758 Sequar:

2331 789 2394 828 ac
2445 776 2654 830 merito.
2702 775 2833 828 Nam
2879 775 2969 845 qui
3023 777 3377 846 persequitur,
3429 779 3600 832 nostis
3642 789 3890 848 qntatn

2329 863 2727 920 contentionem
2772 866 2823 918 in
2869 866 3126 919 sectanda
3168 865 3464 921 adhibeat:
3493 868 3761 922 neminem
3810 867 3889 920 in-

2331 961 2530 1020 tuetur,
2561 955 2878 1023 omnes,qui
2915 969 3130 1010 cursum
3158 954 3300 1008 illius
3340 957 3751 1025 interrumpunt,
3784 971 3893 1010 tua.

2329 1059 2434 1115 gno
2471 1044 2669 1114 impetu
2696 1045 2974 1116 propellit;
3015 1053 3072 1105 et
3103 1053 3337 1100 mentem
3365 1055 3421 1100 et
3447 1046 3634 1100 oculos
3665 1060 3718 1102 et
3748 1049 3887 1103 vires

2330 1143 2386 1189 et
2438 1135 2668 1188 animam
2725 1145 2782 1188 ct
2833 1149 3027 1203 corpus
3075 1135 3376 1200 contrahit,
3429 1138 3603 1191 solum
3655 1138 3892 1193 bravium

2332 1234 2601 1294 spectans.
2633 1224 2784 1291 Quod
2821 1224 2868 1278 si
2908 1224 3104 1280 Paulus
3147 1234 3324 1280 tantus
3365 1235 3602 1281 sectator
3642 1242 3703 1282 ac
3753 1236 3892 1282 tam

2331 1330 2539 1385 passus.
2571 1315 2744 1370 adhuc
2776 1316 2967 1386 inquit,
3015 1317 3077 1372 Si
3118 1334 3216 1387 quo
3263 1318 3413 1372 modo
3453 1321 3892 1389 comprehendam,

2329 1405 2455 1475 quid
2495 1406 2736 1462 dicemus
2775 1421 2872 1460 nos
2921 1408 3009 1474 qui
3054 1407 3420 1463 concidimus?
3465 1409 3667 1463 Deinde
3713 1421 3892 1464 osten-

2330 1497 2464 1553 dens
2514 1500 2750 1555 debitum
2798 1500 2898 1555 hoc
2939 1515 3081 1565 esse,
3131 1501 3320 1570 inquit,
3361 1501 3426 1554 In
3460 1519 3561 1571 quo
3599 1513 3644 1557 et
3681 1519 3894 1573 campre-

2333 1590 2517 1644 hensus
2558 1608 2669 1644 sum
2698 1608 2730 1645 a
2756 1590 2879 1645 Iesu
2907 1589 3128 1646 Christo.
3178 1592 3358 1657 Eram,
3392 1593 3582 1662 inquit,
3615 1608 3680 1648 es
3726 1593 3896 1663 perdi-

2333 1689 2505 1734 torum
2536 1695 2784 1747 numero;
2813 1680 3138 1745 suﬂ'ocabar,
3171 1681 3500 1749 pereundum
3526 1681 3657 1737 mihi
3687 1684 3896 1736 omnino

2333 1779 2482 1835 erat;
2531 1770 2938 1839 comprehendit
2995 1786 3080 1825 me
3131 1771 3273 1826 Deus
3313 1789 3327 1824 :
3368 1787 3491 1826 nam
3540 1781 3597 1828 et
3645 1774 3756 1842 ipse
3805 1789 3895 1827 nos

2334 1872 2569 1919 sectatus
2613 1874 2695 1919 est
2751 1862 3010 1933 fugientes
3069 1863 3242 1932 ipsum
3296 1879 3488 1934 magno
3539 1879 3661 1919 cum
3707 1866 3892 1919 studio.

2335 1953 2438 2010 Per
2472 1954 2574 2009 hoc
2605 1953 2783 2008 omnia
2815 1952 2931 2009 haec
2958 1953 3155 2007 indicat
3187 1971 3199 2006 :
3231 1952 3316 2008 his
3345 1954 3488 2007 enim
3527 1954 3726 2019 verbis,
3753 1955 3896 2008 Com-

2336 2045 2610 2114 preltcnstts
2651 2060 2784 2108 sunt,
2831 2053 2886 2099 et
2938 2043 3173 2098 studium
3223 2044 3316 2098 Dei
3365 2043 3754 2099 demonstravit
3806 2060 3898 2099 nos

2333 2133 2791 2202 comprehendere
2841 2133 3100 2195 volentis,
3156 2142 3212 2188 et
3263 2141 3506 2188 nostrum
3561 2133 3896 2204 long'nquum

2339 2237 2608 2278 recessum
2640 2233 2800 2293 atque
2839 2224 3187 2290 errationem,
3222 2238 3428 2294 nosque
3466 2225 3684 2279 omnino
3712 2226 3776 2279 ab
3816 2225 3900 2279 illo

2335 2313 2594 2382 refugisse
2635 2313 2890 2368 ostendit.

2410 2403 2462 2458 5.
2504 2401 2861 2470 Quamobrem
2903 2418 3025 2458 eum
3071 2403 3202 2459 illud
3253 2405 3504 2476 lacryniis
3546 2403 3762 2475 dignum
3790 2414 3900 2466 est.

2336 2508 2524 2549 omnes
2564 2493 2630 2548 ad
2675 2492 2959 2563 pristinum
3000 2505 3195 2549 statum
3242 2497 3442 2562 relabi;
3486 2505 3597 2551 tum
3640 2511 3769 2552 vero
3806 2497 3903 2550 hoc

2337 2583 2520 2647 etiam,
2548 2598 2669 2638 cum
2709 2597 2901 2652 magno
2941 2581 3108 2638 simus
3143 2584 3326 2639 debito
3367 2584 3609 2649 obnoxii,
3642 2585 3904 2640 neminem

2341 2683 2516 2728 tamen
2568 2673 2770 2744 lugere,
2818 2675 3085 2730 neminem
3131 2676 3434 2747 Iacrymari,
3489 2678 3762 2747 neminem
3816 2694 3902 2730 su-

2339 2766 2564 2835 spirare.
2604 2765 2683 2819 Ae
2712 2779 2780 2820 ne
2812 2775 2964 2834 putes
2995 2766 3194 2821 ironice
3222 2767 3408 2820 isthmc
3442 2781 3471 2819 a
3502 2781 3590 2821 me
3623 2761 3748 2822 dici.
3781 2767 3902 2821 Nam

2338 2853 2782 2928 quemadmodum
2814 2864 2937 2910 ante
2962 2855 3156 2909 Christi
3198 2854 3483 2910 adventum
3524 2871 3556 2910 a
3598 2856 3709 2911 Deo
3746 2856 3902 2926 fugie-

2343 2933 2556 3013 bamu's,
2586 2948 2658 3001 ita
2706 2962 2850 3003 nunc
2894 2947 2962 3001 ab
3004 2947 3120 3017 ipso
3160 2947 3413 3017 fugimus.
3454 2947 3744 3004 Possumus
3770 2950 3905 3004 enim

2345 3037 2529 3108 fugere
2575 3053 2604 3091 a
2652 3038 2785 3104 Deo,
2835 3053 2941 3092 non
2971 3038 3183 3107 quidem
3227 3038 3366 3102 loco,
3419 3053 3542 3092 nam
3575 3039 3771 3109 ubique
3808 3049 3906 3104 est,

2343 3128 2436 3182 sed
2477 3128 2750 3196 operibus.
2789 3128 2858 3182 Et
2883 3127 3024 3197 quod
3068 3128 3136 3182 ab
3172 3143 3237 3182 eo
3273 3127 3455 3198 fugere
3483 3143 3591 3183 non
3629 3130 3906 3199 possimus,

2343 3220 2465 3274 audi
2497 3221 2812 3290 prephetam
2851 3219 3138 3283 dicentem,
3174 3208 3286 3286 Quo
3328 3219 3409 3273 ibo
3441 3236 3472 3272 a
3501 3221 3684 3288 spiritu
3713 3230 3800 3274 tuo
3820 3221 3845 3273 .’
3870 3231 3910 3272 et

2343 3326 2443 3378 quo
2493 3326 2525 3363 a
2572 3310 2703 3379 facie
2749 3319 2837 3363 tua
2888 3301 3082 3380 fugiant
3125 3307 3295 3378 (Psat.
3340 3310 3462 3365 158.
3515 3310 3610 3376 7)?
3640 3308 3910 3378 Quomodo

2344 3400 2502 3469 igitur
2547 3414 2829 3469 possumus
2871 3415 2902 3454 a
2954 3400 3062 3454 Deo
3105 3399 3331 3470 fugere?
3374 3401 3574 3456 Eodem
3605 3401 3783 3468 modo,
3812 3418 3912 3474 quo

2347 3503 2629 3558 possumus
2661 3489 2840 3558 procul
2871 3503 2900 3541 a
2932 3488 3041 3543 Deo
3073 3489 3359 3559 proficisci,
3406 3505 3468 3545 ac
3511 3490 3669 3560 longe
3709 3493 3910 3546 abesse.

2349 3578 2447 3643 Qui
2483 3593 2536 3631 se
2565 3577 2822 3647 clangunt,
2853 3579 3040 3648 inquit,
3071 3595 3102 3630 a
3131 3587 3198 3641 te,
3227 3579 3457 3648 peribunt
3484 3579 3655 3649 (Psai.
3685 3581 3770 3635 τε.
3803 3581 3905 3649 27);

2347 3677 2401 3724 et
2439 3683 2648 3734 rursus,
2705 3665 2892 3721 Nonne
2935 3668 3221 3737 iniquitates
3257 3678 3434 3723 vestra.-
3477 3670 3750 3723 divisertmt
3792 3673 3917 3724 inter

2347 3775 2424 3812 me
2466 3769 2511 3812 ct
2560 3775 2646 3813 eos
2694 3758 2847 3830 (lsai.
2898 3759 2986 3814 59.
3041 3759 3141 3829 2)?
3185 3759 3463 3825 Quomodo
3512 3762 3668 3831 igitur
3712 3762 3769 3816 fit
3820 3764 3914 3816 iste

2346 3849 2666 3918 longinquus
2702 3848 2995 3903 discessus?
3033 3859 3088 3904 et
3130 3851 3400 3919 quomodo
3439 3852 3718 3907 intercedit
3757 3853 3916 3907 interb

2348 3939 2582 3993 vallum?
2610 3938 2905 4004 Electione,
2937 3949 2992 3993 et
3033 3941 3212 3994 animo
3239 3957 3252 3992 :
3281 3941 3401 3996 loco
3430 3942 3572 3996 enim
3600 3957 3705 3996 non
3735 3957 3914 4011 pussu-

2350 4044 2467 4082 mus
2497 4046 2510 4082 :
2543 4027 2809 4096 quomodo
2835 4029 2976 4082 enim
3023 4031 3142 4098 quis
3171 4030 3238 4083 ab
3265 4045 3350 4092 eo,
3379 4033 3469 4099 qni
3501 4031 3693 4101 ubique
3729 4033 3910 4093 adest,

2349 4119 2541 4188 fugiat?
2563 4120 2816 4173 i’eccator
2838 4118 2997 4188 igitur
3025 4117 3175 4187 fugit.
3209 4118 3320 4173 lloc
3349 4130 3452 4186 est,
3479 4121 3620 4189 quod
3649 4121 3915 4190 Scriptura

2352 4211 2542 4280 inquit,
2589 4208 2744 4278 Fugit
2783 4211 2969 4293 impiu‘s
3007 4212 3200 4262 nemine
3249 4223 3569 4280 persequente
3608 4212 3784 4281 (Pror.
3829 4215 3913 4267 εὴ.

2355 4301 2427 4369 1).
2465 4299 2628 4354 Valde
2656 4299 2884 4370 fugimus
2906 4301 3075 4374 petitu
3101 4316 3114 4363 ;
3146 4301 3354 4355 tametsi
3383 4316 3600 4370 semper
3629 4303 3720 4356 ille
3745 4315 3913 4358 serta-

2353 4400 2438 4443 tur
2473 4404 2590 4445 nos.
2631 4388 2920 4458 Apostolus
2948 4405 3162 4444 cursum
3205 4405 3361 4444 suum
3400 4407 3465 4446 eo
3501 4392 3839 4457 intendebat,
3869 4406 3914 4446 ut

2353 4493 2518 4548 prope
2543 4478 2608 4532 ad
2630 4478 2776 4532 illum
2805 4480 3082 4534 accederet
3106 4497 3119 4533 :
3143 4495 3240 4534 nos
3261 4495 3325 4534 co
3357 4481 3697 4548 intendimus,
3721 4492 3777 4536 ut
3809 4501 3919 4552 prn-

2353 4569 2438 4623 cul
2464 4568 2799 4624 discedamus
2829 4586 2843 4622 :
2875 4584 3002 4638 ergo
3033 4567 3150 4623 non'
3169 4569 3283 4624 hare
3319 4571 3475 4638 digna
3501 4572 3784 4629 lamentis?
3812 4579 3918 4640 Quo

2354 4665 2521 4733 fugis,
2550 4663 2731 4738 infelix
2769 4673 2824 4719 et
2863 4665 3068 4718 miser?
3110 4679 3216 4734 quo
3257 4663 3393 4734 fugis
3431 4681 3459 4717 a
3508 4667 3612 4720 vita
3657 4676 3713 4721 et
3757 4668 3917 4722 salut:

2356 4756 2482 4810 tua?
2516 4755 2572 4810 Si
2606 4769 2636 4809 a
2677 4755 2784 4810 Deo
2813 4754 3001 4823 fugias,
3030 4755 3096 4809 ad
3136 4770 3293 4823 quem
3325 4757 3634 4826 confugies?
3663 4758 3710 4812 si
3742 4774 3768 4810 a
3811 4760 3912 4812 lucc

2355 4845 2545 4914 fugias,
2580 4859 2684 4914 quo
2721 4844 3016 4914 respicies?
3045 4846 3089 4899 si
3119 4861 3148 4897 a
3180 4845 3280 4898 vita
3316 4844 3508 4914 fugias,
3534 4847 3675 4902 unde
3709 4849 3915 4916 posthac

2355 4936 2538 4990 vives?
2568 4935 2848 5005 aniamtts
2880 4938 3086 4990 ltostent
3117 4935 3304 4989 salutis
3335 4947 3550 4990 nostrae.
3575 4938 3704 4991 Cum
3736 4954 3914 5007 pecca-

2356 5041 2496 5093 mus,
2528 5042 2559 5080 a
2590 5027 2696 5080 Deo
2726 5025 2977 5096 fugimus,
3010 5026 3348 5095 fugitivorum
3380 5041 3528 5080 more
3566 5042 3829 5094 erramus,
3863 5025 3922 5078 ad

2355 5115 2583 5169 alienam
2614 5115 2948 5170 ahsecdimus
2977 5125 3174 5169 terrain
3203 5133 3216 5166 :
3246 5115 3692 5185 quemadmodum
3724 5119 3814 5172 ille
3839 5117 3921 5184 qtzi

2355 5207 2660 5261 comederat
2703 5216 2920 5276 paterna
2951 5207 3108 5272 bona;
3143 5216 3196 5260 ct
3227 5207 3426 5260 abierat
3472 5209 3520 5260 in
3556 5208 3782 5261 alienant
3821 5218 3916 5261 ter-

2355 5312 2492 5362 ram,
2519 5299 2606 5366 qui
2635 5306 2800 5351 totum
2834 5299 3205 5366 patrimonium
3237 5308 3661 5366 consumpserat,
3692 5301 3916 5368 atquein

2357 5390 2494 5442 fame
2522 5389 2732 5443 vivebat
2762 5387 2907 5459 (Luc.
2948 5390 3060 5455 15).
3096 5388 3364 5442 Habemus
3394 5404 3522 5442 vero
3551 5389 3916 5456 patrimonium

2357 5489 2410 5533 et
2449 5493 2564 5533 nos.
2605 5479 2911 5546 Cuiusmodi
2949 5494 3076 5532 vero
3119 5479 3258 5532 hoc?
3287 5478 3559 5533 Liberavit
3601 5494 3697 5533 nos
3736 5496 3764 5532 a
3803 5497 3915 5547 pce-

2357 5571 2506 5634 catis,
2533 5567 2749 5623 donavit
2778 5570 2930 5622 nobis
2959 5571 3097 5623 vires
3120 5568 3183 5622 ad
3215 5570 3425 5622 virtutis
3451 5569 3618 5622 officia
3663 5570 3916 5630 obeunda,

2356 5661 2573 5715 donavit
2602 5659 2754 5714 nobis
2789 5659 3147 5723 alacritatem,
3179 5658 3521 5727 patientiam;
3571 5658 3622 5711 in
3665 5660 3918 5727 baptismo

2358 5752 2578 5811 donavit
2606 5750 2756 5805 nobis
2776 5748 3027 5818 Spiritum
3051 5756 3326 5803 sanctum:
3357 5748 3401 5803 si
3424 5747 3536 5803 hac
3563 5748 3914 5821 absumpsch
