4064 6318
170 367 288 467 ξω

180 538 316 587 tum,
357 519 504 577 fame
550 519 773 590 posthac
811 515 1190 572 laborabimus.
1233 512 1366 569 Nam
1408 513 1758 583 quemadmo-

185 616 309 670 dum
347 613 562 682 egroti,
591 608 840 679 quamdiu
879 605 1094 678 quidem
1141 603 1378 659 febribus
1418 603 1684 672 agitantur
1709 609 1763 655 et

188 717 466 759 succorum
501 701 799 756 vitiositate
826 697 1088 760 laborant,
1121 709 1292 764 neque
1321 707 1628 762 exsurgere,
1663 707 1759 745 ne-

184 809 290 864 que
331 794 442 848 suis
486 791 800 845 muneribus
841 787 1006 857 lungi,
1056 801 1229 854 neque
1273 799 1431 854 agere
1472 783 1759 853 quidquam

186 891 412 952 possunt
439 899 452 934 :
482 879 624 950 quod
653 880 696 933 si
725 879 846 948 quis
873 893 967 932 eos
993 893 1020 928 a
1053 876 1242 930 morbo
1274 875 1467 928 liberet
1495 882 1549 927 et
1577 871 1643 925 ad
1671 886 1758 926 sa-

186 975 410 1028 nitatem
441 972 695 1034 adducat,
728 985 825 1024 nec
854 979 1031 1023 tamen
1062 967 1237 1022 adhuc
1262 967 1548 1036 quidquam
1580 975 1758 1034 agant,

182 1064 289 1133 iam
319 1062 372 1117 id
403 1077 467 1117 ex
499 1060 710 1131 propria
739 1060 982 1113 socordia
1011 1058 1067 1112 fit
1102 1076 1116 1110 :
1148 1061 1218 1110 ita
1249 1071 1380 1111 sane
1414 1067 1465 1110 et
1497 1057 1547 1108 in
1585 1055 1760 1108 nobis.

187 1153 428 1208 Vesabat
471 1168 570 1206 nos
619 1151 837 1205 morbus
872 1149 1069 1219 gravis,
1113 1164 1177 1202 ac
1223 1148 1386 1200 febris
1437 1146 1760 1210 vehemens;

183 1243 746 1312 decumbebamusque
769 1257 872 1295 non
906 1242 958 1294 in
991 1241 1150 1304 lecto,
1179 1239 1272 1293 sed
1309 1240 1359 1292 in
1392 1238 1617 1308 ipsamct
1647 1253 1757 1290 ma-

184 1337 329 1399 litia;
368 1333 587 1404 perinde
621 1344 780 1402 atque
809 1333 859 1386 in
887 1342 1126 1385 stercore
1157 1331 1210 1384 in
1243 1331 1582 1398 improbitate
1610 1329 1762 1383 volu-

185 1429 452 1492 tabamur,
500 1435 766 1496 scatentes
828 1426 1112 1487 ulceribus,
1162 1423 1406 1478 fretorum
1453 1423 1714 1491 spirantes
1744 1463 1759 1486 ,

184 1521 438 1590 squalidi,
486 1519 714 1585 incurvi,
755 1519 891 1573 idola
925 1518 1100 1588 potius
1141 1532 1298 1586 quam
1329 1515 1577 1569 homines
1611 1532 1622 1568 :
1655 1515 1764 1568 cir-

182 1611 524 1664 cumstabant
553 1625 651 1664 nos
686 1600 911 1678 improbi
953 1612 1261 1671 daemones,
1295 1607 1540 1675 princeps
1582 1604 1764 1658 mundi

187 1701 346 1771 hujus
377 1701 577 1764 ridens,
607 1699 886 1753 insultans.
921 1699 1076 1751 Venit
1103 1696 1196 1751 Dei
1220 1694 1556 1766 Unigenitus,
1590 1694 1767 1749 emisit

184 1792 364 1844 radios
393 1791 686 1860 praesentia:
723 1805 853 1854 sum,
887 1799 940 1843 et
969 1788 1249 1857 caliginem
1280 1787 1563 1841 confestim
1594 1785 1765 1854 depu-

177 1883 242 1939 lit
277 1903 291 1936 :
324 1885 470 1937 venit
509 1881 573 1936 ad
608 1897 705 1936 nos
743 1882 857 1950 ipse
891 1881 1036 1944 ilex,
1067 1881 1157 1949 qui
1199 1889 1318 1933 erat
1352 1879 1404 1931 in
1436 1877 1631 1930 throno
1659 1890 1768 1944 pa-

184 1986 360 2038 terno,
394 1974 645 2028 thronum
675 1974 983 2042 relinquens
1012 1982 1292 2039 paternum
1326 1968 1563 2038 (quando
1588 1977 1766 2022 autem

183 2065 471 2134 reliquisse
499 2064 640 2130 dico,
679 2078 746 2117 ne
777 2062 828 2116 id
857 2062 1160 2132 significare
1187 2074 1372 2114 rursus
1405 2067 1560 2129 putes
1590 2066 1766 2111 muta-

185 2157 391 2210 tionem
436 2171 496 2209 ac
544 2155 863 2215 transitum;
907 2153 1095 2207 caelum
1133 2150 1276 2203 enim
1310 2160 1614 2217 terramque
1653 2149 1768 2214 ipse

183 2246 405 2313 implet;
438 2245 532 2299 sed
575 2244 645 2298 ob
674 2242 1025 2298 trconomiatn
1060 2242 1110 2294 id
1147 2240 1291 2308 dico)
1326 2257 1341 2294 :
1393 2240 1536 2292 venit
1564 2239 1629 2291 ad
1665 2238 1768 2291 ho-

183 2351 343 2404 stem,
378 2339 467 2407 qui
509 2339 681 2406 ipsutn
723 2338 846 2391 odio
887 2336 1344 2405 prosequebatur,
1386 2335 1766 2399 aversnbatur,

187 2447 364 2500 neque
393 2441 449 2484 ut
482 2429 546 2484 ad
573 2445 694 2484 cum
731 2429 916 2483 oculos
945 2436 1285 2482 converteret
1315 2425 1504 2480 adduci
1539 2436 1766 2493 poterat,

183 2522 533 2592 blasphemiis
558 2520 795 2591 quotidie
831 2521 1131 2589 appetebat.
1171 2519 1312 2573 Vidit
1340 2520 1391 2572 in
1420 2529 1658 2573 stercore
1681 2519 1769 2586 ja-

181 2621 419 2678 ccnlcm,
461 2627 491 2667 a
544 2610 815 2666 vermibus
855 2611 1238 2675 exulceratum,
1279 2625 1306 2661 a
1354 2608 1486 2662 febri
1534 2618 1586 2662 et
1627 2607 1768 2663 fante

186 2720 542 2773 oppressum,
604 2703 749 2756 nullo
801 2718 906 2756 non
955 2700 1123 2756 morbi
1164 2714 1363 2769 genere
1418 2700 1767 2752 laborantem.

184 2795 316 2849 Nam
349 2795 512 2849 febris
548 2794 810 2858 vexabat;
844 2795 945 2849 hoc
988 2796 1130 2848 enim
1170 2803 1251 2849 est
1297 2792 1538 2859 improba
1569 2793 1773 2859 cupidi-

186 2897 305 2948 tas;
335 2896 389 2940 et
419 2885 863 2939 inﬂammationes
897 2886 1189 2953 urgebant;
1223 2884 1324 2936 hoc
1351 2884 1492 2934 enim
1519 2896 1772 2950 arrogan-

185 2977 296 3040 tia;
339 2984 393 3030 et
438 2975 678 3044 quaedam
712 2974 1243 3040 insatiabilisfames
1289 2970 1622 3040 occupabat;
1671 2971 1772 3024 hoc

184 3067 326 3121 enim
358 3067 613 3129 avaritia;
648 3074 700 3119 ct
739 3065 918 3117 sanies
948 3053 1218 3130 undique;
1253 3065 1352 3114 hoc
1383 3062 1524 3114 enim
1567 3069 1772 3112 scorta-

188 3158 302 3216 tio;
341 3165 396 3209 et
435 3156 647 3209 caecitas
676 3154 989 3212 oculorum;
1034 3153 1132 3204 hoc
1175 3151 1316 3203 enim
1351 3148 1686 3212 idololatria;
1721 3156 1773 3199 et

185 3247 420 3301 surditas
458 3255 510 3298 et
542 3254 764 3312 stupor;
807 3243 906 3295 hoc
947 3242 1089 3295 enim
1129 3249 1245 3293 erat
1291 3239 1494 3306 lapides
1535 3247 1590 3290 et
1633 3238 1770 3306 ligna

187 3336 436 3400 adorare,
470 3345 520 3390 et
548 3351 667 3389 cum
699 3335 802 3388 illis
830 3333 1098 3395 colloqui;
1132 3339 1184 3382 et
1217 3330 1383 3381 multa
1412 3327 1767 3391 deformitas;

184 3429 289 3482 hoc
315 3427 454 3481 enim
479 3425 756 3485 vitiositas,
791 3425 938 3476 triste
971 3421 1219 3474 nimirum
1249 3418 1524 3487 quiddam,
1550 3428 1600 3470 et
1629 3433 1770 3468 rnor-

183 3519 291 3572 bus
319 3515 690 3584 gravissintus.
729 3513 870 3566 Vidit
902 3512 1208 3569 absurdius,
1240 3523 1396 3577 quam
1445 3505 1771 3559 insanientes

185 3608 421 3672 soleant,
466 3607 768 3673 loquentes,
803 3613 855 3656 et
896 3602 1098 3671 lignum
1139 3610 1192 3652 et
1230 3598 1458 3667 lapidem
1489 3596 1648 3654 deum
1678 3611 1771 3648 vo-

185 3707 373 3751 cantes
407 3715 418 3749 :
450 3696 581 3749 vidit
610 3695 661 3748 in
692 3704 833 3747 tanta
866 3692 1138 3761 nequitia;
1167 3703 1264 3742 nec
1293 3697 1468 3741 tamen
1496 3686 1772 3739 abomina-

187 3803 276 3845 tus
301 3799 401 3854 est,
437 3806 540 3842 non
572 3789 807 3841 amarior
837 3786 1028 3845 factus,
1075 3768 1180 3835 non
1207 3791 1486 3836 aversatus
1515 3788 1618 3838 est,
1666 3793 1769 3830 non

185 3885 313 3938 odio
339 3891 732 3954 prosequutus:
759 3879 1011 3932 Dominus
1039 3875 1184 3930 enim
1213 3882 1347 3938 erat,
1376 3881 1430 3926 et
1454 3883 1590 3939 Opus
1615 3883 1770 3923 suum

187 3991 298 4029 non
328 3975 532 4028 oderat.
563 3971 666 4026 Sed
696 3968 820 4040 quid
854 3968 1010 4023 facit?
1035 3965 1232 4034 Optimi
1277 3963 1469 4019 medici
1501 3976 1648 4014 more
1678 3976 1770 4028 pa-

187 4077 268 4122 rat
299 4065 525 4134 pretiosa
568 4065 870 4132 pltarmaca,
905 4072 1074 4127 eaque
1113 4056 1314 4124 primus
1349 4061 1520 4122 gustat
1552 4067 1564 4102 :
1597 4051 1760 4103 virtu-

188 4168 296 4212 tem
324 4159 466 4211 enim
501 4156 614 4224 ipse
647 4153 847 4223 primus
888 4150 1073 4211 obivit,
1101 4162 1164 4202 ac
1191 4147 1441 4213 deinceps
1476 4142 1628 4196 nobis
1663 4150 1765 4194 tra-

186 4251 350 4304 didit.
411 4251 486 4302 Ac
545 4248 774 4316 primum
837 4245 1204 4312 pltarmacum,
1266 4238 1415 4307 quasi
1472 4233 1769 4288 antidotum

185 4339 484 4412 quoddam,
524 4338 793 4392 lavacrum
834 4333 1014 4397 dedit;
1065 4332 1134 4385 ita
1178 4343 1393 4384 omnem
1438 4323 1771 4380 evomuitnus

1002 399 1068 456 ω
1106 398 1322 457 EPIS'I‘.
1366 396 1458 454 AD
1499 395 1786 452 i‘HlLIPP.
1815 380 1981 452 CAP.
2024 396 2106 451 ill.
2149 397 2380 453 uoutL.
2425 396 2540 456 xu.

3345 403 3458 460 270

1871 511 2190 581 nequitiam,
2233 513 2302 566 ita
2333 513 2513 568 omnia
2543 512 2698 568 simul
2732 513 2783 568 in
2830 513 3004 586 fugam
3049 531 3105 570 se
3141 515 3404 573 dederunt
3434 537 3446 570 :

1872 592 2217 656 inflammatio
2247 605 2430 665 cessit.
2463 602 2626 658 febris
2655 606 2918 660 exstincta
2945 613 3048 672 est,
3082 616 3134 661 et
3157 609 3332 663 sanies
3359 625 3474 681 ειη

1868 693 2084 747 siccata.
2128 693 2318 749 Omnia
2359 695 2500 751 enim
2539 706 2592 751 et
2633 711 2751 766 quae
2789 698 2856 753 ab
2887 701 3103 753 avaritia
3142 713 3194 754 et
3231 718 3350 771 qua:
3384 705 3452 757 ab

1871 783 1969 847 ira,
1993 793 2042 834 et
2071 794 2263 838 caetera
2296 786 2474 838 omnia
2507 787 2642 839 mala
2677 801 2769 854 per
2798 787 3041 855 spiritum
3071 799 3404 845 evanuerunt
3435 808 3450 846 :

1867 875 2037 944 aperti
2067 884 2191 928 sunt
2217 877 2379 942 oculi,
2407 883 2608 946 aperte
2638 893 2816 945 aures,
2849 881 2985 947 piam
3017 895 3202 935 vocent
3233 883 3448 951 loquuta

1874 977 1955 1018 est
1979 966 2154 1034 lingua
2186 984 2199 1018 :
2234 967 2372 1021 vires
2402 968 2679 1037 acquisivit
2711 971 2910 1032 anima,
2944 972 3231 1041 acquisivit
3257 989 3454 1043 corpus

1875 1055 2342 1123 pulchritudinem,
2365 1070 2416 1110 ct
2442 1057 2626 1112 florem
2657 1059 2980 1126 hujusmodi,
3014 1063 3223 1130 qualern
3255 1080 3348 1133 par
3373 1075 3456 1119 est

1875 1147 2069 1201 habere
2102 1148 2566 1216 pulchritudinem,
2599 1150 2688 1205 Dei
2723 1151 2886 1204 lilium
2918 1169 2984 1206 ex
3014 1154 3246 1222 Spiritus
3283 1157 3451 1224 gratia

1874 1250 2244 1306 procreatum;
2279 1241 2488 1308 qualem
2529 1256 2622 1309 par
2664 1251 2748 1296 est
2792 1243 2988 1298 habere
3031 1245 3253 1312 gloriam
3288 1247 3453 1302 tilium

1871 1343 2040 1395 nuper
2063 1329 2191 1398 Regi
2226 1339 2435 1392 natum,
2460 1331 2583 1404 etin
2608 1347 2840 1401 purpura
2868 1334 3139 1388 eductum.
3173 1336 3266 1390 liei
3301 1337 3452 1404 mihi,

1871 1429 2124 1487 quantam
2167 1421 2322 1475 nobis
2361 1399 2577 1475 donavii
2622 1423 2985 1480 nobilitatem!
3021 1440 3120 1480 nos
3156 1442 3284 1481 vero
3330 1443 3451 1497 erga

1872 1525 2018 1577 eum,
2051 1511 2138 1577 qui
2183 1511 2317 1564 adeo
2359 1527 2456 1565 nos
2501 1515 2716 1578 amavit,
2761 1516 2947 1584 ingrati
2986 1531 3108 1570 esse
3145 1533 3455 1585 persevera-

1873 1618 2014 1657 mus.
2057 1603 2272 1671 Peperit
2313 1619 2444 1669 nos,
2478 1606 2724 1669 nutrivit,
2765 1606 3037 1662 beneficiis
3080 1608 3255 1662 alica-it
3287 1627 3300 1664 :
3329 1612 3454 1679 quid

1874 1701 2073 1750 rursus“
2108 1695 2339 1765 fugimus
2385 1693 2452 1751 ab
2495 1715 2581 1763 eo,
2623 1702 2712 1769 qui
2763 1710 2904 1754 tanta
2943 1703 3126 1757 tribuit
3163 1703 3460 1760 beneiicia?

1873 1787 2013 1856 Ergo
2039 1789 2125 1857 qui
2151 1789 2260 1842 lucc
2287 1790 2463 1843 omnia
2489 1789 2628 1851 fecit,
2656 1791 2817 1845 robur
2843 1793 3000 1846 etiam
3030 1793 3122 1847 dat
3147 1811 3160 1846 :
3188 1810 3290 1849 non
3314 1796 3457 1850 enim

1874 1877 2001 1932 dum
2052 1880 2271 1934 morbus
2321 1894 2416 1934 nos
2461 1881 2780 1950 occupabat.
2830 1882 3052 1938 ferendo
3100 1887 3248 1939 oneri
3301 1901 3460 1955 pares

1873 1985 2108 2034 eramus,
2149 1971 2250 2024 nisi
2294 1971 2406 2040 ipse
2447 1971 2586 2027 vires
2627 1973 2780 2027 nobis
2823 1973 3081 2030 dedisset.
3124 1975 3329 2031 Tribnit
3371 1994 3449 2032 re-

1873 2063 2185 2115 missionem
2210 2074 2573 2132 peccatorum;
2590 2065 2796 2119 irritum
2816 2064 3034 2120 fecimus
3055 2066 3255 2122 donum
3275 2086 3288 2123 :
3313 2069 3460 2122 dedit

1876 2152 2029 2208 nobis
2050 2153 2278 2216 divitias;
2312 2169 2403 2208 eas
2432 2154 2858 2224 dilapidavitnus,
2892 2157 3068 2210 omnia
3093 2158 3456 2215 comedimus:

1875 2243 2021 2298 dedit
2044 2243 2195 2301 nobis
2223 2246 2381 2310 vires;
2400 2261 2490 2300 eas
2517 2246 2944 2316 consumpsimus
2968 2264 2981 2302 :
3003 2247 3145 2302 dedit
3170 2248 3324 2303 nobis
3351 2267 3464 2318 gra-

1877 2337 2034 2398 tiam;
2067 2336 2232 2403 ipsam
2272 2337 2644 2390 exstinximus.
2675 2337 2993 2404 Quomodo?
3019 2339 3463 2407 tionsumpsimus

1878 2426 2023 2478 nulla
2073 2426 2123 2478 in
2170 2442 2227 2479 re
2258 2443 2376 2494 qua:
2428 2425 2582 2481 nobis
2631 2428 2932 2496 prodesset,
2977 2439 3136 2497 atque
3181 2431 3460 2484 utilitatem

1877 2513 2113 2569 allerret.
2151 2515 2274 2568 llaec
2305 2531 2402 2570 nos
2431 2517 2796 2585 perdiderttnt,
2826 2529 2987 2589 atque
3016 2520 3144 2573 illud
3168 2529 3459 2589 praztetea,

1877 2607 2019 2676 quod
2049 2608 2286 2660 omnium
2319 2609 2694 2678 gravissimum
2735 2622 2842 2673 est,
2875 2612 3015 2679 quod
3063 2613 3115 2664 in
3161 2613 3332 2666 aliena
3365 2614 3456 2666 d‘eo

1879 2710 2066 2769 gentes
2095 2695 2260 2767 terra,
2295 2710 2349 2754 et
2384 2701 2728 2756 cotncdentes
2755 2702 2995 2771 siliquas,
3033 2720 3139 2757 non
3175 2714 3351 2758 tamen
3379 2705 3464 2756 di-

1877 2793 2070 2854 cimus,
2104 2791 2409 2846 Redeamus
2444 2793 2508 2846 ad
2551 2794 2781 2856 Patrem,
2812 2805 2865 2847 et
2905 2781 3163 2860 dicam't'ts,
3217 2796 3462 2851 PeeCavi-

1879 2901 1996 2939 mus
2041 2887 2094 2940 itt
2135 2887 2328 2940 emittm
2380 2895 2434 2939 et
2475 2888 2524 2939 in
2564 2896 2612 2938 te
2650 2885 2798 2956 (Luc.
2849 2888 2934 2941 15.
2986 2887 3078 2955 i8)
3113 2908 3124 2940 :
3156 2888 3314 2958 idque
3343 2905 3464 2942 eunt

1879 2977 2090 3029 Patrem
2115 2978 2251 3029 adeo
2281 2989 2571 3040 amantem,
2604 2981 2878 3045 nostrique
2907 2979 3112 3031 reditus
3133 2980 3285 3032 valde
3314 2982 3461 3050 cupi-

1879 3067 2002 3120 dum
2037 3067 2327 3119 habeamus
2385 3067 2684 3121 Dummodo
2711 3083 2738 3120 a
2772 3069 2900 3121 vitio
2934 3070 3270 3135 recedamus,
3303 3073 3464 3124 tium-

1880 3157 2120 3240 tnodoad
2153 3158 2324 3224 ipsum
2357 3158 2658 3222 redeamus,
2689 3167 2740 3210 ut
2760 3159 2824 3212 de
2847 3162 3130 3228 praeteritis
3157 3177 3250 3215 nos
3281 3163 3463 3230 objur-

1877 3255 1986 3314 get,
2015 3245 2204 3298 adduci
2239 3263 2340 3297 non
2374 3256 2580 3315 potest:
2603 3249 2772 3301 solum
2799 3251 3115 3305 recedamus
3135 3269 3146 3313 ;
3168 3256 3297 3306 satis
3321 3255 3465 3306 enim

1877 3336 2017 3406 apud
2053 3337 2198 3389 illum
2231 3339 2588 3391 excusationis
2619 3341 2982 3400 est,rediisse.
3011 3341 3210 3412 Ecquid
3241 3344 3380 3405 dico,
3411 3356 3468 3398 ut

1877 3427 2122 3496 obiurget
2149 3426 2336 3478 adduci
2368 3443 2474 3480 non
2506 3429 2716 3494 potest?
2753 3446 2856 3482 ιιι-η
2885 3431 3055 3484 solum
3089 3432 3201 3499 ipse
3235 3449 3339 3486 non
3368 3434 3464 3487 eli--

1875 3518 2072 3587 jurgat,
2094 3532 2276 3570 verum
2309 3517 2466 3569 etiam
2487 3519 2530 3570 si
2549 3519 2686 3571 alius
2708 3519 3259 3589 objurget,silentium
3290 3525 3465 3591 impo-

1880 3610 1956 3662 nit
1987 3626 2000 3660 :
2029 3609 2238 3661 etiamsi
2270 3609 2358 3663 ille
2385 3609 2473 3677 qui
2507 3608 2771 3677 obiurgat,
2805 3612 3046 3678 apprime
3076 3613 3179 3666 sibi
3213 3624 3465 3682 acceptus

1880 3701 1969 3753 sit.
2017 3699 2318 3752 iledeamus
2355 3714 2482 3768 ergo
2515 3719 2527 3754 :
2559 3714 2838 3770 quousque
2877 3701 3220 3756 recedimus?
3261 3705 3467 3758 sentia-

1880 3807 1998 3845 mus
2049 3789 2307 3855 dedecus,
2361 3792 2656 3845 sentiamus
2707 3793 3012 3846 vilitatem:
3049 3794 3314 3848 vitiositas
3369 3813 3466 3849 nos

1881 3895 2072 3950 porcos
2099 3880 2244 3944 facit,
2279 3881 2544 3934 vitiositas
2575 3883 2767 3936 famem
2797 3883 2950 3938 affert
2977 3884 3193 3939 animat.
3222 3885 3466 3955 Recnpe-

1881 3987 2062 4025 remus
2093 3986 2188 4024 nos
2213 3973 2357 4039 ipsos
2387 3967 2438 4025 ct
2475 3973 2874 4041 resipiscamus,
2904 3985 2957 4028 et
2989 3976 3039 4028 in
3073 3976 3351 4044 pristinam
3381 3993 3467 4031 re-

1879 4063 2101 4117 deamus
2142 4063 2498 4127 nobilitatem,
2535 4071 2588 4116 et
2623 4061 2802 4117 futura
2846 4080 3243 4134 consequamur
3290 4067 3464 4131 bona,

1879 4157 2047 4226 gratia
2072 4165 2127 4210 et
2151 4156 2478 4225 benignitate
2501 4156 2707 4208 Domini
2737 4155 2904 4209 no-tri
2936 4156 3060 4210 Jesn
3093 4157 3315 4221 Christi,
3342 4173 3464 4210 eum

1878 4265 1984 4319 quo
2006 4248 2148 4302 Patri
2166 4249 2431 4316 simulque
2454 4258 2636 4302 sancto
2657 4248 2875 4316 Spiritui
2898 4249 3084 4318 gloria,
3105 4258 3359 4317 potestas.
3382 4249 3470 4302 ho-

1880 4355 1998 4406 nor,
2029 4355 2169 4394 nunc
2193 4350 2246 4394 et
2272 4354 2513 4408 semper,
2541 4349 2584 4393 et
2607 4338 2658 4394 in
2681 4339 2874 4394 smcula
2903 4339 3242 4394 saeculorum.
3272 4343 3465 4395 Amen.

189 4495 2184 4545 ______________

1533 4604 1875 4672 HOMILIA
1927 4604 2071 4666 XII.

182 4797 314 4852 Car.
347 4796 403 4850 3.
433 4810 487 4850 v.
517 4795 604 4850 l3.
633 4791 864 4857 Fratres,
893 4806 982 4862 ego
1011 4805 1090 4843 nte
1131 4803 1231 4842 non
1277 4783 1522 4840 arbritror
1547 4791 1775 4846 compreo

261 4888 493 4941 hendisse
518 4901 536 4940 .'
562 4884 650 4942 14.
679 4901 834 4939 unum
863 4893 1032 4938 autem
1055 4924 1071 4949 ,
1100 4895 1213 4952 qua:
1239 4877 1441 4948 quidem
1472 4883 1605 4928 retro
1634 4879 1770 4936 sunt,

260 4978 578 5042 obliviscens,
608 4976 676 5029 ad
699 4991 760 5029 ea
788 4991 902 5029 vero
927 4988 1039 5044 qua
1064 4979 1180 5026 sunt
1207 4971 1377 5040 priora
1403 4964 1674 5021 extendens
1697 4977 1777 5014 me

258 5071 448 5138 ipsum,
468 5067 536 5120 ad
559 5067 862 5121 destinatum
889 5078 1176 5134 persequor,
1199 5059 1268 5114 ad
1293 5057 1518 5113 orarium
1541 5067 1776 5122 superna:

260 5162 538 5232 vocationis
564 5158 658 5213 Dei
683 5159 736 5212 in
763 5158 962 5212 Christo
987 5155 1132 5211 Iesu.

261 5254 313 5308 i.
357 5251 498 5307 Nihil
526 5266 678 5321 atque
717 5250 889 5304 inania
928 5247 1103 5302 reddit
1138 5245 1276 5300 bona
1315 5256 1474 5312 Opera
1496 5283 1511 5307 ,
1541 5239 1670 5294 nihil
1704 5241 1773 5292 ita

183 5343 359 5405 inﬂat.
382 5351 443 5398 ut
463 5355 646 5396 eorum
671 5355 790 5410 qua:
813 5353 909 5394 nos
933 5348 1079 5392 reete
1101 5334 1326 5390 fecimus
1347 5332 1624 5388 memoria.
1660 5330 1773 5383 Duo

185 5433 332 5490 enim
363 5433 498 5503 parit
524 5432 660 5486 mala
682 5473 698 5497 ,
731 5429 1140 5500 negligentiores
1167 5427 1322 5490 facit,
1355 5435 1405 5479 et
1433 5425 1484 5480 in
1516 5437 1774 5492 arrogan-

185 5525 315 5578 tiam
343 5522 498 5578 tollit.
525 5521 884 5590 Quamobrem
910 5518 1126 5585 Paulus,
1150 5517 1399 5586 quoniam
1428 5523 1652 5570 noverat
1678 5529 1772 5567 na-

185 5624 362 5670 turam
394 5623 634 5668 nostram
675 5611 741 5667 ad
770 5610 1070 5667 socorde
1112 5609 1268 5663 valde
1297 5623 1417 5664 esse
1445 5607 1732 5676 proclivem
1756 5649 1769 5671 ,

183 5705 371 5760 multis
407 5714 588 5758 autem
635 5703 878 5757 laudibus
922 5701 1288 5770 Pbilippenses
1327 5699 1621 5771 affecerat:
1653 5699 1774 5753 vide

185 5794 458 5865 qttotnodo.
495 5808 684 5855 eorum
702 5792 931 5869 spiritus
971 5778 1318 5866 comprimat,
1353 5790 1534 5846 multis
1559 5788 1772 5859 quidem

1886 4773 2004 4828 aliis
2051 4784 2207 4831 antea
2252 4776 2444 4842 modis,
2475 4777 2741 4849 precipue
2782 4787 2961 4835 autem
2992 4777 3074 4834 bis
3101 4793 3243 4837 nunc
3269 4777 3467 4832 verbis.

1882 4867 2022 4949 Quid
2047 4868 2188 4922 enim
2215 4868 2380 4922 dicit?
2410 4867 2640 4935 Fratres,
2660 4886 2752 4941 ego
2773 4887 2850 4925 me
2873 4887 2970 4923 non
2991 4870 3211 4923 arbitror
3233 4883 3466 4936 compre-

1883 4959 2133 5013 hendisse.
2179 4959 2331 5026 Quod
2377 4959 2420 5013 si
2463 4959 2660 5014 Paulus
2686 4959 2860 5014 adhuc
2890 4975 2994 5014 non
3022 4957 3430 5030 comprehendit
3452 4995 3472 5024 ,

1884 5066 2060 5121 neque
2086 5050 2266 5105 fidenti
2290 5052 2470 5106 animo
2497 5053 2563 5106 de
2589 5053 2986 5107 resurrectione
3009 5067 3073 5106 ac
3095 5051 3286 5106 futuris
3309 5050 3470 5104 rebus

1886 5154 2002 5209 est;
2035 5144 2200 5197 multo
2227 5145 2386 5213 igitur
2413 5146 2588 5198 minus
2618 5145 2743 5211 illis,
2773 5147 2862 5214 qui
2897 5160 2993 5199 nec
3021 5143 3296 5198 minimam
3327 5144 3468 5196 illius

1884 5236 2282 5291 benefactorum
2309 5246 2514 5306 partem
2543 5238 2812 5306 assequuti
2839 5237 3070 5299 fuerant,
3098 5236 3146 5289 id
3172 5235 3469 5289 faciendum

1883 5335 2016 5380 erat.
2057 5327 2208 5394 Quod
2237 5337 2413 5382 autem
2452 5311 2657 5395 inquit,
2694 5326 2796 5380 hoc
2826 5337 2909 5380 est
2940 5343 2953 5380 :
2984 5327 3230 5381 Nondum
3256 5341 3470 5380 omnem

1883 5433 1969 5472 me
1997 5418 2415 5488 apprehendisse
2456 5418 2704 5472 virtutem
2738 5426 2866 5486 puto
2899 5435 2913 5471 :
2943 5419 3010 5471 ita
3043 5419 3287 5487 loquens,
3322 5425 3378 5471 ut
3406 5417 3472 5471 de

1883 5523 2104 5566 cursore
2132 5509 2234 5563 dici
2265 5509 2399 5563 solet
2422 5549 2437 5576 ,
2471 5508 2715 5562 Nondum
2766 5507 3138 5577 apprehendit.
3186 5506 3430 5561 Nondum
3452 5547 3467 5570 ,

1885 5603 2053 5672 inquit
2095 5601 2318 5666 Paulus,
2354 5608 2520 5654 totum
2569 5597 2796 5654 confeci.
2841 5598 2994 5665 Quod
3039 5598 3084 5652 si
3125 5597 3251 5652 alibi
3290 5597 3471 5662 dicat,

1885 5691 2080 5746 Bonum
2119 5701 2369 5746 certamen
2407 5691 2589 5743 certari
2615 5689 2706 5758 (9..
2757 5687 2886 5741 Tim.
2932 5689 2986 5743 4.
3039 5688 3150 5758 7);
3186 5686 3272 5740 hic
3300 5700 3469 5749 vero,

1887 5783 2131 5839 Nautium
2176 5782 2391 5836 arbitror
2431 5799 2508 5836 mc
2549 5781 3026 5850 cotttprc/u'ndisse:
3055 5779 3144 5851 qui
3183 5788 3468 5849 utrumque
