4064 6318
688 514 865 583 locum
882 520 1130 583 acurate
1148 523 1307 595 leget,
1326 520 1491 594 probe
1508 532 1721 575 cauam
1742 503 1975 581 illorum,
1994 521 2048 568 et
2068 506 2263 567 horum

655 617 969 673 ~verboiuuu
1006 619 1314 685 agnoscet.
1338 609 1456 666 Non
1492 608 1637 665 enim
1674 605 1888 677 assidue
1928 609 2141 672 oportet
2164 614 2260 655 ea-

687 707 811 766 dem
853 706 1108 774 seruare;
1137 717 1343 775 nosque
1384 699 1835 763 omniadocere,
1865 695 2262 761 admonereque

690 799 804 853 inec
824 797 990 867 multo
1018 805 1174 850 antea
1198 794 1340 851 dicta
1367 807 1489 848 esse
1511 808 1535 857 ,'
1557 790 1643 846 illa
1675 802 1805 843 vero
1832 798 2019 841 versus
2048 785 2205 838 linem
2244 798 2258 834 :

692 888 938 943 Nondum
966 887 1185 942 arbitror
1203 927 1220 953 ,
1250 884 1442 955 inquit,
1472 898 1551 936 nte
1576 877 2052 951 comprehendisse;
2078 872 2172 928 sed
2201 872 2254 925 in

690 980 792 1036 hoc
818 993 922 1035 uno
942 987 1086 1033 totus
1106 992 1245 1039 sum.
1268 984 1327 1030 ut
1344 975 1411 1029 ad
1433 972 1695 1028 anteriora
1720 985 1806 1023 me
1825 966 2128 1023 extendam.
2151 963 2263 1018 lloc

689 1073 829 1127 enim
859 1070 958 1126 sibi
987 1070 1098 1124 vult
1117 1109 1135 1132 ,
1160 1069 1287 1122 dum
1328 1066 1493 1137 inquit
1520 1083 1534 1139 ς
1566 1062 1736 1131 [luunt
1780 1071 1947 1115 autent
1971 1075 1991 1113 :
2013 1073 2127 1127 quur
2152 1056 2265 1128 qui-

689 1163 801 1218 deus
819 1169 954 1217 retro
971 1169 1086 1215 sunt
1112 1158 1427 1224 obliviscetur,
1458 1156 1525 1210 ad
1554 1171 1611 1209 ea
1638 1169 1750 1209 vero
1779 1167 1893 1224 qua
1923 1150 2095 1220 priora
2121 1153 2257 1219 sunt,

664 1242 959 1312 ἐκυκήθη
988 1269 1064 1307 ιω
1091 1252 1283 1320 ipsum,
1302 1248 1369 1303 ad
1397 1248 1699 1302 destinatum
1725 1257 1995 1315 persequor
2015 1281 2031 1305 ,
2054 1239 2122 1291 ad
2150 1239 2264 1290 bra—

684 1347 820 1400 eiant
865 1359 1097 1415 stipans
1135 1324 1410 1398 motionis
1456 1337 1555 1393 Dei
1594 1340 1647 1391 in
1693 1336 1891 1391 Christo
1932 1332 2081 1387 less.
2123 1326 2258 1419 Vide

688 1438 1086 1509 quomodohis
1127 1435 1311 1494 verbis
1343 1433 1594 1496 ostendit,
1635 1431 1761 1501 quid
1806 1427 1935 1507 illud
1981 1428 2083 1494 sit,
2112 1424 2257 1495 quod

689 1532 859 1600 ipsum
901 1512 1129 1583 faciebat
1151 1526 1219 1582 ad
1248 1525 1512 1581 anteriora
1543 1538 1601 1577 se
1631 1520 1941 1596 extendere.
1981 1516 2141 1572 Certe
2169 1514 2261 1585 qui

682 1620 792 1691 jam
822 1633 880 1674 se
903 1618 1198 1690 perlectum
1228 1625 1411 1687 putat,
1446 1614 1683 1682 nihilque
1709 1612 1807 1666 sibi
1836 1611 2032 1683 deesse.
2054 1607 2119 1660 ad
2149 1607 2256 1659 vir-

688 1705 1271 1779 tutis‘perfeclionem.
1311 1706 1359 1761 is
1406 1719 1436 1757 a
1473 1718 1632 1769 cursu
1678 1701 1942 1759 cessabit.
1976 1698 2124 1766 qua~i
2171 1696 2261 1767 qui

688 1808 854 1853 totum
871 1800 982 1867 jam
1004 1805 1184 1851 teneat
1213 1814 1227 1849 :
1260 1804 1315 1849 at
1336 1793 1427 1865 qui
1446 1808 1507 1856 se
1526 1792 1701 1848 adhuc
1730 1806 1760 1843 a
1788 1799 1930 1844 meta
1955 1789 2143 1842 abesse
2166 1801 2259 1840 co-

684 1888 837 1958 gitat,
867 1888 911 1941 is
940 1886 1224 1957 numquam
1249 1900 1281 1940 a
1308 1898 1466 1939 cursu
1495 1888 1689 1937 cessat.
1710 1879 1823 1935 Hoc
1836 1879 2006 1961 igitur
2031 1890 2129 1931 nos
2151 1875 2266 1929 exi-

602 2008 610 2015 -
685 1980 907 2037 stimare
943 1992 1157 2046 semper
1178 1972 1460 2038 debemus,
1484 1971 1646 2027 etiam
1672 1971 1717 2027 si
1747 1976 1997 2032 sexcenta
2026 1965 2260 2045 obiveri-

688 2082 807 2119 titus
833 2063 1265 2134 virtutis'nfllcia.
1302 2062 1512 2118 Etenim
1541 2060 1586 2116 si
1617 2059 1811 2114 Paulus
1838 2067 1956 2128 post
1980 2062 2259 2119 sexcentas

687 2167 911 2223 mortes,
940 2165 1227 2225 pest‘tanta
1250 2154 1485 2224 pericula
1506 2153 1608 2207 hoc
1625 2166 1807 2206 secum
1832 2148 2066 2219 putabat,
2095 2145 2266 2199 multo

684 2248 855 2319 magis
882 2261 1000 2302 nos.
1028 2243 1142 2299 Non
1167 2243 1348 2306 animo
1370 2241 1614 2305 concidi,
1643 2239 1842 2309 inquit,
1872 2236 2114 2308 quamvis
2143 2244 2261 2303 post

688 2345 891 2393 tantum
912 2350 1127 2391 cursum
1154 2332 1389 2389 nondum
1415 2329 1772 2402 pervenerim.
1796 2344 1903 2383 non
1934 2326 2055 2381 ideo
2085 2334 2260 2379 tamen

685 2402 987 2495 desperavi,
1016 2423 1111 2479 sed
1137 2421 1312 2477 adhuc
1338 2435 1522 2499 curro,
1545 2417 1722 2473 adhuc
1743 2424 1894 2473 certo
1922 2433 1937 2472 :
1964 2414 2068 2470 hoc
2096 2427 2259 2467 unum

686 2526 891 2590 specto.
912 2525 969 2571 ut
989 2515 1203 2571 assidue
1224 2513 1520 2584 prollciam.
1538 2511 1596 2567 ω
1610 2510 1768 2583 nobis
1781 2509 1943 2564 etiam
1961 2507 2259 2563 faciendum

684 2621 766 2665 est
786 2608 1067 2664 τοι)ιὶνίυηί
1098 2604 1404 2687 mandanda
1424 2610 1551 2657 sunt
1568 2600 1865 2665 benefacta,
1894 2608 1951 2655 et
1967 2598 2260 2653 omittenda
2286 2649 2291 2655 .

683 2715 803 2769 quae
829 2709 976 2754 retro
1000 2694 1301 2751 malitiam
1327 2702 1384 2749 et
1413 2707 1623 2758 cursor,
1648 2706 1753 2746 non
1782 2689 2107 2773 quot‘spatia
2127 2703 2259 2743 eon-

686 2786 871 2844 l'eccrit
902 2787 1130 2855 cogitat,
1158 2784 1253 2839 sed
1295 2792 1426 2852 quot
1462 2782 1639 2836 adhuc
1681 2787 1903 2835 restent.
1927 2779 2003 2833 ita
2038 2787 2090 2831 et
2125 2793 2257 2844 niis,

687 2891 792 2931 non
818 2884 1072 2945 quantum
1103 2874 1154 2927 in
1186 2874 1382 2927 virtute
1410 2869 1677 2941 progressi
1714 2869 1905 2934 simus,
1938 2868 2257 2939 cogitemus,

684 2966 781 3023 sed
808 2973 1063 3036 quantum
1084 2962 1258 3018 adhuc
1281 2960 1933 3039 progrediendumresitet.
1957 2958 2093 3025 Quid
2115 2957 2258 3011 enim

686 3055 842 3111 nobis
861 3053 1119 3125 proderit,
1137 3051 1278 3123 quod
1303 3051 1566 3121 progressi
1588 3049 1915 3132 sumus,'nisi
1937 3044 2260 3114 etiamquod

685 3156 848 3202 restat
887 3143 1316 3201 confecerimus?
1348 3142 1529 3211 Neque
1557 3140 1724 3205 dixit,
1751 3139 1868 3214 Non
1896 3139 2105 3208 cogito,
2132 3145 2223 3204 aut
2241 3178 2257 3202 ,

685 3235 801 3290 Non
819 3234 1057 3301 memini,
1080 3232 1196 3298 sed,
1220 3230 1551 3294 Oblivisceris,
1579 3226 1649 3282 ita
1682 3244 1780 3283 nos
1802 3228 2117 3299 agteutiores
2137 3224 2258 3279 red-

685 3326 839 3380 dens.
883 3323 1034 3380 Tunc
1084 3325 1226 3378 enim
1275 3322 1429 3377 valde
1475 3306 1823 3375 vehementes
1874 3332 2092 3381 sumus,
2136 3332 2258 3371 cum

684 3430 899 3469 «inuitem
924 3410 1364 3483 animi’impetum
1394 3414 1445 3466 iu
1473 3411 1525 3467 td
1546 3410 1688 3481 quod
1714 3417 1880 3465 restat
1908 3408 2255 3474 coniecimus,

683 3521 804 3559 cum
834 3505 1102 3577 prreterita
1133 3502 1384 3557 oblivioni
1416 3500 1801 3556 mandavimus.
1849 3499 2216 3555 Extendentes
2238 3539 2255 3565 ,

682 3596 876 3665 inquit.
896 3609 1013 3658 nos,
1042 3606 1326 3665 antequam
1348 3591 1683 3655 accedamus,
1700 3606 1895 3659 capere
1919 3591 2185 3645 volumus.
2209 3590 2259 3644 Is

684 3685 825 3739 enim
852 3684 1141 3740 extendere
1166 3699 1225 3738 se
1251 3682 1464 3746 dicitur,
1486 3681 1576 3752 qui
1605 3680 1788 3749 pedes,
1810 3680 1934 3736 licet
1958 3690 2255 3745 currentes,

683 3773 891 3842 reliquo
937 3788 1165 3843 corpore
1207 3778 1548 3827 antevenere
1586 3769 1797 3834 studet,
1829 3782 1995 3839 seque
2037 3768 2258 3823 inclinat

683 3863 738 3917 in
768 3863 1043 3928 interiora,
1075 3857 1773 3930 manusque_protcndit,.ut
1800 3853 2072 3926 aliquanto
2096 3858 2255 3912 etiam

682 3951 801 4020 plus
825 3952 982 4021 spatii
1012 3951 1188 4004 iaciat.
1217 3948 1273 4002 id
1312 3963 1440 4003 vero
1475 3956 1541 4007 ex
1582 3947 1749 4001 multo
1784 3946 1946 4000 animi
1978 3947 2177 4016 impetu
2203 3954 2259 4002 et

685 4058 875 4113 magno
893 4044 1086 4097 artiore
1102 4042 1178 4095 tit.
1201 4040 1299 4107 Qui
1320 4039 1506 4105 currit,
1528 4039 1627 4093 hoc
1646 4038 1805 4092 modo
1825 4046 2005 4092 currat
2020 4037 2253 4107 oportet,

682 4144 832 4191 tanto
854 4149 978 4190 cum
1002 4133 1182 4188 studio
1204 4172 1222 4195 ,
1251 4140 1400 4185 tanto
1424 4145 1546 4183 cum
1578 4130 1800 4199 impetu,
1830 4145 1935 4184 non
1963 4140 2138 4183 autem
2166 4145 2254 4184 re-

678 4228 865 4283 misse.
887 4225 1153 4291 Quantum
1178 4230 1355 4275 autem
1385 4218 1523 4273 inter
1544 4218 1685 4273 hunc
1710 4220 1797 4289 qui
1826 4219 1927 4273 hoc
1952 4220 2109 4273 modo
2134 4236 2257 4274 cur-

681 4320 767 4382 rit,
797 4328 849 4371 et
880 4316 1019 4368 inter
1043 4329 1164 4368 eum
1190 4314 1279 4382 qui
1301 4311 1444 4380 jacet
1466 4311 1690 4378 supinus
1709 4350 1724 4370 .
1755 4312 1973 4365 interest
1999 4351 2015 4376 ,
2049 4320 2252 4365 tantum

680 4410 820 4464 inter
842 4406 1058 4460 Paulum
1088 4414 1143 4458 et
1171 4418 1287 4457 nos.
1312 4402 1559 4470 Quotidie
1590 4401 1680 4455 ille
1707 4401 2052 4466 moriebatur,
2080 4403 2254 4471 quoti-

677 4498 767 4550 die
794 4496 928 4549 bene
952 4493 1288 4555 merebatur;
1322 4491 1462 4544 nulla
1488 4499 1605 4544 erat
1628 4490 1858 4551 occasio,
1885 4490 2086 4543 nullum
2120 4499 2254 4545 tem-

684 4600 804 4656 pus,
835 4586 885 4637 iu
909 4599 1016 4653 quo
1041 4598 1146 4636 non
1168 4583 1340 4649 aliqua
1369 4582 1441 4634 illi
1468 4582 1532 4633 ad
1558 4595 1773 4634 cursum
1802 4581 2039 4634 accessio
2070 4581 2249 4645 ﬁeret;

685 4692 791 4731 non
822 4672 1032 4729 volebat
1082 4689 1270 4742 capere
1293 4714 1308 4735 ,
1338 4672 1432 4726 sed
1475 4686 1663 4741 rapere
1694 4689 1708 4725 :
1737 4671 1807 4725 ita
1850 4671 1990 4725 enim
2046 4673 2119 4725 las
2173 4682 2255 4727 est

679 4780 891 4833 capere.
914 4765 1013 4831 Qui
1039 4763 1129 4818 dat
1152 4765 1395 4818 hravium
1423 4781 1463 4816 s;
1490 4777 1631 4816 rsum
1661 4770 1764 4827 est,
1788 4777 1997 4816 sursum
2026 4766 2251 4831 positum

676 4864 762 4911 cst
792 4842 1058 4910 bravium.
1434 4922 1441 4928 .
1463 4915 1469 4921 _

748 4938 804 4998 ‘2.
842 4945 969 5000 Vide
992 4957 1245 5014 quantum
1286 4945 1439 5011 spatii
1467 4944 1537 4998 sit
1573 4946 1899 5013 propositum
1927 4945 1991 4999 ad
2032 4962 2249 5016 percur-

681 5035 907 5090 rendum
932 5050 948 5099 ;
977 5033 1095 5088 vide
1124 5050 1281 5102 quam
1309 5035 1483 5088 celsus
1510 5036 1577 5088 sit
1606 5037 1770 5096 locus,
1812 5050 1921 5103 quo
1965 5035 2248 5089 velandum

681 5136 767 5181 est
802 5126 902 5180 alis
932 5126 1152 5195 spiritus
1183 5143 1196 5178 :
1243 5126 1400 5180 aliter
1443 5126 1585 5180 enim
1635 5125 1859 5179 altitudo
1904 5126 1991 5179 illa
2022 5127 2250 5180 obtineri

679 5216 882 5283 nequit.
924 5213 1059 5267 Cum
1104 5229 1327 5283 corpore
1367 5214 1493 5269 illuc
1534 5215 1923 5284 properandum
1953 5224 2073 5281 est;
2122 5216 2251 5271 licet

676 5309 820 5363 enim
853 5329 867 5363 :
902 5307 1095 5363 Nostra
1121 5311 1263 5365 enim
1289 5352 1303 5376 ,
1334 5298 1501 5380 inquit
1524 5354 1540 5375 ,
1571 5315 1882 5366 conuersatio
1908 5312 1961 5367 in
2010 5314 2146 5368 rtt‘lis
2172 5321 2246 5365 est

676 5399 697 5470 (
720 5399 954 5470 Philipp.
983 5402 1034 5457 3.
1075 5401 1181 5469 20)
1214 5421 1225 5453 :
1275 5403 1353 5454 ibi
1378 5402 1550 5471 palma
1576 5412 1677 5456 est.
1708 5403 1870 5458 Vides
1893 5418 1987 5459 eos
2007 5408 2094 5474 qui
2122 5420 2248 5459 cur-

677 5503 821 5559 runt,
853 5506 1011 5562 quam
1039 5509 1106 5547 ex
1132 5495 1247 5563 lege
1276 5493 1502 5547 vivant?
1523 5510 1679 5563 quam
1706 5495 1835 5549 nihil
1862 5511 2049 5553 eorum
2077 5537 2092 5559 .
2124 5513 2244 5565 qum

676 5585 819 5639 vires
844 5595 1123 5652 enervant,
1166 5587 1470 5653 attingant?
1497 5601 1657 5654 quam
1685 5582 1926 5655 quotidie
1950 5597 2159 5643 certent
2187 5588 2238 5641 in

679 5676 922 5744 μεθείη
949 5676 1050 5731 sub
1077 5677 1331 5745 magistro
1351 5685 1404 5731 et
1430 5677 1588 5746 lege?
1616 5677 1724 5731 Hos
1766 5676 1847 5733 lac
1888 5679 2111 5734 imiteris
2135 5721 2151 5745 ,
2180 5696 2242 5735 ac

676 5770 851 5845 potius
892 5770 1146 5840 majorem
1173 5784 1359 5845 prome
1383 5771 1544 5825 animi
1576 5771 1829 5843 impetum
1861 5792 1875 5827 :
1907 5773 2063 5843 longe
2092 5774 2235 5829 enim

1387 394 1466 460 s.‘
1487 402 1767 465 massis
1790 396 2266 460 "cunvsosrom
2308 380 2620 456 ιιιιωιιειι.
2657 398 3190 465 εοκετλκτωυιι.

3820 403 3936 463 m

2379 511 2551 582 pctior
2574 522 2657 567 est
2680 513 2853 584 palma
2877 554 2892 581 ,
2920 525 2976 572 et
3001 517 3149 571 multi
3197 528 3324 573 sunt
3366 520 3453 590 qui
3487 519 3783 590 impediunt
3811 540 3825 573 :
3864 536 3930 576 es

2370 600 2486 672 lege
2520 602 2638 659 vive
2670 620 2684 657 :
2708 604 2872 660 multa
2893 606 3036 662 enim
3061 616 3186 663 sunt
3204 649 3220 674 ,
3249 626 3366 680 qua:
3390 611 3555 666 robur
3578 611 3880 669 dissolvunt
3910 631 3924 667 :

2367 692 2568 748 bonum
2596 709 2722 751 crus
2760 695 2843 751 lae
2866 697 2990 769 pedi
3023 707 3151 766 tuo;
3183 710 3337 769 potes
3361 702 3503 757 enim
3537 723 3551 759 :
3585 717 3691 757 non
3726 693 3926 758 natura

2368 798 2456 840 res
2478 794 2578 851 est,
2624 787 2720 842 sed
2746 789 3054 844 voluntatis.
3101 790 3294 846 Levem
3338 791 3476 849 hanc
3512 793 3833 852 reddamus.
3869 810 3928 848 ne

2367 879 2630 935 celeritati
2659 881 2851 951 pedum
2882 884 3142 953 reliquum
3168 884 3375 953 pondus
3400 885 3605 941 ofﬁciat
3628 904 3641 940 :
3672 885 3808 942 doce
3834 902 3921 955 pe—

2364 968 2462 1024 des
2484 985 2601 1026 esse
2620 972 2804 1028 lirmos
2824 990 2841 1029 :
2861 974 3036 1028 solum
3059 976 3201 1029 enim
3231 977 3410 1030 multis
3434 977 3486 1030 in
3506 976 3640 1031 locis
3654 986 3737 1031 est
3759 968 3895 1030 l'ubri

2366 1074 2523 1125 cum;
2553 1077 2617 1117 ac
2654 1065 2697 1116 si
2727 1064 2889 1119 cadas
2911 1106 2929 1132 ,
2960 1067 3123 1121 multa
3156 1068 3451 1137 perdidisti.
3482 1070 3732 1124 Attamen
3753 1110 3767 1131 .
3798 1079 3855 1123 et
3880 1068 3919 1121 si

2365 1150 2648 1219 cecideris,
2680 1168 2910 1224 exsurge
2940 1173 2953 1208 :
2989 1155 3113 1212 licet
3137 1160 3279 1213 enim
3306 1168 3361 1213 et
3388 1158 3490 1215 boc
3512 1164 3668 1228 paeto
3697 1159 3925 1213 vincere.

2363 1238 2663 1313 Numquam
2684 1243 2902 1301 lubricis
2920 1246 3082 1302 rebus
3109 1258 3163 1302 te
3182 1251 3519 1316 committas;
3538 1259 3593 1305 et
3617 1264 3721 1304 non
3743 1248 3925 1304 cades:

2366 1345 2529 1400 super
2543 1332 2742 1389 solidas
2766 1343 2823 1390 et
2845 1336 3069 1395 stabiles
3088 1352 3279 1395 curre:
3303 1355 3514 1396 sursum
3535 1349 3697 1410 caput
3716 1339 3924 1402 habeat.

2365 1437 2576 1478 sursum
2597 1427 2803 1481 oculos.
2820 1427 2875 1483 ld
2891 1439 2947 1485 et
2964 1432 3305 1485 currentibus
3326 1433 3563 1503 magistri
3586 1430 3923 1502 praeipiunl:

2367 1512 2436 1567 ita
2457 1516 2854 1573 consolidantur
2875 1518 3035 1575 vires.
3052 1520 3143 1576 Sin
3174 1520 3424 1576 deorsum
3456 1538 3670 1578 versum
3698 1522 3924 1584 notabis,

2366 1606 2637 1674 concides,
2664 1623 2735 1663 ac:
2753 1608 2988 1665 natisces.
3021 1611 3247 1667 Sursum
3268 1623 3478 1682 specta,
3499 1614 3789 1685 ubipalma
3817 1600 3922 1667 est:

2368 1695 2453 1750 hic
2495 1697 2685 1765 palma:
2714 1710 2964 1775 aspectus
2991 1714 3146 1775 anget
3190 1705 3422 1760 studium
3469 1706 3790 1773 voluntatis;
3815 1720 3927 1776 spes

2364 1783 2551 1840 adimit
2571 1787 2808 1843 laborum
2831 1800 2886 1845 et
2906 1793 3270 1849 molestiarum
3296 1808 3507 1850 sensum
3533 1815 3549 1860 ;
3581 1797 3927 1868 longinquitas

2364 1872 2489 1930 facit
2512 1884 2572 1931 ut
2598 1876 2840 1942 hravium
2883 1894 3139 1951 appareat
3178 1886 3449 1955 exiguum.
3480 1887 3763 1955 Quodnam
3804 1888 3926 1943 illud

2365 1966 2486 2021 est?
2508 1966 2623 2022 Non
2650 1984 2831 2026 ramus
2858 1974 3047 2042 palmae
3071 1977 3199 2039 ;scd
3220 1978 3344 2048 quid
3363 1978 3641 2049 ?Regnum
3659 1981 3925 2047 carlorum,

2370 2057 2583 2136 requies
2606 2061 2951 2131 sempiterna,
2993 2064 3159 2135 gloria
3182 2078 3309 2121 “cum
3339 2068 3556 2123 Christo
3576 2112 3592 2134 ,
3624 2071 3884 2126 hereditas
3910 2112 3923 2136 .

2366 2143 2673 2205 fraternitas
2697 2191 2713 2215 ,
2743 2154 3151 2210 innumerabilia
3178 2156 3315 2212 bona
3342 2199 3358 2223 ,
3389 2174 3509 2228 qure
3539 2160 3716 2215 verbis
3741 2161 3923 2229 exponi

2365 2250 2469 2289 non
2497 2248 2736 2306 possunt.
2770 2240 2969 2296 Palma:
2998 2244 3141 2299 illius
3186 2246 3641 2314 pulchritudinem
3669 2250 3927 2321 explicare

2365 2341 2471 2380 non
2514 2342 2797 2399 possumus
2824 2349 2839 2386 :
2867 2333 3019 2387 solus
3045 2334 3138 2390 ille
3164 2337 3310 2392 novit
3335 2338 3425 2409 qui
3469 2340 3701 2405 obtinet,
3750 2351 3809 2396 et
3845 2342 3927 2411 qui

2364 2429 2682 2487 accepturus
2711 2430 2815 2484 est.
2844 2423 2961 2483 Non
2979 2435 3063 2480 est
3087 2441 3273 2493 aurea,
3303 2444 3406 2484 non
3432 2445 3499 2486 ex
3519 2432 3787 2503 lapidibus
3808 2449 3927 2489 eou-

2363 2515 2509 2573 stat;
2554 2509 2725 2569 multo.
2753 2510 2870 2566 istis
2895 2522 2982 2568 est
3007 2516 3295 2585 pretiosior
3325 2535 3340 2569 ε
3368 2533 3556 2577 aurum
3588 2535 3702 2591 pra:
3728 2521 3814 2578 illa
3843 2524 3915 2576 lu-

2367 2604 2477 2651 tum
2518 2608 2635 2665 est;
2686 2599 2895 2670 lapides
2923 2605 3142 2672 pretiosi
3172 2621 3282 2676 pra:
3310 2607 3400 2662 illa
3434 2610 3826 2679 pulchritudine
3854 2616 3927 2667 la-

2366 2693 2507 2742 teres
2532 2696 2675 2742 sunt.
2707 2689 2764 2744 Si
2790 2705 2852 2745 ea
2882 2681 3082 2771 potitus
3110 2695 3163 2748 in
3190 2697 3379 2751 eselum
3408 2696 3589 2765 iveris,
3612 2716 3804 2772 magno
3828 2703 3928 2757 illic

2363 2792 2484 2831 cum
2516 2778 2721 2834 honore
2766 2784 2965 2850 poteris
2994 2784 3244 2840 incedere
3276 2803 3290 2839 :
3320 2789 3495 2858 angeli
3533 2800 3586 2846 te
3616 2793 3928 2849 revereban-

2366 2878 2452 2924 tur
2478 2869 2711 2938 palmam
2742 2872 2887 2927 illam
2934 2874 3196 2931 terentem
3227 2897 3241 2932 :
3272 2877 3500 2935 ﬁdenter
3541 2880 3610 2935 ad
3634 2897 3820 2953 omnes
3842 2898 3925 2938 ac-

2364 2961 2544 3016 cedes.
2589 2961 2661 3030 In,
2700 2962 2900 3018 Christo
2943 2965 3090 3020 Jesu.
3141 2966 3273 3024 Vide
3316 2979 3525 3038 gratum
3569 2974 3805 3029 animum
3834 2990 3849 3027 :
3876 2974 3925 3027 lu

2364 3049 2578 3105 Christo
2600 3050 2727 3105 Jesu
2753 3052 2877 3119 hoc,
2905 3047 3110 3123 inquit,
3141 3054 3297 3111 iacio.
3320 3058 3437 3113 Non
3466 3061 3612 3115 enim
3655 3064 3770 3119 sine
3800 3063 3928 3117 illius

2325 3135 2343 3150 '
2365 3139 2597 3208 impulsu
2628 3150 2833 3215 tantum
2864 3145 3021 3212 spatii
3047 3147 3318 3203 coniicere
3345 3147 3425 3203 fas
3454 3162 3540 3208 est
3571 3169 3586 3203 :
3613 3154 3779 3209 multo
3803 3167 3926 3222 opus

2362 3242 2446 3285 est
2464 3230 2685 3285 auxilio.
2715 3231 2975 3287 Deorsum
3007 3242 3058 3289 te
3084 3240 3294 3292 certare
3311 3238 3496 3302 voluit,
3526 3256 3737 3297 sursum
3777 3258 3927 3299 coro-

2364 3330 2456 3374 nat
2482 3336 2498 3374 :
2524 3335 2628 3376 non
2652 3331 2706 3375 ut
2738 3324 2844 3387 hic,
2862 3325 2953 3378 ubi
2976 3336 3273 3396 certamen,
3298 3340 3378 3383 est
3406 3317 3570 3386 etiam
3597 3349 3793 3390 corona
3826 3336 3923 3401 illa,

2363 3409 2456 3465 sed
2489 3411 2542 3465 in
2568 3412 2853 3481 splendido
2884 3416 3001 3469 loco
3027 3432 3226 3473 corona
3257 3419 3344 3474 illa
3371 3430 3474 3476 est.
3501 3422 3619 3481 Non
3645 3425 3832 3481 videtis
3851 3427 3931 3479 hic

2361 3500 2522 3555 etiam
2562 3516 2657 3557 eos
2685 3518 2750 3558 ex
2781 3503 2999 3560 athletis
3026 3516 3083 3562 et
3107 3510 3307 3580 aurigis
3328 3551 3344 3574 ,
3374 3527 3515 3580 quos
3557 3516 3788 3571 maximo
3816 3518 3917 3571 alli-

2361 3594 2510 3649 ciunt
2554 3593 2779 3665 honore,
2833 3614 2939 3652 non
2988 3599 3239 3657 deorsum
3269 3603 3327 3657 in
3349 3605 3526 3665 stadio
3551 3647 3568 3673 ,
3603 3608 3699 3663 sed
3727 3625 3925 3663 sursum

2361 3694 2589 3741 vocante
2616 3685 2945 3756 lmperatore
2971 3692 3241 3747 coronari.
3276 3692 3350 3747 Ita
3378 3696 3539 3749 etiam
3564 3704 3618 3750 et
3651 3706 3705 3752 tu
3734 3699 3858 3754 hinc
3880 3701 3924 3753 in

2360 3776 2493 3830 caelo
2526 3779 2708 3847 capies
2758 3780 3011 3847 palmam.
3067 3781 3155 3836 l5.
3205 3783 3517 3855 Quicumque
3555 3803 3675 3859 ergo
3726 3792 3922 3861 ptrfccti

2361 3883 2552 3931 sumus,
2601 3869 2789 3938 inquit,
2818 3869 2912 3924 hoc
2938 3873 3210 3927 sentiamus
3236 3888 3256 3926 :
3284 3884 3333 3927 et
3357 3875 3534 3945 siquid
3555 3878 3705 3933 aliter
3726 3880 3920 3949 sapitis.

2361 3964 2410 4008 et
2455 3958 2550 4010 hoc
2584 3957 2720 4013 vobis
2753 3958 2885 4014 Deus
2929 3960 3187 4016 reuelabit.
3218 3963 3353 4030 Quid
3388 3965 3489 4021 hoc
3516 3969 3637 4022 est?
3665 3969 3915 4024 Nimirum

2362 4063 2478 4119 qua:
2505 4057 2652 4104 retro
2680 4060 2806 4106 sunt
2830 4092 2844 4115 ,
2867 4051 3257 4108 obliviscenda
3291 4069 3413 4110 esse
3444 4074 3457 4108 :
3506 4059 3575 4110 ita
3607 4070 3663 4111 ut
3704 4060 3917 4129 perfecti

2362 4140 2594 4193 hominis
2620 4140 2711 4205 sit,
2741 4156 2845 4195 non
2873 4156 2934 4196 se
2950 4143 3259 4199 existimare
3288 4145 3582 4213 perlectum
3615 4165 3755 4203 esse.
3785 4151 3923 4218 Quo»

2362 4231 2521 4285 tuodo
2568 4231 2728 4301 igitur
2778 4233 2936 4297 dicis,
2996 4233 3310 4306 Quicumque
3352 4238 3604 4308 perfecti?
3652 4240 3738 4294 dic
3788 4243 3921 4295 enim

2361 4322 2490 4375 mihi
2512 4363 2528 4383 .
2560 4322 2785 4378 hoccine
2831 4324 2910 4377 vis
2942 4327 3211 4393 sapiamus
3238 4328 3381 4396 quod
3414 4338 3467 4382 tu
3496 4331 3682 4400 sapis?
3708 4332 3838 4386 Nam
3879 4332 3918 4387 si

2360 4428 2464 4466 non
2491 4423 2811 4483 assequutus
2838 4430 2918 4478 es,
2942 4417 2985 4469 si
3018 4432 3121 4470 ron
3151 4433 3210 4473 es
3237 4420 3524 4488 perlectus,
3561 4422 3830 4491 quomodo
3846 4424 3922 4492 ju-

2361 4502 2456 4556 bes
2486 4504 2747 4571 perfectos
2776 4505 2876 4561 hoc
2906 4521 3116 4575 Sapere,
3148 4510 3289 4578 quod
3322 4519 3375 4564 et
3404 4520 3455 4563 tu
3485 4514 3651 4580 sapis,
3682 4515 3770 4584 qui
3795 4529 3920 4568 non-

2359 4591 2483 4645 dum
2512 4608 2571 4645 es
2599 4595 2904 4661 perlectus?
2937 4598 3046 4650 lloc
3086 4601 3250 4663 enirn,
3303 4601 3505 4670 inquit,
3541 4603 3799 4671 perfectio
3827 4614 3917 4659 est.

2365 4679 2428 4733 Et
2455 4684 2497 4734 si
2522 4683 2643 4751 quid
2662 4684 2809 4736 aliter
2830 4686 3026 4763 sapitis,
3055 4698 3102 4741 et
3127 4689 3220 4742 hoc
3260 4690 3394 4743 uobis
3425 4690 3561 4746 Deus
3591 4694 3841 4747 reuelabit.
3871 4694 3917 4747 Id

2360 4781 2467 4837 est,
2497 4774 2538 4825 si
2568 4777 2686 4843 quis
2710 4782 2886 4829 autem
2910 4788 3059 4846 putat
3087 4794 3145 4833 se
3169 4790 3339 4833 totum
3371 4790 3515 4836 recte
3543 4798 3665 4839 esse
3681 4802 3921 4854 assequu-

2362 4871 2490 4915 tum.
2522 4862 2678 4917 Cavet
2707 4866 2955 4921 nimirum
2986 4869 3127 4932 illis;
3152 4879 3206 4924 at
3236 4888 3341 4925 non
3372 4872 3438 4925 ita
3466 4874 3619 4938 dixit,
3650 4877 3744 4931 sed
3775 4874 3916 4945 quid?

2362 4952 2425 5003 Et
2454 4954 2498 5005 si
2522 4956 2641 5024 quid
2661 4957 2805 5009 aliter
2824 4959 3022 5026 capitis,
3045 4961 3207 5013 ethoc
3233 4961 3366 5014 vobis
3391 4961 3525 5016 Deus
3555 4965 3814 5019 reuelabit.
3837 4962 3916 5016 Vi.

2359 5044 2475 5110 des,
2502 5062 2664 5121 quam,
2691 5048 3013 5111 verecunde.
3045 5050 3157 5105 lloe
3180 5092 3195 5118 ,
3227 5051 3435 5121 inquit,
3470 5069 3567 5109 vos
3596 5054 3737 5110 Deus
3764 5056 3909 5108 doce—

2361 5135 2436 5189 bit
2481 5154 2493 5189 :
2539 5137 2587 5189 id
2624 5120 2725 5202 est,
2770 5139 2913 5193 Deus
2965 5142 3114 5194 vobis
3162 5120 3522 5212 persuadebit,
3578 5160 3685 5200 nou
3729 5156 3913 5200 tantum

2360 5229 2569 5282 docebit
2610 5249 2621 5282 :
2654 5246 2776 5284 nam
2807 5231 3035 5287 docebat
3066 5235 3277 5302 quidem
3310 5235 3501 5289 Paulus
3528 5254 3541 5288 :
3589 5237 3727 5290 Deos
3755 5244 3914 5289 autem

2361 5318 2663 5372 inducebat.
2698 5321 2763 5373 lit
2795 5338 2899 5375 non
2931 5322 3083 5384 dixit,
3120 5323 3359 5387 ludncet,
3382 5324 3505 5386 sed,
3548 5323 3804 5378 Rwelabit
3825 5342 3844 5389 ;
3869 5331 3914 5374 ut

2360 5424 2425 5463 cx
2456 5410 2747 5476 ignorantia
2792 5427 2879 5465 res
2912 5416 3181 5480 proﬁcisci
3226 5417 3489 5469 videatur.
3544 5415 3663 5471 Non
3712 5418 3823 5470 lure
3859 5414 3914 5468 de

2358 5501 2620 5570 dogmatis
2672 5504 2810 5557 dicta
2862 5513 3006 5568 sunt,
3062 5504 3154 5559 sed
3197 5506 3262 5559 de
3307 5505 3637 5574 perfectiOue
3688 5507 3826 5568 vite,
3869 5513 3915 5555 ut

2360 5607 2517 5645 nemo
2558 5609 2615 5646 se
2656 5593 2769 5663 ipse
2796 5596 3069 5649 existimet
3102 5595 3398 5663 perlectum
3426 5612 3571 5650 esse.
3604 5597 3811 5650 l-Zten'un
3837 5594 3912 5662 qui

2358 5682 2535 5736 omnia
2564 5699 2623 5738 se
2669 5692 2817 5752 putat
2858 5696 3285 5752 couseguutum,
3320 5686 3452 5741 nihil
3484 5687 3663 5741 habet.
3707 5688 3791 5741 16.
3829 5684 3913 5738 Vc-

2363 5783 2637 5829 rnmta-nrn
2664 5775 2730 5828 ad
2752 5772 2884 5847 quod
2910 5777 3249 5847 peruenimus,
3270 5778 3320 5831 in
3346 5777 3521 5832 eadem
3548 5784 3919 5845 permaneottwv‘
