4064 6318
100 393 193 448 ⁴273
961 383 1024 439 IN
1066 381 1272 439 EPIST.
1314 383 1400 436 AD
1442 375 1723 434 Pllil.lPP.
1770 375 1921 433 CAP.
1968 379 2052 432 111.
2097 379 2322 435 1103111μ
2368 381 2483 437 XII.

99 506 261 574 regula
288 519 307 557 :
326 503 458 556 idem
483 502 761 572 sapiamus.
815 497 1164 551 Verumtamen
1185 497 1252 549 ad
1270 495 1405 563 quod
1436 493 1660 560 pet-reni-

101 611 220 654 ntus,
247 593 373 660 quid
400 591 505 645 hoc
532 591 651 644 est?
683 589 908 652 Interea,
940 585 1287 656 inquit,quod
1324 584 1447 638 boni
1471 597 1659 638 consc-

99 681 239 750 quuti
259 698 463 747 sumus,
491 692 790 744 teneamus,
819 680 1096 733 caritatem
1121 719 1135 741 ,
1166 677 1528 736 concordiam,
1562 690 1655 743 pa-

99 789 208 826 rem
238 793 251 827 :
279 775 380 827 hoc
411 775 566 827 nobis
592 781 736 826 recte
763 771 1065 826 confectum
1097 777 1197 823 est.
1230 769 1308 821 Ad
1333 769 1467 836 quod
1493 781 1662 832 perve-

101 865 278 928 niutus,
307 867 358 917 in
389 865 562 917 eadem
595 877 975 933 pet-maneamus
1001 860 1194 930 regula,
1220 859 1353 910 idem
1381 858 1657 923 sapiamus.

101 954 171 1005 Ad
216 954 347 1021 quod
386 953 740 1020 pervenimus;
788 950 837 1004 id
881 959 981 1015 est,
1031 951 1131 1002 hoc
1175 948 1328 1002 nobis
1363 948 1472 1016 jam
1519 955 1663 1000 recte

96 1044 388 1096 confectum
428 1052 530 1097 est.
567 1042 727 1096 Vides
757 1041 976 1095 Paulum
1025 1040 1125 1094 hoc
1175 1039 1344 1101 velle,
1394 1044 1658 1106 praecepta

97 1148 208 1187 esse
235 1133 509 1202 regulam?
538 1132 737 1202 Regula
777 1147 948 1201 neque
999 1130 1322 1184 additioncm
1357 1143 1530 1197 neque
1560 1126 1656 1181 de-

100 1225 402 1279 tractionem
433 1225 577 1292 capit
601 1241 615 1288 ;
641 1216 976 1292 alioqiiijam
1009 1238 1112 1276 non
1140 1230 1223 1276 est
1249 1221 1452 1287 regula.
1483 1217 1546 1272 In
1571 1234 1651 1271 ea-

99 1315 200 1366 dem
219 1315 427 1383 regula;
459 1314 507 1365 id
534 1324 637 1376 est,
664 1314 715 1366 in
743 1313 930 1367 eadem
963 1312 1083 1370 ﬁde.
1115 1311 1166 1364 in
1190 1310 1374 1364 eadem
1402 1307 1662 1362 constitu-

100 1407 255 1456 tione.
293 1407 376 1457 17.
408 1404 700 1456 lmitatores
727 1405 823 1456 mei
849 1412 1002 1455 estote
1030 1443 1043 1466 ,
1073 1401 1252 1468 {rntres
1291 1415 1308 1452 :
1337 1409 1378 1452 ct
1411 1400 1660 1450 observate

99 1513 192 1556 eos,
224 1497 310 1562 qui
337 1497 407 1546 ita
434 1496 715 1560 ambulant,
748 1495 876 1547 sicut
911 1493 1102 1545 habetis
1141 1509 1230 1544 nos
1255 1493 1493 1562 formam.
1521 1488 1662 1541 Dixit

99 1587 358 1654 superius,
395 1586 567 1638 Videte
592 1601 764 1654 canes,
793 1585 889 1638 hos
911 1583 979 1636 ab
1005 1583 1110 1636 illis
1134 1581 1405 1636 abduceus
1433 1598 1445 1632 :
1471 1594 1663 1648 propo-

100 1653 172 1731 nit
198 1692 336 1730 nunc
369 1693 486 1742 eos,
523 1677 611 1746 qui
639 1653 764 1730 sntit
791 1673 1056 1741 imitandi.
1091 1673 1146 1727 Si
1171 1674 1312 1742 quis,
1345 1672 1533 1739 inquit,
1565 1684 1662 1723 nos

99 1767 288 1820 imitari
329 1755 442 1820 vult
467 1807 481 1829 ,
515 1767 558 1819 si
605 1766 725 1835 quis
766 1764 1011 1820 eamdem
1057 1763 1305 1816 insistere
1339 1762 1500 1826 viam,
1535 1759 1660 1812 huic

98 1871 307 1925 operam
335 1855 459 1909 date
491 1874 503 1910 :
537 1856 776 1924 quamvis
805 1871 905 1925 ego
934 1869 1037 1908 non
1075 1854 1268 1914 adsim.
1294 1853 1462 1907 nostis
1485 1861 1660 1906 tamen

100 1949 331 2001 incessus
357 1949 466 2001 mei
509 1948 770 2002 rationem
799 1956 852 2002 et
884 1945 1101 2000 modum
1136 1987 1151 2011 ,
1181 1945 1234 1998 id
1265 1953 1366 2009 est,
1400 1944 1661 2027 rationem

99 2038 212 2090 vita
241 2047 295 2090 et
315 2051 543 2090 morum.
564 2035 679 2090 Non
700 2037 843 2090 enim
875 2036 1054 2090 verbis
1083 2035 1258 2088 solum
1290 2033 1541 2098 docebat,
1568 2032 1661 2087 sed

98 2129 248 2179 etiam
279 2126 430 2180 factis
474 2126 969 2196 :quetnadmodum
1005 2127 1056 2179 in
1103 2125 1272 2178 choro
1316 2133 1371 2180 et
1422 2125 1660 2178 exercitu

98 2217 374 2285 choragum
398 2227 451 2271 et
481 2216 670 2271 ducem
704 2216 892 2286 reliqui
923 2216 1194 2269 imitentur
1227 2224 1431 2284 oportet
1463 2255 1478 2279 ,
1509 2224 1561 2267 ut
1591 2215 1660 2268 ita

98 2309 332 2363 ordinate
367 2308 616 2364 incedant
648 2327 659 2360 :
691 2324 810 2362 nam
845 2309 955 2362 ﬁeri
984 2316 1178 2378 potest,
1203 2317 1253 2360 ut
1284 2321 1348 2359 ex
1383 2307 1470 2358 illo
1501 2306 1659 2359 etiam

100 2407 231 2451 statu
254 2398 391 2452 ordo
419 2398 760 2452 dissolvatur.

175 2489 224 2542 5.
275 2486 498 2542 Doctoris
535 2498 580 2542 et
629 2489 864 2558 discipuli
903 2489 1081 2557 ofﬁcia.
1127 2519 1196 2529 ——
1238 2489 1376 2558 Ergo
1425 2490 1649 2557 apostoli

99 2589 241 2632 erant
269 2578 434 2632 forma
474 2589 529 2634 et
561 2588 713 2650 typus
738 2621 752 2644 ,
785 2580 1015 2647 Speciem
1044 2595 1161 2633 eam
1193 2581 1503 2642 retinentes,
1532 2596 1650 2649 quze

99 2666 358 2736 archetypi
383 2677 437 2721 et
467 2668 704 2735 primarii
727 2667 1001 2737 cujusdam
1028 2669 1350 2737 exemplaris
1373 2669 1538 2722 instar
1575 2685 1662 2722 es-

100 2769 192 2812 set.
217 2758 480 2828 Cogitate,
503 2774 660 2827 quam
689 2770 939 2814 accurata
971 2769 1115 2813 esset
1139 2759 1241 2813 illis
1268 2760 1390 2813 vita:
1416 2760 1571 2820 ratio,
1606 2770 1663 2813 ut

102 2847 189 2913 ipsi
219 2849 473 2917 propositi
517 2859 697 2903 essent
725 2889 740 2913 ,
783 2849 932 2917 quasi
963 2849 1282 2919 archetypos
1312 2859 1362 2902 ct
1390 2850 1663 2917 exemplar

100 2948 148 2989 t-t
186 2938 329 3007 leges
356 2939 627 2993 animatze.
676 2941 804 3005 Qua:
849 2941 990 2994 enim
1022 2941 1188 2993 litera:
1230 2940 1513 3002 dicebant,
1549 2942 1661 2996 lucc

105 3027 198 3094 ipsi
228 3028 378 3083 factis
406 3029 686 3098 perspicua
723 3030 971 3084 omnibus
1001 3029 1282 3084 faciebant.
1313 3030 1437 3085 lianc
1464 3031 1660 3099 Optima

97 3127 172 3171 est
213 3117 437 3172 docendi
469 3119 609 3172 ratio
654 3136 665 3170 :
699 3119 772 3172 ita
806 3119 1126 3188 discipulum
1160 3119 1432 3188 impellere
1477 3119 1664 3173 doctor

101 3208 304 3273 poterit.
349 3209 443 3262 Sin
473 3209 616 3262 dicat
649 3207 859 3276 quidem
893 3223 956 3262 ac
1002 3209 1179 3262 verbis
1212 3208 1616 3278 phiIOSuphetur
1637 3253 1651 3274 ,

98 3297 240 3351 factis
256 3313 380 3353 vero
400 3300 667 3352 contraria
696 3307 1067 3368 reprrcsentet,
1089 3298 1322 3353 nondum
1346 3299 1536 3353 doctor
1557 3310 1660 3353 est.

97 3389 218 3442 Nam
267 3391 348 3446 vel
380 3391 646 3459 discipulo
698 3393 796 3444 hoc
841 3391 997 3445 facile
1040 3401 1165 3455 est,
1203 3392 1380 3446 verbis
1427 3393 1662 3459 philoso—

100 3481 238 3546 phari
262 3497 278 3546 ;
307 3481 400 3535 sed
427 3482 512 3536 illa
542 3482 838 3535 admonitio
863 3490 918 3536 et
948 3482 1222 3550 persuasio
1251 3481 1472 3537 accedat
1503 3498 1664 3551 opor-

102 3581 186 3631 tet,
215 3589 330 3642 qua:
361 3589 456 3644 per
481 3588 645 3641 opera
675 3573 732 3626 fit
760 3592 773 3626 :
801 3588 925 3626 nam
956 3573 1066 3626 lucc
1095 3583 1148 3627 et
1175 3572 1379 3627 doctori
1413 3590 1666 3628 reverem

102 3660 216 3713 tiam
265 3662 538 3723 conciliat,
581 3671 634 3715 et
682 3661 945 3730 discipulo
995 3663 1405 3732 propensionem
1453 3663 1517 3715 ad
1574 3679 1666 3731 pa-

103 3751 332 3804 rendum.
372 3751 699 3818 Quomodo?
744 3751 1041 3817 Quoniam,
1094 3753 1181 3806 ubi
1237 3753 1418 3806 verbis
1448 3753 1662 3821 quidem

103 3841 287 3896 viderit
325 3843 800 3913 philosophantem
826 3884 839 3905 ,
873 3858 1055 3897 serum
1085 3843 1248 3906 dicet,
1281 3843 1355 3896 Ea
1390 3859 1507 3912 quae
1548 3844 1662 3898 ﬁeri

105 3948 198 3983 non
235 3943 455 4001 possunt
480 3934 734 4001 magister
760 3934 859 3988 iste
892 3936 1182 4004 praecepit,
1217 3935 1376 4004 idque
1409 3936 1521 4003 ipse
1552 3937 1662 4004 pri-

106 4037 214 4076 mus
249 4025 526 4085 ostendit,
574 4027 662 4093 qui
686 4040 748 4079 ea
779 4040 887 4079 non
935 4025 1079 4080 facit.
1113 4026 1204 4081 Sin
1235 4036 1414 4081 autem
1468 4028 1666 4083 viderit

58 4169 60 4175 _
107 4115 340 4170 virtutem
366 4116 517 4170 factis
537 4117 666 4186 ipsis
683 4131 1021 4186 expressam,
1045 4133 1150 4171 non
1179 4119 1662 4188 liabcbilamplius,

106 4217 189 4257 cur
222 4205 319 4260 ista
368 4206 536 4259 dicat.
573 4204 948 4259 Verumtamen
977 4207 1138 4261 etiam
1187 4208 1229 4261 si
1271 4207 1506 4263 doctoris
1556 4211 1659 4264 vita

107 4295 352 4350 socordia:
375 4297 528 4364 plena
555 4296 644 4361 sit,
669 4297 826 4350 nobis
856 4297 984 4366 ipsis
1013 4298 1374 4366 attendamus,
1397 4309 1451 4354 et
1475 4302 1660 4355 audia-

107 4399 216 4437 mus
248 4385 562 4454 prophetam
593 4385 882 4450 dicentem,
920 4386 1083 4441 Enmt
1109 4405 1280 4442 omnes
1309 4392 1546 4445 docibiles
1573 4391 1666 4445 Dei

109 4476 271 4542 (Joan.
293 4477 346 4532 6.
380 4479 473 4546 ιδ)
500 4493 514 4539 ;
544 4486 617 4542 ct,
655 4476 706 4530 N
711 4494 774 4532 οη
799 4480 990 4532 docebit
1019 4482 1152 4534 ultra
1172 4482 1246 4534 vir
1269 4482 1477 4550 fratrem
1493 4501 1662 4549 suum,

108 4566 261 4619 dicens
294 4567 592 4638 :Cognost‘e
634 4568 903 4622 Dominum
925 4586 941 4633 ;
987 4587 1156 4623 omnes
1200 4573 1330 4625 enim
1371 4585 1667 4643 cognoscent

116 4675 185 4711 me
205 4676 234 4709 a
263 4661 473 4712 minimo
510 4677 682 4712 eorum
720 4676 876 4727 usque
900 4662 966 4713 ad
994 4663 1269 4715 maximum
1298 4662 1528 4733 (Jerem.
1575 4666 1664 4718 52.

110 4752 209 4820 54).
235 4752 352 4807 Non
383 4753 550 4807 habes
576 4752 847 4807 doctorem
863 4755 1063 4809 virtute
1095 4755 1411 4823 praeditum?
1439 4757 1544 4811 Sed
1571 4757 1668 4811 ba-

111 4841 195 4896 bes
235 4858 359 4897 eum
391 4844 480 4912 qui
523 4859 649 4898 vere
705 4844 890 4899 doetor
935 4855 1053 4907 est,
1101 4861 1257 4914 quem
1287 4847 1446 4900 etiam
1495 4848 1666 4902 solum

111 4931 368 4988 doctorem
422 4934 689 5002 appellare
735 4944 945 5003 Oportet
984 4955 995 4989 :
1039 4936 1104 4989 ab
1150 4936 1243 4990 illo
1285 4937 1471 4992 discite
1514 4955 1526 4988 :
1581 4938 1670 4992 ille

112 5025 245 5088 dixit,
285 5025 483 5079 Discite
509 5043 541 5078 a
571 5043 647 5080 me
667 5068 680 5089 ,
711 5028 828 5094 quia
854 5044 968 5080 sum
995 5028 1128 5081 mitis
1159 5028 1176 5096 (
1201 5027 1388 5080 Matth.
1431 5029 1519 5083 11.
1551 5028 1667 5099 ‘29).

115 5114 214 5169 Non
240 5118 500 5172 observes
542 5118 851 5186 magistrum
885 5117 1042 5172 istum
1066 5160 1079 5181 ,
1110 5119 1200 5173 sed
1235 5120 1380 5173 illum
1429 5121 1672 5190 illiusque

114 5207 406 5278 disciplinas
448 5224 462 5260 :
504 5207 626 5262 inde
659 5221 840 5278 typum
877 5225 1009 5278 cape
1039 5227 1052 5261 :
1085 5211 1247 5264 babes
1277 5211 1503 5280 efﬁgiem
1534 5214 1674 5282 cpti-

116 5311 273 5361 mam,
316 5295 388 5350 ad
427 5313 585 5366 quam
620 5299 846 5367 teipsum
876 5315 1186 5368 componas.
1229 5301 1506 5356 Sexcentas
1552 5311 1674 5356 sunt

117 5377 386 5459 proposita:
426 5390 478 5443 in
504 5389 795 5460 Scripturis
823 5392 1047 5445 vitarum
1073 5408 1191 5445 cum
1220 5392 1414 5446 virtute
1438 5401 1674 5449 actarum

117 5477 360 5550 imagines
390 5499 403 5534 :
431 5481 598 5544 velut,
629 5482 842 5547 accede,
879 5483 922 5535 si
948 5483 1096 5546 libet,
1127 5492 1248 5552 post
1275 5484 1582 5554 magistrum
1607 5485 1674 5539 ad

116 5567 393 5642 discipulos
417 5589 433 5626 :
461 5571 548 5627 hic
573 5573 787 5644 quidem
806 5588 870 5628 ex
889 5581 1203 5643 paupertate
1236 5573 1402 5638 fulsit,
1431 5575 1521 5630 ille
1548 5592 1676 5630 vero

117 5674 173 5714 ex
215 5661 416 5717 divitiis
463 5680 477 5715 :
521 5663 750 5733 exempli
794 5678 978 5728 causa,
1029 5663 1174 5718 Elias
1223 5680 1286 5720 ex
1344 5668 1673 5735 paupertate,

120 5751 373 5807 Abraham
401 5767 468 5808 ex
496 5752 698 5810 divitiis
728 5771 741 5807 :
772 5764 942 5807 utram
984 5763 1137 5825 putas
1169 5754 1445 5822 leviorem,
1478 5755 1676 5826 tibique

3239 394 3345 450 274

1776 489 2054 558 aptiorem,
2087 493 2220 548 hanc
2245 503 2384 549 tene.
2413 495 2615 549 Rursus
2641 496 2725 552 hic
2747 500 2963 568 quidem
2986 516 3047 556 ex
3074 506 3343 560 matrimo-

1772 580 1881 646 nio,
1915 581 2002 635 ille
2036 598 2162 637 vero
2193 599 2257 638 ex
2287 586 2590 654 virginitate
2623 607 2634 640 :
2663 589 2936 646 Abraham
2967 606 3030 646 et
3063 596 3342 648 matrimo-

1770 672 1878 736 uio,
1914 673 2054 728 Elius
2081 690 2141 728 ex
2175 676 2473 745 virginitate
2508 695 2519 731 :
2557 690 2725 732 utram
2757 682 2886 746 libet
2929 684 3064 735 viam
3115 686 3296 740 insiste
3328 703 3341 738 :

1771 771 1993 833 utraque
2038 767 2179 818 enim
2229 767 2292 820 ad
2341 769 2529 821 canum
2564 769 2729 823 ducit.
2775 771 2841 824 Et
2867 771 3101 826 Joannes
3128 776 3342 843 quidem

1770 867 1862 920 per
1881 854 2161 922 jejunium,
2187 855 2287 911 Job
2311 873 2439 911 vero
2461 859 2576 913 sine
2596 859 2834 929 jejuniis.
2866 852 3065 917 Rursus
3095 865 3179 918 hic
3208 867 3342 935 ipse,

1768 959 1887 997 cum
1920 946 2159 1001 mulieris
2195 957 2248 1002 et
2296 949 2525 1002 ﬁliorum
2557 962 2610 1004 ct
2641 951 2870 1006 ﬁliarum
2917 963 2971 1007 et
2996 955 3186 1010 domus
3217 973 3342 1012 cura
3425 971 3430 975 ‘

1769 1035 1865 1102 ipsi
1918 1039 2148 1106 gerenda
2196 1050 2356 1104 esset,
2391 1043 2679 1112 multisque
2729 1045 3025 1101 abundaret
3080 1049 3278 1102 divitiis
3329 1071 3341 1104 :

1766 1124 2001 1179 Joannes
2029 1144 2155 1182 vero
2183 1130 2307 1182 nihil
2338 1131 2645 1198 possidebat
2666 1143 2861 1202 praeter
2880 1139 3252 1192 vestimentum
3278 1155 3341 1192 ex

1768 1210 1895 1280 pilis
1917 1213 2238 1270 confectum.
2292 1218 2356 1272 Et
2403 1219 2528 1288 quid
2557 1220 2679 1274 dico
2707 1222 2923 1276 domum
2970 1235 3022 1278 et
3052 1224 3263 1280 divitias
3292 1237 3345 1280 et

1768 1309 2018 1373 pecunias
2048 1350 2063 1372 ,
2097 1310 2307 1378 quando
2337 1311 2416 1363 vel
2451 1313 2492 1365 is
2519 1314 2606 1382 qui
2636 1329 2856 1383 regnum
2901 1315 3138 1382 obtinet,
3170 1328 3340 1385 potest

1767 1400 2013 1453 virtutem
2042 1403 2338 1470 consequi?
2365 1402 2520 1458 Omni
2569 1406 2722 1478 enim,
2746 1406 2949 1474 privata
2983 1406 3143 1460 domo
3187 1409 3343 1476 longe

1767 1493 2078 1559 occupatior
2105 1495 2402 1561 reperietur
2427 1496 2570 1564 regia
2622 1513 2636 1548 :
2689 1505 2971 1565 lumenque
3005 1497 3170 1550 David
3203 1500 3345 1554 fuist

1768 1579 1820 1633 in
1857 1596 2057 1649 regno;
2110 1598 2282 1651 neque
2322 1583 2470 1638 illum
2513 1584 2757 1637 dissolvit
2799 1600 3050 1653 purpura,
3097 1596 3184 1640 aut
3232 1587 3345 1639 dia-

1767 1671 1917 1724 dema
1950 1690 1962 1724 :
1998 1673 2229 1742 itemque
2252 1674 2406 1737 alter,
2439 1675 2520 1728 cui
2555 1674 2747 1744 integri
2781 1676 2960 1744 populi
2989 1676 3342 1743 gubernacula

1764 1761 2047 1815 commissa
2078 1761 2307 1824 fuerant,
2344 1763 2550 1832 Moyses
2582 1805 2596 1827 ,
2626 1765 2842 1833 inquam
2876 1781 2890 1817 :
2923 1764 3062 1833 quod
3095 1779 3224 1820 sane
3245 1766 3346 1819 dif-

1767 1849 1956 1903 ﬁcilius
1986 1849 2144 1904 etiam
2169 1859 2282 1904 erat
2308 1869 2317 1903 :
2340 1850 2424 1905 hic
2453 1853 2591 1905 enim
2625 1851 2742 1920 plus
2774 1853 3002 1906 licentia:
3031 1862 3166 1918 erat,
3201 1854 3348 1908 ideo-

1769 1957 1872 2010 que
1903 1942 2017 2009 plus
2046 1941 2376 1996 difﬁcultatis
2405 1952 2458 1996 et
2497 1942 2886 1996 molestiarum.
2928 1941 3120 1996 Vidisti
3155 1945 3345 2010 proba-

1767 2037 1861 2088 tos.
1900 2031 1950 2083 in
1995 2030 2214 2095 divitiis,
2256 2031 2430 2084 vidisti
2474 2040 2528 2085 et
2569 2031 2624 2084 in
2679 2040 3032 2101 paupertate;
3074 2033 3249 2086 vidisti
3292 2036 3342 2086 in

1769 2122 2123 2183 matrimonio,
2154 2123 2327 2176 vidisti
2353 2133 2404 2176 et
2428 2124 2478 2176 in
2507 2124 2829 2193 virginitate.
2855 2124 3052 2178 Contra
3075 2139 3202 2178 vero
3217 2140 3346 2179 eon-

1766 2213 1962 2275 sidera,
1997 2223 2048 2267 et
2084 2213 2134 2266 in
2180 2214 2543 2279 matrimonio,
2599 2224 2652 2268 et
2706 2215 2759 2268 in
2808 2214 3134 2284 virginitate,
3184 2226 3237 2270 et
3293 2217 3344 2270 in

1766 2303 1962 2356 divitiis
1984 2343 1999 2368 ,
2033 2313 2085 2356 et
2115 2304 2165 2356 in
2198 2312 2507 2371 paupertate
2543 2320 2649 2357 non
2693 2303 2929 2358 defuisse
2964 2305 3057 2373 qui
3089 2307 3342 2374 perirent.

1767 2391 1973 2446 Nam-in
2001 2394 2340 2448 matrimonio
2363 2395 2577 2463 quidem
2601 2395 2752 2448 multi
2777 2395 3023 2451 homines
3050 2397 3339 2465 perierunt,

1765 2493 1825 2537 ut
1870 2484 2115 2549 Samson,
2149 2499 2250 2536 non
2300 2495 2472 2540 tamen
2502 2501 2565 2539 ex
2600 2487 2714 2555 ipso
2744 2487 3085 2541 matrimonio
3110 2530 3124 2554 ,
3157 2489 3248 2543 sed
3281 2505 3344 2543 ex

1766 2576 1943 2629 animo
1972 2577 2348 2643 voluntateqne
2375 2593 2490 2631 sua.
2523 2578 2576 2632 In
2602 2579 2904 2648 virginitate
2934 2581 3083 2646 item,
3105 2592 3162 2634 ut
3192 2582 3347 2650 quin-

1767 2680 1870 2735 que
1905 2666 2138 2736 virgines
2168 2684 2181 2720 :
2214 2668 2264 2720 in
2293 2668 2512 2732 divitiis,
2546 2668 2694 2722 dives
2725 2669 2815 2723 ille
2846 2671 2934 2738 qui
2965 2670 3224 2723 Lazarum
3253 2670 3348 2724 de-

1769 2758 2024 2824 spiciebat
2058 2775 2070 2810 :
2109 2758 2159 2812 iu
2192 2768 2521 2828 paupertate,
2553 2774 2694 2812 nunc
2715 2774 2928 2828 quoque
2953 2761 3191 2814 sexcenti
3219 2775 3346 2829 pau-

1769 2863 1925 2916 peres
1960 2858 2204 2918 pereunt.
2235 2848 2287 2902 ln
2317 2865 2482 2918 regno
2531 2860 2582 2903 et
2634 2850 2683 2902 in
2737 2850 2914 2918 populi
2960 2851 3347 2919 gubernatione

1768 2939 1963 2992 multos
1990 2954 2203 3008 possum
2245 2940 2526 2993 ostendere
2555 2940 2639 3007 qui
2673 2942 2950 3008 perierint.
2987 2940 3074 2994 Vis
3095 2951 3270 2995 autem
3295 2951 3348 2996 et

1770 3027 1820 3080 in
1840 3028 2053 3080 militari
2079 3029 2266 3082 ordine
2293 3029 2474 3083 videre
2501 3031 2588 3098 qui
2613 3029 2840 3084 salutem
2872 3031 3347 3100 sintconsequuti?

1769 3116 1977 3171 intuere
2004 3117 2311 3172 Cornelium
2362 3136 2373 3170 :
2410 3121 2488 3172 vis
2518 3130 2572 3174 et
2603 3121 2652 3174 in
2685 3121 2762 3175 rei
2809 3120 3087 3176 familiaris
3116 3122 3347 3176 admini-

1767 3211 2024 3264 stratione
2050 3210 2070 3261 ?
2117 3211 2322 3264 intuere
2352 3213 2655 3266 eunuchum
2685 3210 3054 3282 EthiOpisste.
3089 3215 3162 3267 lta
3189 3214 3345 3267 undi-

1768 3314 1872 3366 que
1906 3302 2243 3367 perspicuum
2294 3303 2350 3354 ﬁt
2374 3343 2388 3365 ,
2422 3303 2465 3375 si
2510 3313 2563 3355 ut
2591 3312 2806 3371 oportet
2853 3304 3055 3358 divitiis
3087 3313 3301 3359 utamur
3327 3346 3343 3370 ,

1770 3390 1898 3441 nihil
1955 3404 2074 3442 esse
2096 3431 2110 3452 ,
2145 3391 2283 3458 quod
2322 3405 2418 3442 nos
2465 3391 2648 3457 perdat
2683 3409 2694 3443 :
2726 3393 2809 3445 sin
2839 3393 3017 3445 minus
3043 3434 3056 3455 ,
3103 3395 3282 3446 omnia
3330 3411 3342 3446 :

1773 3479 1943 3546 terdit
1974 3494 2069 3530 nos
2100 3496 2313 3548 regnum
2339 3521 2353 3542 ,
2390 3481 2560 3547 perdit
2591 3492 2875 3550 paupertas
2899 3524 2914 3547 ,
2965 3483 3191 3552 perdunt
3217 3484 3348 3537 divi-

1771 3573 1876 3625 tiu}.
1908 3575 2123 3624 Attento
2151 3572 2361 3639 quidem
2395 3573 2595 3625 homini
2628 3573 2754 3625 nihil
2787 3589 2981 3628 nocere
3012 3577 3224 3644 p0ll'l'il.
3254 3575 3347 3629 Dic

1769 3661 1908 3714 enim
1933 3660 2082 3724 mihi,
2105 3662 2380 3728 captivitas
2406 3677 2470 3714 an
2494 3662 2678 3716 laedit?
2701 3663 2914 3717 Minime
2943 3667 3143 3734 :ctigita
3174 3667 3345 3734 ipsum

1769 3751 1964 3822 Joseph
1995 3764 2206 3805 servum
2234 3752 2445 3820 quidem
2472 3751 2666 3806 faetum
2686 3796 2698 3817 ,
2731 3752 2824 3808 sed
2856 3755 3202 3809 nihilominus
3233 3756 3343 3809 vir-

1732 3853 1738 3859 '
1773 3843 1868 3896 tuti
1897 3842 2163 3916 addictum
2195 3859 2208 3895 :
2241 3843 2409 3910 cogita
2453 3843 2583 3896 mihi
2617 3843 2887 3898 Danielum
2926 3887 2940 3910 ,
2972 3853 3026 3899 et
3075 3854 3183 3899 tres
3229 3846 3347 3899 illos

1770 3948 1984 4002 pueros,
2022 3948 2142 3986 eum
2192 3933 2383 4001 captivi
2438 3943 2652 3998 essent,
2685 3936 2852 3989 multo
2898 3936 3068 4006 magis
3113 3939 3341 3992 fulsisse.

1771 4023 1976 4094 Ubique
2005 4026 2146 4079 enim
2187 4024 2352 4079 virtus
2405 4027 2541 4081 lucet
2572 4067 2586 4090 ,
2619 4042 2795 4095 neque
2833 4029 3122 4097 expugnari
3171 4043 3344 4096 neque

1772 4116 2013 4186 impediri
2068 4115 2171 4171 ulla
2212 4117 2418 4171 ratione
2471 4127 2664 4186 potest.
2693 4119 2828 4184 Quid
2883 4120 3002 4173 dico
3057 4128 3344 4188 pauperta-
3423 4149 3430 4156 ι

1773 4214 1877 4261 tcm
1919 4217 1973 4261 et
2018 4209 2369 4261 servitutem?
2401 4223 2498 4261 nec
2537 4208 2702 4262 fames
2731 4209 2971 4278 quidem,
3005 4226 3102 4264 nec
3144 4211 3343 4276 ulcera,

1772 4312 1872 4351 nec
1927 4298 2139 4350 morbus
2184 4296 2518 4366 quantumvis
2567 4312 2760 4352 nocere
2808 4307 3030 4367 possunt
3072 4315 3086 4354 :
3131 4300 3347 4353 morbus

1773 4386 1913 4440 enim
1941 4387 2194 4441 servitute
2221 4396 2304 4440 8.".
2341 4388 2571 4454 gravior.
2604 4386 2745 4441 Talis
2772 4396 2888 4441 erat
2932 4387 3184 4450 Lazarus,
3226 4389 3346 4442 talis

1771 4476 1871 4530 Job
1895 4518 1909 4540 ,
1944 4479 2060 4532 talis
2099 4490 2214 4531 erat
2250 4487 2302 4532 et
2340 4477 2650 4531 Timotheus
2699 4477 2891 4532 crebro
2933 4492 3148 4547 pressus
3199 4479 3347 4532 inﬁr-

1774 4571 1975 4623 milatc.

1857 4659 2022 4714 Virtus
2050 4677 2080 4713 α
2105 4661 2246 4713 nulla
2272 4677 2325 4713 νιν
2344 4661 2572 4729 superari
2600 4661 3019 4730 potest.-—-Vides
3041 4660 3172 4714 nihil
3202 4673 3344 4728 esse.

1774 4767 1802 4804 a
1834 4768 1938 4820 quo
1967 4752 2206 4818 superari
2234 4752 2398 4804 virtus
2421 4756 2617 4820 queat?
2670 4765 2773 4804 non
2818 4750 3050 4817 divitias,
3076 4765 3183 4804 non
3216 4766 3343 4817 ιιηιιη

1777 4851 2057 4911 perlatem,
2098 4856 2200 4895 non
2241 4842 2543 4908 imperium,
2597 4857 2703 4895 non
2754 4842 3086 4904 servitutem,
3121 4857 3225 4894 non
3259 4856 3351 4894 re-

1778 4951 1894 4988 rmn
1937 4934 2476 4994 administrationem,
2531 4951 2634 4985 non
2678 4934 2945 4998 morbum,
2981 4950 3083 4987 non
3116 4933 3343 5002 ignomi~

1778 5028 1942 5089 niam,
1988 5042 2094 5080 non
2121 5025 2396 5088 exsilium;
2439 5025 2533 5079 sed
2557 5025 2672 5078 haec
2691 5026 2868 5077 omnia
2901 5025 3354 5091 deorsum,atque

1780 5117 1928 5171 humi
1973 5117 2280 5185 relinquens
2309 5116 2480 5169 virtus
2505 5113 2570 5167 ad
2600 5115 2788 5167 ca'lum
2823 5097 3062 5183 pervenit
3096 5131 3109 5166 :
3147 5122 3350 5166 tantum

1777 5222 2035 5278 generosa
2060 5207 2130 5259 sit
2156 5206 2352 5270 anima,
2374 5214 2499 5258 tunc
2522 5205 2806 5273 prohibere
2835 5204 2965 5257 nihil
2995 5206 3192 5272 poterit
3217 5204 3346 5272 quin

1781 5300 1992 5354 virtutis
2033 5297 2102 5351 sit
2143 5312 2380 5366 compos.
2427 5295 2525 5351 Ubi
2573 5296 2715 5348 enim
2747 5294 2884 5349 valet
2913 5295 2978 5361 is,
3009 5309 3040 5347 a
3084 5310 3190 5364 quo
3215 5296 3358 5348 aetio

1785 5389 2071 5461 promenda
2107 5397 2189 5443 est
2211 5428 2227 5453 ,
2261 5387 2464 5440 nullum
2495 5394 2732 5448 externae
2782 5399 2870 5438 res
2913 5383 3353 5453 impedimentum

1783 5482 2031 5537 aﬁ‘crunt.
2069 5480 2198 5534 Nam
2223 5488 2276 5533 et
2303 5479 2354 5531 in
2383 5478 2618 5542 artibus,
2653 5477 2741 5530 ubi
2771 5477 2962 5530 artifex
2988 5476 3124 5531 bene
3152 5476 3354 5546 peritus

1786 5573 1964 5638 fuerit,
2009 5583 2064 5626 et
2111 5573 2364 5632 tolerans,
2422 5570 2831 5638 universamquc
2877 5577 3043 5621 artem
3089 5568 3358 5626 tenuerit.

1784 5665 1992 5720 etiamsi
2040 5663 2256 5718 morbus
2300 5662 2572 5727 adveniat,
2609 5663 2775 5731 ipsam
2806 5662 3034 5725 retinet;
3066 5660 3276 5714 etiamsi
3309 5661 3358 5712 in

1794 5765 2158 5827 paupertatem
2192 5754 2410 5820 incidat,
2435 5753 2605 5824 ipsam
2628 5752 2817 5808 retinet
2855 5770 2865 5802 :
2897 5752 3009 5806 sive
3039 5751 3360 5804 inarumeno
