4064 6318
755 379 862 435 Ξῗΰ

743 519 851 560 tum
884 508 933 561 in
967 521 1121 559 manu
1150 505 1360 570 habeat,
1391 504 1503 560 sive
1527 519 1624 558 suo
1648 503 1893 572 fungatur
1916 517 2168 567 munere,
2199 500 2312 556 sive

744 612 847 649 non
898 594 1164 664 fungatur,
1212 593 1341 648 nihil
1383 589 1457 648 illi
1488 609 1552 648 ex
1592 603 1705 648 arte
1728 593 2022 684 detrahitur
2053 611 2066 647 :
2098 592 2151 646 in
2194 593 2311 661 ipso

743 688 888 741 cnim
936 687 1073 740 inest
1115 685 1357 740 srientia.
1401 683 1475 738 Ita
1519 693 1575 739 et
1615 685 1704 754 qui
1734 683 1924 739 virtute
1952 683 2203 764 praditus
2228 691 2311 737 est

743 787 902 847 atque
931 793 994 833 ex
1029 778 1138 832 Deo
1163 777 1376 847 pendet.
1400 778 1513 833 sive
1541 778 1684 830 illum:
1711 777 1763 831 in
1794 777 2004 830 divitias
2029 775 2308 845 coniicias,

743 869 978 922 ostemlit
1005 870 1254 922 virtutem
1288 883 1472 932 suam;
1501 868 1611 921 sive
1634 869 1682 921 in
1711 877 2094 937 paupertatem,
2119 866 2314 922 nihilo-

746 963 956 1022 minus;
982 963 1094 1015 sive
1129 966 1180 1015 in
1209 961 1472 1025 morbum,
1519 961 1632 1015 sive
1662 961 1713 1014 in
1764 961 2043 1015 sanitatem
2068 1001 2082 1021 ,
2104 960 2218 1014 sive
2259 959 2310 1013 in

744 1052 987 1120 gloriam,
1017 1052 1129 1105 sive
1156 1052 1207 1104 in
1233 1050 1528 1105 infamiam.

815 1142 850 1196 4
912 1145 1101 1196 Annon
1127 1159 1220 1211 per
1247 1143 1342 1196 ista
1369 1143 1546 1197 omnia
1575 1141 1896 1197 transierunt
1921 1141 2186 1210 apostoli?
2210 1139 2314 1194 Per

744 1233 980 1303 gloriam,
1009 1233 1196 1302 inquit,
1229 1243 1276 1286 et
1314 1233 1698 1302 ignobilitatem,
1732 1248 1821 1300 per
1841 1232 2101 1302 infamiam
2137 1240 2185 1284 ct
2225 1232 2314 1284 bo-

745 1340 864 1374 nam
891 1327 1083 1394 faniam
1133 1306 1206 1392 (2.
1241 1323 1359 1377 Cor.
1381 1324 1436 1377 6.
1463 1324 1544 1391 8).
1590 1323 1700 1376 lloc
1746 1331 1826 1375 est
1863 1321 2115 1376 athletam
2156 1336 2309 1385 esse,

745 1428 937 1483 nempe
986 1415 1054 1468 ad
1106 1417 1283 1468 omnia
1329 1429 1449 1470 esse
1489 1414 1943 1467 accommodatum
1976 1430 1992 1466 :
2023 1414 2144 1466 talis
2170 1413 2311 1466 enim

745 1512 827 1555 est
853 1505 1056 1556 virtutis
1083 1505 1242 1558 etiam
1276 1513 1482 1558 natura.
1506 1503 1654 1570 Quod
1683 1504 1729 1558 si
1756 1502 1921 1567 dicas,
1947 1501 2181 1557 Prmesse
2195 1502 2314 1556 aliis

749 1607 851 1645 non
879 1609 1116 1660 possunt,
1145 1594 1380 1647 solitaria
1413 1593 1541 1647 mihi
1567 1593 1671 1647 vita
1699 1592 1902 1662 agenda
1932 1601 2034 1653 est.
2066 1591 2312 1660 iniuriam

747 1680 914 1735 fecisti
940 1673 1118 1739 virtuti
1147 1701 1159 1736 :
1189 1698 1248 1737 ea
1278 1682 1491 1750 quidem
1519 1681 1766 1736 omnibus
1796 1682 1870 1735 uti
1897 1689 2088 1750 potest,
2117 1689 2169 1734 et
2199 1680 2314 1734 ubi-

745 1786 849 1838 que
879 1771 1142 1840 splendet,
1172 1771 1462 1824 dummodo
1490 1770 1613 1824 insit
1637 1771 1686 1824 in
1705 1771 1902 1824 anima.
1924 1769 2114 1824 Fames
2131 1769 2315 1823 adest?

745 1861 896 1914 adest
924 1876 1148 1915 annona:
1177 1859 1369 1929 copia?
1391 1860 1565 1914 Virtus
1590 1875 1743 1915 suum
1768 1875 1874 1930 pra:
1899 1876 1957 1915 se
1981 1859 2087 1915 fert
2112 1861 2273 1914 robur
2298 1878 2312 1913 :

745 1950 1192 2018 quemadmodum
1239 1951 1432 2004 Paulus
1473 1952 1663 2018 inquit.
1709 1950 1829 2004 Scio
1872 1959 1918 2004 et
1957 1950 2236 2014 abundare,
2269 1958 2318 2004 et

748 2042 1008 2108 penuriam
1036 2041 1142 2109 pati
1162 2041 1418 2110 (Philipp.
1444 2041 1497 2094 4.
1524 2039 1635 2108 12).
1660 2039 1995 2109 Operandum
2023 2040 2181 2094 erat?
2210 2055 2316 2093 non

746 2135 1115 2197 erubescebat,
1153 2135 1244 2188 sed
1272 2135 1408 2188 duos
1432 2149 1602 2188 annos
1626 2148 1842 2201 Operam
1874 2134 1972 2186 arti
2001 2149 2110 2187 suae
2144 2132 2313 2186 dedit.

749 2227 874 2278 Erat
912 2226 1130 2279 ferenda
1163 2225 1366 2280 fames?
1396 2240 1499 2277 non
1522 2225 1854 2289 concidebat,
1889 2241 1986 2278 nec
2008 2225 2310 2278 vacillabat.

747 2316 1077 2371 Moriendum
1119 2317 1268 2372 erat?
1313 2332 1419 2370 non
1467 2316 1747 2386 dejiciebat
1771 2317 2043 2370 animum:
2083 2316 2315 2384 undique

746 2423 1065 2475 gc-m'rosum
1107 2408 1256 2460 illum
1296 2406 1555 2472 animum,
1597 2417 1754 2475 atque
1782 2416 1949 2461 artem
1978 2405 2310 2459 ostendebat.

751 2500 902 2553 Iluuc
945 2500 1101 2568 igitur
1143 2501 1474 2560 aunulemnr,
1523 2513 1622 2552 nec
1659 2498 1942 2584 quidquam
1971 2512 2144 2550 causa:
2170 2497 2271 2549 erit
2297 2535 2313 2560 ,

748 2606 844 2644 cur
873 2606 1217 2645 mtereamus.
1251 2590 1385 2656 Quid
1409 2591 1551 2642 enim
1573 2629 1588 2652 ,
1615 2588 1702 2642 dic
1730 2587 1878 2650 mihi,
1914 2587 2000 2640 tali
2034 2586 2150 2640 viro
2180 2601 2316 2639 mm-

752 2693 924 2731 rorem
965 2679 1156 2732 allerre
1201 2678 1441 2746 poterit?
1479 2678 1617 2732 Nihil
1666 2691 1795 2731 sane
1830 2695 1840 2727 :
1879 2677 2128 2745 quamdiu
2183 2677 2320 2731 hanc

749 2769 899 2821 nobis
943 2785 1100 2822 nemo
1149 2770 1426 2837 eripuerit,
1478 2769 1724 2822 omnilms
1770 2767 2072 2821 hominibus
2120 2767 2320 2821 erimus

751 2858 1037 2920 beatiores,
1072 2869 1126 2912 et
1158 2859 1242 2912 hic
1272 2868 1326 2912 et
1369 2876 1471 2910 non
1503 2860 1607 2911 illic
1637 2868 1856 2911 tantum.
1903 2858 1980 2911 Sit
2013 2858 2152 2910 enim
2176 2858 2319 2924 .quis

749 2949 960 3001 virttttis
992 2963 1212 3018 compos
1240 2965 1254 3013 ;
1299 2958 1425 3002 tunc
1471 2959 1525 3002 et
1563 2963 1779 3002 uxorem
1811 2948 1999 3000 habeat
2021 2956 2072 3008 et
2100 2947 2237 2999 lilios
2266 2956 2321 3000 et

750 3038 1023 3105 pecunias,
1056 3047 1108 3090 et
1134 3039 1467 3092 circumﬂuat
1491 3038 1692 3108 gloria;
1722 3039 1772 3091 in
1804 3037 1882 3089 bis
1903 3026 2146 3090 omnibus
2173 3036 2322 3090 simi-

753 3127 874 3180 liter
922 3127 1172 3180 virtutcm
1218 3127 1468 3180 retinebit
1517 3143 1531 3180 :
1584 3128 1732 3180 aul'er
1778 3126 1919 3189 hare;
1978 3125 2320 3191 nihilominus

753 3218 1003 3271 virtutem
1038 3218 1306 3271 exc-rcebit
1328 3259 1343 3280 ,
1372 3235 1478 3271 non
1518 3218 1903 3271 calamitatibus
1943 3217 2185 3281 obrutus,
2215 3232 2318 3271 non

753 3322 819 3359 ex
865 3308 1218 3374 prosperitate
1270 3316 1610 3372 tmncscens;
1661 3307 1754 3360 sed
1796 3308 2015 3378 perinde
2059 3322 2123 3362 ac
2168 3318 2318 3377 petra

749 3395 991 3464 qumdam
1040 3397 1323 3459 maritima,
1357 3398 1468 3450 sive
1495 3407 1701 3466 turgeat
1727 3413 1894 3461 mare,
1943 3400 2054 3453 sive
2100 3400 2320 3457 malacia

750 3490 1008 3551 exsistat,
1055 3505 1205 3558 atque
1236 3500 1413 3542 manet
1460 3479 1766 3554 inunobilis,
1799 3506 1969 3557 neque
2012 3507 2040 3542 a
2074 3491 2320 3545 ﬂuctibus

753 3579 940 3645 fracta,
977 3594 1152 3646 neque
1178 3595 1205 3631 a
1235 3580 1452 3633 malacia
1486 3579 1771 3647 quidquam
1801 3579 1977 3631 damni
2010 3594 2160 3646 passa
2198 3599 2211 3633 :
2251 3581 2320 3634 ita

753 3668 913 3721 etiam
944 3669 1148 3722 solidus
1189 3671 1396 3722 aninms
1439 3681 1588 3736 a‘quc
1616 3669 1817 3720 stabilis
1848 3677 2047 3736 perstat
2073 3669 2124 3721 in
2151 3669 2323 3722 llucti-

755 3758 873 3822 bus,
901 3766 954 3810 et
985 3759 1034 3810 in
1066 3759 1306 3811 malacia.
1357 3757 1422 3811 Et
1453 3756 1897 3824 quemadmodum
1928 3757 2131 3824 pueruli
2169 3759 2323 3811 navi-

750 3848 840 3916 gio
878 3848 1014 3902 vecti
1053 3848 1351 3910 turbantur,
1395 3846 1721 3915 gubernator
1757 3856 1932 3923 aptem
1958 3840 2112 3900 sedet
2142 3848 2323 3901 ridens

753 3947 809 3991 et
848 3939 1128 3999 immotus,
1152 3976 1158 3983 .
1181 3947 1234 3989 et
1262 3952 1327 3989 ex
1369 3937 1579 3989 illorum
1613 3935 1964 4004 trepidatione
1990 3937 2321 4006 voluptatem

756 4027 901 4096 capit
933 4046 946 4082 :
989 4027 1056 4079 ita
1092 4028 1299 4079 animus
1327 4025 1740 4095 philosophicas,
1769 4026 1894 4081 dum
1931 4029 2325 4084 caeteri'omnes

752 4117 1054 4183 turbantur,
1097 4127 1189 4170 aut
1211 4117 1442 4172 vicissim
1466 4117 1642 4172 rident
1672 4118 2044 4185 intempestive
2067 4119 2118 4172 in
2139 4135 2319 4174 rerum

753 4207 1140 4262 mutationibus
1161 4245 1175 4273 ,
1215 4209 1327 4276 ipse
1362 4211 1513 4276 quasi
1554 4209 1619 4262 ad
1648 4209 1855 4262 clavum
1883 4209 2176 4278 quemdam
2205 4211 2320 4280 pie-

1489 392 1545 447 S.
1572 389 1845 449 lO.-\NNIS
1877 389 2349 447 CllllYSOSTOlll
2386 389 2698 447 ARCHIEP.
2727 391 3252 450 CONSTANTINOP.
3892 401 3981 460 278

2425 503 2547 556 tatis
2577 503 2770 558 sedens
2811 514 3006 573 perstat
3048 506 3320 562 immotus.
3344 507 3478 574 Quid
3509 512 3673 577 enim,
3708 513 3798 569 die
3826 516 3977 581 mihi,

2419 595 2652 647 animam
2708 597 2847 664 piam
2906 597 3220 665 perturbare
3265 601 3474 668 potest?
3528 617 3654 656 num
3704 605 3892 659 mors?
3935 618 3980 661 at

2422 683 2523 738 hoc
2567 683 2802 738 melioris
2851 685 2974 738 vita:
3027 687 3257 742 initium.
3305 691 3386 743 An
3432 692 3754 761 paupertas?
3799 703 3855 748 at
3891 695 3979 750 hoc

2421 775 2588 845 ipsam
2616 775 2857 844 provehit
2887 778 2939 830 in
2970 778 3181 833 virtutis
3211 779 3313 832 via.
3363 782 3444 835 An
3470 783 3688 837 morbus
3708 784 3734 836 ἲ
3755 784 3864 838 Sed
3897 802 3979 850 pro

2420 866 2585 920 nihilo
2612 866 2772 921 habet
2799 867 2935 922 hanc
2959 869 3140 924 vitam.
3185 870 3250 924 Et
3270 871 3396 940 quid
3423 872 3544 928 dico
3565 877 3815 930 morbum
3841 876 3862 928 2
3893 892 3978 946 pro

2420 956 2585 1010 nihilo
2630 973 2782 1026 aque
2827 957 2987 1014 habet
3035 959 3418 1016 delectationes
3487 971 3646 1034 atque
3676 981 3974 1022 aerumnas:

2419 1047 2724 1114 anticipavit
2747 1048 2928 1116 enim,
2957 1064 3018 1103 ac
3043 1064 3102 1104 se
3131 1050 3241 1119 ipsa
3268 1052 3379 1120 jam
3407 1052 3616 1108 afﬂixit.
3659 1058 3739 1110 An
3782 1057 3976 1127 ignobi-

2414 1135 2578 1192 litas?
2617 1137 2711 1191 sed
2756 1138 2983 1193 mundus
3027 1141 3126 1208 ipsi
3160 1143 3447 1197 crucifixus
3482 1154 3578 1200 est.
3639 1148 3722 1201 An
3773 1149 3978 1201 amissio

2415 1226 2752 1281 liberorum?
2793 1227 2886 1282 sed
2916 1244 3019 1282 non
3044 1232 3271 1296 metuit;
3351 1231 3587 1286 futuram
3656 1234 3804 1290 enim
3887 1236 3977 1292 sibi

2420 1316 2681 1383 persuasit
2723 1319 3194 1374 resurrectionem.
3225 1320 3361 1386 Quid
3393 1325 3634 1378 evertere
3661 1325 3810 1378 illam
3839 1337 3977 1395 pote-

2385 1405 2528 1482 _rit?
2569 1406 2793 1460 Prorsus
2843 1407 2994 1462 nihil.
3042 1410 3110 1462 At
3153 1409 3354 1464 divitia:
3379 1413 3674 1466 extollunt?
3721 1416 3974 1470 minime:

2419 1496 2571 1550 novit
2595 1498 2735 1550 enim
2767 1498 3021 1566 pecunias
3048 1498 3179 1552 nihil
3208 1514 3351 1556 esse.
3385 1502 3454 1554 At
3496 1503 3704 1571 gloria?
3739 1505 3838 1558 sed
3876 1505 3973 1574 jam

2421 1586 2476 1640 in
2528 1586 2626 1641 hac
2651 1588 2924 1657 disciplina
2946 1589 3185 1644 eruditus
3224 1599 3324 1655 est,
3357 1606 3570 1648 omnem
3604 1594 3838 1650 hominis
3863 1597 3972 1666 glo-

2421 1676 2552 1729 riam
2583 1691 2703 1730 esse
2742 1679 2904 1733 veluti
2933 1677 3119 1732 ﬂorem
3152 1678 3280 1736 fmni
3325 1679 3486 1752 (lsai.
3515 1683 3609 1738 40.
3639 1684 3735 1754 6).
3764 1685 3833 1738 At
3859 1685 3976 1740 deli-

2422 1767 2560 1822 cite?
2588 1766 2680 1820 sed
2711 1767 2913 1822 audivit
2946 1768 3168 1824 Paulum
3199 1769 3462 1826 dicentem
3483 1812 3497 1835 ,
3541 1772 3667 1838 Qua
3703 1772 3760 1828 iri
3800 1773 3976 1828 deliciis

2422 1865 2514 1918 est,
2545 1855 2711 1909 vivens
2739 1865 2936 1910 mortua
2964 1867 3035 1911 est
3063 1857 3112 1929 (1
3175 1856 3305 1912 Tim.
3323 1860 3379 1914 5.
3398 1859 3477 1931 6).
3503 1861 3644 1931 Ergo
3664 1877 3787 1917 cum
3815 1879 3976 1933 neque

2424 1955 2707 2015 tumescat,
2748 1962 2921 2016 neque
2959 1948 3311 2019 deprimatur,
3339 1952 3467 2022 quid
3498 1953 3625 2008 huic
3657 1957 3871 2011 sanitati
3894 1972 3978 2026 par

2426 2031 2651 2094 inveniri
2690 2041 2925 2109 poterit?
2957 2041 3149 2096 Verum
3176 2059 3281 2098 non
3322 2043 3454 2100 tales
3487 2056 3611 2100 sunt
3635 2055 3847 2102 cetera:
3867 2049 3973 2102 aui-

2426 2146 2546 2194 mre,
2578 2132 2672 2184 sed
2720 2132 2957 2185 crebrius
2981 2149 3139 2202 quam
3165 2150 3312 2189 mare
3334 2143 3388 2189 et
3419 2135 3746 2191 chammleon
3778 2148 3975 2191 mutan-

2426 2232 2529 2275 tur.
2561 2223 2918 2288 Quamobrem
2952 2225 3101 2278 valde
3136 2226 3358 2279 ridicula
3384 2238 3467 2281 est
3492 2228 3697 2282 illarmn
3717 2229 3974 2284 conditio:

2424 2329 2543 2367 cum
2579 2316 2756 2369 vida-as
2805 2317 3049 2371 eumdem
3094 2334 3233 2372 nunc
3265 2320 3546 2382 ridentem,
3575 2337 3712 2376 nunc
3749 2323 3974 2386 ﬂentem,

2427 2421 2566 2458 nunc
2605 2407 2909 2470 sollicitum,
2966 2423 3105 2462 mmc
3151 2421 3341 2477 praeter
3383 2413 3591 2466 modum
3618 2414 3897 2468 remissum
3926 2431 3978 2467 ac

2427 2504 2743 2562 torpentem.
2802 2496 3088 2565 Propterea
3142 2498 3336 2552 Paulus
3387 2501 3591 2570 inquit,
3642 2501 3821 2556 Nolite
3871 2520 3978 2556 con-

2425 2585 2636 2653 formari
2686 2585 2802 2636 huic
2845 2587 3030 2638 stvculo
3076 2586 3096 2658 (
3126 2586 3274 2640 Rom.
3307 2588 3394 2643 12.
3423 2589 3458 2643 2
3579 2590 3633 2644 1η
3677 2592 3812 2646 caelo
3848 2593 3975 2648 enim

2426 2675 2702 2745 degimus,
2748 2685 2804 2731 et
2846 2679 2996 2746 quasi
3047 2680 3190 2734 cives
3237 2695 3528 2742 versamur.
3563 2683 3648 2736 ubi
3695 2684 3838 2737 nulla
3873 2701 3976 2737 mu-

2430 2767 2573 2820 tatio.
2634 2767 2900 2821 Promissa
2949 2778 3072 2822 sunt
3119 2770 3272 2823 nobis
3317 2771 3530 2839 prmmia
3581 2772 3918 2828 immutabilia
3964 2789 3975 2804 -

2425 2860 2584 2912 talem
2625 2869 2679 2913 et
2722 2873 2818 2912 nos
2847 2859 2967 2912 vitae
2997 2858 3258 2913 rationem
3303 2859 3681 2922 exbibeamus;
3734 2861 3861 2916 inde
3881 2861 3977 2931 jam

2425 2949 2696 3019 capiamus
2752 2949 2909 3004 bona.
2946 2949 3148 3019 Ecquid
3198 2951 3354 3019 igitur
3397 2967 3495 3006 nos
3537 2953 3634 3023 ipsi
3667 2954 3718 3008 in
3749 2955 3976 3022 euripum

2430 3040 2766 3109 projicimus,
2818 3047 2872 3093 et
2917 3039 2970 3094 in
3021 3039 3228 3093 medios
3256 3039 3449 3096 fluctus
3484 3036 3536 3095 et
3568 3043 3619 3098 in
3654 3044 3911 3112 procellas
3936 3052 3980 3098 et

2427 3129 2708 3182 turbines?
2735 3129 3137 3193 Amplectamur
3170 3131 3606 3199 tranquillitatem
3639 3151 3652 3186 :
3683 3148 3744 3187 ea
3775 3147 3882 3190 non
3920 3148 3977 3187 ex

2426 3220 2623 3273 divitiis
2671 3220 2888 3288 pendet.
2934 3235 3036 3273 non
3083 3235 3149 3275 ex
3197 3231 3668 3291 paupertate,non
3698 3239 3761 3280 ex
3789 3226 3976 3296 gloria,

2428 3326 2531 3365 non
2565 3326 2627 3364 ex
2661 3309 3008 3380 ignobilitate,
3038 3326 3144 3367 non
3172 3327 3238 3367 ex
3267 3314 3474 3378 morbo,
3508 3330 3610 3369 non
3644 3331 3711 3371 ex
3737 3317 3978 3380 sanitate.

2428 3417 2533 3455 non
2560 3417 2622 3454 ex
2655 3401 2982 3466 inlirmitate,
3010 3402 3103 3455 sed
3133 3417 3195 3456 ex
3225 3414 3409 3458 nostro
3428 3404 3685 3475 cujusque
3711 3410 3906 3461 animo.
3933 3406 3978 3460 Si

2429 3495 2514 3549 hic
2543 3495 2745 3549 solidus
2775 3494 2956 3559 fuerit,
2986 3510 3047 3548 ac
3071 3505 3216 3550 recte
3245 3497 3296 3550 in
3331 3497 3539 3552 virtutis
3566 3499 3845 3568 disciplina
3873 3514 3977 3554 eru-

2428 3585 2591 3650 ditus,
2640 3586 2817 3639 omnia
2856 3586 2932 3638 illi
2981 3584 3155 3641 facilia
3197 3597 3374 3642 erunt.
3421 3589 3590 3658 Atque
3619 3590 3741 3644 hinc
3765 3590 3876 3660 jam
3905 3604 3978 3643 re-

2429 3676 2605 3743 quiem
2635 3685 2840 3739 cernet,
2870 3686 3188 3746 portumque
3214 3679 3554 3747 tranquillum
3576 3721 3589 3742 ,
3619 3688 3674 3735 et
3717 3681 3843 3738 illuc
3877 3695 3980 3752 pro-

2430 3764 2596 3819 fectus
2627 3766 3026 3820 innumerabilia
3056 3766 3194 3821 bona
3220 3777 3572 3838 consequetur
3601 3787 3614 3824 :
3654 3785 3774 3839 qua:
3795 3771 3977 3825 utinam

2431 3871 2528 3910 nos
2557 3872 2744 3910 omnes
2770 3871 3177 3923 consequamur,
3221 3859 3387 3928 gratia
3429 3868 3483 3913 et
3531 3859 3853 3928 benignitate
3893 3861 3981 3913 Do-

2431 3949 2557 4001 mini
2607 3949 2774 4002 nostri
2823 3947 2950 4002 Jesu
3003 3950 3234 4016 Lbristt,
3282 3966 3401 4005 cum
3433 3967 3538 4021 quo
3565 3951 3710 4007 Patri
3739 3954 3981 4020 simulque

2429 4049 2613 4094 sancto
2652 4040 2869 4110 Spiritui
2918 4041 3120 4110 gloria,
3172 4039 3480 4111 imperium,
3518 4044 3711 4110 benor,
3760 4059 3898 4100 nunc
3939 4053 3983 4097 et

2432 4144 2666 4199 semper,
2699 4140 2752 4184 et
2780 4131 2831 4185 in
2863 4131 3058 4186 stecula
3082 4130 3424 4186 szcculorum.
3456 4134 3646 4189 Amen.

2148 4424 2494 4486 HOMILIA
2536 4423 2708 4485 Xlll.

751 4575 880 4630 Car.
914 4578 965 4630 5.
1003 4593 1053 4627 v.
1088 4576 1170 4629 18.
1211 4574 1362 4627 .llulti
1387 4575 1520 4627 enim
1547 4575 1827 4638 antlmlunt,
1869 4591 1994 4645 quos
2021 4589 2155 4642 sape
2183 4573 2321 4626 dice—

822 4668 934 4720 bam
966 4667 1120 4730 vobis,
1152 4683 1285 4719 num:
1310 4675 1474 4718 autent
1499 4675 1544 4718 et
1573 4666 1704 4734 ﬂens
1723 4665 1834 4717 dico
1854 4705 1870 4728 ,
1901 4664 2131 4717 inimicos
2155 4664 2322 4716 crucis

822 4757 1028 4823 Christi,
1079 4756 1164 4812 19.
1195 4773 1406 4826 quarunt
1454 4757 1569 4822 ﬁnis
1610 4757 1899 4818 interitus;
1926 4771 2140 4822 quorum
2179 4753 2320 4808 Dens

822 4858 987 4902 matter
1017 4858 1108 4910 est,
1140 4858 1186 4900 et
1212 4849 1376 4918 gloria
1398 4848 1449 4899 in
1470 4847 1768 4918 confusione
1795 4853 2046 4911 ipsorum,
2093 4846 2180 4914 qui
2217 4855 2319 4898 tcr-

822 4955 944 4992 rena
979 4939 1202 5006 sapiunt.
1230 4937 1320 4992 20.
1375 4936 1561 4990 Nostra
1602 4938 1732 4989 enim
1768 4937 2077 4989 conversatio
2105 4936 2321 5010 infmlis

823 5045 894 5084 est
929 5045 946 5079 :
981 5027 1116 5081 unde
1139 5030 1287 5081 etiam
1320 5027 1635 5082 Salvatorcm
1675 5035 2018 5095 exspectamus
2048 5024 2324 5079 Dominum

820 5118 999 5174 Iesum
1030 5119 1297 5181 Christum,
1322 5118 1411 5171 2|.
1442 5119 1532 5186 qui
1551 5116 1927 5185 trans/igurabit
1956 5133 2136 5184 corpus
2162 5117 2326 5170 humi-

825 5211 983 5265 litatis
1011 5220 1215 5271 nostra,
1238 5219 1293 5261 ut
1324 5212 1580 5280 conformc
1599 5210 1687 5273 ﬁat
1707 5211 1905 5278 corpori
1931 5209 2174 5268 claritatis
2192 5221 2317 5272 suat,

822 5283 1095 5354 secundum
1116 5300 1454 5364 operationem
1483 5299 1676 5352 virtutis
1699 5314 1824 5362 sine,
1849 5315 1946 5367 qna
1983 5299 2134 5350 etiam
2165 5298 2324 5366 possit

821 5391 1066 5461 subjicere
1087 5390 1180 5443 sibi
1206 5390 1394 5443 omnia.

825 5484 876 5537 1.
918 5481 1058 5536 Nihil
1107 5496 1258 5551 atque
1301 5480 1700 5534 dissentaneutn
1748 5488 1850 5542 est,
1905 5479 2244 5546 alienumque
2294 5491 2324 5529 a

751 5571 1076 5636 Christiano,
1103 5585 1167 5625 ac
1187 5585 1425 5639 requiem
1452 5577 1507 5624 et
1526 5569 1689 5622 otium
1711 5582 1952 5637 quzerere
1978 5584 1990 5619 :
2019 5566 2146 5620 nihil
2171 5581 2326 5635 επεσμιο

755 5680 784 5717 a
820 5663 1153 5733 professione
1197 5669 1375 5715 nostra
1399 5670 1455 5716 et
1484 5661 1691 5723 militia,
1721 5659 1806 5711 cui
1835 5673 2025 5711 nomen
2055 5657 2321 5720 dedimus,

755 5754 1080 5821 alienum,ac
1102 5752 1346 5821 praesenti
1367 5752 1489 5808 vita
1515 5749 1750 5807 deﬁxum
1773 5763 1909 5806 esse.
1935 5748 2188 5804 Dominus
2204 5757 2329 5804 tuus

2433 4573 2485 4625 in
2509 4586 2721 4624 crucem
2754 4579 2902 4623 actus
2924 4577 3022 4632 est,
3051 4577 3105 4622 et
3133 4579 3186 4622 tu
3218 4568 3456 4638 requiem
3487 4571 3721 4638 quan-is?
3752 4570 3983 4623 Dominus

2435 4670 2552 4715 tuus
2577 4661 2742 4714 clavis
2766 4659 3006 4713 conlisus
3034 4668 3135 4722 est,
3154 4666 3209 4714 et
3239 4667 3296 4712 tu
3321 4659 3627 4715 deliciaris?
3655 4659 3882 4713 htecciue
3901 4660 3980 4712 mi-

2434 4754 2538 4806 litis
2562 4752 2851 4822 generosi?
2880 4751 3164 4819 Propterea
3195 4751 3354 4804 etiam
3377 4750 3572 4805 Paulus
3628 4751 3818 4820 inquit,
3851 4749 3979 4802 Iulli

2433 4844 2851 4911 antbnlant,quos
2868 4858 3003 4913 ηερε
3030 4843 3254 4895 dicebam
3281 4841 3434 4905 vobis,
3453 4858 3588 4895 nunc
3614 4852 3783 4914 autem
3809 4854 3853 4896 et
3874 4841 3979 4910 μω

2433 4934 2568 4994 dico,
2600 4934 2825 4986 inimicos
2852 4932 3013 4985 crucis
3039 4929 3246 4985 Christi.
3270 4931 3532 4997 Quoniam
3560 4941 3715 4986 erant
3741 4930 3977 4992 nonnulli,

2433 5024 2522 5092 qui
2549 5023 3012 5076 Christianismum
3030 5021 3252 5090 quidem
3268 5021 3609 5082 simulabant.
3629 5021 3726 5077 sed
3746 5023 3797 5076 in
3813 5021 3915 5075 otio
3931 5032 3976 5071 ac

2434 5115 2636 5169 deliciis
2656 5115 2919 5178 vivebant,
2942 5113 2990 5166 id
3016 5127 3142 5166 vero
3171 5112 3481 5167 adversatur
3497 5115 3686 5179 cruci;
3712 5115 3900 5169 idcirco
3924 5114 3976 5163 ita

2434 5206 2664 5261 dicebat.
2692 5208 2829 5260 Crux
2849 5206 2989 5260 enim
3015 5206 3222 5274 propria
3250 5205 3440 5258 animae
3471 5215 3551 5259 est
3577 5206 3629 5259 in
3652 5208 3768 5261 acie
3793 5204 3974 5261 stantis.

2435 5298 2568 5351 mori
2595 5297 2858 5366 cupientis
2876 5337 2890 5362 ,
2933 5295 3131 5349 nullam
3161 5294 3261 5350 sibi
3289 5293 3698 5349 oblectationem
3723 5293 3971 5364 postulan-

2435 5389 2504 5442 tis
2535 5406 2548 5440 :
2575 5388 2650 5441 illi
2678 5403 2804 5440 vero
2846 5385 3168 5440 contrariam
3218 5385 3340 5439 vitae
3385 5385 3646 5438 rationem
3692 5394 3974 5455 sequuntur.

2435 5477 2789 5543 Quamobrem
2839 5474 3043 5528 tametsi
3088 5473 3270 5528 dicunt
3299 5487 3356 5528 se
3381 5471 3576 5527 Christi
3606 5487 3754 5538 esse,
3803 5469 3973 5526 inimici

2439 5577 2611 5623 tamen
2643 5577 2766 5620 sunt
2791 5566 2965 5620 crucis
2993 5583 3006 5617 :
3038 5562 3256 5634 alioqui,
3304 5565 3347 5619 si
3390 5578 3602 5619 crucem
3632 5571 3898 5625 amarent,
3938 5558 3976 5611 id

2435 5673 2649 5730 quoque
2696 5655 3009 5718 studerent,
3058 5663 3117 5708 ut
3163 5654 3470 5708 cruciﬂxam
3521 5652 3684 5707 vitam
3737 5653 3973 5708 viverent.

2433 5748 2621 5805 Nonne
2656 5748 2707 5802 in
2736 5759 2948 5802 crucem
2975 5755 3124 5800 actus
3156 5753 3238 5798 cst
3271 5743 3522 5798 Dominus
3565 5744 3734 5799 tuus?
3780 5743 3832 5799 Si
3860 5741 3976 5795 illim
