4064 6318
123 403 217 455 επ

124 515 328 571 modum
379 523 486 565 non
538 513 726 577 potes,
776 499 988 557 imitare
1026 501 1130 555 alia
1169 499 1375 554 ratione
1402 497 1685 553 Dominum

125 617 265 661 tuum
295 620 307 655 :
335 601 449 669 ipse
476 609 531 651 te
557 593 809 662 cruciﬁge
829 633 843 657 ,
872 590 1081 647 etiamsi
1114 604 1274 643 nemo
1301 599 1353 643 te
1381 587 1686 655 crucillgat;

121 692 356 761 cruciﬁge.
385 699 457 750 te,
478 688 722 755 inquam,
745 697 852 736 non
880 689 937 736 ut
967 681 1080 748 ipse
1114 688 1164 733 te
1195 679 1492 741 interimas,
1524 676 1684 737 absit;

122 782 329 851 impium
374 777 519 832 enim
558 780 677 837 est;
728 771 821 826 sed
872 778 1029 839 prout
1055 768 1250 823 Paulus
1279 767 1505 830 diccbat,
1556 764 1688 819 Mihi

119 878 281 938 enim,
313 875 514 943 inquit,
561 872 782 927 mundus
820 870 1094 936 cruci/imus
1139 876 1211 921 est
1233 904 1247 931 ,
1277 875 1325 919 ct
1352 880 1443 935 ego
1470 861 1660 917 mundo

118 967 253 1036 (Gal.
275 967 325 1023 6.
358 964 465 1037 Η).

183 1062 349 1116 Crucis
394 1063 595 1131 signum
641 1060 694 1113 in
747 1059 995 1127 baptismo
1035 1067 1081 1111 et
1121 1057 1173 1110 in
1204 1071 1448 1110 manuum
1477 1052 1686 1123 imposi-

116 1154 348 1206 tioue.—
375 1151 432 1205 Si
461 1152 744 1205 Dominum
778 1159 923 1204 tuum
956 1163 1126 1211 amas,
1170 1157 1345 1203 morte
1385 1146 1525 1200 illius
1566 1157 1683 1197 mo-

113 1258 229 1298 rere
256 1261 270 1298 :
297 1243 443 1297 disce
490 1250 690 1313 quanta
736 1243 807 1296 sit
853 1242 1029 1297 erucis
1075 1240 1333 1310 potentia,
1382 1246 1512 1309 quot
1544 1238 1681 1291 bona

111 1334 232 1390 fecit
251 1376 265 1397 ,
291 1343 419 1406 quot
448 1336 605 1390 faciat
628 1376 644 1401 ,
675 1349 836 1405 quam
866 1334 919 1389 in
952 1342 1067 1389 tuto
1092 1333 1253 1387 vitam
1276 1331 1524 1386 collucet.
1581 1330 1683 1384 Per

113 1423 245 1480 hanc
293 1426 467 1481 omnia
517 1425 874 1496 perﬁciuntur
924 1440 941 1481 :
996 1424 1260 1494 baptisma
1313 1436 1409 1492 per
1450 1434 1680 1476 .crucem

112 1516 336 1584 (oportet
358 1516 502 1569 enim
531 1515 776 1584 accipere
796 1512 1191 1584 signaculum);
1228 1526 1282 1565 m
1302 1524 1484 1563 uiuum
1517 1509 1683 1579 impo-

109 1606 229 1659 sitio
252 1621 340 1675 per
359 1620 577 1661 crucem
608 1621 622 1657 :
651 1606 999 1675 omninoque,
1026 1604 1145 1659 sive
1168 1602 1324 1657 invia
1350 1601 1541 1665 simus,
1565 1599 1680 1653 sive

107 1697 268 1763 domi,
299 1700 410 1753 sive
432 1698 521 1752 ubi
549 1698 650 1763 vis,
678 1675 929 1767 magnum
960 1696 1159 1751 bonum
1186 1703 1269 1749 est
1293 1708 1445 1756 crux,
1476 1691 1676 1747 saluta-

108 1790 177 1841 ris
205 1796 468 1842 armatura
489 1828 505 1853 ,
536 1786 757 1858 clypeos
781 1784 1208 1855 inexpugnabilis
1238 1782 1530 1837 adversans
1559 1781 1677 1835 dia-

106 1877 245 1929 bolo.
289 1876 418 1931 Cum
452 1877 554 1931 hoc
595 1877 755 1947 igitur
791 1875 837 1929 si
880 1874 1075 1930 bellum
1118 1888 1297 1943 geras;
1335 1882 1458 1926 tunc
1500 1880 1678 1942 gestas

104 1979 331 2026 crucem.
380 1982 486 2019 non
537 1973 741 2019 tantum
783 1976 1004 2033 accepto
1046 1964 1347 2034 signaculo,
1393 1963 1487 2016 sed
1516 1963 1676 2016 etiam

104 2072 218 2125 qu:u
248 2058 416 2110 crucis
442 2058 658 2127 propria
685 2065 809 2111 sunt
836 2056 1055 2110 subiens
1083 2070 1145 2109 ac
1174 2056 1408 2123 patiens.
1440 2054 1678 2109 Consue-

105 2147 175 2200 vit
198 2150 340 2203 enim
367 2147 613 2202 Christus
635 2148 912 2216 passiones
937 2147 1153 2200 nomine
1173 2147 1350 2199 crucis
1372 2145 1671 2214 appellare:

102 2248 157 2292 ut
182 2253 299 2311 cum
328 2239 519 2309 inquit,
554 2238 671 2293 Nisi
690 2239 803 2308 quis
834 2239 977 2292 tollat
998 2254 1196 2292 crucem
1227 2254 1394 2301 suam,
1427 2248 1471 2291 et
1492 2254 1675 2309 sequa-

100 2335 179 2381 tur
202 2345 279 2381 me
302 2328 511 2398 (Matth.
537 2329 604 2383 l6
638 2329 730 2400 Ἡ)
753 2346 768 2395 ;
793 2329 845 2383 id
874 2337 976 2394 est,
1000 2329 1102 2382 nisi
1129 2328 1246 2397 quis
1273 2337 1417 2383 recte
1444 2342 1502 2382 se
1528 2342 1675 2383 com-

102 2421 358 2488 paraverit
405 2420 472 2475 ad
523 2424 772 2475 mortem.
821 2421 909 2474 Isti
958 2435 1087 2475 vero
1128 2418 1446 2488 degeneres,
1477 2422 1598 2474 vita:
1622 2429 1675 2475 et

100 2512 333 2579 corporis
378 2521 641 2574 amantes,
684 2510 923 2583 profecto
963 2510 1140 2586 crucis
1183 2519 1308 2564 sunt
1339 2510 1536 2565 inimici
1577 2520 1697 2589 :et‘

103 2602 334 2672 quisquis
360 2602 672 2661 deliciarum
702 2602 1091 2672 mundanmque
1114 2601 1517 2671 tranquillitatis
1536 2617 1675 2654 ama-

100 2700 179 2745 tor
204 2701 305 2757 cst,
333 2692 581 2746 inimicus
610 2702 691 2746 est
717 2693 915 2757 crucis,
949 2692 1000 2744 in
1031 2707 1131 2761 qua
1171 2692 1368 2747 Paulus
1388 2693 1669 2759 gloriatur,

99 2798 249 2851 quam
277 2786 668 2855 complectitur,
694 2785 780 2839 cui
811 2786 999 2837 nititur
1027 2784 1213 2848 inseri,
1237 2784 1381 2852 quod
1424 2784 1511 2837 illa
1543 2798 1670 2838 ver-

100 2876 157 2929 ba
204 2877 471 2943 indicant,
524 2878 633 2947 Ego
673 2879 948 2944 cruciﬁxus
987 2894 1097 2931 sum
1126 2878 1314 2930 mundo
1336 2917 1352 2942 ,
1378 2888 1426 2930 et
1453 2878 1672 2931 mundus

98 2969 233 3021 mihi.
263 2968 409 3023 Nunc
439 2984 569 3023 vero
598 2969 707 3033 ait,
752 2968 906 3022 Nunc
934 2978 1101 3021 autem
1126 2978 1172 3021 et
1197 2970 1324 3037 [iens
1357 2969 1491 3023 dico.
1522 2968 1628 3023 Cur
1647 2969 1673 3023 2

98 3060 348 3126 Quoniam
380 3060 579 3115 malum
606 3062 795 3122 crevit,
843 3060 1095 3128 quoniam
1128 3059 1259 3112 tales
1286 3060 1373 3127 qui
1405 3068 1561 3125 sunt,
1616 3060 1670 3113 hi

98 3148 339 3221 laerymis
368 3152 512 3220 digni
544 3160 689 3204 sunt.
719 3150 881 3204 'Vere
924 3150 1176 3221 lacrymis
1222 3150 1367 3219 digni
1419 3162 1543 3205 sunt
1580 3152 1671 3221 qui

97 3241 145 3292 in
182 3241 385 3294 deliciis
426 3242 647 3310 degunt,
692 3250 745 3295 et
796 3240 1169 3294 indumentum
1224 3240 1459 3309 quidem,
1507 3241 1559 3296 id
1590 3251 1673 3296 est

97 3344 284 3400 corpus
306 3373 319 3395 ,
352 3331 769 3402 pinguefaciunt,
805 3331 963 3385 futuri
992 3345 1121 3387 vero
1146 3331 1287 3399 quod
1311 3331 1456 3401 ipsos
1484 3340 1668 3387 manet

96 3422 329 3489 supplicii
360 3423 557 3477 nullam
585 3423 849 3477 rationem
874 3422 1092 3478 habent.
1123 3423 1249 3477 Esto
1271 3422 1497 3478 delicate
1513 3424 1669 3491 vivis,

97 3522 207 3565 esto
245 3512 369 3564 vino
396 3512 616 3572 mades;
652 3511 833 3575 hodie,
867 3498 1017 3579 cras,
1048 3511 1236 3567 decem
1278 3527 1465 3577 annos,
1500 3521 1555 3567 et
1590 3514 1671 3567 vi-

96 3602 219 3669 ginti
243 3610 297 3656 et
323 3602 536 3673 triginta
564 3612 617 3657 et
648 3602 1028 3673 quinquaginta
1056 3612 1110 3658 et
1135 3611 1372 3667 centum,
1402 3603 1541 3672 quod
1562 3605 1673 3673 qui-

97 3692 211 3747 dem
256 3694 367 3748 lieri
410 3694 633 3762 nequit;
668 3708 885 3754 verum,
932 3693 976 3747 si
1024 3695 1139 3756 vis,
1184 3693 1374 3747 demus
1403 3696 1472 3747 ita
1500 3709 1666 3748 esse:

100 3782 211 3847 quis
254 3781 558 3837 terminus?
597 3798 716 3852 quae
764 3783 1007 3837 utilitas?
1055 3783 1231 3837 Nulla.
1289 3784 1470 3838 Talem
1512 3786 1673 3854 igitur

100 3872 253 3924 vitam
306 3874 510 3939 vivere,
564 3890 743 3928 nonne
788 3874 1039 3944 lacrymis
1080 3884 1135 3928 et
1174 3874 1421 3930 lamentis
1449 3876 1669 3947 dignum

102 3963 212 4015 est?
240 3962 471 4018 Adduxit
496 3979 595 4019 nos
627 3964 768 4019 Deus
797 3965 850 4019 in
881 3965 985 4021 hoc
1015 3966 1250 4021 stadium
1273 4009 1287 4032 ,
1320 3976 1376 4021 ut
1406 3977 1666 4035 coronet,

100 4063 147 4105 et
184 4068 279 4108 nos
312 4055 526 4111 abimus
556 4057 706 4111 nullo
734 4058 995 4126 praeclaro
1032 4058 1179 4112 edito
1230 4058 1509 4116 facinore?
1554 4062 1672 4117 Flet

102 4143 250 4213 igitur
269 4146 485 4212 Paulus,
513 4148 708 4217 quibus
734 4148 802 4203 de
828 4150 989 4203 rebus
1014 4150 1106 4204 alii
1133 4150 1306 4206 rident
1328 4168 1499 4223 seque
1523 4154 1672 4208 oble-

102 4246 241 4291 ctant
270 4257 284 4291 :
312 4248 462 4293 tanto
493 4238 790 4294 alienarum
822 4240 1183 4295 calamitatum
1212 4257 1377 4297 sensu
1402 4246 1664 4313 tangitur;

101 4326 225 4381 adeo
271 4343 459 4384 omnes
501 4329 747 4385 homines
787 4340 959 4386 curat.
1016 4331 1263 4398 Quorum,
1310 4334 1500 4403 inquit,
1548 4336 1672 4390 deus

102 4426 256 4470 acriter
298 4428 390 4472 est.
425 4418 655 4488 Propter
686 4420 786 4475 hoc
809 4429 892 4475 est
917 4420 1051 4475 deus
1080 4422 1208 4491 ipsis
1240 4440 1253 4475 :
1284 4422 1383 4476 hoc
1411 4424 1537 4477 illud
1564 4435 1667 4493 est,

104 4503 421 4561 Comedamus
448 4518 496 4562 et
526 4508 753 4563 bibamus
784 4510 860 4580 (ΑΙ.
894 4508 1013 4565 Cor.
1050 4512 1137 4583 l5.
1164 4512 1279 4577 5‘2).
1310 4514 1469 4568 Vides
1505 4532 1673 4585 quan-

106 4604 202 4649 tum
231 4599 427 4652 malum
452 4599 561 4654 sint
590 4600 798 4657 deliciae
820 4602 843 4653 ?
866 4602 998 4657 Aliis
1027 4603 1241 4672 quidem
1275 4606 1517 4674 pecunia,
1554 4610 1672 4663 aliis

105 4701 221 4741 vero
242 4698 427 4745 venter
479 4689 614 4745 deus
651 4700 751 4746 est.
794 4691 983 4747 Nonne
1012 4694 1063 4746 hi
1097 4695 1255 4747 etiam
1298 4707 1419 4749 sunt
1452 4697 1673 4752 idolola—

107 4785 209 4842 trze,
252 4789 305 4834 et
344 4780 447 4835 illis
469 4781 630 4835 etiam
667 4781 964 4837 deteriores
994 4799 1056 4837 ac
1088 4786 1372 4853 nequiores
1398 4787 1419 4838 ?
1466 4786 1529 4839 Et
1559 4790 1670 4856 glo-

104 4868 191 4933 ria,
219 4869 409 4940 inquit,
448 4871 502 4924 in
526 4874 823 4941 confusione
858 4874 1105 4941 ipsorum.
1136 4874 1359 4941 Quidam
1390 4877 1670 4932 circumci-

106 4959 292 5015 sionem
338 4961 420 5015 bis
465 4962 642 5015 verbis
668 4963 957 5031 signiﬁcari
985 4965 1171 5018 volunt
1204 4982 1216 5017 :
1250 4981 1351 5035 ego
1382 4976 1559 5023 autem
1594 4971 1667 5024 ita

108 5049 436 5121 interpretor,
465 5066 529 5109 ac
556 5051 601 5109 si
640 5053 839 5107 dictum
874 5064 1015 5109 esset
1043 5093 1055 5116 ,
1088 5057 1146 5111 ln
1173 5059 1364 5125 quibus
1393 5061 1674 5126 oportebat

108 5154 187 5194 eos
214 5143 414 5210 pudore
442 5142 675 5198 suffundi
704 5160 866 5214 seque
895 5146 1183 5212 occultare,
1228 5148 1280 5201 in
1322 5149 1402 5201 his
1444 5165 1502 5205 se
1537 5151 1671 5206 etle-

110 5241 233 5286 runt.
261 5233 376 5287 Hoc
407 5233 535 5305 illud
563 5243 663 5298 est,
694 5235 835 5303 quod
861 5221 984 5289 alibi
1018 5237 1204 5304 inquit,
1240 5238 1397 5304 Quem
1424 5220 1542 5310 ergo
1564 5246 1673 5312 fruo

109 5332 225 5374 ctum
246 5322 495 5377 habuistis
520 5333 638 5377 tunc
663 5325 713 5377 iu
740 5325 862 5387 illis,
909 5326 1160 5394 inquibus
1206 5345 1337 5380 mmo
1381 5330 1671 5384 erubescitis

112 5409 267 5475 (Rom.
289 5414 348 5469 6.
374 5414 509 5482 2|)?
558 5413 731 5469 Grave
753 5415 893 5468 enim
918 5418 1112 5469 malum
1146 5426 1227 5472 est
1258 5420 1431 5488 turpia
1458 5421 1666 5485 facere;

110 5502 187 5565 sed
213 5505 253 5556 si
279 5516 356 5567 tc,
384 5521 506 5559 cum
532 5505 715 5569 facias,
746 5507 959 5573 pudeat,
992 5509 1141 5576 quasi
1168 5509 1447 5564 dimidium
1475 5514 1670 5567 malum

114 5603 181 5645 est
207 5611 219 5647 :
249 5597 334 5648 sin
360 5596 523 5650 etiam
551 5597 672 5651 inde
704 5607 753 5652 te
773 5597 989 5663 efferas,
1012 5601 1373 5670 summusjam
1399 5613 1482 5657 est
1509 5605 1671 5660 animi

112 5693 293 5745 suum.
323 5686 467 5755 Ergo
497 5688 564 5742 de
591 5690 693 5742 illis
721 5700 922 5743 tantum
959 5690 1070 5745 haec
1099 5691 1236 5747 dicta
1267 5704 1409 5760 sunt,
1438 5706 1491 5751 et
1518 5714 1672 5753 nemo

114 5786 276 5832 eorum
304 5780 395 5849 qui
430 5777 512 5831 hic
542 5779 774 5844 adsunt,
817 5780 1171 5850 objurgatioui
1212 5785 1382 5840 locum
1415 5788 1667 5856 reliquit?

424 5881 689 5943 l’s'nwL.
740 5884 855 5942 (in.
906 5884 1008 5943 LX
1023 5882 1093 5942 il.

959 385 1025 441 IN
1066 385 1283 442 EPIST.
1326 386 1419 441 AD
1461 382 1744 440 PlllLlPP.
1785 382 1936 439 CAP.
1972 382 2067 441 111.
2111 384 2337 443 HOMIL.
2384 384 2522 440 Xlll.

3270 384 3385 440 278

1800 509 1959 550 nemo
2008 498 2082 553 illi
2107 500 2320 554 crimini
2366 508 2450 554 est
2485 499 2693 553 altinis?
2746 514 2921 568 neque
2949 498 3107 554 deum
3139 510 3388 557 ventrem

1798 582 1993 639 habet?
2034 602 2209 656 neque
2236 588 2461 658 gloriam
2504 588 2557 642 in
2587 586 2941 643 confusione?
2979 588 3173 657 Cupio,
3204 599 3259 644 et
3290 603 3387 643 ve-

1796 671 2076 732 hementer
2121 679 2280 748 cupio
2326 679 2459 734 nihil
2502 679 2762 748 ejusmodi
2802 680 2869 733 ad
2915 694 3015 735 nos
3061 681 3384 749 pertinere:

1795 766 1987 820 vellem
2035 770 2304 824 neminem
2342 785 2521 836 nosse,
2568 773 2653 824 cui
2683 787 2742 825 ea
2772 787 2888 841 quae
2927 771 3065 825 dicta
3098 785 3244 831 sunt.
3274 773 3387 825 cri-

1794 855 1923 908 mini
1960 857 2071 911 dari
2119 870 2377 929 possent;
2425 860 2520 916 sed
2568 861 2725 916 valde
2766 870 2988 928 metuo,
3055 878 3123 917 ne
3178 863 3229 916 in
3282 876 3385 916 nos

1796 936 1993 1015 magis,
2018 963 2179 1017 quam
2212 952 2264 1004 in
2298 950 2414 1005 illos
2437 952 2780 1006 conveniant.
2814 952 3026 1008 Etenim
3053 953 3097 1007 si
3118 953 3239 1023 quis
3260 967 3384 1008 om-

1793 1051 1915 1092 nem
1957 1041 2119 1095 vilam
2147 1043 2200 1097 in
2235 1045 2595 1113 potationibus
2623 1052 2678 1099 et
2706 1048 3198 1099 comeSsationibus
3236 1046 3384 1100 insu-

1791 1139 1921 1195 mat,
1950 1141 2006 1185 et
2035 1133 2088 1187 in
2116 1148 2379 1203 pauperes
2405 1136 2620 1207 quidem
2649 1152 2847 1207 paucos
2871 1137 3061 1193 obolos
3086 1138 3382 1207 impendat,

1791 1224 2051 1293 majorem
2091 1242 2222 1282 vero
2262 1243 2421 1298 opum
2468 1239 2674 1299 partem
2721 1232 2772 1285 in
2822 1244 3064 1287 ventrem
3099 1230 3337 1287 cﬂundat
3369 1248 3386 1299 ;

1792 1334 1971 1375 nonne
1988 1321 2111 1391 jure
2138 1324 2190 1378 in
2224 1327 2385 1379 istum
2412 1329 2572 1380 etiam
2599 1326 2882 1383 dicentur?

1862 1410 1917 1463 Ξ.
1942 1411 2085 1468 Nihil
2112 1414 2194 1469 his
2223 1415 2399 1471 verbis
2429 1416 2493 1471 ad
2526 1417 2781 1486 pudorem
2812 1418 3134 1475 eliciendum
3164 1421 3341 1490 aptius
3366 1458 3386 1484 .

1788 1496 2017 1556 nihilad
2047 1503 2434 1575 objurgandum
2461 1505 2833 1562 vehementius
2860 1526 2872 1562 :
2904 1509 3153 1576 Quorum,
3184 1510 3377 1579 inquit,

1786 1592 1909 1646 deus
1945 1606 2115 1649 venter
2152 1607 2224 1651 est
2249 1640 2264 1663 ,
2294 1609 2340 1650 ct
2368 1600 2531 1669 gloria
2560 1601 2611 1653 iu
2637 1600 2933 1668 confusione
2959 1603 3205 1671 ipsorum.
3243 1604 3376 1669 Qui-

1786 1700 1908 1739 nam
1940 1687 2024 1740 isti
2058 1689 2219 1742 sunt?
2252 1689 2353 1754 Qui
2377 1701 2574 1744 terrena
2602 1692 2827 1759 sapiunt,
2862 1694 2950 1761 qui
2981 1694 3185 1757 dicunt,
3216 1693 3376 1749 Edi-

1787 1774 2007 1831 ﬁcemus
2022 1776 2232 1831 domos.
2260 1777 2395 1835 Ubi?
2427 1778 2482 1832 lu
2508 1788 2669 1846 terra,
2694 1782 2863 1849 inquit
2888 1800 2900 1835 :
2926 1796 3165 1836 eluamus
3186 1798 3375 1851 agros;

1786 1864 1838 1918 in
1881 1874 2021 1921 terra
2067 1884 2279 1923 rursum
2310 1885 2323 1921 :
2352 1869 2711 1936 adipiscamur
2751 1872 3030 1939 imperium
3053 1914 3067 1935 ,
3096 1888 3283 1933 rursus
3320 1874 3375 1929 in

1785 1963 1923 2011 terra
1952 1975 1965 2011 :
1997 1973 2346 2029 assequamur
2372 1963 2615 2031 gloriam,
2649 1979 2833 2018 rursus
2863 1950 2912 2017 in
2947 1974 3084 2019 terra
3114 1981 3129 2019 :
3161 1967 3376 2023 divitias

1783 2061 2185 2116 comparemus,
2212 2053 2390 2106 omnia
2421 2053 2652 2122 denique
2680 2054 2729 2107 in
2761 2064 2922 2108 terra.
2958 2055 3020 2109 lli
3048 2066 3207 2119 sunt,
3239 2072 3376 2127 quo-

1781 2155 1899 2194 rum
1940 2141 2072 2196 deus
2109 2153 2295 2198 venter
2330 2156 2434 2199 est.
2476 2146 2575 2211 Qui
2608 2147 2751 2201 enim
2784 2147 2912 2201 nihil
2943 2149 3219 2226 spirituale
3249 2165 3372 2204 eum

1782 2232 1962 2287 animo
1992 2248 2089 2286 suo
2109 2235 2368 2304 cogitant,
2394 2238 2487 2291 sed
2517 2238 2695 2291 omnia
2729 2253 2823 2292 sua
2856 2238 2942 2293 hic
2968 2240 3184 2304 habent,
3212 2250 3375 2311 atque

1782 2320 1898 2375 haec
1919 2323 2032 2377 sola
2054 2337 2263 2390 curant,
2292 2327 2480 2383 merito
2500 2338 2739 2401 ventrem
2763 2329 2923 2384 deum
2951 2329 3168 2395 habent,
3192 2332 3375 2386 dicen-

1782 2418 1863 2466 tes
1889 2430 1902 2463 :
1937 2413 2270 2471 Corucdanzus
2305 2426 2350 2471 et
2388 2419 2649 2484 bibamus;
2678 2436 2792 2494 cras
2821 2422 2952 2475 enim
2980 2422 3269 2476 moriemur.
3306 2424 3376 2479 Et

1781 2516 1978 2574 corpus
2006 2493 2395 2574 quidenidnles
2427 2510 2516 2563 tibi
2552 2493 2824 2565 terrenum
2859 2525 3001 2575 eSse,
3030 2514 3273 2581 quamvis
3304 2514 3372 2566 il-

1780 2595 1869 2649 lttd
1902 2598 2019 2662 tibi,
2042 2599 2181 2667 quod
2209 2600 2273 2653 ad
2300 2602 2544 2655 \irtutem
2572 2603 2823 2671 pertinet,
2849 2604 2979 2657 nihil
3007 2614 3225 2667 noceat;
3257 2606 3376 2659 aui-

1781 2704 1923 2743 mam
1947 2705 2077 2745 vero
2102 2692 2153 2745 in
2184 2700 2381 2747 terram
2414 2694 2669 2762 deprimts
2698 2710 2796 2764 per
2820 2695 3056 2761 delicias,
3087 2707 3140 2751 et
3170 2697 3370 2752 nullam

1781 2777 1938 2848 hujus
1980 2782 2056 2835 rei
2097 2783 2359 2837 rationem
2408 2785 2631 2848 habens,
2672 2784 2838 2852 rides,
2885 2786 2973 2840 dic
3016 2788 3165 2853 mihi,
3210 2798 3373 2858 atque

1779 2872 1960 2925 animo
2003 2886 2061 2927 es
2105 2874 2368 2928 remisso?
2414 2884 2466 2928 et
2511 2876 2719 2945 qualem
2761 2877 3107 2946 consequeris
3135 2880 3368 2945 veniam,

1779 2975 1899 3014 cum
1929 2970 2078 3017 tanto
2109 2972 2159 3017 te
2189 2972 2405 3032 stupore
2436 2964 2711 3029 aicheris;
2743 2982 2863 3020 cum
2894 2977 3166 3037 Oporteret
3196 2970 3369 3037 ipsum

1780 3067 1976 3122 corpus
2002 3055 2278 3123 spirituale
2305 3056 2570 3110 reddere?
2598 3058 2724 3112 licet
2750 3060 2891 3112 enim
2915 3100 2928 3121 ,
2961 3060 3005 3113 si
3032 3060 3186 3114 velis.
3223 3060 3369 3115 Ven-

1781 3153 1916 3199 trem
1960 3146 2212 3215 accepisti
2257 3155 2315 3200 ut
2362 3149 2588 3213 nutrias,
2629 3163 2735 3203 non
2778 3151 3171 3215 ut'disteudas;
3208 3162 3263 3205 ut
3293 3153 3370 3206 illi

1779 3233 2097 3301 domineris,
2120 3251 2227 3291 non
2256 3244 2315 3291 ut
2342 3236 2618 3292 dominum
2646 3240 2872 3307 habeas;
2904 3250 2956 3295 ut
2990 3242 3080 3297 tibi
3114 3243 3371 3299 inserviat

1778 3327 2097 3382 adea-teras
2137 3337 2317 3397 partes
2353 3330 2591 3392 alendas,
2634 3345 2740 3384 non
2782 3340 2839 3384 ut
2873 3340 2932 3385 tu
2973 3332 3045 3386 illi
3083 3333 3368 3399 inservias,

1779 3432 1885 3471 non
1928 3427 1985 3471 ut
2029 3417 2164 3473 ﬁnes
2202 3420 2492 3473 transilias.
2535 3419 2651 3474 Non
2696 3428 2775 3474 tot
2814 3423 3073 3477 malorum
3100 3439 3257 3479 causa
3286 3435 3372 3481 est

1779 3522 1926 3561 mare
1955 3507 2087 3562 ﬁnes
2109 3522 2533 3578 supergressum,
2554 3520 2681 3579 quot
2702 3522 2889 3565 venter
2912 3515 3123 3582 corpori
3150 3515 3372 3569 anima:-

1777 3615 1882 3669 que
1904 3610 2102 3654 nostrae
2129 3618 2141 3653 :
2166 3615 2379 3655 omnem
2404 3602 2531 3656 illud
2561 3610 2779 3669 terram,
2812 3606 2865 3659 in
2889 3621 3048 3674 quam
3076 3622 3136 3662 se
3166 3607 3370 3663 ell‘ude-

1776 3690 1865 3751 rit,
1899 3691 2111 3753 obruit;
2142 3699 2331 3744 venter
2357 3706 2486 3745 vero
2518 3692 2824 3748 universum
2853 3710 3075 3765 corpus.
3120 3696 3265 3753 Pone
3294 3698 3371 3754 illi

1780 3782 2087 3847 terminum,
2134 3782 2276 3851 quod
2328 3792 2530 3856 natura:
2573 3786 2702 3838 satis
2750 3796 2866 3849 est;
2916 3790 3369 3855 quemadmodum

1778 3871 1911 3925 mari
1959 3871 2097 3926 Deus
2148 3873 2321 3941 posuit
2365 3888 2617 3929 arenam:
2648 3890 2710 3930 ae
2748 3878 2792 3931 si
2834 3882 3158 3945 :vstuaverit,
3209 3890 3369 3951 atque

1777 3962 2163 4029 excanduerit,
2204 3962 2416 4033 increpa
2461 3965 2610 4019 illum
2654 3975 2916 4035 poteSIate
2954 3984 3072 4038 qtuu
3100 3970 3153 4023 in
3188 3981 3237 4025 te
3268 3973 3370 4028 sita

1776 4066 1878 4111 est.
1912 4057 2045 4113 Vide
2074 4066 2274 4127 quanto
2298 4058 2504 4113 honore
2533 4067 2584 4112 te
2611 4059 2849 4113 allecerit
2890 4061 3059 4125 Deus,
3099 4074 3152 4117 ut
3195 4064 3367 4133 ipsum

1759 4146 2004 4203 'imitcris
2036 4166 2049 4202 :
2084 4157 2136 4202 tu
2167 4148 2294 4201 vero
2321 4149 2543 4203 minime
2573 4150 2673 4214 vis,
2705 4150 2799 4204 sed
2829 4150 2978 4206 vides
3008 4153 3152 4206 illum
3182 4169 3369 4208 erum-

1780 4254 1906 4308 pere
1926 4281 1941 4305 ,
1972 4248 2245 4309 totamque
2278 4250 2520 4293 naturam
2551 4254 2895 4309 corrumpere
2923 4250 3084 4312 atque
3114 4245 3366 4312 obruere,

1778 4346 1877 4383 nec
1903 4339 2079 4384 tamen
2103 4331 2267 4385 audes
2290 4331 2543 4386 cohibere
2563 4347 2627 4387 ac
2650 4333 2938 4394 moderari.
2965 4336 3192 4400 Quorum
3220 4338 3365 4403 deus,

1780 4421 1970 4490 inquit,
1996 4432 2163 4475 venter
2182 4431 2271 4475 est.
2304 4422 2589 4477 Videamus
2612 4424 2880 4493 quomodo
2904 4424 3096 4479 Paulus
3122 4428 3371 4481 servierit

1782 4513 1891 4567 Deo
1925 4532 1936 4564 :
1967 4512 2242 4565 videamus
2266 4514 2534 4581 quomodo
2564 4524 2616 4567 et
2647 4515 2839 4569 edaces
2868 4516 2955 4569 isti
2982 4518 3217 4570 serviant
3238 4533 3369 4571 ven-

1780 4607 1865 4659 tri.
1914 4604 2102 4659 Nonne
2145 4606 2230 4659 isti
2273 4615 2554 4661 sescentas
2585 4607 2857 4676 perferunt
2888 4610 3123 4663 mortes?
3164 4625 3371 4677 nonne,

1779 4712 2129 4771 quaecumque
2152 4697 2491 4765 illejusserit,
2512 4698 2813 4753 detrectare.
2839 4699 3161 4753 formidant?
3189 4718 3368 4757 annon

1778 4776 1937 4842 etiam
1968 4790 2017 4842 in
2049 4790 2131 4851 iis,
2154 4805 2270 4858 qua:
2297 4790 2512 4845 minime
2540 4792 2650 4844 lieri
2676 4800 2915 4858 possunt,
2941 4793 3191 4846 obediuut
3214 4794 3370 4862 eique

1780 4879 2127 4932 ministrant?
2160 4895 2337 4933 noonc
2370 4881 2648 4947 mancipiis
2668 4882 2951 4950 nequiores
2972 4884 3138 4935 sunt?
3173 4886 3237 4936 At
3262 4899 3364 4939 non

1780 4969 1977 5023 Paulus
2007 4971 2125 5023 talis
2152 4988 2164 5023 :
2189 4971 2535 5040 quamobrem
2560 4972 2771 5025 diccbat
2792 5014 2806 5036 ,
2845 4972 3035 5025 Nostra
3059 4977 3370 5027 conversatio

1778 5061 1830 5113 in
1860 5061 1996 5114 ctelis
2018 5070 2107 5114 est.
2135 5061 2249 5115 Non
2274 5062 2433 5129 igitur
2455 5061 2538 5115 hic
2565 5078 2867 5130 qumramus
2891 5064 3152 5132 requiem,
3176 5066 3268 5119 sed
3295 5066 3369 5120 ibi

1780 5150 2006 5203 velimus
2035 5151 2162 5203 clari
2195 5165 2335 5213 esse,
2370 5152 2457 5204 ubi
2486 5160 2539 5204 cl
2567 5153 2725 5217 vitam
2754 5153 2998 5208 colimus.
3038 5153 3185 5209 Unde
3213 5157 3368 5209 etiam

1781 5238 2115 5303 Saluatorem,
2148 5242 2336 5309 inqttil,
2367 5252 2713 5308 exspectamus
2746 5243 3020 5296 Dominum
3048 5244 3246 5310 Jesum,
3278 5248 3371 5313 qui

1780 5333 2160 5401 trausﬁgumbit
2206 5349 2388 5401 corpus
2428 5334 2725 5386 Innuilitatis
2772 5343 2975 5398 noslrw,
3014 5346 3067 5386 ut
3107 5341 3367 5406 conforme

1780 5422 1869 5486 ﬁat
1911 5425 2111 5490 corpori
2146 5423 2395 5475 claritatis
2435 5440 2555 5477 suw.
2604 5424 2859 5477 Paulatim
2904 5440 2998 5480 nos
3034 5426 3255 5481 evexit:
3289 5428 3370 5483 De

1779 5514 1931 5576 czelo,
1960 5516 2149 5584 inquit,
2184 5515 2427 5569 Salvator
2459 5526 2636 5569 uoster
2670 5533 2681 5566 :
2711 5533 2737 5567 a
2770 5516 2908 5578 loco,
2940 5534 2967 5569 a
3002 5533 3369 5586 personarma-

1774 5603 2022 5671 jestatem
2052 5606 2446 5659 demonstrans.
2481 5606 2579 5671 Qui
2605 5608 3002 5678 trans/igurabit,
3036 5608 3223 5678 inquit,
3257 5626 3371 5662 cor-

1779 5713 1871 5765 pus
1913 5699 2215 5751 humilitatis
2258 5710 2463 5752 uostrw.
2495 5700 2672 5753 Multis
2699 5700 2871 5755 modis
2901 5716 3039 5754 nunc
3064 5702 3201 5755 male
3226 5702 3368 5755 acci-

1782 5790 1921 5858 pitur
1960 5806 2154 5861 Corpus
2204 5801 2464 5860 nostrum,
2516 5792 2763 5860 vincitur,
2811 5792 3048 5861 vapulat,
3100 5793 3364 5847 sexcentis

2946 5885 3017 5944 18
