4064 6318
711 385 815 442 579

711 493 868 548 malis
904 491 1162 553 stﬂeitur;
1210 501 1394 542 verum
1430 482 1708 541 et-Cbristi
1736 493 1930 550 corpus
1957 478 2068 533 hac
2097 474 2285 538 eadem

712 599 928 654 passum
971 590 1077 636 est.
1125 579 1239 635 lloc
1286 593 1416 648 ergo
1453 575 1808 632 subindicavit
1832 572 2036 635 dicens,
2072 567 2142 624 Ut
2168 583 2288 621 con-

714 677 877 742 forme
913 672 1003 739 fiat
1030 669 1232 739 corpori
1261 661 1504 722 claritatis
1536 682 1660 720 sua.
1708 663 1852 732 Ergo
1892 661 2032 732 idem
2072 656 2287 729 quidem

713 777 909 830 corpus
937 769 1035 824 est,
1068 758 1166 816 sed
1195 757 1436 812 induitur
1472 755 1890 829 immortalitate.
1925 749 2289 820 Transﬁgura-

717 851 806 913 fit,
840 851 1027 921 inquit.
1073 848 1214 918 Ergo
1245 857 1299 902 et
1335 846 1502 917 ﬁgura
1539 846 1675 908 alia;
1719 851 1808 896 aut
1840 843 1910 894 ita
1940 836 2290 894 mutationem

699 942 894 995 minus
922 941 1135 1010 proprie
1162 938 1389 994 vocavit.
1423 936 1565 991 Dixit
1587 944 1788 1000 autem,
1811 931 2007 1002 Corpus
2032 928 2292 982 humilita-

716 1033 781 1084 tis
805 1040 1009 1095 nostrte,
1033 1030 1282 1099 quoniam
1307 1042 1446 1082 nunc
1462 1028 1605 1096 jacet
1626 1028 1679 1080 in
1703 1024 2017 1087 humilitate,
2037 1019 2289 1090 quoniam

716 1122 952 1176 interitui
983 1135 1046 1174 ac
1068 1120 1242 1174 dolori
1274 1118 1561 1177 obnoxium
1593 1124 1697 1183 est,
1728 1114 1980 1186 quoniam
2009 1111 2113 1165 vile
2143 1107 2288 1163 vide-

721 1225 805 1267 tur
822 1225 941 1265 esse
965 1209 1198 1280 nihilque
1219 1208 1448 1277 amplius
1469 1207 1679 1262 cmteris
1695 1204 1914 1260 habere.
1948 1201 2016 1258 Ut
2035 1202 2290 1271 confertae

716 1303 902 1371 ipsum,
926 1301 1115 1370 inquit,
1143 1301 1232 1368 fiat
1252 1300 1454 1368 corpori
1479 1299 1725 1352 claritatis
1747 1313 1872 1351 stuc.
1896 1294 2088 1365 Papus!
2123 1291 2289 1379 illine,

716 1393 859 1463 quod
883 1393 1034 1448 sedet
1059 1395 1112 1446 in
1133 1392 1349 1447 dextera
1379 1391 1588 1444 Patris?
1619 1389 1729 1444 lloc
1757 1389 1927 1457 ipsum
1950 1398 2146 1455 corpus
2165 1395 2287 1437 conv

717 1481 888 1537 formo
910 1482 983 1535 illi
1013 1484 1087 1546 tit,
1119 1481 1258 1551 quod
1294 1481 1548 1534 aduratur
1580 1481 1648 1536 ab
1683 1479 1906 1547 angelis,
1936 1476 2011 1530 illi
2037 1473 2122 1528 cui
2153 1469 2291 1525 assi-

716 1578 862 1624 stunt
895 1571 1224 1638 incorporea:
1254 1569 1574 1633 Potestates,
1601 1568 1672 1621 illi
1704 1565 1843 1636 quod
1871 1574 1953 1620 est
1980 1576 2141 1632 supra
2172 1575 2292 1614 om-

720 1675 844 1714 nem
874 1658 1232 1729 Principatum
1253 1671 1306 1714 et
1334 1659 1593 1713 Virtutem
1625 1667 1678 1711 et
1707 1657 2064 1718 Potestatem;
2095 1651 2172 1705 illi
2194 1648 2294 1719 ipsi

715 1747 994 1802 confurme
1032 1748 1111 1826 lit.
1150 1748 1206 1803 Si
1248 1748 1530 1801 universus
1554 1745 1722 1810 orbis,
1757 1743 1983 1813 sumptis
2013 1740 2290 1811 lacrymis,

714 1855 808 1892 eos
835 1839 923 1907 qui
949 1837 1015 1893 de
1043 1839 1142 1893 hac
1162 1853 1256 1908 spe
1277 1838 1613 1902 deciderunt,
1639 1837 1789 1902 ﬂeat;
1824 1851 1918 1906 pro
1940 1835 2014 1889 rei
2037 1832 2294 1902 gravitate

714 1929 882 1991 flebit,
929 1929 1067 1999 quod
1112 1930 1214 1985 hoc
1257 1930 1522 2000 promisso
1569 1928 1720 1983 nobis
1758 1927 2054 1996 proposito,
2088 1923 2202 1978 fore
2238 1932 2295 1976 ut

716 2035 910 2087 corpus
955 2031 1192 2074 nostrum
1239 2021 1314 2074 illi
1351 2027 1627 2075 cuniwme
1669 2018 1780 2083 fiat,
1810 2033 1929 2072 cum
1964 2014 2297 2070 da‘monihus

716 2122 895 2164 tamen
938 2111 1125 2165 abeat?
1169 2110 1286 2166 Jam
1333 2113 1487 2166 mitto
1530 2112 1828 2181 gehennam
1867 2127 1882 2163 :
1921 2108 2293 2178 quodcumque

715 2202 856 2253 enim
889 2201 1125 2268 dixeris,
1168 2201 1299 2255 nihil
1326 2217 1444 2257 esse
1471 2202 1758 2266 existimo,
1788 2201 1979 2254 sitcum
2013 2199 2115 2252 hoc
2141 2197 2292 2266 lapsu

713 2305 1072 2361 comparetur.
1117 2291 1254 2362 Quid
1284 2293 1378 2354 ais,
1408 2293 1605 2348 Paule?
1640 2292 1713 2346 illi
1743 2292 2015 2346 conforme
2047 2288 2138 2343 ﬁt?
2161 2287 2253 2341 Na:
2273 2327 2288 2351 ,

714 2384 904 2453 inquit.
939 2384 1140 2438 Deinde
1161 2424 1176 2448 ,
1207 2400 1273 2438 ne
1297 2384 1532 2447 diffidas,
1562 2392 1934 2454 argumentum
1957 2395 2167 2450 quoque
2193 2378 2292 2434 ad-

709 2473 887 2543 junin
915 2490 927 2528 :
960 2474 1250 2528 Secundum
1290 2458 1656 2545 oporationem,
1702 2466 1892 2543 inquit,
1931 2470 2129 2524 virtutis
2162 2483 2288 2532 sua,

713 2582 812 2634 qua
848 2569 998 2618 etiam
1027 2567 1184 2636 possit
1213 2567 1460 2637 subjicere
1484 2566 1579 2619 sibi
1605 2556 1792 2619 onmia.
1826 2565 2175 2626 Potestatem,
2207 2560 2291 2614 in-

714 2656 848 2725 quit,
876 2655 1035 2709 habet
1061 2656 1237 2708 omnia
1266 2655 1365 2709 sibi
1399 2655 1713 2723 subjiciendi
1742 2673 1755 2707 :
1785 2668 1913 2723 ergo
1939 2661 1996 2707 et
2022 2651 2291 2706 interitum

714 2754 769 2796 et
800 2754 1058 2798 mortem:
1104 2746 1278 2812 potius
1317 2755 1492 2800 autem
1533 2761 1596 2800 ex
1629 2745 1813 2799 eadem
1855 2746 1965 2814 ipsa
2009 2750 2289 2813 potestate,

714 2835 818 2890 hoc
845 2836 1002 2889 etiam
1028 2836 1168 2889 facit.
1194 2835 1345 2902 Quod
1371 2839 1534 2899 enim,
1556 2837 1641 2889 dic
1665 2837 1813 2901 mihi,
1844 2835 2095 2905 potentia:
2121 2835 2292 2901 majus

714 2939 851 2994 opus
877 2934 976 2985 est,
1010 2927 1230 2993 angelos
1264 2935 1318 2981 et
1355 2925 1703 2995 archaugclos
1731 2935 1786 2979 ct
1810 2925 2093 2980 Cherubim
2125 2933 2178 2978 et
2200 2924 2294 2978 Se-

715 3017 922 3085 raphim
967 3017 1228 3085 subjicere
1258 3031 1318 3071 ac
1345 3017 1645 3078 daemonas,
1675 3033 1740 3071 an
1768 3032 1962 3087 corpus
1993 3015 2168 3069 facere
2196 3015 2293 3067 im-

715 3107 940 3161 mortale
986 3116 1040 3159 et
1081 3109 1398 3176 corruptelae
1446 3124 1552 3161 non
1601 3108 1933 3162 obnoxium?
1982 3105 2115 3159 Illud
2163 3119 2292 3158 sane

717 3199 886 3252 multo
929 3199 1117 3266 majus.
1166 3198 1407 3254 Ostendit
1446 3201 1644 3268 majora
1676 3215 1837 3270 opera
1874 3199 2123 3268 potentia:
2158 3213 2290 3264 sum,

715 3297 774 3342 ut
802 3287 917 3343 hinc
942 3289 1100 3342 etiam
1128 3290 1337 3344 credas.
1367 3290 1723 3356 Quamobrem
1755 3292 1962 3344 tametsi
1992 3288 2294 3343 mundanus

715 3380 845 3433 istos
887 3379 1126 3434 videritis
1165 3381 1496 3434 exsultantes
1533 3380 1733 3441 laetitia,
1773 3390 1826 3434 et
1862 3379 2028 3449 gloria
2063 3380 2292 3432 circum.

713 3466 940 3522 ﬂuentes
965 3487 976 3522 :
997 3484 1090 3523 vos
1111 3469 1457 3523 nihilominus
1478 3479 1633 3532 state,
1655 3486 1759 3524 nun
1785 3470 1851 3524 ab
1876 3471 1977 3524 illis
2003 3468 2290 3534 laedamini,

715 3573 815 3612 nec
846 3560 1126 3614 Iurhemiui
1154 3577 1166 3612 :
1191 3576 1315 3630 spes
1345 3561 1644 3629 hujusmodi
1669 3577 1787 3632 qua:
1815 3562 1968 3616 nobis
1990 3576 2293 3631 proponun-

718 3661 824 3716 tur,
869 3660 1005 3720 apta:
1053 3662 1196 3718 sunt,
1248 3669 1365 3721 qua!
1409 3652 1563 3706 valde
1607 3654 1768 3708 etiam
1811 3653 2094 3708 socordem
2133 3662 2293 3721 atque

712 3742 1027 3795 oscitantem
1058 3744 1292 3797 excitent
1318 3753 1476 3812 atque
1501 3744 1726 3814 erigant.
1753 3744 1901 3814 (Cap.
1921 3738 2065 3809 4.)1.
2089 3741 2290 3813 Itaque,

713 3833 900 3899 fratres
930 3833 1045 3897 uici,
1088 3831 1280 3902 inquit,
1321 3835 1566 3887 carissimi
1604 3845 1650 3900 et
1689 3824 2124 3901 desideratissimi,
2161 3850 2292 3904 gau-

715 3924 858 3976 dium
881 3940 1044 3978 meum
1075 3934 1119 3976 et
1153 3941 1339 3979 corona
1365 3942 1492 3987 mea,
1529 3928 1601 3979 sic
1625 3935 1754 3979 state
1779 3928 1832 3980 in
1862 3924 2102 3991 Domino,
2129 3928 2291 3980 caris-

720 4014 857 4072 simi.
906 4014 1030 4077 Sic,
1071 4014 1378 4083 quomodo?
1421 4015 1875 4083 Quemadmodum
1927 4008 2151 4072 stetistis
2191 4017 2292 4072 im-

714 4106 867 4156 moti.
896 4104 1027 4160 Vide
1061 4115 1178 4174 post
1203 4105 1618 4162 admonitionem
1648 4111 1890 4164 encomia
1915 4127 1928 4162 :
1963 4110 2220 4163 Gaudium
2245 4119 2290 4163 et

712 4209 900 4246 corona
923 4211 1052 4249 nica.
1079 4195 1194 4249 Non
1225 4205 1426 4253 tantum
1459 4199 1703 4265 gaudium
1725 4241 1739 4265 ,
1771 4200 1864 4254 sed
1892 4201 2052 4255 etiam
2080 4201 2246 4270 gloria
2273 4217 2287 4266 ;

716 4297 820 4335 non
865 4294 1067 4340 tantum
1110 4286 1316 4355 gloria,
1362 4287 1452 4340 sed
1496 4290 1655 4344 etiam
1700 4305 1898 4344 corona
1935 4293 2060 4345 :cui
2104 4291 2291 4362 gloria:

714 4373 846 4428 nihil
895 4391 987 4440 par
1025 4377 1341 4440 inveniatur,
1379 4379 1574 4449 quippe
1616 4397 1737 4435 cum
1782 4382 1860 4436 illi
1905 4383 2050 4437 Pauli
2090 4398 2290 4438 corona

711 4464 848 4519 sint-
873 4465 961 4518 Sic
986 4477 1111 4519 state
1132 4467 1184 4520 in
1207 4466 1748 4537 Domino,~carissinti;
1777 4474 1829 4527 id
1854 4483 1954 4540 est,
1978 4464 2038 4529 in.
2054 4491 2148 4545 spe
2170 4477 2288 4532 Dei.

710 4554 767 4607 2.
805 4552 1049 4607 Evodiant
1076 4572 1217 4625 rogo,
1246 4568 1293 4610 et
1320 4557 1613 4628 Syntyclien
1635 4578 1757 4631 roga
1779 4563 1832 4615 id
1853 4563 2020 4630 ipsum
2044 4581 2220 4634 sapere
2238 4568 2292 4621 in

712 4643 952 4698 Domino.
986 4646 1037 4700 5.
1061 4645 1229 4699 Etiam
1254 4664 1376 4718 rogo
1397 4659 1440 4704 et
1469 4660 1535 4717 te,
1567 4668 1803 4720 germane
1839 4669 2069 4724 compar,
2098 4655 2290 4727 adjura

708 4737 848 4790 Uias.

786 4829 843 4881 5.
873 4826 1095 4893 Quidam
1121 4828 1303 4886 dicunt
1329 4830 1544 4886 Paulum
1570 4833 1650 4886 his
1667 4835 1862 4900 verbis,
1885 4835 2132 4893 Germane
2150 4856 2288 4893 cont-

709 4934 823 4984 par,
867 4931 1088 4970 uxorem
1120 4934 1270 4972 suam
1316 4936 1503 4990 rogare
1531 4922 1605 4994 (α)
1639 4942 1652 4978 :
1683 4926 1824 4993 quod
1855 4928 2074 4984 minime
2098 4945 2286 4985 verum

711 5015 826 5068 est;
857 5007 947 5060 sed
971 5009 1251 5077 quamdam
1278 5013 1436 5066 aliaat
1467 5015 1745 5070 mulierem
1765 5057 1780 5080 ,
1810 5017 1892 5072 vel
1921 5022 2080 5073 etiam
2112 5021 2285 5074 virum

714 5093 937 5148 alterius
967 5097 1186 5151 istarum
1224 5098 1324 5153 hoc
1352 5111 1504 5155 vocat
1535 5105 1770 5159 nomine.
1801 5106 2002 5176 Adjuva
2030 5109 2170 5175 illas,
2199 5112 2281 5163 in-

709 5184 861 5252 quit,
904 5202 1014 5253 qtae
1056 5204 1244 5241 mecum
1287 5190 1633 5246 laboraverunt
1663 5197 1712 5247 in
1739 5200 1995 5268 evangelio
2024 5218 2136 5254 cum
2169 5201 2284 5255 Cle-

680 5341 682 5343 _
711 5284 873 5325 mente
895 5285 940 5327 et
968 5279 1159 5330 cretei-is
1184 5279 1497 5348 adjatoribus
1524 5285 1664 5349 meis,
1689 5302 1899 5352 quarunt
1928 5291 2134 5342 nomina
2164 5300 2282 5344 sunt

711 5364 762 5416 in
791 5365 914 5417 libro
952 5368 1080 5421 vilw.
1117 5369 1273 5426 Vides
1305 5385 1512 5439 quanta:
1544 5375 1754 5431 virtutis
1784 5358 2147 5435 testimonium
2177 5384 2280 5437 illis

708 5455 800 5508 dat
827 5453 1012 5520 ?Quo-.l
1040 5461 1250 5528 quidem
1282 5466 1535 5530 apostolis
1559 5467 1767 5522 diccbat
1795 5470 2061 5536 Christus,
2090 5471 2157 5526 In
2188 5474 2281 5527 Itoc

707 5549 865 5599 nolite
893 5551 1142 5617 gaudere,
1175 5554 1291 5620 quia
1330 5554 1579 5609 daemonia
1616 5560 1750 5612 vobis
1787 5561 2162 5631 subjiciuntur,
2196 5566 2286 5618 sed

757 5725 831 5794 tu)
871 5723 1068 5773 l'aultuu
1094 5739 1292 5778 uxorem
1329 5731 1553 5782 habuisse
1576 5735 1767 5797 quidam
1788 5740 2036 5800 putabant.

1385 374 1391 376 ‘
1439 374 1495 431 s.
1535 354 1810 430 .lO'ANNIS
1845 361 2315 424 cuttvsusront
2356 358 2670 415 ARCIIIEP.
2709 353 3234 413 CONS‘I‘ANTINOP.
3270 319 3272 321 ’

3873 347 3974 405 250

2392 470 2528 538 quod
2556 469 2760 524 nomine
2787 479 2952 524 vestra
2977 477 3098 523 sunt
3121 468 3310 538 scripta
3333 466 3385 520 in
3403 465 3535 519 libro
3556 464 3670 520 vita
3698 461 3856 534 (Luc.
3887 462 3970 517 to.

2390 557 2486 629 ΞΟ)
2513 576 2530 624 ς
2583 558 2683 614 hoc
2720 558 2916 613 Paulus
2944 558 3104 614 etiam
3136 556 3206 612 de
3232 557 3348 612 istis
3376 556 3714 621 testiﬁcatur,
3749 553 3874 609 dice
3887 569 3971 615 ns,

2399 650 2629 717 Quorum
2655 649 2861 704 nomine
2892 657 3011 704 sunt
3046 648 3102 702 in
3133 649 3262 703 libro
3290 648 3428 702 vita.
3479 644 3741 700 Videntur
3786 652 3973 699 autem

2395 740 2530 796 mihi
2553 740 2635 795 hae
2655 739 2909 795 mulieres
2927 749 3087 809 caput
3108 738 3274 795 fuisse
3297 738 3552 794 Ecclesiae
3578 752 3698 806 quae
3725 736 3798 791 ibi
3821 745 3942 791 erat
3961 752 3973 796 ;

2396 845 2593 900 easque
2638 830 2978 885 commendat
3009 830 3126 884 viro
3165 829 3391 884 fortasse
3439 827 3761 892 admirabili,
3813 840 3974 896 quem

2393 938 2699 993 comparem
2746 923 2908 978 etiam
2955 931 3111 978 vocat
3149 939 3164 976 :
3196 922 3280 976 cui
3321 921 3550 975 fortasse
3591 916 3975 974 commendare

2395 1013 2586 1068 solitus
2612 1022 2762 1080 erat,
2790 1023 2848 1068 ut
2872 1013 3155 1068 auxiliario
3183 1019 3238 1067 et
3265 1009 3617 1065 commilitoni
3646 1020 3702 1064 et
3728 1005 3976 1078 participi

2396 1111 2452 1157 et
2479 1101 2649 1158 fratri.
2694 1101 2750 1157 Id
2779 1117 2910 1158 vero
2934 1110 2993 1158 et
3028 1101 3083 1157 in
3117 1101 3354 1172 Epistola
3401 1099 3468 1154 ad
3510 1098 3780 1153 Romanos
3809 1096 3974 1150 facit:

2397 1192 2705 1247 Commendo
2725 1232 2743 1258 ,
2795 1193 3003 1262 inquit,
3050 1192 3187 1247 nobis
3214 1189 3438 1244 Plueben
3470 1205 3694 1245 sororem
3723 1198 3975 1253 nostram,

2395 1299 2510 1354 qua:
2533 1292 2605 1338 est
2639 1286 2693 1338 in
2720 1284 3001 1339 ministerio
3039 1282 3314 1349 Ecclesia,
3354 1296 3469 1352 qua:
3511 1291 3585 1335 est
3617 1282 3672 1335 in
3709 1278 3978 1334 Cenchreis

2397 1375 2576 1445 (Rom.
2599 1376 2691 1438 56.
2723 1373 2797 1443 1).
2828 1373 3066 1445 Compar.
3101 1375 3191 1430 Vel
3217 1374 3434 1429 fratrem
3462 1373 3695 1443 aliquem
3727 1373 3974 1435 istarum,

2399 1468 2483 1522 vel
2509 1468 2668 1522 etiam
2695 1468 2869 1521 virum
2895 1466 3116 1521 alterius
3155 1467 3389 1536 ipsarum
3428 1466 3498 1519 ita
3526 1473 3722 1518 vocat:
3755 1461 3978 1532 perinde

2400 1570 2463 1611 ac
2491 1558 2535 1613 si
2566 1558 2790 1625 diceret,
2822 1558 2974 1613 Nunc
3005 1559 3172 1612 frater
3200 1573 3258 1612 es
3285 1570 3591 1627 germanus,
3631 1570 3772 1609 nunc
3802 1555 3884 1607 vir
3905 1553 3979 1606 le-

2396 1648 2648 1718 gitimus;
2689 1650 2886 1720 quippe
2923 1650 3012 1719 qui
3045 1650 3343 1703 membrum
3370 1648 3540 1702 factus
3579 1661 3661 1702 es.
3712 1647 3840 1711 Qui:
3870 1660 3976 1698 sue-

2397 1754 2514 1792 cum
2555 1739 2910 1794 laboraverunt
2959 1741 3011 1792 in
3054 1739 3329 1806 evangelio.
3401 1736 3538 1791 llinc
3576 1733 3889 1790 sollicitudo
3926 1741 3978 1786 et

2398 1845 2524 1885 cura
2554 1844 2678 1902 erga
2711 1830 2848 1895 illus,
2881 1846 2987 1885 non
3017 1831 3088 1884 oh
3115 1830 3426 1891 amicitiam,
3457 1826 3551 1882 sed
3578 1827 3647 1880 ob
3677 1824 3973 1880 benefacta.

2404 1920 2599 1975 Mecum
2629 1924 2996 1978 laboraverunt.
3021 1919 3158 1985 Quid
3183 1920 3294 1974 ais?
3339 1919 3594 1973 mulieres
3624 1927 3798 1972 tecum
3830 1916 3977 1969 labo-

2400 2013 2693 2067 raverunt?
2741 2014 2867 2079 Nae,
2910 2011 3100 2081 inquit.
3150 2011 3266 2064 Non
3303 2024 3487 2079 parum
3519 2020 3572 2063 et
3599 2009 3704 2062 illa:
3731 2008 3975 2062 contule-

2399 2111 2525 2156 runt
2557 2121 2569 2156 :
2599 2104 2841 2172 quamvis
2864 2103 3009 2158 enint
3041 2101 3192 2154 multi
3219 2108 3423 2164 essent,
3449 2099 3540 2168 qui
3563 2099 3729 2154 Paulo
3757 2098 3980 2152 auxilia-

2399 2195 2604 2253 rcntur,
2658 2194 2832 2240 tamen
2883 2187 3024 2240 inter
3062 2183 3261 2240 multos
3303 2191 3356 2237 et
3383 2183 3499 2237 istae
3528 2196 3652 2236 suas
3696 2183 3747 2236 in
3770 2182 3979 2253 agendo

2401 2289 2598 2350 partes
2625 2279 2967 2350 priestabant.
3014 2277 3132 2333 Non
3163 2289 3350 2347 parum
3373 2274 3535 2345 igitur
3560 2283 3686 2329 tunc
3731 2252 3979 2328 Ecclesia:

2400 2371 2734 2443 augebantur
2762 2389 2774 2424 :
2806 2386 2929 2425 nam
2961 2386 3026 2425 es
3052 2385 3150 2437 eo,
3201 2370 3343 2439 quod
3371 2366 3408 2423 ii
3453 2366 3546 2439 qui
3571 2365 3780 2437 probati
3803 2376 3976 2430 erant,

2398 2479 2520 2520 cum
2551 2463 2671 2528 viri,
2701 2472 2809 2516 tum
2838 2462 3112 2526 mulieres,
3145 2469 3296 2548 taqto
3325 2475 3357 2513 a
3394 2459 3605 2515 caeteris
3633 2455 3842 2514 honore
3866 2455 3982 2510 affi—

2399 2565 2669 2620 cereutur,
2713 2555 2882 2609 multa
2911 2554 3231 2609 eveniebant
3275 2553 3435 2607 bona.
3485 2552 3699 2608 Etenim
3745 2549 3979 2622 primum

2399 2645 2616 2715 quidem
2663 2645 2842 2700 caeteri
2889 2644 2957 2699 ad
3005 2658 3187 2714 parem
3221 2644 3395 2698 zelum
3418 2643 3860 2698 adducebantur:
3889 2644 3980 2696 de-

2401 2737 2524 2792 inde
2570 2737 2622 2791 in
2663 2751 2728 2791 eo
2757 2719 2946 2803 etia‘m,
2986 2735 3129 2806 quod
3171 2736 3431 2792 honorem
3459 2735 3795 2798 deferebant,
3828 2749 3980 2805 qua:-

2399 2839 2539 2886 stum
2564 2828 2826 2884 faciebant
2855 2844 2869 2881 :
2903 2829 3061 2882 tertio
3087 2837 3142 2883 et
3167 2828 3286 2882 illos
3315 2827 3461 2897 ipsos
3500 2826 3792 2882 alacriores
3821 2835 3980 2895 atque

2400 2921 2735 2975 ardentiores
2795 2919 3079 2974 faciebant.
3139 2920 3428 2988 Propterea
3472 2918 3670 2987 ubique.
3714 2916 3883 2972 vides
3930 2917 3978 2970 id

2399 3023 2672 3067 curantem
2694 3011 2921 3066 Paulum
2949 3026 3014 3066 ac
3038 3011 3171 3065 tales
3199 3009 3448 3065 homines
3475 3007 3941 3063 commendantem
3966 3027 3976 3057 :

2399 3103 2541 3173 quod
2580 3104 2740 3157 etiam
2792 3103 2844 3156 in
2895 3101 3133 3170 Epistola
3177 3101 3243 3155 ad
3289 3098 3599 3154 Corinthios
3648 3099 3852 3168 inquit,
3885 3099 3981 3164 Qui

2397 3205 2514 3248 sunt
2554 3195 2790 3264 primitiis
2833 3192 3043 3247 Achaia:
3095 3192 3170 3263 (1.
3201 3191 3319 3246 Cor.
3353 3191 3442 3247 16.
3472 3190 3583 3261 15).
3645 3191 3877 3257 Quidam
3904 3191 3981 3243 di-

2399 3295 2523 3340 cunt
2567 3301 2760 3339 nomen
2811 3285 3089 3354 proprium
3139 3285 3243 3339 illis
3291 3284 3476 3351 fuisse,
3532 3291 3750 3350 σὺςυ-μς,
3799 3283 3858 3338 id
3902 3292 3981 3336 est

2399 3389 2668 3444 compar:
2713 3374 2809 3429 sed
2841 3391 3026 3444 parum
3077 3375 3322 3440 interest,
3368 3376 3482 3430 sive
3528 3374 3650 3439 hoc,
3697 3375 3813 3428 sive
3859 3375 3979 3429 illud

2399 3466 2468 3519 sit
2499 3481 2514 3518 :
2545 3480 2648 3520 non
2679 3465 2730 3520 id
2761 3467 2971 3520 curiose
2999 3466 3377 3536 inquirendum
3405 3474 3522 3532 est,
3553 3466 3648 3521 sed
3674 3465 3774 3521 huc
3803 3467 3978 3521 admi-

2399 3553 2649 3618 randum,
2678 3569 2927 3624 magnum
2958 3556 3062 3611 illis
3089 3555 3285 3611 deferri
3313 3556 3572 3614 honorem
3605 3556 3857 3626 jussisse.

2471 3647 2525 3700 4.
2565 3646 2776 3714 Omnia,
2805 3648 2992 3717 inquit,
3020 3649 3173 3703 nobis
3203 3651 3254 3704 in
3286 3650 3432 3704 cadis
3459 3661 3605 3716 sunt,
3631 3661 3684 3705 ct
3731 3650 3980 3706 Salvator

2399 3745 2454 3793 et
2472 3738 2683 3801 civitas,
2711 3739 2962 3809 quicquid
3002 3739 3143 3794 aliud
3175 3742 3292 3808 quis
3320 3741 3515 3795 dixerit
3544 3758 3557 3792 :
3588 3741 3753 3806 Unde,
3786 3743 3979 3812 inquit,

2398 3838 2457 3882 et.
2475 3828 2792 3883 Salvatorem
2819 3840 3167 3898 exspectamus
3195 3830 3471 3886 Dominum
3493 3832 3669 3887 Jcsunt
3700 3832 3979 3888 Christum.

2397 3923 2573 3989 Atque
2602 3920 2703 3974 hoc
2731 3922 2891 3992 etiam
2914 3930 2998 3976 est
3022 3922 3364 3992 benignitatis
3384 3940 3516 3978 suae.
3551 3925 3668 3994 ipse
3696 3941 3888 3980 rursus
3916 3927 3977 3979 ad

2399 4023 2496 4065 nos
2518 4011 2680 4076 venit,
2717 4015 2820 4064 non
2855 4012 2978 4066 illuc
2995 4028 3092 4068 nos
3120 4013 3300 4077 trahit,
3332 4023 3387 4069 et
3414 4030 3534 4070 cum
3559 4031 3658 4070 nos
3697 4017 3981 4085 receperit,

2398 4101 2658 4158 discedit:
2689 4112 2848 4172 atque
2888 4104 2938 4156 in
2969 4103 3071 4158 hoc
3095 4121 3305 4174 quoque
3333 4120 3525 4176 magno
3554 4121 3651 4160 nos
3676 4106 3884 4164 honore
3906 4107 3983 4161 af-

2400 4193 2525 4247 ﬁcit.
2552 4192 2681 4246 Nam
2701 4194 2743 4246 si
2768 4195 2832 4246 ad
2858 4210 2954 4249 nos
2974 4211 3092 4248 cum
3123 4197 3320 4251 inimici
3343 4212 3581 4264 eramus,
3607 4199 3779 4254 venit:
3813 4201 3984 4254 multo

2400 4285 2566 4353 magis
2606 4299 2745 4338 nunc
2766 4299 2887 4339 cum
2911 4287 3067 4339 amici
3097 4285 3222 4340 facti
3264 4302 3469 4342 sumus.
3501 4287 3615 4343 Non
3648 4291 3748 4342 hoc
3773 4291 3982 4361 angelis

2398 4375 2906 4445 connnittit,neque
2937 4377 3131 4442 servis,
3178 4377 3272 4432 sed
3323 4379 3515 4446 ipsein
3567 4379 3795 4433 nubibus
3843 4382 3984 4435 venit

2398 4479 2596 4518 vocans
2628 4481 2724 4519 nos
2753 4466 2804 4518 in
2833 4468 3034 4535 regiam
3069 4483 3241 4521 suam.
3302 4469 3551 4524 Fortasse
3581 4480 3757 4525 autem
3783 4481 3842 4525 et
3897 4486 3983 4525 eos

2398 4557 2486 4624 qui
2519 4557 2689 4625 ipsum
2720 4554 3002 4622 coluerint,
3035 4558 3146 4627 ipse
3209 4557 3272 4611 ad
3323 4574 3382 4613 se
3425 4560 3480 4613 in
3531 4559 3757 4614 nubibus
3806 4563 3980 4616 tollet.

2397 4644 2529 4699 Nam
2556 4656 2605 4698 et
2652 4661 2771 4708 nos,
2816 4647 3006 4714 inquit,
3040 4648 3090 4700 in
3120 4647 3352 4702 nubibus
3394 4649 3664 4718 rapiemur
3695 4650 3780 4718 qui
3834 4651 3980 4705 illum

2398 4738 2654 4801 colimus;
2687 4747 2740 4792 et
2765 4738 2842 4790 sic
2872 4753 3085 4804 semper
3114 4753 3235 4792 cum
3267 4740 3493 4793 Domino
3519 4741 3740 4794 erimus.
3783 4741 3981 4810 Ecquis

2399 4844 2526 4897 ergo
2548 4829 2796 4882 inventus
2815 4827 2971 4882 fuerit
2993 4828 3164 4882 fidelis
3186 4845 3372 4884 servus
3398 4839 3452 4885 et
3473 4831 3706 4901 prudens
3720 4832 3745 4884 ἲ
3763 4834 3980 4901 quinam

2400 4917 2556 4987 igitur
2576 4912 2736 4972 tantis
2758 4919 2910 4972 bonis
2935 4918 3324 4988 dignabuntur?
3342 4936 3499 4989 quam
3518 4922 3880 4988 miserabiles,
3900 4925 3980 4993 qui

2402 5013 2522 5065 inde
2548 5012 2784 5064 cadunt?
2829 5010 2957 5063 Nam
2988 5011 3031 5064 si
3065 5026 3162 5079 per
3190 5028 3349 5066 omne
3379 5021 3593 5081 tempus
3621 5014 3743 5067 illus
3766 5015 3863 5082 qui
3901 5031 3980 5069 re-

2398 5119 2558 5173 gnum
2592 5105 2882 5155 alttiscrttnt
2922 5104 3219 5172 lugeamus,
3259 5104 3382 5173 quid
3419 5120 3480 5158 ea
3514 5120 3570 5159 re
3601 5105 3814 5174 dignum
3845 5105 3980 5162 fece-

2400 5196 2602 5248 rimus?
2636 5194 2866 5252 Etenim.
2896 5196 2939 5246 si
2968 5205 3252 5248 sexcentas
3281 5186 3558 5265 gehennas
3604 5196 3871 5261 attuleris,
3906 5200 3981 5251 ni-

2407 5285 2478 5337 hil
2514 5301 2606 5352 par
2631 5285 2823 5338 afferes
2872 5285 3046 5337 dolori
3098 5285 3194 5350 illi,
3243 5302 3349 5355 quo
3395 5295 3520 5341 tunc
3546 5288 3757 5356 angitur
3781 5289 3981 5351 anima,

2401 5390 2518 5428 cum
2563 5376 2838 5428 universus
2861 5378 3096 5445 quatitur
3123 5379 3306 5443 orbis,
3343 5381 3483 5433 tuba:
3534 5393 3748 5444 sonant,
3783 5383 3983 5448 primus

2398 5469 2630 5521 accurrit
2676 5469 2986 5536 angelorum
3028 5470 3182 5533 ordo,
3215 5471 3407 5526 deinde
3457 5471 3757 5537 secundus,
3793 5472 3986 5528 deinde

2401 5558 2608 5620 tertius,
2645 5557 2838 5610 deinde
2879 5561 3115 5612 sexcenti
3149 5560 3365 5615 ordines
3407 5561 3460 5614 in
3504 5570 3702 5615 terram
3727 5578 3786 5616 se
3813 5563 3984 5617 effun-

2400 5647 2552 5709 dunt,
2583 5657 2690 5699 tnnt
2720 5647 3006 5702 Cberubim
3037 5650 3125 5718 qui
3171 5651 3587 5705 innumerabiles
3627 5663 3774 5718 sunt,
3806 5663 3866 5707 et
3894 5655 3982 5708 Se-

2402 5736 2640 5808 raphim;
2667 5749 2941 5808 postremo
2987 5741 3212 5811 ipsemet
3265 5741 3501 5811 advenit,
3548 5743 3719 5812 gloria
3768 5743 3859 5798 illa
3887 5747 3985 5800 cir-
