4064 6318
160 435 253 491 Et)!

158 551 458 613 rtunitluens,
490 561 608 617 qua:
639 544 797 599 nullis
843 541 1022 596 verbis
1048 539 1272 609 exprimi
1303 547 1498 609 potest,
1541 551 1726 591 omnes

158 657 281 695 vero
300 640 549 694 festinant
575 635 841 690 adducere
879 634 930 686 in
980 633 1210 687 medium
1258 631 1494 685 electos:
1527 628 1722 683 deinde

160 733 345 785 Paulus
369 741 420 786 ct
451 731 482 782 ii
509 729 596 798 qui
630 726 852 782 Paulum
880 725 1066 780 sectati
1095 732 1239 787 sunt,
1276 721 1470 791 quique
1499 722 1567 774 ita
1601 735 1724 788 pro-

161 823 265 876 nati
293 829 404 876 sunt
425 861 438 884 ,
480 827 830 881 coronantur,
861 815 1238 885 prmdicantur,
1262 828 1291 866 a
1343 812 1484 881 Rege
1516 813 1564 863 iu
1595 826 1722 864 con-

161 893 332 978 spectu
364 912 520 964 totius
549 908 781 963 erelestis
822 907 1094 960 exercitus
1140 905 1345 958 honore
1395 903 1715 956 afﬁciuntur.

160 1002 286 1056 Nam
304 1001 502 1055 etiamsi
525 999 764 1068 gehenna
797 1013 900 1052 non
919 1006 1082 1063 esset,
1105 1006 1358 1065 quantum
1389 1003 1562 1047 tamen
1593 993 1721 1046 illud

159 1103 258 1153 est.
290 1092 379 1145 hos
402 1092 611 1160 quidem
644 1092 929 1154 honorem,
964 1089 1081 1142 illos
1111 1103 1238 1142 vero
1266 1087 1603 1156 ignominiam
1634 1101 1722 1138 re-

161 1184 398 1254 portare?
440 1182 797 1236 Intolerabilis
846 1196 934 1235 res
958 1190 1044 1234 est
1090 1179 1370 1250 gehenna,
1427 1175 1628 1238 lateor,
1671 1184 1722 1229 ct

160 1275 304 1329 Valde
348 1273 555 1343 quidem
605 1271 995 1336 intolerabilis;
1053 1279 1287 1345 attamen
1337 1266 1724 1322 intolerabilius

140 1347 284 1420 inihi
308 1366 511 1420 videtur
540 1364 608 1419 de
637 1378 804 1435 regno
841 1361 1131 1417 decidisse.
1166 1360 1313 1414 Cedo
1341 1360 1503 1418 enim.
1533 1358 1575 1411 si
1603 1357 1723 1424 quis

157 1471 248 1510 rex
270 1455 343 1510 vel
371 1456 509 1524 regis
537 1454 696 1517 ﬁlius,
722 1453 885 1507 domo
911 1451 1180 1522 profectus
1207 1449 1386 1503 multis
1404 1448 1558 1502 bellis
1575 1461 1724 1515 egre-

157 1547 240 1615 gie
272 1545 545 1611 confectis,
586 1559 884 1615 magnaque
925 1544 1004 1599 sui
1053 1537 1404 1597 admiratione
1434 1548 1719 1601 commota,

158 1636 394 1690 universo
419 1636 707 1690 comitatus
735 1635 971 1690 exercitu
1013 1634 1064 1687 in
1092 1632 1356 1686 civitatem
1388 1631 1617 1698 aliquam
1645 1630 1726 1681 in-

156 1728 453 1798 grederetur
480 1743 602 1783 eum
634 1727 902 1790 vehiculo,
939 1741 1058 1780 cum
1092 1724 1326 1794 tropaeis,
1351 1739 1470 1776 cum
1498 1735 1721 1775 sexcen-

160 1821 225 1873 tis
245 1819 464 1872 militum
487 1818 768 1872 ordinibus
796 1832 930 1872 auro
955 1822 1269 1870 onustarum
1292 1855 1306 1879 ,
1336 1827 1457 1867 cum
1485 1811 1724 1865 satelliti-

157 1911 256 1965 bus
295 1911 540 1964 omnibus
578 1924 775 1964 aureos
825 1909 1042 1978 clypeos
1070 1905 1432 1975 gestantibus;
1476 1903 1721 1956 universa

156 2013 325 2059 autem
355 2004 539 2058 civitas
563 2011 818 2057 coronata
852 2008 1014 2064 esset,
1047 2012 1343 2067 omnesque
1384 1994 1531 2049 orbis
1580 1994 1724 2061 prin-

155 2096 294 2165 cipes
320 2110 436 2150 cnm
478 2095 628 2162 ipso;
679 2107 709 2145 a
760 2100 908 2161 tergo
962 2099 1140 2143 autem
1194 2089 1366 2156 ipsum
1412 2093 1746 2153 sequeretur.

155 2187 322 2240 omnis
340 2200 548 2254 quoque
568 2192 700 2238 :etas
725 2191 1033 2237 exterarum
1065 2178 1338 2232 nationum
1356 2176 1584 2244 captiva,
1599 2188 1719 2227 cum

155 2274 429 2344 praefectis,
457 2274 704 2343 satrapis,
723 2270 1051 2332 consulibus,
1069 2266 1334 2338 tyrannis,
1361 2264 1721 2333 principibus:

155 2365 337 2419 deinde
376 2366 426 2418 in
460 2364 716 2433 praeclara
746 2361 833 2415 illa
866 2375 1057 2431 pompa
1086 2359 1297 2413 obviam
1327 2356 1427 2410 sibi
1457 2354 1725 2424 prodeun—

157 2469 234 2513 tes
273 2459 416 2513 .cives
471 2457 839 2524 amplexetur,
869 2451 1175 2516 osculetur,
1227 2464 1438 2502 manum
1471 2447 1719 2516 porrigat,

155 2563 354 2602 omnem
400 2549 489 2602 det
533 2545 780 2616 loquendi
815 2544 1140 2607 libertatem,
1177 2550 1336 2609 atque
1381 2540 1432 2592 in
1486 2538 1724 2591 omnittm

154 2649 443 2708 e0n5pectn-
478 2653 602 2690 cum
640 2636 768 2704 ipsis
801 2643 857 2688 ut
887 2649 1007 2688 cum
1040 2632 1226 2686 amicis
1252 2630 1605 2697 colloquatur,
1646 2637 1727 2679 to-

157 2739 355 2797 tumque
379 2727 507 2780 illud
528 2727 629 2780 iter
651 2725 889 2794 ipsorum
913 2723 1013 2778 sibi
1043 2737 1200 2777 causa
1226 2728 1532 2787 susceptum
1561 2717 1721 2780 dicat,

156 2832 304 2890 atque
356 2821 456 2873 hos
500 2818 715 2887 quidem
745 2817 796 2870 in
842 2817 1039 2884 regiam
1088 2827 1240 2866 suam
1285 2811 1560 2881 perducat,
1591 2807 1727 2861 alios

155 2926 277 2966 vero
302 2910 637 2977 derelinquat
661 2925 676 2961 :
705 2915 962 2976 quantum
1012 2903 1064 2957 id
1093 2904 1238 2957 omni
1272 2900 1534 2970 supplicio
1556 2898 1726 2967 majus

156 3012 252 3065 est,
299 3000 452 3053 etiam
489 2999 534 3052 si
564 2999 636 3052 illi
678 2995 942 3065 supplicio
969 3010 1075 3048 non
1108 2992 1454 3046 afficiantur?
1500 2989 1649 3056 Quod
1682 2989 1724 3041 si

155 3093 287 3159 apud
317 3092 588 3145 hominem
630 3089 768 3143 adeo
794 3102 1033 3141 amarum
1068 3085 1240 3140 estde
1266 3084 1432 3153 gloria
1464 3083 1551 3135 illa
1583 3081 1728 3136 deci-

155 3183 308 3248 disse,
342 3183 508 3236 multo
551 3181 717 3250 magis
739 3179 876 3248 apud
907 3179 1090 3240 Deum,
1126 3191 1247 3230 cum
1275 3190 1481 3243 supera:
1505 3182 1728 3241 potesta-

157 3285 231 3331 tes
253 3291 347 3329 una
378 3291 498 3330 eum
523 3274 670 3343 Rege
698 3273 914 3335 adsunt,
942 3287 1060 3325 eum
1082 3271 1357 3323 daemones
1387 3268 1544 3320 vincti
1570 3277 1728 3336 atque

157 3369 370 3432 incurvi,
400 3367 644 3420 diabolus
688 3366 802 3434 ipse
830 3362 1074 3417 manibus
1107 3361 1359 3415 revinctis
1384 3359 1576 3428 agitur,
1608 3372 1727 3410 om-

159 3475 323 3528 neque
348 3458 774 3513 adversariorum
795 3456 992 3518 robur;
1034 3469 1155 3507 cum
1194 3453 1425 3505 Virtutes
1452 3451 1724 3515 cazlorum,

156 3565 270 3603 cum
295 3551 399 3618 ipse
426 3551 476 3601 in
506 3548 733 3601 nubibus
780 3544 1042 3598 advenit?
1070 3543 1286 3597 Credite
1317 3542 1466 3606 mihi,
1500 3556 1607 3608 prae
1635 3539 1729 3592 do-

156 3640 283 3706 lore,
304 3642 387 3710 qui
406 3640 638 3692 animum
668 3654 842 3691 meum
873 3654 936 3690 ex
966 3638 1063 3689 hac
1090 3635 1396 3689 narratione
1423 3632 1724 3699 occupavit,

157 3733 436 3785 orationem
468 3729 533 3783 ad
565 3729 766 3782 exitum
791 3726 1085 3795 perducere
1105 3741 1206 3777 non
1242 3739 1479 3793 possum.
1511 3722 1725 3790 Cogite-

158 3837 285 3885 mus,
316 3831 508 3892 quanta
538 3822 808 3888 privcmur
835 3818 1023 3887 gloria,
1047 3831 1169 3870 cum
1200 3817 1250 3869 in
1280 3816 1433 3869 nobis
1460 3815 1618 3867 situm
1660 3813 1730 3866 sit

159 3929 256 3966 non
306 3913 518 3980 privari.
554 3911 666 3965 Hoc
695 3910 837 3963 enim
870 3907 1117 3977 estquod
1165 3908 1396 3959 maxime
1417 3905 1581 3973 angit,
1613 3902 1729 3957 hinc

161 4007 279 4074 pati,
309 4020 424 4059 cum
469 4006 521 4058 in
551 4014 730 4058 nostra
764 4012 1026 4080 potestate
1058 4002 1129 4055 sit
1155 4017 1261 4054 non
1287 4001 1412 4068 pati.
1444 3999 1576 4053 Nam
1606 4013 1726 4051 eum

161 4094 251 4150 hos
273 4097 476 4165 quidem
509 4094 871 4163 amplectitur,
891 4101 945 4146 et
963 4092 1121 4144 mittit
1139 4093 1190 4143 in
1217 4091 1377 4144 cados
1404 4089 1469 4142 ad
1496 4089 1726 4152 Patrem,

161 4185 275 4239 illos
304 4201 427 4240 vero
453 4185 680 4248 omittit;
736 4182 908 4251 angeli
936 4181 1150 4250 quidam
1187 4179 1310 4232 illos
1336 4177 1730 4248 prchendentcs

161 4277 209 4330 in
235 4279 485 4347 gehennae
507 4278 685 4345 ignem
705 4260 925 4338 invitos,
946 4271 1158 4335 ﬂentes,
1180 4271 1426 4324 incurvos
1449 4269 1726 4331 traxerint,

162 4384 219 4423 ac
235 4380 337 4422 tum
361 4369 596 4431 demum,
617 4381 738 4420 cum
766 4362 1145 4418 universoorbi
1170 4362 1474 4430 spectaculo
1500 4360 1726 4415 fuerint:

163 4468 401 4527 quantum
428 4467 581 4527 putas
609 4456 813 4509 doloris
839 4452 1080 4507 hauriri?
1108 4451 1352 4506 Studium
1387 4451 1546 4520 igitur
1569 4450 1727 4504 adhi-

163 4547 390 4616 beamus,
419 4546 670 4617 qnamdiu
719 4553 929 4613 tempus
973 4552 1076 4608 est,
1106 4551 1450 4610 nostramque
1495 4542 1729 4610 ipsorum

164 4639 378 4694 salutem
407 4639 636 4693 sollicite
673 4650 941 4690 curemus.
972 4634 1179 4702 Quanta
1207 4631 1389 4686 dicere
1427 4647 1727 4701 possemus,

163 4732 325 4797 qualia
354 4731 502 4785 dives
532 4726 860 4806 ille.dicebat
893 4743 904 4778 :
931 4726 985 4779 Si
1009 4724 1129 4794 quis
1158 4739 1299 4777 nunc
1325 4737 1419 4777 nos
1441 4724 1601 4784 sinat,
1626 4732 1732 4776 sta-

167 4830 421 4876 tueremus
449 4836 539 4881 ea,
563 4835 681 4888 quae
709 4819 760 4872 in
791 4832 903 4871 rem
938 4825 1175 4870 nostram
1203 4823 1404 4879 essent,
1429 4814 1523 4867 sed
1554 4814 1732 4869 nullus

985 423 1050 480 IN
1094 423 1309 478 EPiST.
1354 421 1445 476 Al)
1483 417 1766 475 PlllLll‘P.
1801 416 1953 472 CAP.
1995 416 2084 476 IV.
2127 422 2352 480 HOMIL.
2401 427 2543 482 XlV.

3293 433 3401 482 εὶς]

1835 535 1998 589 sinit?
2029 537 2280 610 Taliaquc
2307 558 2402 596 nos
2433 544 2668 598 dicturos
2698 562 2799 597 non
2847 546 3018 599 solum
3046 543 3110 599 es
3165 547 3276 610 illo,
3310 547 3403 602 sed

1827 626 1988 680 etiam
2038 643 2103 682 ex
2133 632 2312 686 multis
2343 635 2462 687 aliis
2512 635 2848 688 manifestum
2879 647 2979 690 est.
3017 637 3168 696 Nam.
3203 649 3256 691 ut
3285 640 3408 695 hinc

1827 721 1986 773 etiam
2019 721 2212 785 discas,
2245 734 2376 792 qllttl
2416 725 2734 796 lneruntqni
2765 742 2882 780 cum
2911 726 3042 781 febri
3079 712 3402 794 laborarent,

1829 809 1896 862 ita
1923 810 2191 876 dixerunt,
2225 814 2280 868 Si
2311 816 2586 884 pristinam
2611 817 2971 871 valetudinem
3004 833 3409 887 recuperemus,

1829 915 2115 969 numquam
2150 910 2369 970 posthac
2412 906 2462 959 iu
2494 904 2606 960 inec
2647 906 2834 960 eadem
2877 893 3014 960 mala
3062 907 3411 965 decidemus?

1826 989 1987 1044 Multa
2031 992 2330 1064 hujusmodi
2363 1008 2487 1052 tunc
2516 999 2755 1054 dicemus
2783 1015 2797 1060 °,
2830 1001 2920 1051 sed
2952 1015 3018 1053 au
3045 985 3257 1064 'ienius,
3291 1019 3412 1070 qua:

1826 1081 1974 1137 dives
2003 1084 2087 1138 ille
2112 1086 2262 1147 (Luc.
2290 1090 2376 1144 16.
2401 1089 2788 1158 26l,magnum
2823 1091 3022 1145 hiatum
3051 1093 3407 1157 intercedere,

1828 1170 1914 1227 hic
1936 1189 2032 1228 nos
2061 1187 2242 1229 nostra
2277 1178 2410 1234 bona
2442 1181 2735 1252 accepisse.
2765 1180 3002 1236 Obsecro
3034 1183 3412 1252 igitur,amare

1827 1263 2086 1331 tleannts;
2124 1281 2214 1321 aut
2249 1271 2422 1338 potius
2453 1287 2558 1327 non
2589 1282 2792 1326 tantum
2851 1276 3096 1339 ﬂeamus,
3127 1276 3219 1331 sed
3247 1277 3410 1331 etiam

1829 1359 2076 1413 virtutem
2103 1361 2372 1418 adeamus.
2407 1363 2704 1434 Lugeamus
2751 1381 2894 1421 nune
2916 1367 2983 1422 ad
3037 1368 3264 1423 salutem
3290 1411 3306 1436 ,
3343 1383 3411 1424 ne

1829 1460 1952 1506 tunc
1982 1453 2175 1506 {rustra
2205 1455 2476 1524 lugeamus
2496 1474 2514 1526 7:
2550 1457 2824 1526 ploremus
2852 1475 3016 1524 nunc,
3050 1468 3104 1514 et
3127 1458 3250 1515 tunc
3303 1477 3410 1517 non

1830 1544 2154 1612 plorabimus
2183 1562 2250 1598 ex
2296 1525 2636 1616 improbitate
2666 1567 2678 1602 :
2709 1549 2865 1604 lle'tus
2912 1549 2999 1605 hic
3049 1551 3263 1605 virtutis
3305 1562 3408 1616 est,

1829 1635 1915 1689 ille
1960 1651 2089 1690 vero
2137 1637 2337 1691 inutilis
2369 1639 2693 1706 pmnitentiae
2726 1659 2738 1694 :
2766 1640 3083 1696 afﬂictemus
3130 1658 3271 1696 nunc
3312 1657 3412 1697 nos

1829 1726 1993 1792 ipsos,
2018 1742 2082 1778 ne
2111 1735 2236 1780 tunc
2264 1727 2599 1783 aluit-temur.
2636 1729 2857 1785 Multum
2911 1732 3134 1787 interest
3162 1733 3247 1787 hic
3271 1733 3411 1787 ami-

1827 1818 1979 1883 ctari,
2014 1827 2067 1873 et
2113 1820 2204 1872 ibi.
2236 1820 2366 1874 Nam
2415 1820 2500 1876 hic
2549 1823 2764 1890 quidem
2814 1823 2881 1877 ad
2938 1825 3099 1879 breve
3136 1826 3411 1881 alﬂietaris

1830 1920 2072 1979 tempus;
2103 1913 2276 1979 potius
2297 1922 2471 1968 autem
2504 1929 2570 1969 ne
2613 1930 2829 1969 sensum
2862 1917 3075 1986 quidem
3106 1918 3410 1975 afﬂictiouis

1827 2002 1993 2068 eapis.
2053 2003 2388 2072 exploratum
2432 2006 2635 2060 habens
2665 2006 2909 2063 afﬂictari
2939 2016 2990 2063 te
3010 2050 3023 2073 ,
3055 2018 3111 2063 ut
3139 2009 3275 2064 bene
3309 2011 3410 2069 tibi

1828 2092 1935 2146 sit:
1973 2093 2041 2146 ibi
2076 2109 2202 2149 vero
2233 2094 2390 2164 longe
2418 2096 2605 2150 durior
2641 2096 2893 2164 atﬂietio;
2939 2099 3083 2154 nulla
3125 2100 3268 2155 enim
3316 2117 3412 2170 spe

1828 2191 2120 2245 recreatur,
2156 2197 2326 2253 neque
2356 2185 2560 2240 exitum
2588 2186 2812 2250 invenit,
2843 2187 2938 2242 sed
2967 2189 3169 2243 infinita
3196 2204 3259 2245 ac
3287 2207 3414 2258 per-

1831 2281 1986 2341 petua
2017 2283 2120 2328 est.
2165 2274 2379 2330 Utinam
2408 2293 2538 2332 vero
2569 2277 2693 2333 hinc
2717 2279 2933 2333 liberati
2980 2282 3223 2351 requiem
3266 2283 3409 2336 illam

1827 2381 2239 2437 consequamur.
2269 2368 2373 2423 Sed
2404 2370 2676 2440 quoniam,
2733 2379 2792 2425 ut
2845 2387 2912 2425 ne
2945 2387 3253 2441 peccemus.
3289 2389 3412 2427 cum

1828 2458 2045 2513 assiduo
2073 2460 2269 2524 studio,
2303 2471 2410 2514 tum
2463 2456 2692 2516 assiduis
2723 2464 2971 2531 precibus
2996 2479 3131 2532 Opus
3168 2473 3269 2528 est,
3297 2473 3412 2518 stu-

1828 2550 2073 2616 deamus,
2109 2567 2312 2619 qumso,
2367 2554 2605 2621 requiem
2658 2555 2800 2607 illam
2853 2555 3131 2624 consequi.
3188 2556 3319 2608 Nam
3369 2558 3413 2610 si

1829 2641 2139 2695 Studeamus
2169 2636 2569 2711 etprecemur,
2615 2658 3044 2711 consequemur:
3101 2644 3145 2697 si
3202 2647 3415 2701 assidue

1830 2719 2189 2801 precabimur,
2222 2733 2367 2788 dabit
2396 2735 2555 2789 Deus.
2603 2734 2695 2789 Sin
2746 2746 2925 2790 autem
2981 2749 3154 2806 neque
3186 2737 3253 2792 ab
3296 2739 3416 2807 ipso

1830 2831 2094 2890 petamus,
2138 2838 2236 2877 nec
2263 2823 2548 2894 quidquam
2577 2825 2839 2892 ejusmodi
2877 2834 3211 2893 praesternas,
3245 2829 3417 2902 omni-

1831 2925 2006 2980 noque
2037 2911 2167 2966 nihil
2219 2927 2482 2982 agamus:
2513 2915 2604 2984 qui
2655 2913 2770 2969 ﬁeri
2803 2932 3053 2983 umquam
3111 2910 3307 2985 potest.
3361 2929 3420 2974 ut

1830 3001 2157 3057 dormientes
2181 3005 2618 3074 consequamur?
2669 3005 2835 3060 Plane
2891 3021 2997 3060 non
3035 3017 3228 3077 potest.
3275 3010 3419 3064 Satis

1831 3093 1972 3146 enim
2007 3093 2141 3148 bene
2185 3095 2460 3149 nobiscum
2490 3105 2678 3165 agetur
2699 3137 2714 3162 ,
2755 3096 2801 3150 si
2856 3107 3138 3154 currentes
3165 3141 3180 3165 ,
3213 3115 3421 3170 nosque

1832 3181 1976 3250 ipsos
2017 3183 2388 3250 extendentes,
2417 3195 2470 3239 et
2496 3185 2801 3240 conformes
2823 3186 2945 3241 iacti
2994 3189 3153 3242 morti
3195 3191 3331 3257 ejus,
3362 3202 3420 3243 ut

1832 3273 2028 3328 Paulus
2054 3274 2281 3336 dicebat,
2303 3276 2558 3344 consequi
2590 3277 2918 3344 potuerimus
2941 3295 2956 3343 ;
2981 3274 3200 3332 minime
3226 3295 3353 3333 vero
3374 3282 3420 3334 si

1832 3364 2180 3418 dormiamus.
2207 3365 2266 3418 Si
2303 3366 2576 3434 quomodo,
2598 3367 2785 3436 inquit,
2805 3382 3065 3421 occurram
3089 3369 3348 3439 (Philipp.
3362 3370 3418 3424 ὅ.

1833 3457 1892 3510 11
1929 3455 1973 3524 ).
1994 3456 2146 3523 Quod
2177 3456 2221 3510 si
2251 3456 2446 3510 Paulus
2489 3456 2718 3521 dicebat,
2748 3457 2810 3511 Si
2852 3459 3101 3527 quomodo
3130 3472 3416 3524 occurram,

1831 3547 1957 3616 quid
1983 3562 2080 3599 nos
2107 3547 2383 3600 dicemus?
2432 3547 2837 3602 Dormien’tibus
2886 3552 3029 3604 enim
3064 3567 3236 3620 neque
3266 3567 3422 3605 mun-

1831 3639 1968 3693 dana
1995 3654 2247 3707 umquam
2276 3638 2486 3706 negotia
2515 3639 2900 3705 coniiciuntur,
2945 3642 3138 3695 nedum
3165 3645 3421 3711 spiritua-

1832 3729 1900 3782 lia
1931 3745 1944 3782 :
1977 3729 2308 3782 dormientes
2335 3744 2403 3783 ne
2430 3731 2499 3785 ab
2527 3732 2715 3785 amicis
2732 3732 2947 3800 quidem
2970 3734 3255 3803 quidquam
3280 3737 3421 3789 acci-

1833 3821 1984 3890 piunt
2009 3860 2023 3883 ,
2057 3821 2252 3873 nedum
2282 3835 2311 3874 a
2344 3821 2452 3876 Deo
2483 3841 2496 3874 :
2526 3821 2861 3879 dormientes
2890 3841 2956 3878 ne
2989 3838 3169 3894 patres
3196 3827 3414 3896 quidem

1833 3913 1885 3966 in
1906 3913 2110 3966 honore
2137 3913 2353 3978 habent,
2380 3913 2574 3968 nedum
2603 3909 3060 3970 Deus.Pau|ulum
3092 3917 3417 3981 laboremus,

1831 4012 1889 4056 ut
1919 4004 1970 4056 in
2008 4018 2168 4057 omne
2219 4019 2392 4058 aevum
2431 4005 2854 4075 requiescamus.
2907 4009 3140 4063 Omnino
3169 4013 3422 4067 atrurnnis

1831 4110 2089 4165 angamur
2114 4110 2334 4149 necesse
2350 4105 2433 4149 est
2462 4116 2475 4151 ε
2504 4097 2643 4166 quod
2685 4099 2730 4151 si
2759 4098 2847 4152 hic
2889 4101 3109 4154 minime
3137 4117 3418 4172 angamur,

1834 4187 1884 4239 id
1919 4191 2016 4240 nbs
2045 4187 2114 4240 ibi
2146 4196 2344 4241 manet.
2371 4184 2479 4240 Cur
2505 4202 2611 4242 non
2631 4189 2900 4243 malumus
2925 4192 3015 4257 hic
3039 4195 3242 4255 vexari,
3274 4203 3330 4247 ut
3352 4195 3421 4249 ibi

1832 4277 2264 4344 requiescamus?
2292 4275 2506 4332 Utinam
2536 4293 2665 4333 vero
2695 4295 2793 4334 nos
2810 4296 2997 4336 omnes
3019 4281 3182 4352 digne
3211 4284 3423 4339 Christo

1832 4367 1996 4421 vitam
2022 4367 2298 4437 degentes,
2318 4376 2373 4423 et
2399 4368 2704 4425 conformes
2737 4370 2858 4426 tacti
2895 4372 3062 4441 ipsius
3091 4375 3268 4437 morti,
3287 4375 3424 4429 bOna

1835 4458 1947 4522 illa,
1999 4475 2118 4528 qua:
2152 4462 2326 4514 oratio
2363 4462 2576 4530 assequi
2626 4476 2733 4516 non
2765 4471 2967 4531 potest,
3001 4477 3421 4534 consequamur,

1835 4549 1887 4603 in
1909 4548 2122 4603 Christo
2135 4549 2260 4604 Jesu
2283 4551 2510 4606 Domino
2538 4561 2745 4619 nostro,
2776 4567 2899 4607 cum
2926 4569 3032 4623 quo
3061 4555 3205 4609 Patri
3236 4556 3426 4610 simul-

1836 4656 1939 4710 que
1979 4650 2164 4695 sancto
2205 4641 2422 4710 Spiritui
2458 4643 2649 4712 gloria,
2701 4652 2960 4712 potestas,
2994 4644 3188 4712 honor,
3212 4662 3352 4701 nunc
3372 4656 3428 4702 et

1837 4745 2073 4802 semper,
2102 4745 2157 4788 et
2185 4733 2238 4788 in
2268 4735 2463 4789 szecula
2491 4737 2833 4792 saeculorum.
2861 4738 3056 4794 Amen.

1487 4935 1842 5035 uentus
1888 4977 2055 5038 x1v.

165 5124 279 5182 CAP.
331 5127 384 5182 4.
434 5141 486 5178 v.
535 5125 586 5177 ι.
629 5121 852 5176 Gaudete
895 5119 947 5172 in
1002 5117 1219 5171 Domino
1273 5134 1466 5184 semper
1505 5134 1517 5169 :
1551 5118 1731 5170 ité’rtim

227 5221 333 5274 dico
357 5261 372 5284 ,
407 5215 652 5272 Gaudete.
695 5215 748 5269 5.
792 5213 1046 5266 Modestia
1073 5220 1232 5264 vestra
1263 5220 1381 5263 nota
1412 5211 1474 5284 sit
1504 5212 1732 5265 omnibus

232 5285 531 5364 hominibus.
581 5305 834 5358 Dominus
886 5318 1043 5373 prope
1095 5310 1201 5354 est:
1247 5301 1298 5354 6.
1351 5300 1480 5353 nihil
1526 5301 1734 5356 solliciti

227 5402 327 5457 sitis
350 5444 365 5468 ,
399 5401 487 5455 sed
516 5399 568 5451 in
593 5398 729 5450 omni
759 5395 986 5449 oratione
1028 5402 1075 5445 et
1099 5392 1438 5445 obsecratione
1468 5408 1579 5444 cum
1606 5410 1729 5463 gra-

229 5496 412 5549 tiarum
457 5492 654 5545 actione
705 5489 969 5558 petitiones
1011 5496 1186 5538 vestra!
1245 5485 1559 5537 innotescant
1601 5484 1738 5551 apud

229 5581 408 5637 Deum.
460 5583 516 5634 7.
558 5577 619 5633 Et
650 5594 752 5647 pax
785 5576 910 5638 Dei,
940 5590 1050 5645 qua:
1077 5583 1345 5642 exsuperat
1384 5589 1580 5626 omnem
1623 5590 1740 5628 sen-

1838 5121 2069 5176 tientibus
2104 5121 2311 5190 (Matth.
2342 5124 2393 5177 5.
2425 5124 2478 5179 5.
2514 5124 2642 5178 Luc.
2671 5126 2723 5180 6.
2755 5125 2870 5197 25),
2902 5129 3027 5196 quid
3060 5146 3198 5184 nunc
3226 5131 3430 5199 signiti-

1839 5227 1967 5266 cans
1995 5202 2193 5267 Paulus
2222 5214 2290 5267 ita
2322 5215 2491 5284 inquit
2522 5233 2533 5268 :
2574 5214 2802 5270 Gaudete
2831 5219 2882 5270 in
2909 5216 3128 5272 Domino
3177 5235 3377 5288 semper
3406 5221 3431 5274 .’

1841 5301 1958 5356 Non
2037 5319 2167 5357 sane
2237 5304 2552 5358 adversatur
2584 5306 2836 5371 Christo,
2889 5309 3045 5363 absit.
3119 5309 3205 5361 Va:
3275 5311 3440 5375 enim,

1843 5394 1976 5448 dixit
2003 5395 2246 5450 Christus
2302 5397 2598 5451 ridentibus
2625 5400 2787 5451 risum
2829 5401 3010 5453 nmndi
3041 5401 3214 5470 hujus,
3246 5403 3334 5471 qui
3369 5418 3431 5455 ex

1844 5485 2007 5538 rebus
2036 5487 2390 5554 pra‘sentibus
2415 5489 2589 5543 oritur
2614 5508 2628 5543 :
2662 5498 2715 5543 et
2746 5490 2987 5558 lugentes
3016 5498 3199 5545 beatos
3241 5494 3432 5560 pra-di-

1846 5575 2023 5639 cavit,
2061 5592 2168 5630 non
2219 5581 2406 5645 quovis
2433 5579 2594 5633 modo
2626 5580 2866 5648 lugentes
2895 5597 2960 5635 ex
2993 5597 3178 5637 rerum
3212 5599 3431 5636 suarum

230 5690 333 5727 tum
359 5716 373 5736 ,
404 5671 664 5725 custodiat
691 5669 846 5723 corda
879 5679 1043 5721 uestra
1073 5677 1117 5720 et
1147 5667 1508 5737 intelligentia:
1550 5677 1738 5721 vestras

228 5765 279 5818 in
305 5763 513 5818 Christo
540 5760 690 5815 Jesu.

229 5855 276 5911 l.
314 5854 449 5913 Cum
475 5851 713 5910 Christus
741 5850 903 5919 dicat,
935 5847 1075 5904 Beati
1104 5849 1188 5918 qui
1222 5851 1410 5921 lugent,
1443 5857 1514 5914 et,
1555 5847 1639 5903 Vt:
1671 5851 1740 5901 ri-

1847 5665 2136 5720 amissione
2160 5707 2174 5732 ,
2218 5667 2310 5722 sed
2343 5684 2437 5723 eos
2468 5671 2556 5740 qui
2585 5681 3020 5741 compunguntur
3050 5715 3064 5738 ,
3112 5674 3201 5742 qui
3227 5690 3321 5728 sua
3352 5675 3436 5728 lu-

1850 5766 1978 5825 gent
2007 5758 2140 5811 mala
2169 5799 2182 5824 ,
2235 5759 2325 5828 qui
2368 5770 2584 5830 peccata
2633 5776 2728 5816 sua
2758 5763 3104 5832 expendunt,
3150 5773 3241 5818 aut
3277 5767 3437 5817 etiam

1852 5847 2046 5904 aliena.
2089 5848 2204 5906 Non
2254 5858 2337 5908 est
2362 5860 2540 5908 autem
2586 5853 2852 5925 ejusmodi
2899 5855 3064 5912 luctui
3107 5858 3434 5912 contrarium
