4064 6318
634 397 741 456 283

632 514 736 569 hoc
763 512 1042 584 gaudium;
1069 509 1309 583 quinimo
1337 525 1365 566 a
1387 509 1532 567 luctu
1559 511 1653 567 illo
1671 507 1918 581 gaudium
1948 508 2050 562 hoc
2075 519 2200 574 pro-

632 612 885 660 creatur:
933 619 1055 660 nam
1101 604 1190 675 qui
1220 604 1365 675 luget
1406 617 1501 658 sua
1528 603 1665 658 mala
1720 611 1774 656 et
1798 599 2118 662 conﬁtetur,
2159 596 2206 651 is

629 695 901 764 gaudebit.
941 695 1208 751 Praeterea
1241 709 1369 749 vero
1398 692 1523 750 licet
1542 693 1725 763 lugere
1751 689 1966 761 quidem
1990 691 2206 758 propter

632 795 846 855 peccata
868 799 962 842 sua
983 827 998 851 ,
1029 784 1264 857 gaudere
1288 792 1466 840 autem
1493 781 1688 838 Christi
1716 797 1898 838 causa.
1942 779 2203 848 Quoniam

634 876 796 945 igitur
841 875 1174 932 vexabantur
1229 891 1407 932 rerum
1435 876 1778 931 molestarum
1822 869 2201 943 perpessione;

643 965 792 1022 Vobis
831 967 972 1022 enim
1004 967 1178 1021 datum
1207 977 1280 1021 est
1303 1008 1318 1034 ,
1350 967 1554 1036 inquit,
1585 981 1686 1019 non
1737 964 1900 1017 solum
1928 970 1984 1014 ut
2010 965 2063 1014 in
2092 974 2206 1013 eum

632 1059 848 1112 credatis
872 1098 890 1125 ,
918 1057 1008 1112 sed
1036 1067 1091 1112 ut
1120 1059 1268 1112 etiam
1298 1073 1391 1127 pro
1437 1057 1528 1112 illo
1557 1053 1824 1125 patiamini
1852 1050 2114 1122 (Philipp.
2150 1049 2199 1102 l.

633 1139 767 1218 99);
801 1156 1080 1218 propterea
1105 1183 1123 1214 ,
1151 1148 1319 1218 inquit
1345 1189 1360 1209 ,
1392 1142 1460 1200 In
1493 1144 1708 1200 Domino
1765 1142 1995 1213 gaudete.
2060 1139 2203 1193 ldem

629 1238 773 1293 enim
801 1237 1063 1308 signiﬁcat
1081 1277 1100 1305 ,
1129 1252 1192 1293 ac
1215 1237 1259 1293 si
1290 1236 1545 1293 dixisset:
1588 1234 1768 1290 Talem
1799 1233 1920 1287 vita:
1941 1230 2201 1284 rationem

628 1329 930 1392 ostendite.
989 1339 1047 1384 ut
1076 1328 1547 1401 gaudendum-sit.
1585 1324 1812 1393 Quando
1864 1323 2054 1393 igitur,
2085 1333 2203 1391 quae

627 1421 695 1476 ad
727 1412 888 1478 Deum
912 1423 1216 1493 pertinent,
1247 1419 1448 1476 nullum
1478 1419 1616 1489 apud
1649 1433 1741 1471 vos
1764 1415 2200 1486 impedimentum

629 1513 943 1579 habuerint,
971 1513 1219 1584 gaudete.
1258 1512 1403 1583 Ergo
1432 1499 1539 1566 vel'
1565 1509 1666 1564 hoc
1696 1507 1858 1568 dicit;
1891 1506 1974 1561 vel
2016 1503 2200 1559 vocula

627 1606 715 1666 illa
739 1646 756 1672 ρ
796 1606 850 1659 in
875 1645 892 1670 ,
918 1605 1060 1660 valet
1089 1604 1228 1660 idem
1266 1612 1424 1674 atque
1447 1643 1462 1669 ,
1491 1618 1606 1656 cum
1630 1641 1646 1667 ,
1697 1599 1748 1654 id
1771 1606 1887 1660 est,
1942 1611 2063 1652 cum
2095 1595 2203 1649 Do-

627 1711 773 1751 mino
795 1711 1030 1767 semper.
1057 1695 1254 1750 Rursus
1279 1695 1412 1758 dico,
1446 1691 1690 1747 Gaudete.
1715 1687 1827 1745 Hoc
1851 1685 2007 1743 valde
2034 1685 2203 1743 lideno

626 1790 695 1846 tis
711 1796 814 1852 est,
841 1795 1002 1859 atque
1030 1786 1365 1842 ostendentis
1385 1827 1402 1853 ,
1442 1785 1492 1840 ei
1518 1785 1612 1856 qui
1639 1785 1692 1838 in
1725 1782 1834 1838 Deo
1858 1789 1961 1849 est,
1991 1795 2203 1850 semper

626 1878 960 1950 gaudendum
987 1893 1141 1934 esse:
1171 1877 1379 1933 etiamsi
1406 1883 1677 1947 prematur
1709 1889 1772 1930 ac
1797 1873 2007 1944 quidvis
2039 1872 2206 1942 patia-

625 1983 713 2027 tur
739 2012 756 2038 ,
785 1971 874 2026 hic
895 1985 1113 2040 semper
1142 1968 1355 2040 gaudet.
1397 1967 1532 2022 Audi
1560 1967 1702 2023 enim
1731 1965 1928 2020 Lucam
1971 1965 2039 2019 de
2076 1977 2204 2032 apo-

625 2064 782 2121 stolis
804 2063 1090 2127 dicentem,
1124 2060 1277 2115 Ibant
1310 2060 1584 2132 gaudentes
1607 2076 1639 2112 a
1672 2066 1946 2128 “conspectu
1977 2053 2198 2116 concilii.

631 2154 874 2222 quoniam
899 2153 1047 2224 digni
1070 2151 1229 2206 habiti
1253 2157 1368 2205 sunt
1413 2165 1505 2220 pro
1535 2149 1738 2204 nomine
1783 2148 1892 2217 ejus
1920 2145 2202 2200 uerberibus

644 2245 772 2301 aedi
797 2243 932 2315 (Act.
964 2244 1019 2299 5.
1047 2240 1161 2314 41).
1200 2241 1257 2298 Si
1307 2241 1539 2297 verbera.
1559 2249 1613 2296 et
1657 2237 1860 2293 vincula
1885 2278 1901 2303 ,
1932 2251 2052 2307 quze
2093 2249 2202 2305 pne

624 2337 834 2392 caeteris
863 2335 1111 2390 videntur
1131 2333 1378 2398 molesta,
1403 2331 1649 2404 gaudium
1664 2330 1900 2402 pariunt,
1929 2327 2056 2398 quid
2086 2338 2202 2381 tan-

625 2427 748 2484 dem
795 2426 898 2491 erit
920 2425 1084 2489 aliud,
1116 2424 1259 2496 quod
1293 2424 1448 2480 nobis
1495 2423 1682 2480 aliene
1713 2421 1954 2476 dolorem
2000 2419 2201 2490 queat?

626 2519 826 2575 Rursus
853 2519 988 2585 dico,
1036 2517 1283 2573 Gaudete.
1315 2517 1483 2573 Recte
1529 2515 1689 2570 verba
1718 2516 1818 2569 ista
1867 2512 2198 2583 geminavit:

640 2612 764 2682 quia
792 2611 934 2668 enim
963 2626 1142 2666 rerum
1163 2619 1350 2666 natura
1373 2608 1611 2664 dolorem
1637 2606 1893 2678 pariebat,
1912 2620 1975 2660 ex
2000 2605 2096 2659 ista
2126 2619 2201 2658 re-

626 2703 882 2773 petitione
924 2704 1156 2759 ostendit
1182 2702 1519 2773 gaudendum
1557 2700 1778 2756 omnino
1833 2712 1972 2753 esse.
2021 2696 2201 2751 Mode-

625 2796 724 2849 stia
751 2804 914 2848 uestra
936 2804 1058 2850 nota
1092 2794 1157 2849 sit
1196 2793 1425 2847 omnibus
1456 2790 1759 2846 hominibus.
1805 2789 2017 2843 Dixerat
2044 2788 2203 2854 paulo

627 2896 772 2950 ante,
800 2884 1026 2952 Quorum
1050 2885 1173 2939 deus
1202 2894 1371 2939 uenter
1401 2894 1494 2949 est,
1522 2893 1570 2936 et
1608 2881 1773 2953 gloria
1811 2883 1863 2935 in
1908 2881 2202 2950 confusione

625 2980 872 3050 ipsorum,
902 2977 988 3048 qui
1013 2985 1210 3030 terrena
1245 2976 1471 3046 sapiunt.
1510 2973 1773 3040 Quoniam
1823 2972 1980 3042 igitur
2010 2971 2201 3025 verisi-

623 3069 754 3126 mile
793 3077 912 3124 erat
961 3067 1097 3132 lore,
1125 3075 1185 3121 ut
1237 3067 1361 3121 hinc
1413 3064 1777 3134 Philippenses
1829 3077 1955 3133 erga
2002 3064 2203 3132 impro-

621 3162 726 3220 bos
765 3159 1030 3218 infensum
1075 3159 1308 3214 animum
1358 3157 1708 3226 susciperent,
1747 3163 2025 3225 propterea
2057 3154 2200 3224 ipsos

620 3252 732 3325 iam
758 3261 959 3320 monet,
985 3261 1042 3307 ut
1065 3252 1198 3307 nihil
1223 3266 1348 3322 erga
1370 3251 1488 3306 illos
1511 3265 1796 3306 commune
1823 3248 2077 3313 habeant,
2105 3245 2201 3301 sed

624 3358 817 3414 magna
843 3359 964 3400 cum
1010 3343 1273 3399 modestia
1303 3351 1523 3398 utantur
1551 3357 1657 3397 non
1705 3340 1955 3395 fratribus
1981 3339 2154 3392 solum
2181 3379 2197 3403 ,

623 3433 721 3490 sed
751 3435 911 3490 etiam
947 3434 1181 3489 inimicis
1201 3443 1255 3488 et
1274 3433 1614 3488 adversariis.
1645 3431 1894 3486 Dominus
1919 3445 2076 3500 prope
2091 3438 2160 3484 est
2179 3445 2201 3484 .°

624 3526 758 3580 nihil
777 3525 982 3581 solliciti
1001 3525 1129 3579 sitis.
1152 3523 1290 3591 Quid
1314 3523 1458 3579 enim
1487 3537 1661 3578 causae
1687 3531 1788 3586 est,
1813 3521 1900 3576 dic
1924 3515 2075 3586 mihi,
2103 3535 2202 3574 cur

626 3617 912 3674 concidere
937 3619 1116 3672 animo
1146 3615 1424 3671 debeatis?
1448 3630 1516 3669 an
1528 3613 1670 3685 quod
1693 3613 1746 3667 in
1768 3628 1861 3667 vos
1887 3597 2194 3682 insurgunt,

624 3708 875 3779 quodque
902 3721 996 3764 eos
1016 3708 1069 3761 in
1099 3706 1307 3762 deliciis
1331 3705 1526 3776 degere
1553 3703 1785 3760 videtis?
1818 3703 1967 3757 Nihil
1993 3702 2199 3756 solliciti

624 3801 757 3853 sitis.
780 3794 899 3853 Jam
923 3797 1164 3852 imminet
1202 3795 1481 3866 judicium,
1514 3809 1621 3850 non
1656 3794 1812 3864 longe
1837 3794 1938 3848 erit
1966 3807 2089 3848 cum
2123 3791 2201 3846 la-

624 3901 832 3945 etorum
857 3903 1074 3944 suorum
1095 3890 1354 3943 rationem
1383 3885 1629 3942 reddent!
1657 3890 1724 3940 At
1746 3900 1842 3939 vos
1863 3885 1916 3939 in
1939 3886 2199 3953 angustiis

627 3981 900 4046 laboratis,
936 3980 1010 4034 illi
1041 3991 1174 4036 vero
1197 3978 1406 4033 deliciis
1428 3976 1712 4032 dillluunt?
1744 3975 1862 4030 Jam
1894 3977 2008 4040 [nec
2037 3975 2194 4029 linem

631 4075 921 4129 habebunt.
954 4077 1025 4126 At
1052 4069 1370 4126 insidiantur
1395 4084 1458 4124 ac
1484 4069 1799 4123 minantur?
1827 4070 1896 4122 At
1939 4082 2047 4122 non
2100 4067 2196 4120 ist-

641 4168 758 4222 haze
786 4167 915 4235 ipsis
932 4171 1187 4234 perpetuo
1207 4176 1272 4217 ex
1303 4163 1564 4217 sententia
1607 4159 1935 4216 succedent:
1963 4159 2071 4228 jam
2099 4160 2202 4213 im-

628 4256 1094 4327 minetjudicium,
1115 4264 1348 4323 tuncque
1375 4254 1551 4307 omnia
1578 4261 1763 4307 contra
1813 4259 2004 4316 erunt;
2047 4249 2199 4304 Nihil

625 4349 828 4404 solliciti
852 4346 1002 4403 sitis:
1024 4347 1135 4417 iam
1157 4345 1320 4401 instat
1354 4354 1562 4414 tempus
1599 4341 1885 4397 reddendas
1910 4341 2197 4398 mercedis.

630 4441 785 4509 Quod
813 4441 856 4494 si
878 4455 1002 4509 erga
1019 4438 1133 4505 eos,
1165 4437 1254 4507 qui
1283 4451 1380 4492 vos
1401 4435 1662 4490 molestiis
1694 4434 1952 4500 alliciunt,
1977 4433 2203 4504 tequita-

631 4545 739 4590 tem
766 4512 1328 4595 nnimiadhibueritis,
1360 4529 1537 4582 omnia
1564 4533 1906 4591 evanescent,
1928 4525 2029 4579 etsi
2071 4538 2202 4594 pau-

638 4633 842 4696 pertas,
872 4626 916 4680 si
961 4637 1128 4686 mors,
1157 4622 1202 4676 si
1229 4619 1432 4690 quaevis
1456 4618 1559 4673 alia
1585 4618 1761 4688 gravis
1807 4615 2083 4671 calamitas
2107 4629 2200 4667 ur-

629 4729 760 4791 get;
804 4716 982 4772 omnia
1031 4714 1337 4771 cessabunt.
1389 4710 1538 4765 Nihil
1587 4707 1793 4762 solliciti
1833 4706 1987 4769 sitis;
2014 4704 2104 4759 sed
2145 4705 2203 4758 in

629 4811 769 4864 omni
804 4809 1028 4862 oratione
1068 4815 1117 4860 et
1143 4804 1485 4859 obsecratione
1523 4816 1636 4853 cum
1681 4798 1960 4869 gratiarum
2005 4796 2204 4850 actione

635 4899 898 4970 petitiones
920 4907 1095 4952 uestra:
1121 4898 1436 4950 innotescunt
1460 4891 1599 4962 apud
1622 4890 1806 4944 Deum.
1839 4887 1954 4943 Una
1979 4887 2198 4958 quidem

629 4990 926 5047 consolatio
950 5000 1052 5054 est,
1077 4988 1326 5042 Dominus
1352 4999 1510 5055 prape
1527 4985 1620 5047 est,
1653 4991 1706 5036 et
1726 4979 1878 5045 illud,
1909 4977 2014 5032 Ero
2035 4978 2204 5032 uobis-

632 5098 748 5137 cum
766 5081 995 5135 omuibus
1018 5077 1192 5133 diebus
1213 5091 1370 5146 usque
1395 5074 1464 5128 ad
1484 5071 1966 5128 consummationem
2005 5067 2201 5123 steculi.

637 5173 778 5227 Ecce
801 5171 903 5225 alia
929 5167 1255 5230 consolatio,
1299 5165 1640 5234 pharmacum
1666 5200 1682 5228 ,
1728 5160 1870 5230 quod
1911 5171 2202 5213 tumrorem

629 5276 845 5316 omnem
861 5268 917 5315 et
940 5256 1333 5329 aegritudinem,
1354 5253 1679 5322 molesteque
1696 5249 1874 5306 omnia
1894 5247 2202 5317 propulsare

636 5361 833 5424 potest.
861 5350 1114 5418 Qutenam
1153 5343 1416 5407 haecest?
1445 5343 1683 5404 Precari,
1716 5342 1769 5395 in
1811 5338 2056 5394 omnibus
2079 5352 2202 5407 gra-

631 5446 736 5498 tias
761 5455 939 5511 agere.
989 5436 1345 5506 Quamobrem
1374 5447 1561 5505 preces
1601 5439 1811 5486 nostras
1862 5443 1967 5483 non
2000 5426 2196 5482 nudam

645 5536 953 5607 petitionem
979 5545 1099 5588 esse
1125 5530 1253 5590 vult.
1275 5526 1369 5583 sed
1393 5525 1732 5594 coniunctam
1756 5536 1874 5576 cum
1903 5520 2198 5591 gratiarum

630 5628 845 5685 actione
873 5638 968 5693 pro
992 5622 1079 5686 iis,
1101 5635 1219 5690 qua:
1237 5619 1562 5687 accepimus.
1582 5611 1860 5682 Quomodo
1885 5611 2026 5665 enim
2059 5616 2205 5680 petet

632 5717 752 5787 quis
781 5714 976 5778 futura,
999 5712 1088 5781 qui
1114 5711 1181 5766 de
1203 5706 1485 5780 praeteritis
1500 5703 1724 5776 gratiam
1744 5717 1848 5756 non
1877 5699 2073 5755 habet?
2095 5698 2201 5754 Sed

620 5806 690 5865 ,δη
715 5807 874 5876 omni,
899 5807 1088 5877 inquit,
1110 5804 1161 5860 id
1183 5813 1285 5870 est,
1316 5803 1367 5857 in
1397 5801 1543 5857 omni
1576 5812 1635 5854 re
1664 5813 1676 5850 :
1708 5794 1934 5850 oratione
1962 5802 2007 5847 et
2043 5789 2194 5849 obse-

1333 394 1391 452 s.
1427 391 1704 452 manus
1738 389 2204 448 cnnvsosront
2235 349 2544 444 tuemur.
2576 385 3103 446 consummes.

3788 391 3900 448 236

2312 503 2550 557 cratione.
2605 502 2785 575 itaque
2821 504 2890 561 de
2938 504 3187 561 omnibus
3239 507 3428 577 gratia:
3454 505 3718 563 habendae
3745 521 3896 575 sum,

2311 596 2474 660 etiam
2506 595 2574 650 de
2601 595 2667 651 iis
2693 610 2814 666 quae
2851 589 3101 652 videntur
3143 597 3369 654 molesta
3421 616 3436 654 :
3478 599 3530 654 id
3571 601 3716 655 enim
3763 614 3901 656 veru

2308 684 2444 754 grati
2468 684 2700 741 hominis
2730 694 2834 742 est.
2879 686 3012 741 Illud
3041 688 3154 757 ipsa
3178 703 3358 743 rerum
3386 697 3576 745 natura
3604 690 3844 759 postulat
3880 708 3899 756 ;

2312 776 2414 832 hoc
2456 785 2583 832 vero
2611 779 2679 833 ab
2713 779 2894 833 animo
2929 788 3117 849 grato,
3147 780 3413 851 valdeque
3441 797 3566 852 erga
3611 782 3778 837 Deum
3811 782 3902 837 af-

2314 864 2450 921 fecto
2477 863 2851 938 proﬁciscitur.
2913 869 3020 923 llas
3048 884 3232 939 preces
3275 873 3520 941 agnoscit
3550 873 3688 926 Deus
3711 914 3725 934 ,
3759 873 3901 927 alias

2309 973 2437 1011 vero
2463 974 2531 1014 ne
2558 973 2716 1015 nosse
2745 959 2956 1030 quidem
2980 961 3109 1014 vult.
3136 960 3450 1028 Hujusmodi
3480 963 3639 1033 igitur
3657 978 3746 1018 res
3777 978 3899 1033 prc-

2309 1049 2666 1120 cemini,qu:e
2702 1060 3079 1120 agnoscantur.
3115 1051 3308 1109 Omnia
3353 1053 3496 1110 enim
3526 1055 3592 1109 ad
3645 1065 3890 1109 nostram

2311 1139 2590 1194 utilitatem
2617 1139 2976 1207 administrat,
3015 1143 3226 1198 etiamsi
3275 1143 3325 1198 id
3360 1159 3461 1200 nos
3507 1146 3895 1216 percipiamus.

2308 1231 2483 1300 Atque
2510 1246 2755 1302 magnam
2795 1233 2882 1287 illa
2909 1233 3064 1289 nobis
3103 1232 3297 1298 all'erre
3338 1235 3645 1302 utilitatem,
3695 1236 3749 1291 id
3796 1252 3892 1290 ar-

2307 1330 2560 1390 gumento
2583 1331 2695 1387 est,
2714 1321 2853 1392 quod
2887 1337 2991 1377 non
3022 1324 3368 1394 percipimus.
3390 1323 3460 1379 Et
3502 1342 3606 1396 pax
3639 1324 3756 1391 Dei,
3779 1317 3916 1396 qui

2308 1421 2576 1479 exsuperat
2619 1428 2814 1467 omnem
2851 1414 3162 1467 intellectum
3182 1456 3197 1477 ,
3223 1415 3474 1469 custodiet
3519 1416 3674 1468 corda
3725 1427 3897 1473 uestra

2308 1509 2353 1554 et
2373 1500 2725 1573 intelligentia’s
2751 1513 2940 1557 uestras
2973 1505 3028 1558 in
3059 1503 3258 1560 Christo
3287 1504 3438 1560 Iesu.
3467 1505 3602 1573 Quid
3635 1506 3739 1562 hoc
3763 1515 3850 1560 est
3869 1507 3897 1560 τ

2307 1587 2418 1644 Pax
2454 1590 2572 1657 Dei,
2597 1591 2791 1662 inquit,
2822 1605 2980 1663 quam
3011 1606 3132 1648 cum
3161 1594 3468 1649 hominibus
3495 1593 3645 1660 fecit,
3673 1609 3892 1650 omnem

2307 1692 2589 1751 exsuperat
2620 1683 3022 1755 cogitationem.
3047 1683 3177 1752 Quis
3212 1685 3355 1740 enim
3383 1686 3737 1754 exspectavit,
3770 1688 3894 1757 quis

2308 1771 2543 1842 speravit
2572 1780 2720 1828 tanta
2747 1774 3046 1830 adventura
3076 1774 3214 1830 bona
3240 1774 3264 1828 ἲ
3309 1774 3614 1829 Humanam
3669 1789 3890 1830 omnem

2307 1862 2572 1918 excedunt
2601 1865 3006 1934 cogitationem,
3036 1880 3136 1920 nec
3169 1873 3376 1921 tantum
3419 1866 3742 1931 orationem,
3793 1881 3894 1935 pro

2309 1951 2536 2008 inimicis
2565 1954 2701 2020 suis,
2729 1968 2826 2024 pro
2857 1955 2921 2009 iis
2939 1955 3030 2025 qui
3058 1955 3230 2024 ipsum
3249 1955 3373 2009 odio
3397 1956 3889 2026 prosequebantur,

2305 2044 2394 2113 qui
2442 2045 2843 2111 aversabantur,
2870 2061 2966 2116 pro
2989 2045 3054 2099 iis
3092 2045 3302 2101 tradere
3332 2045 3522 2101 Filium
3555 2049 3888 2118 unigenitum

2307 2149 2413 2188 non
2457 2135 2742 2198 recusavit,
2771 2144 2825 2189 ut
2870 2149 3057 2205 pacem
3084 2135 3360 2190 nobiscum
3391 2137 3615 2202 laceret,
3639 2139 3765 2192 Haec
3794 2153 3892 2192 au-

2306 2231 2415 2278 tem
2445 2239 2542 2293 pax
2571 2233 2673 2291 est,
2706 2223 2760 2279 id
2801 2233 2886 2280 est
2929 2225 3195 2291 liberatio,
3225 2226 3418 2280 caritas
3471 2226 3586 2293 Dei,
3630 2229 3892 2289 Custodiet

2306 2313 2463 2365 corda
2485 2320 2646 2368 uestra
2674 2324 2720 2368 et
2740 2314 3096 2384 intelligendas
3123 2324 3336 2372 uestras.

2376 2404 2431 2457 2.
2475 2404 2585 2475 Hoc
2622 2407 2964 2474 prmceptoris
2993 2414 3094 2471 est,
3125 2422 3231 2460 non
3271 2415 3475 2478 tantum
3508 2422 3754 2471 mouere.
3786 2411 3886 2465 sed

2306 2497 2464 2550 etiam
2496 2497 2701 2566 precari
2724 2505 2778 2551 et
2804 2511 2896 2566 per
2925 2497 3350 2552 obsecrationem
3379 2512 3592 2571 quoque
3611 2500 3888 2567 auxiliari,

2306 2596 2363 2641 ut
2393 2602 2567 2656 neque
2592 2602 2621 2640 a
2649 2588 3030 2642 teutationibus
3057 2588 3372 2652 obruantur,
3402 2589 3670 2659 nequeat)
3701 2606 3891 2646 errore

2305 2678 2748 2733 circutnl'eraotur
2772 2695 2783 2731 :
2808 2678 3031 2748 perinde
3055 2693 3118 2734 ac
3141 2679 3197 2733 si
3211 2678 3432 2744 diceret,
3455 2679 3555 2746 Qui
3578 2695 3674 2734 vos
3694 2681 3889 2737 eodem

2306 2769 2466 2824 modo
2493 2769 2760 2836 liberavit,
2789 2783 2945 2839 quem
2992 2784 3165 2840 neque
3195 2784 3348 2824 mens
3391 2773 3506 2840 ipsa
3547 2773 3759 2841 assequi
3789 2787 3890 2841 po-

2306 2870 2428 2926 test,
2459 2861 2505 2916 is
2532 2874 2627 2914 vos
2652 2859 2918 2915 custodiat
2948 2867 3018 2915 .et
3061 2860 3284 2924 muniat,
3317 2869 3376 2914 ut
3421 2860 3552 2914 nihil
3585 2861 3887 2930 patiamini.

2309 2950 2403 3005 Vel
2444 2950 2546 3004 hoc
2578 2950 2737 3020 igitur
2762 2951 3059 3020 signillcat;
3103 2950 3187 3004 vel
3215 2951 3378 3017 istud,
3409 2950 3514 3005 Pax
3559 2950 3649 3006 illa
3679 2951 3748 3007 de
3783 2967 3890 3023 qua

2304 3042 2438 3096 dixit
2463 3043 2725 3110 Christus,
2759 3041 2946 3096 Pacem
2975 3043 3208 3113 relinquo
3234 3042 3393 3111 uobis,
3425 3060 3598 3113 pacem
3628 3060 3792 3098 meam
3821 3045 3892 3098 do

2304 3135 2439 3188 vobis
2470 3133 2650 3204 (Joau.
2683 3135 2769 3190 M.
2811 3135 2928 3205 27),
2963 3136 3073 3206 ipsa
3104 3150 3200 3189 vos
3247 3135 3527 3191 custodiet.
3577 3135 3698 3191 Hmc
3737 3137 3888 3191 enim

2304 3240 2407 3295 pax
2450 3234 2670 3295 superat
2721 3241 2935 3281 omnem
2988 3229 3271 3281 humanam
3329 3237 3582 3282 mentem.
3631 3227 3786 3293 Quod
3841 3231 3892 3282 si

2303 3330 2533 3386 quaeras,
2561 3316 2870 3386 quomodo?
2891 3315 3034 3371 audi.
3067 3316 3290 3384 Quando
3313 3317 3463 3387 jubet
3502 3334 3622 3371 cum
3655 3318 3892 3373 inimicis

2306 3424 2491 3479 pacem
2532 3408 2756 3473 habere,
2804 3424 2926 3464 cum
2975 3410 3039 3463 iis
3067 3411 3157 3478 qui
3201 3409 3448 3479 injuriam
3492 3408 3753 3475 referunt,
3793 3411 3890 3479 qui

2305 3515 2404 3555 nos
2432 3500 2572 3556 bello
2599 3510 3009 3571 persequuntur,
3049 3502 3139 3570 qui
3169 3500 3417 3556 infestum
3449 3516 3575 3572 erga
3625 3516 3722 3556 nos
3761 3502 3892 3581 api-

2304 3609 2450 3648 mum
2489 3603 2713 3663 gerunt;
2745 3593 3014 3663 quomodo
3044 3593 3148 3648 hoc
3193 3608 3298 3647 non
3338 3602 3554 3662 superat
3596 3592 3890 3648 humanam

2304 3685 2579 3740 mentem?
2601 3685 2711 3739 lmo
2739 3699 2886 3750 vero,
2911 3685 2956 3738 si
2987 3684 3180 3753 placet,
3213 3683 3314 3738 hoc
3335 3684 3481 3752 prius
3509 3683 3886 3737 attendamus:

2305 3775 2424 3831 Paa:
2449 3775 2563 3840 Dei,
2594 3791 2708 3846 qut:
2751 3785 3018 3845 exsuperat
3061 3769 3257 3829 omnem
3286 3784 3520 3829 mentem.
3561 3775 3617 3829 Si
3644 3791 3743 3846 pax
3788 3791 3891 3830 su-

2304 3877 2455 3937 perat
2483 3881 2696 3921 omnem
2739 3874 2994 3931 mentem,
3048 3865 3218 3920 multo
3248 3865 3416 3933 magis
3447 3865 3585 3919 Deus
3630 3867 3740 3933 ipse
3790 3866 3891 3934 qui

2305 3971 2489 4026 pacem
2537 3955 2662 4023 dat,
2723 3970 2935 4011 omnem
2988 3956 3264 4026 superabit
3307 3956 3715 4025 cogitationem,
3774 3970 3892 4009 non

2303 4049 2474 4104 solum
2506 4059 2764 4115 nostram,
2790 4047 2884 4102 sed
2912 4049 3072 4102 etiam
3100 4046 3438 4116 angelorum,
3471 4055 3528 4100 et
3566 4059 3892 4114 superarum

2305 4149 2646 4212 potestatum.
2677 4139 2812 4206 Quid
2835 4149 3013 4194 autem
3043 4149 3146 4204 est,
3173 4136 3239 4191 In
3268 4137 3468 4194 Christo
3491 4137 3654 4191 Jesu.’
3681 4136 3735 4191 In
3766 4138 3895 4207 ipso

2305 4231 2591 4295 custodiet,
2625 4239 2682 4283 ut
2703 4229 3079 4298 perseveretis,
3112 4242 3213 4282 nec
3242 4229 3310 4282 de
3337 4227 3505 4297 ipsius
3539 4230 3642 4284 lide
3661 4229 3895 4285 decida-

2307 4323 2393 4377 tis.
2440 4321 2495 4376 8.
2539 4320 2618 4374 De
2657 4331 2860 4385 cetera,
2892 4321 3101 4388 fratres,
3146 4334 3470 4390 quacumque
3515 4331 3631 4374 sunt
3683 4332 3891 4385 sancta,

2304 4429 2626 4484 quazcumque
2650 4429 2784 4479 uera,
2807 4428 3137 4483 quiscumque
3151 4412 3318 4482 justo.
3344 4412 3480 4478 Quid
3502 4413 3780 4482 significat,
3811 4414 3897 4471 De

2305 4509 2522 4562 caetero?
2544 4507 2599 4561 ld
2629 4514 2732 4570 est,
2776 4506 2954 4559 omnia
2978 4504 3088 4573 jam
3119 4506 3272 4560 nobis
3302 4514 3426 4559 sunt
3452 4504 3612 4560 dicta.
3649 4504 3893 4564 Verbum

2305 4605 2391 4654 est
2416 4598 2773 4668 properantis,
2799 4605 2854 4650 et
2878 4594 3009 4649 nihil
3034 4609 3157 4650 cum
3180 4595 3338 4649 rebus
3365 4597 3713 4665 praesentibus
3735 4612 3901 4652 eom-

2308 4709 2469 4748 muue
2513 4692 2778 4747 habentis.
2811 4690 2902 4755 De,
2925 4700 3126 4757 cratera,
3170 4697 3374 4761 fratres,
3405 4708 3727 4762 quazcumque
3764 4705 3897 4747 sunt

2307 4800 2445 4850 sera,
2473 4798 2797 4854 quaecumque
2815 4791 3008 4847 sancta,
3033 4798 3358 4852 quaecumque
3369 4777 3534 4852 justo,
3562 4799 3900 4855 quascumque

2309 4875 2514 4947 pudica,
2547 4888 2872 4944 quiscumque
2900 4873 3159 4936 amabilia,
3199 4888 3529 4941 quiscumque
3557 4873 3775 4926 honeste
3808 4876 3898 4944 {a-

2309 4983 2424 5033 ma',
2453 4966 2496 5019 si
2520 4982 2618 5034 qua
2646 4966 2820 5029 uirtus,
2855 4967 2897 5017 si
2925 4980 3023 5030 qua
3043 4965 3176 5030 lous,
3202 4949 3314 5018 haec
3337 4965 3568 5035 cogitate.
3601 4964 3653 5018 9.
3685 4964 3815 5030 Qua
3847 4975 3898 5020 et

2309 5057 2577 5121 didicistis,
2622 5067 2671 5110 et
2714 5055 2992 5136 accepistis,
3035 5065 3082 5110 et
3109 5055 3346 5122 audistis,
3387 5065 3433 5109 et
3462 5057 3654 5110 uidistis
3693 5057 3743 5110 in
3789 5074 3893 5112 me.

2309 5147 2446 5216 Quid
2475 5147 2573 5201 sibi
2603 5147 2736 5213 vult,
2770 5147 3107 5216 Quacumque
3134 5146 3416 5200 amabilia?
3442 5145 3704 5201 Amabilia
3750 5146 3896 5204 ﬁde~

2310 5241 2468 5305 libus,
2490 5239 2735 5293 amabilia
2756 5239 2884 5292 Deo.
2916 5237 3255 5306 Quwcumque
3282 5246 3399 5291 sunt
3426 5253 3559 5292 uera.
3586 5237 3712 5293 Hmc
3741 5242 3896 5295 enim

2310 5331 2501 5385 merito
2527 5327 2777 5384 dicuntur
2807 5343 2968 5393 vera;
3015 5328 3065 5382 id
3106 5329 3392 5388 est.virtus
3442 5329 3591 5399 ipsa;
3629 5327 3900 5385 vitiositas

2309 5433 2486 5479 autem
2515 5421 2847 5478 mendacium
2867 5429 2985 5476 est:
3012 5435 3134 5474 nam
3158 5432 3212 5475 et
3233 5421 3474 5490 voluptas
3496 5422 3660 5490 ipsius
3678 5435 3898 5489 comes,

2309 5525 2364 5572 ct
2382 5515 2547 5586 gloria
2571 5511 2904 5568 mendacium
2925 5521 3024 5574 est,
3045 5521 3099 5565 et
3114 5509 3376 5566 mundana
3395 5511 3570 5566 omnia
3592 5510 3722 5565 nihil
3745 5510 3897 5565 aliud

2309 5613 2434 5660 sunt
2460 5620 2620 5676 quam
2659 5601 3015 5658 mendacium.
3044 5601 3384 5672 Quacumque
3427 5602 3632 5672 pudica.
3665 5601 3776 5656 lloc
3812 5601 3896 5657 illi

2309 5695 2613 5768 opponitur,
2644 5693 2783 5763 quod
2805 5702 2957 5748 antea
2982 5690 3244 5760 dixit,Qui
3265 5695 3462 5746 terrena”
3482 5693 3704 5762 sapiunt.
3732 5691 3897 5759 Qua.

2311 5803 2521 5859 ctunque
2546 5794 2738 5842 sancta.
2763 5783 2874 5840 Hoc
2903 5782 3155 5840 adversus
3182 5781 3332 5850 illud,
3361 5781 3586 5850 Quorum
3616 5781 3740 5837 deus
3767 5797 3899 5838 m-
