4064 6318
127 409 217 462 285

133 532 192 571 ter
213 527 280 573 est
321 518 664 587 Qucecutnque
681 515 847 586 justo,
865 530 1188 587 qurecumquc
1214 514 1358 567 bona!
1381 515 1552 582 fanrtc,
1577 509 1692 562 haec

131 619 258 675 sunt,
285 609 476 679 inquit,
509 609 569 662 Si
596 623 695 674 qua
733 609 912 669 virtus,
953 615 1000 659 et
1043 607 1084 660 si
1115 621 1215 674 qua
1256 605 1387 658 laus.
1435 602 1546 656 Hoc
1576 601 1694 655 loco

133 701 228 754 vult
263 702 406 767 ipsos
450 714 512 752 ea
545 698 730 762 etiam,
762 712 880 766 qua:
907 695 974 749 ad
1005 695 1248 749 homines
1277 694 1568 763 pertinent,
1600 706 1694 745 cu-

131 805 254 844 rare.
288 787 413 842 Hac
440 789 678 859 cogitate,
710 788 899 857 inquit.
931 787 1091 840 Vides
1119 785 1220 838 hoc
1251 783 1472 837 Paulum
1511 795 1690 851 agere,

133 891 180 935 ut
208 895 414 933 omnem
449 895 666 948 pravam
713 879 1093 947 cogitationem
1140 891 1208 930 ex
1259 877 1450 929 animis
1499 875 1695 928 nostris

131 971 330 1040 ejiciat?
357 987 424 1027 ex
451 972 864 1042 cogitationibus
891 972 1032 1026 enim
1062 984 1239 1039 pravae
1278 983 1490 1038 quoque
1530 966 1696 1021 actio-

133 1078 217 1118 nes
259 1063 522 1117 oriuntur.
574 1061 699 1129 Quts
746 1071 790 1116 et
829 1061 1098 1124 didicistis,
1144 1069 1191 1113 et
1235 1059 1519 1128 accepistis.
1571 1057 1698 1112 Haec

133 1153 313 1221 optima
331 1151 559 1206 docendi
589 1152 723 1205 ratio
747 1161 848 1216 est,
881 1165 939 1205 se
971 1151 1141 1218 ipsum
1169 1149 1221 1202 in
1250 1148 1498 1202 omnibus
1527 1147 1698 1200 moni-

135 1244 347 1298 tionibus
372 1242 653 1298 formulam
681 1243 920 1312 praebere
949 1259 961 1293 :
993 1240 1443 1310 quemadmodum
1487 1250 1540 1292 et
1571 1237 1696 1292 alibi

135 1335 307 1403 inquit,
342 1333 483 1387 Sicut
511 1332 703 1388 habetis
732 1349 822 1386 nos
859 1333 1078 1400 formam
1102 1330 1360 1404 (Philipp.
1399 1330 1452 1384 ὃ.
1484 1327 1572 1397 17)
1598 1343 1613 1392 ;
1645 1334 1700 1381 et

135 1442 302 1483 rursus
331 1427 432 1491 hic,
460 1427 588 1494 Qua
612 1435 656 1480 et
682 1426 948 1490 didicistis,
976 1432 1024 1477 et
1052 1423 1313 1493 accepistis
1332 1437 1353 1486 ;
1375 1421 1426 1476 id
1452 1429 1554 1486 est,
1581 1433 1698 1490 qua:

133 1533 221 1587 ego
249 1534 340 1571 ros
377 1517 570 1582 docui;
615 1526 662 1585 et
685 1516 920 1577 audistis,
954 1523 1001 1568 et
1049 1514 1244 1568 vidistis
1288 1517 1340 1566 in
1369 1529 1483 1575 me;
1526 1511 1577 1564 id
1617 1517 1719 1574 est,

134 1617 371 1677 quantum
399 1609 633 1676 pertinet
658 1606 726 1661 ad
754 1605 936 1666 verba,
967 1614 1021 1658 et
1047 1605 1308 1668 actiones,
1339 1610 1394 1656 et
1421 1600 1542 1654 vita:
1571 1614 1700 1654 eon-

135 1699 472 1754 suetudinem.
495 1697 656 1752 Vides
684 1697 858 1767 ipsum
884 1696 1030 1750 omni
1052 1699 1119 1750 de
1145 1710 1204 1748 re
1230 1694 1346 1762 haec
1376 1690 1700 1762 przecipere?

134 1790 340 1856 Quando
366 1789 510 1844 enim
543 1790 764 1844 minime
791 1788 872 1843 fas
911 1796 993 1842 est
1017 1786 1086 1840 de
1113 1785 1360 1840 omnibus
1389 1782 1696 1853 singillatim

135 1880 322 1933 minuta
369 1880 614 1949 quadam
655 1889 924 1949 prtecepta
969 1876 1131 1941 dare;
1183 1876 1252 1930 de
1311 1876 1574 1944 ingressu,
1631 1872 1699 1928 de

134 1985 355 2039 egressu,
399 1970 467 2024 de
512 1969 696 2035 verbo,
737 1970 925 2038 ﬁgura,
972 1965 1359 2022 consuetudine
1407 1963 1694 2029 familiari;

134 2062 296 2114 omnia
323 2071 496 2116 autem
523 2062 637 2115 lucc
656 2060 963 2115 Christiano
990 2058 1225 2113 curanda
1254 2067 1409 2113 sunt:
1437 2057 1694 2124 breviter,

133 2161 180 2204 et
204 2153 344 2218 quasi
371 2153 676 2206 summatim
704 2151 858 2214 dixit,
894 2151 958 2204 In
983 2167 1061 2203 me
1080 2149 1364 2214 audivistis,
1395 2159 1440 2201 et
1470 2149 1696 2203 vidistis:

135 2242 334 2309 perinde
356 2257 418 2297 ac
445 2243 488 2295 si
511 2242 736 2308 diceret,
759 2242 824 2295 Et
845 2241 996 2295 factis
1025 2251 1079 2295 et
1105 2242 1282 2295 verbis
1309 2240 1461 2296 vobis
1486 2240 1693 2310 praeivi.

137 2332 250 2386 Ha'c
291 2336 452 2402 agite;
492 2349 600 2386 non
645 2333 806 2387 dicite
852 2332 1050 2397 solum,
1094 2331 1191 2386 sed
1234 2331 1392 2384 etiam
1426 2328 1617 2394 facite;
1652 2338 1699 2384 et

134 2423 258 2479 Deus
287 2427 419 2494 pacis
453 2427 546 2479 erit
575 2425 850 2478 vobiscum.
879 2423 932 2478 Id
962 2431 1065 2489 est,
1095 2422 1151 2478 Si
1188 2422 1302 2477 hazc
1329 2423 1695 2487 servaveritis,

132 2524 311 2569 etcum
351 2516 599 2570 omnibus
641 2530 824 2584 pacem
856 2513 1169 2580 habueritis,
1216 2514 1271 2593 in
1313 2514 1602 2582 tranquillo
1644 2522 1699 2567 et

135 2606 377 2660 tutissimo
403 2608 555 2661 eritis
587 2606 735 2670 loco;
780 2604 910 2659 nihil
957 2604 1167 2658 molesti
1200 2603 1448 2673 quodque
1478 2603 1698 2657 minime

134 2695 289 2750 velitis
317 2697 606 2765 patiemini.
640 2695 1095 2764 Quandocumque
1125 2694 1267 2748 enim
1298 2707 1396 2746 nos
1423 2708 1542 2748 cum
1586 2693 1697 2746 Deo

135 2804 299 2856 pacem
337 2790 700 2854 habuerimus,
748 2787 1008 2842 habemus
1057 2795 1237 2841 autern
1286 2800 1381 2856 per
1422 2786 1693 2851 virtutem,

134 2884 285 2936 multo
313 2884 476 2953 magis
523 2884 636 2953 ipse
669 2883 945 2937 nobiscum
986 2881 1037 2934 in
1082 2894 1212 2949 pace
1256 2879 1380 2933 erit.
1412 2877 1513 2944 Qui
1552 2878 1694 2931 enim

134 2973 194 3027 ita
224 2990 312 3030 nos
349 2977 564 3039 amavit,
597 2983 650 3028 ut
698 2974 778 3027 vel
811 2972 878 3025 ad
919 2971 1246 3041 refugientes
1285 2968 1604 3034 accesserit;
1651 2967 1695 3022 si

132 3077 451 3119 accurrcntes
503 3064 701 3127 videat,
752 3077 931 3115 nonne
977 3062 1145 3114 multo
1201 3061 1367 3129 magis
1413 3075 1562 3114 suam
1603 3074 1698 3128 per

132 3172 184 3208 se
213 3155 336 3208 feret
372 3154 718 3208 amicitiam?
747 3153 888 3207 Nihil
923 3161 1124 3206 natura:
1171 3161 1368 3205 nostra:
1399 3151 1567 3219 magis
1594 3149 1697 3203 ini-

133 3244 308 3296 micum
335 3254 435 3311 est,
465 3259 624 3313 quam
658 3242 865 3295 vitium.
897 3240 1174 3306 Quomodo
1209 3249 1386 3295 autem
1420 3240 1693 3293 inimicum

132 3334 192 3386 sit
216 3335 384 3388 vitium
407 3337 644 3389 etamica
673 3335 862 3401 virtus,
894 3333 1075 3387 multis
1101 3333 1430 3402 argumentis
1455 3342 1693 3387 constat:

133 3439 190 3477 ac
225 3425 267 3478 si
293 3427 468 3490 vultis,
503 3431 730 3495 primum
761 3426 812 3480 id
845 3435 1150 3496 spectemus
1177 3426 1230 3478 in
1261 3440 1366 3479 uno
1394 3440 1456 3478 ex
1490 3425 1552 3477 iis
1579 3439 1696 3492 quae

133 3517 377 3569 coatraria
417 3527 560 3582 sunt,
597 3515 648 3570 id
687 3529 790 3578 esr,
815 3518 865 3568 in
913 3515 1260 3569 scortatione.
1292 3515 1559 3568 Scortatio
1600 3528 1697 3566 nos

134 3603 384 3661 dedecoris
425 3607 634 3673 plenos,
665 3621 948 3675 pauperes,
992 3606 1249 3659 ridiculos
1278 3605 1421 3670 facit,
1472 3619 1533 3657 ac
1564 3604 1696 3658 tales

135 3692 290 3749 reddit
314 3698 398 3765 qui
439 3697 508 3750 ah
534 3698 784 3751 omnibus
832 3707 1238 3750 contemnantur
1269 3713 1282 3748 :
1315 3698 1428 3750 haec
1456 3712 1584 3749 vero
1623 3696 1697 3749 fa-

136 3798 242 3839 cere
280 3788 610 3841 inimicorum
651 3798 751 3842 est.
784 3787 939 3855 Smpe
967 3796 1144 3841 autem
1175 3789 1289 3840 hazc
1316 3795 1368 3840 et
1398 3787 1615 3840 morbos
1643 3792 1697 3840 et

139 3878 342 3943 pericula
371 3878 525 3933 all‘ert
557 3895 572 3932 :
605 3879 755 3932 multi
785 3895 911 3931 vero
939 3879 1100 3932 etiam
1148 3886 1504 3931 scortatorum
1533 3891 1694 3931 causa

139 3968 401 4034 perierunt,
433 3981 483 4023 et
515 3969 731 4022 vulnera
774 3978 1115 4046 acceperunt.
1149 3968 1302 4033 Quod
1347 3969 1389 4020 si
1439 3967 1695 4021 scortatio

139 4054 236 4111 lucc
275 4059 455 4123 all'ert,
515 4059 684 4112 multo
736 4059 903 4128 magis
958 4059 1300 4112 adulterium.
1353 4058 1487 4112 Nunt
1534 4059 1695 4128 igitur

137 4148 298 4202 eodem
341 4150 501 4203 modo
541 4150 922 4220 eleemosyna?
969 4133 1306 4218 Neutiqu'am,
1354 4150 1446 4204 sed
1477 4149 1695 4218 perinde

137 4248 271 4307 atque
306 4254 483 4312 tenera
520 4251 690 4294 mater
738 4227 900 4294 filiolo
930 4257 1175 4310 magnam
1203 4250 1561 4306 venustatem,
1590 4240 1689 4296 de-

137 4343 233 4395 cns,
263 4332 476 4400 gloriam
506 4332 778 4396 conciliat,
820 4332 1052 4400 facitque
1101 4331 1422 4387 necessariis
1454 4332 1693 4387 muneri-

139 4417 219 4471 bus
234 4423 484 4477 obeundis
513 4424 820 4477 incumbere
846 4441 859 4476 :
894 4440 997 4476 non
1030 4424 1280 4494 relinquit
1310 4439 1428 4488 nos,
1461 4439 1633 4494 neque
1660 4439 1694 4478 a

138 4514 424 4566 necessariis
445 4513 682 4578 abducit,
716 4513 808 4567 sed
835 4515 1072 4568 animum
1102 4515 1502 4584 prudentiorem
1530 4516 1692 4570 etiam

140 4604 308 4657 reddit.
346 4606 742 4660 Scortatoribus
785 4608 927 4660 enim
961 4607 1093 4660 nihil
1142 4608 1555 4677 imprudentius.
1588 4608 1694 4664 Sed

138 4693 262 4750 visne
288 4695 559 4751 avaritiam
606 4699 994 4767 inSpiciamus?
1042 4700 1106 4753 Et
1138 4700 1253 4755 hrec
1298 4701 1507 4755 eodem.
1534 4701 1695 4756 modo

136 4803 239 4856 erga
281 4807 373 4845 nos
403 4791 592 4846 affecta
638 4803 739 4856 est,
774 4809 877 4861 quo
915 4792 1113 4846 inimici
1146 4794 1342 4847 solent.
1372 4795 1692 4860 Quomodo?

136 4877 300 4935 Odium
328 4894 379 4937 et
418 4885 531 4938 hate
563 4885 717 4937 nobis
745 4885 811 4938 ab
855 4884 1106 4939 omnibus
1133 4887 1417 4952 conciliat;
1459 4876 1690 4956 facitque

136 4981 376 5029 utonmes
425 4991 525 5030 nos
569 4976 938 5043 exsecrentur,
981 4987 1031 5031 et
1061 4979 1149 5046 qui
1183 4979 1427 5047 injuriam
1468 4995 1694 5049 accepe-

137 5073 255 5130 runt,
284 5077 330 5119 et
359 5069 447 5136 qui
480 5082 587 5121 non
617 5080 936 5137 acceperunt
973 5089 982 5121 :
1009 5086 1130 5123 nam
1179 5080 1233 5124 et
1279 5071 1487 5124 illormn
1518 5072 1687 5126 vicem

135 5149 311 5221 dolent,
365 5165 420 5210 et
468 5157 568 5211 sibi
619 5158 749 5226 ipsis
797 5168 1060 5212 metuunt.
1112 5159 1470 5224 Quamobrem
1526 5163 1687 5216 veluti

133 5243 415 5301 cormriunes
448 5249 708 5315 quosdam
741 5250 921 5305 hostes
968 5249 1241 5304 intuentur
1283 5267 1491 5317 omnes,
1523 5253 1686 5307 veluti

134 5333 268 5402 feras,
293 5341 447 5395 veluti
473 5342 745 5397 daemonas
790 5362 804 5395 :
835 5353 1101 5397 sexcenta:
1131 5344 1364 5414 undique
1387 5347 1683 5400 accusatio-

133 5442 227 5494 nes,
255 5434 476 5500 insidiae,
503 5435 737 5499 invldiae,
775 5452 894 5506 quae
925 5436 1138 5506 quidem
1171 5438 1505 5492 inimicorum
1536 5447 1681 5493 sunt.

131 5517 300 5577 Contra
349 5536 527 5581 autem
575 5527 780 5597 justitia
827 5542 1016 5583 oumes
1065 5531 1286 5594 amicos,
1341 5546 1530 5585 omnes
1585 5546 1682 5586 usu

127 5615 434 5685 conjunctos,
457 5636 643 5677 omnes
667 5622 958 5678 benevolos
986 5623 1138 5677 nobis
1161 5623 1280 5678 facit
1303 5642 1316 5684 ;
1342 5626 1408 5678 ab
1433 5628 1683 5680 omnibus

129 5718 290 5771 preces
317 5726 408 5778 pro
437 5713 592 5768 nobis
616 5711 910 5768 funduntur
940 5732 951 5766 :
987 5714 1056 5767 ita
1081 5698 1250 5769 stultis
1281 5726 1458 5770 noster
1487 5716 1536 5770 in
1569 5728 1681 5772 tttlo

131 5797 428 5869 collocatur;
460 5804 665 5859 nullum
695 5805 1013 5874 periculum.
1049 5806 1188 5860 nulla
1218 5808 1472 5877 suspicio,
1505 5808 1594 5863 sed
1626 5818 1678 5862 et

964 400 1032 457 IN
1073 400 1286 458 EPIST.
1331 399 1421 454 AD
1462 395 1745 453 PHILIPP.
1788 397 1941 453 CAP.
1989 400 2072 454 IV.
2120 401 2348 458 llOlllL.
2393 406 2533 463 XIV.

3279 413 3385 472 εἶθ

1804 522 2026 566 somnus
2051 517 2356 574 securitatis
2381 520 2575 593 plenus
2601 522 2856 593 advenit;
2887 526 3030 583 nulla
3063 529 3386 598 sollicitudo,

1802 602 1981 658 nullus
2012 606 2261 675 ejulatus.

1872 691 1925 747 ὅ.
1972 694 2130 752 Vides
2171 698 2310 756 hanc
2355 702 2514 774 longe
2554 705 2835 764 meliorem
2891 712 3048 766 esse?
3090 713 3249 781 Quid,
3300 715 3392 771 die

1802 782 1956 850 mihi,
1993 789 2231 844 satiusne
2257 801 2340 846 est
2371 792 2631 862 invidere,
2664 781 2742 850 an.
2775 799 2966 857 aliena:
2999 802 3199 859 laetitiae
3228 817 3389 874 parit-

1801 875 1974 942 cipem
2003 878 2158 934 fieri?
2191 882 2314 938 lltcc
2349 887 2530 941 omnia
2555 889 2920 957 expendamus
2946 908 2961 957 ;
2991 909 3053 948 ac
3077 909 3208 950 sane
3238 897 3390 951 inve-

1803 968 2012 1024 niemus
2039 972 2287 1028 virtutem
2311 976 2551 1043 quidem,
2595 989 2653 1033 ut
2675 990 2912 1036 matrem
2943 999 3070 1039 vere
3096 997 3389 1053 amantem,

1803 1057 1994 1114 afferre
2024 1064 2366 1119 securitatem
2385 1075 2546 1138 atque
2574 1069 2628 1123 in
2661 1079 2776 1125 tuto
2802 1072 3094 1140 collocare,
3127 1074 3392 1131 vitiosita-

1806 1157 1911 1203 tem
1951 1167 2077 1206 vero
2122 1156 2393 1224 conjicere
2439 1159 2490 1212 in
2533 1161 2817 1230 pericula:
2849 1179 2938 1219 res
2985 1167 3130 1220 enim
3171 1168 3390 1223 omnino

1805 1251 1887 1295 est
1924 1244 2282 1312 periculorum
2329 1251 2504 1319 plena.
2537 1238 3038 1324 Audi'prOphetam
3069 1256 3339 1314 dicentem
3371 1277 3387 1314 :

1804 1329 2208 1390 Firmamentum
2229 1349 2300 1394 est
2322 1341 2570 1396 Dominus
2594 1345 2880 1400 timentibus
2898 1362 3032 1411 eum,
3049 1357 3097 1401 et
3123 1359 3393 1404 testamen-

1805 1429 1911 1474 tum
1937 1423 2098 1493 ipsius
2117 1436 2172 1479 ut
2197 1429 2544 1498 manifestatur
2569 1432 2946 1502 ipsis'(Ps.‘24.
2973 1436 3086 1508 Η).
3111 1436 3390 1494 Neminem

1806 1511 1990 1580 timet,
2036 1517 2126 1584 qui
2167 1519 2369 1574 nullius
2416 1521 2543 1576 mali
2591 1523 2695 1577 sibi
2745 1533 2824 1578 est
2867 1511 3117 1581 conscius
3148 1543 3163 1583 :
3191 1531 3389 1585 nemini

1804 1613 1989 1660 contra
2023 1607 2160 1673 fidit,
2193 1611 2281 1680 qui
2309 1625 2442 1666 cum.
2475 1612 2816 1683 improbitate
2847 1616 2996 1684 vivit,
3034 1618 3130 1673 sed
3159 1617 3392 1677 famulos

1804 1694 1964 1748 etiam
2018 1700 2242 1762 metuit,
2312 1715 2514 1770 eosque
2570 1718 2690 1757 eum
2767 1706 3075 1774 suSpicione
3131 1708 3388 1764 intuetur.

1807 1783 2008 1855 Ecquid
2057 1787 2178 1842 dico
2231 1787 2499 1846 famulos?
2551 1794 2897 1848 conscientias
2947 1797 3114 1864 ipsius
3158 1800 3390 1856 tribunal

1806 1875 1945 1929 ferre
1969 1891 2071 1930 non
2105 1888 2315 1947 potest:
2351 1896 2456 1936 non
2489 1884 2660 1937 solum
2691 1901 2810 1952 qua:
2841 1894 3081 1941 externae
3114 1900 3260 1956 sunt,
3293 1893 3392 1948 sed

1805 1965 2025 2020 interna:
2071 1969 2232 2022 etiam
2283 1973 2722 2038 ratiocinationes
2765 1975 2938 2045 ipsum
2984 1977 3243 2046 fodicant,
3293 1997 3392 2037 nec

1805 2059 2080 2125 quiescere
2105 2077 2357 2128 umquam
2399 2065 2599 2117 sinunt.
2629 2065 2792 2136 Ergo,
2825 2066 3056 2137 inquies,
3081 2069 3149 2123 ita
3179 2081 3393 2140 Oportet

1804 2148 2005 2210 vivere,
2060 2158 2117 2202 ut
2156 2150 2364 2206 laudem
2416 2154 2661 2222 spectes?
2708 2154 2823 2209 Non
2877 2157 3012 2211 dixit
3053 2159 3269 2223 Paulus,
3312 2165 3391 2217 Ad

1805 2236 2013 2292 laudem
2064 2251 2243 2308 specta
2266 2284 2278 2304 ,
2312 2244 2404 2296 sed
2428 2284 2442 2310 ,
2476 2244 2582 2299 Fac
2626 2245 2909 2300 laudabilia
2934 2288 2946 2308 .
2982 2264 3088 2304 non
3142 2263 3392 2320 spectans

1803 2327 1898 2392 ad
1942 2330 2169 2383 laudem.
2234 2334 2572 2402 Quwcumque
2637 2351 2789 2398 vera;
2840 2338 3175 2393 mendacium
3247 2343 3389 2397 enim

1805 2418 1903 2472 ista
1953 2432 2105 2487 sunt,
2154 2438 2480 2493 qutecumque
2532 2435 2728 2480 sancta.
2776 2426 2892 2482 Vox
2941 2429 3062 2496 ista,
3113 2443 3292 2499 σεμνὸν,
3342 2434 3393 2489 id

1802 2521 1884 2566 est
1931 2513 2191 2581 gravitas,
2219 2514 2283 2567 ad
2336 2525 2616 2571 externam
2661 2521 2890 2588 pertinet
2934 2522 3225 2591 virtutem;
3261 2530 3395 2593 ἅγιον

1805 2616 1965 2665 vero,
2020 2602 2070 2656 id
2128 2612 2209 2656 est
2265 2605 2548 2674 pudicitia,
2608 2609 2802 2662 anima:
2863 2613 3078 2682 propria
3135 2626 3234 2670 est.
3286 2617 3393 2671 Ne-

1804 2694 1954 2759 mini,
1986 2696 2173 2764 inquit,
2198 2696 2321 2752 date
2356 2698 2517 2752 ullam
2546 2699 2913 2768 offensionem,
2945 2720 3119 2776 neque
3157 2711 3397 2763 occasio-

1805 2799 1950 2838 nem.
1980 2786 2241 2852 Quoniam
2280 2787 2506 2855 dixerat,
2554 2789 2893 2859 Quwcumque
2932 2793 3078 2850 bona:
3105 2799 3278 2868 fama,
3327 2816 3395 2854 ne

1802 2877 2074 2930 existimes
2115 2877 2181 2931 ad
2228 2877 2473 2933 homines
2516 2888 2718 2934 tantum
2768 2872 3062 2952 spectasse,
3110 2888 3300 2944 addit:
3333 2891 3396 2946 Si

1802 2985 1901 3038 qua
1935 2969 2107 3033 virtus,
2153 2979 2201 3022 et
2247 2971 2290 3022 si
2332 2987 2433 3041 qua
2475 2974 2608 3038 laus,
2660 2973 2766 3027 haec
2801 2977 3036 3045 cogitate,
3085 2979 3192 3034 lucc
3237 2982 3394 3050 agite.

1803 3058 2066 3128 Perpetuo
2091 3061 2203 3113 vult
2229 3075 2326 3114 nos
2358 3060 2409 3114 in
2439 3060 2524 3115 his
2553 3078 2693 3126 esse,
2721 3064 2835 3120 haec
2861 3081 3070 3133 curare,
3105 3065 3217 3125 lucc
3245 3075 3394 3142 cogi-

1805 3157 1938 3203 tare.
1969 3149 2100 3202 Nam
2142 3150 2186 3202 si
2233 3151 2507 3204 nobiscum
2554 3153 2652 3222 ipsi
2690 3169 2875 3223 pacem
2920 3171 3222 3228 servemus,
3256 3162 3394 3218 Deus

1805 3239 1963 3293 etiam
2009 3241 2285 3295 nobiscum
2335 3242 2438 3297 erit
2469 3261 2483 3296 :
2514 3243 2597 3298 sin
2644 3245 2846 3300 bellum
2890 3254 3208 3317 excitemus,
3255 3254 3399 3310 Deus

1809 3332 1956 3400 pacis
1985 3332 2512 3411 minimenobiscum
2541 3335 2665 3390 erit.
2697 3336 2840 3392 Nihil
2871 3341 3012 3395 enim
3042 3358 3194 3411 teque
3227 3343 3399 3400 hosti-

1807 3421 1929 3474 liter
1955 3409 2268 3476 adversatur
2297 3425 2510 3489 anima},
2544 3441 2605 3480 ac
2632 3427 2925 3492 vitiositas;
2972 3441 3026 3486 et
3071 3409 3202 3497 nihil
3242 3436 3399 3491 vicis-

1805 3510 1903 3563 sim
1950 3527 2099 3580 aeque
2146 3513 2290 3567 illam
2332 3515 2384 3567 in
2420 3523 2532 3568 tuto
2576 3516 2825 3583 collocat,
2875 3535 2938 3574 ac
2969 3537 3067 3590 pax
3112 3533 3166 3578 et
3207 3526 3392 3580 virtus.

1803 3599 2158 3665 Quamobrem
2214 3604 2528 3673 incipiamus
2578 3616 2758 3661 nostra
2805 3622 3104 3679 prmstare,
3164 3625 3397 3687 tuncque

1806 3694 1970 3747 Deum
1998 3693 2060 3746 ad
2086 3710 2183 3747 nos
2210 3696 2526 3751 alliciemus.
2560 3698 2703 3753 Deus
2735 3716 2837 3754 non
2863 3712 2944 3756 est
2975 3704 3098 3759 belli
3132 3715 3182 3761 ct
3205 3725 3396 3780 pugnat
3462 3720 3477 3732 ’

1802 3783 1958 3838 deus.
2007 3785 2227 3854 Depooe
2273 3788 2432 3855 igitur
2473 3788 2673 3844 bellum
2721 3801 2773 3846 et
2804 3785 3056 3863 pugnam,
3106 3813 3225 3853 cum
3268 3817 3396 3871 erga

1806 3872 2016 3936 Deum,
2075 3883 2186 3928 tum
2241 3892 2366 3945 erga
2419 3880 2721 3947 proximum
2757 3899 2769 3934 :
2803 3885 3055 3951 pacificus
3103 3899 3220 3943 esto
3269 3908 3395 3962 erga

1803 3978 1991 4019 onmes
2024 3968 2232 4036 :cogita
2262 3969 2578 4037 quibusnam
2626 3971 2764 4027 Deus
2805 3975 3032 4031 salutem
3063 3980 3191 4035 det:
3224 3982 3393 4048 Betui,

1804 4054 2009 4124 inquit,
2064 4058 2300 4125 paciﬁci,
2352 4062 2591 4130 quoniam
2642 4063 2742 4134 ipsi
2792 4066 2888 4133 ﬁlii
2939 4068 3037 4122 Dei
3087 4073 3396 4130 vocabuntur

1804 4145 2015 4218 (Matth.
2059 4148 2110 4201 5.
2141 4148 2220 4218 9).
2249 4148 2347 4216 Qui
2381 4151 2514 4206 tales
2561 4161 2707 4220 sunt,
2759 4168 3018 4225 perpetuo
3059 4160 3252 4217 Filium
3296 4166 3394 4222 Dei

1803 4240 2096 4295 imitantur.
2121 4241 2383 4296 Eumdem
2409 4253 2463 4297 tu
2486 4260 2699 4315 quoque
2721 4248 2928 4304 imitare
2951 4270 2963 4305 :
2987 4269 3167 4320 pacem
3199 4272 3389 4314 serva:

1767 4328 1770 4332 ⁴
1803 4341 2001 4399 quanto
2025 4331 2166 4387 enim
2192 4333 2361 4401 magis
2383 4337 2709 4405 oppugnabit
2740 4346 2791 4393 te
2823 4338 3007 4407 frater,
3044 4353 3191 4399 tanto
3222 4347 3395 4417 major

1803 4423 1905 4477 erit
1935 4437 2160 4477 merces.
2195 4425 2329 4476 Audi
2361 4427 2675 4494 prephetam
2705 4427 2995 4496 dicentem,
3025 4431 3152 4487 Cum
3194 4437 3276 4500 iis,
3306 4441 3395 4509 qui

1802 4511 2014 4565 oderunt
2044 4529 2241 4582 pacem,
2281 4529 2420 4566 cram
2463 4516 2707 4585 paciﬁcus
2748 4517 2768 4587 (
2789 4518 2936 4574 Paul.
2987 4523 3106 4578 119.
3141 4525 3245 4596 7).
3281 4529 3396 4585 lloc

1801 4605 1971 4660 virtus
1997 4615 2099 4670 est,
2129 4605 2230 4659 hoc
2256 4605 2484 4659 humana
2510 4606 2916 4668 ratiocinatione
2944 4615 3137 4685 majus,
3163 4616 3266 4673 hoc
3294 4636 3392 4677 nos

1801 4715 1969 4770 prope
2002 4701 2168 4754 Deum
2198 4700 2366 4768 ponit.

1872 4791 2192 4856 Iniuriarum
2210 4791 2391 4845 oblivio
2408 4793 2803 4848 conmtcudatur.
2820 4826 2888 4834 —
2900 4795 3039 4853 Nihil
3054 4814 3205 4870 teque
3225 4802 3395 4858 Deum

1801 4883 2051 4947 hctificat,
2076 4891 2235 4951 atque
2265 4883 2573 4952 injuriarum
2594 4885 2960 4942 immemorem
2978 4903 3098 4945 esse
3125 4908 3135 4944 :
3162 4890 3264 4947 hoc
3293 4905 3340 4950 te
3358 4912 3388 4952 a

1802 4965 2032 5045 peccatis
2062 4976 2273 5042 liberat,
2319 4976 2422 5031 hoc
2446 4977 2588 5031 delet
2630 4979 2853 5032 crimina
2891 4997 2904 5032 :
2938 4983 3077 5050 quod
3107 4985 3150 5039 si
3184 5002 3387 5057 pugne-

1801 5084 1919 5122 mus
1965 5083 2028 5122 ac
2067 5068 2352 5134 luctemur,
2392 5069 2548 5138 longe
2594 5084 2623 5121 a
2669 5071 2780 5124 Deo
2817 5073 3045 5127 abimus.
3091 5074 3170 5129 Ex
3215 5093 3385 5147 pugna

1797 5162 1940 5215 enim
1988 5160 2281 5214 inimicitia:
2309 5163 2587 5224 oriuntur;
2623 5160 2927 5216 inimicitias
2973 5164 3218 5234 sequitur
3247 5169 3387 5237 inju-

1797 5254 1992 5306 riarum
2012 5252 2289 5306 memoria.
2311 5251 2508 5306 Excide
2530 5252 2788 5319 radicem,
2810 5263 2863 5308 et
2883 5270 2985 5309 non
3005 5271 3246 5328 erumpet
3268 5260 3383 5313 fru-

1795 5355 1911 5400 etus
1945 5362 1957 5396 :
1990 5345 2058 5399 ita
2111 5344 2380 5399 discemus
2428 5361 2512 5408 ea,
2559 5361 2679 5414 quae
2733 5345 2800 5401 ad
2849 5359 3168 5416 praesentem
3219 5352 3380 5407 vitam

1795 5435 2086 5505 pertinent,
2120 5435 2421 5504 despicere.
2445 5435 2560 5489 Non
2587 5436 2730 5489 enim
2761 5447 2865 5502 est,
2897 5453 3003 5493 non
3032 5450 3115 5494 est
3140 5443 3190 5494 in
3221 5443 3384 5498 rebus

1794 5527 2161 5597 Spiritualibus
2197 5542 2405 5597 pugna;
2455 5527 2547 5582 sed
2592 5528 2850 5597 quidquid
2897 5531 3161 5598 ejusmodi
3203 5534 3388 5589 videas

1792 5619 2011 5686 exoriri,
2038 5621 2122 5675 vel
2156 5635 2359 5691 pugnas
2387 5621 2468 5675 vel
2514 5620 2789 5686 invidiam,
2823 5622 2936 5677 sive
2976 5625 3186 5694 quidvis
3212 5626 3383 5695 aliud,-

1794 5729 1970 5768 rcrum
2001 5714 2066 5767 ad
2100 5713 2237 5768 hanc
2256 5713 2417 5768 vitam
2443 5714 2820 5784 pertinentium
2856 5729 3014 5771 causa
3041 5719 3376 5776 exoriuntur.

1793 5807 1922 5863 Nam
1954 5807 2036 5862 vel
2065 5807 2130 5862 ab
2165 5806 2323 5863 alieni
2367 5806 2675 5877 cupiditate,
2710 5807 2791 5862 vel
2837 5805 2907 5862 ab
2938 5807 3160 5879 invidia,
3201 5811 3284 5868 vel
3317 5812 3400 5868 aly
