4064 6318
699 385 806 444 281

699 503 876 558 inanis
922 505 1108 575 gloriae
1157 505 1338 562 studio
1387 506 1597 563 initium
1647 509 1813 564 sumit
1856 507 2031 564 omnis
2080 521 2275 577 pugna.

696 596 876 663 Quare
920 599 964 650 si
997 613 1179 663 pacem
1220 600 1642 664 servaverimus,
1685 610 1897 657 terrena
1942 601 2104 663 etiam
2146 614 2278 654 eon-

698 693 937 740 temuere
959 686 1255 744 discemus.
1296 688 1505 768 Eripuit
1546 691 1668 760 quis
1693 690 1985 762 pecunias?
2013 690 2118 744 Sed
2148 689 2278 743 nihil

694 772 853 838 imit,
902 774 1136 846 inquies,
1177 777 1472 832 dummodo
1509 792 1732 848 superas
1776 780 1897 834 illas
1947 779 2157 834 divitias
2211 794 2279 833 ne

692 866 903 933 eripiat.
935 864 1209 937 ltnpedivit
1247 869 1474 939 gloriam
1502 870 1688 923 tuam?
1734 872 1804 924 At
1845 886 1950 925 non
1989 886 2127 934 eam,
2155 884 2276 938 quae

695 954 832 1022 apud
862 957 1026 1010 licunt
1057 967 1160 1020 est,
1207 959 1300 1014 sed
1332 957 1473 1015 hanc
1520 959 1720 1016 nullius
1745 961 1902 1030 pretii
1937 979 1951 1016 :
1981 976 2086 1015 non
2132 962 2276 1015 enim

692 1046 809 1101 bmc
835 1048 1001 1116 gloria
1028 1058 1131 1112 est,
1161 1050 1257 1105 sed
1279 1066 1474 1106 nomen
1498 1052 1709 1122 gloriae,
1736 1067 1800 1107 ac
1823 1053 1998 1122 potius
2027 1051 2276 1108 obscurio

690 1143 794 1190 tas.
825 1139 1034 1208 Eripuit
1077 1141 1169 1195 tibi
1215 1142 1520 1203 honorem?
1563 1142 1676 1198 [mo
1725 1159 1831 1200 non
1876 1145 1993 1209 tibi,
2040 1144 2135 1199 sed
2174 1143 2277 1199 sibi

689 1225 813 1295 ipsi.
855 1228 990 1284 Nam
1036 1231 1178 1286 sicut
1219 1232 1310 1302 qui
1357 1217 1606 1306 iniuriam
1644 1233 1793 1300 facit,
1843 1251 1949 1288 non
1995 1234 2137 1298 facit,
2181 1233 2274 1288 sed

686 1317 922 1388 accipit:
946 1321 1015 1375 ita
1045 1322 1134 1390 qui
1165 1323 1410 1390 proximo
1437 1324 1659 1380 insidias
1687 1333 1862 1396 parat,
1906 1325 2140 1394 seipsum
2165 1324 2272 1392 pri-

677 1421 836 1472 mum
885 1410 1057 1477 perdit
1095 1410 1285 1482 (Eccli.
1318 1411 1405 1466 10.
1435 1411 1494 1484 8)
1526 1431 1540 1465 :
1578 1429 1700 1468 nam
1737 1415 1826 1484 qui
1858 1414 1990 1472 fodit
2033 1414 2273 1482 proximo

684 1513 785 1552 suo
814 1497 1042 1567 foveam,
1087 1503 1140 1556 in
1183 1504 1355 1573 ipsam
1383 1504 1589 1559 incidit.
1631 1504 1787 1576 Ergo
1818 1521 1923 1560 non
1957 1504 2272 1560 insidiemur

683 1586 864 1652 alteri,
895 1598 951 1642 ut
992 1604 1060 1644 ne
1089 1591 1245 1647 nobis
1276 1591 1374 1661 ipsi
1405 1609 1729 1658 noceamus;
1759 1609 1879 1650 cum
1917 1595 2136 1650 alterius
2155 1597 2273 1664 glo-

682 1678 818 1732 ria.n
843 1678 1263 1749 intervertimus,
1293 1683 1592 1753 cogitemus
1617 1699 1715 1738 nos
1737 1685 1882 1755 ipsos
1909 1701 2050 1747 esse.
2073 1686 2270 1756 quibus

681 1784 971 1826 noceamus
1009 1781 1169 1843 atque
1196 1773 1418 1829 insidias
1449 1776 1752 1830 tendamus.
1783 1775 1916 1830 Nam
1948 1777 1997 1831 ei
2027 1777 2267 1846 quidem,

681 1861 726 1914 si
755 1875 855 1934 nos
883 1861 1003 1931 plus
1024 1863 1376 1932 potuerimus,
1397 1865 1538 1936 apud
1567 1867 1812 1922 homines
1849 1866 2078 1924 fortasse
2110 1883 2271 1922 noee-

680 1965 832 2016 mus;
875 1966 974 2007 nos
1001 1961 1179 2008 autem
1208 1953 1352 2023 ipsos
1399 1955 1543 2025 apud
1587 1957 1751 2011 Deum
1779 1956 2043 2020 laedimus,
2093 1958 2266 2028 ipsum

1410 386 1469 444 s.
1507 387 1787 448 JOANNIS
1821 385 2295 458 cutn'sostont
2334 363 2646 440 AﬂClllt-JP.
2687 386 3218 444 CONSTANTINOP.

3866 396 3962 452 283

2394 502 2684 557 irritantcs.
2728 503 2910 573 Itaque
2938 520 3044 560 non
3071 506 3224 561 nobis
3255 507 3384 576 ipsis
3423 523 3728 566 noceamus.
3754 511 3886 569 Nam
3915 527 3963 570 ul

2389 591 2634 662 injuriam
2654 595 2894 662 proximo
2915 593 3191 658 iacientes,
3217 598 3372 652 nobis
3398 599 3529 665 ipsis
3550 600 3802 657 iacimus:
3825 606 3896 656 ita
3921 608 3961 657 ei

2388 679 2815 747 benefacicntes,
2865 684 3020 739 nobis
3074 684 3205 754 ipsis
3253 688 3640 746 benefaeitnus.
3687 693 3820 747 Cum
3876 696 3963 749 tibi

2386 771 2638 827 damnum
2661 774 2837 828 attulit
2867 773 3135 840 inimicus,
3159 778 3399 847 cogitans
3426 779 3742 836 beneﬁcium
3772 785 3957 851 potius,

2387 864 2432 918 si
2465 864 2660 931 sapias,
2696 865 2787 919 tibi
2815 866 3126 936 contulisse,
3163 883 3267 921 non
3300 868 3460 922 modo
3483 887 3579 940 par
3611 873 3682 926 illi
3711 874 3959 932 damnum

2386 969 2491 1008 non
2520 955 2735 1020 inferos,
2758 957 2852 1012 sed
2875 958 3035 1012 etiam
3059 958 3377 1016 benefacies.
3405 965 3474 1016 At
3498 975 3698 1026 manet,
3732 967 3956 1037 inquies,

2386 1046 2731 1103 vehementer
2781 1048 2979 1104 inﬂicta
3024 1051 3196 1122 plaga.
3239 1051 3350 1107 Hoc
3406 1054 3569 1123 igitur
3613 1057 3809 1125 cogita,
3860 1073 3958 1111 non

2384 1137 2531 1192 illum
2565 1153 2688 1194 esse
2713 1139 2798 1195 cui
2825 1139 3151 1207 benefacias,
3196 1142 3290 1197 sed
3318 1143 3495 1212 potius
3524 1144 3592 1200 de
3632 1147 3724 1199 illo
3751 1147 3959 1216 quidem

2383 1235 2435 1281 te
2461 1229 2778 1298 supplicium
2808 1244 3045 1296 sumere,
3087 1231 3182 1285 tibi
3216 1247 3344 1287 vero
3374 1234 3710 1300 benefacere,
3753 1251 3822 1292 ac
3858 1239 3959 1292 cito

2382 1316 2486 1371 huc
2532 1317 2838 1381 adduceris,
2883 1327 2941 1374 ut
2985 1320 3308 1376 benefacias.
3336 1321 3474 1389 Quid
3505 1323 3705 1393 igitur?
3732 1326 3959 1382 istumne

2382 1408 2437 1462 in
2468 1407 2850 1463 benefaciendo
2889 1423 3110 1479 scopum
3139 1425 3441 1480 proponere
3487 1404 3582 1468 tibi
3609 1412 3818 1468 debes?
3844 1414 3954 1469 Non

2381 1513 2512 1555 sane
2556 1499 2754 1562 istum;
2801 1499 2896 1554 sed
2935 1500 3154 1570 quando
3191 1516 3289 1556 cor
3317 1513 3464 1557 tuum
3499 1504 3656 1559 aliter
3681 1505 3820 1561 ﬂecti
3857 1524 3955 1560 tton

2382 1599 2576 1661 potest,
2609 1591 2691 1643 vel
2725 1589 2825 1644 hac
2849 1591 3059 1646 ratione
3085 1592 3258 1660 ipsum
3284 1592 3554 1657 adducito,
3588 1608 3654 1649 ac
3685 1595 3832 1650 brevi
3863 1597 3955 1666 ipsi

2378 1682 2726 1752 persuadebis
2753 1682 3023 1751 deponere
3065 1684 3415 1752 simultatem,
3459 1692 3515 1741 et
3558 1685 3773 1742 inimico
3812 1701 3954 1757 post-

2337 1850 2343 1855 ‘
2380 1774 2504 1842 hac,
2552 1782 2822 1843 tamquam
2863 1759 3408 1840 amicobenefacics,
3450 1763 3522 1832 et.
3553 1777 3727 1832 futura
3766 1795 3953 1835 conse-

2377 1866 2561 1937 queris
2599 1865 2738 1919 bona
2765 1881 2780 1919 :
2805 1865 3001 1934 quibus
3029 1865 3229 1920 utinam
3252 1880 3354 1921 nos
3399 1881 3590 1922 omnes
3617 1867 3874 1934 l’ruamur,
3905 1870 3952 1924 in

2375 1957 2589 2012 Christo
2613 1955 2762 2022 Jesu,
2785 1965 2887 2010 etc.
2985 2004 2989 2008 .
3711 1971 3718 1977 ο

3552 2091 3946 2107 ﬂ

2133 2159 2476 2221 HOMlLlA
2509 2158 2654 2220 XV.

677 2280 805 2338 Car.
859 2284 914 2338 4.
963 2299 1018 2338 v.
1065 2283 1152 2338 lo.
1194 2281 1408 2338 Gauisus
1433 2299 1546 2337 sum
1571 2281 1626 2336 in
1675 2281 1891 2336 Domino
1922 2282 2259 2347 vehementer,

747 2375 989 2444 quoniam
1016 2374 1292 2444 aliquando
1336 2371 1539 2427 tandem
1567 2372 1870 2442 reﬂoruistis
1907 2389 2002 2442 pro
2031 2388 2111 2426 me
2149 2388 2265 2426 sen-

748 2467 877 2533 tire,
905 2468 1035 2521 sicut
1066 2476 1114 2519 et
1136 2465 1418 2520 sentiebatis
1437 2505 1453 2529 ,
1491 2465 1724 2533 occupati
1759 2472 1930 2517 autem
1971 2463 2141 2517 eratis.
2176 2463 2260 2518 tl.

750 2556 872 2611 Non
892 2557 1039 2626 quasi
1066 2565 1272 2626 propter
1302 2557 1564 2624 penuriam
1606 2554 1722 2609 dico
1751 2569 1771 2607 :
1793 2569 1886 2624 ego
1929 2555 2062 2608 enim
2087 2553 2263 2616 didici,

747 2649 802 2700 in
829 2649 1006 2717 quibus
1025 2664 1158 2712 sunt,
1185 2647 1431 2717 suﬁciens
1458 2661 1586 2699 esse.
1619 2645 1706 2700 12.
1755 2645 1879 2700 Scio
1908 2653 1955 2699 et
1984 2643 2264 2709 humiliari,

747 2740 852 2792 scio
893 2748 943 2792 et
985 2738 1286 2802 abundare;
1335 2739 1519 2807 ubique
1543 2746 1592 2789 et
1631 2736 1684 2789 in
1731 2734 1964 2789 omnibus
2011 2734 2266 2788 institutus

752 2847 864 2885 sum
885 2868 902 2894 ,
930 2839 979 2884 et
1002 2831 1181 2883 satiari
1204 2839 1250 2882 et
1293 2829 1516 2890 esurire,
1565 2836 1612 2880 et
1646 2825 1906 2880 abundare
1928 2834 1975 2879 et
2005 2826 2266 2906 penuriam

753 2927 862 2994 pati
888 2939 908 2977 :
951 2924 1037 2978 i5.
1069 2921 1240 2975 omnia
1291 2935 1495 2989 possunt
1525 2919 1578 2972 in
1621 2934 1700 2984 eo,
1728 2918 1814 2987 qui
1865 2932 1944 2971 me
1989 2918 2264 2986 confortat,

750 3016 972 3069 Christo.
1005 3015 1091 3068 Η.
1133 3012 1483 3066 Verumtamen
1510 3008 1820 3078 benefecistis
1843 3049 1858 3072 ,
1888 3006 2265 3062 communican—

750 3116 823 3159 tes
851 3101 1166 3157 Μύκωιίοηί
1194 3116 1341 3154 mete.

752 3199 807 3250 l.
850 3196 1186 3265 Eleemosgna
1209 3209 1311 3247 non
1334 3191 1710 3261 accipiantur»,
1741 3191 1835 3245 sed
1857 3190 2089 3244 dentium
2113 3205 2268 3243 causa

679 3289 887 3342 inducta
914 3286 1119 3355 fuit.—
1143 3285 1301 3354 Stcpe
1346 3282 1456 3337 dixi
1486 3283 1884 3352 eleemosynatn
1905 3322 1921 3346 ,
1967 3295 2083 3334 non
2121 3279 2266 3334 acci-

679 3379 961 3448 pientium,
986 3374 1080 3431 sed
1109 3373 1350 3428 dautiuni
1376 3387 1537 3427 causa
1567 3372 1924 3426 introductam
1955 3385 2113 3426 esse:
2145 3384 2265 3424 nam

680 3469 758 3524 illi
805 3475 972 3533 sunt,
1000 3466 1092 3536 qui
1136 3465 1428 3519 niaximum
1475 3470 1742 3532 quaestum
1796 3461 2016 3516 faciunt.
2061 3461 2175 3517 [loc
2213 3469 2268 3516 et

681 3573 826 3613 nunc
867 3555 1102 3612 ostendit
1141 3554 1358 3609 Paulus.
1401 3551 1718 3620 Quomodo?
1758 3551 2012 3605 Miserant
2049 3549 2268 3606 adeum

593 3696 602 3704 .
678 3648 925 3718 quaedam
974 3647 1133 3715 longo
1179 3643 1463 3698 intervallo
1491 3641 1898 3711 Philippenses,
1939 3655 2108 3710 eaque
2156 3640 2268 3709 ipsa

679 3737 1052 3809 Epaphrodito
1096 3736 1164 3790 ad
1215 3719 1392 3804 ipsum
1433 3732 1754 3802 perferenda
1794 3729 2070 3784 dederant.
2104 3729 2268 3785 Istum

682 3831 850 3899 igitur
876 3843 998 3882 cum
1021 3826 1123 3880 hac
1150 3823 1376 3894 epistola
1408 3821 1750 3883 remissurus,
1773 3819 1895 3873 vide
1919 3819 2189 3889 quomodo
2216 3828 2271 3874 et

681 3924 830 3988 ipsos
854 3917 1069 3978 laudet,
1107 3922 1164 3968 et
1188 3911 1434 3967 ostendat
1460 3925 1565 3964 non
1611 3918 1718 3963 tam
1745 3909 1813 3962 ad
1853 3908 2228 3979 accipientium
2251 3949 2266 3975 ,

679 4024 840 4079 quam
877 4007 942 4061 ad
969 4005 1208 4061 dantiutn
1241 4002 1522 4056 utilitatem
1550 4001 1600 4055 id
1632 3999 1985 4056 redundasse.
2019 4000 2129 4054 lluc
2169 4014 2268 4052 au-

681 4113 790 4155 tem
820 4100 965 4162 facit,
997 4107 1055 4151 ut
1083 4111 1256 4163 neque
1281 4096 1369 4164 qui
1396 4093 1733 4148 benelaciuut
1757 4092 1809 4145 iu
1835 4090 2138 4160 superbiam
2170 4105 2268 4145 ex-

682 4189 960 4252 tollantur,
1006 4186 1101 4241 sed
1150 4184 1218 4238 ad
1280 4182 1720 4237 benefaciendum
1769 4181 2056 4246 alacriores
2101 4178 2268 4244 ﬁant,

680 4280 879 4352 quippe
906 4293 1030 4333 cum
1051 4292 1111 4332 se
1143 4276 1287 4346 ipsos
1313 4272 1483 4345 magis
1507 4273 1697 4343 juvettt
1721 4289 1734 4325 :
1768 4281 1822 4325 et
1849 4271 1938 4341 qui
1964 4270 2268 4340 accipiunt,

685 4387 791 4425 non
823 4370 1048 4424 licenter
1078 4373 1396 4437 procurrant
1421 4363 1488 4418 ad
1517 4361 1908 4432 accipiendum,
1951 4369 2010 4415 ut
2036 4376 2105 4415 ne
2123 4360 2271 4429 judi-

682 4463 829 4516 cium
865 4459 1129 4528 accipiant
1161 4477 1174 4512 :
1209 4456 1418 4512 Beatum
1463 4456 1627 4520 enim,
1661 4443 1852 4523 inquit,
1880 4464 1954 4506 est
1983 4453 2144 4524 magis
2171 4452 2271 4504 da-

682 4571 761 4617 re,
789 4569 943 4623 quam
971 4551 1201 4619 accipere
1229 4547 1366 4622 (Act.
1391 4548 1484 4602 20.
1517 4547 1630 4617 '55).
1659 4546 1797 4615 Quid
1822 4561 1953 4616 ergo
1982 4544 2268 4615 signiﬁcat,

684 4644 813 4699 dum
843 4641 993 4708 dicit,
1024 4640 1238 4696 Gabisus
1265 4656 1377 4694 sum
1397 4648 1563 4692 autent
1585 4638 1638 4691 in
1664 4635 1883 4690 Domino
1923 4635 2273 4691 vehemenler?

687 4736 805 4792 Non
836 4733 1043 4800 mundi,
1093 4732 1282 4803 inquit,
1305 4741 1466 4800 atque
1494 4729 1653 4798 hujus
1693 4729 1816 4782 vita:
1862 4741 2010 4782 more
2055 4727 2273 4797 gavisus

685 4843 830 4895 sum,
859 4825 955 4882 sed
983 4827 1035 4880 in
1063 4826 1307 4887 Domino,
1331 4839 1436 4876 non
1463 4821 1716 4891 quoniam
1745 4834 1845 4889 ego
1867 4820 2145 4889 respiravi,
2177 4819 2272 4874 sed

687 4917 940 4988 quoniam
967 4932 1063 4971 vos
1099 4913 1448 4985 profecistis:
1503 4911 1619 4965 haec
1663 4911 1807 4965 enim
1851 4924 1968 4964 mea
2011 4912 2274 4964 recreatio

690 5020 796 5068 est.
825 5012 1116 5081 Propterea
1161 5009 1322 5062 etiam
1364 5003 1568 5073 inquit,
1607 5001 1933 5057 Vehementer
1961 5019 1980 5056 :
2022 5002 2273 5073 quoniam

689 5118 799 5158 non
828 5111 947 5158 erat
970 5113 1290 5168 corporeum
1318 5096 1570 5166 gaudiuut
1592 5136 1611 5170 ι
1638 5110 1812 5165 neque
1857 5109 1954 5164 pro
1978 5109 2072 5148 sua
2103 5093 2274 5163 ipsius

689 5195 1026 5251 recreatione
1052 5189 1349 5262 gaudebat,
1397 5187 1492 5242 sed
1526 5203 1622 5258 pro
1655 5186 1871 5243 illorum
1902 5188 2168 5256 profectu.
2209 5187 2277 5241 Et

690 5288 833 5350 vide,
863 5283 1130 5355 quomodo
1159 5296 1278 5337 cum
1312 5280 1434 5334 illos
1459 5280 1698 5334 nonnihil
1733 5279 1801 5333 de
1832 5278 2102 5350 praeterito
2133 5287 2273 5333 tem-

692 5393 825 5447 pore
853 5376 1204 5445 objurgasset,
1234 5371 1489 5427 continuo
1516 5368 1570 5424 id
1599 5371 1977 5436 occultaverit,
2003 5369 2272 5426 condoce-

693 5468 896 5522 faciens
915 5464 1129 5520 assidue
1152 5473 1207 5518 et
1252 5474 1510 5533 perpetuo
1539 5463 1739 5517 versari
1769 5463 1820 5516 iu
1865 5460 2272 5516 benefaciendo.

699 5559 952 5626 Quoniam
973 5558 1174 5611 tandem
1199 5556 1496 5625 aliquando,
1527 5555 1715 5625 inquit.
1748 5554 1902 5618 Illud,
1921 5552 2152 5608 Tandem
2173 5553 2274 5608 ali-

693 5648 932 5720 quando,
956 5648 1173 5717 longum
1214 5656 1425 5715 tempus
1461 5643 1745 5700 indicantis
1773 5655 1874 5699 est.
1920 5643 2273 5713 Reﬂoruistis,

691 5740 846 5812 quasi
874 5737 942 5794 de
967 5737 1247 5794 arboribus
1288 5736 1731 5806 germinantibus,
1772 5735 1966 5792 deinde
2006 5735 2272 5801 arefactis,

698 5843 765 5892 ac
789 5847 972 5890 rursus
999 5827 1442 5904 germinantihus.
1477 5827 1589 5884 lluc
1613 5844 1739 5886 vero
1760 5826 2040 5902 indicantis
2069 5836 2171 5897 est,
2204 5828 2269 5883 il-

2375 2281 2460 2337 los
2489 2295 2612 2335 cum
2639 2289 2794 2336 antea
2817 2280 3096 2348 florerent,
3125 2295 3188 2336 ac
3219 2293 3402 2352 postea
3432 2283 3816 2348 extalmissent,
3839 2300 3951 2339 rur-

2370 2385 2466 2426 sus
2490 2371 2672 2440 vigere
2718 2385 2784 2424 ac
2823 2372 3126 2440 germinare
3160 2373 3391 2442 cmpisse
3422 2391 3436 2426 :
3464 2376 3807 2443 quamobrem
3854 2392 3950 2431 vox

2371 2461 2491 2527 ista,
2522 2461 2870 2531 Rcfloruistis,
2901 2472 2957 2517 et
2975 2462 3402 2534 obiurgationem
3432 2476 3486 2521 et
3513 2467 3722 2522 laudem
3753 2468 3909 2523 habet
3935 2486 3946 2521 :

2371 2568 2482 2607 non
2508 2554 2650 2607 enim
2683 2568 2870 2622 parum
2897 2562 3002 2620 est,
3034 2572 3153 2610 cum
3185 2557 3513 2624 extabueris,
3540 2559 3811 2615 reﬂorcre.
3846 2560 3949 2615 To-

2373 2650 2482 2696 tum
2513 2658 2640 2697 vero
2690 2643 2744 2697 id
2770 2658 2837 2697 ex
2867 2644 3190 2713 negligentia
3244 2647 3348 2700 illis
3394 2649 3656 2705 accidisse
3699 2650 3945 2705 ostendit.

2373 2733 2480 2788 Pro
2503 2751 2582 2787 me
2621 2735 2839 2800 sentire,
2867 2734 2998 2787 sicut
3027 2744 3076 2789 et
3100 2737 3410 2793 sentiebatis.
3447 2739 3542 2793 llic
3568 2743 3800 2795 ostendit
3825 2755 3948 2795 con-

2374 2838 2563 2879 suesse
2592 2823 2716 2878 illos
2739 2825 2791 2877 in
2814 2823 3123 2893 huiusmodi
3145 2825 3308 2880 rebus
3329 2827 3620 2883 liberaliter
3639 2845 3698 2884 se
3723 2845 3905 2900 gerere
3934 2849 3944 2882 :

2371 2923 2658 2984 propterea
2687 2913 2837 2969 addit
2861 2931 2874 2966 :
2909 2911 3017 2967 Pro
3043 2930 3122 2968 me
3159 2916 3344 2970 sentire
3367 2958 3384 2983 ,
3417 2918 3546 2971 sicut
3575 2929 3625 2971 et
3651 2920 3946 2978 sentiebatis.

2370 3004 2448 3058 Ac
2469 3019 2538 3058 ne
2567 3012 2718 3074 putes
2746 3005 2892 3074 ipsos
2919 3005 3082 3059 etiam
3107 3005 3319 3059 caeteris
3340 3005 3393 3059 in
3417 3007 3602 3072 rebus,
3631 3023 3750 3062 cum
3773 3024 3946 3077 prom-

2370 3097 2577 3167 ptiores
2607 3106 2807 3163 essent,
2843 3106 3030 3168 postea
3075 3098 3414 3165 extabuisse,
3458 3099 3554 3155 sed
3583 3102 3636 3156 in
3666 3103 3765 3156 hac
3797 3101 3908 3156 sola
3929 3140 3946 3167 ,

2373 3189 2495 3243 vide
2525 3203 2685 3258 quant
2715 3198 2887 3254 cavet,
2918 3190 2989 3243 ita
3018 3189 3206 3244 dicens
3237 3206 3250 3241 :
3292 3189 3521 3244 Tandem
3564 3193 3837 3262 aliquando
3875 3209 3948 3245 re-

2370 3279 2613 3349 ﬂoruistls
2638 3296 2731 3350 pro
2761 3296 2839 3332 me
2858 3281 3065 3334 sentire.
3095 3279 3325 3336 Perinde
3348 3295 3411 3335 ac
3441 3281 3484 3335 si
3509 3281 3735 3348 diceret,
3765 3283 3835 3338 De
3857 3282 3948 3335 hac

2371 3369 2485 3424 sola
2516 3385 2575 3424 re
2606 3368 2756 3432 illud,
2788 3369 3079 3433 Aliquando
3106 3372 3331 3438 tandem,
3376 3371 3545 3442 accipi
3574 3373 3737 3437 volo;
3770 3373 3818 3426 in
3846 3389 3946 3428 c3-

2373 3462 2500 3516 tcris
2527 3463 2670 3515 enim
2700 3461 2863 3515 rebus
2906 3477 3012 3516 non
3043 3460 3136 3516 ita.
3167 3461 3274 3517 Sed
3317 3473 3522 3532 quaeret
3569 3465 3657 3520 hic
3693 3445 3946 3536 quispiam

2371 3567 2470 3606 cur
2496 3552 2586 3621 qui
2617 3550 2767 3617 dicit,
2801 3549 3018 3605 Beatum
3042 3562 3116 3606 est
3140 3553 3300 3623 magis
3325 3555 3468 3619 dare,
3496 3572 3649 3625 quam
3691 3559 3948 3626 accipere;

2373 3650 2459 3704 et,
2495 3641 2748 3707 Quoniam
2791 3641 2860 3694 ad
2888 3658 2947 3694 ea
2975 3657 3090 3708 qua:
3131 3643 3258 3695 mihi
3301 3659 3428 3710 Opus
3457 3655 3638 3708 erant,
3689 3658 3737 3699 et
3765 3647 3825 3700 iis
3869 3646 3948 3714 qui

2373 3746 2568 3784 mecum
2595 3739 2730 3795 sunt,
2764 3731 3172 3784 ministraverunt
3200 3747 3380 3785 manus
3402 3747 3525 3786 mea:
3544 3731 3685 3802 (Act.
3715 3733 3805 3789 20.
3827 3734 3946 3801 34);

2373 3831 2430 3878 et
2466 3837 2655 3876 rursus
2697 3821 2762 3876 ad
2808 3820 3117 3890 Corinthios
3155 3822 3429 3888 scribens,
3469 3822 3670 3878 Bonum
3708 3835 3778 3880 est
3823 3827 3948 3881 eicit»

2374 3913 2501 3966 mihi
2525 3914 2688 3984 magis
2718 3914 2866 3977 mori,
2900 3929 3052 3983 quam
3082 3923 3136 3966 ut
3174 3915 3392 3985 gloriam
3419 3931 3579 3968 meant
3605 3917 3721 3987 quis
3751 3927 3949 3971 caacuet

2375 4003 2454 4071 (Ι.
2485 4001 2603 4057 Cor.
2634 4002 2690 4058 9.
2723 4003 2845 4071 15);
2878 4017 3019 4056 nunc
3058 4016 3166 4057 non
3193 4012 3345 4058 curet
3366 4004 3589 4074 gloriam
3624 4008 3776 4059 istam
3803 4021 3948 4059 suam

2374 4095 2642 4160 cvaeuari,
2672 4104 2728 4149 et
2765 4094 2832 4149 ad
2859 4093 3085 4149 nihilum
3128 4094 3390 4149 recidere.
3423 4094 3745 4162 Quomodo?
3793 4093 3949 4150 Nimi-

2375 4202 2530 4253 rum,
2561 4186 2686 4240 dum
2718 4187 2945 4255 accepit.
2977 4185 3108 4240 Nam
3136 4187 3181 4242 si
3211 4187 3410 4256 gloria,
3441 4187 3644 4258 inquit,
3695 4203 3808 4244 mea
3842 4188 3948 4243 huc

2375 4284 2478 4343 est,
2530 4275 2662 4331 nihil
2709 4277 2975 4345 accipere,
3024 4277 3295 4346 quomodo
3338 4293 3479 4333 nunc
3525 4292 3591 4332 eo
3633 4277 3949 4333 adducitur?

2375 4367 2511 4435 Quid
2530 4383 2660 4438 ergo
2686 4367 2971 4422 dicendqu
2999 4368 3117 4421 est?
3145 4367 3217 4422 lbi
3235 4367 3356 4437 jure
3382 4368 3585 4436 optimo
3606 4384 3711 4422 non
3731 4369 3949 4439 accipie-

2377 4458 2468 4514 bat
2521 4458 3055 4529 pseudapostolorum
3099 4473 3281 4523 causa,
3317 4457 3384 4513 Ut
3425 4459 3479 4513 in
3521 4475 3620 4528 quo
3655 4460 3944 4531 gloriantur,

2379 4549 2566 4619 inquit,
2592 4551 2929 4612 inveniantur,
2960 4549 3087 4603 sicut
3111 4560 3159 4602 et
3191 4566 3283 4603 nos
3317 4549 3391 4619 (2.
3425 4549 3544 4604 Cor.
3579 4552 3664 4605 ll.
3699 4551 3807 4621 12).
3841 4550 3946 4606 Non

2379 4640 2534 4701 dixit,
2560 4638 2716 4702 Sunt,
2744 4641 2860 4705 sed,
2893 4638 3214 4703 Glorientur;
3240 4641 3364 4695 hinc
3390 4641 3680 4697 ostendens
3706 4643 3826 4698 illos
3864 4659 3947 4696 ac-

2378 4731 2556 4800 cipere
2584 4729 2799 4799 quidem
2829 4730 3040 4794 solitos,
3070 4730 3166 4785 sed
3194 4732 3329 4784 clam
3361 4748 3374 4783 :
3406 4740 3687 4801 propterea
3708 4731 3863 4798 dixit,
3890 4732 3948 4785 lu

2377 4838 2475 4891 quo
2496 4821 2799 4892 gloriantur.
2823 4820 3134 4891 Accipiebat
3158 4833 3334 4876 autem
3362 4828 3418 4877 et
3443 4823 3578 4891 ipse,
3612 4824 3824 4878 tametsi
3851 4840 3947 4878 non

2380 4912 2450 4968 ibi
2483 4932 2496 4965 :
2531 4922 2811 5004 propterea
2833 4913 3071 5004 ipsemet
3097 4911 3329 5004 dicebat,
3369 4910 3491 5004 Non
3526 4913 3833 5004 infringetur
3850 4917 3948 4986 glo-

2379 5005 2529 5058 riatio
2561 5002 2673 5057 mea
2697 5002 2860 5073 (Ibid.
2887 5019 2934 5058 ll.
2961 5004 3075 5075 10).
3107 5003 3175 5058 Et
3201 5018 3305 5058 non
3327 5003 3500 5059 solum
3526 5003 3679 5070 dixit,
3709 5003 3832 5059 Non
3874 5006 3947 5058 iu-

2383 5099 2648 5170 fringetur,
2679 5094 2774 5151 sed
2793 5096 3022 5165 exponit
3046 5096 3208 5150 etiam
3236 5094 3348 5161 ubi,
3379 5094 3564 5151 dicens
3596 5114 3611 5149 :
3637 5094 3703 5149 lu
3732 5096 3944 5168 regioni-

2380 5187 2473 5240 bus
2502 5187 2706 5240 Acltaits
2721 5203 2741 5252 ;
2771 5195 2826 5240 et
2846 5201 3050 5248 rursus,
3081 5185 3224 5239 Alios
3252 5185 3507 5240 Ecclesia
3532 5186 3804 5253 mpelian
3820 5227 3837 5250 ,
3863 5199 3945 5239 ac-

2379 5279 2569 5349 cipiens
2597 5277 2848 5346 stipendia
2877 5275 2945 5329 ad
2973 5276 3306 5330 ministerium
3356 5285 3572 5330 uestrum
3603 5273 3762 5346 (Ibid.
3794 5290 3845 5328 υ.
3871 5274 3940 5343 8).

2381 5369 2496 5424 lloc
2523 5370 2663 5424 enim
2693 5368 2973 5423 indicantis
2998 5378 3101 5433 est,
3132 5382 3192 5423 se
3221 5367 3464 5437 accipere
3487 5366 3723 5422 solitum.
3761 5365 3944 5422 Verum

2383 5461 2578 5516 Paulus
2605 5461 2818 5531 quidem
2850 5460 3043 5514 merito
3072 5459 3388 5529 accipiebat,
3421 5467 3623 5521 tantum
3650 5459 3833 5528 operis
3858 5460 3942 5513 ha-

2380 5554 2512 5609 bens
2541 5569 2559 5606 :
2592 5552 2686 5608 sed
2729 5552 2819 5622 qui
2865 5550 2995 5605 nihil
3021 5560 3220 5622 agunt,
3258 5550 3524 5620 quomodo
3553 5558 3780 5621 possunt
3813 5549 3943 5605 acci-

2382 5643 2646 5714 pereirAt
2677 5657 2884 5712 preces,
2919 5641 3164 5712 ittquinnt
3183 5681 3198 5706 ,
3250 5640 3432 5697 fundo.
3461 5640 3568 5697 Sed
3599 5655 3704 5695 non
3747 5641 3848 5696 hoc
3874 5649 3946 5694 εει

2381 5751 2515 5806 opus
2546 5752 2560 5790 :
2602 5736 2727 5792 licet
2755 5733 2897 5790 enim
2929 5733 2980 5788 id
3008 5735 3172 5788 etiam
3203 5734 3363 5788 simul
3393 5749 3513 5788 cum
3557 5748 3720 5802 opere
3762 5732 3941 5788 facere.

2382 5829 2444 5883 At
2465 5826 2674 5898 jejuno.
2698 5824 2802 5883 Sed
2830 5838 3004 5896 neque
3031 5822 3130 5880 hoc
3149 5838 3280 5896 Opus
3301 5833 3401 5882 est.
3427 5821 3561 5881 Vide
3581 5822 3798 5880 beatum
3821 5822 3943 5878 hunc
