4060 6340
758 397 865 457 289
906 442 909 445 -

760 502 1030 575 πολλαχοῦ
1082 502 1443 575 κηρύττοντα,
1476 519 1569 556 και
1598 500 1983 574 εργαζόμενον.
2036 499 2318 570 Ὴκαιρεῖ-

755 598 867 649 σθε
913 590 1000 655 δὲ,
1031 590 1183 660 φησι.
1212 589 1279 642 Τί
1311 590 1461 642 ἐστιν
1484 628 1500 653 ,
1535 588 1900 656 ἰικαιρεῖσθε
1928 604 1950 653 ;
1982 587 2059 640 Οὐ
2082 587 2181 655 τῆς
2216 588 2318 655 ρᾳ-

756 678 957 748 θυμίας
980 675 1154 746 ὑμῶν,
1180 673 1371 745 φησὶν,
1399 674 1535 727 ἀλλά
1558 673 1660 744 τῆς
1691 673 1935 743 ἀνάγκης
1958 689 1973 704 ο
2012 672 2114 725 οὐκ
2141 673 2318 740 είχετε

754 766 814 817 ἐν
845 764 1052 836 χερσὶν,
1100 762 1223 816 ούδέ
1276 765 1333 815 ἐν
1390 762 1620 834 ἀφθονίᾳ
1657 758 1755 832 ἤτε
1780 776 1797 793 ⁶
1819 760 1977 814 τοῦτο
2014 762 2125 830 γάρ
2148 763 2317 824 ἐστιν’,
2350 824 2353 828 _

766 849 1125 918 Ἠκαιρεῖσθε
1160 845 1249 902 δέ.
1295 848 1428 900 Ἀπὸ
1474 848 1572 917 τῆς
1622 848 1805 918 κοινῆς
1852 846 1982 900 αὐτὸ
2032 844 2319 913 συνηθείας

759 936 970 990 ἐλαϐεν.
1012 934 1167 988 Οὕτω
1221 934 1327 1004 7&9
1368 934 1417 986 οἱ
1445 934 1661 996 πλείους
1685 934 1953 1002 λέγουσιν,
1982 934 2108 987 ὅταν
2135 932 2318 996 αὐτοῖς

756 1022 834 1092 μὴ
868 1021 1005 1092 μετὰ
1035 1019 1295 1088 ἀφθονίας
1321 1019 1556 1090 ἐπιρρέῃ
1582 1020 1650 1073 τὰ
1681 1019 1909 1090 βιωτικά
1927 1059 1943 1083 ,
1973 1017 2084 1071 ἀλλ’
2113 1020 2171 1071 ἐν
2194 1034 2317 1071 στε-

750 1101 1074 1178 ωχωρίᾳνῇ.
1111 1106 1234 1173 Οὐχ
1272 1105 1363 1158 ὅτι
1390 1107 1521 1159 καθ’
1548 1104 1883 1174 ὑστέρησιν
1922 1104 2094 1174 λέγει).
2126 1099 2315 1169 Εἶπον,

764 1193 952 1263 φησιν,
997 1192 1141 1258 Ἤδη
1173 1190 1339 1257 ποτὲ,
1374 1192 1469 1244 καὶ
1504 1190 1834 1261 ἐπετίμησα,
1862 1191 1981 1260 οὐχὶ
2030 1189 2091 1242 τὸ
2141 1192 2315 1259 ἐμαυ-

749 1276 844 1330 τοῦ
901 1274 1165 1348 ζητήσας,
1188 1275 1312 1329 ούοέ
1340 1275 1429 1329 διὰ
1449 1274 1606 1328 τοῦτο
1632 1276 2001 1346 μεμφόμενος,
2039 1274 2115 1338 ὡς
2140 1276 2199 1328 ἐν
2228 1277 2316 1328 ἐν-

746 1361 865 1433 δείᾳ
890 1362 965 1415 ὧν
991 1377 1005 1392 ·
1037 1363 1157 1416 ούδέ
1208 1362 1314 1432 7&9
1345 1361 1433 1416 διὰ
1459 1362 1617 1415 τοῦτο
1645 1361 1890 1433 ἐζήτουν.
1923 1363 2093 1415 Πόθεν
2123 1361 2313 1433 δῆλον,

746 1448 902 1501 δτιού
927 1448 1244 1517 κομπάζεις,
1259 1441 1305 1501 ὧ
1321 1447 1501 1500 Παῦλε
1524 1464 1539 1515 ;
1560 1448 1867 1518 Κορινθίοις
1883 1448 1980 1518 μὲν
2000 1443 2093 1501 οὖν
2116 1463 2278 1516 φησιν
2296 1462 2312 1479 ο

741 1537 827 1589 Οὐ
850 1536 957 1605 γὰρ
995 1534 1153 1588 ἀλλα
1166 1534 1466 1604 γράφομεν
1481 1535 1640 1604 ὑμῖν,
1658 1535 1797 1591 ἀλλ’
1812 1536 1849 1604 ἢ
1867 1533 2316 1604 ἁάναγινώσκε·

746 1635 832 1686 τε,
845 1620 884 1689 ἢ
901 1620 999 1673 καί
1011 1621 1451 1689 ἐπιγινώσκετε.
1469 1621 1577 1673 Kal
1593 1622 1685 1674 ἐπὶ
1699 1620 1900 1674 τούτων
1910 1621 1965 1675 δέ
1976 1621 2073 1674 οὐκ
2084 1620 2313 1686 amem

746 1705 972 1768 ἁλῶναι,
1000 1704 1208 1774 ἔλεγεν.
1238 1706 1352 1759 Οὐκ
1373 1705 1460 1770 ἂν,
1484 1707 1538 1758 εῐ
1560 1722 1623 1774 γε
1649 1706 1947 1777 ἐκόμπαζε,
1964 1704 2137 1760 ταῦτα
2156 1702 2277 1759 εἷπε
2295 1722 2311 1736 ⁸

758 1790 911 1863 παρᾲ
965 1791 1074 1863 7&9
1107 1791 1305 1846 είδόσιν
1345 1791 1520 1860 ἐλεγε,
1544 1793 1639 1861 καὶ
1679 1792 1875 1846 πλείων
1903 1788 1971 1865 ἦν
2005 1794 2039 1863 η
2080 1792 2313 1864 αἰσχύνη

738 1878 972 1932 ἀλῶναι.
1016 1877 1160 1947 Ἐγὼ
1197 1878 1309 1948 τὰρ
1336 1878 1561 1947 ἔμαθον
1578 1878 1648 1932 ἐν
1677 1876 1768 1945 οῖς
1794 1881 1930 1948 ειμι,
1970 1881 2153 1949 φησιν,
2175 1882 2315 1934 αὑτ-

624 2038 641 2045 ‘L
744 1963 933 2034 ὀρκης
982 1960 1157 2019 εἶναι.
1193 1966 1335 2034 ’Δρα
1380 1964 1727 2028 διδασκαλίας
1790 1965 1905 2018 ἐστὶ
1953 1966 2015 2018 τὸ
2057 1968 2311 2037 πρᾶγμα,

745 2052 842 2105 καὶ
887 2049 1193 2119 γυμνασίας
1237 2050 1329 2103 καὶ
1375 2049 1623 2119 μελέτης.
1660 2051 1733 2102 Οὐ
1768 2050 1876 2119 7&9
1905 2051 2314 2121 εὐκατόρθωτόν

744 2142 919 2205 ἐστιν,
947 2139 1083 2195 ἀλλὰ
1108 2140 1202 2193 καὶ
1237 2138 1443 2210 σφόδρα
1465 2138 1721 2192 δύσκολον
1748 2142 1841 2193 καὶ
1880 2141 2039 2193 πόνον
2066 2140 2189 2210 ἐχον
2210 2158 2310 2194 πο-

742 2223 859 2278 λύν.
913 2224 1014 2279 Ἐν
1053 2220 1145 2290 οἷς
1201 2227 1339 2293 ειμι,
1368 2224 1552 2292 φησὶν,
1583 2224 1884 2291 αὐτάρκης
1937 2221 2114 2279 εἶναι.
2168 2222 2314 2280 Οἶδα

742 2312 844 2365 καὶ
877 2312 1329 2376 ταπεινοῦσθαι,
1358 2306 1493 2363 οῖδα
1515 2310 1614 2363 καί
1636 2311 2020 2377 περισσεύειν
2041 2326 2055 2341 ο
2077 2312 2147 2364 ἐν
2165 2326 2315 2365 παν-

731 2397 800 2451 ’τὶ
826 2398 924 2451 καί
948 2398 1019 2451 ἐν
1059 2397 1209 2451 πᾶσι
1260 2397 1583 2468 μεμύημαι.
1626 2397 1910 2463 Τουτέστι,
1957 2398 2066 2451 Καὶ
2111 2396 2314 2466 ὀλίγοις

744 2483 1045 2555 κεχρῆσθαι
1083 2481 1219 2548 οῖδα,
1270 2480 1366 2536 καὶ
1417 2482 1575 2552 λιμὸν
1621 2483 1806 2554 φέρειν
1839 2485 1931 2536 καὶ
1950 2483 2173 2537 ἔνδειαν.
2202 2484 2309 2538 Καί

734 2572 1149 2640 περισσεύειν,
1179 2570 1278 2625 καὶ
1314 2569 1716 2639 ὑστερεῖσθαι.
1765 2571 1893 2635 Nal,
1929 2571 2095 2642 φησίν
2120 2587 2135 2601 ⁸
2175 2572 2314 2628 ἀλλά

741 2658 901 2711 τοῦτο
940 2659 1041 2712 οὐκ
1072 2659 1219 2712 ἐστιν
1272 2657 1609 2733 ἐπιστήμης,
1646 2656 1834 2729 ὥσπερ
1855 2659 1973 2711 ούδέ
1997 2659 2221 2730 ἀρετῆς,
2251 2660 2315 2713 τὸ

744 2743 1109 2813 περισσεύειν.
1182 2743 1295 2800 Καὶ
1364 2743 1569 2814 σφόδρα
1614 2743 1848 2814 ἀρετῆς,
1903 2746 2001 2814 οὐχ
2056 2740 2217 2816 ἦττον
2276 2746 2310 2815 ἢ

744 2832 941 2885 ἐκεῖνο.
970 2830 1098 2895 Πῶς
1128 2847 1144 2896 ;
1176 2832 1300 2883 Ὅτι
1343 2829 1533 2901 ὥσπερ
1562 2833 1594 2901 η
1639 2831 1967 2901 στενοχωρία
2004 2831 2173 2885 πολλά
2206 2849 2309 2885 πα·-

746 2918 1076 2989 ρασκευάςει
1097 2916 1245 2970 κακά
1272 2919 1469 2979 ποιεῖν,
1502 2915 1644 2969 οὕτω
1665 2917 1757 2970 καὶ
1782 2920 1815 2988 η
1848 2918 2155 2989 πλησμονή.

816 3027 882 3097 β’.
918 3026 1107 3079 Πολλοί⁵
1140 3026 1247 3094 γὰρ
1262 3024 1522 3088 πολλάκις
1550 3025 1607 3077 ἐν
1628 3024 1856 3097 ἀφθονίᾳ
1887 3025 2187 3095 γενόμενοι,
2220 3027 2315 3097 ρᾳ-

745 3115 1030 3187 θυμότεροι
1053 3115 1319 3184 ἐγένοντο,
1348 3114 1442 3166 καὶ
1462 3114 1561 3167 ούκ
1587 3114 1828 3183 ἔγνωσαν
1851 3118 2091 3183 ἐνεγκεῖν
2111 3116 2209 3186 τὴν
2223 3118 2313 3168 εύ-

743 3206 982 3279 πραγίαν
1002 3221 1015 3235 ’
1049 3204 1235 3275 πολλοὶ
1270 3204 1529 3269 πολλάκις
1566 3205 1817 3275 ἀφορμὴν
1854 3205 2042 3258 ἐλαϐον
2070 3205 2165 3259 τοῦ
2206 3223 2311 3277 μη-

745 3301 864 3375 κέτι
903 3297 1251 3371 ἐργάζεσθαι.
1294 3297 1432 3351 Ἀλλ’
1463 3298 1562 3368 ούχ
1593 3299 1621 3350 ὁ
1650 3297 1857 3361 Παῦλος
1877 3313 1890 3328 ·
1920 3299 2013 3350 καί
2041 3298 2149 3368 7&9
2179 3298 2315 3366 λαμ-

745 3392 926 3449 ϐάνων
962 3394 1042 3455 είς
1072 3390 1263 3453 ἄλλους
1297 3388 1588 3459 ἀνήλισκε,
1622 3390 1718 3442 καὶ
1756 3390 1834 3451 είς
1871 3387 2063 3450 ἄλλους
2105 3389 2313 3441 ἐκένου.

747 3482 920 3538 Τοῦτο
957 3483 1013 3535 δέ
1045 3484 1193 3535 ἐστιν
1226 3480 1423 3533 είδέναι
1465 3478 1645 3543 καλῶς
1692 3477 1992 3549 κεχρῆσθαι
2034 3475 2111 3547 τῷ
2147 3477 2310 3547 ἐχειν.

746 3574 882 3645 ούχὶ
918 3573 1163 3643 διεχεῖτο,
1196 3571 1316 3639 ού,δέ
1345 3570 1557 3640 ἔχαιρεν
1587 3570 1679 3623 ἐπὶ
1710 3572 1775 3639 τῇ
1812 3568 2096 3639 περισσεία
2127 3566 2311 3632 αὑτοῦ,

749 3666 864 3721 ἀλλ’
895 3667 1004 3729 ῐσος
1032 3661 1101 3736 ἦν
1129 3665 1185 3716 ἐν
1211 3681 1271 3717 τε
1303 3662 1500 3733 ἐνδείᾳ,
1528 3661 1583 3715 ἐν
1610 3678 1670 3714 τε
1701 3659 2005 3730 πλησμονῇ,
2032 3657 2155 3712 οὔτε
2177 3660 2316 3711 ἐκεῖ·

750 3756 843 3811 θεν
870 3756 1209 3825 πιεζόμενος,
1232 3753 1355 3807 οὔτε
1381 3752 1626 3807 ἐντεῦθεν
1646 3750 2028 3825 χαυνούμενος.
2052 3750 2158 3807 Καὶ
2181 3768 2316 3820 χορ-

745 3822 1043 3908 τάζεσθαι,
1063 3845 1246 3913 φησιν,
1277 3839 1410 3896 οἴδα
1430 3840 1528 3894 καί
1554 3822 1790 3919 πεινξὶν,
1814 3839 1908 3892 καὶ
1936 3840 2317 3906 περισσεύειν

748 3935 849 3988 καί
876 3932 1273 4001 ὑστερεῖσθαι.
1307 3931 1496 3985 Πολλοὶ
1515 3931 1613 3984 οὐκ
1638 3930 1783 3982 ίσασι
1808 3929 2181 4000 χορτάζεσθαι,
2204 3923 2316 3982 οἷον

748 4027 803 4081 οί
841 4024 1201 4096 Ἰσραηλίταιο
1231 4025 1424 4076 ἐκεῖνοι
1474 4023 1582 4091 7&9
1615 4022 1815 4089 ἔφαγον
1840 4060 1853 4084 ,
1892 4022 1985 4073 καὶ¹
2028 4020 2319 4073 ἀπελάκτι-

752 4129 873 4167 σαν.
916 4113 1052 4165 Ἀλλ’
1086 4114 1179 4165 ἐπὶ
1208 4114 1307 4181 τῆς
1341 4112 1507 4182 αὐτῆς
1533 4110 1782 4175 εὐταξίας
1841 4110 1948 4179 ἐγὼ
1986 4111 2151 4181 μένω.
2188 4110 2309 4163 Δεί-
2356 4128 2359 4129 ⁷

754 4220 940 4257 κνυσιν
967 4204 1048 4256 δτι
1075 4201 1197 4256 οὕτε
1227 4202 1323 4255 νῦν
1348 4201 1511 4273 ἥσθη,
1546 4201 1668 4253 οὔτε
1690 4202 1948 4272 πρότερον
1968 4202 2234 4256 ἐλυπεῖτο*
2268 4203 2318 4254 εί

750 4292 811 4347 δέ
830 4294 921 4345 καλ⁸
940 4292 1208 4351 ἐλυπεῖτο,
1235 4291 1335 4343 οὐκ
1354 4288 1517 4342 αὑτοῦ
1545 4289 1751 4355 ἕνεκεν,
1782 4289 1894 4342 ἀλλ’
1917 4290 2095 4343 αὐτῶν
2118 4308 2133 4324 ·
2158 4290 2319 4354 αὐτὸς

753 4382 863 4453 7&9
887 4380 1086 4452 ὁμοίως
1112 4380 1360 4433 διέκειτο.
1399 4380 1501 4433 Ἐν
1524 4379 1725 4445 παντί,
1759 4381 1908 4449 φησὶ,
1942 4379 2037 4433 καὶ
2062 4381 2134 4434 ἐν
2168 4378 2320 4435 πᾶσι

750 4474 1072 4543 μεμύημαι.
1106 4470 1403 4535 Τουτέστι,
1439 4470 1648 4540 Πεῖραν
1682 4469 1871 4522 ἔλαϐον
1913 4472 1969 4524 ἐν
2017 4471 2092 4540 τῷ
2125 4470 2321 4542 μακρῷ

754 4563 929 4633 τούτῳ
973 4560 1123 4635 [512]
1161 4561 1337 4633 χρόνῳ
1366 4561 1583 4614 πάντων
1606 4599 1621 4626 ,
1670 4562 1765 4615 καί
1805 4560 1978 4614 ταῦτά
2027 4579 2116 4631 μοι
2144 4564 2321 4617 πάντα

757 4654 1130 4725 κατώρθωται.
1175 4652 1313 4706 ’Δλλ’
1355 4652 1545 4721 ἐπειδὴ
1581 4652 1946 4724 μεγαληγορία
1991 4653 2052 4705 τὸ
2091 4655 2322 4724 πρᾶγμα

756 4742 844 4819 ἦν,
862 4748 963 4818 ὅρα
983 4745 1097 4809 πῶς
1117 4744 1537 4817 ἐπιλαμϐάνεται
1562 4744 1787 4815 ταχέως,
1808 4744 1901 4797 καί
1932 4761 2063 4815 φησι
2082 4761 2097 4775 ο
2120 4744 2325 4799 Πάντα

760 4840 949 4907 ίσχύω
980 4838 1049 4891 ἐν
1072 4835 1152 4902 τῷ
1178 4835 1612 4911 ἐνδυναμοῦντί
1627 4854 1702 4911 με
1726 4836 1974 4905 Χριστῷ,
2000 4836 2179 4905 φησίν.
2213 4838 2325 4890 Ούκ

762 4929 893 4999 ἐμὸν
927 4928 993 4980 τὸ
1020 4927 1349 4999 κατόρθωμα
1370 4969 1384 4994 ,
1416 4926 1551 4981 ἀλλὰ
1579 4926 1672 4979 τοῦ
1710 4927 1807 4997 τὴν
1844 4928 1995 4997 ίσχὺν
2036 4927 2326 4991 δεδωκότος

761 5018 929 5072 ἐστίν.
974 5017 1113 5071 Ἀλλ’
1138 5018 1324 5088 ἐπειδὴ
1356 5018 1513 5071 πάλιν
1546 5020 1594 5071 οί
1619 5014 1677 5070 εὖ
1710 5016 2160 5083 ποιοῦντες,,ὃταν
2198 5018 2326 5071 ίδω·

764 5125 850 5162 σιν
885 5109 945 5161 ού
978 5107 1344 5178 διατιθέμενον
1374 5104 1432 5161 εὖ
1465 5108 1555 5160 τὸν
1582 5106 1926 5177 λαμϐάνοντα
1948 5147 1962 5172 ,
1999 5108 2134 5160 άλλά
2161 5124 2328 5161 κατα-

764 5197 1063 5270 φρονοῦντα
1082 5197 1187 5250 τῶν
1199 5197 1504 5267 διδομένων,
1530 5196 1880 5268 ρᾳθυμότεροι
1901 5198 2154 5266 γίνονται·
2177 5199 2329 5251 αὐτοὶ

764 5291 877 5361 7&9
906 5290 980 5355 ὡς
1020 5289 1364 5361 χαριζόμενοι
1399 5290 1654 5343 διέκειντο
1680 5291 1773 5343 καὶ
1811 5291 2177 5353 ἀναπαύοντες
2197 5307 2211 5321 ·
2244 5291 2331 5344 ἵνα

766 5375 860 5434 οὖν
898 5380 973 5450 μὴ
996 5380 1152 5432 τοῦτο
1181 5380 1425 5449 γένηται,
1452 5380 1584 5450 μηδέ
1612 5397 1693 5443 τις
1714 5381 1860 5453 εἴπῃ,
1887 5381 2139 5435 ὃτιἘπεὶ
2160 5398 2330 5434 κατα-

769 5475 956 5543 φρονεῖ
1006 5472 1103 5541 τῆς
1151 5470 1508 5534 ἀναπαύσεως
1559 5469 1796 5535 Παῦλος,
1852 5471 2063 5541 ἀνάγκη
2109 5471 2331 5535 τούτους

773 5562 1175 5633 ῥᾳθυμοτέρως
1207 5561 1489 5630 γενέσθαιο
1534 5561 1636 5632 ὅρα
1678 5562 1791 5625 πῶς
1836 5561 1994 5615 πάλιν
2038 5563 2131 5615 καὶ
2176 5562 2333 5615 τοῦτο

775 5651 939 5704 ἰᾶται.
986 5654 1096 5703 Διῒ
1114 5653 1209 5721 μὲν
1248 5650 1356 5721 7&9
1385 5651 1493 5704 τῶν
1525 5650 1827 5722 εἰρημένων
1859 5651 1917 5703 τὸ
1943 5651 2195 5721 φρόνημα
2230 5651 2324 5703 αύο

774 5738 884 5797 τῶν
927 5740 1231 5797 κατέσπασε
1259 5759 1272 5773 ·
1326 5740 1415 5797 διὰ
1458 5741 1513 5795 δὲ
1565 5741 1673 5796 τῶν
1712 5740 1834 5812 ἐξῆς
1878 5740 1975 5811 τὴν
2029 5741 2331 5812 προθυμίαν

1489 390 1540 447 S.
1577 389 1859 447 JOANNIS
1896 388 2377 447 ειιιιῑεοετοωι
2415 388 2729 477 ΔΠΟΙΙΙΕΡ.
2767 354 3327 446 (ΣΟΝΞΤΔΝΤΙΝΟΡξ

3873 392 3965 446 290

2425 500 2605 556 αὐτῶν
2632 501 2836 573 ἀναζῇν
2880 502 3041 564 ποιεῖ,
3072 500 3245 568 λέγων
3270 516 3287 533 ο
3329 502 3505 567 Πλὴν
3544 501 3742 568 καλῶς
3781 501 3966 572 ἐποιή-

2424 605 2569 645 σατε
2595 590 3194 661 συνκοινωνήσαντές
3212 610 3332 661 μου
3353 590 3427 660 τῇ
3448 593 3667 661 θλίψει.
3704 591 3865 663 Ὁρᾷς
3891 594 3969 644 καὶ

4026 120 4033 293 1

4033 484 4035 633 Ψ

2424 680 2541 743 πῶς
2568 682 2872 751 ἀπέστησεν
2896 683 3105 750 ἐαυτὸν,
3133 684 3228 737 καὶ
3252 682 3369 744 πῶς
3398 683 3558 737 πάλιν
3585 683 3760 751 ῆνωσε
3780 699 3797 749 ;
3818 681 3972 734 Τοῦτο
4034 680 4035 699 ‘

2422 771 2649 840 γνησίας
2671 772 2852 840 φιλίας
2874 774 2991 825 ἐστὶ
3013 773 3107 825 καὶ
3125 772 3519 843 πνευματικῆς.
3544 772 3634 843 Μὴ
3649 775 3758 842 γὰρ
3778 771 3967 839 ἐπειδὴ,

2424 860 2610 931 φησὶν,
2647 864 2705 915 ἐν
2742 864 2902 935 χρείᾳ
2928 864 2989 916 ού
3018 863 3353 933 καθέστηκα,
3379 864 3635 934 νομίσητε
3676 865 3750 933 μὴ
3782 862 3972 915 δεῖσθαί

2425 967 2492 1019 με
2531 951 2624 1005 τοῦ
2655 954 2978 1023 πράγματος
3001 969 3015 983 ·
3048 953 3239 1023 δέομαι
3277 956 3345 1009 δι’
3375 955 3541 1023 ὑμᾶς.
3580 954 3702 1016 Πῶς
3730 949 3823 1006 οὖν
3847 954 3974 1005 ἐκοι-

2422 1038 2667 1110 νώνησαν
2696 1042 2843 1106 αύτῷ
2873 1042 2979 1096 τῶν
3016 1042 3283 1113 θλίψεωνς
3322 1044 3423 1098 Διὰ
3453 1044 3642 1097 τούτου
3662 1060 3677 1075 ·
3718 1044 3854 1113 ὅπερ
3893 1044 3974 1096 καὶ

2420 1130 2786 1210 δεσμούμενος
2812 1132 2985 1203 ἔλεγε,
3010 1137 3457 1204 Συτκοινωνούς
3472 1153 3592 1205 μου
3611 1134 3725 1203 τῆς
3754 1132 3975 1202 χάριτος
4036 1150 4037 1181 ξ

2420 1222 2651 1290 πάντας
2696 1223 2870 1291 ὑμᾶς.
2906 1226 3079 1297 Χάρις
3110 1227 3218 1297 γάρ
3252 1227 3368 1280 ἐστι
3398 1226 3469 1287 τδη
3493 1226 3686 1280 παθεῖν
3718 1228 3857 1299 ὑπὲρ
3893 1224 3975 1283 τοῦ
4036 1272 4037 1275 η

2420 1311 2657 1383 Χριστοῦ
2677 1352 2693 1376 ,
2725 1313 2803 1378 ὥς
2831 1331 2935 1369 που
2964 1316 3059 1370 καὶ
3095 1318 3256 1382 αὐτός
3284 1334 3481 1388 φησιν*
3526 1319 3657 1373 Ὀτι
3687 1319 3831 1388 ὑμῖν
3854 1322 3978 1390 έχαο

2412 1402 2595 1471 ρίσθη
2614 1404 2732 1458 ἀπὸ
2759 1405 2925 1470 Θεοῦ,
2955 1409 3029 1460 οὐ
3037 1410 3230 1476 μόνον
3258 1408 3325 1462 τὸ
3346 1410 3433 1475 είς
3452 1408 3640 1463 αὐτὸν
3659 1410 3975 1473 πιστεύειν,

2418 1489 2581 1545 ἀλλὰ
2618 1493 2714 1545 καί
2756 1493 2825 1546 τὸ
2866 1494 3017 1563 ὑπὲρ
3066 1496 3253 1551 αὐτοῦ
3291 1496 3572 1566 πάσχειν.
3618 1498 3837 1568 Ἐπειδὴ
3880 1499 3978 1569 7&9

2419 1578 2602 1633 ἐκεῖνα
2644 1584 2955 1654 καταμόνας
2999 1585 3266 1655 λεγόμενα
3308 1585 3544 1657 ἀλγῆσαι
3592 1586 3791 1649 αὐτοὺς
3828 1588 3977 1640 ίκανά

2418 1665 2508 1741 ἦν,
2542 1672 2629 1725 διά
2652 1672 2811 1727 τοῦτο
2843 1674 3132 1746 θεραπεύει
3170 1676 3265 1730 καὶ
3303 1677 3626 1747 ἀποδέχεται
3659 1678 3755 1730 καὶ
3778 1680 3979 1731 ἐπαινεῖ

2419 1756 2598 1822 πάλιν,
2628 1759 2724 1812 καὶ
2759 1759 2919 1813 τοῦτο
2952 1765 3404 1834 μεμετρημένως.
3434 1766 3510 1819 Ού
3535 1765 3644 1837 7&9
3670 1760 3792 1819 εἶπε
3814 1807 3831 1831 ,
3862 1766 3979 1819 Δόν-

2417 1861 2529 1911 τες,
2559 1847 2725 1911 ἀλλά,
2760 1851 3383 1921 Συτκοιωνήσαντες,
3416 1853 3631 1919 δεικνὺς
3656 1856 3856 1919 αὐτοὺς
3893 1858 3979 1911 καὶ

2419 1937 2801 2006 κερδάναντας,
2825 1941 2879 1993 εί
2901 1957 2964 2009 γε
2984 1942 3093 1995 τῶν
3117 1944 3294 1998 ἄθλων
3312 1945 3558 2012 ἐγένοντο
3582 1947 3851 2005 κοινωνοί.
3872 1948 3979 2002 οὐκ

2418 2022 2588 2085 εἶπεν,
2623 2025 3108 2097 Ἐπὲκουφίσαντές
3140 2049 3243 2101 μου
3277 2032 3376 2096 τὰς
3408 2033 3633 2103 θλίψεις,
3656 2035 3981 2104 ἀλλά,Σνγλ·

2418 2115 2898 2184 κοινωνήσαντές
2934 2136 3056 2189 μου
3110 2120 3185 2189 τῇ
3229 2125 3460 2190 θλίψει,
3507 2126 3644 2196 ὅπερ
3679 2121 3751 2196 ἦν
3796 2124 3985 2197 σεμνό-

2416 2220 2592 2275 τερον.
3224 2224 3229 2230 ’

2502 2298 2661 2369 Ὁρᾷς
2687 2300 2749 2352 τὸ
2777 2298 3028 2353 ταπεινὸν
3056 2300 3269 2354 Παύλου
3292 2317 3308 2367 ;
3336 2303 3467 2372 δρᾷς
3488 2302 3551 2356 τὸ
3574 2304 3831 2371 εύγενέςς
3857 2304 3983 2359 Ὅτε

2418 2385 2614 2454 ἐδειξεν
2641 2388 2794 2442 οὐδὲν
2830 2388 3085 2459 δεόμενον
3118 2380 3383 2460 τῶν’παρ“
3426 2392 3649 2446 ἐκείνων
3678 2392 3848 2447 αὑτοῦ
3874 2395 3986 2448 ἐνε-

2416 2493 2531 2543 κεν,
2578 2476 2699 2531 τότε
2737 2478 2922 2532 λοιπὸν
2964 2478 3134 2541 ἀδεῶς
3162 2481 3257 2533 καὶ
3282 2483 3514 2534 ταπεινὰ
3559 2482 3859 2551 φθέγγεται
3891 2486 3986 2555 ῥή-

2428 2583 2593 2637 ματα,
2616 2568 2707 2637 καὶ
2740 2567 2882 2639 ἀπερ
2907 2570 2956 2621 οί
2988 2569 3403 2641 προσαιτοῦντες
3429 2572 3702 2640 λέγουσιν,
3745 2574 3844 2637 Ὠς
3874 2574 3987 2638 ἐθος

2418 2657 2561 2729 ἐχεις
2599 2658 2816 2713 διδόναι.
2862 2658 3028 2713 υύδέν
3070 2659 3181 2731 7&9
3220 2665 3566 2729 παραιτεῖται
3607 2662 3732 2717 οὔτε
3774 2668 3986 2729 ποιεῖν,

2417 2746 2539 2801 οὔτε
2570 2748 2768 2815 λέγειν,
2796 2750 2932 2819 πρὸς
2961 2750 3022 2803 τὸ
3052 2751 3234 2821 μόνον,
3266 2752 3295 2805 δ
3321 2752 3591 2822 βούλεται,
3623 2755 3987 2826 κατορθῶσαι.

2418 2836 2484 2891 Τί
2531 2839 2588 2892 δέ
2618 2839 2779 2893 τοῦτό
2817 2841 2968 2905 ἐστι;
2998 2841 3090 2912 Μὴ
3124 2842 3384 2914 νομίσητε
3406 2883 3421 2908 ,
3453 2845 3620 2915 φησὶν
3639 2884 3655 2909 ,
3704 2848 3993 2917 ἀναισχυν-

2416 2928 2537 2993 τίας
2561 2925 2699 2983 εἶναι
2731 2930 2797 2984 τὰ
2829 2932 3067 3002 ῥήματα,
3096 2932 3160 2985 τὸ
3192 2935 3462 3002 ἐγκαλεῖν,
3489 2936 3581 3001 καὶ
3605 2935 3810 3005 λέγειν,
3843 2937 3991 3005 Ἤδη

2419 3019 2565 3073 ποτε
2605 3020 2962 3085 ἀνεθάλετε,
2994 3022 3087 3075 καὶ
3135 3022 3231 3076 τοῦ
3264 3026 3336 3098 ἐν,
3369 3025 3528 3098 χρείᾳ
3564 3020 3706 3081 εἶναι
3728 3044 3745 3061 ο
3781 3029 3847 3083 ού
3890 3031 3995 3099 γάρ

2416 3110 2668 3181 δεόμενος
2692 3110 2865 3165 ταῦτα
2885 3111 3050 3181 λέγω,
3085 3112 3221 3168 ἀλλά
3250 3115 3304 3168 τί
3326 3132 3341 3181 ;
3382 3115 3478 3169 Ἐκ
3503 3116 3597 3170 τοῦ
3627 3118 3841 3190 σφόδρα
3866 3120 3994 3191 0&9-

2421 3202 2535 3271 ῥεῖν
2574 3203 2700 3272 ὑμῖν
2725 3218 2738 3233 ⁸
2776 3203 2869 3255 καὶ
2908 3204 3099 3257 τούτου
3146 3205 3203 3258 δέ
3238 3207 3396 3285 ὑμεῖς
3431 3206 3615 3265 αἴτιοι.
3658 3208 3828 3283 Ὁρᾷς
3878 3211 3993 3273 πῶς

2424 3294 2618 3355 αὐτοὺς
2648 3294 2962 3365 θεραπεύει,
2981 3298 3074 3349 καὶ
3103 3297 3218 3361 πῶς
3237 3315 3420 3369 φησιν,
3450 3300 3639 3371 Ὑμεῖς
3672 3301 3860 3368 αἴτιοι,
3894 3303 3996 3372 πρὸ

2419 3382 2527 3436 τῶν
2552 3384 2724 3438 ἄλλων
2753 3386 3192 3456 ἐπιπηδήσαντες
3218 3386 3295 3457 τῷ
3324 3390 3630 3459 πράγματι,
3665 3392 3757 3444 καὶ
3782 3394 4000 3463 παρρη-

2422 3474 2541 3528 σίαν
2579 3476 2710 3544 ημῖν
2741 3475 2922 3539 δόντες
2950 3476 3092 3547 ὑπὲρ
3120 3476 3228 3530 τῶν
3262 3478 3516 3533 τοιούτων
3558 3480 3999 3553 ὑπομιμνήσκειν

2421 3564 2601 3634 ύμᾶς;
2652 3566 2761 3617 Kal
2789 3565 2887 3618 θέα
2919 3566 2981 3619 τὸ
3028 3568 3259 3636 σεμνόν·
3306 3567 3381 3639 μὴ
3423 3569 3705 3641 πέμπουσι
3762 3572 3869 3641 μὲν
3902 3573 3999 3625 οὐκ

2421 3654 2671 3722 ἐγκαλεῖ,
2709 3654 2794 3707 ἵνα
2838 3655 2912 3726 μὴ
2940 3656 3064 3726 δόξῃ
3093 3656 3153 3708 τὸ
3190 3656 3386 3710 ἑαυτοῦ
3415 3658 3736 3726 θεραπεύειν
3756 3674 3772 3691 ⁶
3808 3660 3999 3731 ἐπειδὴ

2418 3744 2476 3799 δέ
2503 3745 2785 3815 ἔπεμψαν,
2812 3747 2932 3799 τότε
2962 3748 3295 3818 ἐπετίμησεν
3326 3748 3467 3821 ὑπὲρ
3500 3748 3593 3802 τοῦ
3630 3752 4000 3821 παρελθόντος

2421 3835 2634 3906 χρόνον,
2674 3836 2769 3888 καὶ
2798 3836 3033 3905 ἧνεγκαν
3059 3852 3072 3865 ·
3105 3836 3289 3890 λοιπὸν
3322 3835 3473 3909 [315]
3499 3837 3608 3910 7&9
3630 3840 3731 3893 οὐκ
3757 3838 3826 3892 ἂν
3855 3840 3999 3906 ἔδοξε

2422 3925 2482 3978 τὸ
2514 3922 2677 3977 αὐτοῦ
2716 3924 3059 3994 θεραπεύειν.
3086 3925 3315 3990 Οἴδατε,
3355 3927 3510 3998 φησὶ,
3547 3927 3648 3981 καί
3680 3929 3875 3997 ὑμεῖς,
3910 3932 4003 3983 Φι-

2420 4014 2771 4081 λιππήσιοι,
2822 4014 2910 4069 ὅτι
2960 4016 3033 4070 ὲν
3079 4016 3239 4085 ἀρχῇ
3297 4017 3402 4071 τοῦ
3456 4019 3853 4088 εὐαγγελίου,
3906 4020 4002 4074 ὅτε

2421 4104 2685 4173 ἐξῆλθον
2698 4105 2814 4159 ἁ.τό
2836 4105 3231 4172 Μακεδονίας.
3258 4105 3509 4175 οὐδεμία
3525 4124 3629 4177 μοι
3669 4108 4003 4178 Ἐκκλησία

2422 4194 2828 4262 ἐκοινώνησεν
2850 4198 2937 4261 εις
2957 4196 3142 4265 λόγον
3161 4195 3386 4261 δόσεως
3407 4198 3506 4251 καί
3537 4196 3806 4265 λήψεως,
3834 4204 3890 4255 εί
3913 4203 4001 4269 μὴ

2424 4286 2594 4355 ὑμεῖς
2620 4288 2816 4356 μόνοι.
2846 4285 3036 4351 Βαϐαῖ,
3067 4286 3248 4357 ἡλίκον
3278 4287 3349 4341 τὸν
3371 4286 3681 4359 ἐγκώμιονι
3712 4288 3769 4341 εί
3795 4306 3864 4358 γε
3899 4292 4007 4344 Κο-

2427 4378 2618 4449 ρίνθιοι
2662 4381 2761 4448 μὲν
2793 4380 2856 4431 ἐκ
2905 4378 2998 4433 τοῦ
3034 4378 3253 4433 ἀκούειν
3301 4380 3486 4433 ἐκεῖνα
3522 4381 3653 4450 παρ’
3698 4381 3874 4435 αὑτοῦ
3910 4383 4005 4435 καὶ

2437 4470 2693 4541 Ῥωμαῖοι
2736 4471 3156 4542 προτρέπονται,
3191 4464 3335 4525 οὗτοι
3364 4470 3421 4524 δέ
3461 4472 3718 4541 οὐδεμιᾶς
3765 4472 4007 4545 Ἐκκλη-

2429 4562 2547 4625 σίας
2586 4560 2898 4633 ἀρξαμένης
2934 4562 3219 4634 (καὶγὰρ,
3268 4563 3371 4617 Ἐν
3406 4561 3566 4631 ἀρχῇ
3596 4562 3703 4618 τοῦ
3738 4566 4009 4635 Εὑαττε-

2426 4652 2597 4715 λίου,
2637 4652 2837 4723 φησὶ),
2867 4652 3132 4723 τοσαύτην
3170 4653 3297 4725 περὶ
3344 4654 3436 4706 τὸν
3464 4653 3619 4722 ἀγιον
3655 4654 4010 4721 ἐπεδείξαντο

2430 4742 2684 4813 σπουδὴν,
2718 4742 2793 4805 ὠς
2826 4743 2961 4813 μηδέ
2992 4742 3342 4813 παράδειγμα
3383 4742 3630 4813 ἔχοντες,
3662 4743 3823 4797 αὐτοὶ⁵
3853 4746 4011 4817 πρῶ-

2429 4854 2509 4889 τοι
2559 4832 2657 4903 τῆς
2706 4833 3081 4905 καρποφορίας
3132 4831 3399 4901 ἄρξασθαι
3448 4834 3671 4905 ταύτης.
3730 4835 3849 4888 Καὶ
3909 4838 4011 4890 ούκ

2432 4927 2575 4981 ἐστιν
2610 4930 2816 4990 εἰπεῖν,
2857 4926 2939 4979 ὅτι
2984 4926 3354 4995 παραμένοντι
3383 4925 3533 4995 αύτῷ
3564 4925 3684 4978 ούδέ
3714 4926 3831 4981 τῶν
3867 4928 4009 4998 πρὸς

2431 5020 2627 5082 αὐτοὺς
2662 5018 2847 5072 ἕνεκεν
2884 5014 3055 5071 ταῦτα
3086 5016 3301 5069 ἐποίουν
3323 5032 3337 5047 ο
3389 5015 3529 5069 Ὀτε
3559 5014 3831 5085 ἐξῆλθον
3866 5019 4010 5090 γάρ,

2432 5112 2625 5181 φησὶν,
2664 5107 3225 5175 άπὸ.Μακεδονίας,
3250 5107 3496 5173 οὐδεμία
3524 5124 3627 5177 μοι
3654 5108 4015 5178 ζΕκκλησία

2432 5200 2831 5268 ἐκοινώνησεν
2852 5204 2940 5263 εις
2964 5199 3151 5270 λόγον
3180 5199 3405 5266 δόσεως
3426 5202 3525 5253 καί
3545 5200 3815 5268 λήψεως,
3842 5206 3900 5257 ει
3924 5204 4012 5273 μὴ

2433 5294 2601 5362 ὑμεῖς
2620 5294 2815 5363 μόνοι.
2854 5291 2917 5343 Τί
2947 5291 3084 5353 ἐστι,
3115 5290 3401 5359 Λήψεωςς
3426 5291 3477 5343 τί
3504 5291 3562 5344 δέ
3586 5293 3766 5355 ἐστιν,
3816 5294 4015 5349 ἴδιοι-

2434 5384 2703 5450 νώνησε;
2733 5382 2821 5435 διὰ
2847 5382 2900 5434 τί
2928 5380 3001 5451 μὴ
3032 5376 3185 5435 εἶπεν
3205 5420 3219 5444 ,
3254 5381 3336 5434 ὅτι
3371 5382 3607 5452 Οὐδεμία
3643 5398 3733 5448 μοι
3777 5382 4017 5455 Ἐκκλη.

2437 5476 2527 5529 σία
2561 5475 2775 5538 ἔδωκεν,
2806 5472 2942 5537 ἀλλ’,
2988 5473 3419 5539 Ἔκοινώνησεν
3455 5476 3542 5539 είς
3566 5474 3754 5541 λόγον
3778 5473 4018 5540 δόσεως

2437 5560 2536 5621 καί
2574 5565 2855 5634 λήψεως;
2908 5564 3176 5618 Κοινωνία
3209 5567 3317 5633 7&9
3353 5564 3413 5617 τὸ
3452 5564 3683 5634 πρᾶγμά
3717 5564 3896 5621 ἐστιν.
3948 5569 4019 5622 ει

2438 5657 2546 5728 7&9
2572 5657 2742 5727 ἡμεῖς
2776 5654 2847 5708 τά
2883 5652 3251 5723 πνευματικὰ
3287 5655 3460 5724 ὑμῖν,
3494 5653 3689 5723 φησιν,
3725 5653 4019 5727 ἐσπείρα-

2434 5767 2569 5821 μεν,
2606 5748 2661 5802 τί
2688 5747 2859 5818 μέγα,
2898 5748 2949 5801 εί
2988 5745 3155 5815 ἡμεῖς
3182 5746 3252 5799 τὰ
3288 5748 3542 5814 σαρκικὰ
3579 5743 3745 5815 ὑμῶν
3772 5748 4017 5814 θερίσου
