4064 6318
91 371 171 426 29η

98 491 248 549 multis
276 485 408 542 locis
452 483 853 555 prmdlcanlem,
894 485 948 533 et
988 484 1297 544 Operanlem
1331 491 1344 527 :
1399 468 1644 538 Occupati

97 586 206 636 enim
239 579 389 634 eratis
415 619 430 642 ,
473 575 662 644 inquit.
697 571 832 638 Quid
863 579 966 632 est,
1016 567 1265 635 Occupati
1307 564 1456 617 eratis
1479 563 1504 615 .’
1529 561 1646 616 Non

98 677 156 738 id,
183 672 364 741 inquit,
395 677 590 723 vestrae
618 660 956 732 negligentia:
984 667 1120 723 erat,
1146 657 1240 711 sed
1267 653 1601 710 necessitatis
1631 671 1646 706 :

100 783 188 819 non
211 765 344 820 enim
397 756 679 813 habebatis
705 755 758 809 in
791 753 1070 814 manibus,
1106 765 1210 804 non
1255 746 1646 809 abundabatis;

101 859 186 910 hoc
207 855 338 910 enim
363 827 629 920 signiﬁcat
656 845 801 909 illud,
833 844 1079 914 Occupati
1103 851 1270 896 autem
1291 841 1462 896 eratis.
1487 838 1650 906 quue

97 966 148 1003 ex
173 944 429 999 communi
454 937 703 1010 loquendi
725 935 1110 991 consuetudine
1132 932 1334 1001 accepit
1361 949 1372 984 :
1403 931 1474 983 ita
1505 929 1648 984 enim

100 1037 308 1107 plerique
329 1034 535 1095 dicunt,
561 1045 682 1084 cum
709 1043 817 1083 non
843 1027 942 1082 sibi
967 1026 1097 1080 satis
1123 1024 1296 1092 ampla
1319 1035 1406 1076 res
1430 1029 1531 1084 est,
1555 1018 1648 1073 sed

102 1131 142 1181 in
155 1125 399 1197 angustiis
412 1129 711 1177 versantur.
729 1115 849 1172 Non
868 1116 1006 1186 quasi
1029 1123 1232 1185 propter
1244 1111 1502 1182 penuriam
1514 1109 1647 1162 dico.

102 1221 224 1284 Dixi,
241 1219 427 1288 inquit,
443 1212 730 1283 Aliquando
756 1210 977 1272 tandem,
1002 1222 1203 1276 vosque
1221 1203 1524 1274 objurgavi;
1546 1215 1653 1254 non

85 1310 220 1379 quod
240 1325 348 1364 rem
373 1320 548 1362 meam
571 1316 888 1373 quaererem,
906 1314 1078 1370 neque
1105 1295 1246 1366 quod
1276 1307 1520 1364 egerem;
1548 1305 1653 1344 non

99 1402 220 1455 enim
237 1407 515 1469 propterea
537 1392 862 1464 qumrebam.
879 1389 989 1458 ,Sed
1008 1387 1146 1443 unde
1165 1385 1439 1448 ostendes,
1468 1381 1654 1444 Paule,

99 1502 140 1544 te
165 1507 263 1544 non
281 1488 558 1559 magniﬁce
581 1483 756 1554 loqui?
773 1480 1062 1537 Corinthiis
1079 1479 1289 1548 quidem
1308 1476 1379 1530 ita
1400 1473 1611 1529 dicebat
1639 1489 1654 1524 :

103 1580 207 1633 Non
225 1580 350 1632 enim
361 1577 466 1631 alia
478 1575 744 1630 scribimus
761 1572 1075 1641 uobis,quam
1091 1583 1203 1639 qua
1219 1567 1493 1638 legitis,aut
1507 1564 1660 1619 etiam

99 1667 375 1737 cognoscitis
401 1665 476 1736 (ε.
496 1664 614 1718 Cor.
641 1665 692 1718 t.
714 1642 826 1730 es).
853 1663 1026 1730 Atque
1049 1658 1165 1713 istis
1184 1657 1342 1712 etiam
1362 1671 1467 1708 non
1492 1653 1562 1706 ita
1581 1651 1660 1706 di-

97 1758 318 1821 eebat,ut
339 1755 504 1810 refelli
522 1763 719 1823 posset.
744 1751 857 1805 Non
875 1752 1050 1819 igitur,
1071 1749 1117 1803 si
1133 1764 1192 1803 se
1209 1746 1486 1816 magniﬁce
1503 1745 1664 1814 jacta-

97 1864 149 1902 re
174 1848 442 1909 voluisset,
485 1847 600 1899 haec
623 1843 856 1906 diceret;
887 1839 1025 1909 apud
1053 1854 1146 1894 eos
1170 1837 1312 1892 enim
1335 1836 1424 1906 qui
1470 1841 1664 1888 norant

98 1938 314 2001 dicebat,
343 1937 431 1991 ubi
460 1936 620 1990 etiam
646 1932 796 2002 argui
827 1931 1035 2000 turpius
1066 1929 1271 1983 fuisset.
1295 1927 1405 1997 Ego
1425 1926 1559 1980 enim
1584 1924 1665 1977 di-

99 2030 209 2095 dici,
239 2029 428 2096 inquit,
456 2027 509 2080 in
540 2025 720 2095 quibus
744 2039 880 2085 sum,
909 2022 1153 2092 sufficiens
1180 2035 1306 2074 esse.
1338 2018 1482 2088 Ergo
1508 2014 1668 2070 disci-

101 2122 245 2188 plinze
285 2135 372 2174 res
407 2127 490 2173 est
515 2127 570 2172 et
606 2115 1002 2172 exercitationis
1043 2123 1098 2169 et
1139 2128 1325 2168 curre:
1371 2126 1480 2165 non
1523 2111 1666 2164 enim

97 2209 255 2263 tacitis
285 2217 368 2262 est
389 2208 457 2285 ad
502 2204 956 2274 consequendum,
987 2203 1082 2258 sed
1129 2202 1285 2257 valde
1320 2199 1574 2266 difﬁcilis,
1606 2214 1670 2254 ac

101 2306 258 2355 multo
281 2315 402 2355 cum
440 2300 624 2354 labore
651 2298 959 2366 conjuncta.
1000 2294 1068 2348 In
1097 2296 1274 2365 quibus
1302 2309 1432 2358 sum,
1474 2293 1666 2362 inquit,

98 2392 336 2461 sufﬁciens
360 2407 465 2445 esse
487 2407 504 2443 :
532 2391 636 2444 scio
664 2399 710 2441 et
737 2387 1024 2454 humiliari,
1047 2386 1150 2440 scio
1175 2394 1218 2439 et
1241 2384 1500 2437 abundare
1522 2402 1537 2436 :
1559 2384 1673 2436 ubi-

99 2500 185 2551 que
210 2493 254 2536 et
296 2483 349 2536 in
375 2481 605 2536 omnibus
641 2481 899 2532 institutus
935 2493 1069 2530 sum.
1121 2475 1178 2530 Id
1211 2483 1329 2540 est,
1372 2474 1440 2527 Et
1491 2472 1672 2543 paucis

101 2584 374 2628 mittemus
399 2586 518 2627 esse
544 2572 676 2636 scio,
705 2578 758 2624 et
796 2568 990 2622 famem
1013 2561 1152 2622 ferre
1181 2575 1235 2621 et
1263 2573 1574 2636 egestatem.
1609 2561 1675 2615 Et

102 2665 372 2729 abundare,
399 2673 446 2718 et
471 2678 635 2734 egere.
657 2660 770 2728 Nar,
795 2660 1036 2730 inquiesc
1064 2658 1157 2714 sed
1180 2658 1280 2712 hoc
1300 2657 1536 2712 scientia:
1566 2671 1672 2709 non

104 2768 178 2815 est
204 2773 377 2830 neque
405 2756 648 2825 virtutis,
675 2753 969 2810 abundare.
1017 2750 1128 2808 ltno
1152 2765 1282 2830 vero
1309 2749 1538 2808 maxime
1568 2747 1678 2806 vir-

107 2852 225 2904 tutis
244 2860 350 2916 est,
380 2865 480 2905 nec
509 2848 686 2904 minus
705 2863 862 2918 quam
888 2845 1038 2900 illud.
1058 2845 1372 2915 Quomodo?
1394 2844 1675 2913 Quoniam,

104 2940 543 3010 quemadmodum
570 2947 779 3008 egestas
823 2935 890 2991 ad
929 2937 1096 2992 multa
1135 2936 1275 2991 mala
1315 2935 1558 2991 facienda
1585 2935 1680 2990 ad-

106 3033 262 3098 ducit,
296 3033 367 3086 ita
393 3040 446 3084 et
474 3028 818 3085 abundantia.

169 3123 223 3176 2.
267 3122 418 3177 Multi
461 3122 604 3176 enim
631 3136 794 3189 same,
825 3134 945 3174 cum
972 3119 1036 3174 ad
1067 3119 1205 3174 hanc
1231 3134 1412 3174 rerum
1456 3117 1683 3172 afﬂuen-

108 3216 229 3268 tiam
260 3214 663 3283 pervenissent,
691 3211 944 3265 socordes
987 3211 1106 3264 facti
1156 3220 1280 3265 sunt
1306 3252 1321 3278 ,
1357 3211 1684 3280 prosperita-

108 3319 322 3374 temque
348 3303 487 3357 ferre
523 3302 832 3356 nescierunt
865 3320 876 3353 :
910 3301 1089 3356 multis
1117 3317 1295 3356 rerum
1338 3302 1492 3372 copia
1534 3316 1689 3356 occa-

107 3399 312 3451 sionem
341 3395 584 3451 cessandi
613 3393 780 3449 dedit.
832 3393 947 3448 Non
991 3395 1059 3447 ita
1102 3393 1343 3448 Paulus:
1395 3409 1517 3448 nam
1566 3408 1688 3448 cum

109 3486 401 3556 acciperet,
433 3486 486 3539 in
523 3485 657 3539 alios
689 3485 995 3539 insumebat
1019 3492 1072 3538 et
1096 3484 1422 3540 eﬂ'undebat.
1457 3485 1569 3539 lloc
1597 3500 1692 3539 au-

110 3586 214 3630 tem
238 3584 327 3630 est
355 3575 492 3630 scire
521 3576 597 3629 uti
640 3589 702 3630 re
741 3589 856 3628 sua.
887 3573 1003 3628 Non
1034 3574 1339 3629 remittebat
1366 3576 1692 3645 diligentiam

111 3682 282 3733 suam,
313 3682 419 3720 non
442 3665 511 3720 de
530 3665 851 3721 abundantia
883 3680 980 3719 sua
1002 3665 1300 3731 lzetabatur,
1325 3665 1418 3719 sed
1447 3664 1691 3719 eumdem

112 3772 166 3810 se
196 3756 485 3826 praestabat
533 3755 588 3809 in
628 3765 864 3823 egestate
892 3764 947 3807 et
973 3755 1326 3820 abundantia,
1369 3771 1542 3824 neqtte
1571 3755 1697 3809 inde

113 3861 422 3916 oppressus,
447 3860 620 3914 neque
641 3844 764 3899 hinc
786 3844 1021 3898 inﬂatus.
1045 3844 1183 3909 Scio,
1213 3845 1404 3913 inquit,
1434 3859 1479 3898 et
1499 3846 1694 3909 satiari,

115 3947 155 3988 et
185 3938 410 4000 esurire;
437 3945 484 3988 et
505 3935 784 3998 abundare,
811 3944 858 3988 et
887 3935 1150 4002 penuriam
1190 3936 1318 4004 pati.
1370 3935 1513 3988 Multi
1545 3947 1690 4000 sunt,

117 4027 201 4094 qui
233 4025 486 4079 nesciunt
529 4024 779 4087 saturari,
812 4022 1258 4093 quemadmodum
1307 4023 1594 4089 lsraelitm;
1627 4026 1700 4078 illi

118 4116 256 4169 enim
287 4114 667 4177 comedebant,
693 4121 746 4167 ct
771 4103 1122 4168 calcitrabant
1142 4113 1318 4186 (Deut.
1341 4114 1431 4170 52.
1455 4114 1570 4184 15).
1595 4115 1701 4170 Sed

119 4207 386 4271 eamdem,
423 4207 615 4275 inquit,
643 4205 1067 4261 moderationem
1121 4222 1184 4260 ac
1220 4206 1476 4262 decorum
1523 4223 1701 4262 servo.

117 4298 368 4358 Ostendit
394 4313 733 4368 neque_nunc
761 4289 819 4354 se
848 4299 1199 4368 voluptatem,
1230 4315 1403 4370 neque
1429 4309 1584 4356 antea
1610 4301 1706 4355 do-

119 4391 288 4445 lorem
318 4390 549 4458 cepisse,
601 4397 693 4443 aut
719 4391 764 4444 si
807 4390 1032 4459 ceperit,
1082 4405 1186 4445 non
1231 4406 1327 4445 sua
1381 4391 1581 4461 ipsius,
1611 4393 1705 4448 sed

121 4482 363 4549 ipsorum
389 4476 584 4534 causa:
619 4479 732 4549 ipse
757 4481 953 4550 quippe
980 4480 1168 4535 eodem
1190 4496 1248 4536 se
1270 4481 1498 4537 habebat
1524 4483 1703 4538 modo.

124 4574 322 4642 Ubique
362 4575 494 4628 enim
518 4614 532 4637 ,
562 4583 607 4627 et
640 4574 693 4626 in
719 4573 949 4627 omnibus
974 4574 1232 4629 institutus
1258 4591 1389 4629 sum.
1421 4574 1479 4629 id
1504 4584 1586 4630 est
1606 4617 1619 4641 ,
1653 4575 1708 4630 ln

121 4665 221 4719 hoc
248 4666 411 4734 longo
439 4674 680 4734 tempore
701 4665 937 4718 omnium
960 4680 1137 4720 rerum
1161 4666 1542 4735 experientiam
1569 4669 1707 4737 cepi,

123 4765 281 4824 atque
320 4754 436 4810 haec
466 4755 646 4809 omnia
677 4754 806 4808 mihi
833 4754 971 4809 bene
1003 4765 1398 4824 processerunt.
1441 4757 1544 4813 Sed
1579 4774 1712 4828 quo-

124 4847 264 4900 niam
300 4845 352 4900 id
383 4848 889 4916 magniloquentiam
920 4848 1223 4913 redolebat,
1258 4849 1380 4906 vide
1427 4865 1533 4920 quo
1559 4861 1712 4921 pacto

124 4954 281 5005 quam
307 4938 538 5008 primum
563 4939 797 5008 corrigat
827 4957 840 4994 :
875 4939 1080 5007 Omnia,
1107 4941 1295 5011 inquit,
1322 4959 1525 5011 possunt
1554 4946 1604 4997 in
1633 4961 1710 5010 eo,

122 5031 207 5099 qui
232 5047 312 5085 me
355 5034 635 5100 confortat,
661 5031 879 5086 Christo.
907 5033 1022 5087 Non
1049 5033 1170 5100 hoc,
1197 5036 1385 5105 inquit,
1415 5052 1591 5092 meum
1623 5037 1714 5092 be-

126 5123 398 5178 nefacmm
427 5131 532 5185 est,
563 5123 660 5179 sed
687 5125 810 5204 eius!
833 5126 919 5194 qui
951 5126 1089 5180 vires
1134 5126 1242 5180 dat.
1286 5128 1390 5182 Sed
1439 5130 1712 5198 quoniam,

125 5216 211 5284 qui
243 5215 615 5284 benefaciunt,
641 5217 683 5270 si
707 5216 923 5272 videant
949 5234 1071 5273 eum
1095 5221 1182 5289 qui
1213 5221 1404 5291 accipit
1431 5238 1536 5276 non
1565 5224 1717 5278 valde

126 5305 296 5370 afﬁci,
331 5305 424 5360 sed
477 5306 752 5375 despicere
781 5321 840 5362 ea
883 5324 1001 5377 qua:
1045 5310 1260 5376 dantur,
1309 5314 1718 5382 negligentiorcs

129 5396 291 5460 ﬁunt;
328 5410 456 5452 tunc
480 5399 623 5453 enim
645 5400 873 5455 libenter
901 5401 1046 5464 dant,
1076 5417 1195 5457 cum
1221 5413 1404 5472 putant
1430 5420 1488 5460 se
1512 5417 1717 5476 gratum

130 5490 451 5558 accipiendo
480 5490 654 5545 facere
675 5535 688 5554 ,
723 5492 978 5562 illumque
1013 5509 1258 5550 recreare
1290 5514 1302 5549 :
1337 5514 1402 5553 ne
1429 5500 1548 5568 quis
1578 5501 1719 5554 dice-

130 5589 230 5641 ret,
268 5580 327 5635 Si
363 5582 466 5635 hoc
493 5583 741 5636 solatium
768 5583 997 5651 despicit
1029 5585 1224 5640 Paulus
1249 5626 1263 5649 ,
1296 5604 1514 5645 necesse
1545 5600 1626 5646 est
1671 5603 1724 5646 et

132 5669 228 5723 ltos
270 5673 691 5740 negligentiores
741 5675 895 5739 ﬁeri;
932 5675 1050 5730 vide
1093 5679 1360 5746 quomodo
1390 5697 1574 5736 rursus
1600 5683 1722 5739 huic

130 5762 203 5815 rei
237 5765 542 5820 medeatur.
575 5764 705 5819 Nam
733 5781 798 5821 ex
827 5768 889 5820 iis
928 5784 1044 5838 quae
1071 5769 1296 5837 dixerat,
1341 5775 1574 5836 ipsorum
1609 5782 1717 5847 Spi-

914 361 980 418 IN
1029 361 1246 418 EPIST.
1289 359 1378 414 AD
1419 355 1706 416 Pilll.iPP.
1745 353 1896 410 CAP.
1944 355 2029 414 IV.
2074 355 2294 410 ll0.\lll..
2337 356 2448 410 XV.

3228 358 3335 414 290

1755 472 1889 522 ritus
1914 477 2346 538 compresserat;
2378 471 2427 523 in
2465 470 2809 541 sequentibus
2836 485 2961 526 vero
3003 471 3312 528 alacritatcn

1751 560 1988 630 ipsorum
2017 560 2200 614 incitat
2241 570 2399 630 atque
2429 561 2740 626 inﬂammat,
2791 563 2974 618 dicens
3009 582 3022 616 :
3064 565 3336 619 Verumta-

1751 669 1864 705 men
1896 652 2018 706 bene
2048 653 2234 722 fecistis
2264 655 2692 708 communicantes
2730 655 3044 710 tribulationi
3075 674 3216 713 mete.
3247 658 3340 714 Vi-

1750 742 1847 798 des
1876 744 2146 813 quomodo
2171 744 2404 813 seipsum
2437 745 2814 816 segregaverit,
2844 757 2898 802 et
2921 750 3190 816 quomodo
3220 765 3339 804 rur-

1751 848 1844 887 sus
1863 834 2248 902 conjunxerit?
2277 835 2388 890 lloc
2415 851 2683 904 germana:
2705 847 2759 890 et
2779 837 3070 907 Spirituatis
3091 840 3341 892 amicitias

1753 931 1854 977 est.
1886 922 2000 977 Non
2027 925 2169 977 enim
2199 924 2318 992 quia
2339 965 2353 989 ,
2389 926 2576 994 inquit,
2607 929 2927 982 necessitate
2958 929 3179 984 minime
3211 944 3338 999 pre-

1752 1014 1968 1079 mebar,
2003 1014 2126 1069 ideo
2166 1015 2362 1086 putetis
2404 1032 2490 1071 me
2517 1018 2678 1073 rebus
2705 1021 2897 1090 vestris
2941 1036 3047 1074 non
3080 1023 3291 1090 eguisse
3324 1039 3341 1076 :

1756 1121 1889 1176 egeo
1917 1118 2136 1178 pr0pter
2163 1122 2274 1162 vos.
2300 1109 2577 1176 Quomodo
2608 1111 2766 1180 igitur
2788 1128 3147 1168 aerumnarum
3176 1115 3344 1183 ipsius

1758 1198 2046 1267 participes
2085 1197 2337 1254 fuerant?
2379 1201 2481 1257 l’er
2525 1201 2627 1256 ltoc
2675 1203 2910 1257 ofﬁcium
2945 1222 2958 1258 :
2998 1204 3140 1275 quod
3182 1205 3342 1259 etiam

1757 1303 1880 1344 cum
1925 1289 1980 1342 in
2022 1289 2248 1344 vinculis
2284 1301 2462 1358 esset,
2496 1293 2742 1358 dicebat,
2787 1294 2967 1348 Socios
3009 1296 3191 1366 gratia:
3224 1310 3350 1350 meta

1760 1395 1933 1433 omnes
1959 1394 2046 1432 vos
2086 1396 2192 1434 esse
2217 1380 2481 1452 (Philipp.
2521 1383 2572 1437 1.
2599 1384 2678 1453 7).
2711 1383 2892 1439 Gratia
2928 1386 3071 1439 enim
3127 1395 3209 1440 est
3240 1385 3346 1454 pati

1760 1484 1857 1539 pro
1887 1470 2133 1538 Christo,
2165 1473 2612 1541 quemadmodum
2645 1484 2698 1528 ct
2724 1476 2921 1530 alicubi
2969 1477 3082 1546 ipse
3132 1477 3302 1546 inquit
3329 1493 3345 1531 :

1763 1558 1896 1626 Quia
1921 1577 1954 1613 a
1978 1560 2088 1614 Deo
2118 1563 2253 1616 vobis
2272 1565 2438 1633 gratia
2466 1565 2586 1618 data
2613 1576 2706 1631 est,
2739 1583 2840 1620 non
2876 1568 3039 1621 solum
3067 1576 3124 1620 ut
3151 1568 3205 1621 in
3234 1583 3347 1620 eum

1760 1650 2001 1717 credatis,
2046 1653 2133 1708 sed
2166 1654 2314 1706 etiam
2356 1655 2448 1725 pro'
2496 1656 2585 1709 illo
2635 1657 2900 1725 patiamini
2925 1656 3083 1729 (Ibid.
3137 1675 3185 1712 υ.
3229 1659 3348 1728 29).

1762 1730 2023 1807 Quoniam
2051 1743 2193 1795 enim
2235 1742 2324 1795 illa
2358 1744 2497 1798 nude
2526 1745 2687 1808 dicta,
2718 1755 2837 1815 apta
2866 1758 3020 1802 erant
3061 1763 3180 1816 quae
3223 1749 3354 1816 ipsis

1763 1831 2005 1887 dolorem
2032 1833 2305 1900 facerent;
2338 1845 2617 1906 propterea
2643 1837 2787 1892 fovet
2813 1848 2867 1892 et
2895 1840 3270 1909 complectitur
3295 1849 3354 1895 et

1765 1922 1969 1988 laudat,
2001 1938 2186 1978 verum
2235 1935 2289 1980 et
2340 1926 2448 2004 hoc.
2489 1928 2785 1982 moderate.
2836 1928 2951 1982 Non
3000 1930 3142 1984 enim
3172 1930 3352 1998 dixit,

1769 2013 1986 2080 Dantes,
2017 2014 2133 2079 sed,
2169 2015 2611 2090 Contntunicantes
2635 2033 2656 2082 ,°
2686 2018 2974 2073 ostendens
3021 2019 3165 2089 ipsos
3191 2021 3352 2075 etiam

1769 2103 1976 2157 lucrum
1995 2103 2206 2171 fecisse,
2234 2105 2668 2176 quandoquidem
2699 2109 3036 2176 praemiorum
3063 2108 3185 2163 facti
3202 2118 3358 2164 erant

1768 2197 2076 2266 participes.
2143 2197 2258 2252 Non
2309 2198 2476 2263 dixit,
2530 2199 2702 2254 Leves
2755 2199 3045 2256 reddentes
3089 2217 3357 2256 aerumnas

1772 2304 1952 2352 meas,
1985 2288 2119 2356 sed,
2175 2289 2612 2346 Communicantes
2656 2293 2967 2346 tribulatiani
3014 2309 3169 2359 mea;
3215 2292 3359 2364 quod

1771 2380 1985 2450 quidem
2011 2382 2223 2449 gravius
2250 2397 2311 2436 ac
2344 2382 2620 2438 decentius
2645 2394 2784 2440 erat.

1846 2470 2002 2524 Pauli
2026 2472 2305 2526 humilitas.
2323 2501 2394 2513 —
2415 2472 2576 2529 Vides
2603 2474 2752 2528 Pauli
2784 2474 3134 2531 humilitatem
3157 2478 3180 2530 ?
3212 2478 3363 2533 vides

1775 2563 2012 2617 animum
2060 2564 2421 2633 generosum?
2471 2565 2756 2636 Postquam
2787 2568 3023 2622 ostendit
3062 2584 3123 2624 se
3153 2570 3362 2624 illorum

1775 2655 1965 2723 opibus
1991 2669 2087 2709 sua
2113 2670 2270 2710 causa
2316 2656 2536 2711 minime
2584 2673 2742 2727 egere
2764 2699 2778 2723 ,
2812 2667 2938 2714 tunc
2975 2660 3086 2726 jam
3139 2660 3366 2716 ﬁdenter

1779 2745 1996 2803 humilia
2026 2746 2187 2805 etiam
2219 2745 2426 2821 profert
2452 2747 2635 2816 verba,
2682 2759 2843 2821 atque
2874 2750 2940 2808 ad
2963 2766 3028 2807 ea
3056 2751 3360 2816 descendit,

1779 2841 1971 2913 quibus
2003 2842 2234 2910 mendici
2262 2852 2506 2910 utuntur,
2533 2844 2665 2911 Quae
2699 2855 2786 2898 tua
2815 2854 2898 2900 est
2935 2846 3094 2900 dandi
3136 2863 3364 2902 consue-

1782 2934 1928 2988 tudo.
1952 2933 2098 2989 Nihil
2128 2935 2272 2989 enim
2301 2943 2514 2989 recusat
2539 2937 2620 2990 vel
2653 2936 2832 2992 facere
2865 2937 2946 2992 vel
2980 2938 3182 3004 dicere,
3209 2938 3368 2992 dum-

1784 3023 1947 3079 modo
1971 3023 2113 3094 quod
2143 3026 2255 3077 vult
2276 3033 2423 3079 recte
2448 3024 2713 3080 conﬁciat.
2739 3026 2875 3093 Quid
2907 3036 3084 3081 autem
3116 3028 3218 3082 ltoc
3245 3038 3326 3083 est
3347 3030 3371 3079 ἰ

1787 3116 1864 3171 Ne
1895 3117 2112 3185 putetis,
2144 3117 2335 3186 inquit,
2395 3116 2740 3186 impudentiae
2786 3117 2949 3174 fuisse
2979 3119 3136 3173 verba
3163 3160 3179 3184 ,
3228 3119 3372 3190 quod

1786 3207 2112 3278 ob;urgarim
2140 3222 2202 3261 ac
2226 3207 2479 3272 dixerim,
2512 3209 2799 3278 Aliquando
2828 3208 3028 3264 tandem
3053 3211 3373 3280 refloruistis;

1789 3314 1964 3368 neque
1992 3300 2150 3351 etiam
2180 3299 2516 3352 necessitatis
2541 3315 2552 3350 :
2579 3314 2686 3353 non
2717 3302 2858 3355 enim
2891 3302 3030 3369 quod
3053 3317 3237 3372 egeam
3261 3304 3376 3356 haec

1790 3389 1932 3453 dico,
1968 3389 2062 3444 sed
2090 3390 2213 3459 quid
2231 3389 2254 3443 'i
2281 3390 2359 3444 Eo
2385 3389 2527 3460 quod
2559 3391 2707 3446 vobis
2733 3392 2887 3446 valde
2908 3392 3195 3458 conﬁdam,
3219 3402 3379 3463 atque

1794 3480 1952 3549 hujus
2007 3479 2238 3535 ﬁdentia:
2283 3495 2379 3534 vos
2429 3491 2678 3536 auctores
2707 3483 2858 3537 estis.
2909 3483 3070 3538 Vides
3112 3485 3382 3554 quomodo

1795 3573 1943 3642 ipsos
1981 3580 2134 3626 curet
2166 3581 2220 3625 et
2248 3573 2454 3660 laniat?
2498 3572 2553 3626 In
2593 3573 2747 3628 vobis
2771 3614 2786 3638 ,
2818 3575 3024 3643 inquit,
3070 3589 3229 3628 causa
3260 3587 3338 3629 est
3366 3617 3378 3639 ,

1796 3663 1888 3732 qui
1915 3670 2040 3715 ante
2065 3661 2196 3715 alios
2222 3661 2288 3714 ad
2315 3660 2452 3715 hanc
2481 3677 2593 3715 rem
2622 3663 2926 3726 accurritis,
2955 3678 3018 3717 ac
3041 3664 3195 3717 nobis
3218 3664 3385 3717 ﬁden-

1801 3755 1927 3808 tiam
1953 3753 2115 3819 datis,
2146 3762 2202 3806 ut
2230 3769 2316 3807 res
2348 3753 2652 3821 ltujusmodi
2685 3755 2836 3807 vobis
2880 3755 2933 3809 in
2962 3757 3272 3809 memoriam
3303 3772 3386 3809 re-

1799 3845 2062 3915 digamus.
2094 3845 2162 3898 Et
2189 3844 2307 3899 vide
2329 3847 2641 3913 gravitatem
2678 3863 2691 3899 :
2721 3845 2847 3899 dum
2880 3862 2985 3899 non
3016 3849 3256 3908 mittunt,
3288 3847 3392 3900 mi-

1802 3930 1944 3990 nime
1965 3937 2227 4006 objurgat,
2255 3951 2320 3990 ne
2344 3936 2583 3990 videatur
2599 3951 2746 3990 suam
2767 3952 2983 3991 causam
3014 3953 3206 4007 agere;
3234 3947 3378 4006 post-

1803 4041 1963 4095 quam
1993 4041 2122 4080 vero
2144 4027 2418 4090 miserant,
2454 4035 2580 4080 tunc
2610 4041 2703 4080 eos
2730 4027 2798 4080 de
2838 4030 3110 4096 prmterito
3148 4037 3392 4098 tempore

1805 4118 2130 4188 objurgavit;
2166 4126 2323 4187 atque
2347 4118 2418 4170 illi
2442 4132 2595 4186 atquo
2616 4119 2794 4172 animo
2818 4120 3055 4174 tulerunt
3083 4139 3094 4174 :
3116 4121 3225 4190 jam
3248 4122 3390 4176 enim

1797 4212 2025 4265 minime
2055 4210 2333 4265 videbatur
2357 4225 2511 4264 suum
2544 4212 2817 4280 negotium
2845 4227 3056 4282 gerere.
3091 4214 3177 4268 15.
3212 4215 3390 4280 Scitis,

1808 4301 2012 4371 inquit,
2045 4312 2091 4355 et
2121 4319 2205 4356 vos
2237 4301 2596 4370 Pliilt'ppenses
2615 4343 2630 4367 ,
2663 4304 2797 4370 quod
2826 4304 2878 4356 in
2907 4305 3155 4374 principio
3181 4321 3397 4374 evange-

1810 4397 1900 4459 lii,
1940 4397 2145 4466 quando
2187 4397 2442 4466 profectus
2469 4412 2582 4449 sum
2625 4413 2655 4448 a
2689 4395 2995 4452 Macedonia
3019 4439 3034 4464 ,
3087 4400 3231 4452 nulla
3272 4400 3396 4455 nti/ti

1803 4489 2047 4543 Ecclesia
2074 4488 2458 4542 communicavit
2492 4487 2545 4540 in
2577 4488 2774 4541 ratione
2799 4488 2910 4541 dati
2938 4496 2985 4542 et
3022 4491 3217 4559 accepti
3243 4532 3258 4555 ,
3297 4491 3398 4545 nisi

1811 4597 1897 4636 vos
1928 4581 2044 4634 soli.
2076 4580 2265 4649 Papae!
2298 4589 2552 4648 quantum
2600 4580 2934 4635 encomiuml
2984 4579 3248 4650 siquidem
3291 4580 3400 4636 Co-

1814 4673 2028 4737 rinthii,
2077 4672 2308 4739 itemque
2345 4670 2607 4732 Romani,
2657 4686 2724 4724 eo
2765 4671 2902 4740 quod
2944 4671 3130 4726 isthmc
3175 4672 3244 4727 ab
3285 4674 3402 4743 ipso

1815 4763 2108 4825 audissent,
2143 4763 2431 4815 invitantur
2477 4783 2488 4815 :
2521 4761 2571 4814 Ιιὶ
2603 4760 2733 4815 v‘ero
2759 4777 2879 4816 cum
2915 4765 3059 4818 nulla
3085 4764 3259 4819 adhuc
3293 4767 3398 4820 Ec-

1815 4855 1976 4911 clesia
2004 4854 2286 4924 ccepisset,
2317 4853 2483 4922 inquit
2531 4854 2671 4906 enim
2697 4895 2710 4918 ,
2742 4853 2806 4907 In
2839 4855 3088 4926 principio
3135 4859 3400 4928 evangelii,

1819 4957 2018 5003 tantam
2059 4960 2178 5017 erga
2229 4954 2468 5000 sanctum
2500 4944 2640 4998 bunc
2670 4946 3022 5000 ostenderunt
3061 4948 3222 5001 animi
3272 4963 3402 5017 pro-

1822 5039 2130 5109 pensionem
2170 5050 2231 5089 ac
2257 5035 2522 5098 studium,
2558 5043 2615 5087 ut
2657 5051 2778 5089 cttm
2841 5037 3045 5090 nullum
3093 5039 3398 5105 exemplum

1824 5127 2156 5198 propositum
2184 5125 2461 5190 baberent,
2499 5125 2596 5194 ipsi
2627 5127 2783 5195 primi
2815 5126 2939 5181 huic
2965 5127 3183 5181 ferendo
3211 5128 3403 5182 fructui

1824 5226 2028 5280 ittitium
2053 5224 2259 5278 darent.
2289 5225 2471 5295 Neque
2498 5223 2780 5277 dicendum
2806 5232 2888 5277 est
2915 5224 3026 5277 haec
3048 5224 3168 5278 illos
3193 5223 3402 5287 fecisse,

1823 5318 1966 5389 quod
1998 5319 2189 5372 Paulus
2232 5317 2367 5386 apud
2401 5333 2458 5370 se
2502 5326 2772 5376 maneret,
2825 5325 2983 5385 atque
3026 5315 3404 5370 beneﬁciorum

1824 5425 1982 5465 causa
2011 5425 2126 5478 quae
2163 5409 2228 5462 ab
2257 5409 2370 5474 ipso
2400 5407 2703 5474 acciperent
2737 5424 2748 5460 :
2781 5405 2950 5475 inquit
2978 5407 3142 5470 enim,
3189 5408 3411 5473 Quando

1831 5505 2082 5573 profectus
2110 5519 2220 5554 sunt
2252 5520 2282 5554 α
2316 5501 2635 5560 Macedonia,
2669 5500 2810 5552 nulla
2854 5500 2978 5552 mihi
3006 5499 3233 5552 Ecclesia
3273 5515 3407 5552 com-

1833 5594 2103 5646 municarit
2135 5594 2186 5643 in
2213 5594 2403 5644 ratione
2431 5593 2536 5643 dati
2567 5603 2611 5644 ct
2643 5591 2857 5658 accepti,
2889 5591 2988 5642 nisi
3014 5606 3098 5642 eos
3127 5590 3240 5641 soli.
3273 5589 3409 5656 Quid

1829 5698 1930 5743 est,
1964 5685 2161 5750 :lccepti
2183 5685 2203 5734 ἶ)
2231 5684 2353 5750 quid
2395 5699 2521 5735 vero
2563 5697 2642 5735 est
2669 5725 2682 5747 ,
2716 5679 3150 5734 Communicuvit?
3178 5694 3272 5730 cur
3304 5692 3406 5732 non

1831 5779 1982 5841 dixit,
2013 5774 2218 5829 Nuliant
2252 5774 2350 5828 sibi
2383 5773 2669 5827 Eeclcsiam
2697 5770 2936 5836 dedisse,
2968 5769 3058 5828 sed
3079 5809 3093 5837 ,
3125 5766 3412 5823 Communi-
