4050 6324
715 473 845 529 cavit
872 470 926 527 in
951 464 1147 526 ratione
1170 466 1278 522 dati
1316 473 1366 522 et
1389 464 1580 533 accepti
1597 463 1623 516 .’
1650 461 1759 529 Res
1789 460 1934 516 cnim
1983 460 2099 515 haec
2139 472 2289 513 com-

714 559 1008 626 m‘uuicatio
1033 556 1278 630 quaedam
1319 563 1423 611 est.
1462 554 1592 608 Nam
1625 551 1686 608 Si
1715 569 1843 619 nos,
1889 550 2105 636 inquit,
2151 547 2293 602 vobis

712 650 1003 722 spiritalia
1021 647 1396 711 seminavimus,
1424 644 1548 715 quid
1573 657 1831 713 magnum,
1855 643 1901 697 si
1924 642 2016 694 nos
2058 636 2292 694 carnalia

712 752 878 797 uestra
908 732 1154 794 metamus
1199 737 1277 809 (l.
1327 736 1446 791 Cor.
1475 735 1530 792 9.
1564 733 1703 803 ll)?
1745 739 1800 788 et
1855 745 2076 796 rursus,
2114 726 2293 782 Vestra

715 832 1049 896 abundantia,
1079 840 1135 883 ut
1169 828 1375 883 illorum
1411 825 1638 896 inopiam
1676 821 1909 893 suppleat
1933 820 2020 895 (2.
2065 819 2185 875 Cor.
2235 817 2292 874 8.

716 920 829 990 υ).
865 920 1026 975 Vides
1062 917 1334 990 quomodo
1382 913 1931 977 communicaveriut,
1991 911 2043 966 in
2086 898 2294 964 ratione

718 1009 848 1076 dati,
901 1008 1077 1064 dando
1127 1007 1382 1072 carnalia,
1440 1014 1497 1061 et
1542 1004 1595 1059 in
1643 1003 1852 1058 ratione
1904 999 2149 1069 accepti,
2197 1012 2294 1054 ac-

720 1101 968 1171 cipiendo
983 1099 1317 1172 spiritualia?
1345 1099 1556 1153 Etenim
1584 1094 2030 1166 quemadmodum
2053 1091 2292 1148 venden-

719 1202 802 1250 tes
825 1203 882 1250 et
909 1202 1151 1250 ementes
1176 1190 1389 1246 inter'se
1417 1188 1834 1252 communicant,
1863 1187 2002 1244 alter
2030 1185 2097 1240 ab
2124 1185 2296 1239 altero
2340 1234 2356 1243 κ

719 1284 951 1340 vicissim
980 1282 1248 1352 accipiens
1273 1289 1330 1337 et
1365 1279 1541 1346 dans;
1574 1278 1676 1334 hoc
1696 1278 1837 1333 enim
1869 1286 1953 1333 est
1992 1273 2293 1331 communi-

669 1398 672 1401 ·
716 1375 860 1430 catio
889 1395 904 1429 :
933 1375 1004 1427 ita
1031 1389 1162 1428 sane
1189 1382 1244 1427 et
1285 1371 1338 1426 in
1369 1371 1470 1426 hac
1505 1385 1583 1426 re.
1627 1370 1771 1426 Nihil
1814 1369 1980 1435 enim,
2027 1367 2156 1424 nihil
2197 1366 2297 1421 hac

720 1463 1081 1534 negotiatione
1122 1472 1176 1517 et
1206 1471 1508 1517 mercatum
1537 1471 1621 1517 est
1643 1461 1998 1531 quaestuosius
2028 1473 2043 1513 :
2072 1472 2195 1511 nam
2237 1455 2298 1512 lit

715 1555 932 1629 quidem
957 1556 1010 1611 iu
1043 1565 1204 1619 terra,
1252 1555 1531 1625 perﬁcitur
1555 1561 1734 1608 autem
1777 1552 1830 1605 in
1861 1549 1994 1605 caelo
2029 1568 2043 1603 :
2087 1558 2143 1604 et
2179 1563 2294 1603 em-

715 1659 898 1718 ptores
920 1647 1133 1719 quidem
1153 1648 1204 1701 in
1234 1656 1372 1700 terra
1399 1654 1557 1706 sunt;
1579 1653 1764 1698 emunt
1793 1658 1924 1698 vero
1944 1651 1998 1697 et
2019 1641 2298 1712 paciscun-

717 1749 804 1794 tur
827 1754 890 1793 ea
918 1752 1038 1808 quas
1069 1738 1122 1790 in
1140 1736 1308 1800 cadis,
1340 1745 1556 1790 terreno
1577 1733 1824 1803 deposito
1851 1732 2043 1801 pretio.
2189 1806 2195 1809 _

788 1829 844 1883 5.
886 1826 1084 1882 Verum
1112 1841 1217 1880 non
1255 1823 1506 1893 desperet
1533 1823 1839 1892 quispiam:
1879 1836 1986 1874 non
2033 1830 2158 1875 sunt
2181 1835 2288 1875 cat-

714 1921 872 1975 lestia
899 1917 1146 1988 pecuniis
1192 1913 1462 1985 proposita
1503 1914 1710 1968 venalia
1738 1925 1754 1966 :
1785 1926 1890 1966 non
1932 1912 2020 1967 illa
2057 1911 2296 1980 pecunia:

715 2017 926 2083 emunt,
967 2008 1062 2063 sed
1094 2001 1297 2062 elo-otio
1324 2013 1485 2075 atque
1530 2005 1740 2058 animus
1783 2003 2013 2058 hominis
2041 2003 2294 2072 pecunias

714 2099 1048 2174 projicieutis
1069 2139 1086 2165 ,
1116 2097 1210 2153 sed
1240 2095 1574 2167 philosophia
1593 2135 1608 2161 ,
1634 2093 1968 2149 saecularium
1997 2109 2176 2151 rerum
2200 2092 2294 2148 de-

713 2203 951 2265 spectus,
983 2189 1313 2254 humanitas,
1343 2187 1730 2253 misericordia.
1759 2184 2057 2257 Caeteroqui
2085 2227 2101 2253 ,
2127 2185 2173 2239 si
2207 2200 2295 2239 ar-

713 2293 876 2353 gento
923 2289 1251 2346 emerentur,
1296 2293 1415 2348 quas
1451 2278 1560 2333 duo
1590 2278 1792 2332 minuta
1843 2277 2071 2348 proiecit
2116 2276 2290 2350 (Luc.

710 2377 776 2430 2|
809 2375 850 2440 ),
878 2373 1013 2428 nihil
1042 2386 1174 2427 sane
1200 2385 1449 2439 magnum
1475 2369 1768 2438 accepisset
1793 2388 1806 2423 :
1874 2384 2016 2423 nunc
2038 2369 2290 2438 quoniam

710 2481 820 2524 non
847 2471 1147 2534 argentum,
1175 2461 1270 2517 sed
1291 2461 1489 2516 electio
1508 2460 1644 2515 hanc
1659 2460 1766 2514 vim
1793 2459 2042 2526 habebat,
2073 2473 2290 2514 omnem

710 2557 802 2613 illa
852 2557 1014 2611 animi
1062 2553 1473 2625 propensionem
1518 2551 1789 2615 atterens,
1833 2551 2012 2606 omnia
2059 2556 2288 2618 accepit.

709 2648 895 2717 Itaque
937 2661 1009 2700 ne
1051 2645 1292 2699 dicamus
1320 2643 1562 2712 pecuniis
1591 2657 1811 2712 regnum
1859 2641 2005 2706 emi;
2051 2656 2161 2695 non
2200 2656 2291 2709 pe-

709 2738 904 2803 cuniis,
930 2734 1028 2790 sed
1059 2733 1322 2790 electione
1342 2741 1397 2788 et
1424 2732 1696 2787 voluntate
1715 2772 1732 2797 ,
1764 2746 1884 2800 quae
1913 2745 2007 2799 per
2034 2730 2289 2799 pecunias

706 2826 1012 2882 exhibetur.
1058 2824 1221 2893 ,Ergo
1260 2837 1396 2892 opus
1437 2830 1559 2887 Cal,
1608 2820 1824 2891 inquis,
1879 2819 2122 2874 divitiis?
2169 2819 2289 2875 Non

707 2915 912 2971 divitiis
945 2926 1084 2984 Opus
1104 2921 1223 2978 est,
1255 2911 1350 2966 sed
1377 2920 1524 2967 certa
1552 2909 1824 2966 voluntate
1870 2927 1885 2962 :
1931 2909 1976 2964 si
2023 2913 2163 2963 hanc
2190 2908 2290 2963 ha-

706 3009 875 3071 beas,
909 3006 994 3060 vel
1037 3005 1245 3060 duobus
1288 3002 1517 3057 minutis.
1545 3001 1747 3071 pateris
1793 3015 2012 3072 regnum
2058 3015 2286 3066 emere;

637 3120 645 3127 ·
705 3101 791 3155 sin
819 3100 1018 3164 minus,
1056 3110 1230 3167 neque
1262 3094 1412 3150 mille
1436 3094 1552 3147 auri
1582 3094 1780 3147 talenta
1822 3091 2152 3147 tantumdem
2190 3107 2289 3164 po-

705 3197 887 3246 terunt
911 3227 927 3253 ,
955 3201 1019 3242 ac
1047 3186 1154 3241 duo
1183 3186 1385 3240 minuta
1426 3192 1668 3252 possunt.
1703 3181 1853 3242 Cur?
1877 3181 2139 3251 Quoniam
2161 3200 2284 3239 cum

706 3280 873 3336 multa
893 3277 1095 3332 habens
1115 3275 1362 3346 pauciora
1387 3274 1582 3328 dedisti
1607 3313 1622 3338 ,
1650 3273 2045 3344 eleemosyuam
2068 3273 2284 3343 quidem

704 3373 902 3438 iecisti,
926 3371 1020 3427 sed
1048 3386 1154 3426 non
1178 3377 1375 3423 tantam
1398 3375 1650 3438 quantam
1673 3365 1830 3421 vidua
1859 3366 1968 3420 illa.
1998 3365 2112 3419 Non
2138 3367 2285 3422 enim

707 3472 910 3520 tantam
960 3461 1247 3517 adhibuisti
1279 3459 1613 3514 alacritatem
1657 3467 1711 3513 et
1758 3457 1921 3512 animi
1969 3459 2286 3528 propensio-

705 3571 850 3622 nem,
872 3565 1030 3626 atque
1057 3552 1143 3607 illa
1169 3569 1182 3606 :
1210 3551 1299 3608 illa
1325 3551 1468 3605 enim
1496 3549 1676 3604 omnia
1703 3548 1804 3602 sibi
1825 3547 2077 3612 abstulit;
2105 3548 2287 3619 potius

708 3658 889 3704 autem
940 3661 1047 3700 non
1100 3645 1355 3708 abstulit,
1407 3642 1502 3697 sed
1538 3642 1716 3696 omnia
1759 3633 1862 3694 επιί
1911 3640 2014 3710 ipsi
2044 3640 2284 3696 donavit.

703 3741 820 3797 Non
859 3739 1002 3793 enim
1045 3736 1223 3791 aureis
1259 3735 1472 3790 talentis
1511 3740 1956 3804 regnum'pactus
1996 3742 2081 3788 est
2119 3733 2283 3804 Deus,

706 3832 800 3898 scd
830 3810 993 3883 animi
1025 3828 1419 3898 propensione;
1453 3841 1559 3879 non
1603 3834 1777 3878 morte
1798 3864 1814 3888 ,
1858 3823 1950 3878 sed
1980 3824 2283 3880 electione:

708 3896 814 3978 non
855 3921 998 3976 enim
1027 3896 1199 3973 valde
1247 3932 1496 3984 magnum
1542 3927 1642 3972 est.
1694 3914 1831 3982 Quid
1876 3911 2039 3970 enim;
2057 3924 2142 3970 est
2171 3916 2287 3970 ani-

707 4030 848 4069 mam
891 4027 1050 4066 unam
1073 4009 1240 4065 dare?
1267 4007 1442 4079 Unum
1486 4006 1755 4060 hominem
1782 4004 1931 4059 dedit
1958 4023 1972 4069 ;
2005 4021 2146 4060 unus
2186 4020 2284 4060 au-

708 4117 814 4161 tem
847 4105 1008 4157 homo
1035 4116 1139 4154 non
1171 4115 1265 4169 par
1294 4099 1525 4169 pretium
1571 4106 1674 4152 est.
1723 4097 1813 4152 l6.
1861 4097 1999 4163 Quia
2031 4109 2076 4151 et
2118 4098 2282 4153 Thcs-

709 4195 992 4248 salouicam
1029 4189 1183 4243 semei
1206 4229 1221 4253 ,
1254 4197 1298 4241 et
1330 4188 1404 4241 bis
1433 4188 1485 4239 in
1509 4203 1631 4240 usus
1665 4187 1789 4240 mihi
1821 4188 2046 4241 misistis.
2075 4188 2286 4243 Rursus

711 4297 959 4352 magnum
985 4279 1288 4335 encomium
1317 4294 1330 4330 :
1361 4276 1791 4345 quandoquidem
1809 4317 1822 4339 ,
1846 4291 1967 4329 cum
1999 4277 2052 4330 in
2084 4289 2285 4332 metro-

706 4374 816 4443 poli
843 4378 1006 4433 esset,
1033 4368 1299 4435 ahexigua
1322 4374 1498 4419 tamen
1521 4365 1736 4420 civitate
1755 4364 2017 4419 alebatur.
2049 4367 2113 4420 Et
2139 4366 2280 4431 vide;

706 4479 773 4518 ne
803 4469 1058 4532 perpetuo
1087 4473 1145 4512 se
1173 4473 1240 4512 ex
1268 4456 1584 4511 necessitate
1610 4455 1851 4510 eximens
1872 4497 1886 4520 ,
1913 4451 2066 4526 ipsos
2090 4499 2106 4523 ,
2138 4458 2281 4527 quod

705 4562 859 4607 antea
911 4550 1192 4615 dicebam,
1243 4537 1652 4618 riegligentiores
1703 4547 1993 4616 redderet,
2025 4565 2147 4607 cum
2201 4560 2280 4607 tot

709 4643 882 4698 modis
909 4641 1232 4696 ostendisset
1272 4655 1332 4693 se
1375 4656 1478 4693 non
1525 4655 1720 4709 egere;
1754 4653 1894 4694 nunc
1923 4655 1988 4696 ex
2029 4639 2132 4696 hoc
2161 4643 2278 4698 solo

708 4736 760 4791 id
808 4733 1147 4789 manifestum
1178 4730 1335 4795 fecit,
1389 4733 1459 4785 ita
1487 4722 1737 4785 nimirum
1770 4732 1953 4786 dicens
1975 4773 1988 4797 ,
2039 4732 2105 4787 In
2137 4751 2276 4789 usus.

705 4829 819 4884 Non
851 4827 992 4881 enim
1023 4826 1191 4893 dixit,
1221 4825 1384 4889 Meos,
1419 4825 1511 4878 sed
1544 4834 1747 4878 tantum
1768 4867 1784 4889 ,
1823 4823 1886 4878 In
1915 4842 2035 4879 usus
2056 4866 2072 4892 ,
2105 4829 2280 4896 gravi-

705 4922 830 4973 tatis
855 4918 1057 4972 scilicet
1084 4928 1138 4971 et
1168 4915 1346 4971 decori
1379 4917 1640 4971 rationem
1671 4917 1871 4970 habens
1896 4958 1911 4980 ,
1945 4933 2051 4971 non
2080 4934 2143 4972 ex
2175 4918 2278 4974 hoc

703 5011 852 5073 solo,
884 5007 978 5062 sed
1003 5009 1162 5062 etiam
1206 5023 1273 5060 ex
1302 5022 1367 5061 eo
1393 5006 1533 5076 quod
1572 5005 1839 5073 sequitur.
1872 5005 2001 5060 Nam
2028 5009 2280 5077 quoniam

705 5099 757 5153 id
786 5099 985 5152 humile
1015 5097 1266 5167 quiddam
1294 5112 1415 5151 esse
1455 5111 1558 5150 non
1589 5096 1867 5167 ignorabat
1893 5138 1908 5162 ,
1940 5113 2125 5154 rursus
2155 5114 2280 5154 cor-

702 5191 939 5245 rectione
985 5189 1214 5260 quadam
1262 5189 1596 5244 communit:
1631 5187 1844 5242 l7.Non
1889 5191 2026 5258 quod
2067 5206 2276 5260 qutcro,

702 5281 910 5349 inquit,
942 5281 1117 5333 datum
1140 5297 1160 5333 :
1204 5278 1345 5349 quod
1371 5288 1524 5333 antea
1552 5279 1779 5345 dixerat,
1812 5279 1929 5335 Non
1961 5284 2106 5351 quasi
2155 5299 2277 5352 pro-

700 5383 810 5441 pter
825 5372 1088 5441 penuriam
1113 5371 1248 5437 dico,
1273 5370 1411 5424 idem
1441 5371 1745 5439 significans
1770 5390 1782 5425 :
1806 5389 2124 5444 quamquam
2149 5376 2277 5430 illud

703 5463 874 5528 majus
902 5471 984 5515 est
1007 5501 1024 5524 ,
1073 5475 1231 5530 quam
1264 5462 1384 5515 hoc.
1417 5461 1576 5515 Aliud
1608 5464 1749 5517 enim
1780 5474 1857 5517 est
1881 5505 1896 5529 ,
1947 5480 2069 5519 eum
2097 5465 2276 5532 desit,

702 5565 808 5604 non
839 5564 1119 5618 quzerere;
1162 5550 1337 5615 aliud,
1368 5566 1488 5606 eum
1518 5552 1657 5607 desit
1681 5595 1695 5616 ,
1745 5569 1813 5608 nc
1842 5554 2030 5610 deesse
2058 5557 2275 5626 quidem

704 5649 913 5709 putare.
945 5637 1068 5694 Non
1094 5641 1230 5709 quod
1255 5659 1450 5713 auaro,
1481 5645 1684 5715 inquit,
1713 5646 1889 5700 datum
1914 5688 1928 5712 ,
1958 5648 2048 5701 sed
2077 5650 2274 5718 requiro

701 5737 918 5802 fructum
942 5733 1282 5790 abundantem
1310 5736 1360 5791 in
1392 5737 1634 5793 rationem
1662 5750 1874 5796 vestram
1893 5782 1907 5811 ,
1940 5757 2044 5799 non
2068 5759 2264 5803 meatu.

1079 5833 1106 5851 ε

1461 350 1519 407 S.
1559 345 1836 405 JOANNIS
1868 343 2342 404 (animum!
2381 345 2697 404 AﬂCﬂlEP.
2737 344 3266 403 CONS‘I'ANTINOP.
3881 336 3971 392 293.
4030 333 4031 338 “

2405 457 2568 515 Vides
2595 459 2828 516 fructum
2860 460 2966 516 illis
2993 460 3217 530 colligi?
3245 460 3360 516 Non
3389 474 3504 516 mea
3524 499 3543 528 ,
3574 462 3773 532 inquit,
3803 475 3973 524 causa.

2402 550 2497 605 sed
2523 559 2700 607 vestra
2730 551 2846 607 haec
2865 550 3008 618 dico,
3041 551 3109 605 ad
3138 558 3373 607 vestram
3402 550 3627 607 salutem
3661 570 3677 606 :
3711 567 3818 622 ego
3845 554 3975 607 enim

2401 641 2526 696 dum
2553 642 2761 712 accipio
2784 685 2800 709 ,
2829 642 2962 697 nihil
2988 643 3206 714 lucror;
3236 644 3404 713 gratia
3433 643 3674 700 dantium
3703 652 3812 700 est.
3845 645 3974 699 Dan.

2403 731 2544 788 tibus
2574 733 2720 788 enim
2763 733 2871 788 illic
2897 743 2981 788 est
3026 733 3260 803 reposita
3291 749 3500 792 merces
3527 775 3544 800 ,
3588 734 3969 806 accipientibus

2400 836 2529 878 vero
2576 823 2662 879 hic
2703 835 3098 880 consumuntur
3124 841 3244 895 qua:
3272 825 3562 895 accipiunt.
3615 826 3828 882 Rursus
3861 841 3973 881 cum

2400 915 2662 980 encomio,
2697 925 2752 970 et
2774 916 3006 987 quodam
3035 917 3292 1002 egestatis
3321 931 3504 972 sensu.
3552 918 3688 974 Nam
3716 921 3968 990 quoniam

2398 1003 2629 1074 dixerat,
2668 1005 2785 1061 Non
2808 1023 2981 1079 quem
3003 1023 3025 1072 ;
3051 1023 3120 1062 nc
3147 1023 3337 1064 rursus
3362 1010 3780 1080 negligentiores
3802 1010 3972 1078 faciat,

2403 1097 2597 1168 inquit,
2647 1097 2733 1155 18.
2785 1100 2972 1170 Recepi
2999 1110 3168 1155 autem
3208 1102 3399 1167 omnia,
3427 1112 3474 1156 et
3502 1101 3726 1158 abundo.
3773 1102 3833 1158 id
3861 1114 3937 1157 est
3957 1147 3970 1169 ,

2402 1206 2497 1260 per
2518 1189 2622 1246 hoc
2640 1191 2840 1247 donum
2872 1207 2990 1263 quae
3011 1194 3174 1248 etiam
3188 1194 3394 1249 omissa
3417 1194 3620 1250 fuerant
3640 1197 3970 1269 explevistis:

2399 1280 2542 1350 quod
2572 1281 2783 1337 illorum
2817 1283 3047 1339 maxime
3091 1285 3318 1341 incitare
3360 1286 3693 1341 alacritatem
3739 1296 3966 1356 poterat.

2399 1371 2532 1426 Nam
2551 1372 2642 1443 qui
2670 1370 3046 1442 benefaeiunt,
3074 1383 3274 1446 quanto
3301 1376 3530 1445 majores
3556 1376 3608 1430 in
3634 1375 3966 1445 philowphia

2399 1463 2718 1533 progressus
2757 1450 3012 1520 .leceru'ut
3033 1505 3048 1530 ,
3080 1480 3148 1520 eo
3174 1467 3342 1536 magis
3370 1467 3593 1536 cupiunt
3619 1481 3716 1523 eos
3741 1507 3758 1533 ,
3792 1468 3972 1536 quibus

2397 1552 2801 1622 henel'ecerunt,
2833 1570 2955 1610 esse
2980 1563 3184 1625 gratos.
3217 1555 3405 1625 Recepi
3436 1557 3607 1610 omnia
3631 1597 3649 1623 ,
3680 1567 3730 1612 et
3754 1558 3969 1611 abundo.

2400 1641 2631 1699 Perinde
2655 1658 2719 1698 ac
2748 1645 2793 1700 si
2818 1644 3022 1700 diceret
3048 1661 3063 1700 :
3088 1660 3196 1701 non
3223 1646 3393 1701 solum
3419 1662 3539 1717 qua:
3559 1647 3834 1718 praeterito
3853 1659 3972 1704 tem-

2399 1748 2531 1803 pore
2558 1736 2757 1791 omissa
2785 1735 3016 1803 fuerant,
3046 1737 3378 1806 explevistis,
3409 1738 3504 1793 sed
3532 1740 3692 1794 etiam
3721 1739 3969 1810 majorem

2399 1824 2453 1878 in
2483 1824 2699 1880 modum
2726 1827 3035 1896 explevistis
3055 1866 3072 1893 ,
3102 1837 3263 1898 atque
3290 1828 3646 1884 exuberastis.
3685 1830 3889 1886 Deinde
3912 1846 3971 1885 ne

2399 1915 2504 1981 hoc
2527 1918 2630 1973 illis
2653 1919 2982 1988 exprobrare
3011 1919 3252 1976 videatur
3276 1961 3291 1985 ,
3321 1921 3445 1977 vide
3490 1923 3760 1992 quomodo
3805 1924 3967 1977 locum

2399 2009 2621 2063 muniat.
2655 2009 2917 2076 Quoniam
2961 2009 3210 2078 dixerat,
3243 2009 3366 2065 Non
3401 2011 3537 2082 quod
3564 2028 3737 2081 φασι-ο
3779 2013 3965 2074 datum,

2396 2108 2472 2166 et,
2495 2098 2719 2152 Tandem
2737 2099 3035 2170 aliquando,
3059 2109 3114 2156 et
3132 2101 3446 2157 ostenderat
3459 2101 3697 2157 debitum
3716 2102 3768 2157 id
3793 2102 3966 2156 fuisse:

2399 2191 2503 2247 hoc
2528 2193 2672 2247 enim
2694 2191 2956 2263 signiﬁcat
2972 2233 2989 2259 ,
3016 2193 3261 2262 a'tnizatﬁd
3290 2202 3407 2259 est,
3453 2195 3657 2263 recipio
3675 2195 3835 2263 quasi
3855 2209 3967 2248 cen-

2397 2297 2516 2336 sum
2540 2323 2557 2349 ,
2584 2291 2638 2337 et
2665 2281 2866 2338 fructus
2895 2298 2958 2338 ex
2986 2298 3116 2353 agro
3144 2301 3158 2336 :
3191 2298 3379 2339 rursus
3408 2286 3643 2339 ostendit
3679 2285 3829 2354 ipsos
3859 2285 3966 2354 plus

2395 2388 2554 2441 quam
2583 2372 2844 2428 deberent
2872 2375 3192 2442 praestitisse
3214 2413 3232 2441 ,
3262 2385 3317 2428 et
3348 2377 3519 2445 inquit
3548 2392 3562 2428 :
3596 2375 3786 2445 Recepi
3811 2387 3967 2428 autem

2390 2465 2588 2530 omnia,
2623 2474 2670 2518 et
2695 2463 2938 2531 abundo;
2964 2467 3188 2535 repletus
3223 2482 3355 2519 sum.
3403 2466 3518 2521 Non
3552 2467 3754 2537 absque
3776 2482 3966 2533 causa,

2398 2570 2573 2624 neque
2599 2571 2664 2609 ex
2690 2555 2852 2608 animi
2885 2555 3076 2610 aﬂectu
3106 2555 3222 2611 haec
3247 2555 3401 2622 dico;
3433 2556 3528 2611 sed
3555 2557 3721 2628 quid?
3748 2558 3966 2628 Acceptis

2393 2647 2456 2700 ab
2485 2645 2835 2716 Epaphrodito
2849 2663 2964 2718 qua:
2976 2648 3203 2714 misistis,
3230 2648 3732 2714 odoremsuaaitatis,
3757 2650 3964 2703 hostium

2393 2736 2770 2806 acccptabilcm,
2799 2737 3079 2804 placentem
3104 2736 3228 2791 Deo.
3255 2736 3445 2807 Papae!
3470 2753 3576 2808 quo
3599 2738 3823 2793 istorum
3857 2755 3965 2793 mtt-

2392 2842 2493 2880 nus
2517 2827 2728 2881 evexit!
2776 2825 2894 2880 Non
2924 2841 3026 2897 ego
3051 2868 3066 2892 ,
3101 2828 3292 2897 inquit,
3335 2829 3516 2897 accepi
3537 2870 3553 2894 ,
3585 2829 3679 2882 sed
3713 2829 3853 2883 Deus
3882 2843 3966 2897 per

2391 2933 2500 2972 me.
2542 2917 2902 2985 Quamobrem
2928 2959 2943 2985 ,
2971 2918 3180 2973 etiamsi
3209 2934 3316 2974 non
3343 2934 3529 2990 egeam
3550 2960 3567 2985 ,
3611 2936 3716 2975 non
3761 2921 3862 2975 hoc
3889 2929 3962 2975 ta-

2391 3023 2512 3063 men
2543 3017 2783 3077 spectate
2815 3024 2829 3060 :
2861 3023 2982 3061 nam
3016 3023 3190 3078 neque
3235 3009 3375 3063 Deus
3414 3009 3645 3078 egebat,
3694 3020 3749 3064 et
3792 3019 3963 3064 tamen

2389 3100 2595 3168 accepit
2626 3116 2640 3152 :
2671 3099 2806 3154 adeo
2848 3106 2903 3154 ut
2929 3099 3109 3154 divina
3152 3099 3424 3170 Scriptura
3465 3115 3574 3154 non
3616 3101 3963 3156 reformidant

2389 3191 2570 3245 dicere
2589 3232 2605 3258 ,
2643 3190 2897 3244 Odoratus
2925 3199 2996 3244 est
3019 3187 3272 3243 Dominus
3295 3190 3501 3244 odorem
3527 3191 3792 3245 suavitatis
3814 3190 3958 3261 (Gen.

2390 3283 2443 3339 8.
2481 3283 2563 3355 2.)
2590 3324 2606 3350 ,
2635 3281 2779 3354 quod
2804 3298 2933 3338 sane
2959 3283 3190 3338 lmtantis
3217 3291 3320 3338 est.
3359 3282 3538 3338 Nostis
3564 3285 3729 3350 enim,
3763 3286 3927 3339 nostis
3946 3325 3959 3349 ,

2388 3385 2645 3445 quantum
2673 3391 2739 3430 ex
2769 3375 2950 3430 odoris
2973 3377 3236 3430 suavitate
3265 3375 3528 3430 al‘liciatur
3557 3378 3735 3430 anima
3765 3387 3958 3439 nostra.

2388 3475 2643 3536 quantum
2666 3466 3016 3536 iucunditatis
3040 3477 3096 3521 et
3126 3466 3415 3536 voluptatis
3441 3467 3636 3535 capiat.
3684 3466 3804 3522 Non
3843 3483 3961 3537 ergo

2389 3558 2656 3612 recusavit
2680 3556 2958 3629 Scriptura
2983 3556 3207 3611 verbum
3230 3556 3364 3612 adeo
3383 3557 3671 3612 humanum
3691 3565 3854 3628 atQue
3875 3558 3964 3611 hu~

2389 3648 2518 3704 mile
2549 3650 2660 3703 Deo
2689 3648 2926 3703 tribuere
2956 3664 2970 3704 :
3003 3657 3062 3702 ut
3091 3648 3398 3704 hominibus
3417 3651 3724 3705 ostenderet
3755 3661 3960 3722 accepta

2389 3740 2626 3810 ipsorum
2655 3740 2796 3794 dona
2842 3740 3004 3795 luisse
3036 3757 3051 3793 :
3081 3755 3187 3794 non
3217 3740 3360 3796 enim
3408 3741 3566 3796 nidor
3592 3758 3767 3812 neque
3797 3744 3962 3799 fumus

2389 3843 2608 3902 accepta
2648 3831 2876 3886 faciebat
2900 3872 2915 3895 ,
2947 3831 3041 3886 sed
3084 3833 3295 3887 animus
3321 3833 3412 3902 qui
3450 3833 3746 3899 offerebat;
3775 3835 3961 3905 alioqui

2388 3925 2520 3980 Cain
2539 3925 2700 3979 etiam
2721 3923 2863 3978 dona
2888 3922 3116 3978 fuissent
3140 3932 3380 3994 accepta.
3401 3924 3540 3979 Dixit
3562 3925 3720 3994 igitur
3736 3926 3960 3981 lmtatum

2388 4027 2601 4083 quoque
2623 4013 2789 4068 Deum
2806 4027 2925 4067 esse
2941 4029 2957 4079 ;
2977 4021 3033 4066 et
3050 4013 3322 4082 quomodo
3341 4014 3579 4069 laetetur?
3601 4030 3707 4068 non
3726 4017 3870 4070 enim
3885 4018 3964 4069 ali-

2392 4115 2474 4161 ter
2496 4106 2738 4161 homines
2758 4106 3090 4159 didicissent.
3122 4105 3263 4175 Ergo
3289 4106 3377 4175 qui
3402 4106 3597 4160 nullius
3617 4107 3694 4160 rei
3723 4117 3810 4161 est
3836 4106 3962 4160 indi-

2388 4214 2509 4268 gus,
2524 4197 2652 4252 dicit
2675 4197 2832 4252 valde
2847 4211 2905 4251 se
2920 4197 3112 4262 laetari,
3129 4205 3186 4251 ut
3205 4211 3271 4250 ne
3291 4212 3353 4251 ex
3370 4212 3457 4262 eo,
3476 4196 3617 4266 quod
3639 4213 3746 4252 non
3767 4206 3960 4268 egeret,

2389 4290 2719 4360 negligentes
2745 4292 2892 4342 nant.
2917 4287 3051 4342 Cum
3073 4302 3202 4342 vero
3223 4288 3466 4358 sequenti
3495 4298 3735 4359 tempore
3763 4299 3962 4344 cetera:

2393 4379 2604 4434 virtutis
2626 4378 2798 4444 obliti,
2827 4379 2908 4434 his
2930 4379 3060 4433 solis
3089 4379 3278 4433 hostiis
3302 4379 3636 4436 conﬁderent
3655 4421 3670 4444 ,
3700 4380 3825 4436 vide
3844 4396 3963 4449 quo-

2394 4471 2555 4528 modo
2572 4486 2756 4526 rursus
2787 4473 2933 4540 ipsos
2954 4473 3197 4542 corrigit,
3215 4471 3434 4527 dicens:
3461 4472 3726 4542 Numquid
3757 4474 3962 4532 mandu-

2389 4563 2513 4618 cabo
2537 4581 2715 4617 carnes
2744 4565 3052 4617 taurorum?
3071 4575 3160 4617 aut
3190 4566 3489 4635 sanguinem
3519 4566 3775 4620 hircorum
3792 4567 3962 4635 potobo

2389 4655 2562 4725 (Psal.
2581 4641 2787 4720 iii-l5)?
2805 4654 2916 4709 Hoc
2932 4665 2985 4709 et
3011 4655 3208 4710 Paulus
3230 4657 3420 4726 inquit,
3443 4656 3561 4710 Non
3582 4659 3958 4728 qucero,iuquit,

2389 4746 2674 4802 datum.l9.
2696 4743 2834 4798 Deus
2853 4756 3020 4798 autem
3035 4763 3173 4800 meus
3192 4748 3397 4813 impleat
3415 4764 3612 4801 omnem
3628 4751 3961 4802 necessitatem

2390 4848 2608 4892 uestram
2628 4837 2903 4890 secundum
2926 4837 3126 4892 diuitias
3149 4855 3267 4892 suas
3289 4841 3341 4892 in
3363 4841 3526 4910 gloria
3541 4841 3593 4894 in
3610 4841 3813 4895 Christo
3827 4841 3958 4894 λεῖα.

2457 4929 2512 4982 4.
2559 4927 2693 4982 Vide
2717 4943 2878 4997 quam
2928 4928 3089 4982 etiam
3132 4944 3424 4998 pauperum
3471 4945 3623 4985 more
3669 4932 3810 4986 bene
3855 4946 3959 4999 pre-

2387 5027 2557 5074 cetur.
2581 5019 2733 5086 Quod
2753 5021 2799 5074 si
2825 5021 3018 5074 Paulus
3051 5021 3194 5092 bene
3214 5030 3465 5091 precetur
3485 5023 3733 5078 dantibus
3757 5065 3774 5089 ,
3807 5025 3957 5079 multo

2387 5109 2563 5164 minus
2593 5125 2691 5164 nos
2720 5111 2824 5165 hoc
2855 5111 3033 5166 facere
3063 5112 3470 5179 erubescamus,
3501 5128 3624 5169 cum
3656 5117 3954 5184 accipimus.

2387 5199 2464 5254 Ne
2493 5215 2620 5255 vero
2644 5201 2971 5271 accipiamus
2995 5242 3011 5268 ,
3043 5213 3313 5273 tamquam
3359 5205 3457 5274 ipsi
3487 5221 3772 5275 egeamus,
3804 5221 3956 5276 neque

2389 5304 2569 5348 nostra
2597 5309 2757 5348 causa
2786 5295 3111 5363 gaudeamus
3135 5337 3153 5362 ,
3201 5297 3294 5351 sed
3327 5298 3560 5368 ipsorum
3597 5300 3860 5356 dantium.
3896 5300 3955 5354 ita

2387 5397 2440 5439 et
2490 5386 2644 5439 nobis
2685 5386 2785 5440 erit
2834 5401 3043 5442 merces
3087 5397 3144 5442 et
3183 5389 3599 5458 accipientibus,
3645 5394 3692 5447 si
3735 5395 3955 5463 ipsorum

2387 5491 2548 5531 causa
2579 5478 2822 5533 laetemur
2873 5497 2887 5532 :
2934 5479 3006 5532 ita
3046 5495 3218 5549 neque
3251 5480 3672 5551 indignabimur,
3709 5499 3834 5538 eum
3865 5499 3955 5539 non

2386 5568 2631 5622 dederint
2657 5609 2672 5633 ,
2704 5568 2800 5624 sed
2830 5571 3006 5639 potius
3035 5571 3249 5632 illorum
3292 5574 3464 5629 vicem
3505 5574 3813 5636 dolehimus
3845 5594 3857 5628 :
3895 5577 3951 5629 ita

2386 5659 2546 5714 etiam
2575 5660 2864 5715 alacriores
2891 5661 3198 5728 reddemus,
3234 5663 3281 5719 si
3310 5663 3619 5731 doceamus,
3649 5683 3758 5723 non
3791 5678 3952 5723 nostra

2388 5763 2547 5806 causa
2579 5750 2692 5806 haec
2720 5765 2750 5805 a
2780 5751 2935 5810 nobis
2965 5751 3102 5810 ﬁeri.
3141 5750 3284 5812 Deus
3321 5765 3489 5812 autem
3529 5771 3670 5812 meus
3692 5799 3709 5824 ,
3755 5758 3948 5825 inquit.
