4050 6324
131 373 226 434 επ
991 381 1054 434 IN
1094 370 1306 437 EPIST.
1349 383 1438 436 Al)
1478 373 1760 439 natura.

131 491 326 560 impleat
356 507 554 544 omnem
579 492 914 544 necessitatem
942 503 1174 555 vestram,
1203 493 1334 547 alias
1357 503 1510 547 πᾶςαν
1538 500 1695 565 χάριν,

133 582 208 636 vel
225 602 256 647 ·,
285 589 438 635 «usus
460 585 621 652 xapi-t
646 623 660 644 ,
691 580 740 634 id
762 591 841 632 est
871 621 884 644 ,
911 598 1105 634 omnem
1131 585 1378 653 gratiam,
1405 583 1487 638 vel
1513 625 1528 650 ,
1552 600 1702 638 omne

129 673 382 744 gaudium.
426 675 504 729 Ac
531 673 575 726 si
596 671 811 740 quidem
844 671 1068 742 legatur,
1093 671 1306 726 Omnem
1331 677 1568 743 gratiam,
1597 672 1698 730 hoc

131 766 387 835 signiﬁcat
415 806 430 831 ,
495 779 601 818 non
653 763 789 818 hanc
831 765 996 819 solam
1034 765 1430 836 elcemosynam
1471 781 1589 836 qua:
1644 766 1696 820 in

130 866 284 920 terra,
326 855 421 911 sed
479 870 643 909 omne
670 853 1022 921 benefactum;
1059 859 1162 919 sin,
1187 857 1326 924 quod
1352 858 1520 927 magis
1544 866 1693 925 puto,

133 945 332 997 Omnem
359 945 700 998 neressitatem
727 960 747 1008 ;
774 943 873 998 hoc
899 954 983 998 est
1006 986 1020 1009 ,
1044 945 1184 1014 qu'od
1215 946 1514 1012 signiﬁcare
1551 947 1694 1000 vult:

127 1037 366 1105 quoniam
416 1036 662 1100 dixerat,
710 1035 954 1105 Occupati
997 1038 1190 1101 eratis,
1242 1037 1515 1107 subjuugit
1566 1038 1692 1104 bic,

125 1127 256 1195 quod
299 1128 458 1180 etiam
502 1127 625 1180 facit
663 1129 716 1203 in
751 1127 984 1197 Epistola
1013 1128 1080 1181 ad
1111 1125 1418 1182 Corinthios
1463 1128 1649 1184 dicens
1676 1170 1692 1194 ,

127 1218 224 1284 Qui
247 1219 566 1272 administrat
596 1236 762 1273 semen
787 1221 1075 1295 seminanti,
1105 1229 1152 1274 et
1175 1236 1356 1289 panem
1376 1220 1444 1274 ad
1469 1220 1692 1274 mandu-

122 1308 332 1359 candum
391 1317 592 1373 vra‘stet,
623 1318 668 1360 et
692 1310 986 1378 multiplicet
1026 1325 1192 1363 semen
1229 1319 1448 1363 vestrum
1472 1351 1487 1374 ,
1519 1319 1566 1363 et
1595 1325 1690 1362 au-

124 1406 232 1464 geat
255 1398 480 1466 gmnina
506 1399 714 1467 frugum
729 1401 946 1467 justitite
971 1409 1148 1453 vestra:
1179 1398 1274 1468 (2.
1305 1397 1426 1454 Cor.
1456 1399 1513 1454 9.
1557 1399 1688 1467 10).

124 1484 248 1538 Nan;
292 1497 344 1541 et
386 1487 468 1541 his
497 1487 600 1541 hoc
627 1499 909 1558 precatur,
958 1498 1018 1542 ut
1046 1488 1318 1544 abundent
1362 1497 1416 1544 ct
1461 1489 1692 1543 habeant

126 1577 258 1630 unde
299 1579 605 1644 setninent;
646 1589 697 1632 et
730 1589 998 1648 precatur,
1043 1596 1150 1634 non
1196 1590 1253 1634 ut
1303 1581 1491 1650 quovis
1531 1579 1691 1635 modo

123 1666 404 1731 abundent,
444 1668 566 1734 sed,
601 1661 892 1722 Secundum
917 1670 1120 1723 divitias
1162 1687 1301 1725 suas.
1331 1670 1690 1736 Quamobrem

121 1767 172 1810 et
197 1757 298 1811 hoc
329 1759 600 1814 moderate
631 1759 774 1814 fecit.
817 1759 946 1814 Nam
978 1761 1023 1814 si
1053 1761 1216 1815 Paulo
1243 1762 1444 1816 sitniies
1473 1762 1688 1816 omnino

119 1846 338 1902 fuissent
360 1889 376 1912 ,
415 1849 552 1904 adeo
584 1849 929 1919 philosophi,
972 1851 1108 1906 adeo
1135 1852 1410 1917 cruciﬁxi,
1443 1865 1548 1905 non
1589 1852 1690 1904 hoc

118 1953 241 1992 sane
277 1938 540 1995 ell'ecisset
585 1958 599 1993 :
647 1941 746 1996 sed
792 1942 1042 2012 quoniam
1085 1942 1327 1996 homines
1369 1951 1521 1995 erant
1568 1941 1687 2010 opi-

121 2027 240 2082 lices
264 2070 279 2092 ,
329 2045 589 2100 pauperes
615 2071 630 2096 ,
671 2047 866 2087 uxores
898 2031 1162 2087 habebant
1187 2074 1204 2098 ,
1251 2033 1386 2087 lilios
1431 2033 1647 2087 alebant
1670 2075 1684 2098 ,

119 2127 289 2183 patres
317 2117 541 2175 familias
569 2130 724 2174 eratut
748 2163 763 2187 ,
798 2129 957 2192 atque
994 2138 1058 2177 ex
1093 2123 1349 2178 tenuitate
1377 2139 1470 2177 sua
1508 2135 1684 2180 tamen

116 2207 227 2262 hac
255 2208 512 2265 dederant
538 2251 553 2275 ,
585 2213 921 2283 quadamque
958 2229 1135 2269 rerum
1162 2216 1501 2284 prtesentium
1530 2217 1684 2284 cupi-

115 2297 277 2353 ditate
306 2301 523 2356 minime
555 2303 853 2369 carebant;
896 2306 964 2358 ita
1000 2315 1268 2371 precatur,
1297 2316 1354 2360 ut
1381 2321 1442 2362 se
1467 2307 1533 2361 ad
1561 2307 1684 2362 illo-

116 2380 227 2442 rinn
253 2400 464 2459 captum
501 2391 771 2448 demittat.
815 2395 882 2448 lis
904 2396 1053 2449 enim
1083 2396 1171 2465 qui
1215 2398 1314 2451 hoc
1358 2397 1518 2451 modo
1566 2407 1683 2453 ute-

117 2487 314 2542 rentur,
343 2479 471 2534 nihil
511 2479 726 2536 absurdi
757 2491 962 2537 tantum
991 2485 1241 2553 precari,
1282 2496 1535 2555 quantum
1577 2487 1686 2542 illis

116 2569 244 2621 satis
280 2570 348 2622 sit
378 2580 538 2639 atque
565 2581 620 2625 ut
649 2572 939 2627 abundent.
993 2573 1123 2628 Vide
1162 2574 1320 2644 igitur
1345 2616 1360 2640 ,
1398 2576 1528 2645 quid
1559 2581 1684 2644 pre-

113 2665 262 2709 cetur
293 2673 305 2708 :
335 2672 443 2711 non
467 2658 632 2722 dixit,
679 2656 860 2714 Faciat
895 2660 1088 2716 divites
1114 2702 1129 2726 ,
1167 2677 1230 2716 ac
1271 2663 1426 2717 Valde
1455 2665 1684 2734 opulen-

114 2753 193 2797 tos
212 2783 231 2809 ,
276 2745 367 2799 sed
395 2746 523 2816 quid
544 2747 568 2800 ἲ
608 2746 827 2817 Impleat
853 2765 1052 2805 omnem
1077 2754 1417 2805 necessitatem
1439 2763 1679 2820 vestram,

115 2843 172 2885 ut
210 2848 277 2888 ne
314 2835 551 2904 egentis,
601 2836 694 2891 sed
739 2838 977 2893 habeatis
1005 2855 1125 2910 qua:
1151 2842 1301 2897 vobis
1342 2857 1480 2910 opus
1516 2853 1680 2899 sunt:

112 2925 354 2991 quoniam
389 2935 446 2980 et
485 2926 731 2983 Christus
769 2928 1048 2984 formulam
1077 2933 1234 2986 nobis
1273 2933 1525 3002 precandi
1565 2943 1681 2991 tra-

111 3014 272 3080 dens,
315 3016 412 3070 hoc
461 3017 763 3085 precationi
811 3019 1043 3086 adjecit,
1095 3021 1295 3096 docens
1337 3024 1410 3077 ita
1455 3024 1680 3093 dicere,

115 3104 304 3160 Panem
328 3118 556 3161 nostrum
585 3110 934 3176 quotidianum
980 3112 1048 3164 da
1094 3112 1236 3167 nobis
1264 3114 1418 3170 hodie
1435 3117 1460 3186 '(
1489 3115 1679 3172 lauit.

109 3196 164 3249 ϐ.
197 3197 253 3250 11
284 3196 322 3264 ).
363 3197 654 3251 Secundum
686 3199 885 3252 diuitias
927 3217 1069 3254 suas.
1108 3202 1245 3268 Quid
1275 3205 1374 3258 hoc
1407 3206 1534 3260 est?
1575 3207 1681 3260 Pro

111 3285 462 3340 tnuniﬁcentia
503 3301 638 3352 sua;
685 3287 738 3342 id
780 3298 882 3354 est,
927 3291 1068 3359 quod
1103 3292 1257 3346 facile
1296 3303 1349 3346 et
1373 3295 1483 3348 cito
1511 3297 1682 3364 possit

109 3376 302 3431 facere.
344 3379 420 3432 Ac
446 3393 518 3433 ne
557 3379 904 3446 existiment,
952 3382 1202 3449 quoniam
1230 3383 1338 3437 dixi
1370 3426 1384 3449 ,
1437 3386 1674 3441 Necessi-

113 3476 282 3532 tatem,
311 3468 421 3522 fore
457 3479 518 3521 ut
536 3469 598 3522 in
627 3469 900 3538 angustias
927 3471 1314 3527 concludantur
1339 3491 1355 3524 :
1395 3486 1676 3543 propterea

109 3555 334 3622 addidit,
380 3557 671 3611 Secundum
695 3559 896 3613 divitias
918 3577 1038 3613 suas
1065 3563 1118 3614 in
1143 3564 1308 3631 gloria
1326 3605 1341 3629 ,
1383 3565 1435 3617 itt
1466 3563 1670 3620 Christo

109 3646 246 3700 Jesu.
287 3648 362 3702 ita
390 3649 771 3713 abundabunt,
807 3651 1012 3720 inquit,
1055 3654 1204 3708 vobis
1252 3656 1428 3708 omnia
1457 3698 1471 3722 ,
1496 3669 1581 3729 .ut
1623 3660 1674 3712 in

107 3737 268 3804 gloria
299 3738 461 3806 ipsius
490 3739 607 3793 sitis
651 3739 900 3794 habituri.
953 3739 1049 3796 γει
1082 3743 1238 3811 igitur
1268 3743 1368 3798 hoc
1390 3745 1494 3799 sibi
1525 3749 1673 3815 vult,

111 3832 216 3883 fore
261 3838 318 3883 ut
363 3831 560 3884 nullius
607 3831 680 3883 rei
723 3840 948 3900 egeant;
1003 3831 1185 3886 Gratia
1233 3837 1374 3889 enim
1401 3877 1416 3902 ,
1463 3837 1672 3907 inquit,

109 3935 286 3988 magna
326 3930 434 3973 erat
477 3920 529 3972 in
571 3923 806 3974 omnibus
853 3923 994 3986 iliis,
1045 3939 1201 3992 napus
1237 3927 1370 3978 enim
1410 3928 1675 3997 quisquam

106 4024 246 4078 egens
279 4020 387 4062 erat
432 4011 564 4063 inter
613 4012 728 4065 illos
777 4013 929 4079 (Act.
951 4016 1022 4096 .4.
1055 4016 1144 4069 53.
1199 4016 1308 4086 34)
1344 4036 1356 4070 :
1392 4019 1473 4073 vel
1505 4030 1563 4073 ut
1605 4022 1672 4074 ad

108 4097 264 4164 ipsius
296 4098 385 4154 Dei
413 4100 635 4169 gloriam
664 4103 842 4155 omnia
873 4104 1108 4168 faciant;
1144 4121 1206 4158 ae
1232 4108 1275 4160 si
1303 4108 1511 4164 diceret
1536 4150 1552 4176 ,
1601 4111 1674 4166 Ut

104 4185 166 4238 ad
193 4187 354 4256 ipsius
385 4189 609 4259 gloriam
641 4191 810 4258 cepiis
855 4193 966 4246 suis
994 4196 1232 4250 utamini.
1257 4196 1350 4252 ‘20.
1378 4199 1484 4252 Deo
1505 4213 1671 4256 autem

102 4285 147 4325 et
174 4274 316 4329 Petri
356 4288 530 4331 nostro
572 4280 738 4348 gloria
781 4281 835 4333 in
880 4283 1069 4337 arcula
1112 4287 1431 4342 saeculorum.
1487 4291 1666 4348 Amen.

103 4362 219 4419 Haec
245 4376 419 4420 autem
450 4369 616 4437 gloria
649 4385 755 4424 non
784 4370 900 4424 Filii
932 4374 1104 4428 solum
1131 4416 1147 4439 ,
1179 4376 1271 4430 sed
1310 4379 1469 4432 etiam
1497 4381 1670 4437 Patris

100 4465 211 4508 est:
235 4473 356 4511 nam
381 4458 508 4512 dum
536 4459 789 4514 tribuitur
810 4461 946 4516 Filio
967 4464 1156 4533 gloria,
1184 4468 1430 4522 tribuitur
1455 4488 1669 4542 quoque

102 4542 254 4598 Patri.
298 4547 505 4601 Etenim
535 4550 786 4617 quoniam
817 4550 1025 4607 dixerat
1055 4554 1108 4607 in
1134 4554 1332 4611 Christi
1358 4560 1584 4628 gloriam
1615 4564 1666 4617 id

101 4635 240 4699 fieri,
288 4652 354 4690 ne
401 4638 522 4706 quis
566 4649 714 4708 putet
765 4643 932 4711 ipsius
982 4653 1221 4714 tantum,
1265 4649 1509 4720 addidit,
1555 4651 1666 4711 Deo

101 4734 256 4776 autem
282 4735 326 4779 et
357 4725 503 4780 Patri
532 4739 705 4784 nostro
734 4731 898 4801 gloria
928 4749 948 4786 :
968 4733 1082 4789 ιιωο
1107 4735 1221 4806 ipsa
1251 4740 1520 4808 nimirum,
1545 4760 1664 4813 qua:

99 4815 210 4870 data
235 4828 316 4874 est
344 4819 507 4875 Filio.
527 4821 619 4876 21.
651 4823 887 4878 Salutate
902 4841 1103 4881 omnem
1128 4842 1358 4885 sanctum
1384 4835 1437 4888 in
1461 4835 1663 4892 Christo

99 4905 230 4962 Jesu.
273 4908 388 4965 Non
415 4911 542 4978 leve
564 4922 622 4967 et
660 4914 760 4970 hoc
785 4931 806 4996 ξ
835 4931 1038 4986 magna:
1086 4922 1229 4974 enim
1279 4923 1663 4984 benevolentia:

97 5006 173 5051 est
207 5014 298 5068 per
326 5002 511 5057 literas
539 5005 703 5059 etiam
739 5006 883 5076 ipsos
904 5010 1151 5064 salutare.
1193 5011 1436 5070 Salutant
1459 5033 1548 5071 eos
1575 5021 1662 5089 qui

99 5104 275 5143 mecum
302 5103 422 5145 sunt
453 5096 656 5164 fratres.
688 5099 933 5153 Attamen
977 5101 1194 5160 dicebas
1217 5145 1232 5168 ,
1263 5105 1530 5164 Neminem
1561 5115 1658 5166 Ita-

96 5175 177 5230 διο
217 5182 503 5236 unanimem
522 5224 537 5248 ,
565 5185 652 5253 qui
689 5185 886 5240 sincera
911 5187 1179 5255 electione
1201 5213 1294 5264 pro
1336 5199 1474 5254 nobis
1517 5203 1661 5256 solli-

97 5269 214 5324 citus
235 5272 302 5325 sit
325 5272 589 5344 (Philipp.
618 5276 674 5329 2.
704 5277 822 5351 ‘20);
855 5283 1125 5348 quomodo
1152 5286 1314 5356 igitur
1335 5307 1477 5348 nunc
1499 5294 1679 5362 dicis,-

100 5356 187 5421 Qui
213 5377 405 5415 mum
431 5374 548 5417 sunt
573 5370 756 5434 fratres
780 5368 806 5422 .9
835 5369 944 5424 llos
969 5374 1060 5440 qui
1089 5389 1209 5429 cum
1237 5379 1352 5446 ipso
1377 5393 1522 5448 sunt,
1552 5356 1660 5439 ira;

97 5455 193 5503 tres
235 5461 430 5517 vocat,
474 5455 804 5522 ostendens,
859 5460 945 5513 vel
991 5464 1136 5531 quod
1191 5477 1348 5522 antea
1402 5469 1655 5539 dixerat,

97 5532 348 5594 Nautium
372 5541 531 5596 habeo
551 5548 839 5600 unanimem
863 5589 879 5613 ,
913 5565 1019 5604 non
1049 5551 1116 5606 ad
1145 5569 1240 5608 eos
1267 5532 1540 5624 pertinere.
1563 5566 1654 5634 qui

96 5624 140 5676 in
178 5629 304 5684 urbe
345 5642 536 5696 erant;
579 5648 697 5709 qua:
726 5635 868 5690 enim
919 5639 1025 5694 illis
1070 5648 1361 5702 necessitas
1408 5624 1654 5722 imposita

93 5727 211 5782 erat,
241 5732 297 5774 ut
332 5725 617 5782 apostolica
666 5727 873 5795 negotia
918 5733 1297 5801 susciperent?
1328 5741 1409 5796 vcl
1451 5759 1511 5799 sc
1547 5762 1653 5802 ηοη

375 5803 646 5872 Parnm.
694 5815 810 5874 Gn.
861 5818 1053 5880 LXll.

1801 377 1955 445 ΟΜ).
1996 389 2084 443 lV.
2129 388 2357 444 llOMlL.
2401 390 2515 445 XV.
3283 391 3392 455 Illi

1810 511 2063 554 recusare
2083 539 2099 563 ,
2125 500 2250 568 quin
2280 501 2376 555 hos
2398 503 2559 557 etiam
2588 503 2779 560 fratres
2803 514 2957 561 vocet
2981 551 2995 572 ,
3024 507 3112 562 22.
3147 509 3392 564 Salutant

1802 602 1889 642 vos
1911 606 2080 643 omnes
2109 594 2270 645 sancti
2296 635 2308 656 ,
2343 595 2564 648 maxime
2589 605 2755 650 autem
2782 599 2870 667 qui
2893 599 2958 652 de
2984 600 3197 654 Cesaris
3236 603 3388 654 domo

1800 689 1934 733 sunt.
1957 680 2047 737 23.
2081 681 2256 736 Gratia
2287 684 2494 739 Domini
2525 689 2685 740 nostri
2708 689 2833 743 Iesu
2855 688 3045 744 Christi
3073 707 3184 743 cmtt
3212 693 3381 744 omni-

1798 771 1891 826 bus
1928 773 2084 828 vobis.
2151 775 2338 831 Erexit
2379 780 2526 848 ipsos
2571 789 2624 832 et
2666 782 3044 847 eonlirmavit,
3096 783 3388 838 ostendens

1799 861 1866 915 ad
1895 863 2293 933 Imperatoriam
2321 869 2480 922 etiam
2512 869 2726 924 domum
2759 873 3070 940 pervenisse
3118 874 3379 942 pra-dica-

1800 951 2021 1008 tion‘em.
2049 954 2179 1010 Nam
2205 957 2251 1012 si
2282 959 2370 1028 qui
2402 959 2452 1012 in
2487 961 2649 1030 regiis
2676 963 2852 1016 omnia
2883 972 3102 1034 propter
3130 965 3385 1020 caelorum

1799 1041 1997 1112 Regem
2024 1044 2402 1114 despexerant,
2437 1052 2608 1107 multo
2637 1056 2804 1124 magis
2831 1055 2884 1110 id
2917 1055 3221 1112 faciendum
3253 1059 3385 1136 ipsis

1797 1141 1932 1186 erat.
1976 1136 2147 1205 Atque
2175 1136 2276 1193 hoc
2300 1142 2461 1194 etiam
2493 1143 2746 1198 indicium
2786 1155 2904 1201 erat
2933 1147 3080 1202 Pauli
3109 1149 3350 1205 caritatis
3372 1193 3387 1213 .

1800 1231 1904 1276 tam
1929 1226 2090 1279 multa
2114 1236 2165 1281 et
2183 1243 2372 1299 magna
2388 1231 2455 1286 de
2481 1231 2610 1301 ipsis
2634 1251 2873 1303 narrare,
2894 1247 2949 1292 ut
2967 1237 3092 1292 hinc
3113 1240 3199 1308 qui
3231 1242 3281 1295 in
3299 1252 3388 1297 re-

1797 1312 1879 1380 gia
1897 1327 2050 1369 erant
2078 1317 2145 1371 ad
2159 1333 2252 1373 eos
2272 1321 2582 1378 salutandos
2605 1341 2789 1381 amore
2811 1329 3226 1399 adducerentur,
3245 1348 3382 1404 quos

1796 1419 2084 1474 numquam
2115 1409 2375 1477 viderant.
2424 1413 2655 1471 Maxime
2695 1418 2839 1472 enim
2865 1460 2879 1486 ,
2929 1422 3182 1490 quoniam
3213 1439 3378 1478 vexa-

1797 1492 1990 1548 bantur
2010 1496 2216 1564 l'ideles,
2241 1515 2430 1571 magna
2453 1513 2578 1558 tunc
2597 1505 2808 1574 vigebat
2829 1510 3044 1565 caritas.
3064 1511 3385 1579 Quomodo?

1795 1581 1926 1638 Nam
1953 1589 2041 1655 qui
2077 1587 2234 1658 longe
2273 1591 2412 1645 inter
2439 1607 2508 1648 se
2535 1595 2802 1651 distabant
2826 1639 2840 1664 ,
2883 1600 2985 1654 sibi
3016 1611 3193 1657 tamen
3220 1605 3380 1659 vicis-

1793 1675 1894 1728 sim
1923 1679 2192 1746 conjuneti
2220 1695 2375 1738 erant
2400 1703 2414 1751 ;
2444 1695 2498 1741 et
2524 1690 2610 1758 qui
2641 1691 2826 1758 procul
2866 1693 3089 1750 aberant
3115 1737 3130 1760 ,
3163 1699 3382 1766 perinde

1792 1781 1856 1821 ac
1876 1768 1920 1820 si
1944 1781 2110 1838 prope
2136 1785 2347 1842 essent,
2379 1776 2518 1832 inter
2538 1795 2597 1833 se
2618 1781 2942 1850 salutabant,
2965 1794 3019 1840 et
3042 1787 3232 1857 singuli
3254 1805 3379 1860 erga

1793 1859 2032 1929 singulos
2059 1865 2222 1919 veluti
2250 1881 2375 1936 erga
2405 1883 2501 1924 sua
2527 1873 2764 1927 membra
2793 1875 3186 1944 adiciebantur,
3228 1859 3380 1951 teque

1797 1962 1999 2018 pauper
2022 1968 2149 2017 erga
2175 1955 2411 2022 divitem,
2444 1974 2506 2014 ac
2527 1961 2683 2016 dives
2707 1977 2836 2034 erga
2861 1981 3169 2034 pauperem,
3203 1986 3378 2041 neque

1796 2037 1899 2091 ulla
1945 2043 2335 2110 agnoscebatur
2369 2051 2674 2116 praestantia
2701 2093 2715 2117 ,
2759 2054 2901 2123 quod
2930 2069 3120 2112 omnes
3147 2037 3301 2129 reque
3326 2061 3377 2116 in

1792 2126 1918 2183 odio
1946 2141 2128 2186 essent
2155 2143 2318 2205 atque
2342 2137 2685 2207 cjicerentnr,
2721 2142 3018 2214 iisdemque
3059 2147 3125 2201 de
3169 2126 3371 2204 causis.

1791 2217 2251 2282 Quemadmodum
2307 2228 2451 2281 enim
2479 2270 2493 2295 ,
2525 2231 2567 2283 si
2596 2231 2917 2288 ex'diversis
2937 2237 3244 2294 civitatibus
3281 2256 3374 2294 (δίει

1800 2310 1930 2378 ptivi
1961 2312 2176 2381 quidam
2208 2316 2433 2386 profecti
2466 2321 2517 2375 in
2545 2324 2787 2378 eamdem
2817 2328 3031 2382 veniant
3065 2331 3332 2387 civitatem
3357 2375 3374 2398 ,

1791 2401 1944 2457 valde
1970 2418 2029 2459 se
2052 2405 2284 2462 invicem
2308 2413 2736 2482 complectuntur
2755 2458 2771 2484 ,
2804 2422 3073 2475 communi
3105 2423 3222 2477 illos
3239 2440 3377 2479 cou-

1789 2495 2027 2551 sociante
2049 2499 2350 2557 calamitate
2386 2500 2407 2557 ε’
2430 2505 2502 2558 ita
2530 2507 2691 2562 etiam
2721 2517 2846 2564 tunc
2875 2513 3131 2569 societate
3160 2515 3370 2570 incom-

1790 2586 2071 2642 modorum
2100 2599 2155 2644 et
2177 2594 2525 2660 asperitatum
2568 2613 2663 2652 eos
2704 2601 3064 2673 conjungeute
3088 2649 3102 2672 ,
3131 2622 3374 2678 magnam

1790 2675 1891 2730 sibi
1920 2689 2108 2734 mutuo
2146 2683 2423 2739 caritatem
2464 2690 2804 2756 pra'stabant.

1861 2769 1916 2824 5.
1935 2770 2308 2830 Erumnarum
2335 2780 2549 2835 utilitas.
2574 2781 2897 2840 Calamitates
2921 2787 2974 2842 in
2995 2789 3113 2843 aula
3141 2789 3374 2863 Impera-

1787 2862 1940 2915 toria.
1959 2893 2031 2904 —
2050 2864 2313 2923 Erumna
2340 2872 2484 2926 enim
2506 2882 2558 2927 et
2587 2875 2857 2935 tribulatio
2888 2879 3159 2937 vinculum
3206 2862 3374 2955 quod-

1785 2950 1912 3007 dam
1941 2954 2307 3014 ﬁrmissimum
2339 2972 2424 3017 est
2448 3003 2462 3026 ,
2513 2967 2753 3024 caritatis
2792 2973 3058 3040 accretlo,
3110 2991 3372 3046 compun-

1786 3043 1982 3098 ctionis
2005 3056 2060 3100 et
2084 3048 2292 3116 pietatis
2320 3055 2552 3108 occasio.
2585 3058 2720 3113 Audi
2748 3063 2892 3116 enim
2918 3062 3185 3122 dicentem
3219 3043 3375 3124 itavi-

1786 3131 1910 3188 dem
1943 3154 1956 3189 :
1991 3135 2185 3191 Bonum
2217 3143 2361 3207 mihi,
2393 3143 2612 3201 Domine
2633 3188 2649 3214 ,
2682 3151 2802 3219 quia
2830 3154 3112 3210 humiliusti
3157 3174 3264 3224 me,
3317 3172 3374 3214 ut

1786 3223 1976 3278 discant
1993 3230 2387 3298 justiﬁcationes
2418 3244 2530 3290 tuas
2553 3241 2569 3308 (
2596 3236 2743 3292 Psal.
2774 3242 2899 3298 118.
2932 3240 2991 3298 71
3021 3244 3077 3316 );
3105 3258 3158 3302 et
3176 3223 3370 3306 iterum

1783 3315 1944 3369 alium
1970 3322 2283 3389 prephetam
2308 3324 2573 3381 dicentem
2595 3369 2611 3394 ,
2642 3329 2844 3385 Bonum
2871 3325 2944 3389 est
2973 3315 3080 3391 viro
3105 3356 3219 3393 cum
3246 3360 3370 3411 por-

1785 3406 1960 3458 taverit
1999 3414 2182 3479 jttgtsm
2222 3413 2284 3466 ab
2333 3413 2672 3471 adolescentia
2720 3437 2811 3473 sua
2840 3423 2860 3491 (
2886 3417 3014 3480 Thr.
3047 3426 3102 3481 3.
3126 3429 3194 3483 27
3222 3406 3278 3498 )i;
3316 3445 3368 3489 et

1784 3509 1990 3557 rursus,
2006 3496 2192 3553 Beatus
2206 3501 2373 3568 homo,
2394 3515 2540 3572 quem
2562 3517 2616 3559 tu
2644 3509 2915 3579 erudieris,
2953 3513 3166 3570 Domine
3190 3496 3365 3588 (Paul.

1783 3585 1872 3641 95.
1906 3587 1972 3641 12
1995 3590 2045 3657 );
2074 3599 2128 3645 et
2159 3592 2318 3646 alium
2348 3597 2654 3664 quemdam,
2687 3600 3024 3672 Disciplinam
3054 3585 3263 3665 Domini
3308 3632 3370 3667 ne

1783 3677 2031 3747 despicias
2052 3680 2070 3750 (
2093 3679 2248 3735 Prov.
2277 3679 2332 3739 3.
2368 3687 2423 3740 11
2449 3688 2466 3756 )
2492 3705 2506 3752 ;
2536 3700 2610 3754 et,
2645 3691 2933 3748 Ascendcns
2976 3698 3045 3751 ad
3082 3703 3366 3758 servitutem

1784 3765 2006 3835 Domini,
2040 3783 2275 3841 prepare
2290 3776 2515 3831 animam
2543 3774 2678 3834 tuam
2709 3783 2777 3835 ad
2814 3788 3135 3843 tentationem
3162 3791 3362 3863 (Et-cli.

1779 3859 1832 3913 ἓ.
1868 3862 1892 3914 1
1918 3860 1956 3929 ).
2003 3863 2068 3916 Ει
2093 3863 2339 3922 Christus
2367 3885 2554 3926 rursus
2577 3872 2854 3944 discipulis
2878 3881 2989 3936 suis
3018 3859 3227 3940 diccbat
3247 3930 3262 3953 ,
3298 3890 3365 3943 In

1780 3950 1969 4004 mundo
1990 3965 2277 4021 pressuram
2307 3959 2548 4014 [rubebitis
2573 4003 2588 4027 ,
2635 3967 2724 4018 sed
2754 3970 2994 4035 conﬁdite
3039 3972 3229 4042 (Joan.
3249 3950 3359 4034 16.

1778 4039 1848 4095 55
1867 4039 1924 4111 );
1958 4052 2009 4096 et
2048 4059 2253 4112 rursus,
2295 4049 2566 4106 Plat-abitis
2593 4065 2640 4108 et
2667 4059 2852 4126 ﬂebitis
2879 4077 2985 4127 vos,
3016 4039 3232 4123 mundus
3259 4090 3352 4126 an-

1778 4139 1874 4182 tem
1903 4134 2136 4201 gaudebit
2166 4135 2361 4204 (Joan.
2397 4142 2482 4196 16.
2509 4143 2615 4212 20)
2641 4162 2654 4208 ;
2689 4159 2741 4200 et
2769 4165 2956 4204 rursus
2979 4193 2993 4218 ,
3023 4156 3252 4227 Angusta
3304 4177 3353 4218 et

1775 4229 1916 4273 arcta
1939 4222 2018 4274 via
2043 4223 2063 4292 (
2091 4224 2254 4278 Matth
2311 4229 2362 4280 7.
2396 4231 2524 4300 14).
2563 4233 2721 4289 Vides
2773 4239 2969 4307 ubique
3017 4222 3217 4304 laudari
3271 4257 3360 4308 tri-

1774 4306 2136 4366 bulationem?
2165 4316 2358 4386 ubique
2384 4326 2769 4395 commendari,
2801 4339 3070 4401 tamquam
3093 4354 3209 4395 eam
3237 4360 3357 4414 qua:

1775 4398 1929 4454 nobis
1957 4402 2027 4454 sit
2053 4408 2394 4462 necessaria?
2423 4410 2554 4466 Nam
2583 4415 2626 4469 si
2656 4417 2706 4469 in
2737 4398 3022 4480 mundanis
3050 4398 3355 4490 certamini.

1773 4487 1871 4543 bus
1896 4490 2013 4546 sine
2042 4507 2104 4547 ea
2137 4510 2296 4551 nemo
2320 4514 2573 4557 coronam
2601 4509 2797 4577 accipit
2816 4551 2830 4576 ,
2876 4514 2976 4569 nisi
3002 4529 3055 4572 et
3082 4520 3354 4583 laboribus
3382 4580 3390 4586 .

1770 4587 1826 4631 et
1852 4580 2091 4636 ciborum
2121 4585 2441 4644 abstinentia
2467 4602 2522 4646 et
2553 4603 2662 4651 tota
2692 4599 2860 4658 victus
2887 4608 3097 4665 ratione
3118 4653 3133 4676 ,
3180 4625 3234 4669 et
3271 4580 3356 4670 vi-

1771 4669 1915 4738 giliis
1962 4681 2016 4726 et
2065 4678 2334 4733 sexcentis
2376 4682 2494 4736 aliis
2541 4687 2896 4748 iuconnnodis
2941 4713 2998 4752 se
3059 4669 3351 4772 muniet-it;

1770 4761 1941 4818 multo
1972 4768 2139 4836 magis
2172 4769 2275 4824 hic.
2298 4770 2468 4838 Quem
2494 4779 2634 4832 enim
2654 4782 2781 4836 mihi
2812 4787 3001 4844 aderes
3022 4793 3045 4845 ’ἓ
3066 4805 3354 4866 regemne?

1769 4851 1840 4904 At
1868 4868 2042 4924 neque
2069 4851 2158 4914 ille
2184 4862 2345 4917 vitam
2377 4868 2522 4921 curis
2552 4871 2780 4928 solutam
2811 4879 2975 4946 vivit,
3026 4851 3154 4940 sedv
3169 4892 3353 4947 multis

1768 4943 2032 5001 molestiis
2056 4959 2218 5020 atque
2259 4957 2544 5023 angoribus
2595 4962 2869 5021 refertam.
2923 4943 3037 5027 Non
3086 4943 3350 5036 erantad

1767 5030 2010 5139 diadema
2037 5050 2248 5107 spectes
2267 5084 2282 5106 ,
2315 5045 2410 5098 sed
2436 5042 2500 5100 ad
2552 5051 2971 5114 sollicitudinum
3014 5030 3349 5139 procellunt:

1768 5120 1908 5176 unde
1935 5124 2010 5178 illi
2043 5130 2300 5184 tumultus
2327 5135 2590 5191 maximus
2632 5146 2908 5209 exoritur;
2959 5120 3065 5207 non
3095 5120 3176 5212 ad
3224 5120 3349 5228 pur:

1768 5226 1976 5280 puram,
2007 5217 2102 5270 Sed
2131 5218 2199 5272 ad
2226 5221 2458 5276 animam
2489 5224 2578 5280 illa
2607 5230 2716 5297 ipsa
2747 5248 2982 5305 purpura
3031 5217 3347 5314 nigriorem.

1763 5304 1883 5361 Non
1910 5323 2061 5399 teque
2085 5323 2284 5366 corona
2311 5315 2441 5384 ligat
2465 5332 2648 5389 caput,
2677 5334 2837 5395 atque
2854 5304 3117 5390 animam.
3147 5304 3350 5399 sollici;

1767 5396 1914 5450 tudo.
1962 5398 2079 5453 Non
2126 5403 2195 5456 ad
2246 5407 2537 5463 satellitum
2589 5421 2868 5473 numerum
2909 5437 3125 5493 specta,
3159 5435 3251 5487 sed

1762 5488 2138 5555 :rgritudinum
2184 5495 2580 5553 multitudinem
2615 5518 2628 5554 :
2660 5506 2857 5563 nullam
2891 5488 3035 5570 enim
3086 5488 3347 5588 privatam

1763 5571 1978 5629 domum
2008 5585 2089 5634 tot
2109 5582 2254 5635 curis
2282 5584 2646 5646 abundantem
2674 5599 2933 5669 reperias,
2965 5571 3101 5674 quot.

1760 5663 1957 5720 Mortes
1984 5669 2194 5741 singulo
2218 5690 2428 5745 quoque
2452 5680 2539 5737 die
2565 5663 2930 5746 imminentes
2953 5663 2997 5749 ει.
3031 5703 3140 5755 suis

1764 5757 1897 5828 ipsis
1921 5777 1936 5826 ;
1969 5771 2021 5816 et
2048 5773 2170 5820 ante
2192 5781 2431 5825 met-sam
2459 5779 2513 5830 ct
2537 5787 2660 5832 ante
2687 5785 2871 5849 petum
2902 5785 2973 5840 ob
3007 5757 3348 5856 oculos

2903 5860 2980 5933 l9
