4050 6324
703 352 805 406 295

698 475 848 520 satur
872 467 1107 534 sanguis.
1136 464 1305 520 Noctu
1336 480 1464 519 vero
1489 466 1591 520 diei
1621 480 1726 520 non
1754 473 1928 535 potest
1948 479 2105 533 quam
2128 478 2271 534 szepe

700 554 923 609 :oiuniis
959 569 1022 609 ac
1065 555 1193 610 visis
1243 556 1457 610 excitati
1503 556 1804 625 prosiliant.
1850 557 2024 625 Atque
2059 557 2175 609 bare
2223 556 2275 608 in

701 664 830 713 pace
864 648 1047 718 :quod
1099 648 1144 703 si
1193 649 1388 704 bellum
1444 650 1682 720 ingruat,
1717 665 1783 705 eo
1808 650 1975 720 magis
2016 649 2276 702 sollicitu-

697 738 849 791 dines
896 738 1265 793 intenduntur.
1309 739 1444 805 Quid
1492 741 1649 809 igitur
1702 740 1790 793 tali
1844 740 1950 793 vita
1998 738 2276 792 miserabi-

699 829 799 883 lius
823 843 943 884 csse
985 830 1198 898 potest?
1221 831 1404 896 Qualia
1457 841 1632 885 autem
1670 846 1700 884 a
1738 832 1868 895 suis,
1897 829 2012 885 sive
2063 830 2128 883 iis
2180 830 2273 898 qui

696 920 797 974 sub
848 920 1052 982 ditione
1102 934 1195 975 sua
1252 930 1399 987 sinit,
1447 922 1754 991 patiuntur?
1809 920 2086 987 Etiamque
2127 927 2274 972 certe

694 1021 922 1083 cognato
983 1014 1242 1081 sanguine
1303 1010 1562 1065 redundat
1612 1025 1822 1079 semper
1877 1007 2055 1077 regale
2122 1008 2272 1077 pavi-

695 1110 951 1157 mentum.
1000 1103 1078 1157 Ac
1126 1101 1170 1154 si
1221 1101 1381 1155 vultis
1428 1101 1655 1155 narrabo
1696 1100 1855 1155 etiam
1901 1097 2178 1169 quadam,
2219 1106 2273 1152 et

694 1193 920 1248 fortasse
955 1207 1066 1247 rem
1106 1194 1175 1246 ita
1222 1206 1282 1247 se
1335 1191 1529 1246 habere
1573 1190 1875 1261 intelligetis
1902 1208 1916 1244 :
1945 1203 2010 1243 ac
2061 1188 2272 1257 potissi-

695 1300 836 1339 mum
862 1285 1075 1356 quidem
1113 1292 1293 1340 vetera
1327 1282 1525 1352 dicam,
1552 1298 1671 1353 quae
1715 1292 1890 1337 tamen
1932 1280 2104 1336 adhuc
2153 1295 2269 1335 me-

695 1375 859 1429 moria
914 1390 1021 1430 non
1059 1374 1399 1439 exciderunt,
1440 1374 1635 1443 quippe
1686 1385 1807 1442 quze
1856 1370 2052 1425 nostris
2097 1368 2270 1423 contio

690 1480 820 1536 gere
849 1464 1193 1535 temporibus.
1224 1463 1472 1532 Quidam,
1500 1471 1560 1517 ut
1578 1462 1748 1525 aiunt,
1776 1459 1998 1516 ux’brem
2020 1500 2035 1526 ,
2065 1459 2133 1512 de
2164 1474 2259 1512 cu-

684 1562 772 1623 jus
798 1555 1060 1611 adulterio
1083 1553 1479 1624 suspicabatur,
1508 1551 1703 1608 nudam
1722 1551 1955 1623 alligavit
1974 1547 2262 1613 montibus,

687 1662 752 1703 ac
781 1648 905 1704 feris
951 1647 1232 1716 exposuit,
1271 1648 1380 1716 jam
1423 1654 1648 1701 matrem
1697 1644 1796 1699 sibi
1844 1643 2035 1698 factam
2078 1656 2263 1711 regum

688 1740 997 1796 multorum.
1028 1739 1198 1806 Quam
1243 1738 1388 1792 illum
1445 1736 1643 1806 putatis
1682 1736 1846 1791 vitam
1886 1733 2128 1788 vixisse?
2155 1748 2262 1787 non

686 1832 828 1895 enim
856 1831 960 1886 nisi
993 1829 1296 1886 vehementi
1322 1828 1487 1882 animi
1518 1835 1665 1883 motu
1695 1826 1918 1891 ductus,
1945 1825 2012 1880 ad
2058 1835 2261 1878 tantum

683 1922 1003 1994 supplicium
1030 1920 1349 1977 sumendum
1376 1918 1769 1973 descendisset.
1812 1916 1911 1971 Hic
1943 1930 2072 1969 vero
2120 1914 2259 1968 idem

682 2031 835 2071 suum
862 2014 1028 2085 ipsius
1056 2013 1223 2085 filium
1260 2010 1527 2066 interfecit
1556 2008 1666 2081 (a);
1703 2008 1810 2062 imo
1834 2015 1888 2062 et
1916 2005 2073 2075 hujus
2100 2003 2263 2058 frater

682 2110 917 2178 st-ipsum
948 2121 1069 2162 cum
1093 2105 1216 2160 [iliis
1235 2104 1365 2158 suis.
1398 2103 1591 2157 Fertur
1615 2109 1794 2155 autem
1826 2098 1914 2153 hic
1940 2106 1995 2153 et
2037 2096 2259 2150 fratrem

683 2201 850 2269 ipsius
879 2214 909 2253 e
932 2198 1110 2253 medio
1137 2196 1442 2251 sustulisse.
1468 2196 1642 2262 Atque
1663 2192 1748 2246 hic
1767 2189 1980 2261 quidem
2015 2188 2116 2242 sibi
2145 2188 2260 2256 ipse

680 2307 871 2346 manus
896 2290 1074 2344 attulit
1099 2303 1128 2343 a
1157 2297 1387 2358 tyranno
1418 2285 1876 2355 comprehensus;
1908 2282 1999 2336 ille
2023 2295 2151 2335 vero
2171 2294 2259 2334 so-

681 2384 890 2437 brinum
941 2396 1093 2435 suum
1148 2393 1250 2433 una
1297 2392 1477 2432 secum
1525 2376 1836 2444 participem
1885 2373 2071 2441 regni,
2116 2371 2257 2441 quod

680 2478 795 2543 ipse
826 2472 899 2527 illi
933 2470 1245 2524 tradiderat.
1280 2468 1430 2521 Alius
1459 2474 1638 2520 autem
1664 2479 1893 2519 uxorem
1921 2462 2056 2516 vidit
2083 2461 2255 2515 medi-

677 2563 993 2619 camentise
1021 2560 1199 2615 medio
1237 2557 1519 2612 sublatam.
1566 2554 1827 2620 Quoniam
1874 2552 2017 2606 enim
2068 2564 2257 2619 parere

677 2652 897 2706 minime
931 2656 1178 2720 poterat,
1213 2645 1407 2701 mulier
1447 2642 1689 2714 quaedam
1737 2640 1921 2696 infelix
1965 2648 2030 2718 et.
2059 2640 2255 2693 misera

678 2740 901 2813 (infelix
922 2738 1065 2793 enim
1087 2747 1142 2793 et
1162 2737 1360 2791 misera
1388 2742 1493 2800 est,
1519 2748 1639 2803 qua:
1664 2730 1806 2802 quod
1835 2745 1866 2785 a
1895 2730 2006 2785 Deo
2046 2728 2255 2783 donau-

676 2833 802 2884 dum
846 2836 994 2892 erat,
1042 2822 1135 2881 sua
1183 2839 1243 2880 se
1287 2822 1514 2879 credidit
1552 2821 1812 2891 sapientia
1856 2816 2251 2888 praestituram)

680 2922 914 2991 praebitis
944 2917 1347 2973 medicamentis
1374 2922 1427 2968 et
1452 2913 1690 2982 reginam
1718 2910 2025 2973 interemit,
2054 2918 2109 2963 et
2138 2909 2253 2978 ipsa

674 3011 830 3065 simul
856 3008 1080 3064 interiit.
1112 3005 1260 3060 Alius
1288 3014 1465 3058 autem
1508 3011 1694 3072 postea
1747 2998 2048 3069 pbarmacis
2088 3012 2252 3053 vene-

676 3104 813 3155 uatis
833 3100 1076 3155 sublatus
1101 3105 1181 3154 est
1202 3111 1218 3162 ;
1241 3088 1609 3166 poculumque
1629 3091 1728 3161 ipsi
1758 3090 1859 3145 fuit
1889 3104 1998 3143 non
2016 3089 2124 3158 jam
2153 3105 2251 3158 po-

676 3206 779 3255 tus,
812 3190 905 3246 sed
937 3203 1085 3244 mors
1112 3204 1127 3242 :
1156 3198 1210 3241 et
1241 3186 1406 3255 ipsius
1445 3184 1603 3238 etiam
1646 3182 1758 3236 ﬁlio
1799 3180 1986 3235 oculus
2028 3180 2254 3234 effossus

670 3290 785 3347 est,
837 3290 981 3336 metu
1025 3276 1299 3347 sequentis
1353 3273 1655 3342 temporis,
1715 3271 1873 3341 plane
1923 3269 2245 3324 immerenti.

676 3374 825 3426 Alius
853 3386 981 3424 vero
1012 3382 1111 3422 nec
1136 3382 1294 3436 quam
1327 3364 1397 3417 ob
1427 3376 1641 3417 causam
1661 3402 1675 3427 ,
1708 3375 1807 3415 nec
1835 3374 1993 3429 quam
2024 3360 2245 3413 misera-

673 3465 853 3519 biliter
877 3475 908 3515 e
937 3462 1043 3515 vita
1074 3457 1369 3514 excesserit
1399 3495 1414 3519 ,
1467 3466 1740 3523 exponere
1790 3450 1920 3505 satis
1970 3450 2251 3504 honestum

673 3566 774 3612 est.
805 3555 1002 3611 Eorum
1029 3567 1159 3607 vero
1191 3550 1280 3621 qui
1310 3552 1703 3609 successerunt,
1731 3544 1867 3597 alter
1892 3543 2127 3613 quidem,
2160 3557 2252 3611 pe-

673 3648 827 3703 rinde
869 3655 1029 3716 atque
1078 3641 1320 3697 inﬁrmus
1367 3636 1585 3709 quidam
1628 3644 1683 3692 et
1722 3649 2055 3689 mrumnosus
2091 3633 2251 3688 homo

672 3746 851 3804 cssct,
891 3733 1202 3791 combustus
1244 3737 1328 3786 est
1371 3742 1494 3783 cum
1521 3726 1672 3796 equis
1701 3734 1755 3780 et
1780 3725 2051 3790 trabibus,
2094 3732 2253 3779 caite-

674 3834 857 3901 risque
889 3828 1049 3884 rebus
1079 3822 1367 3883 omnibus;
1398 3828 1453 3874 et
1482 3818 1704 3887 uxorem
1748 3814 1959 3870 viduam
2011 3814 2249 3883 reliquit.

671 3930 815 3992 Quas
837 3921 979 3975 enim
1006 3914 1279 3971 molestias
1305 3912 1357 3966 in
1382 3911 1489 3964 vita
1510 3907 1775 3971 habuerit,
1810 3919 1877 3960 ne
1902 3904 2007 3960 dici
2034 3905 2248 3975 quidem

674 4023 869 4085 potest,
898 4024 1028 4081 quas
1057 4023 1121 4063 ex
1149 4022 1214 4062 eo
1242 4016 1501 4072 tempore,
1528 4017 1634 4071 quo
1656 4015 1804 4055 arma
1827 4000 2071 4068 sumpsit,
2099 3998 2249 4054 subi-

677 4125 732 4162 re
782 4113 999 4162 coactus
1025 4110 1127 4156 est.
1162 4098 1314 4152 Alter
1336 4110 1483 4159 vero,
1514 4094 1603 4164 qui
1645 4108 1784 4148 nunc
1802 4107 1980 4147 rerum
2027 4087 2247 4161 pétitur,

736 4260 809 4321 (η)
831 4265 925 4321 Hoc
944 4255 1052 4302 loco
1074 4251 1444 4321 Chrysostomus
1463 4246 1623 4321 cades
1645 4252 1712 4321 et_
1733 4252 1943 4321 strages,
1962 4248 2009 4321 in
2030 4245 2249 4321 Impera:

675 4310 916 4372 toria'aula
940 4323 991 4365 et
1012 4326 1098 4364 sua
1123 4320 1175 4361 et
1192 4317 1379 4372 patrum
1401 4310 1633 4358 memoria
1655 4315 1876 4372 peractas
1896 4315 2144 4372 recenset,
2160 4310 2249 4372 sed

676 4368 739 4433 ii
752 4368 948 4431 rumore
972 4368 1237 4432 ferebatur,
1260 4372 1341 4434 qui
1365 4368 1684 4434 rumorsagpe
1714 4380 1749 4434 a_
1764 4368 1837 4416 rei
1864 4370 2073 4417 veritate
2093 4368 2250 4419 deﬂe-

677 4428 812 4493 Here
830 4428 979 4500 smel.
1009 4435 1183 4500 Tacitis
1223 4428 1371 4493 porro
1415 4428 1705 4500 nominibus,
1730 4428 2078 4500 Imperator”?
2102 4438 2247 4491 gesta

674 4488 924 4553 έιῇᾆίιῖοῐ-άε,
951 4499 1038 4556 Qui
1060 4488 1245 4560 primus
1256 4500 1428 4560 autem
1454 4488 1895 4560 alifertur,guxoret_n
1921 4498 1973 4539 et
1990 4488 2138 4538 ﬁlium
2157 4506 2250 4560 ne.

676 4550 718 4615 ei
734 4550 1018 4621 tradidit,‘is
1042 4550 1120 4609 est
1140 4555 1265 4605 haud
1297 4554 1448 4622 dubie
1469 4550 1810 4622 Constantinus
1831 4550 2063 4622 Magnus,
2086 4555 2167 4622 qui
2192 4554 2247 4622 ii-

676 4612 1127 4686 I'iuin"crisium.set
1148 4624 1315 4679 postea
1349 4615 1813 4686 ιῗιιυδυξῐη.,υξρτθιιι
1847 4612 2243 4686 intumuisse:

676 4687 714 4736 1"
714 4673 816 4736 eris
831 4673 968 4736 illain
990 4673 1165 4732 nudam
1187 4678 1475 4741 exposuisse
1496 4676 1615 4741 dicit
1637 4674 2021 4741 Clirysostomus.
2042 4673 2245 4741 Séd_alii

674 4735 934 4810 Scriptores
954 4744 1083 4810 illam
1107 4742 1156 4790 in
1179 4735 1478 4810 ferventiore
1501 4736 1675 4810 bale
1696 4735 1942 4810 inclusam,
1964 4735 2246 4810 gon-

674 4797 868 4859 maritim
891 4804 1165 4856 suliomtam
1180 4802 1327 4850 fuisse
1348 4807 1560 4848 narrant.
1577 4797 1700 4846 Rem
1711 4798 1781 4845 uti
1800 4804 1941 4858 gesta
1964 4797 2247 4859 fuitividere

676 4877 753 4918 est
774 4858 897 4932 apud
935 4867 1208 4932 S_criptores
1229 4861 1490 4932 plurimos,
1512 4859 1784 4932 accuratius
1806 4870 1925 4929 vero
1945 4858 2068 4919 apud
2104 4860 2248 4910 Tille-

676 4922 923 4979 montium.
945 4922 1214 4990 Seq'uentia
1229 4922 1458 4990 ‘uee_e_um
1474 4922 1674 4970 historia
1697 4932 1828 4978 vera,
1854 4922 1947 4990 uno
1964 4932 2057 4990 uec
2079 4933 2246 4972 secum

674 5005 776 5054 ipsa
797 4979 1063 5054 consistere
1084 4991 1301 5054 possunt:
1330 4983 1385 5054 _Id
1406 4996 1542 5054 vero
1583 4979 1949 5054 narrarehve‘lle‘
1969 4980 2247 5054 Chrysosto.

676 5038 783 5103 diu;
805 5038 1026 5109 videtur;
1046 5038 1225 5110 nempe
1252 5046 1421 5110 _Crispi
1455 5042 1654 5110 fratrem
1668 5038 2257 5110 Lscilicetponstantium.

676 5102 965 5177 Augustum,
985 5102 1135 5177 patris
1149 5102 1223 5159 sui
1244 5102 1445 5177 fratrem
1466 5104 1648 5177 Julium
1669 5102 1999 5177 constantiam
2018 5104 2247 5177 ,etiilios

677 5162 783 5237 cju's
1110 5178 1162 5220 et
1182 5167 1544 5237 Annibalianum
1568 5162 1787 5237 interﬁci
1811 5164 2074 5237 giratjss_e.
2087 5165 2148 5237 H_i
2175 5175 2249 5237 et-

674 5222 1109 5286 enim—{militibus
1129 5230 1275 5291 occisi
1300 5229 1587 5291 fuere,et_ut
1607 5223 1919 5291 quorumdam
1943 5222 2242 5291 fertopiuio,

671 5284 938 5361 massae
958 5288 1480 5361 constantiqsugusio,
1499 5284 1977 5361 constantiniLliagni
2006 5284 2119 5358 uno:
2144 5284 2245 5337 Ad:

670 5346 741 5420 ειη
758 5346 930 5420 iam
960 5356 1162 5420 nam
1195 5346 1361 5420 θίυξέι
1382 5356 1584 5420 manus
1600 5346 2001 5420 αιωίίτθιιοεεδυηξ
2029 5350 2245 5420 εεὶιιειυηι

670 5406 996 5469 ὺὶὶέι-Ῠᾶιίεὲιε.
1020 5406 1259 5480 Nimirum
1557 5408 1805 5480 Augustus
1823 5441 1839 5466 ,
1864 5406 2127 5480 Constantii
2149 5410 2251 5480 ira?

671 5492 767 5539 ter,
790 5493 820 5529 a
843 5486 1043 5542 tyranno
1081 5472 1380 5542 lagoenae,
1403 5472 1493 5542 qui
1510 5471 2133 5542 imperiumusur‘pa‘verat,
2160 5474 2244 5522 vel

671 5531 831 5605 potius
858 5531 890 5589 ἰ
919 5531 1261 5605 legatgips'ius
1283 5531 1665 5605 comprehensus
1900 5531 1989 5605 fuit
2012 5546 2027 5573 ε
2050 5543 2148 5581 uno
2163 5545 2247 5604 au-

672 5591 775 5663 ieui
812 5591 1023 5663 excepto
1427 5591 1591 5641 nullus
1611 5592 1727 5663 dicit
1747 5592 1905 5663 ipsum
1926 5604 2142 5663 setpsum
2166 5595 2242 5643 in-

672 5652 955 5714 terfecisse:
986 5652 1179 5721 Adjicit,
1216 5652 1594 5721 ipsu_m_’_nenipe
1631 5652 1958 5721 constantiam
1991 5652 2240 5721 sobriuum

671 5712 810 5775 suum
831 5712 1079 5785 occidisse.
1106 5718 1154 5785 ls
1167 5712 1285 5767 'er'at
1305 5712 1580 5785 Gallu§,gui
1604 5725 1644 5785 a.
1654 5712 1931 5785 Constantio
1943 5726 2139 5766 census
2151 5716 2247 5766 lm-

678 5786 798 5849 perii
821 5784 990 5843 tactus,
1013 5781 1119 5843 eius
1135 5784 1272 5843 jussu
1287 5790 1412 5829 armo
1435 5776 1526 5827 545
1547 5776 1731 5825 occisus
1752 5784 1846 5825 est.

1417 354 1473 408 s.
1513 352 1788 409 .IOANNIS
1824 352 2298 409 cnnvsosroui
2345 353 2657 414 ARCHIEP.
2688 364 3212 425 coxsnxmur.
3841 384 3921 437 99,;

2384 479 2562 557 nonne
2592 486 2655 526 ex
2695 489 2798 543 quo
2823 479 3063 532 diadema
3097 494 3296 552 gestat,
3333 497 3586 553 perpetuo
3631 502 3856 545 versatur
3885 497 3922 544 in

2386 555 2676 625 laboribus,
2702 563 2752 615 in
2782 568 3049 633 periculis,
3078 571 3129 623 in
3161 574 3451 639 molestiis,
3494 577 3548 630 in
3598 580 3919 639 internribus.
4006 564 4007 631 ἓ

2386 645 2437 698 in
2465 648 2861 709 calamitatibus
2885 696 2900 720 ,
2933 656 2985 711 in
3013 659 3220 714 insidiis
3248 661 3365 734 (a)?
3388 665 3457 718 At
3500 682 3605 721 non
3652 667 3921 737 bujnsmodi
4006 666 4007 693 ³

2382 738 2636 793 culorum
2667 757 2926 812 regnum;
2953 748 3046 802 sed
3091 762 3369 821 postquam
3409 754 3582 823 ipsum
3620 757 3919 823 obtinueris,

2382 840 2501 894 pax,
2532 828 2660 897 vita,
2688 834 2959 901 gaudium,
2991 838 3192 893 lmtitia.
3224 841 3491 898 Caeterum
3523 848 3666 915 quod
3688 848 3921 914 dicebam,

2380 916 2524 970 nulla
2556 916 2640 974 hic
2667 921 2771 975 vita
2818 934 2901 977 est
2940 941 3297 983 aerumnarum
3344 945 3558 1000 expers.
3603 935 3756 1001 Quod
3798 939 3838 990 si
3881 941 3919 991 in

2378 1007 2537 1062 rebus
2554 1010 2714 1064 etiam
2742 1013 2964 1081 publicis
2981 1018 3175 1087 regalis
3194 1019 3279 1072 illa
3297 1022 3553 1083 munditia.
3573 1040 3693 1092 qua:
3712 1027 3917 1080 omnium

2378 1098 2687 1156 beatissima
2721 1104 2949 1171 videtur,
2981 1115 3059 1161 tot
3078 1109 3340 1165 redundat
3363 1112 3754 1170 calamitatibus
3783 1118 3918 1186 :quid

2374 1199 2529 1259 putas
2558 1193 2609 1247 in
2638 1190 2857 1262 privatis
2896 1211 2959 1252 ac
3002 1197 3348 1255 domesticis?
3389 1202 3637 1259 Profecto
3678 1220 3804 1276 quot
3833 1209 3918 1262 alia

2373 1279 2510 1333 mala
2537 1282 2795 1336 exsistant
2820 1324 2834 1348 ,
2866 1300 2932 1340 ne
2967 1286 3073 1342 dici
3108 1282 3327 1358 quidem
3364 1301 3577 1361 potest:
3611 1296 3791 1349 multm
3817 1297 3918 1350 hinc

2371 1384 2515 1438 saape
2560 1372 2749 1427 fabulae
2791 1378 3101 1445 compositae
3130 1390 3288 1438 sunt;
3316 1396 3504 1436 omnes
3531 1381 3647 1439 fere
3679 1387 3917 1456 tragmdiae

2369 1467 2423 1512 et
2446 1458 2659 1525 fabulae,
2683 1479 2801 1531 qua:
2821 1474 3048 1534 aguntur
3062 1466 3116 1520 in
3143 1483 3323 1533 scena,
3353 1485 3422 1524 ex
3448 1472 3666 1541 regibus
3682 1485 3919 1530 contexta

2369 1559 2512 1603 sunt.
2548 1551 2806 1621 Pleraque
2835 1556 2997 1620 enim,
3031 1571 3150 1626 quae
3175 1559 3228 1613 in
3255 1558 3449 1615 fabulis
3472 1574 3914 1631 repraesentantur,

2368 1653 2431 1693 ex
2463 1641 2601 1695 veris
2630 1643 2789 1697 rebus
2816 1655 3063 1701 constant
3090 1664 3104 1701 :
3132 1648 3202 1702 ita
3233 1652 3375 1704 enim
3400 1659 3456 1705 et
3480 1651 3799 1723 voluptatem
3841 1655 3917 1707 hu-

2369 1730 2542 1784 beut:
2581 1732 2758 1801 qualia
2810 1733 3073 1804 Thyestea
3121 1740 3364 1794 convivia
3409 1740 3524 1812 (b),
3676 1747 3916 1814 quomodo

2365 1823 2540 1875 omnis
2570 1821 2657 1876 illa
2688 1823 2881 1879 domus
2904 1827 3298 1884 calamitatibus
3318 1845 3509 1885 eversa
3527 1842 3631 1887 est.

2436 1913 2490 1968 6.
2529 1914 2636 1968 Sed
2681 1916 2794 1972 haec
2818 1918 3031 1987 quidem
3053 1934 3117 1974 ex
3144 1922 3479 1989 ethnicorum
3512 1925 3665 1983 libris
3690 1932 3916 1999 cognovi-
4006 1918 4007 1921 “

2366 2016 2505 2056 mus.
2541 2002 2735 2059 Verum
2774 2007 2819 2062 si
2863 2009 3057 2076 vultis,
3098 2006 3401 2079 Scripturas
3438 2014 3623 2085 etiam,
3654 2034 3773 2089 qua:
3799 2021 3915 2075 idem

2364 2092 2625 2161 doceant,
2665 2098 3016 2166 proferemus.
3066 2101 3195 2157 Sail!
3235 2105 3435 2172 primus
3456 2110 3703 2178 regnavit
3730 2126 3745 2163 :
3773 2113 3916 2165 nostis

2363 2192 2539 2239 autem
2561 2194 2615 2240 et
2642 2186 2783 2242 hunc
2802 2191 3072 2245 sexcentis
3097 2207 3344 2261 pressum
3367 2198 3621 2251 aerumnis
3650 2199 3913 2255 interiisse.

2365 2274 2488 2329 Post
2519 2276 2669 2331 illum
2700 2279 2884 2343 David,
2909 2280 3187 2349 Salomon,
3220 2284 3385 2340 Abias
3404 2328 3420 2353 ,
3448 2286 3734 2357 Ezechias,
3766 2291 3915 2346 Josias

2362 2364 2544 2420 itidem
2576 2369 2759 2423 multis
2779 2371 2950 2441 modis
2977 2375 3176 2427 vexati.
3196 2374 3305 2430 Nec
3342 2378 3567 2433 omnino
3608 2390 3780 2449 potest
3819 2357 3915 2435 base

2363 2450 2467 2510 vita
2497 2458 2613 2543 sine
2633 2459 2933 2526 laboribus,
2956 2464 3075 2517 sine
3114 2467 3430 2534 aegritudine
3454 2511 3471 2535 ,
3523 2471 3642 2526 sine
3683 2477 3917 2528 aerumnis

2360 2548 2503 2604 duci.
2535 2549 2642 2605 Sed
2664 2565 2762 2605 nos
2790 2554 2950 2608 etiam
2984 2556 3245 2611 molestiis
3272 2557 3539 2614 efﬁcimur
3559 2601 3575 2625 ,
3609 2577 3713 2619 non
3743 2563 3912 2619 iisdem

2360 2652 2425 2691 ex
2467 2638 2629 2693 rebus
2667 2654 2733 2695 ex
2767 2643 2959 2711 quibus
2998 2659 3152 2715 reges
3175 2685 3190 2709 ,
3215 2647 3308 2700 sed
3331 2648 3472 2704 unde
3494 2665 3741 2720 magnum
3772 2655 3914 2707 etiam

2359 2727 2536 2783 facere
2551 2745 2829 2799 possumus
2847 2741 3106 2803 quaestum
3132 2753 3146 2790 :
3176 2736 3305 2803 Qua:
3322 2740 3454 2792 enim
3474 2743 3746 2797 secundum
3765 2742 3914 2797 Deum

2360 2821 2565 2874 tristitia
2592 2834 2693 2885 est,
2728 2826 3069 2893 pmuitentimn
3106 2828 3161 2881 in
3196 2831 3410 2883 salutem
3429 2834 3656 2887 stabilem
3696 2848 3915 2904 operatur

2358 2910 2452 2978 (2.
2488 2911 2606 2964 Cor.
2632 2912 2685 2965 7.
2716 2912 2842 2984 10).
2870 2914 2983 2969 Pro.
3012 2914 3095 2969 bis
3120 2918 3280 2973 rebus
3306 2922 3638 2978 mterendum
3668 2934 3785 2989 est,
3832 2942 3915 2993 pro

2358 3000 2442 3054 bis
2468 2999 2796 3065 dolendum,
2829 3017 2926 3071 pro
2976 3005 3059 3058 bis
3105 3008 3363 3076 :egritudo
3413 3013 3749 3083 suscipienda
3795 3033 3809 3068 :
3855 3019 3913 3069 iui
4006 3058 4007 3063 η

2358 3090 2618 3145 mouebat
2643 3091 2861 3158 Paulus,
2888 3094 2957 3147 ita
2985 3094 3197 3165 lugebat
3219 3113 3316 3164 pro
3339 3100 3404 3153 iis
3425 3141 3443 3167 ,
3469 3102 3557 3171 qui
3600 3106 3874 3173 peccabani
3902 3120 3913 3155 :

2357 3179 2443 3233 Ea;
2468 3184 2629 3235 multa
2657 3183 2810 3246 enim,
2836 3185 3027 3253 inquit,
3058 3186 3382 3244 tribulatione
3405 3200 3454 3243 et
3494 3197 3727 3263 angustia
3764 3198 3919 3250 cordis

2355 3274 2535 3341 scripsi
2554 3273 2687 3328 vobis
2717 3291 2806 3343 per
2834 3276 3019 3330 multa:
3048 3278 3299 3347 lacrymas
3333 3280 3426 3350 (2.
3464 3281 3584 3338 Cor.
3606 3284 3660 3338 2.
3683 3286 3773 3357 4).
3795 3288 3912 3342 Nam

2357 3360 2569 3429 quando
2605 3363 2735 3417 nibil
2772 3372 2927 3429 erat,
2959 3380 3056 3419 cur
3094 3381 3191 3435 pro
3227 3370 3340 3424 suis
3364 3371 3588 3441 lugeret,
3617 3390 3711 3443 pro
3739 3376 3913 3430 alienis

2358 3450 2458 3505 boc
2485 3450 2743 3505 faciebat:
2774 3454 2855 3507 vel
2884 3456 3063 3525 potius
3084 3468 3339 3525 quantum
3369 3460 3436 3513 ad
3462 3460 3659 3517 luctum
3681 3465 3914 3520 haurien-
4006 3460 4007 3527 ξ

2356 3539 2481 3593 dum
2515 3542 2763 3610 pertinet,
2795 3544 3005 3612 prepria
3030 3546 3115 3599 illa
3140 3546 3914 3610 ducebat.C:eteriincidcb1nt
4005 3539 4007 3585 ἶ

2359 3627 2408 3681 in
2436 3629 2766 3694 scandalum,
2800 3640 2856 3686 et
2876 3633 2989 3702 ipse
3017 3634 3269 3690 urebatur
3296 3654 3311 3691 :
3343 3639 3525 3693 caeteri
3566 3641 3909 3713 languebant.

2357 3718 2641 3789 languebat
2665 3729 2720 3776 et
2748 3721 2883 3792 ipse.
2912 3722 3059 3779 Bona
3083 3732 3166 3781 est
3194 3725 3309 3782 hinc
3332 3729 3625 3799 agritudo;
3657 3733 3769 3789 bzec
3782 3737 3915 3788 omni
4006 3766 4007 3769 η

2356 3812 2626 3867 mundano
2646 3815 2842 3884 gaudio
2861 3816 3059 3885 potior.
3090 3817 3226 3872 Eum
3244 3821 3333 3890 qui
3359 3821 3429 3875 ita
3457 3823 3657 3894 lugeat,
3681 3828 3913 3882 omnibus

2356 3918 2455 3972 ego
2492 3902 2797 3960 hominibus
2827 3921 3079 3976 praepono
3113 3926 3127 3962 :
3153 3917 3313 3977 atque
3334 3911 3473 3968 adeo
3498 3914 3613 3983 ipse
3636 3918 3795 3972 etiam
3824 3918 3913 3971 Dn—

2358 3996 2533 4050 minus
2570 3996 2668 4051 bos
2694 3997 2879 4053 beatos
2909 3999 3196 4067 prmdicat,
3245 4002 3343 4057 hos
3370 4004 3461 4073 qui
3498 4007 3731 4062 alienum
3768 4008 3911 4063 dolo-

2353 4104 2466 4143 rem
2491 4097 2547 4143 ut
2574 4089 2673 4144 sibi
2695 4102 3031 4143 communem
3056 4089 3256 4160 lugent.
3280 4091 3395 4147 Non
3421 4109 3572 4164 mque
3592 4112 3691 4167 ego
3706 4097 3912 4153 Paulum
4006 4126 4007 4131 π

2353 4183 2422 4234 οὶ)
2449 4179 2681 4249 pericula
2703 4179 2844 4233 adita
2869 4178 3066 4245 miror;
3098 4180 3205 4236 imo
3234 4196 3341 4238 non
3368 4185 3544 4241 minus
3569 4189 3734 4242 miror
3750 4190 3820 4245 ob
3836 4191 3912 4243 illa

2354 4274 2468 4346 ipsa
2512 4270 2782 4340 pericula,
2825 4270 2878 4324 in
2917 4270 3112 4340 quibus
3154 4273 3395 4342 quotidie
3436 4279 3911 4341 commoriebatur,

2355 4362 2448 4418 sed
2475 4362 2576 4416 hoe
2604 4376 2691 4417 me
2718 4361 2884 4431 magis
2907 4361 3105 4417 evehit.
3130 4364 3212 4418 Ab
3232 4365 3410 4420 anima
3431 4369 3573 4421 enim
3600 4368 3694 4425 Dei
3714 4381 3914 4424 amante
4006 4432 4007 4439 γ

2413 4542 2486 4607 (a)
2509 4540 2645 4607 Quod
2668 4540 2749 4589 hic
2769 4534 2983 4607 narravit
3003 4537 3379 4607 Chrysostomus,
3395 4545 3552 4593 tacitis
3573 4558 3661 4607 pro
3682 4560 3817 4598 more
3839 4563 3915 4598 nn-

2350 4601 2580 4663 mini'bus,
2600 4603 2664 4652 de
2685 4601 3068 4666 uxoreAugusti
3089 4601 3353 4663 cujusdam,
3367 4601 3489 4666 'qu:e
3516 4601 3699 4657 sterilis
3718 4622 3823 4657 cum
3846 4625 3914 4657 es.

2349 4672 2445 4724 set,
2464 4662 2729 4732 pharmacis
2749 4663 2805 4712 ad
2830 4662 3191 4732 facunditatem
3215 4662 3524 4732 obtinendam
3545 4681 3633 4732 usa
3671 4677 3772 4726 est;
3797 4671 3911 4732 ipsa-

2350 4742 2450 4789 que
2464 4724 2578 4777 cum
2620 4724 2703 4789 illa
2742 4725 2939 4786 pariter,
2961 4735 3074 4789 qua:
3099 4724 3347 4789 pharniaca
3368 4726 3591 4788 dederat,
3617 4724 3832 4780 interiit}
3858 4738 3913 4779 de

2350 4786 2445 4838 alio
2469 4790 2584 4838 item
2595 4849 2602 4850 η
2617 4788 2834 4850 Augusto
2852 4821 2866 4845 ,
2890 4786 2975 4850 qui
3013 4787 3269 4850 venenatis
3289 4787 3556 4850 pliarmacis
3576 4786 3793 4839 sublatus
3815 4802 3881 4840 est
3902 4832 3911 4849 γ

2352 4860 2405 4900 et
2425 4854 2562 4914 cujus
2583 4849 2678 4914 ﬁlio
2693 4844 2869 4914 oculus
2892 4844 3096 4894 éﬂ'ossus
3117 4847 3233 4914 fuit;
3257 4844 3421 4914 deque
3442 4848 3554 4907 alio,
3592 4853 3673 4913 qui
3716 4844 3913 4901 infausto

2354 4908 2501 4961 modo
2520 4912 2667 4974 periit
2692 4924 2705 4958 :
2728 4908 2825 4974 illa,
2848 4909 3062 4974 inquam,
3084 4909 3321 4974 omniaad
3342 4908 3779 4974 ’quospert'ineam
3802 4927 3911 4962 υοη.

2350 4974 2462 5022 dum
2478 4968 2669 5035 assequi
2693 4972 2840 5034 potui.
2857 4968 2994 5027 Quod
3009 4980 3127 5036 vero
3135 4971 3330 5036 subjicit
3345 4968 3410 5018 de
3431 4968 3525 5018 alio
3545 4974 3748 5036 quicum
3762 4976 3911 5036 equis,

2352 5035 2566 5085 trabibus
2587 5032 3127 5094 deterisqueomnibus
3140 5032 3422 5094 combustus
3442 5040 3521 5094 est
3537 5066 3552 5091 ,
3565 5032 3635 5082 'ad
3666 5032 3912 5085 Valentem

2353 5098 2620 5158 Augustum
2642 5092 2847 5157 spectat.
2861 5093 3101 5158 Quicum,
3121 5093 3169 5140 in
3193 5105 3354 5158 pugna
3373 5092 3826 5158 Hadrianopolitana
3846 5100 3907 5146 vi-

2352 5153 2474 5214 ctus,
2501 5159 2550 5205 in
2572 5153 2765 5219 domum
2795 5153 3051 5217 quamdam
3079 5167 3144 5219 se
3177 5153 3753 5219 recepissencum'ipsa
3778 5157 3910 5206 deuio

2354 5220 2400 5268 in
2435 5220 2633 5267 cineres
2666 5215 2893 5281 redaeius
2928 5221 3021 5263 est.
3069 5216 3207 5281 Quod
3237 5215 3354 5281 dicit
3386 5215 3582 5264 tandem
3626 5215 3690 5281 de
3722 5215 3806 5268 illo
3835 5221 3909 5281 qui

2329 5290 2467 5330 .tunc
2499 5280 2764 5342 imperabat
2797 5278 2815 5338 (
2843 5278 2885 5342 is
2910 5281 3023 5342 erat
3046 5276 3321 5342 Arcadius),
3346 5288 3521 5326 verum
3555 5280 3753 5327 (mnino
3790 5276 3909 5329 eoin.

2352 5335 2577 5405 probatur
2601 5353 2666 5405 ex
2688 5335 2884 5389 historia
2909 5335 3037 5385 illius
3055 5339 3164 5405 aevi.

2353 5403 2364 5405 ’
2413 5404 2487 5466 (b)
2520 5403 2657 5465 Apud
2688 5408 2859 5510 poetas
2891 5407 2944 5448 et
2974 5403 3275 5470 mytliologps
3304 5403 3586 5470 celebratur
3626 5403 3909 5473 Thyesteum

2350 5468 2641 5515 convivium.
2658 5471 2693 5510 τ
2726 5470 2891 5525 yestes
2911 5472 3044 5508 enim
3067 5459 3264 5520 Pelopis
3294 5457 3571 5525 ﬁliushcum
3591 5460 3744 5525 Atrei
3762 5462 3911 5511 fratris

2526 5496 3909 5599 ὅίὲιίὲιῖἱῖῖἐθιεέέέῶᾜυουτξῖδεδέξῗὶιὲξᾷίὲ

2342 5581 3908 5708 i‘miﬁiﬁs’mihfﬂiiﬁéﬁi‘ﬁmam???

2753 5408 2859 5451 etas
2891 5407 2944 5448 et
2974 5398 3275 5462 tuytbologps
3299 5397 3586 5462 celebratur
3610 5400 3909 5462 Thyesteum

2349 5724 2463 5759 num
2485 5711 2773 5773 Martyrem,
2808 5706 3190 5764 Athenagoram,
3222 5706 3539 5767 Theophilum
3560 5705 3904 5758 Antiodieuwn
4006 5760 4007 5767 η

2351 5784 2401 5823 ct
2421 5771 2780 5822 ’t'ct'tulliunum.
