4050 6324
724 336 828 394 $97
1470 339 1529 397 S.
1566 337 1849 395 JOANNIS
1886 337 2376 395 CllRYSOSTOMl
2420 338 2733 396 ARCIIIEI’.
2774 340 3315 398 CONSTANTINOP.
3846 349 3950 404 9.98

731 459 883 512 πόσοι
936 458 1026 512 καὶ
1067 457 1300 512 ἐνταῦθα
1329 458 1601 515 ολξϐονται
1632 461 1902 532 βιωτικῶν
1929 465 2116 519 ἕνεκεν
2143 483 2286 537 πρα-
2391 463 2473 516 λιν
2504 463 2813 534 ἀπαντῆσαι
2859 468 3094 536 ἐκείνην,
3139 466 3212 541 ἧς
3266 470 3464 524 ἐκεῖνοι
3516 469 3948 542 κατηξιώθησαν,

730 550 980 619 “triton;
1027 550 1310 622 Ἐννόησον
1337 552 1419 607 δτι
1447 554 1541 606 καὶ
1574 556 1638 609 σὺ
1661 549 1742 619 εἷς
1769 557 1828 621 ἐξ
1849 558 2070 613 ἐκείνων
2093 555 2164 622 εἷ,
2200 559 2295 611 καὶ
2390 553 2605 626 ἐκείνην
2634 556 2813 626 βάδιζε
2838 557 2937 628 τὴν
2961 559 3076 612 ὁδὸν
3109 559 3204 630 τὴν
3234 561 3352 614 ἐκεῖ
3379 561 3668 632 φέρουσαν.
3687 559 3763 614 Οὐ
3796 563 3955 630 φέρει

728 638 860 709 φέρε
894 639 994 710 τὴν
1023 639 1204 708 θλῑψιν
1240 641 1334 694 καὶ
1357 641 1458 713 τὴν
1480 641 1694 713 ὀδύνην,
1725 649 1792 716 τῇ
1821 646 1999 700 ἐλπίδι
2029 647 2137 701 τῶν
2161 647 2293 716 μελ-
2391 643 2426 713 ἡ
2447 641 2546 712 τῆς
2573 644 2810 708 ἀνέσεως
2841 645 2958 709 ὁδὸς
2983 647 3116 713 ἐκεῖ,
3151 646 3265 701 ἀλλ’
3292 648 3327 716 ἡ
3354 648 3453 718 τῆς
3473 646 3703 718 θλίψεως
3721 664 3737 679 ·
3769 647 3951 717 ἐκείνη

729 729 928 782 λόντων
970 731 1335 802 τρεφόμενος·
1377 734 1477 787 οὐκ
1505 729 1557 786 εἷ
1584 735 1649 789 σὺ
1677 734 1773 789 τοῦ
1812 736 2026 790 Παύλου
2071 737 2293 807 βελτίων
2393 730 2720 802 εὐρύχωρος,
2755 733 2893 802 αὕτη
2927 736 3106 805 στενή.
3142 735 3358 806 Ταύτην
3395 734 3718 807 βαδίζωμεν.
3746 737 3835 790 ἵνα
3861 738 3948 789 τύ·

728 820 848 873 οὐδὲ
867 819 967 873 τοῦ
1013 820 1243 894 Πέτρου,
1271 823 1380 876 τῶν
1407 823 1666 877 οὐδέποτε
1717 825 1954 889 ἀνέσεως
1998 828 2286 898 τυχόντων,
2395 837 2579 892 χωμεν
2616 826 2715 893 τῆς
2754 825 2972 879 αἰωνίου
3012 825 3155 896 ζωῆς
3182 827 3238 880 ἓν
3265 826 3488 899 Χριστῷ
3534 826 3705 898 ἰησοῦ
3736 829 3814 900 τῷ
3845 831 3954 884 Κν-

727 909 837 962 τῶν
859 909 916 962 ὲν
937 909 1084 981 λιμῷ
1114 913 1208 966 καὶ
1247 912 1387 983 δίψει
1411 915 1504 967 καὶ
1522 915 1824 987 γυμνότητι
1847 917 1939 970 τὸν
1970 919 2148 974 πάντα
2176 919 2289 990 βίον
2397 906 2496 976 Ph?
2526 908 2703 977 ἡμῶν»
2729 909 2848 980 μεθ’
2869 904 2930 964 οὗ
2954 911 3034 983 τῷ
3061 913 3236 984 Πατρὶ
3258 913 3375 984 ἅμα·
3401 912 3481 985 τῷ
3507 914 3647 986 ἁγίῳ
3672 918 3953 988 “nail-“7‘

728 1000 1120 1066 διεξελθόντων.
1162 1002 1226 1056 Ei
1286 1003 1459 1062 Βούλει
1489 1005 1595 1061 τῶν
1625 1007 1803 1062 αὐτῶν
1833 1009 2060 1073 ἐκείνοις
2087 1013 2287 1080 τυχεῖν,
2393 994 2539 1062 δόξαν
2573 999 2791 1068 κράτος,
2807 1001 2964 1073 τιμὴ,
3001 1001 3095 1057 νῦν
3118 1004 3211 1058 καὶ
3237 1003 3348 1074 ἀεὶ,
3368 1005 3464 1062 καὶ
3486 1005 3569 1071 εις
3586 1006 3709 1071 τοὺς
3745 1007 3954 1072 αἰῶνας

728 1091 782 1144 τί
810 1091 906 1162 τὴν
939 1095 1188 1150 ἐναντίαν
1216 1095 1419 1164 όδεύεις
1444 1097 1591 1166 ὀδόν;
1623 1101 1670 1153 ei
1691 1099 1878 1171 βούλει
1906 1102 2040 1174 πρὸς
2065 1102 2165 1173 τὴν
2191 1103 2289 1156 πό-
2393 1085 2499 1139 τῶν
2526 1086 2754 1144 αίὼνων·
2786 1090 2977 1162 Ἀμήν·

2042 1813 2605 1842 *ψ

741 2443 1027 2474 ,περ
1045 2449 3946 2510 _=M===

2153 2632 2530 2695 MONITUM

788 2801 961 2860 Hasce
989 2805 1300 2865 Conciones
1326 2811 1800 2886 Constantinopoli
1837 2819 2054 2876 habitas
2079 2822 2269 2893 fuisse,
2302 2828 2449 2885 clare
2480 2830 2687 2887 indicat
2711 2830 3155 2904 Chrysostomus,
3183 2846 3309 2887 cum
3341 2831 3478 2887 dicit
3509 2831 3564 2885 in
3592 2830 3699 2886 nne
3725 2830 3962 2886 homilic

715 2920 895 2977 tertia
921 2938 980 2980 se
1005 2927 1324 2998 episcopum
1355 2929 1412 2985 in
1442 2931 1640 2990 throno
1663 2935 1876 2994 sedere.
1911 2939 2092 2999 Facile
2117 2959 2337 3017 quoque
2363 2949 2584 3005 videtur
2606 2966 2728 3006 esse
2753 2966 2959 3007 annum
2995 2950 3292 3023 assignare,
3327 2967 3440 3022 quo
3464 2951 3583 3006 haec
3609 2951 3963 3008 concionatus

714 3039 802 3085 est
828 3041 1052 3090 sanctus
1081 3036 1306 3094 Doctor.
1351 3041 1430 3096 Ex
1460 3043 1529 3100 iis
1555 3045 1727 3112 enim,
1759 3063 1880 3118 qua:
1913 3051 2059 3117 ~dicit
2090 3053 2315 3112 humilia
2354 3060 2609 3130 septima,
2638 3077 2869 3118 numero
2905 3062 2962 3129 5,
2993 3063 3234 3120 indicare
3266 3063 3493 3118 omnino
3517 3063 3735 3119 videtur
3765 3063 3964 3118 Eutro-

601 3163 604 3166 ·
716 3145 869 3215 pium
899 3152 1238 3220 eunuchum,
1268 3157 1398 3214 licet
1431 3161 1596 3217 tacito
1618 3165 1841 3223 nomine
1874 3167 1944 3224 de
1970 3169 2065 3226 illo
2090 3181 2233 3243 agat,
2258 3173 2365 3230 hoc
2406 3176 2525 3247 ipso
2554 3186 2801 3250 tempore
2825 3179 2894 3236 de
2922 3181 3092 3252 gradu
3116 3179 3391 3252 dejectum
3421 3189 3478 3236 et
3501 3179 3813 3251 expulsum.
3835 3176 3964 3245 Quis

713 3263 864 3318 enim
885 3266 1049 3334 alius,
1071 3286 1279 3341 quaeso,
1307 3275 1477 3332 fuerit
1503 3294 1570 3333 ea:
1592 3295 1812 3336 numero
1841 3288 2220 3354 cunuchorum,
2250 3289 2346 3360 qui
2371 3290 2490 3347 heri
2527 3293 2582 3347 in
2606 3294 2871 3349 tribunali
2892 3294 3139 3360 sedebat,
3165 3295 3259 3364 qui
3285 3292 3653 3350 clamantibus
3676 3301 3732 3347 et
3750 3290 3966 3362 pmiis

712 3382 1062 3450 praeconibus
1116 3402 1215 3456 per
1253 3388 1432 3446 forum
1496 3393 1809 3463 incedebat,
1843 3399 2161 3485 ambitiose
2194 3404 2280 3459 sui
2323 3411 2592 3463 terrorem
2628 3409 2917 3466 .incutiens
2948 3427 2963 3465 :
2995 3411 3201 3481 quique
3241 3409 3407 3466 hodie
3447 3424 3515 3465 ex
3553 3379 3703 3463 tanta
3746 3403 3963 3462 fortuna

714 3497 981 3579 deiectus,
1013 3503 1082 3558 ab
1111 3507 1368 3566 omnibus
1397 3509 1668 3581 desertus,
1698 3515 1822 3573 vilis
1852 3529 1909 3575 et
1942 3519 2126 3577 nudus
2155 3532 2412 3594 tanquam
2437 3527 2621 3597 pulvis
2652 3529 3023 3586 eventilatur?
3048 3529 3203 3596 Quis,
3235 3531 3482 3600 inquam,
3517 3516 3659 3584 alius
3686 3527 3779 3583 hic
3803 3526 3963 3581 fuerit

713 3633 880 3689 quam
914 3618 1214 3694 Eutropius
1256 3629 1567 3695 eunuchus,
1603 3632 1694 3688 cui
1723 3633 1913 3691 isthaac
1955 3638 2142 3694 omnia
2188 3640 2549 3698 acciderunt?
2577 3643 2717 3711 Quia
2745 3659 2877 3700 vero
2916 3646 2985 3701 de
3016 3646 3286 3717 EutrOpio
3319 3645 3410 3701 ille
3439 3645 3518 3700 sic
3545 3645 3712 3700 tacito
3743 3643 3965 3696 nomine

713 3736 980 3808 loquitur,
1018 3749 1275 3813 tanquam
1305 3755 1432 3815 post
1461 3761 1623 3804 suum
1667 3765 1736 3806 ex
1783 3759 1936 3808 tanta
1983 3752 2207 3812 fortuna
2252 3757 2468 3828 lapsum
2512 3760 2693 3816 adhuc
2734 3761 2792 3816 in
2828 3761 2971 3817 vivis
2999 3770 3291 3829 versante;
3341 3761 3643 3832 Eutropius
3683 3773 3818 3814 vero
3848 3766 3964 3827 post

717 3858 929 3906 tantum
964 3868 1150 3910 casum
1181 3857 1237 3912 in
1261 3857 1504 3930 Cyprum
1544 3859 1752 3920 statim'
1777 3867 2076 3939 relegatus,
2123 3868 2273 3925 haud
2305 3870 2400 3926 diu
2433 3883 2623 3942 postea
2657 3873 2786 3930 inde
2810 3874 3130 3930 eductuset
3167 3875 3347 3946 capite
3377 3881 3664 3930 truncatus
3693 3871 3798 3928 fuit
3826 3883 3964 3926 anno

713 3979 964 4026 vertente
994 3973 1098 4029 599
1125 3991 1138 4026 :
1167 3974 1297 4030 hinc
1324 3978 1577 4048 sequitur
1605 3980 1661 4036 in
1687 3996 1894 4038 annum
1921 3983 2026 4040 599
2051 3983 2440 4040 conferendam
2468 4000 2589 4041 esse
2614 3955 2780 4058 hujus
2815 3987 3056 4043 bomilia:
3079 3987 3545 4058 pradicationem.

782 4147 944 4203 Aliud
974 4149 1142 4205 etiam
1171 4151 1226 4205 in
1275 4151 1502 4210 homilia
1543 4157 1807 4224 secunda,
1852 4174 2006 4214 num.
2055 4158 2089 4212 4
2115 4159 2379 4226 occurrit,
2424 4158 2571 4215 unde
2618 4161 2883 4232 temporis
2910 4169 3099 4217 notam
3129 4162 3400 4232 expiscari
3429 4161 3727 4234 possimus.
3760 4161 3965 4216 Dicitur

716 4277 954 4334 namque
981 4263 1144 4321 isthic
1171 4283 1184 4319 :
1216 4265 1346 4333 Qui:
1368 4278 1716 4340 exspectasset
1750 4286 1834 4336 ea,
1862 4288 1981 4342 qua;
2010 4290 2148 4327 nunc
2172 4275 2414 4330 eveniunt
2444 4275 2498 4330 in
2529 4274 2747 4330 diversis
2781 4275 2928 4350 locis,
2955 4285 3112 4331 terra
3140 4285 3309 4331 motus
3333 4285 3383 4331 et
3406 4277 3614 4332 urbium
3643 4278 3966 4332 eversiones!

722 4385 789 4439 Hi
849 4384 987 4439 tanti
1051 4393 1212 4440 terra:
1276 4394 1461 4443 motus
1517 4387 1574 4442 in
1636 4402 1842 4444 annum
1903 4388 2008 4445 598
2069 4388 2407 4457 referuntur,
2468 4399 2528 4447 ut
2593 4392 2848 4463 pluribus
2903 4392 3109 4448 dicitur
3154 4392 3211 4448 in
3241 4393 3364 4450 Vita
3423 4392 3824 4465 Chrysostomi.
3865 4389 3964 4452 Nc-

709 4519 820 4575 que
853 4511 1060 4574 pugnat
1090 4501 1226 4558 illud
1259 4518 1383 4559 cum
1440 4503 1572 4558 anni
1607 4503 1714 4560 599
1738 4512 1868 4559 nota
1909 4513 2060 4560 certa
2093 4521 2258 4576 quam
2287 4507 2451 4564 modo
2474 4507 2782 4579 posuimus.
2816 4502 3226 4563 Adverténdum
3261 4523 3499 4579 namque
3527 4517 3633 4574 est,
3661 4508 3796 4564 illud
3823 4509 3963 4581 quod

712 4619 780 4674 de
811 4617 1079 4689 Eutropio
1110 4618 1315 4673 dicitur
1347 4618 1404 4673 in
1449 4619 1678 4674 homilia
1722 4619 1956 4689 septima
2000 4633 2325 4689 occurrere;
2355 4623 2504 4694 quod
2533 4632 2719 4679 autem
2753 4623 2823 4679 de
2867 4631 3029 4678 terra;
3068 4621 3310 4680 motibus
3347 4622 3404 4678 in
3448 4622 3677 4678 homilia
3699 4605 3961 4687 secunda.

712 4731 898 4787 Potuit
927 4742 1113 4789 autem
1141 4732 1369 4788 humilia
1393 4732 1636 4790 secunda
1665 4733 1949 4805 aliquanto
1973 4744 2242 4807 tempore,
2272 4737 2386 4794 imo
2417 4737 2629 4810 aliquot
2658 4739 2945 4796 mensibus
2971 4739 3257 4795 homiliam
3283 4739 3573 4810 septimam
3599 4739 3960 4812 praecessisse,

713 4851 873 4922 cujus
908 4851 988 4907 rei
1017 4852 1266 4923 exempla
1297 4868 1409 4909 non
1437 4867 1613 4924 pauca
1642 4863 1963 4925 suppetunt.
1993 4857 2074 4913 Ad
2109 4858 2224 4915 hac
2251 4875 2386 4916 vero
2424 4858 2580 4926 illud,
2608 4875 2724 4931 qua
2753 4875 2892 4914 nunc
2919 4859 3180 4925 eveniunt,
3210 4872 3322 4913 non
3353 4857 3430 4913 ita
3457 4855 3527 4911 ad
3560 4855 3804 4912 litteram
3829 4853 3963 4910 acci-

718 4965 981 5036 piendum
1007 4974 1110 5022 est.
1136 4965 1248 5022 Illa;
1271 4965 1420 5022 enim
1442 4973 1609 5023 tanta:
1630 4967 1969 5026 calamitates
1989 4970 2156 5026 etiam
2180 4971 2453 5028 hodierno
2479 4940 2632 5028 more
2656 4972 2754 5028 diu
2778 4972 3042 5030 dicuntur
3064 4987 3215 5029 nunc
3235 4970 3490 5038 evenire;
3512 4969 3713 5026 damna
3733 4982 3963 5038 namque

714 5081 1009 5153 importata
1055 5093 1280 5139 manent
1327 5095 1384 5141 et
1433 5085 1627 5141 saltem
1675 5102 1774 5157 per
1819 5102 2045 5156 annum,
2076 5105 2247 5158 nunc,
2289 5106 2358 5147 ex
2391 5100 2615 5162 recepto
2655 5107 2830 5158 more,
2863 5089 3130 5147 accidisse
3163 5088 3448 5145 dicuntur.
3480 5085 3638 5143 Adde
3671 5084 3963 5142 verisimile

712 5214 835 5254 esse
866 5199 990 5255 illos
1017 5208 1183 5255 terras
1207 5209 1392 5256 motus
1415 5209 1473 5258 et
1495 5199 1718 5256 urbium
1745 5201 2066 5260 eversiones
2088 5204 2371 5276 aliquanto
2405 5212 2653 5276 tempore
2682 5219 3085 5277 perseverasse.

785 5377 992 5434 Harum
1025 5379 1380 5438 homiliarum
1428 5381 1605 5454 stylus
1645 5392 1812 5455 atque
1857 5384 2029 5442 dictio
2071 5385 2263 5443 multis
2291 5386 2349 5442 in
2393 5385 2533 5442 locis
2576 5386 2796 5443 concisa
2842 5393 2948 5452 est,
2976 5383 3252 5453 etiamque
3278 5382 3552 5449 intricata,
3582 5380 3675 5437 vix
3707 5390 3771 5436 nt
3800 5380 3960 5451 possit

716 5498 984 5573 intelligi;
1015 5502 1112 5557 sed
1138 5503 1268 5573 quia
1294 5503 1363 5559 ad
1399 5504 1720 5562 auditorum
1746 5513 1968 5578 captum
2011 5507 2423 5564 accommodata
2448 5516 2587 5574 erat,
2622 5507 2758 5563 nihil
2804 5506 3033 5562 dubium
3059 5515 3166 5573 est,
3191 5519 3257 5561 ea
3290 5519 3414 5575 qua:
3439 5501 3605 5559 nobis
3630 5502 3890 5557 intercisa
3913 5510 3961 5553 ct

714 5623 878 5682 captu
932 5613 1173 5672 diﬂicilia
1223 5617 1502 5685 videntur,
1548 5635 1659 5675 non
1696 5619 1928 5691 perinde
1966 5619 2584 5694 Constantinopolitanae
2615 5620 2784 5693 plebi,
2815 5619 2946 5676 huic
2987 5617 3205 5677 dicendi
3233 5617 3426 5691 generi
3454 5623 3708 5685 assuetae,
3739 5615 3959 5672 obscura

713 5731 905 5787 fuisse.
