4050 6324
94 421 187 476 297
996 413 1060 470 lN
1098 393 1309 470 EPIST.
1350 413 1441 469 AD
1479 401 1665 469 puum

1803 413 1957 470 CAP.
2000 414 2086 470 IV.
2131 414 2362 472 llOLllL.
2403 414 2517 471 XV.

94 547 140 588 et
167 545 345 588 tenera
369 529 877 602 proﬁciscebantur,
910 546 939 584 a
963 531 1183 585 caritate
1218 545 1378 602 quam
1417 529 1665 586 Christus

96 630 197 695 ipse
218 625 529 695 quaerebat,
556 639 622 678 ex
647 622 879 694 quodam
908 632 1112 676 natura:
1137 636 1402 677 consensu
1429 620 1667 676 fraterno

95 726 142 770 et
170 715 362 785 patrio,
398 729 461 768 ac
487 715 662 784 potius
689 713 929 782 utrisque
956 712 1072 766 istis
1101 711 1325 782 majore.
1354 711 1467 766 Hoc
1497 710 1660 765 modo

95 806 221 861 allici
249 813 467 875 Oportet
494 844 511 869 ,
542 806 643 859 hoc
666 803 827 857 modo
852 801 983 857 ﬂere
1015 821 1029 856 :
1063 800 1364 869 huiusmodi
1413 801 1698 872 lact'yma~

95 912 277 965 magno
296 903 427 949 sunt
454 895 663 948 refertae
685 892 908 963 gaudio;
937 891 1243 962 huiusmodi
1287 890 1461 946 luctus
1505 906 1665 947 causa

96 989 282 1040 lautitiae
308 996 413 1041 est.
445 987 522 1040 Ac
550 1000 616 1038 ne
641 985 770 1038 mihi
799 982 966 1049 dicas,
995 982 1133 1048 Quid
1164 983 1410 1038 utilitatis
1437 982 1666 1037 aderunt

93 1093 219 1132 nicas
247 1079 496 1150 lacrymm
520 1077 615 1144 iis,
644 1093 740 1147 pro
785 1077 980 1146 quibus
1021 1075 1124 1130 hoc
1165 1076 1357 1131 facio?-
1387 1075 1522 1130 Nam
1563 1076 1664 1132 etsi

95 1169 189 1222 illis
211 1167 349 1222 nihil
378 1167 666 1236 prosimus,
690 1181 754 1222 ac
779 1177 928 1222 certe
951 1166 1104 1222 nobis
1138 1166 1268 1236 ipsis
1303 1165 1666 1236 proderimus.

93 1258 215 1312 Nam
245 1261 340 1327 qui
376 1259 454 1313 sic
491 1272 590 1326 pro
616 1257 807 1312 alienis
831 1256 978 1312 dolet
995 1296 1011 1322 ,
1035 1256 1204 1311 multo
1231 1256 1398 1326 magis
1428 1271 1524 1325 pro
1552 1256 1665 1311 suis

92 1351 322 1414 dolebit;
348 1350 438 1420 qui
464 1350 638 1402 aliena
665 1349 844 1418 luget,
883 1341 928 1401 is
948 1354 1095 1402 certe
1121 1347 1245 1398 vitia
1277 1354 1332 1399 et
1351 1345 1545 1400 delicta
1567 1360 1663 1400 sua

93 1456 190 1493 non
212 1441 329 1494 sine
355 1438 606 1508 lacrymis
628 1437 778 1491 abire
805 1438 948 1491 sinet
968 1451 984 1501 ;
1008 1436 1117 1490 imo
1144 1450 1248 1489 non
1269 1435 1376 1489 cito
1400 1435 1660 1503 peccabit.

91 1532 192 1584 Nos
215 1544 366 1593 vero,
391 1527 532 1598 quod
554 1528 796 1583 omnium
814 1526 1188 1596 gravissimum
1213 1534 1314 1585 est,
1332 1525 1468 1593 jussi
1491 1524 1664 1578 aliena

92 1630 302 1688 peccata
333 1619 485 1684 nere,
510 1633 578 1674 ne
599 1619 652 1672 in
684 1619 882 1672 nostris
903 1615 1118 1686 quidem
1150 1630 1312 1669 unum
1339 1615 1665 1684 pmnitentia:

90 1716 294 1780 signum
324 1712 550 1775 damus;
581 1709 675 1764 sed
706 1711 823 1763 sine
848 1708 958 1762 ullo
986 1706 1186 1762 doloris
1211 1721 1373 1760 sensu
1402 1705 1662 1771 cadimus,

89 1814 137 1855 et
165 1801 344 1856 omnia
368 1815 623 1857 curamus
650 1801 849 1870 magis,
886 1799 1061 1854 omnia
1099 1799 1267 1867 magis
1306 1796 1664 1866 expendimus

84 1911 242 1964 quam
264 1904 484 1963 peccata
513 1901 715 1949 nostra.
759 1893 882 1946 Ideo
926 1890 1216 1961 gaudemus
1258 1890 1508 1959 gaudium
1562 1889 1665 1943 hoc

88 1986 268 2040 inutile
302 2003 317 2039 :
346 1984 487 2055 quod
519 1985 625 2038 cito
651 1985 828 2053 perit,
854 1981 996 2053 quod
1027 1991 1310 2037 sexcentas
1341 1982 1478 2050 parit
1505 1982 1663 2050 aagri-

88 2077 316 2131 tmlines.
350 2076 668 2130 Mmreamus
691 2075 847 2145 igitur
875 2087 1108 2128 musrore
1135 2071 1314 2141 gaudii
1338 2080 1578 2135 auctore,
1608 2078 1663 2125 et

88 2183 148 2218 ne
170 2166 499 2234 gaudeamus
519 2165 714 2234 gaudio
733 2163 1062 2232 aegritudinis
1076 2171 1295 2231 parente
1320 2178 1333 2213 :
1359 2161 1663 2215 emittamus

86 2258 349 2327 lacrymas
375 2255 601 2309 multum
628 2254 915 2323 voluptatis
938 2253 1266 2306 seminantcs
1285 2291 1302 2317 ,
1341 2260 1394 2304 et
1433 2267 1539 2304 non
1586 2251 1661 2303 ri-

84 2339 310 2400 deamus
349 2347 458 2400 risu
482 2386 499 2413 ,
537 2345 627 2414 qui
661 2343 946 2400 stridorem
975 2343 1128 2399 nobis
1154 2342 1392 2399 dentium
1422 2343 1605 2413 gignat
1643 2359 1656 2395 :

3249 413 3357 472 398

1772 513 2087 589 alllictemus
2108 549 2206 590 nos
2231 533 2572 590 afﬂictatione
2602 533 2688 588 illa
2711 532 2849 588 unde
2881 532 3093 602 requies
3117 530 3352 596 exsistit,

1772 619 1829 677 et
1859 638 1925 678 ne
1945 623 2166 679 delicias
2189 640 2491 700 quaramus
2515 641 2578 679 ex
2601 624 2793 694 quibus
2818 638 3056 678 a2rumna
3086 631 3140 677 et
3163 622 3341 677 dolor.

1743 755 1746 758 .
1771 712 1850 766 Ad
1877 710 2040 768 breve
2061 721 2276 782 tempus
2305 714 2359 768 in
2385 725 2524 768 terra
2547 714 2873 779 laboremus,
2899 723 2956 766 ut
2983 721 3240 781 perpetuo
3255 727 3354 765 nos

1771 800 2102 857 oblectemus
2150 804 2202 858 in
2247 804 2438 858 czelis:
2473 805 2526 858 in
2571 803 2772 858 caduca
2818 803 2919 857 hac
2959 802 3065 855 vita
3110 816 3207 855 nos
3255 803 3354 870 ipsi

1770 890 2115 959 amittemus,
2141 902 2197 948 ut
2223 894 2274 947 in
2306 893 2514 947 inﬁnita
2534 893 2621 947 illa
2649 893 2888 962 requiem
2915 907 3312 961 consequamur
3340 909 3351 942 :

1771 996 1879 1034 non
1899 981 2201 1038 dililuamus
2220 982 2427 1039 deliciis
2451 984 2502 1036 in
2531 983 2631 1038 hac
2656 983 2827 1048 brevi,
2858 997 2926 1035 ne
2957 983 3008 1036 in
3040 982 3126 1036 illa
3149 981 3354 1035 infinita

1770 1073 2118 1141 suspiremus.
2160 1075 2352 1130 Annon
2380 1075 2571 1131 videtis
2596 1084 2727 1146 quot
2771 1074 3018 1128 homines
3062 1074 3148 1128 hic
3191 1074 3353 1128 etiam

1770 1151 1951 1219 rerum
1982 1165 2049 1220 ad
2077 1165 2214 1221 hanc
2242 1167 2404 1222 vitam
2432 1167 2813 1236 pertinentium
2841 1179 3000 1220 causa
3049 1167 3353 1234 angantur?

1771 1256 2026 1311 Existima
2054 1266 2103 1312 te
2130 1273 2342 1327 quoque
2368 1274 2530 1312 unum
2557 1273 2622 1312 ex
2647 1257 2750 1312 illis
2778 1272 2920 1322 esse,
2950 1265 3004 1311 ct
3048 1255 3129 1310 fer
3155 1272 3351 1310 atrum-

1771 1361 1894 1401 nam
1921 1363 1982 1402 ac
2004 1347 2243 1404 dolorem
2267 1390 2282 1413 ,
2311 1365 2408 1417 spe
2436 1349 2734 1404 futurorum
2784 1349 3044 1404 bonorum
3095 1350 3348 1402 nutritus.

1770 1436 1884 1492 Non
1908 1447 1960 1491 tu
1978 1453 2037 1492 es
2065 1438 2227 1494 Paulo
2254 1441 2462 1503 melior,
2489 1455 2594 1494 non
2617 1440 2778 1494 Petro
2807 1456 2820 1492 :
2850 1440 3042 1508 quibus
3063 1456 3351 1509 numquam

1769 1526 1934 1583 otium
1962 1529 2142 1583 datum
2170 1538 2282 1596 est;
2311 1530 2402 1600 qni
2434 1531 2484 1584 in
2517 1530 2655 1585 fame
2671 1539 2726 1584 et
2746 1531 2834 1583 siti
2858 1530 3168 1584 etnuditate
3187 1540 3350 1584 totam

1771 1621 1931 1674 vitam
1958 1620 2321 1676 confecerunt.
2359 1620 2416 1676 Si
2445 1621 2632 1675 eadem
2663 1628 2822 1690 atque
2846 1620 2922 1674 illi
2948 1619 3030 1674 vis
3055 1621 3351 1689 consequi,

1771 1725 1870 1765 cur
1897 1711 2219 1764 contrariam
2253 1709 2452 1765 insistis
2479 1711 2664 1763 viam?
2693 1711 2737 1765 si
2782 1709 2850 1764 ad
2891 1710 3161 1764 civitatem
3208 1709 3352 1764 illam

1770 1803 1848 1854 vis
1879 1800 2176 1868 pervenire,
2205 1817 2307 1870 qua
2337 1801 2410 1853 illi
2443 1799 2586 1870 digni
2620 1800 2743 1854 facti
2773 1809 2938 1868 sunt,
2973 1801 3118 1854 illam
3165 1815 3352 1870 perse-

1769 1907 1931 1960 quere
1958 1891 2095 1943 viam
2123 1906 2241 1959 qua:
2270 1891 2393 1944 illuc
2423 1889 2544 1944 fert.
2577 1887 2850 1944 Nonilluc
2875 1891 2969 1946 otii
2997 1891 3103 1945 fert
3128 1892 3228 1956 via,
3255 1891 3350 1946 sed

1769 1995 2017 2033 aerumna:
2049 1998 2061 2033 :
2092 1979 2178 2033 illa
2210 1981 2335 2046 lata,
2363 1980 2476 2033 haec
2503 1990 2727 2049 angusta
2754 1989 2855 2034 est.
2891 1980 3000 2034 Hae
3045 1981 3148 2035 iter
3190 1983 3352 2035 facia-

1769 2085 1908 2132 mus,
1938 2080 1992 2122 nt
2017 2083 2407 2138 consequamur
2437 2080 2693 2124 aeternam
2725 2069 2889 2124 vitam
2917 2071 2968 2124 in
2990 2069 3205 2126 Christo
3225 2070 3352 2125 Iesu

1771 2160 1995 2213 Domino
2017 2168 2221 2224 nostro,
2253 2174 2371 2213 cum
2401 2174 2508 2229 quo
2538 2159 2679 2214 Patri
2708 2161 2972 2231 simulque
2999 2171 3184 2216 sancto
3224 2162 3350 2230 Spi-

1769 2251 1888 2303 ritui
1915 2250 2106 2320 gloria,
2137 2251 2442 2320 imperium,
2474 2251 2669 2318 honos,
2705 2268 2843 2305 tnmc
2874 2263 2927 2306 et
2958 2269 3190 2319 scim-er,
3217 2266 3264 2305 et
3299 2255 3349 2306 in

1766 2341 1962 2396 saecula
1993 2340 2330 2406 sa-culortnn.
2363 2342 2554 2396 Amen.

2959 2502 3309 2521 ﬂ

93 2505 1805 2541 =——————-—-———-—~————_——_—m

201 2680 317 2739 AD
352 2680 752 2741 HOMIUAS
796 2681 859 2742 S.
906 2681 1241 2742 JOANNIS
1275 2682 1846 2744 CHRYSOSTOMI
1879 2685 1960 2743 IN
1993 2683 2444 2744 EPISTOLAM
2492 2684 2599 2742 AD
2643 2678 3215 2743 COLOSSENSES.

154 2866 212 2919 in
244 2866 402 2922 hisce
427 2882 594 2936 porro
618 2868 978 2923 concionibus
1012 2867 1184 2922 multa
1211 2868 1474 2924 discimus
1498 2868 1569 2922 de
1603 2868 1710 2922 ritu
1737 2868 1996 2924 Ecclesiae
2025 2869 2645 2938 Constantinopolitanae
2687 2868 2743 2921 in
2772 2864 3054 2935 Liturgia;
3085 2865 3342 2932 interque

85 2982 187 3036 alia
216 2981 430 3036 dicitur
468 2996 657 3050 pacem
687 2982 995 3038 innumeris
1028 2997 1170 3052 pene
1209 2983 1422 3038 vicibus
1455 2983 1600 3038 inter
1624 2983 1892 3038 orandum
1924 2984 2150 3053 petitam
2196 2983 2386 3038 fuisse.
2431 2983 2690 3048 Quaedam
2717 2981 2884 3036 etiam
2925 2989 3230 3036 occurrunt
3275 2979 3343 3034 de

87 3095 351 3150 Ecclesiae
373 3094 634 3164 Opinione
673 3105 839 3165 atque
869 3097 1176 3164 sententia;
1208 3097 1444 3167 exempli
1486 3113 1650 3152 causa
1692 3096 1761 3152 de
1803 3097 2013 3166 angelis
2039 3097 2380 3162 custodibus,
2410 3097 2506 3166 qui
2536 3095 2738 3168 singuli
2767 3096 3000 3166 singulis
3029 3095 3348 3150 hominibus

85 3209 149 3261 ad
189 3207 423 3262 tutelam
461 3207 830 3277 assignantur.

154 3362 224 3418 Ut
253 3370 382 3417 erat
408 3361 834 3431 Chrysostomus
862 3375 1050 3426 verax,
1078 3360 1224 3431 aequi
1263 3376 1473 3425 amans,
1501 3368 1557 3414 et
1581 3339 1650 3415 ad
1683 3361 1958 3431 carpenda
2000 3360 2134 3415 vitia
2175 3376 2404 3431 pronus,
2430 3377 2500 3416 ne
2526 3361 2850 3431 imperatori
2879 3364 3105 3433 quidem
3135 3362 3345 3431 parcit;

89 3478 185 3531 sed
223 3476 606 3530 Theodosium
648 3475 925 3547 Magnum,
957 3475 1088 3531 licet
1131 3475 1298 3531 tacito
1322 3477 1568 3542 nomine,
1601 3476 1776 3546 carpit
1804 3477 1953 3530 hom.
1991 3478 2245 3546 septima,
2271 3494 2329 3531 r.
2357 3479 2410 3544 '5,
2441 3478 2587 3547 quod
2615 3477 3017 3534 Antiochenam
3043 3479 3347 3544 civitatem,

86 3595 360 3656 otl‘ensus,
385 3593 613 3661 perdere
635 3607 701 3646 ac
720 3591 1008 3647 destruere
1036 3592 1295 3647 voluerit.
1325 3591 1740 3663 lmperatricem
1763 3607 1918 3658 vero,
1943 3592 2243 3648 Eudociam
2274 3609 2494 3664 nempe,
2520 3609 2630 3648 non
2653 3594 2848 3670 leviter
2873 3594 3175 3649 insectatur
3197 3596 3346 3648 hom.

85 3703 328 3767 decima,
356 3718 511 3756 num.
540 3703 574 3758 4
598 3711 656 3758 et
692 3703 746 3767 5,
777 3702 847 3758 ob
878 3704 1070 3758 luxum
1102 3703 1334 3757 nimium
1376 3712 1433 3758 et
1475 3704 1730 3773 profusos
1761 3704 1816 3758 in
1843 3720 2024 3759 vesws
2052 3721 2247 3761 aureas
2274 3713 2544 3776 sumptus,
2571 3707 2665 3775 qui
2693 3707 3182 3772 membrisChristi
3218 3722 3354 3776 pau-

88 3818 323 3886 peribus
350 3817 598 3886 tegendis
635 3827 801 3888 atque
834 3818 1085 3873 fovendis
1112 3818 1414 3888 deputandi
1441 3829 1618 3874 erant.
1651 3820 1730 3874 Ex
1761 3820 1865 3875 hac
1896 3835 2061 3889 porro
2087 3829 2233 3876 tanta
2258 3821 2478 3876 dicendi
2513 3823 2790 3888 libertate,
2825 3820 2956 3893 q'uid
2982 3824 3202 3878 demum
3230 3840 3354 3878 san-

87 3938 177 3983 clo
204 3930 436 3985 Doctori
460 3932 744 3999 acciderit,
779 3933 995 4004 ignorat
1018 3947 1200 4000 nemo,
1225 3943 1282 3990 et
1308 3951 1410 3991 nos
1433 3935 1685 4006 pluribus
1712 3936 2092 3993 recensuimus
2114 3939 2170 3993 in
2198 3937 2446 4009 ejusdem
2468 3938 2610 3995 Vita.

155 4086 280 4140 Non
309 4086 542 4140 deerant
568 4088 774 4143 oratori
806 4096 1054 4155 strenuo,
1089 4090 1290 4153 dieaci,
1329 4093 1471 4162 aequi
1509 4093 1753 4162 bonique
1786 4094 2008 4164 cupido,
2053 4109 2176 4164 quae
2224 4095 2280 4148 in
2326 4089 3068 4164 Constantinopolitanornm
3111 4093 3359 4148 moribus

89 4209 349 4272 carperet
371 4211 430 4259 et
454 4203 834 4258 insectaretur.
859 4204 996 4259 Nam
1021 4205 1254 4261 divitum
1280 4216 1464 4263 tantus
1491 4219 1610 4264 erat
1639 4210 1823 4275 luxus,
1850 4202 1989 4264 tanti
2021 4209 2075 4263 in
2107 4209 2310 4263 mensis
2340 4219 2636 4279 apparatus
2660 4217 2822 4279 atque
2852 4218 3123 4280 sumptus,
3155 4217 3218 4263 ut
3247 4225 3356 4264 non

87 4319 207 4375 sine
242 4329 478 4390 stupore
509 4321 761 4392 legantur
789 4338 854 4377 ea
879 4338 1002 4393 quae
1035 4325 1125 4381 ille
1151 4327 1209 4381 in
1238 4328 1462 4383 homilia
1489 4330 1688 4399 prima,
1724 4347 1877 4384 num.
1909 4331 1939 4384 ἆ
1974 4338 2243 4385 recenset.
2273 4330 2494 4385 Plebem
2521 4341 2725 4396 autem,
2757 4329 2866 4383 imo
2897 4327 3357 4397 Constantinopo-

90 4434 296 4488 litanos
329 4449 525 4488 omnes
546 4436 670 4506 jure
710 4437 966 4508 objurgat
1004 4447 1062 4494 et
1102 4441 1359 4509 in‘cessit;
1397 4445 1544 4512 quod
1569 4445 1729 4500 multi
1755 4445 1940 4501 omnia
1981 4445 2221 4499 humana
2251 4445 2361 4525 fato
2405 4445 2537 4499 ferri
2571 4445 2821 4499 dicerent
2863 4453 3027 4514 atque
3066 4451 3358 4514 putarent,

91 4549 337 4618 ideoque
380 4548 481 4603 Dei
524 4549 930 4618 providentiam
977 4553 1114 4608 nihil
1157 4566 1450 4623 curarent;
1494 4559 1638 4627 quod
1670 4560 1891 4629 plurimi
1937 4561 2398 4615 resurrectionem
2445 4569 2740 4631 negarent;
2771 4560 2918 4631 quod
2948 4560 3364 4615 observationes

92 4661 315 4718 dierum
345 4661 496 4732 apud
524 4662 650 4718 illos
677 4665 928 4736 vigerent
959 4683 973 4718 :
1005 4665 1113 4721 hoc
1143 4683 1276 4722 vero
1315 4686 1488 4740 genus
1515 4674 1927 4742 superstitionis
1963 4674 2059 4729 diu
2102 4675 2445 4745 multumque
2480 4676 2535 4730 in
2563 4675 3002 4732 occidentalibus
3040 4676 3206 4732 etiam
3233 4692 3362 4746 par-

97 4780 245 4835 tibus
278 4778 541 4844 invaluit,
570 4788 632 4834 ut
661 4781 792 4836 alibi
827 4781 1346 4842 demonstravimus.
1382 4787 1662 4858 Ligamina
1705 4790 1894 4856 etiam,
1925 4806 2050 4861 quae
2081 4805 2255 4861 graece
2285 4791 2557 4861 περίαπτα
2589 4790 2874 4857 dicuntur,
2903 4799 2962 4846 et
2990 4792 3124 4846 alias
3164 4790 3366 4846 multas

95 4891 534 4962 spuerstitiones
557 4893 703 4964 apud
734 4894 860 4949 illos
887 4894 1174 4951 observari
1200 4898 1335 4954 dicit
1359 4901 1509 4955 hom.
1539 4911 1753 4969 octava,
1779 4919 1933 4989 num.
1965 4904 2018 4957 5.
2050 4903 2255 4957 Morem
2274 4882 2504 4972 quoque
2536 4905 2764 4958 omnino
2789 4903 3160 4958 damnandum
3189 4903 3366 4981 insee-

98 5015 271 5075 tatur,
301 5007 459 5079 quod
483 5024 684 5078 nempe
707 5009 1299 5082 Constantinopolitani
1329 5018 1682 5072 meretricum
1708 5033 1914 5073 cuneos
1943 5018 2010 5071 ad
2035 5016 2256 5086 nuptias
2281 5015 2636 5071 celebrandas
2658 5017 3012 5072 advocarent.

161 5160 465 5234 Singulare
491 5168 720 5224 omnino
746 5180 831 5227 est
860 5172 914 5226 id
945 5174 1092 5244 quod
1118 5175 1255 5230 dicit
1277 5172 1428 5231 hom.
1460 5176 1714 5246 septima,
1746 5190 1898 5230 num.
1930 5151 2202 5246 5,'nempe
2226 5190 2410 5246 regem
2436 5177 2728 5231 Persarum
2747 5177 2972 5248 illoipso
2997 5190 3107 5245 quo
3131 5172 3369 5241 Chryso-

92 5286 310 5332 stomus
345 5279 784 5336 concionahatur
817 5255 1083 5357 tempore,
1134 5288 1362 5343 barbam
1398 5289 1657 5343 habuisse
1686 5304 1930 5343 auream.
1973 5288 2245 5344 Proiixam
2288 5296 2460 5354 certe,
2490 5287 2717 5344 densam
2751 5297 2808 5343 et
2839 5285 3173 5358 adjectitiam
3198 5281 3367 5337 fuisse

94 5396 294 5457 regum
319 5386 620 5442 Persarum
656 5389 882 5446 barbam
914 5397 1180 5466 exemplis
1205 5405 1260 5453 et
1292 5399 1666 5454 schematibus
1696 5399 2055 5456 conﬁrmatur
2084 5401 2140 5455 in
2165 5398 2503 5470 Antiquitate
2527 5398 2814 5469 explanata
2837 5396 2994 5454 Tom.
3021 5397 3086 5464 ὃς
3118 5395 3210 5451 hic
3234 5399 3365 5449 vero

93 5493 360 5565 adjicitur
391 5513 516 5555 eam
561 5500 731 5560 fuisse
769 5521 1014 5583 auream.

159 5658 695 5731 lnterpretationom
723 5663 974 5722 Latinam
1003 5665 1260 5724 Gentiani
1296 5669 1519 5726 lien-eti
1543 5671 1797 5745 plurimis
1825 5672 1882 5727 in
1914 5672 2052 5729 locis
2082 5670 2488 5744 castigavimus.
