4050 6324
3874 135 4036 421 ‘l

1696 1202 2102 1290 SANCTI
2180 1148 2600 1289 PATRIS
2673 1199 3106 1293 NOSTRI

799 1612 1919 1819 JOANNIS
2022 1613 3985 1869 CHRYSOSTOMI,

1699 2117 2207 2175 sucummscom
2260 2090 3094 2182 coasrammoroumm,

1002 2456 1106 2534 ΙΝ
1188 2456 1751 2539 EPISTOLAM
1798 2463 1963 2539 ἈΟ
2040 2464 2303 2542 COLO

2418 2463 2739 2543 ‘ENSES
2810 2461 3622 2543 COMMENTARIUS
3686 2451 3798 2536 (α).

2171 3079 2481 3140 HUMILIA
2548 3082 2595 3139 Ι.

756 3358 882 3413 (ιλιι.
917 3352 967 3407 Ι.
998 3365 1049 3402 v.
1080 3350 1133 3402 l.
1160 3345 1358 3400 Paulus
1381 3342 1639 3413 apostolus
1665 3340 1791 3394 Jesu
1817 3337 2002 3393 Christi
2030 3355 2118 3407 per
2146 3340 2322 3393 volun-

825 3452 976 3496 tatem
1005 3436 1117 3500 Dei,
1150 3444 1195 3489 et
1215 3432 1506 3488 Timotheus
1535 3435 1710 3499 frater,
1731 3427 1786 3481 2.
1816 3429 1879 3481 iis
1903 3430 1989 3497 qui
2008 3440 2121 3481 sunt
2140 3428 2318 3483 Colos-

825 3534 896 3591 sis
924 3530 1111 3584 sanctis
1143 3536 1187 3579 et
1225 3524 1457 3593 fidelibus
1484 3520 1724 3591 fratribus
1753 3521 1805 3573 in
1836 3518 2036 3572 Christo
2064 3518 2218 3583 Iesu,
2260 3520 2314 3574 3.

822 3622 987 3694 gratia
1014 3620 1152 3673 vobis
1180 3628 1225 3670 et
1270 3631 1371 3685 pax
1397 3632 1428 3667 a
1475 3611 1579 3666 Deo
1608 3611 1763 3664 Patre
1799 3619 1967 3664 nostro
2016 3618 2061 3664 et
2102 3609 2317 3664 Domino

821 3714 947 3768 Iesu
975 3708 1198 3766 Christo.

821 3803 873 3857 Ι.
904 3800 1112 3855 Sancta:
1131 3793 1344 3866 quidem
1371 3803 1494 3846 sunt
1520 3804 1708 3845 omnes
1736 3788 1987 3857 Epistolas
2011 3788 2187 3853 Pauli;
2219 3787 2316 3840 ali-

748 3891 874 3963 quid
900 3900 1079 3943 autem
1112 3886 1309 3938 habent
1333 3882 1560 3949 amplius
1584 3895 1661 3933 ea:
1686 3919 1702 3944 ,
1727 3893 1846 3947 qua:
1875 3878 1966 3931 illo
1994 3878 2168 3959 vincto
2194 3877 2316 3931 mit-

749 3989 932 4035 tuntur
954 4018 970 4042 ,
1014 3972 1313 4042 cuiusmodi
1351 3979 1476 4025 sunt
1524 3966 1775 4035 Epistolas
1811 3965 1875 4020 ad
1913 3965 2192 4035 Ephesios,
2245 3963 2312 4018 ad

748 4073 1131 4132 Philemonem,
1153 4064 1218 4119 ad
1261 4060 1619 4125 Timotheum,
1659 4066 1712 4111 et
1732 4058 1844 4111 harc
1871 4072 2101 4125 prmus
2129 4071 2146 4108 ε
2189 4070 2309 4108 nam

746 4181 808 4221 ca
855 4174 1065 4232 quoque
1120 4159 1279 4211 missa
1323 4162 1550 4207 cstcum
1576 4158 1720 4205 esset
1771 4149 1823 4202 in
1873 4147 2120 4211 vinculis,
2172 4146 2311 4203 sicut

748 4255 988 4310 scribens
1008 4248 1219 4304 dicobat
1249 4262 1263 4298 :
1298 4245 1517 4313 Propter
1538 4241 1671 4309 quod
1690 4239 1839 4293 etiam
1876 4239 2066 4292 vinetus
2086 4253 2197 4290 sum
2217 4276 2234 4301 ,
2256 4246 2311 4290 ut

745 4344 1059 4413 rmifesteut
1078 4338 1206 4391 illud
1234 4336 1305 4387 ita
1329 4344 1386 4387 ut
1410 4339 1604 4401 oportet
1631 4345 1709 4382 me
1728 4328 1869 4397 loqui
1886 4328 2032 4394 (Col.
2065 4327 2119 4380 4.
2148 4327 2202 4380 3.
2228 4328 2305 4394 4).

746 4436 851 4493 Sed
878 4434 990 4488 lucc
1016 4430 1219 4484 videtur
1242 4439 1363 4480 esse
1386 4422 1646 4492 posterior
1672 4419 1908 4488 Epistula
1933 4418 1997 4471 ad
2022 4418 2308 4471 llnnmnos.

745 4526 876 4581 Nam
902 4523 1045 4577 illam
1072 4517 1285 4588 quidem
1334 4512 1546 4581 scripsit
1594 4525 1717 4564 cum
1766 4505 2307 4587 Romannsnoudum

747 4616 985 4675 vidisset,
1016 4584 1151 4663 hanc
1176 4617 1351 4660 autem
1373 4618 1492 4657 cum
1516 4601 1628 4670 jam
1659 4598 1896 4661 vidisset,
1942 4604 1997 4650 et
2031 4584 2139 4663 jam
2168 4604 2310 4649 esset

742 4709 798 4759 in
853 4706 956 4756 line
985 4695 1395 4769 praedicationis.
1430 4691 1578 4745 Illinc
1606 4697 1783 4743 autem
1810 4696 1892 4740 cst
1922 4686 2257 4754 perspicuum
2290 4701 2303 4735 :

740 4795 869 4847 dicit
911 4792 1053 4844 enim
1085 4788 1137 4841 in
1165 4785 1397 4854 Epistula
1425 4780 1491 4835 ad
1524 4779 1906 4837 Philemonem,
1935 4773 2062 4841 Cum
2087 4775 2157 4826 sis
2192 4774 2307 4826 talis

744 4900 798 4939 ut
832 4884 1025 4937 Paulus
1043 4894 1193 4933 senex
1220 4875 1467 4939 (Philem.
1496 4869 1574 4941 9),
1596 4877 1650 4922 et
1682 4880 1873 4937 rogans
1900 4880 1994 4934 pro
2026 4864 2301 4917 Onesimo:

745 4979 797 5029 in
816 4977 917 5029 hac
934 4980 1109 5039 autem
1133 4967 1291 5021 mittit
1314 4966 1484 5034 ipsum
1506 4959 1835 5018 Onesimum,
1856 4955 1991 5007 sicut
2016 4953 2162 5017 dicit,
2181 4950 2307 5005 Cum

747 5066 981 5120 Onesiuw
1010 5061 1151 5131 ﬁdeli
1176 5069 1221 5112 et
1244 5058 1423 5111 dilecto
1449 5058 1606 5125 fratre
1656 5047 1789 5117 (Col.
1820 5047 1871 5100 ι.
1896 5043 1986 5114 9);
2018 5042 2221 5096 lideleiu
2253 5052 2308 5095 ct

742 5156 1014 5215 dilectum,
1036 5159 1091 5205 et
1120 5149 1336 5203 fratrem
1365 5158 1484 5198 cum
1515 5155 1729 5193 vocans.
1759 5134 2113 5202 Quamobrem
2142 5132 2304 5184 conﬁ-

743 5245 935 5298 denter
959 5240 1088 5294 dicit
1136 5240 1188 5291 iu
1238 5235 1338 5287 hac
1387 5229 1619 5298 Epistola
1651 5244 1664 5279 :
1698 5227 1740 5277 Α
1782 5240 1870 5291 spe
1908 5237 2009 5274 ευρ·
2036 5221 2147 5289 d’clii
2173 5219 2306 5287 quod

739 5335 970 5401 audistis,
996 5331 1130 5401 quod
1157 5326 1484 5397 prwdiratum
1509 5330 1580 5372 est
1616 5319 1666 5371 in
1688 5317 1919 5369 universa
1947 5322 2176 5366 creatura
2194 5324 2306 5376 qua:

742 5426 831 5479 sub
859 5398 982 5478 calo
1009 5398 1095 5475 rest
1124 5417 1283 5488 (Ibid.
1316 5417 1367 5468 l.
1394 5414 1509 5481 25).
1542 5408 1658 5462 lam
1700 5407 1839 5459 enim
1887 5412 2095 5468 tempus
2137 5398 2303 5452 habe-

741 5518 831 5571 bat
857 5512 1181 5585 prmdiratio.
1240 5506 1349 5559 llac
1372 5517 1499 5571 ergo
1528 5498 1774 5553 existimo
1800 5508 1918 5549 esse
1946 5491 2297 5575 posteriorem

806 5687 880 5744 in)
904 5682 1124 5744 Homilicc
1150 5682 1197 5727 in
1236 5675 1495 5744 Epistulam
1536 5672 1591 5720 ad
1616 5670 1927 5744 (“glossenscs
2172 5670 2303 5744 ῑξιὲεέι

1419 5722 1469 5784 et
1503 5746 1611 5781 cum
1645 5730 1933 5780 Cnlbct‘ltnis
1962 5726 2055 5773 909
2089 5732 2138 5771 et
2164 5722 2299 5770 4122.

2429 3344 2722 3415 Epistolam
2748 3348 2814 3403 ad
2842 3348 3200 3416 Timotheum,
3226 3366 3345 3420 qua:
3383 3352 3595 3406 circiter
3621 3353 3738 3423 ejus
3775 3367 3981 3409 mortem

2426 3435 2622 3505 scripta
2648 3434 2775 3491 fuit:
2802 3439 2909 3492 illic
2938 3441 3078 3493 enim
3100 3439 3251 3505 dicit,
3276 3438 3387 3510 Ego
3409 3441 3540 3493 enim
3561 3442 3673 3512 jam
3700 3443 3893 3497 delibor
3915 3446 3975 3510 (ἰ.
4032 3500 4033 3503 η

2429 3522 2560 3576 Tim.
2586 3525 2639 3579 4.
2664 3525 2697 3582 6
2726 3527 2767 3596 ).
2810 3526 2906 3581 Est
2932 3544 3060 3583 vero
3092 3530 3205 3584 bzec
3230 3529 3452 3597 epistola
3478 3531 3748 3599 antiquior
3770 3533 3855 3586 illa
3880 3550 3979 3601 qua:

2423 3616 2621 3685 scripta
2637 3625 2719 3671 est
2740 3617 2805 3671 ad
2818 3619 3212 3688 Philippcnscs:
3230 3621 3336 3675 illic
3354 3621 3494 3676 enim
3517 3631 3641 3677 tunc
3656 3633 3797 3690 erat,
3816 3627 3980 3679 vincu-

2424 3706 2594 3762 lorum
2625 3724 2743 3778 quaa
2783 3709 2997 3764 luerunt
3034 3711 3217 3766 Romae
3247 3712 3452 3767 habens
3478 3713 3703 3767 initium.
3737 3716 3849 3770 Cur
3870 3732 3980 3785 ergo

2420 3796 2542 3851 dico
2565 3798 2659 3852 has
2675 3800 2927 3868 epistolas
2948 3802 3065 3870 plus
3090 3801 3288 3857 habere
3307 3818 3465 3872 quam
3490 3804 3654 3857 alias?
3679 3806 3956 3874 Proptem
4030 3858 4031 3869 χ

2421 3889 2561 3959 quod
2602 3903 2694 3943 eas
2733 3890 2994 3945 scriberet
3018 3906 3137 3945 cum
3167 3901 3312 3946 esset
3340 3893 3393 3946 in
3419 3892 3644 3947 vinculis
3689 3911 3702 3946 :
3743 3903 3805 3949 ut
3832 3896 3877 3949 si
3904 3896 3973 3948 vir

2420 3980 2573 4035 fortis
2604 3981 2883 4046 scriberet,
2931 3996 2961 4034 a
2989 3982 3224 4036 caedibus
3267 3983 3480 4037 interim
3505 3983 3771 4037 desistens
3798 3996 3853 4041 et
3877 3998 3969 4039 tro-

2420 4070 2568 4140 pzcis,
2601 4070 2681 4125 sic
2708 4070 2834 4139 ipsis
2857 4086 3069 4140 quoque
3098 4070 3344 4125 faciebat.
3364 4071 3580 4127 Sciebat
3607 4074 3750 4128 enim
3778 4075 3869 4129 ille
3888 4077 3974 4127 hoc

2419 4175 2540 4214 esse
2569 4175 2812 4229 magnum
2839 4179 2852 4213 :
2881 4161 2946 4213 ad
2981 4160 3347 4216 Philemonem
3373 4161 3515 4216 enim
3547 4164 3810 4229 scribens,
3837 4165 3970 4227 dicit,

2422 4253 2583 4317 Quem
2612 4252 2759 4321 genui
2786 4252 2836 4303 in
2858 4252 3068 4304 vinculis
3096 4252 3217 4304 meis
3237 4250 3487 4318 (Philem.
3517 4252 3633 4321 10).
3660 4252 3784 4306 lla‘c
3809 4265 3972 4305 autem

2417 4341 2566 4406 dixit,
2600 4356 2666 4395 ne
2708 4341 2761 4393 in
2796 4342 2952 4395 rebus
2979 4340 3215 4395 adversis
3243 4349 3299 4394 et
3325 4340 3530 4409 asperis
3557 4341 3743 4395 dolore
3782 4343 3970 4395 allicia-

2416 4450 2565 4495 mur;
2594 4433 2688 4489 sed
2710 4434 2867 4487 etiam
2888 4434 3146 4486 ltctcmur.
3176 4431 3273 4484 llic
3288 4431 3555 4498 eratapud
3572 4444 3665 4484 eos
3687 4431 3967 4485 Philemon:

2415 4526 2611 4580 etenim
2660 4523 2769 4576 illic
2812 4524 3052 4576 scribens
3077 4521 3223 4585 dicit,
3256 4518 3323 4573 Et
3359 4519 3620 4587 Archippo
3656 4522 3970 4573 commilitoni
4026 4560 4027 4603 ἡ

2416 4627 2583 4669 nostra
2607 4612 2765 4683 (Ibid.
2790 4612 2880 4676 ‘2);
2904 4623 2957 4665 et
2988 4610 3092 4673 hic,
3126 4608 3291 4663 Dicite
3319 4609 3576 4677 Archippo
3619 4608 3752 4678 (Col.
3782 4609 3836 4662 5.
3871 4610 3965 4673 1-7).

2416 4706 2638 4761 Videtur
2665 4719 2823 4773 porro
2852 4704 2971 4754 huic
2997 4700 3160 4754 fuisse
3190 4699 3496 4754 mandatum
3536 4700 3747 4767 aliquod
3789 4713 3967 4750 munus

2416 4794 2689 4850 Ecclesizn.
2721 4793 2829 4846 Nec
2854 4792 2950 4845 hos
2989 4800 3163 4843 autem
3192 4790 3417 4848 viderat.
3466 4803 3639 4856 neque
3686 4788 3963 4845 “anularius.

2416 4902 2584 4955 ncquc
2610 4884 2881 4949 llebm-os,
2908 4883 3121 4952 quando
3148 4880 3213 4935 ad
3240 4895 3335 4935 eos
3372 4880 3660 4933 scribebat.
3693 4881 3863 4947 Atque
3906 4879 3963 4928 dc

2416 4978 2517 5029 illis
2545 4974 2756 5043 quidem
2779 4973 2955 5025 multis
2985 4974 3034 5023 in
3062 4972 3192 5024 lucis
3214 4969 3263 5023 id
3293 4968 3574 5038 signiﬁcat;
3594 4968 3661 5022 de
3688 4969 3766 5021 his
3796 4976 3960 5019 autem

2414 5066 2532 5118 andi
2566 5081 2685 5119 cum
2717 5045 2978 5117 diccnleni
3001 5081 3014 5115 ε
3038 5061 3097 5113 Et
3114 5061 3413 5129 quicumque
3435 5075 3532 5109 non
3556 5058 3961 5126 rideruutfarient

2414 5175 2571 5210 meum
2595 5159 2645 5209 in
2671 5170 2859 5219 carne;
2889 5164 2939 5209 et
2968 5167 3171 5213 rursus,
3203 5150 3269 5202 Et
3311 5150 3355 5203 si
3393 5148 3568 5201 absum
3596 5163 3767 5211 carne,
3797 5146 3961 5211 spirits

2416 5264 2576 5302 tamen
2602 5265 2711 5300 sunt
2726 5243 3165 5315 robiscum(Col.9..
3180 5245 3198 5293 l
3330 5240 3402 5294 Ita
3424 5248 3639 5293 noverat
3658 5238 3851 5305 ubique
3861 5252 3957 5288 rem

2414 5354 2653 5407 magnam
2685 5342 2801 5390 esse
2828 5351 2974 5387 suam
3001 5331 3353 5401 prtcsentiam,
3381 5338 3435 5382 cl
3475 5342 3534 5381 se
3580 5341 3789 5395 semper
3814 5326 3957 5378 etiam

2414 5434 2683 5484 absentem
2732 5438 2995 5494 tznnquam
3028 5432 3342 5493 prmscntent
3373 5420 3586 5473 exhibet
3630 5427 3685 5471 ct
3718 5417 3957 5470 sistit:el

2413 5522 2627 5593 quando
2650 5523 2795 5589 punit
2823 5520 3221 5579 loruicatorcm,
3254 5515 3373 5569 vide
3395 5513 3665 5581 quomodo
3687 5526 3747 5565 sc
3770 5510 3955 5579 judicio

2415 5627 2681 5682 tamquam
2710 5618 3027 5680 put-sentem
3057 5607 3198 5662 sistit
3223 5623 3235 5657 :
3257 5620 3377 5657 nam
3405 5601 3511 5670 Ego
3531 5602 3753 5668 quidem.
3784 5597 3953 5666 inquit.

2418 5719 2669 5772 innuptam
2716 5703 2892 5754 absens
2924 5714 3155 5763 corpore,
3181 5711 3403 5769 prwscus
3431 5702 3593 5744 autem
3620 5694 3834 5763 spiritu,
3862 5692 3954 5755 ιω

3873 5942 3893 5971 ο
