4050 6324
92 397 184 452 Ml

95 508 314 566 iudicavi
337 517 590 577 tanquam
622 520 872 575 pratsens;
900 515 952 558 et
976 517 1180 565 rursus,
1221 501 1444 554 'Veniam
1473 499 1540 550 ad
1566 514 1675 560 vos,

93 610 136 651 et
157 615 458 668 cognoscam
485 614 586 650 non
612 611 888 649 sermonem
919 610 1091 647 eorum
1119 594 1202 661 qui
1233 601 1350 644 sunt
1377 590 1564 658 inﬂati,
1592 587 1680 641 sed

94 692 325 743 virtutem
342 691 416 761 (I.
434 688 534 744 Cor
560 689 671 743 5.5.
694 687 923 755 e15.l9);
942 695 996 738 et
1013 699 1218 743 rursus.
1240 681 1358 735 Non
1380 681 1542 735 solum
1555 681 1676 732 dum

92 783 273 834 adsum
292 781 430 852 apud
446 797 553 846 vos,
572 781 660 833 sed
677 780 832 831 multo
847 778 1006 846 magis
1021 777 1142 829 dum
1155 774 1330 827 absum
1351 771 1580 843 (Galil
1593 769 1673 838 8).

97 869 292 924 Pullus
310 872 572 940 apostolus
591 867 715 921 Iesu
739 866 926 922 Christi
951 881 1039 934 per
1065 866 1369 918 voluntatem
1395 862 1505 914 Dei.
1531 860 1675 929 Ope-

93 977 166 1012 rae
191 964 420 1028 pretium
444 968 527 1014 est
551 967 727 1013 autem
751 958 931 1012 dicere
951 957 1110 1011 etiam
1136 962 1506 1025 argumentum
1535 949 1675 1020 quod

93 1054 397 1108 invenimus
418 1067 485 1106 ex
516 1050 760 1121 epistola.
795 1048 1072 1116 Quodnam
1101 1057 1280 1101 autem
1302 1055 1386 1100 est
1411 1044 1546 1098 hoc?
1577 1044 1677 1097 Per

91 1146 314 1213 angelos
338 1143 404 1195 ad
427 1143 589 1196 Deum
613 1139 958 1204 accedebant,
977 1137 1381 1192 observationes
1408 1135 1677 1188 habebant

91 1236 288 1288 multas
314 1241 369 1287 et
391 1233 642 1286 Judaicas
665 1239 720 1285 et
746 1230 957 1285 Gnecas
978 1243 1072 1282 seu
1103 1227 1365 1281 ethnicas.
1397 1225 1520 1279 flare
1545 1239 1674 1293 ergo

93 1326 312 1392 corrigit
344 1342 356 1376 :
392 1333 674 1392 proliterea
702 1331 756 1376 et
785 1323 836 1375 in
870 1322 1021 1375 initio
1053 1320 1202 1379 dicit,
1239 1317 1341 1371 Per
1367 1319 1674 1370 voluntatem

93 1413 206 1468 Dei.
231 1415 370 1468 Ecce
391 1429 577 1467 rursus
593 1412 742 1478 illud,
759 1429 867 1480 per,
882 1412 1076 1480 posuit.
1100 1409 1163 1462 Et
1181 1408 1471 1462 Timotheus
1494 1411 1671 1476 frater,

96 1509 285 1576 inquit.
331 1507 473 1577 Ergo
503 1508 616 1576 ipse
660 1519 872 1575 quoque
903 1512 1020 1557 erat
1050 1501 1346 1570 apostolus.
1374 1499 1669 1553 Consenta-

94 1615 251 1653 neum
292 1609 468 1652 antem
498 1606 616 1652 erat
639 1612 761 1651 eum
792 1608 1005 1664 quoque
1048 1592 1428 1646 fuisse'notum
1472 1589 1675 1643 Sanctis

93 1691 176 1756 qui
201 1699 318 1742 sunt
345 1687 587 1751 Colossis,
622 1701 741 1756 qua:
771 1685 991 1754 quidem
1019 1693 1134 1739 erat
1174 1683 1361 1736 civitas
1407 1680 1670 1750 Phrygim,

94 1783 252 1848 idque
279 1789 490 1835 constat
510 1795 576 1836 ex
605 1795 669 1834 eo
695 1778 836 1847 quod
864 1779 931 1829 sit
958 1776 1253 1846 propinqua
1278 1773 1577 1827 Laodicea.
1609 1771 1674 1824 Et

94 1872 323 1939 ﬁdelibus
371 1872 614 1940 fratribus
661 1870 712 1922 in
759 1867 982 1922 Christo.
1035 1863 1334 1930 Undenam,
1368 1864 1559 1930 inquit,
1589 1862 1694 1922 dic.

94 1979 242 2032 rogo,
275 1963 444 2018 factus
483 1978 542 2017 es
581 1961 840 2018 sanctus?
880 1959 1145 2012 undenam
1201 1959 1410 2009 vocaris
1455 1953 1673 2007 ﬁdelis?

93 2070 270 2107 annon
299 2054 438 2124 quod
479 2068 573 2123 per
599 2063 827 2106 mortem
858 2049 1055 2103 Christi
1088 2047 1232 2100 fuisti
1263 2047 1628 2100 sanctiﬁcatus
1647 2047 1672 2094 ‘t

92 2161 268 2197 annon
297 2144 436 2217 quod
464 2143 640 2197 credis
668 2142 721 2195 in
748 2139 1062 2194 Christum?
1106 2137 1382 2192 Uudeuam
1417 2135 1583 2189 factus
1613 2150 1672 2189 es

95 2239 294 2291 frater?
318 2253 422 2290 non
451 2236 595 2289 enim
620 2235 669 2287 in
700 2249 884 2301 opere,
922 2245 1094 2300 neque
1119 2231 1170 2283 in
1201 2243 1469 2290 sermone,
1498 2243 1672 2297 neque

95 2330 142 2380 in
183 2339 329 2381 recta
355 2327 570 2379 actione
601 2324 893 2394 apparuisti
920 2322 1108 2376 lidelis.
1136 2320 1412 2399 Undenam
1444 2328 1569 2373 sunt
1600 2319 1669 2372 ti-

95 2419 183 2480 bi,
217 2417 545 2486 dic,qu:eso,
582 2427 686 2468 tam
716 2414 880 2468 multa
925 2413 1125 2467 credita
1169 2413 1464 2482 mysteria?
1495 2413 1671 2465 non‘ue

95 2517 310 2576 propter
357 2505 673 2560 Christum?
705 2504 884 2558 Gratia
909 2505 1043 2557 vobis
1081 2513 1128 2556 et
1156 2520 1257 2571 pax
1293 2520 1324 2554 a
1362 2502 1471 2555 Deo
1520 2501 1675 2555 Patre

96 2609 280 2648 nostro.
310 2596 589 2651 Undenam
619 2595 770 2648 vobis
786 2594 992 2662 gratia?
1020 2594 1283 2646 undeuam
1307 2595 1446 2661 pax?
1475 2592 1518 2644 Α
1544 2592 1670 2658 Deo,

98 2687 281 2754 inquit,
313 2684 466 2738 Patre
491 2697 684 2738 nostro.
716 2685 872 2752 Atqui
907 2684 959 2736 in
988 2683 1086 2736 hac
1117 2697 1222 2736 non
1267 2683 1445 2750 p0~uit
1480 2697 1671 2736 nomen

99 2775 312 2829 Christi.
365 2776 548 2830 Dicam
579 2775 659 2829 eis
689 2777 776 2843 qui
809 2774 1092 2828 calumniis
1140 2774 1465 2826 insectantur
1508 2775 1675 2842 Spiri—

100 2877 203 2919 tum
239 2885 252 2920 :
286 2868 549 2922 nndenam
585 2867 722 2920 Deus
752 2866 909 2920 Pater
928 2867 1242 2919 servorum?
1269 2865 1386 2934 quis
1413 2881 1477 2920 cx
1506 2867 1675 2918 servis

101 2967 200 3011 tam
224 2974 412 3028 magna
436 2960 602 3026 gessit
625 2969 679 3011 et
706 2957 1002 3023 pra-clara?
1029 2957 1146 3024 quis
1177 2967 1226 3010 te
1255 2967 1495 3009 sanctum
1516 2958 1674 3010 fecit?

99 3050 212 3112 quis
240 3048 485 3100 ﬁdelem?
516 3046 636 3115 quis
689 3046 850 3098 ﬁlium
886 3045 1022 3099 Dei?
1059 3046 1157 3110 Qui
1198 3056 1247 3098 te
1290 3047 1414 3098 fecit
1459 3045 1562 3099 lidc
1593 3046 1673 3099 di-

101 3156 277 3209 gnum,
299 3141 340 3193 is
368 3153 580 3208 quoque
602 3138 693 3191 fuit
716 3152 874 3191 causa
897 3146 954 3190 ut
982 3137 1072 3189 tibi
1100 3138 1276 3189 omnia
1301 3138 1670 3192 crederentur.

165 3232 218 3282 Ξ.
267 3229 478 3282 Fideles
525 3229 667 3282 enim
710 3242 997 3289 vocamur,
1036 3242 1140 3278 non
1187 3227 1357 3279 solum
1395 3236 1675 3295 propterea

102 3320 236 3388 quod
257 3319 537 3373 credamus
563 3359 578 3380 ,
607 3317 699 3371 scd
732 3319 891 3370 etiam
923 3316 1062 3385 quod
1095 3332 1123 3369 a
1156 3316 1263 3369 Deo
1291 3318 1492 3370 credita
1525 3318 1676 3371 nobis

103 3414 203 3463 sint
231 3411 479 3481 mysteria
506 3450 522 3473 ,
553 3424 672 3477 qum
698 3424 765 3461 ne
793 3408 969 3478 angeli
989 3407 1203 3474 quidem
1232 3418 1355 3459 ante
1387 3423 1482 3460 nos
1517 3424 1676 3462 nove-

104 3512 238 3554 runt.
271 3502 374 3557 Sed
409 3499 868 3554 indiscriminatim
915 3499 1030 3553 haec
1071 3500 1148 3552 sic
1189 3499 1413 3565 ponebat
1457 3499 1672 3553 Paulus.

107 3591 301 3644 Gratias
324 3591 522 3658 agimus
546 3589 653 3642 Deo
688 3588 833 3640 Patri
859 3586 1066 3639 Domini
1108 3589 1264 3640 nostri
1307 3587 1430 3639 Jesu
1464 3587 1674 3641 Christi.

106 3681 224 3733 Mihi
251 3680 460 3733 videtur
484 3679 663 3733 ouiuia
682 3679 822 3733 Patri
847 3678 1164 3738 attribuere.
1190 3680 1257 3731 ita
1284 3687 1338 3729 ιιι
1374 3695 1477 3731 non
1498 3682 1676 3732 statim

113 3787 201 3824 eos
231 3772 471 3828 oﬁ‘endat
503 3771 699 3825 oratio.
804 3767 1016 3836 Semper
1036 3785 1127 3836 pro
1153 3770 1288 3820 vobis
1316 3779 1536 3821 orantes.
1563 3770 1676 3823 Non

107 3863 269 3915 solum
302 3877 394 3929 per
421 3857 708 3929 gratiarum
736 3861 1022 3924 actionem,
1052 3859 1143 3914 sed
1172 3869 1226 3913 ct
1254 3875 1346 3927 per
1369 3871 1676 3928 perpetuam

102 3954 392 4010 orationem
416 3950 650 4007 ostendit
669 3949 1030 4015 dilectionem,
1060 3951 1199 4020 quod
1225 3953 1383 4005 etiam
1409 3968 1544 4021 quos
1571 3968 1676 4007 non

110 4044 305 4096 viderat
329 4058 541 4108 semper
568 4042 705 4110 apud
736 4057 794 4096 se
825 4042 1072 4096 habebat.
1108 4041 1196 4113 [ιιι
1227 4045 1499 4098 Audientes
1527 4045 1678 4111 ﬁdem

111 4146 311 4188 vestram
337 4137 387 4187 in
415 4134 617 4189 Christo
643 4135 786 4186 Jesu.
803 4136 935 4188 Cum
962 4136 1205 4203 superius
1227 4136 1440 4201 dixerit,
1470 4135 1679 4205 Domini

112 4228 293 4290 nostri,
325 4227 444 4292 hic,
485 4225 612 4279 J‘csu
638 4223 864 4285 Christi,
896 4226 990 4278 ait.
1023 4226 1137 4293 ipse
1176 4235 1258 4280 εει
1291 4227 1564 4289 Dominus,
1599 4231 1675 4282 in-

112 4318 214 4381 quit
242 4336 256 4370 :
290 4332 460 4384 neque
486 4316 641 4381 dixit,
675 4315 825 4370 Servi
870 4315 998 4370 Jcsu
1038 4315 1234 4370 Christi
1266 4334 1278 4369 :
1307 4333 1428 4386 qua:
1464 4319 1678 4388 quidem

113 4407 376 4461 manifesta
414 4415 540 4460 sunt
565 4407 809 4461 beneﬁcii
838 4406 1077 4475 symbolo
1105 4424 1118 4459 :
1145 4407 1266 4476 Ipse
1288 4409 1420 4460 enim
1443 4449 1458 4473 ,
1487 4410 1676 4480 inquit,

113 4497 307 4550 salvabit
325 4499 570 4567 populum
589 4513 735 4550 suum
752 4513 782 4549 a
805 4498 1021 4564 peccatis
1043 4514 1214 4550 eorum
1240 4498 1450 4567 (Matth.
1481 4498 1682 4571 l.2l).]

115 4587 370 4641 Audientes
396 4588 548 4655 ﬁdem
572 4597 786 4642 vestram
810 4589 862 4640 in
891 4588 1092 4640 Christo
1119 4586 1264 4652 Iesu,
1293 4598 1338 4641 et
1365 4589 1680 4643 dilectionem

113 4695 251 4740 quam
275 4680 466 4736 habetis
502 4680 554 4732 in
581 4696 753 4734 omnes
777 4688 997 4733 sanctos.
1036 4678 1152 4732 Jam
1182 4694 1276 4732 eos
1301 4679 1399 4733 sibi
1431 4681 1681 4736 conciliat

114 4778 162 4820 et
187 4780 357 4839 captat
390 4771 838 4824 benevolentiam.
873 4768 1272 4838 Epaphroditus
1320 4778 1402 4822 est
1447 4770 1537 4838 qui
1568 4771 1681 4825 lucc

118 4863 370 4916 renuntiat
408 4878 422 4926 ;
462 4861 623 4914 mittit
667 4869 841 4916 autem
876 4861 1155 4929 epistolam
1191 4877 1286 4930 per
1339 4861 1628 4931 Tychicum
1659 4903 1676 4929 ,

116 4965 222 5003 cum
249 4953 392 5006 illum
420 4951 560 5019 apud
592 4965 652 5006 se
672 4951 1004 5005 detinuisset.
1040 4949 1105 5003 Et
1126 4951 1461 5015 dilectionem,
1489 4952 1677 5021 inquit,

117 5057 250 5107 quam
291 5042 483 5095 habetis
529 5042 585 5094 in
631 5057 804 5094 omnes
855 5050 1055 5096 sanctos
1085 5057 1102 5094 :
1135 5057 1238 5094 non
1296 5043 1347 5095 in
1402 5041 1542 5097 hunc
1590 5053 1681 5097 aut

121 5133 250 5188 illum
275 5151 288 5186 :
311 5149 441 5203 ergo
468 5134 520 5187 in
547 5147 644 5186 nos
672 5148 905 5202 quoque.
939 5133 992 5187 5.
1028 5131 1250 5201 Propter
1274 5149 1434 5201 spem,
1462 5150 1576 5203 qua:
1602 5150 1680 5187 re-

121 5225 266 5288 posita
284 5234 358 5278 est
396 5224 532 5277 vobis
566 5225 618 5277 in
646 5224 801 5276 catis.
845 5223 1080 5286 Futura,
1110 5224 1314 5293 inquit,
1363 5223 1521 5279 bona.
1569 5224 1680 5279 lloc
1741 5238 1749 5245 '

120 5313 356 5371 adversus
385 5315 722 5380 tentationes,
750 5332 817 5370 ne
845 5315 930 5368 hic
959 5331 1168 5384 quoque
1187 5329 1426 5385 qmerant
1447 5318 1678 5386 quietem

121 5412 166 5458 et
185 5409 366 5461 otium.
396 5407 527 5463 Nam
555 5422 621 5462 ne
645 5407 906 5475 quispiam
933 5406 1134 5460 diceret
1161 5423 1175 5459 :
1207 5407 1274 5460 Et
1300 5409 1424 5475 quid
1457 5408 1588 5462 lucri
1613 5409 1677 5463 ad

121 5512 201 5553 eos
219 5502 351 5555 redit
377 5516 441 5554 ex
468 5500 753 5555 dilectione
784 5500 835 5553 in
864 5507 1075 5554 sanctos
1095 5540 1109 5560 .
1139 5515 1259 5554 cum
1292 5501 1388 5567 ipsi
1416 5510 1679 5569 angantur

121 5602 165 5642 ct
186 5592 362 5647 dolore
384 5592 723 5647 afﬁciantur?
745 5591 1031 5653 Laetamur,
1064 5593 1251 5660 inquit,
1282 5592 1423 5662 quod
1455 5593 1506 5645 in
1534 5593 1678 5646 caelis

123 5696 286 5751 magna
316 5693 372 5738 ct
402 5684 654 5752 prteclara
705 5683 855 5735 vobis
894 5682 1210 5736 conciliatis.
1233 5681 1478 5745 .I’roptcr
1516 5698 1675 5746 spem,

125 5770 288 5839 inquit,
339 5776 628 5843 repositam.
662 5775 793 5830 item
827 5773 1056 5833 ostendit
1090 5774 1291 5828 ﬁrmam
1323 5783 1376 5829 et
1406 5774 1671 5844 stabilem.

985 379 1064 443 IN
1088 384 1302 442 EPlST.
1349 383 1440 438 AD
1477 377 1755 438 COLOSS.
1798 377 1949 435 CAP.
1994 379 2032 432 l.
2078 378 2307 436 ηοιιιι.
2349 378 2392 436 1.

3265 385 3369 442 302

1787 496 1954 559 Quam
1993 497 2227 552 audiistis
2263 499 2316 551 in
2359 499 2506 555 verbo
2549 503 2789 556 veritatis.
2841 502 2953 558 Hoc
3000 504 3144 560 dicto
3194 509 3365 575 carpit

1787 587 1926 653 illos,
1954 588 2093 655 quod
2115 603 2234 643 cmn
2265 590 2422 659 longo
2438 602 2693 662 ~tempore
2721 610 2839 650 eam
2868 597 3170 659 habuerint.
3195 598 3368 655 desci-

1785 678 1959 731 verint
1987 689 2037 732 et
2066 680 2171 733 sint
2194 683 2400 736 mutati.
2434 683 2598 747 Quam
2620 687 2780 755 prius,
2811 687 3019 757 inquit,
3051 689 3286 745 audiistts
3316 693 3368 743 in

1783 770 1929 822 verba
1955 771 2176 824 veritatis
2203 775 2468 842 evangelii.
2500 776 2562 829 Et
2605 777 2727 845 jure
2769 780 2934 834 verbo
2975 779 3074 834 fert
3121 783 3355 836 testimo-
3443 840 3450 854 ι

1785 861 1929 913 nium
1959 863 2232 926 veritatis,
2264 865 2407 933 quod
2440 867 2489 920 in
2520 883 2586 943 eo
2616 869 2744 922 nihil
2784 871 2854 934 sit
2899 871 3036 926 falsi.
3082 873 3362 945 Evangelii.

1782 951 1896 1005 Non
1926 954 2075 1031 dicit,
2111 955 2528 1023 Prmdicatiouis,
2561 961 2655 1014 sed
2683 972 2832 1016 vocat
2859 965 3218 1034 evangelium,
3247 982 3369 1036 per-

1784 1053 1946 1111 petuo
1971 1047 2050 1099 eis
2097 1046 2149 1099 in
2194 1050 2506 1102 memoriam
2538 1066 2799 1105 revocans
2829 1055 2918 1108 Dei
2964 1055 3262 1118 benclicia;
3313 1067 3369 1112 et

1781 1149 1901 1186 cum
1929 1149 2024 1189 eos
2054 1138 2198 1204 prius
2229 1137 2516 1203 laudasset,
2550 1151 2674 1196 tunc
2703 1142 2816 1197 htcc
2839 1156 3055 1200 remeat
3079 1147 3129 1200 in
3160 1163 3368 1203 memo-

1782 1227 1935 1280 riam.
1966 1227 2016 1280 6.
2053 1229 2202 1294 Quod
2239 1232 2463 1299 pervenit
2507 1233 2576 1284 ad
2622 1248 2730 1298 vos,
2775 1235 2904 1287 sicut
2949 1246 2995 1288 et
3037 1237 3089 1289 in
3135 1240 3370 1293 universo

1780 1319 1986 1371 ntundo.
2009 1318 2123 1372 Jam
2146 1320 2224 1373 eis
2239 1322 2584 1390 gratiﬁcatur.
2611 1323 2762 1390 Quod
2782 1329 3002 1393 pervenit
3027 1339 3225 1394 autem,
3240 1331 3368 1385 dicit

1780 1408 2164 1476 metaphorice.
2187 1410 2299 1463 Non
2330 1413 2472 1465 enim
2495 1416 2722 1468 accessit
2748 1424 2800 1468 et
2829 1418 3069 1482 recessit,
3094 1420 3186 1472 Sed
3218 1436 3367 1474 man.

1779 1501 1848 1553 sit
1876 1509 1928 1553 et
1955 1509 2036 1555 est
2061 1501 2185 1554 illic.
2219 1502 2420 1557 Deinde
2447 1506 2696 1573 quoniam
2727 1508 2957 1562 maxime
2983 1510 3369 1580 conﬁrmantur

1780 1590 1929 1643 multi
1957 1607 2023 1644 ex
2051 1607 2118 1645 eo
2137 1633 2152 1657 ,
2177 1593 2319 1660 quod
2357 1595 2556 1649 multos
2585 1595 2815 1650 habeant
2837 1598 3143 1668 dogmatum
3171 1605 3365 1665 socios.

1779 1690 2060 1750 propterea
2090 1682 2362 1751 suhjttnxit
2391 1704 2404 1738 :
2439 1685 2587 1739 Sicut
2613 1696 2660 1739 et
2685 1688 2738 1740 in
2759 1691 2986 1743 universo
3009 1694 3215 1745 mundo.
3243 1693 3370 1749 Ubi-

1776 1787 1882 1840 que
1910 1773 2080 1831 adest.
2115 1774 2303 1841 inquit,
2332 1775 2527 1845 ubique
2553 1777 2883 1832 dominatum
2916 1782 3145 1847 obtinet,
3171 1784 3368 1854 ubique

1776 1871 1900 1914 stat.
1931 1861 1992 1914 Et
2023 1863 2299 1931 [ructiﬁcat
2327 1875 2373 1917 et
2399 1867 2595 1931 crescit,
2625 1869 2753 1921 sicut
2783 1870 2835 1922 in
2868 1872 3024 1926 vobis.
3059 1873 3366 1930 Frttctiﬁcat

1779 1966 1873 2019 per
1895 1967 2076 2020 opera,
2103 1964 2329 2022 augetur
2352 1956 2492 2024 quod
2523 1949 2720 2010 multos
2741 1969 3000 2026 assumat,
3031 1963 3170 2030 quod
3200 1967 3368 2035 magis

1779 2044 2018 2098 ﬁrmetur
2047 2060 2111 2099 ac
2138 2046 2459 2100 stabiliatur.
2509 2049 2716 2103 Etenim
2754 2053 2946 2119 plantae
2988 2069 3201 2124 quoque
3243 2068 3367 2111 tunc

1775 2135 1957 2190 densa:
1985 2137 2132 2197 ﬁunt.
2161 2139 2375 2208 quando
2403 2141 2575 2209 planta
2609 2140 2767 2196 fuerit
2795 2143 3000 2197 ﬁrmata
3025 2161 3087 2199 ac
3110 2147 3361 2203 stabilita.

1776 2227 1920 2282 Sicut
1948 2229 1998 2282 in
2030 2230 2183 2282 vobis.
2213 2230 2522 2286 Auditorem
2554 2233 2797 2289 laudibus
2827 2247 3179 2305 prmoccurat.
3211 2250 3267 2292 ut
3300 2257 3365 2292 ne

1777 2321 1975 2374 invitus
2003 2321 2240 2391 recedat.
2276 2321 2360 2377 Ea:
2384 2340 2443 2376 ea
2469 2324 2551 2377 die
2569 2341 2669 2392 qua
2694 2327 2979 2383 audivistis.
3012 2331 3100 2383 Est
3124 2331 3366 2385 mirabile

1775 2411 1915 2477 quod
1944 2412 2052 2466 cito
2081 2414 2383 2468 accessistis
2410 2425 2464 2469 et
2484 2416 2787 2470 credidistis
2812 2461 2825 2482 ,
2855 2427 2910 2474 et
2939 2421 3119 2475 statim
3150 2437 3179 2475 a
3199 2409 3362 2491 ’βπ-ἰη-

1775 2501 1913 2570 cipio
1937 2502 2140 2557 fructus
2165 2505 2493 2558 ostendistis.
2516 2507 2557 2558 Α
2583 2524 2681 2572 quo
2705 2509 2787 2561 die
2808 2511 3089 2571 audivistis.
3115 2522 3162 2565 et
3182 2529 3367 2583 cogno-

1776 2594 1916 2646 vistis
1935 2596 2152 2664 gratiam
2181 2595 2275 2648 Dei
2313 2597 2364 2649 in
2404 2597 2628 2650 veritate.
2654 2598 2769 2652 Non
2796 2600 2845 2653 in
2873 2615 3144 2665 sermone,
3174 2603 3363 2673 inquit,

1779 2699 1949 2752 neque
1993 2685 2043 2737 in
2085 2685 2437 2754 deceptione,
2472 2688 2567 2740 sed
2609 2689 2658 2741 in
2705 2689 2832 2758 ipsis
2877 2690 3049 2744 factis.
3093 2692 3202 2746 lloc
3238 2709 3367 2762 ergo

1777 2776 1922 2838 dicit,
1939 2776 2272 2845 Fructiﬁcat;
2312 2780 2395 2832 ιιι-Ι
2440 2781 2588 2848 signa
2639 2790 2693 2834 et
2742 2782 2995 2837 miracula
3024 2785 3166 2854 quod
3207 2787 3364 2838 sinml

1777 2868 2076 2936 accepistis,
2110 2878 2155 2923 et
2184 2869 2403 2938 gratiam
2424 2871 2514 2926 Dei
2535 2871 2875 2942 cognovistis.
2903 2875 3032 2929 Cum
3065 2889 3193 2946 ergo
3215 2890 3365 2928 suam

1777 2959 1954 3011 statim
1999 2958 2311 3012 ostenderat
2341 2961 2622 3018 virtutem.
2653 2963 2922 3031 quomodo
2956 2981 3059 3017 non
3105 2975 3186 3019 est
3221 2965 3364 3018 difﬁ-

1778 3047 1880 3100 cile
1919 3048 2047 3100 ut‘ei
2080 3063 2221 3102 nunc
2260 3064 2366 3102 non
2413 3051 2701 3104 credatur?
2739 3054 2788 3106 7.
2823 3053 2969 3107 Sicut
3013 3055 3262 3107 didicistis
3303 3057 3362 3110 ab

1780 3136 2029 3206 Epaphra
2050 3140 2311 3193 carissimo
2334 3157 2569 3195 conservo
2592 3154 2782 3196 nostro.
2815 3145 2944 3197 Eum
2972 3147 3263 3201 verisimile
3284 3159 3367 3202 cst

1781 3228 1885 3282 illic
1914 3230 2230 3297 pra-dicasse
2264 3252 2276 3285 :
2309 3232 2568 3286 didicistis
2610 3236 2961 3296 evangelium.
3015 3238 3216 3291 Deinde
3267 3254 3358 3292 οε-

1783 3318 2006 3372 tendens
2035 3334 2154 3371 eum
2175 3335 2294 3374 esse
2321 3322 2424 3375 lidc
2444 3322 2686 3390 dignum,
2710 3324 2843 3376 dicit
2868 3343 2878 3376 :
2902 3325 3152 3379 Conserva
3172 3338 3362 3382 nostro.

1784 3408 1884 3472 Qui
1911 3419 1980 3463 est
2007 3410 2172 3477 ﬁdelis
2204 3427 2294 3480 pro
2320 3412 2456 3465 vobis
2487 3415 2713 3466 minister
2741 3415 2956 3482 Christi,
2986 3418 3038 3471 8.
3087 3419 3176 3486 qui
3215 3420 3392 3470 etiam

1781 3503 2116 3572 manifestavit
2161 3504 2302 3558 nobis
2336 3505 2654 3559 dilectionem
2684 3517 2899 3560 vestram
2945 3510 2996 3560 in
3041 3511 3240 3576 spiritu.
3289 3511 3366 3564 Ne

1780 3595 2054 3659 dubitetis,
2087 3596 2257 3664 inqttit
2279 3637 2293 3659 ,
2325 3596 2394 3650 de
2425 3610 2519 3662 Spe
2566 3597 2735 3650 futura
2772 3616 2784 3650 :
2817 3599 3008 3652 videtis
3039 3601 3221 3654 orbem
3255 3610 3365 3655 ter-

1782 3701 1962 3740 rarum
1991 3686 2252 3739 converti.
2290 3684 2359 3738 Et
2399 3685 2524 3754 quid
2556 3701 2690 3755 opus
2721 3696 2804 3740 est
2849 3688 3030 3742 dicere
3071 3705 3188 3758 qure
3238 3690 3369 3744 ﬁunt

1783 3776 1921 3828 inter
1947 3775 2120 3827 alios?
2147 3790 2266 3841 qua:
2295 3785 2420 3827 sunt
2453 3777 2589 3828 inter
2613 3790 2708 3828 vos
2741 3777 2909 3843 ipsos,
2938 3787 3061 3830 sunt
3090 3779 3200 3845 ipsa
3237 3795 3369 3847 quo-

1781 3881 1883 3932 que
1907 3865 2022 3918 sine
2054 3865 2156 3917 illis
2185 3864 2287 3919 ﬁde
2317 3864 2498 3934 digna.
2524 3866 2835 3935 Cognovistis
2863 3869 3003 3921 enim
3035 3868 3129 3922 Dei
3150 3873 3367 3938 gratiam

1782 3956 1832 4007 in
1861 3957 2097 4020 veritate;
2132 3955 2232 4011 huc
2262 3967 2374 4022 est,
2413 3957 2465 4010 in
2510 3957 2682 4011 factis.
2717 3959 3073 4025 Quamobrem
3108 3960 3214 4014 duo
3245 3973 3370 4015 sunt

1783 4062 1900 4114 qum
1927 4045 2099 4099 futura
2127 4047 2466 4111 conﬁrment,
2500 4058 2554 4101 et
2577 4049 2718 4117 quod
2741 4063 2928 4102 omnes
2944 4049 3292 4115 crediderint,
3318 4063 3370 4106 et

1783 4137 1922 4205 quod
1956 4153 2050 4191 vos
2082 4157 2094 4189 :
2125 4147 2180 4191 et
2210 4154 2313 4190 non
2346 4140 2447 4190 alia
2477 4139 2689 4206 quidem
2721 4140 2855 4193 facta
2883 4149 3025 4201 sunt,
3058 4141 3158 4195 alia
3188 4152 3364 4196 autem

1782 4227 1915 4282 dixit
1946 4226 2237 4297 Epaphras.
2275 4227 2374 4291 Qui
2421 4239 2492 4280 est
2518 4269 2533 4293 ,
2559 4229 2749 4296 iuqttit,
2779 4229 2985 4296 ﬁdelis;
3014 4229 3113 4282 hoc
3143 4239 3244 4293 cst,
3275 4246 3360 4284 vc-

1785 4333 1900 4371 rax.
1927 4317 2227 4384 Quomodo,
2260 4317 2364 4370 Pro
2385 4318 2520 4371 vobis
2538 4320 2798 4372 minister?
2819 4319 2969 4385 Quod
2993 4320 3057 4371 ad
3083 4320 3258 4388 ipsum
3282 4337 3370 4376 ac-

1783 4413 2040 4474 cesserit,
2075 4420 2128 4464 et
2169 4411 2343 4476 nobis,
2393 4411 2595 4480 inquit,
2636 4413 2930 4467 ostenderit
2972 4424 3202 4467 vestram
3233 4413 3366 4466 dile-

1789 4501 2022 4555 ctionem
2052 4501 2102 4554 in
2135 4500 2359 4569 spiritu;
2391 4501 2491 4555 hoc
2513 4502 2948 4574 est,spiritualem
2978 4503 3028 4556 in
3057 4518 3175 4557 nos.
3200 4503 3253 4562 Si
3283 4503 3369 4556 hic

1785 4601 1867 4646 est
1896 4592 2092 4647 Christi
2135 4591 2407 4653 minister.
2432 4591 2702 4661 quomodo
2738 4594 2915 4648 dicitis
2957 4609 3050 4646 vos
3091 4594 3282 4648 adduci
3314 4603 3371 4648 et

1785 4684 2058 4738 conciliari
2087 4699 2184 4753 per
2207 4683 2468 4752 angelos?
2499 4683 2598 4748 Qui
2625 4684 2763 4736 nobis
2785 4686 2955 4747 etiam,
2988 4685 3176 4754 inquit,
3201 4686 3366 4737 niani-

1786 4776 1983 4845 festavit
2015 4775 2328 4828 dilectionem
2357 4784 2570 4826 vestram
2610 4774 2665 4826 in
2692 4774 2894 4838 spiritu.
2935 4774 3060 4829 Htcc
3086 4784 3166 4828 cst
3191 4775 3367 4830 admi-

1786 4865 1969 4920 rabilis
1997 4865 2253 4934 ﬁrmaque
2277 4874 2330 4917 et
2351 4863 2554 4916 stabilis
2571 4863 2789 4918 dilectio
2819 4880 2831 4914 :
2866 4879 2986 4916 nam
3005 4864 3122 4917 alia:
3149 4863 3363 4932 quidem

1785 4958 1958 5012 solum
1985 4956 2183 5010 habent
2212 4970 2405 5009 nomen
2433 4947 2750 5008 dilectionis.
2794 4955 2928 5009 Sunt
2966 4965 3140 5009 autem
3172 4955 3366 5024 aliqua:

1788 5065 1892 5101 non
1916 5046 2256 5117 hujusmodi;
2288 5045 2380 5099 sed
2411 5061 2515 5097 non
2542 5053 2627 5099 est
2670 5045 2772 5101 hoc
2809 5046 3080 5100 amicitia:
3105 5046 3366 5116 quamobo

1785 5155 1897 5194 rem
1920 5153 1982 5192 ea
2010 5146 2092 5191 est
2121 5136 2272 5190 facile
2291 5133 2638 5195 dissolubilis.

1856 5230 1909 5284 5.
1942 5229 2290 5280 Anticitiarunt
2321 5226 2463 5276 varia
2491 5240 2692 5293 genera.
2725 5254 2796 5264 —
2823 5224 3000 5278 Multa:
3042 5234 3166 5279 sunt
3206 5239 3366 5280 occa-

1785 5322 1965 5374 siones
1988 5314 2334 5372 coucitiaudtc
2362 5314 2613 5368 amicitiae
2643 5333 2656 5366 :
2687 5323 2742 5368 et
2767 5323 2950 5381 turpes
2978 5314 3194 5384 quidem
3225 5330 3364 5385 pra:-

1787 5412 2144 5465 termittemus
2173 5424 2186 5460 :
2220 5420 2381 5461 nemo
2399 5406 2540 5459 enim
2565 5405 2718 5459 nobis
2737 5405 2950 5474 objiciet
2973 5406 3089 5460 illas
3114 5421 3220 5460 non
3247 5422 3369 5461 esse

1785 5501 1986 5559 malas;
2018 5497 2109 5553 sed
2133 5496 2175 5551 si
2195 5496 2376 5560 vultis,
2407 5497 2462 5549 in
2489 5495 2722 5551 medium
2749 5495 3075 5550 adducamus
3095 5499 3368 5552 naturales

1784 5599 1840 5645 ct
1866 5605 1986 5659 qua:
2019 5586 2084 5642 ad
2117 5587 2252 5639 hanc
2287 5586 2448 5640 vitam
2474 5585 2733 5656 agendam
2760 5585 3049 5653 pertinent.
3079 5586 3254 5653 Atque
3284 5585 3366 5642 ha:

1784 5678 1998 5747 quidem
2026 5676 2090 5730 ad
2121 5676 2256 5728 hanc
2283 5675 2445 5728 vitam
2475 5675 2743 5743 pertinent
2768 5693 2782 5727 :
2808 5676 2955 5729 verbi
2994 5676 3163 5744 gratis
3187 5715 3202 5739 ,
3243 5689 3363 5729 cum

1791 5773 1856 5841 de
1877 5771 2054 5844 aliquo
2080 5767 2341 5841 quispiam
2373 5776 2455 5821 cst
2495 5768 2630 5834 bene
2667 5768 2919 5832 meritus,
2969 5781 3088 5831 cum
3135 5766 3360 5833 amicum
