4050 6324
702 372 806 428 505
1384 359 1440 414 S.

705 485 911 555 paravit
937 499 967 537 a
996 479 1308 552 majoribus,
1338 493 1459 532 cum
1483 476 1582 530 fuit
1602 473 1780 528 socius
1803 484 2002 525 mensa:
2028 473 2290 534 autpere-

701 574 1039 646 grinatiouis,
1071 582 1164 626 aut
1190 581 1275 626 est
1296 570 1503 623 vicinus
1523 585 1538 622 :
1557 575 1682 622 sunt
1707 563 1789 616 ha;
1812 575 2024 631 quoque
2056 558 2293 627 pulchra:

703 677 756 720 et
789 666 1030 719 honesta-
1061 680 1076 716 :
1103 672 1197 716 aut
1229 670 1314 715 cst
1341 657 1582 728 eiusdem
1623 654 1753 709 artis
1783 670 1797 707 :
1825 663 1985 721 alque
2018 649 2133 703 ham
2175 648 2293 717 qui~

704 758 826 811 dem
881 772 986 809 non
1043 763 1126 809 est
1173 753 1422 814 sincera;
1485 748 1646 802 habet
1698 745 1844 798 enim
1893 739 2289 795 aemulationem

711 849 992 918 quamdam
1019 857 1075 901 et
1097 845 1375 900 invidiam.
1407 841 1687 895 Naturales
1712 845 1892 890 autem
1912 876 1928 900 ,
1962 843 2020 888 ut
2046 842 2168 902 puta
2199 846 2292 900 pa-

708 945 806 994 tris
836 954 960 1010 erga
985 939 1171 1003 ﬁlium,
1193 936 1286 990 ﬁlii
1306 950 1430 1003 erga
1455 941 1679 1002 patrem,
1699 929 1878 983 fratris
1897 942 2022 996 erga
2047 926 2290 988 fratrem,

705 1036 790 1086 avi
818 1047 943 1101 erga
975 1039 1244 1099 nepotem,
1279 1027 1466 1081 matris
1493 1038 1621 1094 erga
1642 1022 1821 1087 ﬁlios;
1846 1020 1890 1074 si
1911 1020 2071 1074 vultis
2091 1026 2290 1083 autem,

711 1127 892 1180 uxoris
917 1139 1129 1194 quoque
1157 1137 1283 1192 erga
1306 1121 1557 1174 maritum
1585 1134 1600 1170 :
1633 1131 1823 1171 omnes
1848 1114 1992 1169 enim
2013 1111 2291 1166 matrimo-

711 1218 883 1271 uiales
907 1225 1032 1270 sunt
1068 1214 1134 1269 ad
1176 1215 1338 1267 vitam
1381 1211 1710 1281 pertinentes
1756 1215 1812 1261 et
1857 1212 2160 1259 terrestres.
2201 1200 2296 1253 lla:

711 1309 922 1378 quidem
965 1306 1217 1362 videntur
1252 1304 1354 1356 illis
1381 1317 1503 1358 esse
1533 1298 1962 1355 vehementiores
2001 1313 2014 1347 :
2049 1294 2296 1347 videntur

711 1411 911 1462 autem,
938 1398 1071 1460 dixi,
1101 1397 1221 1465 quia
1251 1409 1396 1461 saepe
1438 1408 1468 1446 a
1513 1388 1820 1444 memoratis
1845 1393 2182 1454 superantur.
2230 1382 2296 1436 Et

711 1488 992 1557 aliquando
1020 1486 1236 1556 quidem
1269 1484 1366 1538 visi
1401 1490 1527 1536 sunt
1553 1479 1709 1533 amici
1741 1477 1928 1531 melius
1954 1485 2008 1530 et
2031 1472 2296 1528 sincerius

712 1580 886 1634 affecti
909 1595 1067 1649 quam
1095 1579 1304 1641 fratres,
1336 1583 1392 1629 ct
1418 1589 1575 1644 quam
1604 1571 1698 1625 ﬁlii
1728 1571 1778 1624 in
1809 1577 2059 1638 parentes
2085 1583 2100 1620 :
2124 1574 2180 1621 et
2204 1564 2296 1634 qui

713 1671 811 1723 fuit
834 1669 1046 1738 quidem
1068 1669 1298 1737 genitus,
1333 1679 1440 1720 nou
1469 1677 1625 1732 opem
1666 1661 1819 1725 tulit;
1848 1660 1935 1728 qui
1967 1665 2144 1712 autem
2171 1669 2295 1738 eum

716 1777 820 1812 tum
848 1735 1134 1828 cognovit,
1163 1757 1330 1810 adfuit
1371 1763 1428 1812 et
1465 1769 1622 1822 opem
1673 1752 1813 1805 tulit.
1856 1748 2078 1802 Dilectio
2119 1735 2295 1800 autem

712 1851 1005 1919 spiritualis
1031 1859 1115 1903 est
1143 1849 1381 1902 omnium
1411 1860 1662 1915 suprema
1687 1884 1703 1909 ,
1745 1843 1904 1896 veluti
1935 1840 2176 1910 qumdam
2213 1854 2299 1892 re-

715 1946 858 2011 gina,
876 1958 996 2013 qua:
1027 1944 1080 1995 in
1107 1955 1233 1995 suos
1260 1933 1587 1994 dominatum
1613 1937 1837 2000 obtinet,
1860 1936 2189 2002 houestaque
2216 1940 2296 1986 est

715 2036 896 2103 specie
940 2032 1269 2102 pulchroque
1299 2030 1480 2084 habitu
1511 2045 1525 2082 :
1559 2028 1688 2081 nihil
1714 2027 1856 2081 enim
1899 2032 2298 2077 terrestroeam

721 2125 859 2193 parit
883 2124 1025 2178 sicut
1066 2123 1210 2177 illam
1232 2164 1247 2186 ,
1277 2137 1384 2176 non
1421 2118 1787 2182 consuetudo,
1823 2129 1927 2169 non
1956 2113 2294 2176 beneﬁcium,

721 2232 826 2270 non
883 2227 1091 2279 natura,
1119 2231 1223 2269 non
1269 2229 1477 2276 aurum,
1507 2211 1601 2266 sed
1645 2225 1678 2264 a
1729 2208 1978 2278 supernis
2024 2203 2301 2260 descendit

719 2326 752 2363 e
776 2310 931 2363 caelo.
962 2310 1025 2362 Et
1043 2307 1171 2378 quid
1199 2307 1432 2370 miraris,
1467 2305 1510 2358 si
1539 2300 1799 2357 beneﬁcio
1826 2314 1934 2354 non
1953 2307 2074 2368 eget
2096 2305 2154 2350 ut
2171 2310 2300 2349 con-

719 2394 906 2462 sista'l,
933 2414 1056 2453 cum
1109 2413 1175 2451 ne
1217 2397 1260 2449 si
1312 2394 1436 2448 mali
1480 2393 1696 2463 quidem
1744 2390 2032 2459 quidquam
2077 2387 2299 2453 accipiat

718 2488 1026 2543 evertatur?
1047 2486 1199 2554 Quod
1225 2495 1400 2540 autem
1433 2484 1549 2539 haec
1573 2486 1645 2537 sit
1673 2482 1758 2535 illa
1791 2480 1981 2549 major,
2014 2477 2137 2531 audi
2161 2476 2302 2529 Pau-

720 2583 828 2633 lum
875 2579 1138 2633 dicentem
1184 2595 1201 2633 :
1243 2577 1487 2646 Optarent
1532 2591 1623 2645 ego
1664 2574 1773 2643 ipse
1816 2587 1924 2624 esse
1961 2569 2231 2623 anathema
2272 2581 2303 2618 α

720 2671 923 2724 Christo
951 2687 1044 2739 pro
1073 2669 1316 2740 fratribus
1344 2669 1468 2721 meis
1488 2665 1664 2737 (Rom.
1688 2664 1743 2718 9.
1771 2663 1849 2732 5).
1875 2662 2008 2727 Quis
2030 2661 2132 2714 hoc
2155 2666 2305 2728 pater

721 2765 1012 2834 optaverit,
1049 2776 1170 2818 esse
1206 2762 1258 2816 iu
1297 2760 1494 2816 malis?
1525 2759 1595 2813 Et
1623 2770 1808 2811 rursus
1841 2773 1855 2808 :
1885 2751 2108 2816 Resolvi,
2138 2762 2183 2804 et
2201 2765 2306 2804 esse

721 2872 838 2908 cum
864 2854 1065 2909 Christo
1091 2854 1240 2922 longe
1273 2862 1346 2905 est
1376 2849 1592 2911 melius;
1627 2861 1844 2900 manere
1863 2853 2034 2897 autem
2062 2843 2115 2896 in
2151 2856 2306 2894 carne

723 2957 796 2999 est
821 2948 983 3016 magis
1007 2944 1342 2999 necessarium
1365 2951 1570 3011 propter
1593 2955 1676 2992 vos
1706 2927 1966 3005 (Philipp.
1997 2935 2046 2988 Ι.
2075 2933 2166 2987 25.
2187 2932 2303 2998 24).

724 3038 979 3103 Quanam
1006 3044 1177 3089 mater
1203 3034 1320 3088 hzec
1350 3033 1604 3085 voluisset
1629 3029 1826 3090 dicere,
1861 3035 1920 3080 ut
1946 3040 2038 3078 sua
2064 3024 2308 3091 despice-

727 3128 848 3180 ret?
883 3127 949 3180 Et
993 3140 1179 3180 rursus
1221 3123 1344 3177 audi
1391 3137 1515 3176 eum
1561 3120 1859 3173 dicentem:
1897 3116 2074 3168 Oronti
2117 3115 2248 3166 enim
2276 3129 2310 3164 α

726 3220 863 3270 rubis
883 3218 950 3268 ad
975 3227 1173 3283 tempus
1195 3214 1354 3279 Itone,
1373 3221 1602 3281 aspectu,
1634 3227 1734 3263 non
1762 3211 1913 3262 corde
1936 3209 2011 3274 (ι.
2039 3206 2220 3260 Thess.
2243 3207 2304 3259 9..

728 3309 844 3376 17).
876 3307 941 3359 Et
970 3307 1056 3360 hic
1078 3304 1291 3373 quidem
1329 3311 1479 3370 pater
1505 3301 1828 3354 contumelia
1857 3299 2078 3350 affectus
2103 3337 2118 3361 ,
2151 3297 2310 3348 solvit

727 3396 1058 3458 amicitiam;
1106 3393 1215 3446 illic
1262 3401 1441 3444 autem
1485 3405 1591 3443 non
1623 3388 1806 3442 itidem
1828 3429 1844 3452 ,
1874 3387 1968 3440 sed
2009 3395 2063 3439 et
2089 3385 2156 3438 ad
2187 3385 2311 3437 illos

729 3487 821 3554 qui
851 3484 1116 3552 lapidibus
1143 3481 1464 3550 appetebant
1489 3479 1621 3531 abiit
1641 3519 1657 3541 ,
1680 3492 1775 3532 eos
1801 3475 2063 3531 beneﬁcio
2091 3474 2312 3528 alfectn-

731 3591 844 3630 rus.
870 3574 1006 3627 Nihil
1033 3581 1116 3627 est
1144 3572 1309 3635 enim,
1336 3569 1468 3622 nihil
1498 3582 1650 3637 aeque
1677 3566 1931 3630 validum,
1963 3573 2020 3617 ut
2039 3563 2307 3617 vinculum

732 3665 974 3733 spiritus.
1004 3663 1104 3729 Qui
1132 3662 1276 3715 enim
1305 3659 1448 3727 quod
1475 3659 1545 3711 sit
1572 3656 1833 3711 beneﬁcio
1857 3654 2078 3708 affectus
2101 3695 2116 3719 ,
2143 3652 2312 3706 evasit

734 3755 967 3818 amicus;
999 3755 1043 3806 si
1076 3752 1177 3806 hoc
1203 3759 1458 3819 perpetuo
1484 3764 1591 3802 non
1624 3749 1733 3813 liat,
1761 3747 1863 3799 erit
1894 3746 2146 3798 inimicus
2174 3763 2187 3797 :
2221 3745 2311 3813 qui

733 3862 799 3901 es
826 3845 1212 3900 consuetudine
1235 3853 1352 3897 erat
1393 3841 1687 3895 indivulsus
1711 3880 1726 3901 ,
1758 3841 2052 3905 interrupta
2085 3851 2316 3890 consuc-

737 3937 923 3990 tudine
946 3935 1202 3988 exstinxit
1230 3918 1539 3984 amicitiam.
1583 3929 1773 3981 Mulier
1816 3909 2000 3980 nni-sus
2021 3966 2038 3991 ,
2076 3927 2121 3980 si
2152 3926 2314 3980 fuerit

737 4029 805 4081 iis
829 4040 894 4078 ae
920 4024 1208 4086 dissensio,
1238 4021 1454 4074 dimittit
1480 4020 1729 4072 maritum
1759 4026 1814 4072 ct
1838 4017 2000 4070 solvit
2026 4032 2264 4070 amorem
2295 4033 2310 4068 :

739 4118 902 4180 ﬁlius,
929 4115 973 4167 si
1003 4113 1095 4166 diu
1117 4115 1381 4165 viventem
1411 4110 1603 4163 viderit
1629 4118 1832 4177 putrem
1855 4148 1871 4168 .
1903 4123 2045 4176 aegre
2088 4106 2211 4161 fert.
2254 4107 2310 4160 In

736 4206 926 4274 Spiritu
950 4213 1125 4258 autem
1154 4201 1414 4270 ejusmodi
1455 4200 1583 4263 nihil
1611 4207 1695 4252 est
1723 4215 1737 4250 :
1768 4199 1915 4251 nullo
1954 4201 2094 4251 enim
2123 4197 2310 4251 horum

737 4296 1008 4359 solvitur,,
1049 4296 1299 4361 quoniam
1327 4291 1514 4343 iisdem
1544 4305 1653 4342 non
1677 4299 1887 4342 constat
1919 4304 2136 4364 ;.neque
2179 4299 2313 4342 tem-

739 4401 840 4456 pus
863 4427 878 4449 ,
928 4400 1102 4452 neque
1144 4384 1262 4436 vita:
1293 4381 1583 4451 longitudo,
1615 4397 1711 4434 nec
1742 4382 1938 4433 malum
1967 4383 2073 4446 pati
2104 4382 2185 4433 vel
2212 4395 2314 4432 au-

739 4477 877 4540 dire,
911 4490 1013 4528 nou
1036 4475 1134 4539 ira,
1158 4489 1262 4526 non
1289 4471 1628 4534 contumelia,
1660 4486 1831 4537 neque
1855 4470 2142 4538 quidquam
2169 4471 2311 4523 aliud

742 4566 979 4628 invadit,
1013 4579 1183 4634 neque
1211 4578 1329 4617 eam
1375 4571 1548 4630 potest
1586 4561 1900 4613 dissolvcre.
1935 4559 2002 4611 Et
2047 4567 2105 4611 ut
2151 4560 2309 4620 scias,

741 4656 1004 4725 lapidibus
1045 4655 1396 4723 appetebatur
1444 4652 1634 4714 Moses,
1689 4659 1742 4702 et
1787 4665 1883 4718 pro
1928 4650 2057 4718 ipsis
2095 4650 2312 4717 rogabat

742 4752 933 4819 (Exod.
967 4749 1079 4818 l7).
1107 4749 1238 4815 Quis
1284 4757 1432 4815 pater
1471 4746 1571 4798 hoc
1599 4744 1812 4799 fecisset
1851 4761 1946 4811 pro
1971 4760 2038 4798 eo
2061 4746 2150 4812 qui
2183 4745 2314 4812 lapi-

744 4841 894 4893 dibus
924 4847 1235 4908 appeteret,
1267 4846 1321 4890 et
1343 4853 1450 4890 non
1491 4837 1661 4904 ipsum
1697 4835 1964 4889 obruisset
2003 4834 2313 4902 lapidibus?

740 4932 848 4984 llas
879 4945 1258 5000 persequamur
1307 4938 1362 4981 et
1401 4943 1703 4996 quzeramus
1742 4928 2003 4980 amicitias
2032 4943 2150 4995 quae
2187 4936 2313 4981 sunt

739 5038 802 5074 ex
829 5021 1014 5089 spiritu
1042 5039 1056 5072 :
1083 5030 1209 5073 sunt
1238 5020 1381 5073 enim
1423 5018 1590 5071 fortes
1617 5028 1666 5071 et
1697 5018 1871 5070 solulu
1900 5019 2176 5080 difficiles;
2205 5003 2318 5072 non!

738 5128 831 5165 eas
857 5129 975 5180 qua:
1014 5127 1081 5165 ex
1109 5112 1308 5164 mensis
1331 5112 1575 5164 oriuntur
1605 5129 1618 5162 :
1646 5127 1768 5164 nam
1798 5111 1916 5164 illas
1959 5121 2202 5165 vetamur
2230 5114 2312 5165 in-

741 5205 959 5256 ducere.
990 5201 1123 5254 Audi
1147 5201 1290 5253 enim
1314 5199 1585 5253 Christum
1614 5200 1879 5254 dicentem
1908 5202 1958 5254 iu
1985 5203 2270 5270 Evangelia
2297 5220 2311 5254 :

746 5293 866 5343 Non
886 5292 1170 5344 iuvitaveris
1200 5291 1387 5342 amicos
1415 5301 1545 5354 (uos,
1574 5309 1729 5360 neque
1749 5295 1935 5345 vicinos
1960 5302 2089 5354 (nos,
2119 5294 2163 5345 si
2185 5298 2316 5363 fece-

738 5383 813 5431 ris
847 5380 1145 5440 convivium,
1175 5380 1265 5431 sed
1289 5379 1497 5431 claudos
1513 5388 1559 5432 et
1584 5397 1785 5432 "iuncos
1813 5380 1960 5448 (Luc.
1979 5382 2063 5434 ιιι.
2086 5381 2170 5434 12.
2204 5383 2312 5449 ι5);

741 5479 795 5520 et
840 5468 1066 5520 merito:
1097 5478 1180 5521 est
1207 5470 1347 5521 enim
1379 5485 1566 5536 magna
1600 5485 1695 5536 pro
1727 5471 1809 5523 his
1838 5467 2063 5524 merces.
2095 5474 2162 5524 At
2211 5488 2314 5524 non

744 5572 898 5627 potes
920 5598 937 5624 ,
971 5574 1076 5611 non
1105 5561 1336 5614 sustines
1363 5560 1632 5614 convivari
1660 5575 1780 5613 cum
1811 5561 2015 5614 claudis
2040 5571 2093 5614 et
2119 5563 2272 5615 etscis
2299 5578 2313 5624 ;

743 5651 837 5704 sed
866 5651 1140 5704 existimas
1176 5651 1277 5702 hoc
1301 5665 1421 5703 esse
1445 5666 1605 5719 grave
1630 5661 1684 5703 et
1710 5652 1991 5704 molestum
2013 5690 2030 5713 ,
2078 5663 2131 5705 et
2161 5668 2314 5706 reru-

742 5743 871 5798 sas?
897 5743 1054 5795 Certe
1080 5743 1129 5795 id
1158 5743 1324 5798 vitare
1357 5757 1462 5794 non
1483 5749 1778 5808 oporteret,
1809 5741 1900 5795 sed
1925 5741 1975 5794 id
2003 5742 2176 5798 faccre
2208 5762 2312 5798 non

1506 355 1780 414 JOANNIS
1816 345 2289 408 οιιιιιδοδτωιι

2408 345 2644 401 lClllEP.
2686 349 3217 414 CONSTANTINOP.
3719 412 3729 421 .
3890 373 3981 421 ΞΗ

3890 381 3991 424 Eii

2398 471 2482 518 est
2507 481 2746 524 necesse.
2789 471 2844 527 Si
2873 488 2978 528 non
3007 476 3199 532 feceris
3231 494 3327 534 eos
3358 488 3532 535 tecum
3581 484 3865 541 considere
3893 530 3908 550 .
3963 505 3990 542 ρ

2398 571 2580 612 mensa
2611 567 2698 613 tua
2725 562 2792 616 ad
2816 579 2910 618 eos
2941 567 3093 621 mitte
3135 568 3336 624 cibum.
3369 571 3503 627 Nam
3532 575 3625 645 qui
3673 578 3880 632 amicos
3910 581 3991 631 in-

2397 647 2544 712 vitat,
2571 648 2700 704 nihil
2727 667 2976 723 maguum
3000 655 3160 724 facit;
3186 658 3273 715 hic
3286 664 3431 717 enim
3453 668 3658 734 accepit
3677 669 3985 724 mercedem

2396 752 2547 793 suam
2577 756 2590 793 :
2619 742 2708 811 qui
2739 754 2914 799 autem
2942 746 3130 804 invitat
3159 752 3405 808 mutilum
3435 764 3492 809 et
3521 771 3810 826 pauperem
3838 799 3854 824 ,
3891 759 3983 811 ha-

2397 829 2485 885 bet
2510 831 2674 887 Deum
2703 834 3021 892 debitorem.
3057 839 3135 894 Ne
3161 857 3289 912 ergo
3318 860 3461 914 aegre
3491 847 3725 903 feramus
3765 853 3988 920 quaan

2397 936 2503 974 non
2535 922 2621 976 hic
2648 928 3013 996 acceperimus
3033 970 3050 995 ,
3081 932 3177 986 sed
3203 935 3418 1001 quando
3449 936 3537 990 hic
3565 940 3946 1007 acceperimus
3973 959 3984 1003 ;

2398 1025 2520 1065 nam
2548 1013 2657 1068 illic
2686 1029 2791 1070 non
2817 1019 3164 1087 accipiemus.
3193 1022 3455 1080 Similiter
3476 1066 3492 1090 ,
3533 1029 3579 1082 si
3610 1029 3769 1085 homo
3795 1032 3986 1086 reddi-

2397 1099 2556 1168 derit,
2577 1102 2716 1158 Deus
2735 1121 2841 1160 non
2870 1108 3074 1169 reddit:
3093 1113 3139 1166 si
3167 1112 3252 1167 hic
3281 1128 3386 1169 non
3412 1115 3621 1184 reddet,
3642 1128 3769 1174 tunc
3789 1122 3985 1176 reddet

2399 1192 2558 1249 Deus.
2583 1195 2660 1250 Ne
2683 1213 2812 1268 ergo
2838 1200 2958 1254 illos
2983 1218 3288 1272 quaeramus
3329 1206 3591 1265 beneﬁcio
3625 1211 3850 1268 afﬁcere
3897 1220 3984 1284 qui

2399 1296 2624 1354 possunt
2649 1288 2803 1344 nobis
2823 1292 3050 1348 reddere
3075 1311 3091 1359 ;
3122 1311 3297 1365 neque
3324 1298 3423 1354 hac
3450 1315 3546 1369 spe
3574 1303 3652 1356 eis
3677 1303 3984 1358 bcnefacia-

2399 1391 2562 1430 mus:
2597 1377 2786 1448 frigida
2817 1392 2900 1435 est
2941 1383 3054 1438 haec
3095 1387 3370 1456 cogitatio.
3411 1387 3467 1443 Si
3515 1391 3746 1446 amicum
3783 1394 3987 1448 invita-

2399 1471 2562 1535 veris,
2594 1470 2659 1525 ad
2693 1488 2968 1543 vesperam
2999 1491 3170 1546 usque
3193 1489 3276 1534 est
3296 1481 3464 1548 gratia
3492 1500 3506 1535 :
3539 1493 3822 1554 propterea
3852 1497 3987 1540 tem-

2399 1575 2631 1630 poranea
2664 1564 2779 1619 haec
2807 1568 3036 1622 amicitia
3063 1569 3222 1624 citius
3251 1573 3476 1628 solvitur
3500 1614 3517 1640 ,
3541 1591 3698 1644 quam
3731 1592 3987 1646 expensa:

2399 1652 2667 1708 difﬁuuut.
2700 1656 2994 1726 Pauperem
3021 1671 3199 1717 autem
3223 1673 3273 1718 et
3304 1679 3551 1721 mancum
3580 1670 3627 1723 si
3649 1670 3981 1737 invitaveris,

2401 1758 2689 1814 numquam
2742 1750 2936 1816 peribit
2972 1753 3144 1822 gratia
3187 1771 3203 1809 :
3251 1757 3416 1812 Deum
3467 1760 3610 1814 enim
3652 1763 3743 1830 qui
3771 1779 3985 1832 semper

2401 1837 2664 1903 meminit,
2693 1849 2747 1892 et
2772 1857 3060 1912 numquam
3085 1844 3447 1916 obliviscitur,
3479 1849 3646 1906 habes
3674 1853 3848 1921 ipsum
3888 1856 3982 1907 de-

2403 1924 2651 1981 bitorem.
2683 1930 2852 1996 Quam
2882 1934 3060 2002 pusilli
3090 1945 3270 1991 autem
3303 1948 3358 1994 et
3385 1941 3564 1996 mollis
3589 1983 3603 2006 ,
3650 1942 3760 2004 dic,
3779 1960 3979 2012 quaeso,

2400 2029 2483 2071 est
2506 2020 2668 2074 animi
2695 2064 2709 2086 ,
2767 2039 2872 2078 non
2924 2041 3083 2094 posse
3129 2031 3412 2086 considere
3457 2048 3579 2088 cum
3625 2039 3984 2105 pauperibus?

2401 2109 2537 2175 Quid
2564 2111 2731 2169 dicis?
2751 2115 2847 2169 Est
2875 2116 3200 2187 immundus,
3229 2121 3422 2192 inquit,
3451 2135 3506 2180 et
3535 2127 3812 2181 sordidus.
3846 2129 3984 2181 Lava

2401 2217 2546 2266 cuiu,
2587 2213 2642 2258 et
2685 2205 2792 2260 duc
2814 2209 2879 2262 ad
2912 2217 3053 2264 tuam
3083 2227 3342 2267 mensam.
3373 2217 3441 2268 At
3468 2217 3681 2273 sordida
3709 2219 3872 2274 habet
3902 2237 3988 2275 vc-

2401 2292 2690 2350 stimenta!
2717 2297 2878 2364 Muta,
2903 2309 2957 2353 et
2981 2300 3047 2353 da
3075 2303 3326 2358 mundam
3352 2314 3575 2360 vestem.

2475 2386 2528 2439 4.
2551 2386 2729 2441 Mensa
2755 2398 3034 2460 pauperum
3054 2393 3263 2448 divitum
3304 2413 3488 2451 mensa:
3508 2402 3864 2468 anteponenda
3894 2415 3983 2456 est.

2407 2474 2706 2532 Luxuriosa:
2729 2496 2916 2535 mense
2945 2482 3426 2552 descriptio.—Non
3458 2489 3607 2554 vides
3637 2502 3897 2560 quantum
3925 2496 3990 2546 sit

2405 2569 2606 2625 lucrum
2632 2570 2918 2627 3Cbristus
2944 2589 3041 2643 per
3068 2575 3239 2644 ipsum
3281 2579 3508 2644 accedit,
3550 2590 3605 2634 et
3644 2592 3697 2635 tu
3749 2597 3848 2651 pro
3891 2584 3990 2636 hoc

2405 2678 2596 2731 parcus
2613 2679 2672 2718 es
2691 2665 2715 2717 ι
2735 2665 2934 2735 Regem
2954 2665 3020 2719 ad
3039 2681 3280 2722 mensam
3307 2668 3554 2736 inritans,
3574 2686 3669 2740 pro
3686 2672 3773 2726 his
3800 2674 3990 2728 times?

2409 2756 2679 2810 Ponantur
2705 2757 2826 2811 dum
2871 2771 3103 2823 mensae;
3131 2766 3186 2812 et
3217 2759 3384 2814 altera
3427 2761 3641 2830 quidem
3669 2761 3754 2817 his
3780 2766 3990 2832 replea-

2408 2855 2512 2911 tur,
2540 2857 2594 2902 et
2625 2848 2817 2902 habeat
2845 2862 3037 2909 amcos.
3065 2850 3268 2905 debiles
3291 2860 3347 2906 et
3378 2852 3596 2906 claudos
3615 2893 3632 2918 ,
3665 2855 3916 2908 manibus
3943 2867 3992 2909 ct

2410 2939 2552 2991 tibiis
2577 2933 2873 3004 mutilatos,
2905 2941 3059 2994 nudis
3083 2941 3306 3009 pedibus
3334 2954 3388 2997 et
3416 2943 3618 3013 absque
3638 2946 3856 3009 calceis,
3888 2963 3988 3000 una

2409 3030 2583 3082 tunica
2637 3030 2849 3084 indutos
2879 3046 3062 3103 caque
3112 3031 3344 3086 detrita:
3381 3034 3547 3088 altera
3579 3047 3755 3089 aulem
3799 3036 3992 3090 habent

2411 3128 2652 3188 potentes
2671 3162 2684 3181 ,
2729 3121 3058 3174 cxercituum
3090 3122 3341 3176 ductores
3362 3164 3377 3183 .
3421 3125 3703 3192 toparcbas
3723 3167 3740 3188 ,
3771 3142 3992 3195 magnos

2411 3212 2698 3277 principes,
2723 3213 2967 3277 pretiosis
2996 3212 3210 3266 indutos
3233 3213 3470 3268 vestibus
3494 3215 3886 3285 subtilibusque
3914 3227 3986 3270 lc-

2411 3303 2476 3356 lis
2489 3303 2664 3366 lineis,
2685 3303 2938 3370 zonisque
2957 3303 3163 3356 cinctos
3182 3302 3379 3357 aureis.
3398 3303 3602 3357 Rtirsus
3627 3305 3712 3359 hic
3730 3307 3784 3358 iu
3810 3322 3988 3360 mensa

2413 3409 2705 3463 pauperum
2735 3410 2834 3449 nec
2861 3394 2932 3447 sit
2972 3404 3252 3463 argentum
3272 3433 3286 3455 .
3314 3408 3414 3450 nec
3457 3396 3561 3448 vini
3603 3399 3829 3450 multum
3851 3440 3867 3460 ,
3894 3401 3988 3451 sed

2410 3486 2552 3554 quod
2581 3487 2708 3538 satis
2737 3485 2806 3538 sit
2831 3493 2887 3539 et
2916 3486 3085 3554 possit
3115 3485 3414 3540 exhilarare
3445 3503 3460 3539 :
3493 3487 3678 3555 pocula
3721 3497 3904 3541 autem
3943 3499 3992 3542 ct

2412 3593 2536 3632 vasa
2581 3577 2768 3631 relicta
2814 3575 3056 3631 confecta
3096 3578 3204 3630 sint
3231 3593 3295 3629 ex
3339 3578 3479 3630 vitro
3507 3578 3644 3630 solo.
3673 3577 3789 3631 Illic
3813 3589 3988 3631 autem

2413 3669 2466 3721 in
2490 3683 2670 3722 mensa
2701 3668 2924 3721 divitum
2946 3681 3068 3720 vasa
3093 3666 3308 3735 quidem
3332 3667 3508 3720 omnia
3537 3667 3644 3719 sint
3673 3682 3738 3720 ex
3771 3678 3992 3736 argento

2413 3766 2468 3812 et
2509 3774 2662 3821 auro,
2697 3766 2753 3812 et
2800 3773 2867 3811 ae
2920 3772 3056 3810 unus
3106 3756 3319 3825 quidem
3366 3759 3502 3810 ferat
3538 3757 3987 3811 semicircularem

2415 3865 2651 3902 mensam
2681 3850 2780 3917 (α),
2800 3848 2895 3903 sed
2922 3850 3027 3902 duo
3053 3848 3421 3902 adolescentes
3440 3849 3525 3902 vix
3552 3863 3670 3902 eam
3703 3860 3955 3902 moveant
3980 3870 3988 3901 :

2413 3941 2485 3993 sit
2526 3947 2576 3991 et
2625 3938 2800 4007 phiala
2842 3953 3003 3992 aurea
3031 3938 3208 4007 pondo
3232 3938 3438 3991 dimidii
3466 3939 3686 4002 talenti,
3717 3955 3880 4006 quam
3909 3939 3985 3994 vix

2412 4030 2520 4083 duo
2541 4032 2768 4097 juvenes
2790 4044 3006 4082 movere
3033 4028 3270 4096 possint;
3302 4037 3357 4082 et
3383 4027 3574 4081 ordine
3607 4028 3724 4080 sita:
3741 4028 3852 4081 sint
3878 4045 3987 4080 am-

2416 4119 2597 4188 phora:
2615 4119 2771 4188 longe
2787 4118 2978 4172 melius
3003 4134 3159 4185 quam
3181 4126 3423 4186 argento,
3441 4134 3630 4187 nempe
3656 4132 3790 4170 auro
3814 4119 3988 4186 splen-

2413 4213 2602 4266 dentes
2623 4229 2638 4265 :
2656 4214 2726 4265 sit
2745 4213 2905 4265 etiam
2927 4210 3336 4264 scmicircularis
3363 4224 3564 4268 tnctisa.
3591 4210 3733 4260 molli
3758 4210 3984 4275 stragula

2416 4301 2647 4371 undique
2673 4310 2859 4354 strata.
2876 4300 3079 4353 Rursus
3105 4300 3190 4352 hic
3215 4299 3426 4367 quidem
3451 4299 3558 4351 siut
3583 4299 3732 4350 multi
3761 4297 3984 4349 ministri

2413 4392 2839 4446 arcumbcnlium
2863 4433 2878 4456 ,
2909 4407 3013 4445 non
3059 4391 3234 4443 minus
3261 4390 3432 4442 ornati
3465 4389 3699 4442 vestibus
3723 4398 3779 4442 ct
3807 4389 3996 4456 splen-.

2414 4485 2537 4538 dide
2577 4484 2780 4548 amicti,
2809 4493 2863 4536 et
2889 4482 3205 4550 anaxyridas
3235 4495 3328 4533 seu
3357 4496 3488 4547 quas
3532 4480 3749 4533 braccas
3800 4491 3986 4531 vocant

2414 4575 2560 4628 laxas
2589 4575 2844 4627 habentes
2871 4613 2884 4635 ,
2916 4573 3030 4624 visu
3061 4571 3273 4636 quidem
3306 4570 3510 4637 pulchri
3539 4612 3555 4635 ,
3586 4571 3639 4624 in
3673 4571 3785 4637 ipso
3815 4581 3983 4623 autem

2415 4668 2544 4720 ﬂore
2581 4664 2754 4718 tetatis
2794 4662 3120 4715 luxuriantes
3143 4670 3198 4714 et
3225 4662 3359 4714 bene
3383 4671 3561 4714 curata
3593 4669 3734 4718 cute.
3761 4669 3814 4713 et
3840 4659 3985 4713 bona:

2416 4755 2768 4819 babitudiuis;
2793 4754 2899 4806 illic
2924 4762 3102 4806 autem
3129 4752 3234 4804 sint
3259 4752 3366 4804 duo
3393 4751 3489 4803 soli
3521 4751 3747 4802 miniSIri
3779 4764 3982 4801 omnem

2417 4849 2556 4901 hunc
2591 4847 2782 4900 fastum
2827 4844 3204 4897 conculcantes
3229 4859 3242 4894 :
3270 4851 3325 4896 ct
3349 4843 3454 4894 sint
3481 4841 3695 4910 quidem
3740 4840 3844 4892 illis
3889 4839 3982 4892 cibi

2416 4939 2541 4991 lauti
2571 4947 2625 4991 et
2660 4936 2894 5004 opipari;
2944 4934 3027 4987 his
3054 4943 3231 4987 autem
3257 4941 3511 5000 quantmn
3540 4934 3669 4985 satis
3710 4932 3780 4985 sit
3804 4931 3871 4985 ad
3903 4947 3981 4984 sa-

2418 5030 2651 5082 tiandum
2693 5026 2983 5095 appetitum
3024 5035 3079 5079 et
3106 5040 3164 5078 se
3190 5024 3558 5078 recreandum.
3585 5024 3796 5078 Satisne
3846 5023 3983 5075 dixi?

2479 5207 2549 5266 (ιι)
2574 5205 2656 5251 llic
2677 5204 2838 5262 agitur
2860 5201 2925 5248 de
2957 5199 3238 5266 meusa_i_lla
3266 5197 3619 5266 semicirculari
3643 5235 3655 5252 ,
3682 5203 3980 5266 crescentem

2417 5258 2580 5314 lunam
2619 5258 2870 5312 referente
2892 5301 2905 5319 ,
2950 5275 3093 5320 qttam
3140 5259 3368 5307 Martialis
3402 5267 3452 5305 et
3484 5260 3679 5318 quidam
3714 5258 3791 5304 alii
3827 5258 3978 5320 Signia

2417 5333 2604 5382 vocant,
2628 5328 2737 5386 quia
2765 5318 2954 5369 litorum
3059 5324 3210 5386 sigma
3236 5320 3428 5386 rell-rt;
3454 5323 3609 5386 sigma
3633 5320 3761 5386 enim
3786 5321 3855 5363 sie
3876 5318 3981 5364 )lai-

2419 5391 2548 5437 lialis
2595 5379 2820 5445 tempore
2875 5392 2926 5431 ut
2959 5379 3216 5445 plurimum
3251 5381 3572 5445 exorabatur.”
3597 5379 3767 5445 Isthzqec
3794 5389 3981 5445 pic-usa:

2419 5451 2570 5497 forma
2605 5449 2684 5494 diu
2705 5438 2823 5502 ἰευδι
2860 5438 3088 5490 illariialis
3132 5456 3286 5490 ωηιξη
3325 5442 3369 5486 iu
3418 5454 3509 5486 usu
3553 5440 3660 5502 fuit.
3699 5438 3978 5502 Guillelmus

2421 5513 2547 5558 enim
2571 5510 2674 5556 Dux
2703 5497 3021 5557 Nortunuuiu’,
3047 5506 3127 5564 qui
3154 5517 3278 5550 anno
3305 5503 3420 5550 1066
3444 5500 3664 5559 Angliam
3690 5501 3905 5564 subegit,
3931 5497 3979 5540 ad

2421 5556 2692 5632 hujusmotli
2738 5581 2957 5632 mensam
2996 5556 3704 5632 acetunliensreprwstgntal‘ur
3738 5556 3980 5632 έιιυυω

2421 5620 2596 5679 tuentis
2612 5628 2897 5677 Mount-chio!
2926 5628 3163 5672 l-‘raut‘ieze
3187 5625 3320 5671 'l'mni
3346 5620 3542 5670 secundi
3571 5620 3861 5669 initioJ'ide
3884 5635 3977 5681 qua?

2421 5695 2482 5737 ιιι·
2517 5691 2781 5746 bujusmmli
2821 5703 2983 5736 mensa
3007 5688 3131 5735 dictu
3166 5696 3272 5734 sunt
3313 5688 3360 5732 iu
3398 5683 3695 5741 Attliq-Iilalc
3737 5685 3975 5743 cvi-lanata

2421 5765 2547 5802 'l‘om.
2574 5757 2620 5812 Ξ,
2649 5767 2756 5814 ius.
2788 5750 2895 5800 lli.
