  <div class='ocr_page' id='page_1' title='image "/cluster/home/n/w/nwhite01/storage/ocr_20150623/62/pst.000005712625/311.png"; bbox 0 0 4060 6340; ppageno 0'>
   <div class='ocr_carea' id='block_1_1' title="bbox 696 374 831 438">
    <p class='ocr_par' dir='ltr' id='par_1_1' title="bbox 696 374 831 438">
     <span class='ocr_line' id='line_1_1' title="bbox 696 374 831 438; baseline -0.067 0"><span class='ocrx_word' id='word_1_1' title='bbox 696 431 704 438; x_wconf 95' lang='grc'>.</span> <span class='ocrx_word' id='word_1_2' title='bbox 718 374 831 432; x_wconf 67' lang='lat'>1&#39;05</span> 
     </span>
    </p>
   </div>
   <div class='ocr_carea' id='block_1_2' title="bbox 726 482 2285 572">
    <p class='ocr_par' dir='ltr' id='par_1_2' title="bbox 726 482 2285 572">
     <span class='ocr_line' id='line_1_2' title="bbox 726 482 2285 572; baseline 0.007 -31"><span class='ocrx_word' id='word_1_3' title='bbox 726 482 913 541; x_wconf 73' lang='grc' dir='ltr'>σαι.⁷Α</span> <span class='ocrx_word' id='word_1_4' title='bbox 924 505 990 557; x_wconf 90' lang='grc' dir='ltr'>ρα</span> <span class='ocrx_word' id='word_1_5' title='bbox 1016 484 1168 544; x_wconf 77' lang='grc' dir='ltr'>εἷπον</span> <span class='ocrx_word' id='word_1_6' title='bbox 1189 491 1533 563; x_wconf 55' lang='grc' dir='ltr'>ἀρκούντως</span> <span class='ocrx_word' id='word_1_7' title='bbox 1565 498 1657 551; x_wconf 78' lang='grc' dir='ltr'>καὶ</span> <span class='ocrx_word' id='word_1_8' title='bbox 1674 499 1813 568; x_wconf 87' lang='grc' dir='ltr'>μετά</span> <span class='ocrx_word' id='word_1_9' title='bbox 1836 500 2121 572; x_wconf 74' lang='grc' dir='ltr'>ἀκριϐείας</span> <span class='ocrx_word' id='word_1_10' title='bbox 2150 518 2285 555; x_wconf 88' lang='grc' dir='ltr'>κατ-</span> 
     </span>
    </p>
   </div>
   <div class='ocr_carea' id='block_1_3' title="bbox 721 580 2279 663">
    <p class='ocr_par' dir='ltr' id='par_1_3' title="bbox 721 580 2279 663">
     <span class='ocr_line' id='line_1_3' title="bbox 721 580 2279 663; baseline 0.01 -33"><span class='ocrx_word' id='word_1_11' title='bbox 721 580 1117 649; x_wconf 79' lang='grc' dir='ltr'>εσκευασμέναι</span> <span class='ocrx_word' id='word_1_12' title='bbox 1150 583 1456 656; x_wconf 72' lang='grc' dir='ltr'>ἀμφότεραί</span> <span class='ocrx_word' id='word_1_13' title='bbox 1485 590 1623 642; x_wconf 90' lang='grc' dir='ltr'>εἰσιν</span> <span class='ocrx_word' id='word_1_14' title='bbox 1659 592 1716 644; x_wconf 91' lang='grc' dir='ltr'>αί</span> <span class='ocrx_word' id='word_1_15' title='bbox 1743 592 2055 662; x_wconf 81' lang='grc' dir='ltr'>τράπεζαι;</span> <span class='ocrx_word' id='word_1_16' title='bbox 2118 594 2192 663; x_wconf 92' lang='grc' dir='ltr'>μὴ</span> <span class='ocrx_word' id='word_1_17' title='bbox 2227 610 2279 645; x_wconf 91' lang='grc' dir='ltr'>τι</span> 
     </span>
    </p>
   </div>
   <div class='ocr_carea' id='block_1_4' title="bbox 720 666 2278 752">
    <p class='ocr_par' dir='ltr' id='par_1_4' title="bbox 720 666 2278 752">
     <span class='ocr_line' id='line_1_4' title="bbox 720 666 2278 752; baseline 0.016 -35"><span class='ocrx_word' id='word_1_18' title='bbox 720 666 897 733; x_wconf 75' lang='grc' dir='ltr'>ἐνδεῖς</span> <span class='ocrx_word' id='word_1_19' title='bbox 926 669 1092 737; x_wconf 81' lang='grc' dir='ltr'>’Ἐγὼ</span> <span class='ocrx_word' id='word_1_20' title='bbox 1123 672 1221 742; x_wconf 76' lang='grc' dir='ltr'>μὲν</span> <span class='ocrx_word' id='word_1_21' title='bbox 1248 675 1348 728; x_wconf 83' lang='grc' dir='ltr'>οὐκ</span> <span class='ocrx_word' id='word_1_22' title='bbox 1367 671 1519 747; x_wconf 70' lang='grc' dir='ltr'>οἶμαι</span> <span class='ocrx_word' id='word_1_23' title='bbox 1550 695 1563 710; x_wconf 90' lang='grc'><strong>·</strong></span> <span class='ocrx_word' id='word_1_24' title='bbox 1598 682 1688 733; x_wconf 82' lang='grc' dir='ltr'>καὶ</span> <span class='ocrx_word' id='word_1_25' title='bbox 1714 681 1823 752; x_wconf 89' lang='lat'>7&amp;9</span> <span class='ocrx_word' id='word_1_26' title='bbox 1849 682 1977 751; x_wconf 75' lang='grc' dir='ltr'>τοὺς</span> <span class='ocrx_word' id='word_1_27' title='bbox 2008 682 2278 751; x_wconf 83' lang='grc' dir='ltr'>κεκλημέ-</span> 
     </span>
    </p>
   </div>
   <div class='ocr_carea' id='block_1_5' title="bbox 715 758 2281 836">
    <p class='ocr_par' dir='ltr' id='par_1_5' title="bbox 715 758 2281 836">
     <span class='ocr_line' id='line_1_5' title="bbox 715 758 2281 836; baseline 0.013 -29"><span class='ocrx_word' id='word_1_28' title='bbox 715 773 846 821; x_wconf 83' lang='grc' dir='ltr'>νους</span> <span class='ocrx_word' id='word_1_29' title='bbox 875 758 1129 830; x_wconf 79' lang='grc' dir='ltr'>ἐπῆλθον,</span> <span class='ocrx_word' id='word_1_30' title='bbox 1181 767 1275 818; x_wconf 79' lang='grc' dir='ltr'>καὶ</span> <span class='ocrx_word' id='word_1_31' title='bbox 1319 768 1420 836; x_wconf 77' lang='grc' dir='ltr'>τὴν</span> <span class='ocrx_word' id='word_1_32' title='bbox 1451 770 1797 825; x_wconf 79' lang='grc' dir='ltr'>πολυτέλειαν</span> <span class='ocrx_word' id='word_1_33' title='bbox 1829 773 2051 826; x_wconf 77' lang='grc' dir='ltr'>καὶτῶν</span> <span class='ocrx_word' id='word_1_34' title='bbox 2072 772 2281 827; x_wconf 78' lang='grc' dir='ltr'>σκευῶν</span> 
     </span>
    </p>
   </div>
   <div class='ocr_carea' id='block_1_6' title="bbox 719 849 2274 936">
    <p class='ocr_par' dir='ltr' id='par_1_6' title="bbox 719 849 2274 936">
     <span class='ocr_line' id='line_1_6' title="bbox 719 849 2274 936; baseline 0.013 -37"><span class='ocrx_word' id='word_1_35' title='bbox 719 849 816 901; x_wconf 75' lang='grc' dir='ltr'>καὶ</span> <span class='ocrx_word' id='word_1_36' title='bbox 846 851 953 905; x_wconf 85' lang='grc' dir='ltr'>τῶν</span> <span class='ocrx_word' id='word_1_37' title='bbox 980 856 1314 926; x_wconf 80' lang='grc' dir='ltr'>στρωμάτων</span> <span class='ocrx_word' id='word_1_38' title='bbox 1334 860 1427 914; x_wconf 79' lang='grc' dir='ltr'>καί</span> <span class='ocrx_word' id='word_1_39' title='bbox 1454 863 1561 916; x_wconf 84' lang='grc' dir='ltr'>τῶν</span> <span class='ocrx_word' id='word_1_40' title='bbox 1584 864 1914 935; x_wconf 86' lang='grc' dir='ltr'>ἐδεσμάτων.</span> <span class='ocrx_word' id='word_1_41' title='bbox 1944 866 2092 936; x_wconf 80' lang='grc' dir='ltr'>Πλὴν</span> <span class='ocrx_word' id='word_1_42' title='bbox 2116 865 2274 928; x_wconf 87' lang='grc' dir='ltr'>ἀλλά,</span> 
     </span>
    </p>
   </div>
   <div class='ocr_carea' id='block_1_7' title="bbox 716 940 2279 1024">
    <p class='ocr_par' dir='ltr' id='par_1_7' title="bbox 716 940 2279 1024">
     <span class='ocr_line' id='line_1_7' title="bbox 716 940 2279 1024; baseline 0.013 -35"><span class='ocrx_word' id='word_1_43' title='bbox 716 940 814 991; x_wconf 81' lang='grc' dir='ltr'>καί</span> <span class='ocrx_word' id='word_1_44' title='bbox 850 941 973 995; x_wconf 89' lang='grc' dir='ltr'>εῖτι</span> <span class='ocrx_word' id='word_1_45' title='bbox 1001 946 1396 1020; x_wconf 73' lang='grc' dir='ltr'>παρελίπομεν,</span> <span class='ocrx_word' id='word_1_46' title='bbox 1419 952 1853 1023; x_wconf 76' lang='grc' dir='ltr'>ἐπεξαγαγόντες</span> <span class='ocrx_word' id='word_1_47' title='bbox 1877 957 1967 1010; x_wconf 74' lang='grc' dir='ltr'>τὸν</span> <span class='ocrx_word' id='word_1_48' title='bbox 2004 956 2160 1024; x_wconf 92' lang='grc' dir='ltr'>λόγον</span> <span class='ocrx_word' id='word_1_49' title='bbox 2190 956 2279 1010; x_wconf 85' lang='grc' dir='ltr'>εύ-</span> 
     </span>
    </p>
   </div>
   <div class='ocr_carea' id='block_1_8' title="bbox 717 1032 2280 1119">
    <p class='ocr_par' dir='ltr' id='par_1_8' title="bbox 717 1032 2280 1119">
     <span class='ocr_line' id='line_1_8' title="bbox 717 1032 2280 1119; baseline 0.008 -34"><span class='ocrx_word' id='word_1_50' title='bbox 717 1032 975 1102; x_wconf 87' lang='grc' dir='ltr'>ρὴσομεν.</span> <span class='ocrx_word' id='word_1_51' title='bbox 1005 1036 1140 1106; x_wconf 75' lang='grc' dir='ltr'>Φέρε</span> <span class='ocrx_word' id='word_1_52' title='bbox 1172 1035 1287 1105; x_wconf 83' lang='grc' dir='ltr'>οῦν,</span> <span class='ocrx_word' id='word_1_53' title='bbox 1308 1042 1494 1114; x_wconf 84' lang='grc' dir='ltr'>ἐπειδὴ</span> <span class='ocrx_word' id='word_1_54' title='bbox 1525 1045 1585 1098; x_wconf 82' lang='grc' dir='ltr'>τὸ</span> <span class='ocrx_word' id='word_1_55' title='bbox 1611 1046 1920 1117; x_wconf 77' lang='grc' dir='ltr'>πρόσφορον</span> <span class='ocrx_word' id='word_1_56' title='bbox 1949 1046 2128 1111; x_wconf 83' lang='grc' dir='ltr'>καλῶς</span> <span class='ocrx_word' id='word_1_57' title='bbox 2148 1049 2280 1119; x_wconf 88' lang='grc' dir='ltr'>ἡμῖν</span> 
     </span>
    </p>
   </div>
   <div class='ocr_carea' id='block_1_9' title="bbox 716 1122 2279 1212">
    <p class='ocr_par' dir='ltr' id='par_1_9' title="bbox 716 1122 2279 1212">
     <span class='ocr_line' id='line_1_9' title="bbox 716 1122 2279 1212; baseline 0.015 -39"><span class='ocrx_word' id='word_1_58' title='bbox 716 1122 955 1178; x_wconf 79' lang='grc' dir='ltr'>ἀπέλαϐε</span> <span class='ocrx_word' id='word_1_59' title='bbox 1014 1129 1201 1200; x_wconf 86' lang='grc' dir='ltr'>σχῆμα</span> <span class='ocrx_word' id='word_1_60' title='bbox 1231 1134 1434 1206; x_wconf 76' lang='grc' dir='ltr'>ἑκάστη</span> <span class='ocrx_word' id='word_1_61' title='bbox 1462 1138 1729 1207; x_wconf 79' lang='grc' dir='ltr'>τράπεζα,</span> <span class='ocrx_word' id='word_1_62' title='bbox 1761 1139 1957 1209; x_wconf 82' lang='grc' dir='ltr'>ίδωμεν</span> <span class='ocrx_word' id='word_1_63' title='bbox 1990 1140 2093 1194; x_wconf 88' lang='grc' dir='ltr'>ποῦ</span> <span class='ocrx_word' id='word_1_64' title='bbox 2119 1142 2279 1212; x_wconf 78' lang='grc' dir='ltr'>ὑμεῖς</span> 
     </span>
    </p>
   </div>
   <div class='ocr_carea' id='block_1_10' title="bbox 717 1214 2273 1302">
    <p class='ocr_par' dir='ltr' id='par_1_10' title="bbox 717 1214 2273 1302">
     <span class='ocr_line' id='line_1_10' title="bbox 717 1214 2273 1302; baseline 0.013 -38"><span class='ocrx_word' id='word_1_65' title='bbox 717 1214 1199 1287; x_wconf 84' lang='grc' dir='ltr'>κατακλιθήσεσθε.</span> <span class='ocrx_word' id='word_1_66' title='bbox 1236 1223 1375 1292; x_wconf 80' lang='grc' dir='ltr'>Ἐγὼ</span> <span class='ocrx_word' id='word_1_67' title='bbox 1430 1226 1530 1294; x_wconf 80' lang='grc' dir='ltr'>μὲν</span> <span class='ocrx_word' id='word_1_68' title='bbox 1561 1227 1667 1300; x_wconf 83' lang='grc' dir='ltr'>γὰρ</span> <span class='ocrx_word' id='word_1_69' title='bbox 1712 1218 1799 1283; x_wconf 86' lang='grc' dir='ltr'>ἐπ’</span> <span class='ocrx_word' id='word_1_70' title='bbox 1826 1229 2042 1300; x_wconf 87' lang='grc' dir='ltr'>ἐκείνην</span> <span class='ocrx_word' id='word_1_71' title='bbox 2077 1232 2273 1302; x_wconf 75' lang='grc' dir='ltr'>ἄπειμι</span> 
     </span>
    </p>
   </div>
   <div class='ocr_carea' id='block_1_11' title="bbox 710 1303 2273 1394">
    <p class='ocr_par' dir='ltr' id='par_1_11' title="bbox 710 1303 2273 1394">
     <span class='ocr_line' id='line_1_11' title="bbox 710 1303 2273 1394; baseline 0.015 -39"><span class='ocrx_word' id='word_1_72' title='bbox 710 1303 811 1369; x_wconf 81' lang='grc' dir='ltr'>τὴν</span> <span class='ocrx_word' id='word_1_73' title='bbox 853 1305 962 1360; x_wconf 84' lang='grc' dir='ltr'>τῶν</span> <span class='ocrx_word' id='word_1_74' title='bbox 1004 1312 1243 1380; x_wconf 71' lang='grc' dir='ltr'>τυφλῶν,</span> <span class='ocrx_word' id='word_1_75' title='bbox 1269 1316 1367 1387; x_wconf 80' lang='grc' dir='ltr'>τὴν</span> <span class='ocrx_word' id='word_1_76' title='bbox 1404 1319 1512 1372; x_wconf 86' lang='grc' dir='ltr'>τῶν</span> <span class='ocrx_word' id='word_1_77' title='bbox 1541 1320 1730 1391; x_wconf 87' lang='grc' dir='ltr'>χωλῶν</span> <span class='ocrx_word' id='word_1_78' title='bbox 1750 1336 1766 1351; x_wconf 80' lang='lat'><strong>&#39;</strong></span> <span class='ocrx_word' id='word_1_79' title='bbox 1800 1322 1956 1392; x_wconf 87' lang='grc' dir='ltr'>ὑμῶν</span> <span class='ocrx_word' id='word_1_80' title='bbox 1976 1324 2033 1377; x_wconf 79' lang='grc' dir='ltr'>δὲ</span> <span class='ocrx_word' id='word_1_81' title='bbox 2061 1325 2201 1394; x_wconf 94' lang='grc' dir='ltr'>τάχα</span> <span class='ocrx_word' id='word_1_82' title='bbox 2224 1326 2273 1378; x_wconf 86' lang='grc' dir='ltr'>οἰ</span> 
     </span>
    </p>
   </div>
   <div class='ocr_carea' id='block_1_12' title="bbox 712 1394 2270 1483">
    <p class='ocr_par' dir='ltr' id='par_1_12' title="bbox 712 1394 2270 1483">
     <span class='ocr_line' id='line_1_12' title="bbox 712 1394 2270 1483; baseline 0.019 -40"><span class='ocrx_word' id='word_1_83' title='bbox 712 1394 931 1461; x_wconf 86' lang='grc' dir='ltr'>πλείους</span> <span class='ocrx_word' id='word_1_84' title='bbox 985 1399 1191 1472; x_wconf 89' lang='grc' dir='ltr'>ταύτην</span> <span class='ocrx_word' id='word_1_85' title='bbox 1239 1406 1579 1476; x_wconf 78' lang='grc' dir='ltr'>αἱρήσονται,</span> <span class='ocrx_word' id='word_1_86' title='bbox 1612 1411 1714 1479; x_wconf 78' lang='grc' dir='ltr'>τὴν</span> <span class='ocrx_word' id='word_1_87' title='bbox 1760 1412 1870 1465; x_wconf 82' lang='grc' dir='ltr'>τῶν</span> <span class='ocrx_word' id='word_1_88' title='bbox 1922 1412 2270 1483; x_wconf 83' lang='grc' dir='ltr'>στρατηγῶν,</span> 
     </span>
    </p>
   </div>
   <div class='ocr_carea' id='block_1_13' title="bbox 710 1485 2273 1573">
    <p class='ocr_par' dir='ltr' id='par_1_13' title="bbox 710 1485 2273 1573">
     <span class='ocr_line' id='line_1_13' title="bbox 710 1485 2273 1573; baseline 0.003 -19"><span class='ocrx_word' id='word_1_89' title='bbox 710 1485 809 1554; x_wconf 67' lang='grc' dir='ltr'>τὴν</span> <span class='ocrx_word' id='word_1_90' title='bbox 844 1488 1072 1561; x_wconf 75' lang='grc' dir='ltr'>φαιδρὰν</span> <span class='ocrx_word' id='word_1_91' title='bbox 1107 1494 1202 1547; x_wconf 74' lang='grc' dir='ltr'>καὶ</span> <span class='ocrx_word' id='word_1_92' title='bbox 1226 1495 1507 1571; x_wconf 86' lang='grc' dir='ltr'>λαμπράν.</span> <span class='ocrx_word' id='word_1_93' title='bbox 1546 1502 1776 1573; x_wconf 87' lang='grc' dir='ltr'>Ἵδωμεν</span> <span class='ocrx_word' id='word_1_94' title='bbox 1816 1498 1909 1558; x_wconf 85' lang='grc' dir='ltr'>οῦν</span> <span class='ocrx_word' id='word_1_95' title='bbox 1940 1504 2068 1556; x_wconf 89' lang='grc' dir='ltr'>ποία</span> <span class='ocrx_word' id='word_1_96' title='bbox 2090 1504 2273 1558; x_wconf 81' lang='grc' dir='ltr'>πλείο-</span> 
     </span>
    </p>
   </div>
   <div class='ocr_carea' id='block_1_14' title="bbox 709 1575 2273 1664">
    <p class='ocr_par' dir='ltr' id='par_1_14' title="bbox 709 1575 2273 1664">
     <span class='ocr_line' id='line_1_14' title="bbox 709 1575 2273 1664; baseline 0.008 -26"><span class='ocrx_word' id='word_1_97' title='bbox 709 1592 801 1639; x_wconf 81' lang='grc' dir='ltr'>νος</span> <span class='ocrx_word' id='word_1_98' title='bbox 848 1578 1007 1649; x_wconf 79' lang='grc' dir='ltr'>γέμει</span> <span class='ocrx_word' id='word_1_99' title='bbox 1035 1575 1141 1653; x_wconf 79' lang='grc' dir='ltr'>τῆς</span> <span class='ocrx_word' id='word_1_100' title='bbox 1160 1585 1354 1659; x_wconf 88' lang='grc' dir='ltr'>ἡδονῆς</span> <span class='ocrx_word' id='word_1_101' title='bbox 1378 1606 1392 1622; x_wconf 90' lang='grc'><strong>·</strong></span> <span class='ocrx_word' id='word_1_102' title='bbox 1428 1591 1596 1662; x_wconf 79' lang='grc' dir='ltr'>μὴπω</span> <span class='ocrx_word' id='word_1_103' title='bbox 1632 1593 1740 1663; x_wconf 92' lang='lat'>7&amp;9</span> <span class='ocrx_word' id='word_1_104' title='bbox 1768 1593 1835 1647; x_wconf 91' lang='grc' dir='ltr'>τά</span> <span class='ocrx_word' id='word_1_105' title='bbox 1861 1594 2125 1664; x_wconf 89' lang='grc' dir='ltr'>μέλλοντα</span> <span class='ocrx_word' id='word_1_106' title='bbox 2155 1596 2216 1663; x_wconf 82' lang='grc' dir='ltr'>ἐξ</span> <span class='ocrx_word' id='word_1_107' title='bbox 2247 1625 2273 1639; x_wconf 90' lang='grc'><strong><em>-</em></strong></span> 
     </span>
    </p>
   </div>
   <div class='ocr_carea' id='block_1_15' title="bbox 710 1666 2270 1756">
    <p class='ocr_par' dir='ltr' id='par_1_15' title="bbox 710 1666 2270 1756">
     <span class='ocr_line' id='line_1_15' title="bbox 710 1666 2270 1756; baseline 0.028 -41"><span class='ocrx_word' id='word_1_108' title='bbox 710 1666 987 1756; x_wconf 82' lang='grc' dir='ltr'>ετάσωμεν</span> <span class='ocrx_word' id='word_1_109' title='bbox 1015 1686 1031 1701; x_wconf 77' lang='grc' dir='ltr'><strong><em>ο</em></strong></span> <span class='ocrx_word' id='word_1_110' title='bbox 1059 1673 1118 1725; x_wconf 83' lang='grc' dir='ltr'>ἐν</span> <span class='ocrx_word' id='word_1_111' title='bbox 1149 1676 1376 1740; x_wconf 81' lang='grc' dir='ltr'>ἐκείνοις</span> <span class='ocrx_word' id='word_1_112' title='bbox 1405 1679 1507 1749; x_wconf 90' lang='grc' dir='ltr'>μέν</span> <span class='ocrx_word' id='word_1_113' title='bbox 1540 1682 1648 1752; x_wconf 86' lang='grc' dir='ltr'>γάρ</span> <span class='ocrx_word' id='word_1_114' title='bbox 1675 1682 1815 1753; x_wconf 81' lang='grc' dir='ltr'>αὕτη</span> <span class='ocrx_word' id='word_1_115' title='bbox 1844 1687 2038 1755; x_wconf 77' lang='grc' dir='ltr'>κρατεῖ</span> <span class='ocrx_word' id='word_1_116' title='bbox 2070 1686 2103 1756; x_wconf 75' lang='grc' dir='ltr'>ἢ</span> <span class='ocrx_word' id='word_1_117' title='bbox 2138 1686 2270 1756; x_wconf 65' lang='grc' dir='ltr'>δμή-</span> 
     </span>
    </p>
   </div>
   <div class='ocr_carea' id='block_1_16' title="bbox 708 1755 2270 1845">
    <p class='ocr_par' dir='ltr' id='par_1_16' title="bbox 708 1755 2270 1845">
     <span class='ocr_line' id='line_1_16' title="bbox 708 1755 2270 1845; baseline 0.015 -38"><span class='ocrx_word' id='word_1_118' title='bbox 708 1755 805 1810; x_wconf 88' lang='grc' dir='ltr'>Διά</span> <span class='ocrx_word' id='word_1_119' title='bbox 828 1756 881 1809; x_wconf 89' lang='grc' dir='ltr'>τί</span> <span class='ocrx_word' id='word_1_120' title='bbox 906 1776 921 1826; x_wconf 94' lang='lat'><strong>;</strong></span> <span class='ocrx_word' id='word_1_121' title='bbox 958 1762 1079 1816; x_wconf 86' lang='grc' dir='ltr'>Ὅτι</span> <span class='ocrx_word' id='word_1_122' title='bbox 1101 1764 1238 1837; x_wconf 87' lang='grc' dir='ltr'>αῦτη</span> <span class='ocrx_word' id='word_1_123' title='bbox 1270 1768 1370 1837; x_wconf 72' lang='grc' dir='ltr'>μὲν</span> <span class='ocrx_word' id='word_1_124' title='bbox 1393 1768 1505 1842; x_wconf 74' lang='grc' dir='ltr'>ἔχει</span> <span class='ocrx_word' id='word_1_125' title='bbox 1527 1772 1619 1826; x_wconf 78' lang='grc' dir='ltr'>τὸν</span> <span class='ocrx_word' id='word_1_126' title='bbox 1641 1774 1876 1843; x_wconf 80' lang='grc' dir='ltr'>Χριστὸν</span> <span class='ocrx_word' id='word_1_127' title='bbox 1893 1755 2270 1845; x_wconf 76' lang='grc' dir='ltr'>ἀνακείμενον,</span> 
     </span>
    </p>
   </div>
   <div class='ocr_carea' id='block_1_17' title="bbox 706 1846 2272 1939">
    <p class='ocr_par' dir='ltr' id='par_1_17' title="bbox 706 1846 2272 1939">
     <span class='ocr_line' id='line_1_17' title="bbox 706 1846 2272 1939; baseline 0.015 -40"><span class='ocrx_word' id='word_1_128' title='bbox 706 1846 888 1939; x_wconf 82' lang='grc' dir='ltr'>ἐκείνη</span> <span class='ocrx_word' id='word_1_129' title='bbox 942 1851 999 1905; x_wconf 81' lang='grc' dir='ltr'>δὲ</span> <span class='ocrx_word' id='word_1_130' title='bbox 1054 1855 1374 1927; x_wconf 77' lang='grc' dir='ltr'>ἀνθρώπους</span> <span class='ocrx_word' id='word_1_131' title='bbox 1406 1876 1423 1893; x_wconf 82' lang='lat'>&#39;</span> <span class='ocrx_word' id='word_1_132' title='bbox 1460 1863 1597 1933; x_wconf 85' lang='grc' dir='ltr'>αῦτη</span> <span class='ocrx_word' id='word_1_133' title='bbox 1638 1865 1728 1919; x_wconf 72' lang='grc' dir='ltr'>τὸν</span> <span class='ocrx_word' id='word_1_134' title='bbox 1761 1868 2057 1938; x_wconf 81' lang='grc' dir='ltr'>Δεσπότην,</span> <span class='ocrx_word' id='word_1_135' title='bbox 2088 1867 2272 1939; x_wconf 82' lang='grc' dir='ltr'>ἐκείνη</span> 
     </span>
    </p>
   </div>
   <div class='ocr_carea' id='block_1_18' title="bbox 707 1938 2272 2027">
    <p class='ocr_par' dir='ltr' id='par_1_18' title="bbox 707 1938 2272 2027">
     <span class='ocr_line' id='line_1_18' title="bbox 707 1938 2272 2027; baseline 0.015 -39"><span class='ocrx_word' id='word_1_136' title='bbox 707 1938 835 2002; x_wconf 81' lang='grc' dir='ltr'>τοὺς</span> <span class='ocrx_word' id='word_1_137' title='bbox 874 1941 1111 2009; x_wconf 80' lang='grc' dir='ltr'>δούλους.</span> <span class='ocrx_word' id='word_1_138' title='bbox 1156 1948 1318 2004; x_wconf 83' lang='grc' dir='ltr'>Ἀλλά</span> <span class='ocrx_word' id='word_1_139' title='bbox 1345 1952 1513 2022; x_wconf 82' lang='grc' dir='ltr'><strong>μήπω</strong></span> <span class='ocrx_word' id='word_1_140' title='bbox 1546 1954 1736 2019; x_wconf 88' lang='grc' dir='ltr'>ταῦτα,</span> <span class='ocrx_word' id='word_1_141' title='bbox 1771 1959 1887 2010; x_wconf 86' lang='grc' dir='ltr'>ἀλλ’</span> <span class='ocrx_word' id='word_1_142' title='bbox 1916 1958 2112 2027; x_wconf 75' lang='grc' dir='ltr'>ἴδωμεν</span> <span class='ocrx_word' id='word_1_143' title='bbox 2145 1938 2272 2012; x_wconf 88' lang='grc' dir='ltr'>ποία</span> 
     </span>
    </p>
   </div>
   <div class='ocr_carea' id='block_1_19' title="bbox 708 2028 2271 2119">
    <p class='ocr_par' dir='ltr' id='par_1_19' title="bbox 708 2028 2271 2119">
     <span class='ocr_line' id='line_1_19' title="bbox 708 2028 2271 2119; baseline 0.015 -40"><span class='ocrx_word' id='word_1_144' title='bbox 708 2028 925 2085; x_wconf 79' lang='grc' dir='ltr'>πλείονα</span> <span class='ocrx_word' id='word_1_145' title='bbox 946 2033 1058 2105; x_wconf 73' lang='grc' dir='ltr'>ἔχει</span> <span class='ocrx_word' id='word_1_146' title='bbox 1083 2038 1182 2109; x_wconf 80' lang='grc' dir='ltr'>τὴν</span> <span class='ocrx_word' id='word_1_147' title='bbox 1196 2040 1388 2112; x_wconf 80' lang='grc' dir='ltr'>ἡδονὴν</span> <span class='ocrx_word' id='word_1_148' title='bbox 1407 2044 1505 2115; x_wconf 74' lang='grc' dir='ltr'>τὴν</span> <span class='ocrx_word' id='word_1_149' title='bbox 1533 2045 1591 2098; x_wconf 92' lang='grc' dir='ltr'>ἐν</span> <span class='ocrx_word' id='word_1_150' title='bbox 1611 2045 1689 2115; x_wconf 86' lang='grc' dir='ltr'>τῷ</span> <span class='ocrx_word' id='word_1_151' title='bbox 1725 2049 1970 2119; x_wconf 86' lang='grc' dir='ltr'>παρόντι.</span> <span class='ocrx_word' id='word_1_152' title='bbox 1996 2049 2103 2102; x_wconf 82' lang='grc' dir='ltr'>Καὶ</span> <span class='ocrx_word' id='word_1_153' title='bbox 2131 2050 2271 2103; x_wconf 88' lang='grc' dir='ltr'>κατά</span> 
     </span>
    </p>
   </div>
   <div class='ocr_carea' id='block_1_20' title="bbox 703 2121 2268 2210">
    <p class='ocr_par' dir='ltr' id='par_1_20' title="bbox 703 2121 2268 2210">
     <span class='ocr_line' id='line_1_20' title="bbox 703 2121 2268 2210; baseline 0.014 -39"><span class='ocrx_word' id='word_1_154' title='bbox 703 2121 862 2210; x_wconf 83' lang='grc' dir='ltr'>τοῦτο</span> <span class='ocrx_word' id='word_1_155' title='bbox 884 2124 981 2191; x_wconf 85' lang='grc' dir='ltr'>μὲν</span> <span class='ocrx_word' id='word_1_156' title='bbox 999 2122 1091 2180; x_wconf 84' lang='grc' dir='ltr'>οῦν</span> <span class='ocrx_word' id='word_1_157' title='bbox 1113 2128 1309 2184; x_wconf 87' lang='grc' dir='ltr'>πλείων</span> <span class='ocrx_word' id='word_1_158' title='bbox 1328 2132 1464 2206; x_wconf 83' lang='grc' dir='ltr'>αῦτη</span> <span class='ocrx_word' id='word_1_159' title='bbox 1483 2137 1515 2206; x_wconf 87' lang='grc' dir='ltr'>ἡ</span> <span class='ocrx_word' id='word_1_160' title='bbox 1537 2136 1714 2208; x_wconf 83' lang='grc' dir='ltr'>ἡδονή·</span> <span class='ocrx_word' id='word_1_161' title='bbox 1734 2143 1797 2191; x_wconf 76' lang='grc' dir='ltr'>τὸ</span> <span class='ocrx_word' id='word_1_162' title='bbox 1820 2136 1926 2210; x_wconf 82' lang='lat'>7&amp;9</span> <span class='ocrx_word' id='word_1_163' title='bbox 1960 2140 2095 2210; x_wconf 86' lang='grc' dir='ltr'>μετά</span> <span class='ocrx_word' id='word_1_164' title='bbox 2111 2141 2268 2210; x_wconf 89' lang='grc' dir='ltr'>βασι-</span> 
     </span>
    </p>
   </div>
   <div class='ocr_carea' id='block_1_21' title="bbox 702 2209 2269 2301">
    <p class='ocr_par' dir='ltr' id='par_1_21' title="bbox 702 2209 2269 2301">
     <span class='ocr_line' id='line_1_21' title="bbox 702 2209 2269 2301; baseline 0.016 -40"><span class='ocrx_word' id='word_1_165' title='bbox 702 2209 842 2275; x_wconf 83' lang='grc' dir='ltr'>λέως</span> <span class='ocrx_word' id='word_1_166' title='bbox 866 2214 1179 2283; x_wconf 87' lang='grc' dir='ltr'>ἀναπεσεῖν,</span> <span class='ocrx_word' id='word_1_167' title='bbox 1206 2221 1424 2276; x_wconf 80' lang='grc' dir='ltr'>πλείονα</span> <span class='ocrx_word' id='word_1_168' title='bbox 1458 2226 1615 2295; x_wconf 79' lang='grc' dir='ltr'>φέρει</span> <span class='ocrx_word' id='word_1_169' title='bbox 1648 2228 1745 2298; x_wconf 76' lang='grc' dir='ltr'>τὴν</span> <span class='ocrx_word' id='word_1_170' title='bbox 1786 2209 1975 2301; x_wconf 81' lang='grc' dir='ltr'>ἡδονὴν</span> <span class='ocrx_word' id='word_1_171' title='bbox 2001 2209 2269 2301; x_wconf 78' lang='grc' dir='ltr'>τοῦμετὰ</span> 
     </span>
    </p>
   </div>
   <div class='ocr_carea' id='block_1_22' title="bbox 704 2301 2268 2391">
    <p class='ocr_par' dir='ltr' id='par_1_22' title="bbox 704 2301 2268 2391">
     <span class='ocr_line' id='line_1_22' title="bbox 704 2301 2268 2391; baseline 0.015 -38"><span class='ocrx_word' id='word_1_172' title='bbox 704 2301 815 2357; x_wconf 83' lang='grc' dir='ltr'>τῶν</span> <span class='ocrx_word' id='word_1_173' title='bbox 841 2306 1087 2363; x_wconf 87' lang='grc' dir='ltr'>οἰκετῶν.</span> <span class='ocrx_word' id='word_1_174' title='bbox 1118 2312 1277 2367; x_wconf 80' lang='grc' dir='ltr'>Ἀλλά</span> <span class='ocrx_word' id='word_1_175' title='bbox 1305 2317 1400 2369; x_wconf 73' lang='grc' dir='ltr'>καὶ</span> <span class='ocrx_word' id='word_1_176' title='bbox 1426 2319 1581 2371; x_wconf 87' lang='grc' dir='ltr'>τοῦτο</span> <span class='ocrx_word' id='word_1_177' title='bbox 1606 2320 1970 2391; x_wconf 80' lang='grc' dir='ltr'>ὑπεξέλωμεν,</span> <span class='ocrx_word' id='word_1_178' title='bbox 1992 2323 2123 2377; x_wconf 80' lang='grc' dir='ltr'>αὐτὸ</span> <span class='ocrx_word' id='word_1_179' title='bbox 2145 2323 2268 2377; x_wconf 86' lang='grc' dir='ltr'>καθ’</span> 
     </span>
    </p>
   </div>
   <div class='ocr_carea' id='block_1_23' title="bbox 706 2395 2266 2480">
    <p class='ocr_par' dir='ltr' id='par_1_23' title="bbox 706 2395 2266 2480">
     <span class='ocr_line' id='line_1_23' title="bbox 706 2395 2266 2480; baseline 0.014 -34"><span class='ocrx_word' id='word_1_180' title='bbox 706 2395 866 2448; x_wconf 84' lang='grc' dir='ltr'>ἐαυτδ</span> <span class='ocrx_word' id='word_1_181' title='bbox 884 2397 943 2450; x_wconf 84' lang='grc' dir='ltr'>τὸ</span> <span class='ocrx_word' id='word_1_182' title='bbox 968 2400 1196 2470; x_wconf 80' lang='grc' dir='ltr'>πρᾶγμα</span> <span class='ocrx_word' id='word_1_183' title='bbox 1222 2403 1585 2476; x_wconf 80' lang='grc' dir='ltr'>ἐξετάσωμεν.</span> <span class='ocrx_word' id='word_1_184' title='bbox 1606 2410 1813 2464; x_wconf 78' lang='grc' dir='ltr'>Οὐκοῦν</span> <span class='ocrx_word' id='word_1_185' title='bbox 1839 2411 1966 2480; x_wconf 80' lang='grc' dir='ltr'>ἐγὼ,</span> <span class='ocrx_word' id='word_1_186' title='bbox 1991 2414 2148 2467; x_wconf 87' lang='grc' dir='ltr'>καὶοί</span> <span class='ocrx_word' id='word_1_187' title='bbox 2168 2415 2266 2469; x_wconf 79' lang='grc' dir='ltr'>σὺν</span> 
     </span>
    </p>
   </div>
   <div class='ocr_carea' id='block_1_24' title="bbox 703 2486 2267 2576">
    <p class='ocr_par' dir='ltr' id='par_1_24' title="bbox 703 2486 2267 2576">
     <span class='ocr_line' id='line_1_24' title="bbox 703 2486 2267 2576; baseline 0.017 -40"><span class='ocrx_word' id='word_1_188' title='bbox 703 2486 1058 2576; x_wconf 12' lang='grc' dir='ltr'>ἐμοίῗταύτην</span> <span class='ocrx_word' id='word_1_189' title='bbox 1084 2492 1325 2564; x_wconf 81' lang='grc' dir='ltr'>ἑλόμενοι</span> <span class='ocrx_word' id='word_1_190' title='bbox 1340 2497 1439 2567; x_wconf 80' lang='grc' dir='ltr'>τὴν</span> <span class='ocrx_word' id='word_1_191' title='bbox 1466 2500 1761 2569; x_wconf 78' lang='grc' dir='ltr'>τράπεζαν,</span> <span class='ocrx_word' id='word_1_192' title='bbox 1791 2503 1927 2572; x_wconf 88' lang='grc' dir='ltr'>μετά</span> <span class='ocrx_word' id='word_1_193' title='bbox 1941 2504 2141 2575; x_wconf 82' lang='grc' dir='ltr'>πολλῆς</span> <span class='ocrx_word' id='word_1_194' title='bbox 2167 2505 2267 2576; x_wconf 84' lang='grc' dir='ltr'>τῆς</span> 
     </span>
    </p>
   </div>
   <div class='ocr_carea' id='block_1_25' title="bbox 704 2574 2266 2663">
    <p class='ocr_par' dir='ltr' id='par_1_25' title="bbox 704 2574 2266 2663">
     <span class='ocr_line' id='line_1_25' title="bbox 704 2574 2266 2663; baseline 0.017 -39"><span class='ocrx_word' id='word_1_195' title='bbox 704 2574 1014 2653; x_wconf 73' lang='grc' dir='ltr'>ἐλευθερίας</span> <span class='ocrx_word' id='word_1_196' title='bbox 1042 2582 1133 2636; x_wconf 89' lang='grc' dir='ltr'>καί</span> <span class='ocrx_word' id='word_1_197' title='bbox 1150 2583 1248 2653; x_wconf 85' lang='grc' dir='ltr'>τῆς</span> <span class='ocrx_word' id='word_1_198' title='bbox 1264 2585 1532 2658; x_wconf 80' lang='grc' dir='ltr'>θυμηδίας</span> <span class='ocrx_word' id='word_1_199' title='bbox 1560 2591 1653 2645; x_wconf 77' lang='grc' dir='ltr'>καὶ</span> <span class='ocrx_word' id='word_1_200' title='bbox 1674 2592 1905 2663; x_wconf 88' lang='grc' dir='ltr'>ἐροῦμεν</span> <span class='ocrx_word' id='word_1_201' title='bbox 1920 2574 2153 2660; x_wconf 70' lang='grc' dir='ltr'>ἅπαντα,</span> <span class='ocrx_word' id='word_1_202' title='bbox 2171 2574 2266 2650; x_wconf 76' lang='grc' dir='ltr'>καὶ</span> 
     </span>
    </p>
   </div>
   <div class='ocr_carea' id='block_1_26' title="bbox 703 2663 2266 2747">
    <p class='ocr_par' dir='ltr' id='par_1_26' title="bbox 703 2663 2266 2747">
     <span class='ocr_line' id='line_1_26' title="bbox 703 2663 2266 2747; baseline 0.016 -34"><span class='ocrx_word' id='word_1_203' title='bbox 703 2663 1045 2734; x_wconf 77' lang='grc' dir='ltr'>ἀκουσόμεθα</span> <span class='ocrx_word' id='word_1_204' title='bbox 1064 2685 1080 2701; x_wconf 78' lang='grc' dir='ltr'><strong>ο</strong></span> <span class='ocrx_word' id='word_1_205' title='bbox 1110 2669 1266 2740; x_wconf 89' lang='grc' dir='ltr'>ὑμεῖς</span> <span class='ocrx_word' id='word_1_206' title='bbox 1302 2673 1359 2727; x_wconf 78' lang='grc' dir='ltr'>δὲ</span> <span class='ocrx_word' id='word_1_207' title='bbox 1403 2676 1695 2746; x_wconf 55' lang='grc' dir='ltr'>τρέμοντες</span> <span class='ocrx_word' id='word_1_208' title='bbox 1714 2680 1809 2733; x_wconf 72' lang='grc' dir='ltr'>καὶ</span> <span class='ocrx_word' id='word_1_209' title='bbox 1828 2679 2141 2747; x_wconf 88' lang='grc' dir='ltr'>δεδοικότες,</span> <span class='ocrx_word' id='word_1_210' title='bbox 2172 2684 2266 2738; x_wconf 80' lang='grc' dir='ltr'>καὶ</span> 
     </span>
    </p>
   </div>
   <div class='ocr_carea' id='block_1_27' title="bbox 701 2752 2264 2843">
    <p class='ocr_par' dir='ltr' id='par_1_27' title="bbox 701 2752 2264 2843">
     <span class='ocr_line' id='line_1_27' title="bbox 701 2752 2264 2843; baseline 0.017 -42"><span class='ocrx_word' id='word_1_211' title='bbox 701 2752 829 2843; x_wconf 69' lang='grc' dir='ltr'>τοῦς</span> <span class='ocrx_word' id='word_1_212' title='bbox 856 2753 1251 2828; x_wconf 68' lang='grc' dir='ltr'>ἀνακειμένους</span> <span class='ocrx_word' id='word_1_213' title='bbox 1286 2762 1611 2833; x_wconf 90' lang='grc' dir='ltr'>αἰδούμενοι,</span> <span class='ocrx_word' id='word_1_214' title='bbox 1667 2768 1787 2821; x_wconf 70' lang='grc' dir='ltr'>οὐδὲ</span> <span class='ocrx_word' id='word_1_215' title='bbox 1842 2769 2077 2825; x_wconf 78' lang='grc' dir='ltr'>ἐκτεῖναι</span> <span class='ocrx_word' id='word_1_216' title='bbox 2106 2775 2264 2843; x_wconf 89' lang='grc' dir='ltr'>χεῖρα</span> 
     </span>
    </p>
   </div>
   <div class='ocr_carea' id='block_1_28' title="bbox 703 2842 2263 2929">
    <p class='ocr_par' dir='ltr' id='par_1_28' title="bbox 703 2842 2263 2929">
     <span class='ocr_line' id='line_1_28' title="bbox 703 2842 2263 2929; baseline 0.014 -35"><span class='ocrx_word' id='word_1_217' title='bbox 703 2842 1024 2915; x_wconf 71' lang='grc' dir='ltr'>τολμήσετε,</span> <span class='ocrx_word' id='word_1_218' title='bbox 1062 2849 1311 2923; x_wconf 87' lang='grc' dir='ltr'>καθάπερ</span> <span class='ocrx_word' id='word_1_219' title='bbox 1344 2854 1423 2918; x_wconf 90' lang='grc' dir='ltr'>εἰς</span> <span class='ocrx_word' id='word_1_220' title='bbox 1473 2857 1887 2929; x_wconf 84' lang='grc' dir='ltr'>παιδαγωγεῖον,</span> <span class='ocrx_word' id='word_1_221' title='bbox 1914 2862 2028 2915; x_wconf 84' lang='grc' dir='ltr'>ἀλλ’</span> <span class='ocrx_word' id='word_1_222' title='bbox 2055 2864 2155 2918; x_wconf 86' lang='grc' dir='ltr'>οὐκ</span> <span class='ocrx_word' id='word_1_223' title='bbox 2182 2842 2263 2928; x_wconf 86' lang='grc' dir='ltr'>εἰς</span> 
     </span>
    </p>
   </div>
   <div class='ocr_carea' id='block_1_29' title="bbox 704 2934 2261 3024">
    <p class='ocr_par' dir='ltr' id='par_1_29' title="bbox 704 2934 2261 3024">
     <span class='ocr_line' id='line_1_29' title="bbox 704 2934 2261 3024; baseline 0.015 -39"><span class='ocrx_word' id='word_1_224' title='bbox 704 2934 924 3003; x_wconf 76' lang='grc' dir='ltr'>ἄριστον</span> <span class='ocrx_word' id='word_1_225' title='bbox 950 2938 1298 3005; x_wconf 82' lang='grc' dir='ltr'>εἰσελθόντες,</span> <span class='ocrx_word' id='word_1_226' title='bbox 1326 2945 1577 3017; x_wconf 88' lang='grc' dir='ltr'>καθάπερ</span> <span class='ocrx_word' id='word_1_227' title='bbox 1609 2944 1872 3015; x_wconf 82' lang='grc' dir='ltr'>δεσπότας</span> <span class='ocrx_word' id='word_1_228' title='bbox 1901 2951 2108 3015; x_wconf 79' lang='grc' dir='ltr'>δεινοὺς</span> <span class='ocrx_word' id='word_1_229' title='bbox 2139 2955 2261 3024; x_wconf 85' lang='grc' dir='ltr'>τρέ-</span> 
     </span>
    </p>
   </div>
   <div class='ocr_carea' id='block_1_30' title="bbox 707 3027 2263 3113">
    <p class='ocr_par' dir='ltr' id='par_1_30' title="bbox 707 3027 2263 3113">
     <span class='ocr_line' id='line_1_30' title="bbox 707 3027 2263 3113; baseline 0.015 -38"><span class='ocrx_word' id='word_1_230' title='bbox 707 3039 917 3091; x_wconf 89' lang='grc' dir='ltr'>μοντες.</span> <span class='ocrx_word' id='word_1_231' title='bbox 966 3027 1105 3080; x_wconf 77' lang='grc' dir='ltr'>Ἀλλ’</span> <span class='ocrx_word' id='word_1_232' title='bbox 1131 3031 1232 3085; x_wconf 85' lang='grc' dir='ltr'>οὑκ</span> <span class='ocrx_word' id='word_1_233' title='bbox 1295 3035 1491 3088; x_wconf 87' lang='grc' dir='ltr'>ἐκεῖνοι</span> <span class='ocrx_word' id='word_1_234' title='bbox 1520 3036 1713 3101; x_wconf 76' lang='grc' dir='ltr'>οὕτως.</span> <span class='ocrx_word' id='word_1_235' title='bbox 1757 3040 1916 3095; x_wconf 83' lang='grc' dir='ltr'>Ἀλλά</span> <span class='ocrx_word' id='word_1_236' title='bbox 1948 3044 2015 3097; x_wconf 92' lang='grc' dir='ltr'>τά</span> <span class='ocrx_word' id='word_1_237' title='bbox 2057 3044 2156 3113; x_wconf 89' lang='grc' dir='ltr'>τῆς</span> <span class='ocrx_word' id='word_1_238' title='bbox 2179 3062 2263 3097; x_wconf 82' lang='grc' dir='ltr'>τι·</span> 
     </span>
    </p>
   </div>
   <div class='ocr_carea' id='block_1_31' title="bbox 707 3114 2263 3204">
    <p class='ocr_par' dir='ltr' id='par_1_31' title="bbox 707 3114 2263 3204">
     <span class='ocr_line' id='line_1_31' title="bbox 707 3114 2263 3204; baseline 0.006 -27"><span class='ocrx_word' id='word_1_239' title='bbox 707 3114 833 3183; x_wconf 77' lang='grc' dir='ltr'>μῆς.</span> <span class='ocrx_word' id='word_1_240' title='bbox 868 3118 1019 3186; x_wconf 76' lang='grc' dir='ltr'>φησὶ,</span> <span class='ocrx_word' id='word_1_241' title='bbox 1076 3121 1307 3188; x_wconf 80' lang='grc' dir='ltr'>μεγάλα.</span> <span class='ocrx_word' id='word_1_242' title='bbox 1350 3126 1458 3179; x_wconf 85' lang='lat' dir='ltr'><strong><em>Kal</em></strong></span> <span class='ocrx_word' id='word_1_243' title='bbox 1523 3129 1631 3197; x_wconf 81' lang='grc' dir='ltr'>μὴν</span> <span class='ocrx_word' id='word_1_244' title='bbox 1661 3129 1769 3197; x_wconf 84' lang='grc' dir='ltr'>ἐγὼ</span> <span class='ocrx_word' id='word_1_245' title='bbox 1819 3116 1878 3183; x_wconf 75' lang='grc' dir='ltr'>ἐν</span> <span class='ocrx_word' id='word_1_246' title='bbox 1917 3132 2118 3186; x_wconf 85' lang='grc' dir='ltr'>πλείονί</span> <span class='ocrx_word' id='word_1_247' title='bbox 2148 3135 2263 3204; x_wconf 81' lang='grc' dir='ltr'>εἰμι</span> 
     </span>
    </p>
   </div>
   <div class='ocr_carea' id='block_1_32' title="bbox 702 3205 2258 3290">
    <p class='ocr_par' dir='ltr' id='par_1_32' title="bbox 702 3205 2258 3290">
     <span class='ocr_line' id='line_1_32' title="bbox 702 3205 2258 3290; baseline 0.015 -37"><span class='ocrx_word' id='word_1_248' title='bbox 702 3206 832 3274; x_wconf 83' lang='grc' dir='ltr'>τιμῇ</span> <span class='ocrx_word' id='word_1_249' title='bbox 857 3219 872 3233; x_wconf 79' lang='grc'><strong>’</strong></span> <span class='ocrx_word' id='word_1_250' title='bbox 907 3205 1061 3275; x_wconf 83' lang='grc' dir='ltr'>ὑμῶν</span> <span class='ocrx_word' id='word_1_251' title='bbox 1107 3209 1207 3279; x_wconf 72' lang='grc' dir='ltr'>μὲν</span> <span class='ocrx_word' id='word_1_252' title='bbox 1248 3211 1359 3283; x_wconf 91' lang='lat'>7&amp;9</span> <span class='ocrx_word' id='word_1_253' title='bbox 1396 3216 1428 3284; x_wconf 91' lang='grc' dir='ltr'>ἡ</span> <span class='ocrx_word' id='word_1_254' title='bbox 1469 3216 1710 3272; x_wconf 80' lang='grc' dir='ltr'>εὐτέλεια</span> <span class='ocrx_word' id='word_1_255' title='bbox 1759 3221 1959 3289; x_wconf 79' lang='grc' dir='ltr'>μείζων</span> <span class='ocrx_word' id='word_1_256' title='bbox 1987 3222 2258 3290; x_wconf 84' lang='grc' dir='ltr'>φαίνεται,</span> 
     </span>
    </p>
   </div>
   <div class='ocr_carea' id='block_1_33' title="bbox 700 3293 2263 3377">
    <p class='ocr_par' dir='ltr' id='par_1_33' title="bbox 700 3293 2263 3377">
     <span class='ocr_line' id='line_1_33' title="bbox 700 3293 2263 3377; baseline 0.011 -30"><span class='ocrx_word' id='word_1_257' title='bbox 700 3293 833 3347; x_wconf 76' lang='grc' dir='ltr'>ὅταν</span> <span class='ocrx_word' id='word_1_258' title='bbox 854 3296 1069 3365; x_wconf 74' lang='grc' dir='ltr'>καὶτῆς</span> <span class='ocrx_word' id='word_1_259' title='bbox 1099 3300 1269 3370; x_wconf 85' lang='grc' dir='ltr'>αὐτῆς</span> <span class='ocrx_word' id='word_1_260' title='bbox 1304 3305 1582 3377; x_wconf 75' lang='grc' dir='ltr'>τραπέζης</span> <span class='ocrx_word' id='word_1_261' title='bbox 1632 3309 2036 3374; x_wconf 80' lang='grc' dir='ltr'>κοινωνοῦντες,</span> <span class='ocrx_word' id='word_1_262' title='bbox 2062 3312 2263 3366; x_wconf 89' lang='grc' dir='ltr'>δούλων</span> 
     </span>
    </p>
   </div>
   <div class='ocr_carea' id='block_1_34' title="bbox 704 3383 2262 3471">
    <p class='ocr_par' dir='ltr' id='par_1_34' title="bbox 704 3383 2262 3471">
     <span class='ocr_line' id='line_1_34' title="bbox 704 3383 2262 3471; baseline 0.014 -38"><span class='ocrx_word' id='word_1_263' title='bbox 704 3383 1080 3455; x_wconf 79' lang='grc' dir='ltr'>προσάλλησθε</span> <span class='ocrx_word' id='word_1_264' title='bbox 1119 3389 1363 3461; x_wconf 78' lang='grc' dir='ltr'>ρἡατα.</span> <span class='ocrx_word' id='word_1_265' title='bbox 1411 3395 1522 3447; x_wconf 81' lang='lat' dir='ltr'><strong><em>Kal</em></strong></span> <span class='ocrx_word' id='word_1_266' title='bbox 1566 3396 1675 3467; x_wconf 97' lang='lat'>7&amp;9</span> <span class='ocrx_word' id='word_1_267' title='bbox 1716 3398 1745 3451; x_wconf 88' lang='grc' dir='ltr'>ό</span> <span class='ocrx_word' id='word_1_268' title='bbox 1792 3399 1976 3463; x_wconf 86' lang='grc' dir='ltr'>δοῦλος</span> <span class='ocrx_word' id='word_1_269' title='bbox 2005 3401 2123 3453; x_wconf 87' lang='grc' dir='ltr'>τότε</span> <span class='ocrx_word' id='word_1_270' title='bbox 2153 3401 2262 3471; x_wconf 85' lang='grc' dir='ltr'>μά-</span> 
     </span>
    </p>
   </div>
   <div class='ocr_carea' id='block_1_35' title="bbox 704 3471 2262 3561">
    <p class='ocr_par' dir='ltr' id='par_1_35' title="bbox 704 3471 2262 3561">
     <span class='ocr_line' id='line_1_35' title="bbox 704 3471 2262 3561; baseline 0.013 -38"><span class='ocrx_word' id='word_1_271' title='bbox 704 3471 859 3561; x_wconf 67' lang='grc' dir='ltr'>λιστα</span> <span class='ocrx_word' id='word_1_272' title='bbox 889 3476 1155 3543; x_wconf 83' lang='grc' dir='ltr'>φαίνεται,</span> <span class='ocrx_word' id='word_1_273' title='bbox 1176 3481 1304 3533; x_wconf 80' lang='grc' dir='ltr'>ὅταν</span> <span class='ocrx_word' id='word_1_274' title='bbox 1340 3482 1479 3552; x_wconf 86' lang='grc' dir='ltr'>μετά</span> <span class='ocrx_word' id='word_1_275' title='bbox 1510 3484 1603 3538; x_wconf 83' lang='grc' dir='ltr'>τοῦ</span> <span class='ocrx_word' id='word_1_276' title='bbox 1629 3487 1890 3542; x_wconf 85' lang='grc' dir='ltr'>δεσπότου</span> <span class='ocrx_word' id='word_1_277' title='bbox 1931 3491 2262 3561; x_wconf 89' lang='grc' dir='ltr'>κατακείμε-</span> 
     </span>
    </p>
   </div>
   <div class='ocr_carea' id='block_1_36' title="bbox 702 3556 2259 3650">
    <p class='ocr_par' dir='ltr' id='par_1_36' title="bbox 702 3556 2259 3650">
     <span class='ocr_line' id='line_1_36' title="bbox 702 3556 2259 3650; baseline 0.012 -37"><span class='ocrx_word' id='word_1_278' title='bbox 702 3556 870 3633; x_wconf 91' lang='grc' dir='ltr'>νος</span> <span class='ocrx_word' id='word_1_279' title='bbox 924 3565 1157 3630; x_wconf 85' lang='grc' dir='ltr'>Ἐκεῖνος</span> <span class='ocrx_word' id='word_1_280' title='bbox 1196 3568 1295 3638; x_wconf 80' lang='grc' dir='ltr'>μὲν</span> <span class='ocrx_word' id='word_1_281' title='bbox 1326 3570 1469 3639; x_wconf 88' lang='lat'><strong>7&amp;9,</strong></span> <span class='ocrx_word' id='word_1_282' title='bbox 1499 3572 1627 3627; x_wconf 76' lang='grc' dir='ltr'>ἔνθα</span> <span class='ocrx_word' id='word_1_283' title='bbox 1674 3576 1749 3645; x_wconf 78' lang='grc' dir='ltr'>μὴ</span> <span class='ocrx_word' id='word_1_284' title='bbox 1784 3579 2057 3650; x_wconf 81' lang='grc' dir='ltr'>προσῆκεν</span> <span class='ocrx_word' id='word_1_285' title='bbox 2087 3556 2259 3649; x_wconf 79' lang='grc' dir='ltr'>αὐτῷ,</span> 
     </span>
    </p>
   </div>
   <div class='ocr_carea' id='block_1_37' title="bbox 702 3650 2262 3739">
    <p class='ocr_par' dir='ltr' id='par_1_37' title="bbox 702 3650 2262 3739">
     <span class='ocr_line' id='line_1_37' title="bbox 702 3650 2262 3739; baseline 0.013 -38"><span class='ocrx_word' id='word_1_286' title='bbox 702 3650 931 3716; x_wconf 83' lang='grc' dir='ltr'>γίνεται,</span> <span class='ocrx_word' id='word_1_287' title='bbox 962 3654 1023 3706; x_wconf 88' lang='grc' dir='ltr'>ού</span> <span class='ocrx_word' id='word_1_288' title='bbox 1057 3657 1325 3728; x_wconf 82' lang='grc' dir='ltr'>τοσαύτην</span> <span class='ocrx_word' id='word_1_289' title='bbox 1353 3660 1460 3714; x_wconf 84' lang='grc' dir='ltr'>ἀπὸ</span> <span class='ocrx_word' id='word_1_290' title='bbox 1483 3662 1582 3733; x_wconf 89' lang='grc' dir='ltr'>τῆς</span> <span class='ocrx_word' id='word_1_291' title='bbox 1610 3665 1934 3730; x_wconf 87' lang='grc' dir='ltr'>οἰκειώσεως</span> <span class='ocrx_word' id='word_1_292' title='bbox 1963 3667 2101 3739; x_wconf 79' lang='grc' dir='ltr'>ἔχων</span> <span class='ocrx_word' id='word_1_293' title='bbox 2132 3685 2262 3738; x_wconf 78' lang='grc' dir='ltr'>σεμο</span> 
     </span>
    </p>
   </div>
   <div class='ocr_carea' id='block_1_38' title="bbox 700 3739 2259 3826">
    <p class='ocr_par' dir='ltr' id='par_1_38' title="bbox 700 3739 2259 3826">
     <span class='ocr_line' id='line_1_38' title="bbox 700 3739 2259 3826; baseline 0.015 -37"><span class='ocrx_word' id='word_1_294' title='bbox 700 3739 922 3809; x_wconf 83' lang='grc' dir='ltr'>νότητα,</span> <span class='ocrx_word' id='word_1_295' title='bbox 944 3742 1074 3811; x_wconf 78' lang='grc' dir='ltr'>ὅσην</span> <span class='ocrx_word' id='word_1_296' title='bbox 1093 3745 1194 3815; x_wconf 80' lang='grc' dir='ltr'>τὴν</span> <span class='ocrx_word' id='word_1_297' title='bbox 1207 3749 1553 3804; x_wconf 80' lang='grc' dir='ltr'>ταπείνωσινο</span> <span class='ocrx_word' id='word_1_298' title='bbox 1573 3754 1778 3825; x_wconf 75' lang='grc' dir='ltr'>σφόδρα</span> <span class='ocrx_word' id='word_1_299' title='bbox 1806 3756 1911 3826; x_wconf 84' lang='lat'>7&amp;9</span> <span class='ocrx_word' id='word_1_300' title='bbox 1929 3757 2049 3809; x_wconf 87' lang='grc' dir='ltr'>τότε</span> <span class='ocrx_word' id='word_1_301' title='bbox 2067 3775 2259 3812; x_wconf 87' lang='grc' dir='ltr'>ταπει-</span> 
     </span>
    </p>
   </div>
   <div class='ocr_carea' id='block_1_39' title="bbox 700 3829 2259 3918">
    <p class='ocr_par' dir='ltr' id='par_1_39' title="bbox 700 3829 2259 3918">
     <span class='ocr_line' id='line_1_39' title="bbox 700 3829 2259 3918; baseline 0.015 -38"><span class='ocrx_word' id='word_1_302' title='bbox 700 3829 900 3884; x_wconf 87' lang='grc' dir='ltr'>νοῦται.</span> <span class='ocrx_word' id='word_1_303' title='bbox 919 3833 1030 3887; x_wconf 73' lang='grc' dir='ltr'>Καὶ</span> <span class='ocrx_word' id='word_1_304' title='bbox 1051 3834 1143 3888; x_wconf 82' lang='grc' dir='ltr'>τὸν</span> <span class='ocrx_word' id='word_1_305' title='bbox 1173 3836 1357 3918; x_wconf 85' lang='grc' dir='ltr'>δοῦλον</span> <span class='ocrx_word' id='word_1_306' title='bbox 1390 3841 1488 3894; x_wconf 81' lang='grc' dir='ltr'>ίδοι</span> <span class='ocrx_word' id='word_1_307' title='bbox 1506 3861 1588 3907; x_wconf 91' lang='grc' dir='ltr'>τις</span> <span class='ocrx_word' id='word_1_308' title='bbox 1616 3843 1682 3897; x_wconf 79' lang='grc' dir='ltr'>ἂν</span> <span class='ocrx_word' id='word_1_309' title='bbox 1710 3846 1961 3918; x_wconf 81' lang='grc' dir='ltr'>λαμπρὸν</span> <span class='ocrx_word' id='word_1_310' title='bbox 1985 3848 2115 3902; x_wconf 72' lang='grc' dir='ltr'>ὄντα</span> <span class='ocrx_word' id='word_1_311' title='bbox 2136 3851 2259 3904; x_wconf 78' lang='grc' dir='ltr'>καθ’</span> 
     </span>
    </p>
   </div>
   <div class='ocr_carea' id='block_1_40' title="bbox 700 3913 2255 4004">
    <p class='ocr_par' dir='ltr' id='par_1_40' title="bbox 700 3913 2255 4004">
     <span class='ocr_line' id='line_1_40' title="bbox 700 3913 2255 4004; baseline 0.015 -35"><span class='ocrx_word' id='word_1_312' title='bbox 700 3919 918 3985; x_wconf 81' lang='grc' dir='ltr'>ἐαυτὸν,</span> <span class='ocrx_word' id='word_1_313' title='bbox 943 3921 1037 3973; x_wconf 82' lang='grc' dir='ltr'>καί</span> <span class='ocrx_word' id='word_1_314' title='bbox 1064 3922 1156 3976; x_wconf 81' lang='grc' dir='ltr'>τὸν</span> <span class='ocrx_word' id='word_1_315' title='bbox 1188 3913 1390 3997; x_wconf 67' lang='grc' dir='ltr'>πένητα</span> <span class='ocrx_word' id='word_1_316' title='bbox 1420 3929 1673 4000; x_wconf 80' lang='grc' dir='ltr'>λαμπρὸν</span> <span class='ocrx_word' id='word_1_317' title='bbox 1728 3913 2011 3988; x_wconf 35' lang='grc' dir='ltr'>ὅντα-καθ’</span> <span class='ocrx_word' id='word_1_318' title='bbox 2038 3937 2255 4004; x_wconf 75' lang='grc' dir='ltr'>ἐαυτὸν,</span> 
     </span>
    </p>
   </div>
   <div class='ocr_carea' id='block_1_41' title="bbox 705 4008 2253 4096">
    <p class='ocr_par' dir='ltr' id='par_1_41' title="bbox 705 4008 2253 4096">
     <span class='ocr_line' id='line_1_41' title="bbox 705 4008 2253 4096; baseline 0.015 -37"><span class='ocrx_word' id='word_1_319' title='bbox 705 4008 780 4078; x_wconf 82' lang='grc' dir='ltr'>μὴ</span> <span class='ocrx_word' id='word_1_320' title='bbox 828 4009 955 4063; x_wconf 77' lang='grc' dir='ltr'>ὅταν</span> <span class='ocrx_word' id='word_1_321' title='bbox 1004 4012 1144 4081; x_wconf 81' lang='grc' dir='ltr'>μετὰ</span> <span class='ocrx_word' id='word_1_322' title='bbox 1202 4016 1451 4083; x_wconf 84' lang='grc' dir='ltr'>πλουσίου</span> <span class='ocrx_word' id='word_1_323' title='bbox 1485 4019 1674 4094; x_wconf 78' lang='grc' dir='ltr'>βαδίζῃ</span> <span class='ocrx_word' id='word_1_324' title='bbox 1708 4039 1720 4051; x_wconf 87' lang='grc'><strong>·</strong></span> <span class='ocrx_word' id='word_1_325' title='bbox 1747 4024 1808 4077; x_wconf 81' lang='grc' dir='ltr'>τὸ</span> <span class='ocrx_word' id='word_1_326' title='bbox 1842 4023 1951 4096; x_wconf 83' lang='grc' dir='ltr'>γὰρ</span> <span class='ocrx_word' id='word_1_327' title='bbox 1976 4028 2253 4093; x_wconf 84' lang='grc' dir='ltr'>ταπεινὸν,</span> 
     </span>
    </p>
   </div>
   <div class='ocr_carea' id='block_1_42' title="bbox 696 4099 2246 4184">
    <p class='ocr_par' dir='ltr' id='par_1_42' title="bbox 696 4099 2246 4184">
     <span class='ocr_line' id='line_1_42' title="bbox 696 4099 2246 4184; baseline 0.015 -34"><span class='ocrx_word' id='word_1_328' title='bbox 696 4099 825 4152; x_wconf 73' lang='grc' dir='ltr'>ὅταν</span> <span class='ocrx_word' id='word_1_329' title='bbox 857 4102 1024 4169; x_wconf 80' lang='grc' dir='ltr'>ἐγγὺς</span> <span class='ocrx_word' id='word_1_330' title='bbox 1128 4105 1221 4157; x_wconf 90' lang='grc' dir='ltr'>τοῦ</span> <span class='ocrx_word' id='word_1_331' title='bbox 1251 4107 1473 4178; x_wconf 62' lang='grc' dir='ltr'>ὑψηλοῦ,</span> <span class='ocrx_word' id='word_1_332' title='bbox 1503 4112 1621 4165; x_wconf 88' lang='grc' dir='ltr'>τότε</span> <span class='ocrx_word' id='word_1_333' title='bbox 1662 4114 1911 4180; x_wconf 86' lang='grc' dir='ltr'>φαίνεται</span> <span class='ocrx_word' id='word_1_334' title='bbox 1970 4119 2246 4184; x_wconf 83' lang='grc' dir='ltr'>ταπεινὸν,</span> 
     </span>
    </p>
   </div>
   <div class='ocr_carea' id='block_1_43' title="bbox 698 4190 2253 4277">
    <p class='ocr_par' dir='ltr' id='par_1_43' title="bbox 698 4190 2253 4277">
     <span class='ocr_line' id='line_1_43' title="bbox 698 4190 2253 4277; baseline 0.014 -37"><span class='ocrx_word' id='word_1_335' title='bbox 698 4190 792 4242; x_wconf 73' lang='grc' dir='ltr'>καὶ</span> <span class='ocrx_word' id='word_1_336' title='bbox 820 4191 852 4259; x_wconf 88' lang='grc' dir='ltr'>ἡ</span> <span class='ocrx_word' id='word_1_337' title='bbox 876 4193 1179 4263; x_wconf 83' lang='grc' dir='ltr'>παράθεσις</span> <span class='ocrx_word' id='word_1_338' title='bbox 1201 4198 1262 4250; x_wconf 82' lang='grc' dir='ltr'>τὸ</span> <span class='ocrx_word' id='word_1_339' title='bbox 1288 4202 1543 4255; x_wconf 79' lang='grc' dir='ltr'>ταπεινὸν</span> <span class='ocrx_word' id='word_1_340' title='bbox 1558 4206 1945 4277; x_wconf 85' lang='grc' dir='ltr'>ταπεινότερον</span> <span class='ocrx_word' id='word_1_341' title='bbox 1960 4208 2253 4275; x_wconf 85' lang='grc' dir='ltr'>δείκνυσιν,</span> 
     </span>
    </p>
   </div>
   <div class='ocr_carea' id='block_1_44' title="bbox 697 4280 2256 4369">
    <p class='ocr_par' dir='ltr' id='par_1_44' title="bbox 697 4280 2256 4369">
     <span class='ocr_line' id='line_1_44' title="bbox 697 4280 2256 4369; baseline 0.015 -37"><span class='ocrx_word' id='word_1_342' title='bbox 697 4280 795 4350; x_wconf 78' lang='grc' dir='ltr'>οὐχ</span> <span class='ocrx_word' id='word_1_343' title='bbox 825 4282 1171 4355; x_wconf 78' lang='grc' dir='ltr'>ὑψηλότερον.</span> <span class='ocrx_word' id='word_1_344' title='bbox 1214 4288 1371 4343; x_wconf 86' lang='grc' dir='ltr'>Οῦτω</span> <span class='ocrx_word' id='word_1_345' title='bbox 1389 4292 1484 4343; x_wconf 76' lang='grc' dir='ltr'>καὶ</span> <span class='ocrx_word' id='word_1_346' title='bbox 1515 4295 1660 4363; x_wconf 80' lang='grc' dir='ltr'>ὑμᾶς</span> <span class='ocrx_word' id='word_1_347' title='bbox 1684 4296 2091 4369; x_wconf 82' lang='grc' dir='ltr'>εὐτελεστέρους</span> <span class='ocrx_word' id='word_1_348' title='bbox 2106 4300 2256 4355; x_wconf 85' lang='grc' dir='ltr'>δείκ-</span> 
     </span>
    </p>
   </div>
   <div class='ocr_carea' id='block_1_45' title="bbox 697 4372 2245 4462">
    <p class='ocr_par' dir='ltr' id='par_1_45' title="bbox 697 4372 2245 4462">
     <span class='ocr_line' id='line_1_45' title="bbox 697 4372 2245 4462; baseline 0.016 -37"><span class='ocrx_word' id='word_1_349' title='bbox 697 4387 817 4462; x_wconf 74' lang='grc' dir='ltr'>ννσι</span> <span class='ocrx_word' id='word_1_350' title='bbox 849 4372 911 4424; x_wconf 82' lang='grc' dir='ltr'>τὸ</span> <span class='ocrx_word' id='word_1_351' title='bbox 943 4374 1063 4462; x_wconf 46' lang='grc' dir='ltr'>μετέ</span> <span class='ocrx_word' id='word_1_352' title='bbox 1084 4376 1310 4432; x_wconf 82' lang='grc' dir='ltr'>ἐκείνων</span> <span class='ocrx_word' id='word_1_353' title='bbox 1364 4382 1701 4449; x_wconf 84' lang='grc' dir='ltr'>ἀνακεῖσθαι,</span> <span class='ocrx_word' id='word_1_354' title='bbox 1752 4386 1867 4441; x_wconf 79' lang='grc' dir='ltr'>ἀλλ’</span> <span class='ocrx_word' id='word_1_355' title='bbox 1914 4390 2010 4461; x_wconf 88' lang='grc' dir='ltr'>ούχ</span> <span class='ocrx_word' id='word_1_356' title='bbox 2068 4394 2245 4462; x_wconf 76' lang='grc' dir='ltr'>ἡμᾶς.</span> 
     </span>
    </p>
   </div>
   <div class='ocr_carea' id='block_1_46' title="bbox 698 4461 2255 4552">
    <p class='ocr_par' dir='ltr' id='par_1_46' title="bbox 698 4461 2255 4552">
     <span class='ocr_line' id='line_1_46' title="bbox 698 4461 2255 4552; baseline 0.016 -39"><span class='ocrx_word' id='word_1_357' title='bbox 698 4461 799 4515; x_wconf 76' lang='grc' dir='ltr'>Δύο</span> <span class='ocrx_word' id='word_1_358' title='bbox 857 4464 956 4533; x_wconf 82' lang='grc' dir='ltr'>μὲν</span> <span class='ocrx_word' id='word_1_359' title='bbox 1006 4461 1102 4520; x_wconf 86' lang='grc' dir='ltr'>οῦν</span> <span class='ocrx_word' id='word_1_360' title='bbox 1150 4469 1360 4533; x_wconf 82' lang='grc' dir='ltr'>τούτοις</span> <span class='ocrx_word' id='word_1_361' title='bbox 1385 4473 1832 4549; x_wconf 84' lang='grc' dir='ltr'>πλεονεκτοῦμεν,</span> <span class='ocrx_word' id='word_1_362' title='bbox 1881 4484 1946 4552; x_wconf 79' lang='grc' dir='ltr'>τῇ</span> <span class='ocrx_word' id='word_1_363' title='bbox 1973 4499 2061 4535; x_wconf 88' lang='grc' dir='ltr'>-τε</span> <span class='ocrx_word' id='word_1_364' title='bbox 2089 4461 2255 4537; x_wconf 79' lang='grc' dir='ltr'>ἐλευ-</span> 
     </span>
    </p>
   </div>
   <div class='ocr_carea' id='block_1_47' title="bbox 697 4553 2257 4645">
    <p class='ocr_par' dir='ltr' id='par_1_47' title="bbox 697 4553 2257 4645">
     <span class='ocr_line' id='line_1_47' title="bbox 697 4553 2257 4645; baseline 0.016 -40"><span class='ocrx_word' id='word_1_365' title='bbox 697 4553 873 4625; x_wconf 79' lang='grc' dir='ltr'>θερίᾳ,</span> <span class='ocrx_word' id='word_1_366' title='bbox 933 4557 1027 4611; x_wconf 77' lang='grc' dir='ltr'>καί</span> <span class='ocrx_word' id='word_1_367' title='bbox 1076 4561 1141 4629; x_wconf 78' lang='grc' dir='ltr'>τῇ</span> <span class='ocrx_word' id='word_1_368' title='bbox 1172 4564 1326 4633; x_wconf 82' lang='grc' dir='ltr'>τιμῇ,</span> <span class='ocrx_word' id='word_1_369' title='bbox 1351 4556 1426 4616; x_wconf 84' lang='grc' dir='ltr'>ὧν</span> <span class='ocrx_word' id='word_1_370' title='bbox 1462 4566 1615 4619; x_wconf 79' lang='grc' dir='ltr'>οὐδὲν</span> <span class='ocrx_word' id='word_1_371' title='bbox 1668 4570 1783 4624; x_wconf 85' lang='grc' dir='ltr'>ίσον</span> <span class='ocrx_word' id='word_1_372' title='bbox 1831 4572 1913 4634; x_wconf 87' lang='grc' dir='ltr'>εἰς</span> <span class='ocrx_word' id='word_1_373' title='bbox 1954 4574 2148 4645; x_wconf 79' lang='grc' dir='ltr'>ἡδονῆς</span> <span class='ocrx_word' id='word_1_374' title='bbox 2175 4576 2257 4630; x_wconf 87' lang='grc' dir='ltr'>λό-</span> 
     </span>
    </p>
   </div>
   <div class='ocr_carea' id='block_1_48' title="bbox 697 4645 2253 4734">
    <p class='ocr_par' dir='ltr' id='par_1_48' title="bbox 697 4645 2253 4734">
     <span class='ocr_line' id='line_1_48' title="bbox 697 4645 2253 4734; baseline 0.017 -40"><span class='ocrx_word' id='word_1_375' title='bbox 697 4661 791 4709; x_wconf 82' lang='grc' dir='ltr'>γον</span> <span class='ocrx_word' id='word_1_376' title='bbox 823 4645 961 4700; x_wconf 83' lang='grc' dir='ltr'>ἐστί.</span> <span class='ocrx_word' id='word_1_377' title='bbox 998 4647 1341 4721; x_wconf 88' lang='grc' dir='ltr'>Βουλὴσομαι</span> <span class='ocrx_word' id='word_1_378' title='bbox 1379 4654 1487 4725; x_wconf 94' lang='lat'>7&amp;9</span> <span class='ocrx_word' id='word_1_379' title='bbox 1524 4656 1589 4710; x_wconf 79' lang='grc' dir='ltr'>ἂν</span> <span class='ocrx_word' id='word_1_380' title='bbox 1620 4657 1795 4727; x_wconf 79' lang='grc' dir='ltr'>ἔγωγε</span> <span class='ocrx_word' id='word_1_381' title='bbox 1822 4661 1989 4731; x_wconf 82' lang='grc' dir='ltr'>ἀρτου</span> <span class='ocrx_word' id='word_1_382' title='bbox 2016 4666 2253 4734; x_wconf 88' lang='grc' dir='ltr'>μεταλα-</span> 
     </span>
    </p>
   </div>
   <div class='ocr_carea' id='block_1_49' title="bbox 696 4735 2254 4827">
    <p class='ocr_par' dir='ltr' id='par_1_49' title="bbox 696 4735 2254 4827">
     <span class='ocr_line' id='line_1_49' title="bbox 696 4735 2254 4827; baseline 0.017 -43"><span class='ocrx_word' id='word_1_383' title='bbox 696 4735 810 4827; x_wconf 69' lang='grc' dir='ltr'>δεῖν</span> <span class='ocrx_word' id='word_1_384' title='bbox 858 4735 985 4827; x_wconf 83' lang='grc' dir='ltr'>μετ’</span> <span class='ocrx_word' id='word_1_385' title='bbox 1026 4737 1358 4809; x_wconf 86' lang='grc' dir='ltr'>ἐλευθερίας,</span> <span class='ocrx_word' id='word_1_386' title='bbox 1404 4743 1438 4813; x_wconf 82' lang='grc' dir='ltr'>ἡ</span> <span class='ocrx_word' id='word_1_387' title='bbox 1491 4748 1700 4816; x_wconf 87' lang='grc' dir='ltr'>μυρίων</span> <span class='ocrx_word' id='word_1_388' title='bbox 1745 4750 2056 4821; x_wconf 71' lang='grc' dir='ltr'>ἐδεσμάτων</span> <span class='ocrx_word' id='word_1_389' title='bbox 2113 4758 2254 4827; x_wconf 89' lang='grc' dir='ltr'>μετά</span> 
     </span>
    </p>
   </div>
   <div class='ocr_carea' id='block_1_50' title="bbox 694 4823 2251 4914">
    <p class='ocr_par' dir='ltr' id='par_1_50' title="bbox 694 4823 2251 4914">
     <span class='ocr_line' id='line_1_50' title="bbox 694 4823 2251 4914; baseline 0.018 -39"><span class='ocrx_word' id='word_1_390' title='bbox 694 4823 954 4888; x_wconf 80' lang='grc' dir='ltr'>δουλείας.</span> <span class='ocrx_word' id='word_1_391' title='bbox 980 4827 1273 4895; x_wconf 73' lang='grc' dir='ltr'>Κρεῖσσον</span> <span class='ocrx_word' id='word_1_392' title='bbox 1307 4834 1437 4903; x_wconf 83' lang='grc' dir='ltr'>γὰρ,</span> <span class='ocrx_word' id='word_1_393' title='bbox 1471 4838 1624 4904; x_wconf 82' lang='grc' dir='ltr'>φησὶ,</span> <span class='ocrx_word' id='word_1_394' title='bbox 1660 4837 1943 4909; x_wconf 77' lang='grc' dir='ltr'>ξενισμὸς</span> <span class='ocrx_word' id='word_1_395' title='bbox 1967 4823 2251 4914; x_wconf 72' lang='grc' dir='ltr'>λαχάνων</span> 
     </span>
    </p>
   </div>
   <div class='ocr_carea' id='block_1_51' title="bbox 694 4915 2251 5007">
    <p class='ocr_par' dir='ltr' id='par_1_51' title="bbox 694 4915 2251 5007">
     <span class='ocr_line' id='line_1_51' title="bbox 694 4915 2251 5007; baseline 0.017 -41"><span class='ocrx_word' id='word_1_396' title='bbox 694 4915 843 5007; x_wconf 57' lang='grc' dir='ltr'>πρός</span> <span class='ocrx_word' id='word_1_397' title='bbox 879 4918 1089 4984; x_wconf 73' lang='grc' dir='ltr'>φιλίαν</span> <span class='ocrx_word' id='word_1_398' title='bbox 1107 4920 1207 4973; x_wconf 81' lang='grc' dir='ltr'>καί</span> <span class='ocrx_word' id='word_1_399' title='bbox 1233 4920 1429 4991; x_wconf 81' lang='grc' dir='ltr'>χάριν,</span> <span class='ocrx_word' id='word_1_400' title='bbox 1461 4925 1499 4992; x_wconf 78' lang='grc' dir='ltr'><strong><em>ἦ</em></strong></span> <span class='ocrx_word' id='word_1_401' title='bbox 1530 4926 1700 4993; x_wconf 83' lang='grc' dir='ltr'>’,βοῦς</span> <span class='ocrx_word' id='word_1_402' title='bbox 1727 4930 1845 4985; x_wconf 81' lang='grc' dir='ltr'>ἀπὸ</span> <span class='ocrx_word' id='word_1_403' title='bbox 1877 4933 2110 5003; x_wconf 76' lang='grc' dir='ltr'>φάτνης</span> <span class='ocrx_word' id='word_1_404' title='bbox 2123 4941 2251 5007; x_wconf 79' lang='grc' dir='ltr'>μετ’</span> 
     </span>
    </p>
   </div>
   <div class='ocr_carea' id='block_1_52' title="bbox 692 5003 2253 5097">
    <p class='ocr_par' dir='ltr' id='par_1_52' title="bbox 692 5003 2253 5097">
     <span class='ocr_line' id='line_1_52' title="bbox 692 5003 2253 5097; baseline 0.035 -59"><span class='ocrx_word' id='word_1_405' title='bbox 692 5003 928 5097; x_wconf 58' lang='grc' dir='ltr'>ἔχθρας,</span> <span class='ocrx_word' id='word_1_406' title='bbox 962 5007 1025 5060; x_wconf 83' lang='grc' dir='ltr'><strong>Ὀ</strong></span> <span class='ocrx_word' id='word_1_407' title='bbox 1063 5008 1170 5081; x_wconf 87' lang='lat'>7&amp;9</span> <span class='ocrx_word' id='word_1_408' title='bbox 1198 5010 1263 5064; x_wconf 86' lang='grc' dir='ltr'>ἀν</span> <span class='ocrx_word' id='word_1_409' title='bbox 1296 5011 1521 5068; x_wconf 84' lang='grc' dir='ltr'>είπωσιν</span> <span class='ocrx_word' id='word_1_410' title='bbox 1578 5017 1813 5085; x_wconf 85' lang='grc' dir='ltr'>ἐκεῖνοι,</span> <span class='ocrx_word' id='word_1_411' title='bbox 1853 5024 2095 5097; x_wconf 80' lang='grc' dir='ltr'>ἀνάγκη·</span> <span class='ocrx_word' id='word_1_412' title='bbox 2124 5003 2253 5094; x_wconf 65' lang='grc' dir='ltr'>τοῦς</span> 
     </span>
    </p>
   </div>
   <div class='ocr_carea' id='block_1_53' title="bbox 697 5095 2251 5190">
    <p class='ocr_par' dir='ltr' id='par_1_53' title="bbox 697 5095 2251 5190">
     <span class='ocr_line' id='line_1_53' title="bbox 697 5095 2251 5190; baseline 0.02 -46"><span class='ocrx_word' id='word_1_413' title='bbox 697 5095 968 5190; x_wconf 78' lang='grc' dir='ltr'>παρόντας</span> <span class='ocrx_word' id='word_1_414' title='bbox 1001 5098 1264 5190; x_wconf 84' lang='grc' dir='ltr'>ἐπαινεῖν,</span> <span class='ocrx_word' id='word_1_415' title='bbox 1294 5104 1327 5175; x_wconf 77' lang='grc' dir='ltr'>ἢ</span> <span class='ocrx_word' id='word_1_416' title='bbox 1357 5104 1506 5176; x_wconf 74' lang='lat'>[529]</span> <span class='ocrx_word' id='word_1_417' title='bbox 1534 5112 1911 5182; x_wconf 85' lang='grc' dir='ltr'>προσκρούειν,</span> <span class='ocrx_word' id='word_1_418' title='bbox 1933 5095 2251 5190; x_wconf 81' lang='grc' dir='ltr'>παρασίτων</span> 
     </span>
    </p>
   </div>
   <div class='ocr_carea' id='block_1_54' title="bbox 693 5185 2247 5281">
    <p class='ocr_par' dir='ltr' id='par_1_54' title="bbox 693 5185 2247 5281">
     <span class='ocr_line' id='line_1_54' title="bbox 693 5185 2247 5281; baseline 0.019 -46"><span class='ocrx_word' id='word_1_419' title='bbox 693 5185 844 5281; x_wconf 68' lang='grc' dir='ltr'>τάξιν</span> <span class='ocrx_word' id='word_1_420' title='bbox 891 5187 1371 5281; x_wconf 45' lang='grc' dir='ltr'>ἒθαδεδεγμένους,</span> <span class='ocrx_word' id='word_1_421' title='bbox 1427 5198 1626 5267; x_wconf 77' lang='grc' dir='ltr'>μᾶλλον</span> <span class='ocrx_word' id='word_1_422' title='bbox 1657 5202 1714 5255; x_wconf 82' lang='grc' dir='ltr'>δὲ</span> <span class='ocrx_word' id='word_1_423' title='bbox 1758 5206 1982 5262; x_wconf 75' lang='grc' dir='ltr'>ἐκείνων</span> <span class='ocrx_word' id='word_1_424' title='bbox 2013 5185 2247 5281; x_wconf 67' lang='grc' dir='ltr'>⁷χείρους</span> 
     </span>
    </p>
   </div>
   <div class='ocr_carea' id='block_1_55' title="bbox 694 5272 2248 5367">
    <p class='ocr_par' dir='ltr' id='par_1_55' title="bbox 694 5272 2248 5367">
     <span class='ocr_line' id='line_1_55' title="bbox 694 5272 2248 5367; baseline 0.021 -44"><span class='ocrx_word' id='word_1_425' title='bbox 905 5277 1030 5367; x_wconf 59' lang='grc' dir='ltr'>’ίόῖς</span> <span class='ocrx_word' id='word_1_426' title='bbox 1074 5279 1175 5348; x_wconf 83' lang='grc' dir='ltr'>μὲν</span> <span class='ocrx_word' id='word_1_427' title='bbox 1210 5282 1318 5351; x_wconf 85' lang='lat'>7&amp;9</span> <span class='ocrx_word' id='word_1_428' title='bbox 1357 5287 1405 5337; x_wconf 90' lang='grc' dir='ltr'>εἰ</span> <span class='ocrx_word' id='word_1_429' title='bbox 1454 5288 1545 5341; x_wconf 76' lang='grc' dir='ltr'>καί</span> <span class='ocrx_word' id='word_1_430' title='bbox 1581 5292 1696 5360; x_wconf 82' lang='grc' dir='ltr'>μετ’</span> <span class='ocrx_word' id='word_1_431' title='bbox 1726 5294 1985 5367; x_wconf 78' lang='grc' dir='ltr'>αἰσχύνης</span> <span class='ocrx_word' id='word_1_432' title='bbox 2156 5272 2248 5353; x_wconf 80' lang='grc' dir='ltr'>τοῦ</span> 
     </span>
    </p>
   </div>
   <div class='ocr_carea' id='block_1_56' title="bbox 692 5362 2249 5457">
    <p class='ocr_par' dir='ltr' id='par_1_56' title="bbox 692 5362 2249 5457">
     <span class='ocr_line' id='line_1_56' title="bbox 692 5362 2249 5457; baseline 0.021 -44"><span class='ocrx_word' id='word_1_433' title='bbox 692 5362 1039 5457; x_wconf 76' lang='grc' dir='ltr'>ὑϐρίζεσθαι,</span> <span class='ocrx_word' id='word_1_434' title='bbox 1054 5369 1204 5438; x_wconf 84' lang='grc' dir='ltr'>ὅμως</span> <span class='ocrx_word' id='word_1_435' title='bbox 1241 5373 1459 5442; x_wconf 84' lang='grc' dir='ltr'>μέτεστι</span> <span class='ocrx_word' id='word_1_436' title='bbox 1488 5381 1791 5451; x_wconf 77' lang='grc' dir='ltr'>παρρησίας</span> <span class='ocrx_word' id='word_1_437' title='bbox 1820 5362 1850 5416; x_wconf 23' lang='grc' dir='ltr'>λ*</span> <span class='ocrx_word' id='word_1_438' title='bbox 1870 5362 1998 5457; x_wconf 72' lang='grc' dir='ltr'>ὑμῖν</span> <span class='ocrx_word' id='word_1_439' title='bbox 2043 5389 2101 5443; x_wconf 75' lang='grc' dir='ltr'>δέ</span> <span class='ocrx_word' id='word_1_440' title='bbox 2129 5390 2249 5444; x_wconf 77' lang='grc' dir='ltr'>οὑδὲ</span> 
     </span>
    </p>
   </div>
   <div class='ocr_carea' id='block_1_57' title="bbox 690 5450 2249 5554">
    <p class='ocr_par' dir='ltr' id='par_1_57' title="bbox 690 5450 2249 5554">
     <span class='ocr_line' id='line_1_57' title="bbox 690 5450 2249 5554; baseline 0.021 -52"><span class='ocrx_word' id='word_1_441' title='bbox 690 5450 899 5554; x_wconf 75' lang='grc' dir='ltr'>τούτου.</span> <span class='ocrx_word' id='word_1_442' title='bbox 937 5454 1078 5554; x_wconf 80' lang='grc' dir='ltr'>Ἀλλ’</span> <span class='ocrx_word' id='word_1_443' title='bbox 1104 5461 1138 5529; x_wconf 91' lang='grc' dir='ltr'>ἡ</span> <span class='ocrx_word' id='word_1_444' title='bbox 1168 5461 1267 5529; x_wconf 83' lang='grc' dir='ltr'>μέν</span> <span class='ocrx_word' id='word_1_445' title='bbox 1287 5464 1533 5554; x_wconf 80' lang='grc' dir='ltr'>εὐτέλεια</span> <span class='ocrx_word' id='word_1_446' title='bbox 1554 5473 1787 5546; x_wconf 86' lang='grc' dir='ltr'>τοσαύτη</span> <span class='ocrx_word' id='word_1_447' title='bbox 1815 5491 1829 5506; x_wconf 91' lang='grc'><strong>·</strong></span> <span class='ocrx_word' id='word_1_448' title='bbox 1850 5450 2123 5534; x_wconf 79' lang='grc' dir='ltr'>δεδοίκατε</span> <span class='ocrx_word' id='word_1_449' title='bbox 2140 5481 2249 5554; x_wconf 81' lang='lat'>7&amp;9</span> 
     </span>
    </p>
   </div>
   <div class='ocr_carea' id='block_1_58' title="bbox 693 5540 2246 5643">
    <p class='ocr_par' dir='ltr' id='par_1_58' title="bbox 693 5540 2246 5643">
     <span class='ocr_line' id='line_1_58' title="bbox 693 5540 2246 5643; baseline 0.024 -53"><span class='ocrx_word' id='word_1_450' title='bbox 693 5540 788 5643; x_wconf 71' lang='grc' dir='ltr'>καὶ</span> <span class='ocrx_word' id='word_1_451' title='bbox 826 5549 1204 5643; x_wconf 30' lang='grc' dir='ltr'>κμβτεπτὴχατε</span> <span class='ocrx_word' id='word_1_452' title='bbox 1235 5554 1320 5643; x_wconf 27' lang='grc' dir='ltr'>’-ἡ</span> <span class='ocrx_word' id='word_1_453' title='bbox 1352 5553 1408 5607; x_wconf 74' lang='grc' dir='ltr'>δέ</span> <span class='ocrx_word' id='word_1_454' title='bbox 1435 5557 1569 5629; x_wconf 81' lang='grc' dir='ltr'>τιμὴ</span> <span class='ocrx_word' id='word_1_455' title='bbox 1596 5540 1801 5619; x_wconf 29' lang='grc' dir='ltr'>οὐκέτι..</span> <span class='ocrx_word' id='word_1_456' title='bbox 1835 5540 2246 5643; x_wconf 80' lang='grc' dir='ltr'>Οὐκοῦν</span> 
     </span>
    </p>
   </div>
   <div class='ocr_carea' id='block_1_59' title="bbox 693 5629 2248 5731">
    <p class='ocr_par' dir='ltr' id='par_1_59' title="bbox 693 5629 2248 5731">
     <span class='ocr_line' id='line_1_59' title="bbox 693 5629 2248 5731; baseline 0.024 -51"><span class='ocrx_word' id='word_1_457' title='bbox 693 5629 1039 5731; x_wconf 35' lang='grc' dir='ltr'>μέν’-ἡδονῆς</span> <span class='ocrx_word' id='word_1_458' title='bbox 1065 5637 1432 5731; x_wconf 69' lang='grc' dir='ltr'>ἀπεστέρηται</span> <span class='ocrx_word' id='word_1_459' title='bbox 1469 5650 1502 5720; x_wconf 88' lang='grc' dir='ltr'>ἡ</span> <span class='ocrx_word' id='word_1_460' title='bbox 1540 5652 1782 5720; x_wconf 75' lang='grc' dir='ltr'>τράπεζα</span> <span class='ocrx_word' id='word_1_461' title='bbox 1817 5656 1994 5726; x_wconf 82' lang='grc' dir='ltr'>ἐκείνη</span> <span class='ocrx_word' id='word_1_462' title='bbox 2016 5700 2029 5725; x_wconf 93' lang='grc'>,</span> <span class='ocrx_word' id='word_1_463' title='bbox 2069 5629 2248 5731; x_wconf 59' lang='grc' dir='ltr'>πάσέξ</span> 
     </span>
    </p>
   </div>
   <div class='ocr_carea' id='block_1_60' title="bbox 692 5718 1413 5803">
    <p class='ocr_par' dir='ltr' id='par_1_60' title="bbox 692 5718 1413 5803">
     <span class='ocr_line' id='line_1_60' title="bbox 692 5718 1413 5803; baseline 0.026 -34"><span class='ocrx_word' id='word_1_464' title='bbox 692 5718 744 5769; x_wconf 78' lang='grc' dir='ltr'>δὲ</span> <span class='ocrx_word' id='word_1_465' title='bbox 772 5718 908 5791; x_wconf 81' lang='grc' dir='ltr'>αὕτη</span> <span class='ocrx_word' id='word_1_466' title='bbox 940 5725 1091 5794; x_wconf 76' lang='grc' dir='ltr'>γέμει</span> <span class='ocrx_word' id='word_1_467' title='bbox 1131 5729 1413 5803; x_wconf 74' lang='grc' dir='ltr'>θυμηδίας.</span> 
     </span>
    </p>
   </div>
   <div class='ocr_carea' id='block_1_61' title="bbox 1447 378 2262 450">
    <p class='ocr_par' dir='ltr' id='par_1_61' title="bbox 1447 378 2262 439">
     <span class='ocr_line' id='line_1_61' title="bbox 1447 378 2262 439; baseline 0.004 -3"><span class='ocrx_word' id='word_1_468' title='bbox 1447 378 1506 437; x_wconf 86' lang='lat' dir='ltr'>S.</span> <span class='ocrx_word' id='word_1_469' title='bbox 1542 380 1825 438; x_wconf 73' lang='lat' dir='ltr'>JOANNIS</span> <span class='ocrx_word' id='word_1_470' title='bbox 1862 379 2262 439; x_wconf 72' lang='lat' dir='ltr'>CHRYSOS‘I&#39;C</span> 
     </span>
    </p>
   </div>
   <div class='ocr_carea' id='block_1_62' title="bbox 2362 378 3317 450">
    <p class='ocr_par' dir='ltr' id='par_1_62' title="bbox 2396 381 3317 450">
     <span class='ocr_line' id='line_1_62' title="bbox 2396 381 3317 450; baseline 0.011 -10"><span class='ocrx_word' id='word_1_471' title='bbox 2396 381 2715 445; x_wconf 78' lang='lat' dir='ltr'>ARCIIIEP.</span> <span class='ocrx_word' id='word_1_472' title='bbox 2756 388 3317 450; x_wconf 81' lang='lat' dir='ltr'>CONSTANTINOP.</span> 
     </span>
    </p>
   </div>
   <div class='ocr_carea' id='block_1_63' title="bbox 3851 393 3950 450">
    <p class='ocr_par' dir='ltr' id='par_1_63' title="bbox 3851 393 3950 450">
     <span class='ocr_line' id='line_1_63' title="bbox 3851 393 3950 450; baseline 0 0"><span class='ocrx_word' id='word_1_473' title='bbox 3851 393 3950 450; x_wconf 76' lang='lat'>306</span> 
     </span>
    </p>
   </div>
   <div class='ocr_carea' id='block_1_64' title="bbox 2456 508 3949 582">
    <p class='ocr_par' dir='ltr' id='par_1_64' title="bbox 2456 508 3949 582">
     <span class='ocr_line' id='line_1_64' title="bbox 2456 508 3949 582; baseline 0.002 -22"><span class='ocrx_word' id='word_1_474' title='bbox 2456 513 2517 561; x_wconf 83' lang='grc' dir='ltr'>ε’.</span> <span class='ocrx_word' id='word_1_475' title='bbox 2560 508 2716 563; x_wconf 81' lang='grc' dir='ltr'>’Λλλά</span> <span class='ocrx_word' id='word_1_476' title='bbox 2744 510 2838 563; x_wconf 78' lang='grc' dir='ltr'>καὶ</span> <span class='ocrx_word' id='word_1_477' title='bbox 2866 510 3047 564; x_wconf 85' lang='grc' dir='ltr'>αὑτων</span> <span class='ocrx_word' id='word_1_478' title='bbox 3072 511 3180 565; x_wconf 80' lang='grc' dir='ltr'>τῶν</span> <span class='ocrx_word' id='word_1_479' title='bbox 3202 511 3509 582; x_wconf 70' lang='grc' dir='ltr'>ἐδεσμάτων</span> <span class='ocrx_word' id='word_1_480' title='bbox 3538 510 3637 581; x_wconf 80' lang='grc' dir='ltr'>τὴν</span> <span class='ocrx_word' id='word_1_481' title='bbox 3656 508 3817 578; x_wconf 78' lang='grc' dir='ltr'>φύσιν</span> <span class='ocrx_word' id='word_1_482' title='bbox 3839 510 3949 575; x_wconf 77' lang='grc' dir='ltr'>ἐξε-</span> 
     </span>
    </p>
   </div>
   <div class='ocr_carea' id='block_1_65' title="bbox 2386 599 3949 672">
    <p class='ocr_par' dir='ltr' id='par_1_65' title="bbox 2386 599 3949 672">
     <span class='ocr_line' id='line_1_65' title="bbox 2386 599 3949 672; baseline 0.001 -21"><span class='ocrx_word' id='word_1_483' title='bbox 2386 600 2660 669; x_wconf 87' lang='grc' dir='ltr'>τάσωμεν.</span> <span class='ocrx_word' id='word_1_484' title='bbox 2706 601 2854 654; x_wconf 75' lang='grc' dir='ltr'>Ἐκεῖ</span> <span class='ocrx_word' id='word_1_485' title='bbox 2885 601 2983 668; x_wconf 81' lang='grc' dir='ltr'>μὲν</span> <span class='ocrx_word' id='word_1_486' title='bbox 3014 602 3124 671; x_wconf 77' lang='grc' dir='ltr'>γάρ</span> <span class='ocrx_word' id='word_1_487' title='bbox 3169 602 3385 672; x_wconf 83' lang='grc' dir='ltr'>ἀνάγκη</span> <span class='ocrx_word' id='word_1_488' title='bbox 3416 600 3511 655; x_wconf 74' lang='grc' dir='ltr'>καὶ</span> <span class='ocrx_word' id='word_1_489' title='bbox 3540 600 3615 672; x_wconf 73' lang='grc' dir='ltr'><strong>μὴ</strong></span> <span class='ocrx_word' id='word_1_490' title='bbox 3645 599 3949 670; x_wconf 76' lang='grc' dir='ltr'>βουλομένῳ</span> 
     </span>
    </p>
   </div>
   <div class='ocr_carea' id='block_1_66' title="bbox 2383 688 3947 763">
    <p class='ocr_par' dir='ltr' id='par_1_66' title="bbox 2383 688 3947 763">
     <span class='ocr_line' id='line_1_66' title="bbox 2383 688 3947 763; baseline -0.002 -20"><span class='ocrx_word' id='word_1_491' title='bbox 2383 691 2810 761; x_wconf 80' lang='grc' dir='ltr'>διαρῤἡγνυσθαι</span> <span class='ocrx_word' id='word_1_492' title='bbox 2852 691 2928 762; x_wconf 81' lang='grc' dir='ltr'>τῷ</span> <span class='ocrx_word' id='word_1_493' title='bbox 2969 691 3148 763; x_wconf 85' lang='grc' dir='ltr'>πολλῷ</span> <span class='ocrx_word' id='word_1_494' title='bbox 3187 693 3337 762; x_wconf 71' lang='grc' dir='ltr'>οῐνιρ,</span> <span class='ocrx_word' id='word_1_495' title='bbox 3371 690 3603 746; x_wconf 88' lang='grc' dir='ltr'>ἐνταῦθα</span> <span class='ocrx_word' id='word_1_496' title='bbox 3634 690 3692 743; x_wconf 81' lang='grc' dir='ltr'>δέ</span> <span class='ocrx_word' id='word_1_497' title='bbox 3724 690 3827 744; x_wconf 81' lang='grc' dir='ltr'>οὐκ</span> <span class='ocrx_word' id='word_1_498' title='bbox 3871 688 3947 742; x_wconf 76' lang='grc' dir='ltr'>ενι</span> 
     </span>
    </p>
   </div>
   <div class='ocr_carea' id='block_1_67' title="bbox 2387 779 3949 852">
    <p class='ocr_par' dir='ltr' id='par_1_67' title="bbox 2387 779 3949 852">
     <span class='ocr_line' id='line_1_67' title="bbox 2387 779 3949 852; baseline -0.001 -19"><span class='ocrx_word' id='word_1_499' title='bbox 2387 783 2461 851; x_wconf 80' lang='grc' dir='ltr'>μὴ</span> <span class='ocrx_word' id='word_1_500' title='bbox 2491 780 2812 852; x_wconf 89' lang='grc' dir='ltr'>βουλόμενον</span> <span class='ocrx_word' id='word_1_501' title='bbox 2856 782 3056 837; x_wconf 86' lang='grc' dir='ltr'>ἐσθίειν</span> <span class='ocrx_word' id='word_1_502' title='bbox 3098 781 3192 836; x_wconf 77' lang='grc' dir='ltr'>καί</span> <span class='ocrx_word' id='word_1_503' title='bbox 3223 782 3417 837; x_wconf 82' lang='grc' dir='ltr'>πίνειν.</span> <span class='ocrx_word' id='word_1_504' title='bbox 3473 782 3638 834; x_wconf 81' lang='grc' dir='ltr'>Ὥστε</span> <span class='ocrx_word' id='word_1_505' title='bbox 3680 781 3799 834; x_wconf 85' lang='grc' dir='ltr'>ἐκεῖ</span> <span class='ocrx_word' id='word_1_506' title='bbox 3854 779 3949 849; x_wconf 69' lang='grc' dir='ltr'>μὲν</span> 
     </span>
    </p>
   </div>
   <div class='ocr_carea' id='block_1_68' title="bbox 2382 868 3946 943">
    <p class='ocr_par' dir='ltr' id='par_1_68' title="bbox 2382 868 3946 943">
     <span class='ocr_line' id='line_1_68' title="bbox 2382 868 3946 943; baseline -0.002 -18"><span class='ocrx_word' id='word_1_507' title='bbox 2382 871 2480 943; x_wconf 80' lang='grc' dir='ltr'>τὴν</span> <span class='ocrx_word' id='word_1_508' title='bbox 2507 874 2569 926; x_wconf 80' lang='grc' dir='ltr'>ἐκ</span> <span class='ocrx_word' id='word_1_509' title='bbox 2596 872 2694 941; x_wconf 87' lang='grc' dir='ltr'>τῆς</span> <span class='ocrx_word' id='word_1_510' title='bbox 2727 873 2834 926; x_wconf 85' lang='grc' dir='ltr'>τῶν</span> <span class='ocrx_word' id='word_1_511' title='bbox 2875 868 3057 926; x_wconf 87' lang='grc' dir='ltr'>σιτίων</span> <span class='ocrx_word' id='word_1_512' title='bbox 3088 873 3375 940; x_wconf 88' lang='grc' dir='ltr'>ποιότητος</span> <span class='ocrx_word' id='word_1_513' title='bbox 3403 869 3598 941; x_wconf 73' lang='grc' dir='ltr'>ἡδονὴν</span> <span class='ocrx_word' id='word_1_514' title='bbox 3628 870 3663 940; x_wconf 81' lang='grc' dir='ltr'>ἡ</span> <span class='ocrx_word' id='word_1_515' title='bbox 3707 887 3768 923; x_wconf 85' lang='grc' dir='ltr'>τε</span> <span class='ocrx_word' id='word_1_516' title='bbox 3814 885 3946 940; x_wconf 85' lang='grc' dir='ltr'>προ-</span> 
     </span>
    </p>
   </div>
   <div class='ocr_carea' id='block_1_69' title="bbox 2380 960 3947 1035">
    <p class='ocr_par' dir='ltr' id='par_1_69' title="bbox 2380 960 3947 1035">
     <span class='ocr_line' id='line_1_69' title="bbox 2380 960 3947 1035; baseline -0.002 -20"><span class='ocrx_word' id='word_1_517' title='bbox 2380 961 2617 1020; x_wconf 75' lang='grc' dir='ltr'>λαϐοῦσα</span> <span class='ocrx_word' id='word_1_518' title='bbox 2642 963 2838 1033; x_wconf 88' lang='grc' dir='ltr'>ἀτιμία</span> <span class='ocrx_word' id='word_1_519' title='bbox 2869 964 3199 1035; x_wconf 82' lang='grc' dir='ltr'>ἀφαιρεῖται,</span> <span class='ocrx_word' id='word_1_520' title='bbox 3226 962 3320 1015; x_wconf 74' lang='grc' dir='ltr'>καὶ</span> <span class='ocrx_word' id='word_1_521' title='bbox 3346 964 3379 1033; x_wconf 85' lang='grc' dir='ltr'>ἡ</span> <span class='ocrx_word' id='word_1_522' title='bbox 3402 963 3466 1014; x_wconf 79' lang='grc' dir='ltr'>ἐκ</span> <span class='ocrx_word' id='word_1_523' title='bbox 3493 960 3595 1030; x_wconf 82' lang='grc' dir='ltr'>τῆς</span> <span class='ocrx_word' id='word_1_524' title='bbox 3630 960 3947 1031; x_wconf 88' lang='grc' dir='ltr'>πλησμονῆς</span> 
     </span>
    </p>
   </div>
   <div class='ocr_carea' id='block_1_70' title="bbox 2379 1050 3943 1126">
    <p class='ocr_par' dir='ltr' id='par_1_70' title="bbox 2379 1050 3943 1126">
     <span class='ocr_line' id='line_1_70' title="bbox 2379 1050 3943 1126; baseline -0.003 -20"><span class='ocrx_word' id='word_1_525' title='bbox 2379 1053 2561 1125; x_wconf 82' lang='grc' dir='ltr'>ἀηδία.</span> <span class='ocrx_word' id='word_1_526' title='bbox 2602 1053 2675 1107; x_wconf 82' lang='grc' dir='ltr'>Οὐ</span> <span class='ocrx_word' id='word_1_527' title='bbox 2708 1053 2819 1125; x_wconf 91' lang='lat'>7&amp;9</span> <span class='ocrx_word' id='word_1_528' title='bbox 2849 1050 3010 1126; x_wconf 82' lang='grc' dir='ltr'>ἦττον</span> <span class='ocrx_word' id='word_1_529' title='bbox 3040 1053 3200 1124; x_wconf 89' lang='grc' dir='ltr'>λιμοῦ</span> <span class='ocrx_word' id='word_1_530' title='bbox 3233 1054 3301 1107; x_wconf 85' lang='grc' dir='ltr'>τὰ</span> <span class='ocrx_word' id='word_1_531' title='bbox 3327 1051 3553 1121; x_wconf 86' lang='grc' dir='ltr'>σώματα</span> <span class='ocrx_word' id='word_1_532' title='bbox 3577 1052 3707 1122; x_wconf 85' lang='grc' dir='ltr'>ἡμῖν</span> <span class='ocrx_word' id='word_1_533' title='bbox 3747 1051 3781 1119; x_wconf 85' lang='grc' dir='ltr'>ἡ</span> <span class='ocrx_word' id='word_1_534' title='bbox 3804 1050 3943 1117; x_wconf 88' lang='grc' dir='ltr'>πλη-</span> 
     </span>
    </p>
   </div>
   <div class='ocr_carea' id='block_1_71' title="bbox 2381 1139 3946 1217">
    <p class='ocr_par' dir='ltr' id='par_1_71' title="bbox 2381 1139 3946 1217">
     <span class='ocr_line' id='line_1_71' title="bbox 2381 1139 3946 1217; baseline -0.005 -17"><span class='ocrx_word' id='word_1_535' title='bbox 2381 1145 2552 1217; x_wconf 82' lang='grc' dir='ltr'>σμονὴ</span> <span class='ocrx_word' id='word_1_536' title='bbox 2569 1144 2867 1216; x_wconf 79' lang='grc' dir='ltr'>διαφθείρει</span> <span class='ocrx_word' id='word_1_537' title='bbox 2890 1147 2985 1198; x_wconf 71' lang='grc' dir='ltr'>καὶ</span> <span class='ocrx_word' id='word_1_538' title='bbox 3005 1145 3185 1215; x_wconf 83' lang='grc' dir='ltr'>όδυνᾷ,</span> <span class='ocrx_word' id='word_1_539' title='bbox 3217 1142 3352 1197; x_wconf 88' lang='grc' dir='ltr'>ἀλλά</span> <span class='ocrx_word' id='word_1_540' title='bbox 3379 1144 3471 1195; x_wconf 80' lang='grc' dir='ltr'>καί</span> <span class='ocrx_word' id='word_1_541' title='bbox 3499 1140 3676 1209; x_wconf 83' lang='grc' dir='ltr'>πολλῷ</span> <span class='ocrx_word' id='word_1_542' title='bbox 3699 1139 3946 1211; x_wconf 81' lang='grc' dir='ltr'>χαλεπώ-</span> 
     </span>
    </p>
   </div>
   <div class='ocr_carea' id='block_1_72' title="bbox 2376 1230 3944 1307">
    <p class='ocr_par' dir='ltr' id='par_1_72' title="bbox 2376 1230 3944 1307">
     <span class='ocr_line' id='line_1_72' title="bbox 2376 1230 3944 1307; baseline -0.005 -17"><span class='ocrx_word' id='word_1_543' title='bbox 2376 1254 2532 1305; x_wconf 86' lang='grc' dir='ltr'>τερον</span> <span class='ocrx_word' id='word_1_544' title='bbox 2552 1251 2565 1265; x_wconf 80' lang='grc'><strong><em>⁸</em></strong></span> <span class='ocrx_word' id='word_1_545' title='bbox 2600 1237 2696 1289; x_wconf 77' lang='grc' dir='ltr'>καί</span> <span class='ocrx_word' id='word_1_546' title='bbox 2721 1235 2781 1290; x_wconf 82' lang='grc' dir='ltr'>ὃν</span> <span class='ocrx_word' id='word_1_547' title='bbox 2811 1234 2876 1290; x_wconf 81' lang='grc' dir='ltr'>ἂν</span> <span class='ocrx_word' id='word_1_548' title='bbox 2899 1235 3060 1307; x_wconf 80' lang='grc' dir='ltr'>θέλῃς</span> <span class='ocrx_word' id='word_1_549' title='bbox 3087 1250 3176 1305; x_wconf 88' lang='grc' dir='ltr'>μοι</span> <span class='ocrx_word' id='word_1_550' title='bbox 3209 1232 3413 1297; x_wconf 91' lang='grc' dir='ltr'>δοῦναι,</span> <span class='ocrx_word' id='word_1_551' title='bbox 3445 1231 3812 1301; x_wconf 82' lang='grc' dir='ltr'>εὐκολώτερον</span> <span class='ocrx_word' id='word_1_552' title='bbox 3845 1230 3944 1283; x_wconf 81' lang='grc' dir='ltr'>αύ-</span> 
     </span>
    </p>
   </div>
   <div class='ocr_carea' id='block_1_73' title="bbox 2377 1320 3942 1398">
    <p class='ocr_par' dir='ltr' id='par_1_73' title="bbox 2377 1320 3942 1398">
     <span class='ocr_line' id='line_1_73' title="bbox 2377 1320 3942 1398; baseline -0.006 -16"><span class='ocrx_word' id='word_1_553' title='bbox 2377 1328 2467 1382; x_wconf 78' lang='grc' dir='ltr'>τὸν</span> <span class='ocrx_word' id='word_1_554' title='bbox 2486 1326 2831 1398; x_wconf 76' lang='grc' dir='ltr'>διαβρηγνύω</span> <span class='ocrx_word' id='word_1_555' title='bbox 2854 1328 2919 1397; x_wconf 81' lang='grc' dir='ltr'>τῇ</span> <span class='ocrx_word' id='word_1_556' title='bbox 2945 1325 3250 1395; x_wconf 82' lang='grc' dir='ltr'>πλησμονῇ,</span> <span class='ocrx_word' id='word_1_557' title='bbox 3273 1323 3368 1377; x_wconf 91' lang='grc' dir='ltr'>τοῦ</span> <span class='ocrx_word' id='word_1_558' title='bbox 3390 1321 3570 1393; x_wconf 84' lang='grc' dir='ltr'>λιμοῦ.</span> <span class='ocrx_word' id='word_1_559' title='bbox 3598 1323 3809 1383; x_wconf 88' lang='grc' dir='ltr'>Ὄντως</span> <span class='ocrx_word' id='word_1_560' title='bbox 3831 1320 3942 1389; x_wconf 78' lang='lat'>7&amp;9</span> 
     </span>
    </p>
   </div>
   <div class='ocr_carea' id='block_1_74' title="bbox 2376 1410 3943 1488">
    <p class='ocr_par' dir='ltr' id='par_1_74' title="bbox 2376 1410 3943 1488">
     <span class='ocr_line' id='line_1_74' title="bbox 2376 1410 3943 1488; baseline -0.006 -16"><span class='ocrx_word' id='word_1_561' title='bbox 2376 1418 2532 1472; x_wconf 92' lang='grc' dir='ltr'>τοῦτο</span> <span class='ocrx_word' id='word_1_562' title='bbox 2564 1417 2770 1471; x_wconf 86' lang='grc' dir='ltr'>ἐκείνου</span> <span class='ocrx_word' id='word_1_563' title='bbox 2801 1416 3163 1488; x_wconf 85' lang='grc' dir='ltr'>φορητότερον</span> <span class='ocrx_word' id='word_1_564' title='bbox 3187 1431 3201 1445; x_wconf 87' lang='grc'><strong>·</strong></span> <span class='ocrx_word' id='word_1_565' title='bbox 3232 1416 3315 1468; x_wconf 84' lang='grc' dir='ltr'>ὅτι</span> <span class='ocrx_word' id='word_1_566' title='bbox 3344 1413 3499 1484; x_wconf 78' lang='grc' dir='ltr'>λιμὸν</span> <span class='ocrx_word' id='word_1_567' title='bbox 3527 1412 3626 1483; x_wconf 73' lang='grc' dir='ltr'>μὲν</span> <span class='ocrx_word' id='word_1_568' title='bbox 3649 1413 3715 1467; x_wconf 83' lang='grc' dir='ltr'>ἀν</span> <span class='ocrx_word' id='word_1_569' title='bbox 3734 1428 3821 1474; x_wconf 88' lang='grc' dir='ltr'>τις</span> <span class='ocrx_word' id='word_1_570' title='bbox 3849 1410 3943 1464; x_wconf 81' lang='grc' dir='ltr'>καὶ</span> 
     </span>
    </p>
   </div>
   <div class='ocr_carea' id='block_1_75' title="bbox 2375 1495 3943 1577">
    <p class='ocr_par' dir='ltr' id='par_1_75' title="bbox 2375 1495 3943 1577">
     <span class='ocr_line' id='line_1_75' title="bbox 2375 1495 3943 1577; baseline -0.007 -16"><span class='ocrx_word' id='word_1_571' title='bbox 2375 1507 2579 1561; x_wconf 85' lang='grc' dir='ltr'>εῐκοσιν</span> <span class='ocrx_word' id='word_1_572' title='bbox 2606 1507 2818 1577; x_wconf 81' lang='grc' dir='ltr'>ἡμέρας</span> <span class='ocrx_word' id='word_1_573' title='bbox 2846 1506 3078 1574; x_wconf 76' lang='grc' dir='ltr'>ἐνέγκοι,</span> <span class='ocrx_word' id='word_1_574' title='bbox 3110 1501 3428 1575; x_wconf 76' lang='grc' dir='ltr'>πλησμονὴν</span> <span class='ocrx_word' id='word_1_575' title='bbox 3468 1501 3526 1553; x_wconf 85' lang='grc' dir='ltr'>δέ</span> <span class='ocrx_word' id='word_1_576' title='bbox 3556 1500 3678 1553; x_wconf 77' lang='grc' dir='ltr'>οὑδὲ</span> <span class='ocrx_word' id='word_1_577' title='bbox 3703 1498 3801 1552; x_wconf 90' lang='grc' dir='ltr'>δύο</span> <span class='ocrx_word' id='word_1_578' title='bbox 3844 1495 3943 1566; x_wconf 75' lang='grc' dir='ltr'>μό·</span> 
     </span>
    </p>
   </div>
   <div class='ocr_carea' id='block_1_76' title="bbox 2374 1587 3941 1667">
    <p class='ocr_par' dir='ltr' id='par_1_76' title="bbox 2374 1587 3941 1667">
     <span class='ocr_line' id='line_1_76' title="bbox 2374 1587 3941 1667; baseline -0.009 -16"><span class='ocrx_word' id='word_1_579' title='bbox 2374 1614 2469 1661; x_wconf 93' lang='grc' dir='ltr'>νας</span> <span class='ocrx_word' id='word_1_580' title='bbox 2500 1613 2514 1627; x_wconf 71' lang='grc' dir='ltr'><strong>ο</strong></span> <span class='ocrx_word' id='word_1_581' title='bbox 2549 1598 2643 1649; x_wconf 74' lang='grc' dir='ltr'>καὶ</span> <span class='ocrx_word' id='word_1_582' title='bbox 2669 1596 2843 1667; x_wconf 85' lang='grc' dir='ltr'>τούτῳ</span> <span class='ocrx_word' id='word_1_583' title='bbox 2882 1594 2979 1665; x_wconf 81' lang='grc' dir='ltr'>μέν</span> <span class='ocrx_word' id='word_1_584' title='bbox 3012 1591 3479 1665; x_wconf 69' lang='grc' dir='ltr'>προσπαλαίοντες</span> <span class='ocrx_word' id='word_1_585' title='bbox 3508 1588 3769 1659; x_wconf 84' lang='grc' dir='ltr'>διηνεκῶς</span> <span class='ocrx_word' id='word_1_586' title='bbox 3800 1588 3853 1661; x_wconf 59' lang='lat'>0.!</span> <span class='ocrx_word' id='word_1_587' title='bbox 3883 1587 3941 1637; x_wconf 89' lang='grc' dir='ltr'>ἐν</span> 
     </span>
    </p>
   </div>
   <div class='ocr_carea' id='block_1_77' title="bbox 2372 1675 3939 1757">
    <p class='ocr_par' dir='ltr' id='par_1_77' title="bbox 2372 1675 3939 1757">
     <span class='ocr_line' id='line_1_77' title="bbox 2372 1675 3939 1757; baseline -0.01 -15"><span class='ocrx_word' id='word_1_588' title='bbox 2372 1691 2485 1751; x_wconf 88' lang='grc' dir='ltr'>τοῖς</span> <span class='ocrx_word' id='word_1_589' title='bbox 2519 1688 2729 1757; x_wconf 89' lang='grc' dir='ltr'>ἀγροῖς,</span> <span class='ocrx_word' id='word_1_590' title='bbox 2762 1687 2821 1738; x_wconf 80' lang='grc' dir='ltr'>ἐν</span> <span class='ocrx_word' id='word_1_591' title='bbox 2863 1684 3022 1755; x_wconf 76' lang='grc' dir='ltr'>ὑγεία</span> <span class='ocrx_word' id='word_1_592' title='bbox 3071 1683 3181 1736; x_wconf 79' lang='grc' dir='ltr'>εἰσὶ</span> <span class='ocrx_word' id='word_1_593' title='bbox 3208 1682 3303 1736; x_wconf 81' lang='grc' dir='ltr'>καὶ</span> <span class='ocrx_word' id='word_1_594' title='bbox 3332 1681 3395 1734; x_wconf 88' lang='grc' dir='ltr'>οὑ</span> <span class='ocrx_word' id='word_1_595' title='bbox 3423 1680 3637 1734; x_wconf 86' lang='grc' dir='ltr'>δέονται</span> <span class='ocrx_word' id='word_1_596' title='bbox 3691 1675 3897 1747; x_wconf 79' lang='grc' dir='ltr'>ἰατρῶν</span> <span class='ocrx_word' id='word_1_597' title='bbox 3920 1689 3939 1704; x_wconf 83' lang='lat'><strong>&#39;</strong></span> 
     </span>
    </p>
   </div>
   <div class='ocr_carea' id='block_1_78' title="bbox 2373 1766 3940 1847">
    <p class='ocr_par' dir='ltr' id='par_1_78' title="bbox 2373 1766 3940 1847">
     <span class='ocr_line' id='line_1_78' title="bbox 2373 1766 3940 1847; baseline -0.009 -16"><span class='ocrx_word' id='word_1_598' title='bbox 2373 1767 2577 1847; x_wconf 81' lang='grc' dir='ltr'>ταύτην</span> <span class='ocrx_word' id='word_1_599' title='bbox 2607 1776 2686 1840; x_wconf 82' lang='grc' dir='ltr'>δέ,</span> <span class='ocrx_word' id='word_1_600' title='bbox 2716 1778 2817 1846; x_wconf 75' lang='grc' dir='ltr'>τὴν</span> <span class='ocrx_word' id='word_1_601' title='bbox 2846 1772 3163 1844; x_wconf 81' lang='grc' dir='ltr'>πλησμονὴν</span> <span class='ocrx_word' id='word_1_602' title='bbox 3212 1772 3382 1839; x_wconf 81' lang='grc' dir='ltr'>λέγω,</span> <span class='ocrx_word' id='word_1_603' title='bbox 3410 1770 3513 1823; x_wconf 82' lang='grc' dir='ltr'>οὑκ</span> <span class='ocrx_word' id='word_1_604' title='bbox 3558 1769 3623 1823; x_wconf 83' lang='grc' dir='ltr'>ἀν</span> <span class='ocrx_word' id='word_1_605' title='bbox 3659 1766 3940 1834; x_wconf 83' lang='grc' dir='ltr'>ἐνέγκοιεν</span> 
     </span>
    </p>
   </div>
   <div class='ocr_carea' id='block_1_79' title="bbox 2376 1854 3939 1939">
    <p class='ocr_par' dir='ltr' id='par_1_79' title="bbox 2376 1854 3939 1939">
     <span class='ocr_line' id='line_1_79' title="bbox 2376 1854 3939 1939; baseline -0.01 -18"><span class='ocrx_word' id='word_1_606' title='bbox 2376 1868 2450 1939; x_wconf 81' lang='grc' dir='ltr'>μὴ</span> <span class='ocrx_word' id='word_1_607' title='bbox 2480 1865 2717 1937; x_wconf 83' lang='grc' dir='ltr'>συνεχῶς</span> <span class='ocrx_word' id='word_1_608' title='bbox 2760 1862 3052 1933; x_wconf 87' lang='grc' dir='ltr'>καλοῦντες</span> <span class='ocrx_word' id='word_1_609' title='bbox 3081 1860 3296 1932; x_wconf 83' lang='grc' dir='ltr'>ἰατρούς</span> <span class='ocrx_word' id='word_1_610' title='bbox 3322 1876 3336 1890; x_wconf 80' lang='grc'><em>’</em></span> <span class='ocrx_word' id='word_1_611' title='bbox 3382 1858 3582 1929; x_wconf 79' lang='grc' dir='ltr'>μᾶλλον</span> <span class='ocrx_word' id='word_1_612' title='bbox 3612 1856 3669 1908; x_wconf 82' lang='grc' dir='ltr'>δὲ</span> <span class='ocrx_word' id='word_1_613' title='bbox 3700 1855 3798 1907; x_wconf 73' lang='grc' dir='ltr'>καὶ</span> <span class='ocrx_word' id='word_1_614' title='bbox 3834 1854 3939 1923; x_wconf 79' lang='grc' dir='ltr'>τὴν</span> 
     </span>
    </p>
   </div>
   <div class='ocr_carea' id='block_1_80' title="bbox 2372 1945 3937 2026">
    <p class='ocr_par' dir='ltr' id='par_1_80' title="bbox 2372 1945 3937 2026">
     <span class='ocr_line' id='line_1_80' title="bbox 2372 1945 3937 2026; baseline -0.01 -16"><span class='ocrx_word' id='word_1_615' title='bbox 2372 1959 2595 2013; x_wconf 75' lang='grc' dir='ltr'>ἐκείνων</span> <span class='ocrx_word' id='word_1_616' title='bbox 2626 1954 2875 2026; x_wconf 83' lang='grc' dir='ltr'>βοήθειαν</span> <span class='ocrx_word' id='word_1_617' title='bbox 2914 1953 3109 2024; x_wconf 79' lang='grc' dir='ltr'>ῆλεγξε</span> <span class='ocrx_word' id='word_1_618' title='bbox 3138 1950 3399 2012; x_wconf 88' lang='grc' dir='ltr'>πολλάκις</span> <span class='ocrx_word' id='word_1_619' title='bbox 3428 1950 3463 2017; x_wconf 89' lang='grc' dir='ltr'>ἡ</span> <span class='ocrx_word' id='word_1_620' title='bbox 3496 1945 3700 2014; x_wconf 88' lang='grc' dir='ltr'>ταύτης</span> <span class='ocrx_word' id='word_1_621' title='bbox 3729 1961 3937 2014; x_wconf 84' lang='grc' dir='ltr'>τυραν-</span> 
     </span>
    </p>
   </div>
   <div class='ocr_carea' id='block_1_81' title="bbox 2371 2034 3935 2117">
    <p class='ocr_par' dir='ltr' id='par_1_81' title="bbox 2371 2034 3935 2117">
     <span class='ocr_line' id='line_1_81' title="bbox 2371 2034 3935 2117; baseline -0.012 -15"><span class='ocrx_word' id='word_1_622' title='bbox 2371 2050 2471 2113; x_wconf 89' lang='grc' dir='ltr'>νίς.</span> <span class='ocrx_word' id='word_1_623' title='bbox 2506 2049 2612 2101; x_wconf 83' lang='lat' dir='ltr'><strong><em>Kal</em></strong></span> <span class='ocrx_word' id='word_1_624' title='bbox 2638 2046 2834 2117; x_wconf 78' lang='grc' dir='ltr'>ἡδονῆς</span> <span class='ocrx_word' id='word_1_625' title='bbox 2867 2046 2966 2115; x_wconf 84' lang='grc' dir='ltr'>μὲν</span> <span class='ocrx_word' id='word_1_626' title='bbox 2992 2040 3087 2097; x_wconf 84' lang='grc' dir='ltr'>οὖν</span> <span class='ocrx_word' id='word_1_627' title='bbox 3111 2042 3298 2096; x_wconf 73' lang='grc' dir='ltr'>ἐνεκεν</span> <span class='ocrx_word' id='word_1_628' title='bbox 3326 2038 3466 2108; x_wconf 84' lang='grc' dir='ltr'>αῦτη</span> <span class='ocrx_word' id='word_1_629' title='bbox 3485 2038 3556 2090; x_wconf 87' lang='grc' dir='ltr'>τά</span> <span class='ocrx_word' id='word_1_630' title='bbox 3582 2035 3775 2106; x_wconf 84' lang='grc' dir='ltr'>πρῶτα</span> <span class='ocrx_word' id='word_1_631' title='bbox 3796 2034 3935 2104; x_wconf 79' lang='grc' dir='ltr'>ἐχει.</span> 
     </span>
    </p>
   </div>
   <div class='ocr_carea' id='block_1_82' title="bbox 2371 2124 3938 2224">
    <p class='ocr_par' dir='ltr' id='par_1_82' title="bbox 2371 2124 3938 2224">
     <span class='ocr_line' id='line_1_82' title="bbox 2371 2124 3938 2224; baseline -0.012 -31"><span class='ocrx_word' id='word_1_632' title='bbox 2371 2141 2433 2193; x_wconf 84' lang='grc' dir='ltr'>Εἰ</span> <span class='ocrx_word' id='word_1_633' title='bbox 2456 2139 2564 2210; x_wconf 90' lang='lat'>7&amp;9</span> <span class='ocrx_word' id='word_1_634' title='bbox 2609 2140 2644 2207; x_wconf 91' lang='grc' dir='ltr'>ἡ</span> <span class='ocrx_word' id='word_1_635' title='bbox 2674 2135 2811 2207; x_wconf 78' lang='grc' dir='ltr'>τιμὴ</span> <span class='ocrx_word' id='word_1_636' title='bbox 2856 2134 2951 2189; x_wconf 88' lang='grc' dir='ltr'>τοῦ</span> <span class='ocrx_word' id='word_1_637' title='bbox 2991 2130 3353 2204; x_wconf 76' lang='grc' dir='ltr'>ἀτιμάζεσθαι</span> <span class='ocrx_word' id='word_1_638' title='bbox 3397 2128 3581 2199; x_wconf 89' lang='grc' dir='ltr'>ἡδίων,</span> <span class='ocrx_word' id='word_1_639' title='bbox 3626 2125 3721 2178; x_wconf 80' lang='grc' dir='ltr'>καὶ</span> <span class='ocrx_word' id='word_1_640' title='bbox 3764 2125 3831 2224; x_wconf 63' lang='grc' dir='ltr'>τὸ</span> <span class='ocrx_word' id='word_1_641' title='bbox 3878 2124 3938 2224; x_wconf 70' lang='grc' dir='ltr'>ἐν</span> 
     </span>
    </p>
   </div>
   <div class='ocr_carea' id='block_1_83' title="bbox 2369 2216 3937 2301">
    <p class='ocr_par' dir='ltr' id='par_1_83' title="bbox 2369 2216 3937 2301">
     <span class='ocr_line' id='line_1_83' title="bbox 2369 2216 3937 2301; baseline -0.012 -17"><span class='ocrx_word' id='word_1_642' title='bbox 2369 2230 2585 2301; x_wconf 78' lang='grc' dir='ltr'>ἐξουσίᾳ</span> <span class='ocrx_word' id='word_1_643' title='bbox 2624 2223 2765 2282; x_wconf 75' lang='grc' dir='ltr'>εἷναι</span> <span class='ocrx_word' id='word_1_644' title='bbox 2792 2224 2886 2280; x_wconf 89' lang='grc' dir='ltr'>τοῦ</span> <span class='ocrx_word' id='word_1_645' title='bbox 2918 2220 3339 2284; x_wconf 86' lang='grc' dir='ltr'>ὑποτάσσεσθαι,</span> <span class='ocrx_word' id='word_1_646' title='bbox 3370 2218 3484 2273; x_wconf 82' lang='grc' dir='ltr'>καὶ·</span> <span class='ocrx_word' id='word_1_647' title='bbox 3505 2219 3567 2271; x_wconf 79' lang='grc' dir='ltr'>τδ</span> <span class='ocrx_word' id='word_1_648' title='bbox 3594 2216 3818 2287; x_wconf 73' lang='grc' dir='ltr'>θαρρεῖν</span> <span class='ocrx_word' id='word_1_649' title='bbox 3841 2216 3937 2266; x_wconf 89' lang='grc' dir='ltr'>τοῦ</span> 
     </span>
    </p>
   </div>
   <div class='ocr_carea' id='block_1_84' title="bbox 2368 2304 3936 2391">
    <p class='ocr_par' dir='ltr' id='par_1_84' title="bbox 2368 2304 3936 2391">
     <span class='ocr_line' id='line_1_84' title="bbox 2368 2304 3936 2391; baseline -0.01 -19"><span class='ocrx_word' id='word_1_650' title='bbox 2368 2319 2590 2389; x_wconf 75' lang='grc' dir='ltr'>τρέμειν</span> <span class='ocrx_word' id='word_1_651' title='bbox 2623 2319 2719 2391; x_wconf 78' lang='grc' dir='ltr'>καὶ</span> <span class='ocrx_word' id='word_1_652' title='bbox 2745 2315 3062 2377; x_wconf 82' lang='grc' dir='ltr'>δεδοικέναι,</span> <span class='ocrx_word' id='word_1_653' title='bbox 3093 2313 3189 2365; x_wconf 78' lang='grc' dir='ltr'>καὶ</span> <span class='ocrx_word' id='word_1_654' title='bbox 3216 2310 3277 2364; x_wconf 79' lang='grc' dir='ltr'>τὸ</span> <span class='ocrx_word' id='word_1_655' title='bbox 3314 2309 3423 2363; x_wconf 85' lang='grc' dir='ltr'>τῶν</span> <span class='ocrx_word' id='word_1_656' title='bbox 3451 2305 3765 2377; x_wconf 88' lang='grc' dir='ltr'>ἀρκούντων</span> <span class='ocrx_word' id='word_1_657' title='bbox 3792 2304 3936 2357; x_wconf 65' lang='grc' dir='ltr'>ἀπο-</span> 
     </span>
    </p>
   </div>
   <div class='ocr_carea' id='block_1_85' title="bbox 2367 2395 3938 2477">
    <p class='ocr_par' dir='ltr' id='par_1_85' title="bbox 2367 2395 3938 2477">
     <span class='ocr_line' id='line_1_85' title="bbox 2367 2395 3938 2477; baseline -0.011 -15"><span class='ocrx_word' id='word_1_658' title='bbox 2367 2409 2546 2463; x_wconf 88' lang='grc' dir='ltr'>λαύειν</span> <span class='ocrx_word' id='word_1_659' title='bbox 2577 2409 2672 2461; x_wconf 89' lang='grc' dir='ltr'>τοῦ</span> <span class='ocrx_word' id='word_1_660' title='bbox 2703 2407 2846 2477; x_wconf 81' lang='grc' dir='ltr'>πέρα</span> <span class='ocrx_word' id='word_1_661' title='bbox 2876 2403 2971 2459; x_wconf 88' lang='grc' dir='ltr'>τοῦ</span> <span class='ocrx_word' id='word_1_662' title='bbox 2999 2404 3195 2474; x_wconf 78' lang='grc' dir='ltr'>μέτρου</span> <span class='ocrx_word' id='word_1_663' title='bbox 3222 2403 3302 2463; x_wconf 88' lang='grc' dir='ltr'>εἰς</span> <span class='ocrx_word' id='word_1_664' title='bbox 3322 2399 3382 2452; x_wconf 86' lang='grc' dir='ltr'>τὸ</span> <span class='ocrx_word' id='word_1_665' title='bbox 3403 2398 3503 2468; x_wconf 83' lang='grc' dir='ltr'>τῆς</span> <span class='ocrx_word' id='word_1_666' title='bbox 3529 2395 3742 2467; x_wconf 81' lang='grc' dir='ltr'>τρυφῆς</span> <span class='ocrx_word' id='word_1_667' title='bbox 3764 2409 3938 2447; x_wconf 83' lang='grc' dir='ltr'>κατα-</span> 
     </span>
    </p>
   </div>
   <div class='ocr_carea' id='block_1_86' title="bbox 2365 2482 3936 2562">
    <p class='ocr_par' dir='ltr' id='par_1_86' title="bbox 2365 2482 3936 2562">
     <span class='ocr_line' id='line_1_86' title="bbox 2365 2482 3936 2562; baseline -0.013 -9"><span class='ocrx_word' id='word_1_668' title='bbox 2365 2497 2710 2561; x_wconf 80' lang='grc' dir='ltr'>ποντίζεσθαι</span> <span class='ocrx_word' id='word_1_669' title='bbox 2737 2495 3046 2559; x_wconf 82' lang='grc' dir='ltr'>κλυδώνιον,</span> <span class='ocrx_word' id='word_1_670' title='bbox 3083 2489 3305 2562; x_wconf 84' lang='grc' dir='ltr'>βελτίων</span> <span class='ocrx_word' id='word_1_671' title='bbox 3332 2488 3440 2556; x_wconf 85' lang='grc' dir='ltr'>ἀρα</span> <span class='ocrx_word' id='word_1_672' title='bbox 3464 2486 3681 2553; x_wconf 76' lang='grc' dir='ltr'>ἐκείνης</span> <span class='ocrx_word' id='word_1_673' title='bbox 3710 2482 3856 2551; x_wconf 72' lang='grc' dir='ltr'>αῦτη</span> <span class='ocrx_word' id='word_1_674' title='bbox 3899 2484 3936 2551; x_wconf 79' lang='grc' dir='ltr'>ἡ</span> 
     </span>
    </p>
   </div>
   <div class='ocr_carea' id='block_1_87' title="bbox 2364 2571 3940 2662">
    <p class='ocr_par' dir='ltr' id='par_1_87' title="bbox 2364 2571 3940 2662">
     <span class='ocr_line' id='line_1_87' title="bbox 2364 2571 3940 2662; baseline -0.013 -19"><span class='ocrx_word' id='word_1_675' title='bbox 2364 2586 2611 2662; x_wconf 76' lang='grc' dir='ltr'>τράπεζα</span> <span class='ocrx_word' id='word_1_676' title='bbox 2636 2589 2731 2641; x_wconf 77' lang='grc' dir='ltr'>καὶ</span> <span class='ocrx_word' id='word_1_677' title='bbox 2756 2584 2950 2656; x_wconf 80' lang='grc' dir='ltr'>ἡδονῆς</span> <span class='ocrx_word' id='word_1_678' title='bbox 2984 2583 3189 2637; x_wconf 76' lang='grc' dir='ltr'>ἐνεκεν.</span> <span class='ocrx_word' id='word_1_679' title='bbox 3218 2578 3329 2633; x_wconf 81' lang='grc' dir='ltr'>Καὶ</span> <span class='ocrx_word' id='word_1_680' title='bbox 3361 2576 3429 2629; x_wconf 85' lang='grc' dir='ltr'>τά</span> <span class='ocrx_word' id='word_1_681' title='bbox 3458 2576 3559 2645; x_wconf 86' lang='grc' dir='ltr'>τῆς</span> <span class='ocrx_word' id='word_1_682' title='bbox 3593 2573 3852 2662; x_wconf 55' lang='grc' dir='ltr'>δαπάνηςῇ</span> <span class='ocrx_word' id='word_1_683' title='bbox 3876 2571 3940 2624; x_wconf 80' lang='grc' dir='ltr'>δὲ</span> 
     </span>
    </p>
   </div>
   <div class='ocr_carea' id='block_1_88' title="bbox 2366 2660 3938 2749">
    <p class='ocr_par' dir='ltr' id='par_1_88' title="bbox 2366 2660 3938 2749">
     <span class='ocr_line' id='line_1_88' title="bbox 2366 2660 3938 2749; baseline -0.014 -15"><span class='ocrx_word' id='word_1_684' title='bbox 2366 2660 2595 2734; x_wconf 83' lang='grc' dir='ltr'>ἐνταῦθα</span> <span class='ocrx_word' id='word_1_685' title='bbox 2627 2676 2869 2749; x_wconf 84' lang='grc' dir='ltr'>βελτίονα</span> <span class='ocrx_word' id='word_1_686' title='bbox 2888 2689 2902 2704; x_wconf 88' lang='grc'><strong>·</strong></span> <span class='ocrx_word' id='word_1_687' title='bbox 2936 2672 3119 2742; x_wconf 85' lang='grc' dir='ltr'>ἐκείνη</span> <span class='ocrx_word' id='word_1_688' title='bbox 3162 2670 3260 2741; x_wconf 83' lang='grc' dir='ltr'>μὲν</span> <span class='ocrx_word' id='word_1_689' title='bbox 3292 2667 3401 2738; x_wconf 89' lang='lat'>7&amp;9</span> <span class='ocrx_word' id='word_1_690' title='bbox 3442 2662 3754 2735; x_wconf 60' lang='grc' dir='ltr'>ὼπανηρά,</span> <span class='ocrx_word' id='word_1_691' title='bbox 3786 2660 3938 2729; x_wconf 74' lang='grc' dir='ltr'>αὕτη</span> 
     </span>
    </p>
   </div>
   <div class='ocr_carea' id='block_1_89' title="bbox 2300 2752 3940 2835">
    <p class='ocr_par' dir='ltr' id='par_1_89' title="bbox 2300 2752 3940 2835">
     <span class='ocr_line' id='line_1_89' title="bbox 2300 2752 3940 2835; baseline -0.013 -9"><span class='ocrx_word' id='word_1_692' title='bbox 2300 2752 2313 2769; x_wconf 63' lang='grc'><em>’</em></span> <span class='ocrx_word' id='word_1_693' title='bbox 2363 2772 2419 2825; x_wconf 85' lang='grc' dir='ltr'>δέ</span> <span class='ocrx_word' id='word_1_694' title='bbox 2464 2770 2667 2825; x_wconf 81' lang='grc' dir='ltr'>οὑκέτι.</span> <span class='ocrx_word' id='word_1_695' title='bbox 2707 2766 2865 2821; x_wconf 78' lang='grc' dir='ltr'>Ἀλλά</span> <span class='ocrx_word' id='word_1_696' title='bbox 2900 2768 2987 2831; x_wconf 72' lang='grc' dir='ltr'>τίς</span> <span class='ocrx_word' id='word_1_697' title='bbox 3031 2761 3140 2835; x_wconf 79' lang='grc' dir='ltr'>ἀρα</span> <span class='ocrx_word' id='word_1_698' title='bbox 3181 2762 3295 2824; x_wconf 89' lang='grc' dir='ltr'>τοῖς</span> <span class='ocrx_word' id='word_1_699' title='bbox 3345 2756 3724 2827; x_wconf 78' lang='grc' dir='ltr'>ἀνακειμένοις</span> <span class='ocrx_word' id='word_1_700' title='bbox 3769 2754 3940 2824; x_wconf 87' lang='grc' dir='ltr'>μόνον</span> 
     </span>
    </p>
   </div>
   <div class='ocr_carea' id='block_1_90' title="bbox 2363 2843 3941 2930">
    <p class='ocr_par' dir='ltr' id='par_1_90' title="bbox 2363 2843 3941 2930">
     <span class='ocr_line' id='line_1_90' title="bbox 2363 2843 3941 2930; baseline -0.009 -19"><span class='ocrx_word' id='word_1_701' title='bbox 2363 2857 2526 2930; x_wconf 87' lang='grc' dir='ltr'>ἡδίων</span> <span class='ocrx_word' id='word_1_702' title='bbox 2550 2856 2691 2929; x_wconf 72' lang='grc' dir='ltr'>αὕτη</span> <span class='ocrx_word' id='word_1_703' title='bbox 2730 2852 3122 2926; x_wconf 81' lang='grc' dir='ltr'>ήτράπεζα,ἢ</span> <span class='ocrx_word' id='word_1_704' title='bbox 3163 2851 3258 2904; x_wconf 77' lang='grc' dir='ltr'>καὶ</span> <span class='ocrx_word' id='word_1_705' title='bbox 3285 2848 3364 2919; x_wconf 85' lang='grc' dir='ltr'>τῷ</span> <span class='ocrx_word' id='word_1_706' title='bbox 3407 2845 3659 2902; x_wconf 86' lang='grc' dir='ltr'>καλοῦντι</span> <span class='ocrx_word' id='word_1_707' title='bbox 3707 2843 3941 2897; x_wconf 81' lang='grc' dir='ltr'>πλείονα</span> 
     </span>
    </p>
   </div>
   <div class='ocr_carea' id='block_1_91' title="bbox 2364 2934 3942 3017">
    <p class='ocr_par' dir='ltr' id='par_1_91' title="bbox 2364 2934 3942 3017">
     <span class='ocr_line' id='line_1_91' title="bbox 2364 2934 3942 3017; baseline -0.01 -17"><span class='ocrx_word' id='word_1_708' title='bbox 2364 2946 2504 3017; x_wconf 86' lang='grc' dir='ltr'>αῦτη</span> <span class='ocrx_word' id='word_1_709' title='bbox 2537 2947 2693 3015; x_wconf 84' lang='grc' dir='ltr'>φέρει</span> <span class='ocrx_word' id='word_1_710' title='bbox 2729 2944 2826 3015; x_wconf 75' lang='grc' dir='ltr'>τὴν</span> <span class='ocrx_word' id='word_1_711' title='bbox 2856 2942 3047 3013; x_wconf 74' lang='grc' dir='ltr'>ἡδονὴν</span> <span class='ocrx_word' id='word_1_712' title='bbox 3090 2941 3333 3010; x_wconf 79' lang='grc' dir='ltr'>ἐκείνης;</span> <span class='ocrx_word' id='word_1_713' title='bbox 3374 2938 3545 2990; x_wconf 82' lang='grc' dir='ltr'>Τοῦτο</span> <span class='ocrx_word' id='word_1_714' title='bbox 3581 2935 3691 3005; x_wconf 88' lang='grc' dir='ltr'>γάρ</span> <span class='ocrx_word' id='word_1_715' title='bbox 3726 2936 3846 2987; x_wconf 87' lang='grc' dir='ltr'>ἐστι</span> <span class='ocrx_word' id='word_1_716' title='bbox 3874 2934 3942 2985; x_wconf 83' lang='grc' dir='ltr'>τὺ</span> 
     </span>
    </p>
   </div>
   <div class='ocr_carea' id='block_1_92' title="bbox 2367 3022 3941 3105">
    <p class='ocr_par' dir='ltr' id='par_1_92' title="bbox 2367 3022 3941 3105">
     <span class='ocr_line' id='line_1_92' title="bbox 2367 3022 3941 3105; baseline -0.011 -16"><span class='ocrx_word' id='word_1_717' title='bbox 2367 3036 2568 3105; x_wconf 81' lang='grc' dir='ltr'>μᾶλλον</span> <span class='ocrx_word' id='word_1_718' title='bbox 2614 3033 2946 3104; x_wconf 78' lang='grc' dir='ltr'>ζητούμενον</span> <span class='ocrx_word' id='word_1_719' title='bbox 3012 3031 3166 3101; x_wconf 88' lang='grc' dir='ltr'>ἡμῖν.</span> <span class='ocrx_word' id='word_1_720' title='bbox 3213 3026 3420 3082; x_wconf 82' lang='grc' dir='ltr'>Οὐκοῦν</span> <span class='ocrx_word' id='word_1_721' title='bbox 3454 3027 3484 3078; x_wconf 83' lang='grc' dir='ltr'><strong><em>ὁ</em></strong></span> <span class='ocrx_word' id='word_1_722' title='bbox 3530 3026 3630 3095; x_wconf 78' lang='grc' dir='ltr'>μὲν</span> <span class='ocrx_word' id='word_1_723' title='bbox 3687 3022 3941 3083; x_wconf 86' lang='grc' dir='ltr'>ἐκείνους</span> 
     </span>
    </p>
   </div>
   <div class='ocr_carea' id='block_1_93' title="bbox 2365 3114 3944 3191">
    <p class='ocr_par' dir='ltr' id='par_1_93' title="bbox 2365 3114 3944 3191">
     <span class='ocr_line' id='line_1_93' title="bbox 2365 3114 3944 3191; baseline -0.008 -14"><span class='ocrx_word' id='word_1_724' title='bbox 2365 3125 2568 3185; x_wconf 81' lang='grc' dir='ltr'>καλῶν,</span> <span class='ocrx_word' id='word_1_725' title='bbox 2609 3123 2714 3191; x_wconf 89' lang='grc' dir='ltr'>πρὸ</span> <span class='ocrx_word' id='word_1_726' title='bbox 2748 3121 3008 3175; x_wconf 85' lang='grc' dir='ltr'>πλειόνων</span> <span class='ocrx_word' id='word_1_727' title='bbox 3036 3119 3259 3189; x_wconf 83' lang='grc' dir='ltr'>ἡμερῶν</span> <span class='ocrx_word' id='word_1_728' title='bbox 3300 3114 3806 3187; x_wconf 79' lang='grc' dir='ltr'>παρασκευάζεται,</span> <span class='ocrx_word' id='word_1_729' title='bbox 3840 3114 3944 3167; x_wconf 77' lang='grc' dir='ltr'>καὶ</span> 
     </span>
    </p>
   </div>
   <div class='ocr_carea' id='block_1_94' title="bbox 2362 3204 3941 3287">
    <p class='ocr_par' dir='ltr' id='par_1_94' title="bbox 2362 3204 3941 3287">
     <span class='ocr_line' id='line_1_94' title="bbox 2362 3204 3941 3287; baseline -0.009 -18"><span class='ocrx_word' id='word_1_730' title='bbox 2362 3217 2666 3287; x_wconf 88' lang='grc' dir='ltr'>πράγματα</span> <span class='ocrx_word' id='word_1_731' title='bbox 2693 3213 2838 3283; x_wconf 77' lang='grc' dir='ltr'>ἔχειν</span> <span class='ocrx_word' id='word_1_732' title='bbox 2878 3209 3246 3280; x_wconf 81' lang='grc' dir='ltr'>ἀναγκάζεται</span> <span class='ocrx_word' id='word_1_733' title='bbox 3274 3209 3369 3263; x_wconf 74' lang='grc' dir='ltr'>καὶ</span> <span class='ocrx_word' id='word_1_734' title='bbox 3395 3206 3681 3277; x_wconf 82' lang='grc' dir='ltr'>φροντίδας</span> <span class='ocrx_word' id='word_1_735' title='bbox 3714 3204 3813 3258; x_wconf 82' lang='grc' dir='ltr'>καὶ</span> <span class='ocrx_word' id='word_1_736' title='bbox 3838 3221 3941 3273; x_wconf 81' lang='grc' dir='ltr'>με⁹</span> 
     </span>
    </p>
   </div>
   <div class='ocr_carea' id='block_1_95' title="bbox 2366 3295 3943 3379">
    <p class='ocr_par' dir='ltr' id='par_1_95' title="bbox 2366 3295 3943 3379">
     <span class='ocr_line' id='line_1_95' title="bbox 2366 3295 3943 3379; baseline -0.008 -21"><span class='ocrx_word' id='word_1_737' title='bbox 2366 3308 2581 3379; x_wconf 88' lang='grc' dir='ltr'>ρίμνας,</span> <span class='ocrx_word' id='word_1_738' title='bbox 2612 3306 2737 3358; x_wconf 73' lang='grc' dir='ltr'>οὕτε</span> <span class='ocrx_word' id='word_1_739' title='bbox 2765 3305 2864 3366; x_wconf 90' lang='grc' dir='ltr'>τάς</span> <span class='ocrx_word' id='word_1_740' title='bbox 2892 3302 3093 3365; x_wconf 90' lang='grc' dir='ltr'>νύκτας</span> <span class='ocrx_word' id='word_1_741' title='bbox 3120 3300 3412 3362; x_wconf 79' lang='grc' dir='ltr'>καθεύδων,</span> <span class='ocrx_word' id='word_1_742' title='bbox 3437 3298 3561 3351; x_wconf 77' lang='grc' dir='ltr'>οὔτε</span> <span class='ocrx_word' id='word_1_743' title='bbox 3592 3297 3691 3359; x_wconf 88' lang='grc' dir='ltr'>τάς</span> <span class='ocrx_word' id='word_1_744' title='bbox 3714 3295 3943 3367; x_wconf 80' lang='grc' dir='ltr'>ἡμέρας</span> 
     </span>
    </p>
   </div>
   <div class='ocr_carea' id='block_1_96' title="bbox 2359 3386 3943 3468">
    <p class='ocr_par' dir='ltr' id='par_1_96' title="bbox 2359 3386 3943 3468">
     <span class='ocr_line' id='line_1_96' title="bbox 2359 3386 3943 3468; baseline -0.008 -18"><span class='ocrx_word' id='word_1_745' title='bbox 2359 3396 2675 3468; x_wconf 71' lang='grc' dir='ltr'>ἡσυχάζωνο</span> <span class='ocrx_word' id='word_1_746' title='bbox 2706 3394 2843 3448; x_wconf 87' lang='grc' dir='ltr'>ἀλλά</span> <span class='ocrx_word' id='word_1_747' title='bbox 2871 3393 3225 3448; x_wconf 87' lang='grc' dir='ltr'>ἀναπλάττων</span> <span class='ocrx_word' id='word_1_748' title='bbox 3264 3394 3322 3446; x_wconf 88' lang='grc' dir='ltr'>ἐν</span> <span class='ocrx_word' id='word_1_749' title='bbox 3364 3389 3539 3460; x_wconf 82' lang='grc' dir='ltr'>ἐαυτῷ</span> <span class='ocrx_word' id='word_1_750' title='bbox 3587 3386 3779 3452; x_wconf 83' lang='grc' dir='ltr'>πολλὰ,</span> <span class='ocrx_word' id='word_1_751' title='bbox 3826 3404 3943 3456; x_wconf 84' lang='grc' dir='ltr'>μα-</span> 
     </span>
    </p>
   </div>
   <div class='ocr_carea' id='block_1_97' title="bbox 2359 3474 3944 3559">
    <p class='ocr_par' dir='ltr' id='par_1_97' title="bbox 2359 3474 3944 3559">
     <span class='ocr_line' id='line_1_97' title="bbox 2359 3474 3944 3559; baseline -0.008 -18"><span class='ocrx_word' id='word_1_752' title='bbox 2359 3488 2561 3559; x_wconf 87' lang='grc' dir='ltr'>γείροις</span> <span class='ocrx_word' id='word_1_753' title='bbox 2588 3486 2987 3555; x_wconf 85' lang='grc' dir='ltr'>διαλεγόμενος,</span> <span class='ocrx_word' id='word_1_754' title='bbox 3009 3484 3304 3553; x_wconf 78' lang='grc' dir='ltr'>ὀψοποιοῖς,</span> <span class='ocrx_word' id='word_1_755' title='bbox 3326 3480 3765 3553; x_wconf 75' lang='grc' dir='ltr'>τραπεζοποιοίς.</span> <span class='ocrx_word' id='word_1_756' title='bbox 3795 3474 3944 3529; x_wconf 81' lang='grc' dir='ltr'>Εἶτα</span> 
     </span>
    </p>
   </div>
   <div class='ocr_carea' id='block_1_98' title="bbox 2359 3569 3943 3648">
    <p class='ocr_par' dir='ltr' id='par_1_98' title="bbox 2359 3569 3943 3648">
     <span class='ocr_line' id='line_1_98' title="bbox 2359 3569 3943 3648; baseline -0.007 -17"><span class='ocrx_word' id='word_1_757' title='bbox 2359 3578 2531 3647; x_wconf 85' lang='grc' dir='ltr'>αὑτῆς</span> <span class='ocrx_word' id='word_1_758' title='bbox 2555 3577 2657 3647; x_wconf 89' lang='grc' dir='ltr'>τῆς</span> <span class='ocrx_word' id='word_1_759' title='bbox 2690 3575 2902 3648; x_wconf 85' lang='grc' dir='ltr'>ἡμέρας</span> <span class='ocrx_word' id='word_1_760' title='bbox 2930 3575 3229 3642; x_wconf 85' lang='grc' dir='ltr'>ἐπιστάσης</span> <span class='ocrx_word' id='word_1_761' title='bbox 3254 3572 3353 3625; x_wconf 85' lang='grc' dir='ltr'>ῖδοι</span> <span class='ocrx_word' id='word_1_762' title='bbox 3384 3587 3468 3633; x_wconf 86' lang='grc' dir='ltr'>τις</span> <span class='ocrx_word' id='word_1_763' title='bbox 3498 3569 3564 3623; x_wconf 86' lang='grc' dir='ltr'>ἀν</span> <span class='ocrx_word' id='word_1_764' title='bbox 3602 3569 3766 3623; x_wconf 80' lang='grc' dir='ltr'>αὑτὸν</span> <span class='ocrx_word' id='word_1_765' title='bbox 3794 3569 3943 3637; x_wconf 80' lang='grc' dir='ltr'>μᾶλ-</span> 
     </span>
    </p>
   </div>
   <div class='ocr_carea' id='block_1_99' title="bbox 2358 3660 3943 3739">
    <p class='ocr_par' dir='ltr' id='par_1_99' title="bbox 2358 3660 3943 3739">
     <span class='ocr_line' id='line_1_99' title="bbox 2358 3660 3943 3739; baseline -0.006 -19"><span class='ocrx_word' id='word_1_766' title='bbox 2358 3668 2448 3739; x_wconf 86' lang='grc' dir='ltr'>λον</span> <span class='ocrx_word' id='word_1_767' title='bbox 2479 3667 2774 3730; x_wconf 90' lang='grc' dir='ltr'>δεδοικότα,</span> <span class='ocrx_word' id='word_1_768' title='bbox 2823 3665 2856 3736; x_wconf 82' lang='grc' dir='ltr'>ἡ</span> <span class='ocrx_word' id='word_1_769' title='bbox 2890 3667 3015 3727; x_wconf 81' lang='grc' dir='ltr'>τοὺς</span> <span class='ocrx_word' id='word_1_770' title='bbox 3057 3663 3344 3734; x_wconf 87' lang='grc' dir='ltr'>μέλλοντας</span> <span class='ocrx_word' id='word_1_771' title='bbox 3385 3660 3696 3724; x_wconf 86' lang='grc' dir='ltr'>πυκτεύειν,</span> <span class='ocrx_word' id='word_1_772' title='bbox 3737 3661 3815 3729; x_wconf 91' lang='grc' dir='ltr'>μὴ</span> <span class='ocrx_word' id='word_1_773' title='bbox 3847 3678 3943 3723; x_wconf 87' lang='grc' dir='ltr'>τις</span> 
     </span>
    </p>
   </div>
   <div class='ocr_carea' id='block_1_100' title="bbox 2358 3750 3938 3829">
    <p class='ocr_par' dir='ltr' id='par_1_100' title="bbox 2358 3750 3938 3829">
     <span class='ocr_line' id='line_1_100' title="bbox 2358 3750 3938 3829; baseline -0.008 -16"><span class='ocrx_word' id='word_1_774' title='bbox 2358 3760 2511 3829; x_wconf 85' lang='grc' dir='ltr'>παρά</span> <span class='ocrx_word' id='word_1_775' title='bbox 2540 3758 2697 3827; x_wconf 90' lang='grc' dir='ltr'>λόγον</span> <span class='ocrx_word' id='word_1_776' title='bbox 2732 3756 2983 3826; x_wconf 81' lang='grc' dir='ltr'>γένηται,</span> <span class='ocrx_word' id='word_1_777' title='bbox 3020 3754 3095 3825; x_wconf 78' lang='grc' dir='ltr'><strong>μὴ</strong></span> <span class='ocrx_word' id='word_1_778' title='bbox 3120 3752 3387 3824; x_wconf 76' lang='grc' dir='ltr'>βασκανίᾳ</span> <span class='ocrx_word' id='word_1_779' title='bbox 3417 3751 3607 3822; x_wconf 81' lang='grc' dir='ltr'>βληθῇ,</span> <span class='ocrx_word' id='word_1_780' title='bbox 3634 3750 3711 3819; x_wconf 79' lang='grc' dir='ltr'>μὴ</span> <span class='ocrx_word' id='word_1_781' title='bbox 3749 3767 3938 3821; x_wconf 81' lang='grc' dir='ltr'>κατη-</span> 
     </span>
    </p>
   </div>
   <div class='ocr_carea' id='block_1_101' title="bbox 2358 3838 3943 3921">
    <p class='ocr_par' dir='ltr' id='par_1_101' title="bbox 2358 3838 3943 3921">
     <span class='ocr_line' id='line_1_101' title="bbox 2358 3838 3943 3921; baseline -0.006 -18"><span class='ocrx_word' id='word_1_782' title='bbox 2358 3851 2551 3921; x_wconf 82' lang='grc' dir='ltr'>γόρους</span> <span class='ocrx_word' id='word_1_783' title='bbox 2570 3847 2778 3902; x_wconf 85' lang='grc' dir='ltr'>ἐκεῖθεν</span> <span class='ocrx_word' id='word_1_784' title='bbox 2802 3846 2942 3917; x_wconf 79' lang='grc' dir='ltr'>λάϐῃ</span> <span class='ocrx_word' id='word_1_785' title='bbox 2959 3844 3204 3908; x_wconf 87' lang='grc' dir='ltr'>πολλούς.</span> <span class='ocrx_word' id='word_1_786' title='bbox 3231 3839 3396 3906; x_wconf 81' lang='grc' dir='ltr'>Οῦτος</span> <span class='ocrx_word' id='word_1_787' title='bbox 3429 3842 3487 3895; x_wconf 76' lang='grc' dir='ltr'>δέ</span> <span class='ocrx_word' id='word_1_788' title='bbox 3507 3841 3687 3910; x_wconf 86' lang='grc' dir='ltr'>πάσης</span> <span class='ocrx_word' id='word_1_789' title='bbox 3718 3838 3943 3909; x_wconf 77' lang='grc' dir='ltr'>ταύτης</span> 
     </span>
    </p>
   </div>
   <div class='ocr_carea' id='block_1_102' title="bbox 2359 3930 3937 4011">
    <p class='ocr_par' dir='ltr' id='par_1_102' title="bbox 2359 3930 3937 4011">
     <span class='ocr_line' id='line_1_102' title="bbox 2359 3930 3937 4011; baseline -0.006 -17"><span class='ocrx_word' id='word_1_790' title='bbox 2359 3940 2699 4011; x_wconf 85' lang='grc' dir='ltr'>ἀπήλλακται</span> <span class='ocrx_word' id='word_1_791' title='bbox 2760 3938 2860 4007; x_wconf 90' lang='grc' dir='ltr'>τῆς</span> <span class='ocrx_word' id='word_1_792' title='bbox 2914 3935 3192 4006; x_wconf 80' lang='grc' dir='ltr'>φροντίδος</span> <span class='ocrx_word' id='word_1_793' title='bbox 3241 3932 3336 3987; x_wconf 74' lang='grc' dir='ltr'>καὶ</span> <span class='ocrx_word' id='word_1_794' title='bbox 3394 3933 3503 3984; x_wconf 86' lang='grc' dir='ltr'>τῶν</span> <span class='ocrx_word' id='word_1_795' title='bbox 3557 3930 3937 4000; x_wconf 82' lang='grc' dir='ltr'>πραγμάτων,</span> 
     </span>
    </p>
   </div>
   <div class='ocr_carea' id='block_1_103' title="bbox 2357 4020 3942 4101">
    <p class='ocr_par' dir='ltr' id='par_1_103' title="bbox 2357 4020 3942 4101">
     <span class='ocr_line' id='line_1_103' title="bbox 2357 4020 3942 4101; baseline -0.008 -16"><span class='ocrx_word' id='word_1_796' title='bbox 2357 4028 2785 4101; x_wconf 79' lang='grc' dir='ltr'>αὐτοσχεδιάζων</span> <span class='ocrx_word' id='word_1_797' title='bbox 2832 4028 2932 4097; x_wconf 80' lang='grc' dir='ltr'>τὴν</span> <span class='ocrx_word' id='word_1_798' title='bbox 2961 4026 3261 4097; x_wconf 74' lang='grc' dir='ltr'>τράπεζαν,</span> <span class='ocrx_word' id='word_1_799' title='bbox 3312 4024 3406 4077; x_wconf 76' lang='grc' dir='ltr'>καὶ</span> <span class='ocrx_word' id='word_1_800' title='bbox 3451 4024 3512 4075; x_wconf 83' lang='grc' dir='ltr'>οὐ</span> <span class='ocrx_word' id='word_1_801' title='bbox 3558 4020 3666 4091; x_wconf 73' lang='grc' dir='ltr'>πρὸ</span> <span class='ocrx_word' id='word_1_802' title='bbox 3711 4020 3942 4074; x_wconf 83' lang='grc' dir='ltr'>πολλῶν</span> 
     </span>
    </p>
   </div>
   <div class='ocr_carea' id='block_1_104' title="bbox 2357 4105 3941 4193">
    <p class='ocr_par' dir='ltr' id='par_1_104' title="bbox 2357 4105 3941 4193">
     <span class='ocr_line' id='line_1_104' title="bbox 2357 4105 3941 4193; baseline -0.008 -17"><span class='ocrx_word' id='word_1_803' title='bbox 2357 4122 2578 4193; x_wconf 84' lang='grc' dir='ltr'>ἡμερῶν</span> <span class='ocrx_word' id='word_1_804' title='bbox 2616 4119 2913 4192; x_wconf 87' lang='grc' dir='ltr'>μεριμνῶν.</span> <span class='ocrx_word' id='word_1_805' title='bbox 2967 4119 3079 4173; x_wconf 82' lang='lat' dir='ltr'>Kal</span> <span class='ocrx_word' id='word_1_806' title='bbox 3124 4116 3261 4189; x_wconf 88' lang='grc' dir='ltr'>μετά</span> <span class='ocrx_word' id='word_1_807' title='bbox 3301 4114 3367 4186; x_wconf 82' lang='grc' dir='ltr'>δὴ</span> <span class='ocrx_word' id='word_1_808' title='bbox 3398 4112 3576 4167; x_wconf 88' lang='grc' dir='ltr'>ταῦτα</span> <span class='ocrx_word' id='word_1_809' title='bbox 3620 4105 3776 4175; x_wconf 74' lang='grc' dir='ltr'>οὗτος</span> <span class='ocrx_word' id='word_1_810' title='bbox 3825 4112 3941 4180; x_wconf 82' lang='grc' dir='ltr'>μὲν</span> 
     </span>
    </p>
   </div>
   <div class='ocr_carea' id='block_1_105' title="bbox 2357 4199 3940 4281">
    <p class='ocr_par' dir='ltr' id='par_1_105' title="bbox 2357 4199 3940 4281">
     <span class='ocr_line' id='line_1_105' title="bbox 2357 4199 3940 4281; baseline -0.008 -16"><span class='ocrx_word' id='word_1_811' title='bbox 2357 4211 2556 4273; x_wconf 80' lang='grc' dir='ltr'>εὐθέως</span> <span class='ocrx_word' id='word_1_812' title='bbox 2580 4210 2679 4281; x_wconf 73' lang='grc' dir='ltr'>τὴν</span> <span class='ocrx_word' id='word_1_813' title='bbox 2703 4208 2863 4279; x_wconf 86' lang='grc' dir='ltr'>χάριν</span> <span class='ocrx_word' id='word_1_814' title='bbox 2886 4205 3188 4262; x_wconf 76' lang='grc' dir='ltr'>ἀπώλεσενὲ</span> <span class='ocrx_word' id='word_1_815' title='bbox 3216 4206 3421 4267; x_wconf 85' lang='grc' dir='ltr'>ἐκεῖνος</span> <span class='ocrx_word' id='word_1_816' title='bbox 3446 4202 3503 4256; x_wconf 75' lang='grc' dir='ltr'>δὲ</span> <span class='ocrx_word' id='word_1_817' title='bbox 3530 4201 3644 4271; x_wconf 68' lang='grc' dir='ltr'>ἔχει</span> <span class='ocrx_word' id='word_1_818' title='bbox 3669 4200 3762 4253; x_wconf 75' lang='grc' dir='ltr'>τὸν</span> <span class='ocrx_word' id='word_1_819' title='bbox 3789 4199 3940 4253; x_wconf 74' lang='grc' dir='ltr'>Θεὸν</span> 
     </span>
    </p>
   </div>
   <div class='ocr_carea' id='block_1_106' title="bbox 2354 4288 3937 4367">
    <p class='ocr_par' dir='ltr' id='par_1_106' title="bbox 2354 4288 3937 4367">
     <span class='ocr_line' id='line_1_106' title="bbox 2354 4288 3937 4367; baseline -0.006 -16"><span class='ocrx_word' id='word_1_820' title='bbox 2354 4298 2657 4367; x_wconf 73' lang='grc' dir='ltr'>ὀφειλέτην,</span> <span class='ocrx_word' id='word_1_821' title='bbox 2686 4297 2782 4351; x_wconf 76' lang='grc' dir='ltr'>καὶ</span> <span class='ocrx_word' id='word_1_822' title='bbox 2810 4296 3075 4367; x_wconf 88' lang='grc' dir='ltr'>χρησταῖς</span> <span class='ocrx_word' id='word_1_823' title='bbox 3103 4293 3363 4365; x_wconf 74' lang='grc' dir='ltr'>τρέφεται</span> <span class='ocrx_word' id='word_1_824' title='bbox 3385 4292 3505 4354; x_wconf 86' lang='grc' dir='ltr'>ταῖς</span> <span class='ocrx_word' id='word_1_825' title='bbox 3545 4288 3747 4352; x_wconf 90' lang='grc' dir='ltr'>ἐλπίσι,</span> <span class='ocrx_word' id='word_1_826' title='bbox 3797 4288 3937 4342; x_wconf 79' lang='grc' dir='ltr'>καθ’</span> 
     </span>
    </p>
   </div>
   <div class='ocr_carea' id='block_1_107' title="bbox 2355 4376 3938 4457">
    <p class='ocr_par' dir='ltr' id='par_1_107' title="bbox 2355 4376 3938 4457">
     <span class='ocr_line' id='line_1_107' title="bbox 2355 4376 3938 4457; baseline -0.007 -16"><span class='ocrx_word' id='word_1_827' title='bbox 2355 4389 2592 4457; x_wconf 85' lang='grc' dir='ltr'>ἐκάστην</span> <span class='ocrx_word' id='word_1_828' title='bbox 2618 4384 2835 4457; x_wconf 80' lang='grc' dir='ltr'>ἡμέραν</span> <span class='ocrx_word' id='word_1_829' title='bbox 2858 4376 3232 4455; x_wconf 80' lang='grc' dir='ltr'>εὐωχούμενος</span> <span class='ocrx_word' id='word_1_830' title='bbox 3275 4381 3371 4437; x_wconf 85' lang='grc' dir='ltr'>ἀπ’</span> <span class='ocrx_word' id='word_1_831' title='bbox 3400 4380 3615 4450; x_wconf 77' lang='grc' dir='ltr'>ἐκείνης</span> <span class='ocrx_word' id='word_1_832' title='bbox 3651 4379 3753 4448; x_wconf 87' lang='grc' dir='ltr'>τῆς</span> <span class='ocrx_word' id='word_1_833' title='bbox 3784 4396 3938 4449; x_wconf 86' lang='grc' dir='ltr'>τρα-</span> 
     </span>
    </p>
   </div>
   <div class='ocr_carea' id='block_1_108' title="bbox 2354 4469 3938 4549">
    <p class='ocr_par' dir='ltr' id='par_1_108' title="bbox 2354 4469 3938 4549">
     <span class='ocr_line' id='line_1_108' title="bbox 2354 4469 3938 4549; baseline -0.003 -19"><span class='ocrx_word' id='word_1_834' title='bbox 2354 4479 2543 4547; x_wconf 78' lang='grc' dir='ltr'>πέζης.</span> <span class='ocrx_word' id='word_1_835' title='bbox 2579 4479 2660 4533; x_wconf 81' lang='grc' dir='ltr'>Τά</span> <span class='ocrx_word' id='word_1_836' title='bbox 2700 4478 2798 4549; x_wconf 71' lang='grc' dir='ltr'>μὲν</span> <span class='ocrx_word' id='word_1_837' title='bbox 2845 4477 2954 4548; x_wconf 88' lang='lat'>7&amp;9</span> <span class='ocrx_word' id='word_1_838' title='bbox 2996 4476 3144 4530; x_wconf 89' lang='grc' dir='ltr'>σιτία</span> <span class='ocrx_word' id='word_1_839' title='bbox 3184 4475 3551 4538; x_wconf 85' lang='grc' dir='ltr'>ἀναλίσκεται,</span> <span class='ocrx_word' id='word_1_840' title='bbox 3585 4472 3621 4542; x_wconf 90' lang='grc' dir='ltr'>ἡ</span> <span class='ocrx_word' id='word_1_841' title='bbox 3669 4470 3728 4524; x_wconf 71' lang='grc' dir='ltr'>δὲ</span> <span class='ocrx_word' id='word_1_842' title='bbox 3766 4469 3938 4543; x_wconf 73' lang='lat'>[330]</span> 
     </span>
    </p>
   </div>
   <div class='ocr_carea' id='block_1_109' title="bbox 2353 4560 3939 4635">
    <p class='ocr_par' dir='ltr' id='par_1_109' title="bbox 2353 4560 3939 4635">
     <span class='ocr_line' id='line_1_109' title="bbox 2353 4560 3939 4635; baseline -0.004 -18"><span class='ocrx_word' id='word_1_843' title='bbox 2353 4566 2512 4635; x_wconf 87' lang='grc' dir='ltr'>χάρις</span> <span class='ocrx_word' id='word_1_844' title='bbox 2543 4566 2644 4619; x_wconf 84' lang='grc' dir='ltr'>οὑκ</span> <span class='ocrx_word' id='word_1_845' title='bbox 2669 4565 3041 4630; x_wconf 88' lang='grc' dir='ltr'>ἀναλίσκεται,</span> <span class='ocrx_word' id='word_1_846' title='bbox 3085 4564 3224 4618; x_wconf 89' lang='grc' dir='ltr'>ἀλλά</span> <span class='ocrx_word' id='word_1_847' title='bbox 3267 4562 3390 4617; x_wconf 86' lang='grc' dir='ltr'>καθ’</span> <span class='ocrx_word' id='word_1_848' title='bbox 3429 4563 3669 4631; x_wconf 77' lang='grc' dir='ltr'>ἐκάστην</span> <span class='ocrx_word' id='word_1_849' title='bbox 3702 4560 3939 4630; x_wconf 80' lang='grc' dir='ltr'>ἡμέραν</span> 
     </span>
    </p>
   </div>
   <div class='ocr_carea' id='block_1_110' title="bbox 2356 4653 3938 4727">
    <p class='ocr_par' dir='ltr' id='par_1_110' title="bbox 2356 4653 3938 4727">
     <span class='ocr_line' id='line_1_110' title="bbox 2356 4653 3938 4727; baseline 0.001 -20"><span class='ocrx_word' id='word_1_850' title='bbox 2356 4654 2555 4724; x_wconf 78' lang='grc' dir='ltr'>μᾶλλον</span> <span class='ocrx_word' id='word_1_851' title='bbox 2583 4655 2764 4727; x_wconf 85' lang='grc' dir='ltr'>χαίρει</span> <span class='ocrx_word' id='word_1_852' title='bbox 2800 4655 2896 4710; x_wconf 76' lang='grc' dir='ltr'>καὶ</span> <span class='ocrx_word' id='word_1_853' title='bbox 2935 4656 3196 4725; x_wconf 81' lang='grc' dir='ltr'>γάννυται</span> <span class='ocrx_word' id='word_1_854' title='bbox 3236 4656 3462 4710; x_wconf 85' lang='grc' dir='ltr'>ἐκείνων</span> <span class='ocrx_word' id='word_1_855' title='bbox 3486 4655 3599 4707; x_wconf 87' lang='grc' dir='ltr'>τῶν</span> <span class='ocrx_word' id='word_1_856' title='bbox 3623 4653 3717 4707; x_wconf 80' lang='grc' dir='ltr'>τὸν</span> <span class='ocrx_word' id='word_1_857' title='bbox 3749 4653 3938 4709; x_wconf 76' lang='grc' dir='ltr'>πολὺν</span> 
     </span>
    </p>
   </div>
   <div class='ocr_carea' id='block_1_111' title="bbox 2350 4738 3937 4816">
    <p class='ocr_par' dir='ltr' id='par_1_111' title="bbox 2350 4738 3937 4816">
     <span class='ocr_line' id='line_1_111' title="bbox 2350 4738 3937 4816; baseline 0.001 -21"><span class='ocrx_word' id='word_1_858' title='bbox 2350 4738 2493 4796; x_wconf 85' lang='grc' dir='ltr'>οῐνον</span> <span class='ocrx_word' id='word_1_859' title='bbox 2516 4744 2954 4816; x_wconf 78' lang='grc' dir='ltr'>ἐμφορηθέντων.</span> <span class='ocrx_word' id='word_1_860' title='bbox 2989 4745 3157 4799; x_wconf 77' lang='grc' dir='ltr'>Οὑδὶν</span> <span class='ocrx_word' id='word_1_861' title='bbox 3179 4746 3290 4815; x_wconf 87' lang='lat'>7&amp;9</span> <span class='ocrx_word' id='word_1_862' title='bbox 3314 4742 3460 4797; x_wconf 80' lang='grc' dir='ltr'>οὕτω</span> <span class='ocrx_word' id='word_1_863' title='bbox 3487 4742 3681 4813; x_wconf 79' lang='grc' dir='ltr'>τρέφει</span> <span class='ocrx_word' id='word_1_864' title='bbox 3699 4741 3801 4813; x_wconf 75' lang='grc' dir='ltr'>τὴν</span> <span class='ocrx_word' id='word_1_865' title='bbox 3817 4744 3937 4813; x_wconf 56' lang='lat' dir='ltr'><strong><em>lpu-</em></strong></span> 
     </span>
    </p>
   </div>
   <div class='ocr_carea' id='block_1_112' title="bbox 2352 4832 3931 4910">
    <p class='ocr_par' dir='ltr' id='par_1_112' title="bbox 2352 4832 3931 4910">
     <span class='ocr_line' id='line_1_112' title="bbox 2352 4832 3931 4910; baseline 0.003 -25"><span class='ocrx_word' id='word_1_866' title='bbox 2352 4832 2472 4904; x_wconf 79' lang='grc' dir='ltr'>χὴν,</span> <span class='ocrx_word' id='word_1_867' title='bbox 2511 4836 2586 4899; x_wconf 83' lang='grc' dir='ltr'>ὡς</span> <span class='ocrx_word' id='word_1_868' title='bbox 2635 4837 2789 4899; x_wconf 74' lang='grc' dir='ltr'>ἐλπὶς</span> <span class='ocrx_word' id='word_1_869' title='bbox 2837 4834 3021 4906; x_wconf 79' lang='grc' dir='ltr'>ἀγαθὴ</span> <span class='ocrx_word' id='word_1_870' title='bbox 3076 4834 3269 4890; x_wconf 76' lang='grc' dir='ltr'>καὶτὸ</span> <span class='ocrx_word' id='word_1_871' title='bbox 3321 4834 3534 4905; x_wconf 84' lang='grc' dir='ltr'>χρηστά</span> <span class='ocrx_word' id='word_1_872' title='bbox 3584 4832 3931 4910; x_wconf 77' lang='grc' dir='ltr'>προσδοκᾷν.</span> 
     </span>
    </p>
   </div>
   <div class='ocr_carea' id='block_1_113' title="bbox 2363 4920 3937 5001">
    <p class='ocr_par' dir='ltr' id='par_1_113' title="bbox 2363 4920 3937 5001">
     <span class='ocr_line' id='line_1_113' title="bbox 2363 4920 3937 5001; baseline -0.005 -14"><span class='ocrx_word' id='word_1_873' title='bbox 2363 4932 2523 4987; x_wconf 80' lang='grc' dir='ltr'>Ἀλλά</span> <span class='ocrx_word' id='word_1_874' title='bbox 2544 4930 2610 5001; x_wconf 82' lang='grc' dir='ltr'>δὴ</span> <span class='ocrx_word' id='word_1_875' title='bbox 2635 4931 2703 4984; x_wconf 81' lang='grc' dir='ltr'>τά</span> <span class='ocrx_word' id='word_1_876' title='bbox 2735 4930 2872 4999; x_wconf 86' lang='grc' dir='ltr'>μετά</span> <span class='ocrx_word' id='word_1_877' title='bbox 2899 4927 3072 4983; x_wconf 89' lang='grc' dir='ltr'>ταῦτα</span> <span class='ocrx_word' id='word_1_878' title='bbox 3096 4927 3318 4996; x_wconf 74' lang='grc' dir='ltr'>ἴδωμεν.</span> <span class='ocrx_word' id='word_1_879' title='bbox 3360 4926 3509 4979; x_wconf 83' lang='grc' dir='ltr'>Ἐκεῖ</span> <span class='ocrx_word' id='word_1_880' title='bbox 3525 4924 3625 4994; x_wconf 73' lang='grc' dir='ltr'>μὲν</span> <span class='ocrx_word' id='word_1_881' title='bbox 3645 4920 3803 4977; x_wconf 77' lang='grc' dir='ltr'>αὐλοὶ</span> <span class='ocrx_word' id='word_1_882' title='bbox 3821 4926 3937 4979; x_wconf 71' lang='grc' dir='ltr'>καὶ</span> 
     </span>
    </p>
   </div>
   <div class='ocr_carea' id='block_1_114' title="bbox 2352 5013 3938 5094">
    <p class='ocr_par' dir='ltr' id='par_1_114' title="bbox 2352 5013 3938 5094">
     <span class='ocr_line' id='line_1_114' title="bbox 2352 5013 3938 5094; baseline -0.008 -17"><span class='ocrx_word' id='word_1_883' title='bbox 2352 5023 2571 5094; x_wconf 88' lang='grc' dir='ltr'>κιθάραι</span> <span class='ocrx_word' id='word_1_884' title='bbox 2629 5020 2725 5074; x_wconf 76' lang='grc' dir='ltr'>καὶ</span> <span class='ocrx_word' id='word_1_885' title='bbox 2776 5018 3072 5089; x_wconf 86' lang='grc' dir='ltr'>σύριγγες,</span> <span class='ocrx_word' id='word_1_886' title='bbox 3112 5015 3345 5070; x_wconf 89' lang='grc' dir='ltr'>ἐνταῦθα</span> <span class='ocrx_word' id='word_1_887' title='bbox 3388 5014 3447 5069; x_wconf 78' lang='grc' dir='ltr'>δέ</span> <span class='ocrx_word' id='word_1_888' title='bbox 3498 5014 3653 5067; x_wconf 77' lang='grc' dir='ltr'>οὐδὲν</span> <span class='ocrx_word' id='word_1_889' title='bbox 3703 5013 3938 5083; x_wconf 68' lang='grc' dir='ltr'>ἀπηχὲς</span> 
     </span>
    </p>
   </div>
   <div class='ocr_carea' id='block_1_115' title="bbox 2352 5102 3941 5184">
    <p class='ocr_par' dir='ltr' id='par_1_115' title="bbox 2352 5102 3941 5184">
     <span class='ocr_line' id='line_1_115' title="bbox 2352 5102 3941 5184; baseline -0.008 -16"><span class='ocrx_word' id='word_1_890' title='bbox 2352 5114 2512 5184; x_wconf 79' lang='grc' dir='ltr'>μέλος</span> <span class='ocrx_word' id='word_1_891' title='bbox 2535 5129 2550 5146; x_wconf 77' lang='grc' dir='ltr'><strong>ο</strong></span> <span class='ocrx_word' id='word_1_892' title='bbox 2586 5111 2721 5166; x_wconf 85' lang='grc' dir='ltr'>ἀλλά</span> <span class='ocrx_word' id='word_1_893' title='bbox 2747 5108 2801 5162; x_wconf 89' lang='grc' dir='ltr'>τί</span> <span class='ocrx_word' id='word_1_894' title='bbox 2812 5126 2829 5176; x_wconf 73' lang='grc' dir='ltr'>ι</span> <span class='ocrx_word' id='word_1_895' title='bbox 2860 5108 3038 5179; x_wconf 85' lang='grc' dir='ltr'>ῦμνοι,</span> <span class='ocrx_word' id='word_1_896' title='bbox 3068 5106 3398 5177; x_wconf 80' lang='grc' dir='ltr'>ψαλμῳδίαι.</span> <span class='ocrx_word' id='word_1_897' title='bbox 3436 5104 3585 5157; x_wconf 85' lang='grc' dir='ltr'>Ἐκεῖ</span> <span class='ocrx_word' id='word_1_898' title='bbox 3608 5102 3776 5175; x_wconf 79' lang='grc' dir='ltr'>μένοί</span> <span class='ocrx_word' id='word_1_899' title='bbox 3802 5103 3941 5157; x_wconf 81' lang='grc' dir='ltr'>δαί-</span> 
     </span>
    </p>
   </div>
   <div class='ocr_carea' id='block_1_116' title="bbox 2354 5192 3937 5273">
    <p class='ocr_par' dir='ltr' id='par_1_116' title="bbox 2354 5192 3937 5273">
     <span class='ocr_line' id='line_1_116' title="bbox 2354 5192 3937 5273; baseline -0.007 -18"><span class='ocrx_word' id='word_1_900' title='bbox 2354 5219 2512 5273; x_wconf 87' lang='grc' dir='ltr'>μονες</span> <span class='ocrx_word' id='word_1_901' title='bbox 2537 5198 2918 5270; x_wconf 84' lang='grc' dir='ltr'>ἀνυμνοῦνται,</span> <span class='ocrx_word' id='word_1_902' title='bbox 2951 5195 3187 5252; x_wconf 74' lang='grc' dir='ltr'>ἰνταῦθα</span> <span class='ocrx_word' id='word_1_903' title='bbox 3221 5195 3280 5249; x_wconf 72' lang='grc' dir='ltr'>δέ</span> <span class='ocrx_word' id='word_1_904' title='bbox 3308 5196 3338 5248; x_wconf 83' lang='grc' dir='ltr'>ὀ</span> <span class='ocrx_word' id='word_1_905' title='bbox 3378 5194 3598 5251; x_wconf 83' lang='grc' dir='ltr'>πάντων</span> <span class='ocrx_word' id='word_1_906' title='bbox 3637 5192 3937 5265; x_wconf 79' lang='grc' dir='ltr'>Δεσπότης</span> 
     </span>
    </p>
   </div>
   <div class='ocr_carea' id='block_1_117' title="bbox 2347 5287 3933 5365">
    <p class='ocr_par' dir='ltr' id='par_1_117' title="bbox 2347 5287 3933 5365">
     <span class='ocr_line' id='line_1_117' title="bbox 2347 5287 3933 5365; baseline -0.004 -16"><span class='ocrx_word' id='word_1_907' title='bbox 2347 5296 2500 5360; x_wconf 89' lang='grc' dir='ltr'>Θεός.</span> <span class='ocrx_word' id='word_1_908' title='bbox 2555 5294 2718 5365; x_wconf 75' lang='grc' dir='ltr'>Ὀρᾷς</span> <span class='ocrx_word' id='word_1_909' title='bbox 2770 5293 2945 5361; x_wconf 85' lang='grc' dir='ltr'>πόσης</span> <span class='ocrx_word' id='word_1_910' title='bbox 2998 5291 3097 5362; x_wconf 65' lang='grc' dir='ltr'>μὲν</span> <span class='ocrx_word' id='word_1_911' title='bbox 3136 5290 3271 5361; x_wconf 82' lang='grc' dir='ltr'>αῦτη</span> <span class='ocrx_word' id='word_1_912' title='bbox 3330 5289 3588 5361; x_wconf 84' lang='grc' dir='ltr'>χάριτος,</span> <span class='ocrx_word' id='word_1_913' title='bbox 3640 5287 3816 5357; x_wconf 75' lang='grc' dir='ltr'>πόσης</span> <span class='ocrx_word' id='word_1_914' title='bbox 3857 5288 3933 5343; x_wconf 63' lang='grc' dir='ltr'>δὲ</span> 
     </span>
    </p>
   </div>
   <div class='ocr_carea' id='block_1_118' title="bbox 2347 5377 3935 5455">
    <p class='ocr_par' dir='ltr' id='par_1_118' title="bbox 2347 5377 3935 5455">
     <span class='ocr_line' id='line_1_118' title="bbox 2347 5377 3935 5455; baseline -0.004 -16"><span class='ocrx_word' id='word_1_915' title='bbox 2347 5383 2740 5455; x_wconf 82' lang='grc' dir='ltr'>ἀγνωμοσύνης</span> <span class='ocrx_word' id='word_1_916' title='bbox 2783 5381 2966 5452; x_wconf 76' lang='grc' dir='ltr'>ἐκείνη</span> <span class='ocrx_word' id='word_1_917' title='bbox 3008 5381 3101 5435; x_wconf 78' lang='grc' dir='ltr'>καὶ</span> <span class='ocrx_word' id='word_1_918' title='bbox 3148 5379 3508 5449; x_wconf 87' lang='grc' dir='ltr'>ἀναισθησίας</span> <span class='ocrx_word' id='word_1_919' title='bbox 3544 5377 3740 5448; x_wconf 79' lang='grc' dir='ltr'>γέμει;</span> <span class='ocrx_word' id='word_1_920' title='bbox 3775 5377 3935 5432; x_wconf 67' lang='grc' dir='ltr'>Εἰπὲ</span> 
     </span>
    </p>
   </div>
   <div class='ocr_carea' id='block_1_119' title="bbox 2348 5466 3934 5547">
    <p class='ocr_par' dir='ltr' id='par_1_119' title="bbox 2348 5466 3934 5547">
     <span class='ocr_line' id='line_1_119' title="bbox 2348 5466 3934 5547; baseline -0.008 -16"><span class='ocrx_word' id='word_1_921' title='bbox 2348 5478 2455 5547; x_wconf 84' lang='grc' dir='ltr'>γάρ</span> <span class='ocrx_word' id='word_1_922' title='bbox 2489 5492 2580 5546; x_wconf 89' lang='grc' dir='ltr'>μοι</span> <span class='ocrx_word' id='word_1_923' title='bbox 2607 5489 2621 5505; x_wconf 73' lang='grc' dir='ltr'><strong>ο</strong></span> <span class='ocrx_word' id='word_1_924' title='bbox 2653 5474 2683 5527; x_wconf 82' lang='grc' dir='ltr'><strong>ὁ</strong></span> <span class='ocrx_word' id='word_1_925' title='bbox 2712 5472 2842 5536; x_wconf 81' lang='grc' dir='ltr'>Θεός</span> <span class='ocrx_word' id='word_1_926' title='bbox 2871 5487 2932 5526; x_wconf 82' lang='grc' dir='ltr'>σε</span> <span class='ocrx_word' id='word_1_927' title='bbox 2960 5470 3187 5544; x_wconf 67' lang='grc' dir='ltr'>ἔθρεψεν</span> <span class='ocrx_word' id='word_1_928' title='bbox 3228 5473 3294 5526; x_wconf 78' lang='grc' dir='ltr'>ἐκ</span> <span class='ocrx_word' id='word_1_929' title='bbox 3320 5470 3431 5525; x_wconf 79' lang='grc' dir='ltr'>τῶν</span> <span class='ocrx_word' id='word_1_930' title='bbox 3456 5468 3680 5538; x_wconf 82' lang='grc' dir='ltr'>ἀγαθῶν</span> <span class='ocrx_word' id='word_1_931' title='bbox 3719 5466 3934 5531; x_wconf 79' lang='grc' dir='ltr'>αὑτοῦ,</span> 
     </span>
    </p>
   </div>
   <div class='ocr_carea' id='block_1_120' title="bbox 2348 5557 3933 5633">
    <p class='ocr_par' dir='ltr' id='par_1_120' title="bbox 2348 5557 3933 5633">
     <span class='ocr_line' id='line_1_120' title="bbox 2348 5557 3933 5633; baseline -0.004 -13"><span class='ocrx_word' id='word_1_932' title='bbox 2348 5566 2440 5621; x_wconf 80' lang='grc' dir='ltr'>καὶ</span> <span class='ocrx_word' id='word_1_933' title='bbox 2467 5564 2586 5618; x_wconf 83' lang='grc' dir='ltr'>δέον</span> <span class='ocrx_word' id='word_1_934' title='bbox 2610 5562 2761 5631; x_wconf 87' lang='grc' dir='ltr'>αὑτῷ</span> <span class='ocrx_word' id='word_1_935' title='bbox 2791 5563 3132 5633; x_wconf 84' lang='grc' dir='ltr'>εὐχαριστεῖν</span> <span class='ocrx_word' id='word_1_936' title='bbox 3164 5562 3303 5632; x_wconf 85' lang='grc' dir='ltr'>μετά</span> <span class='ocrx_word' id='word_1_937' title='bbox 3343 5561 3406 5616; x_wconf 78' lang='grc' dir='ltr'>τὸ</span> <span class='ocrx_word' id='word_1_938' title='bbox 3433 5560 3726 5633; x_wconf 80' lang='grc' dir='ltr'>τραφῆναι,</span> <span class='ocrx_word' id='word_1_939' title='bbox 3758 5557 3829 5611; x_wconf 77' lang='grc' dir='ltr'>σὺ</span> <span class='ocrx_word' id='word_1_940' title='bbox 3858 5559 3933 5614; x_wconf 67' lang='grc' dir='ltr'>δὲ</span> 
     </span>
    </p>
   </div>
   <div class='ocr_carea' id='block_1_121' title="bbox 2347 5648 3934 5722">
    <p class='ocr_par' dir='ltr' id='par_1_121' title="bbox 2347 5648 3934 5722">
     <span class='ocr_line' id='line_1_121' title="bbox 2347 5648 3934 5722; baseline -0.004 -12"><span class='ocrx_word' id='word_1_941' title='bbox 2347 5658 2471 5718; x_wconf 75' lang='grc' dir='ltr'>τοὺς</span> <span class='ocrx_word' id='word_1_942' title='bbox 2507 5653 2767 5722; x_wconf 84' lang='grc' dir='ltr'>δαίμονας</span> <span class='ocrx_word' id='word_1_943' title='bbox 2788 5651 3129 5720; x_wconf 75' lang='grc' dir='ltr'>ἐπεισάγειςς</span> <span class='ocrx_word' id='word_1_944' title='bbox 3164 5651 3235 5705; x_wconf 91' lang='grc' dir='ltr'>τά</span> <span class='ocrx_word' id='word_1_945' title='bbox 3264 5650 3373 5721; x_wconf 88' lang='lat'>7&amp;9</span> <span class='ocrx_word' id='word_1_946' title='bbox 3388 5650 3482 5715; x_wconf 82' lang='grc' dir='ltr'>διά</span> <span class='ocrx_word' id='word_1_947' title='bbox 3503 5651 3614 5704; x_wconf 83' lang='grc' dir='ltr'>τῶν</span> <span class='ocrx_word' id='word_1_948' title='bbox 3635 5648 3934 5718; x_wconf 73' lang='grc' dir='ltr'>πηκτίδων</span> 
     </span>
    </p>
   </div>
   <div class='ocr_carea' id='block_1_122' title="bbox 2353 5740 3923 5816">
    <p class='ocr_par' dir='ltr' id='par_1_122' title="bbox 2353 5740 3923 5816">
     <span class='ocr_line' id='line_1_122' title="bbox 2353 5740 3923 5816; baseline -0.003 -17"><span class='ocrx_word' id='word_1_949' title='bbox 2353 5746 2502 5801; x_wconf 69' lang='grc' dir='ltr'>οὐδὲν</span> <span class='ocrx_word' id='word_1_950' title='bbox 2536 5744 2680 5811; x_wconf 79' lang='grc' dir='ltr'>ἄλλο,</span> <span class='ocrx_word' id='word_1_951' title='bbox 2724 5743 2757 5815; x_wconf 78' lang='grc' dir='ltr'><strong>ἢ</strong></span> <span class='ocrx_word' id='word_1_952' title='bbox 2787 5743 3056 5814; x_wconf 84' lang='grc' dir='ltr'>δαιμόνων</span> <span class='ocrx_word' id='word_1_953' title='bbox 3098 5743 3339 5816; x_wconf 77' lang='grc' dir='ltr'>ᾄσματα.</span> <span class='ocrx_word' id='word_1_954' title='bbox 3372 5742 3500 5797; x_wconf 80' lang='grc' dir='ltr'>Δέον</span> <span class='ocrx_word' id='word_1_955' title='bbox 3523 5743 3717 5809; x_wconf 85' lang='grc' dir='ltr'>εἰπεῖν,</span> <span class='ocrx_word' id='word_1_956' title='bbox 3749 5740 3923 5795; x_wconf 78' lang='grc' dir='ltr'>Εὐλο-</span> 
     </span>
    </p>
   </div>
  </div>
