4050 6324
129 378 238 432 5οὸ

125 506 200 544 an
228 501 419 547 exacte
463 500 520 548 et
567 502 814 548 accurate
856 500 1074 547 structze
1111 502 1237 548 sunt
1262 493 1432 546 ambat
1461 488 1708 545 mensae?

125 579 355 637 deestne
378 581 574 654 aliquid
596 584 621 638 τ
648 584 757 655 Ego
775 584 990 654 quidem
1011 598 1117 638 non
1144 583 1369 653 opinor:
1397 597 1518 636 nam
1546 591 1601 637 et
1627 581 1710 634 in-

127 671 334 727 vitatos
381 676 660 741 recensui,
687 676 1013 745 exposuique
1056 690 1214 745 quam
1245 674 1473 743 pretiosa
1502 682 1557 729 et
1595 688 1710 727 nia-

125 763 327 831 gniﬁca
371 774 554 820 essent
599 780 744 831 vasa,
794 766 1025 837 stragula
1079 775 1134 822 et
1185 766 1403 821 cibaria.
1433 764 1538 821 Sed
1567 773 1621 820 et
1665 763 1711 820 si

126 853 424 924 Quidquam
458 859 930 925 praetermisimus,
967 858 1021 912 iu
1043 858 1284 914 oratione
1312 859 1714 928 progredientes

128 942 182 995 id
215 942 571 1002 inveniemus.
591 947 699 1018 Age
723 962 853 1018 ergo
875 989 890 1011 ,
919 949 1169 1017 quoniam
1199 947 1340 1018 quod
1384 937 1618 1018 oportuit
1659 955 1716 1018 et

125 1033 318 1088 decuit
342 1034 508 1090 decus
544 1045 598 1092 et
624 1047 993 1093 ornamentum
1024 1039 1231 1107 accepit
1257 1048 1480 1107 utraque
1506 1051 1711 1102 mensa,

129 1121 412 1179 videamus
452 1126 663 1181 ubinam
704 1143 800 1182 vos
833 1127 1180 1184 accumbetis.
1210 1127 1341 1182 Nam
1375 1142 1476 1198 ego
1500 1125 1714 1195 quidem

127 1213 273 1266 vado
301 1213 369 1268 ad
397 1229 636 1270 mensam
656 1231 922 1272 caecorum
948 1227 1005 1272 et
1029 1218 1340 1272 claudorum
1372 1237 1384 1271 :
1416 1219 1595 1288 plures
1619 1233 1716 1271 au-

130 1312 240 1355 tem
264 1317 332 1358 ex
361 1305 514 1360 vobis
537 1307 732 1377 eligent
787 1307 923 1363 banc
968 1308 1197 1364 fortasse
1235 1323 1473 1364 mensam
1523 1309 1716 1362 ducto-

129 1409 253 1447 rum
285 1397 552 1451 exercitus
591 1413 710 1467 qua:
759 1410 841 1454 est
894 1397 1172 1470 splendida
1200 1408 1254 1454 et
1295 1400 1495 1454 hilaris.
1529 1398 1720 1452 Videa-

130 1498 256 1538 mus
286 1500 414 1554 ergo
439 1495 555 1542 utra
594 1488 661 1542 sit
693 1489 881 1559 majori
918 1490 1120 1560 repleta
1149 1491 1452 1560 voluptate;
1482 1488 1717 1544 nondum

130 1573 280 1626 enim
310 1574 484 1629 futura
527 1575 857 1647 inquiramus
889 1596 902 1631 :
933 1594 1057 1633 nam
1100 1579 1152 1633 in
1200 1579 1304 1634 illis
1340 1577 1553 1650 quidem
1605 1577 1718 1634 ha‘c

134 1677 257 1717 mea
280 1673 364 1718 est
381 1668 644 1736 superior.
662 1667 878 1734 Quare?
899 1669 1158 1737 Quoniam
1187 1668 1302 1724 haec
1326 1668 1539 1740 quidem
1564 1665 1718 1722 Clari-

130 1763 280 1807 stum
311 1756 469 1811 habet
493 1759 894 1814 accumbentem
920 1777 935 1825 ;
969 1760 1056 1816 illa
1087 1769 1262 1816 autem
1279 1760 1522 1816 homines
1556 1777 1569 1814 :
1605 1759 1718 1815 hzec

134 1842 446 1913 Dominum,
479 1846 563 1903 illa
585 1861 790 1904 servos.
823 1851 891 1903 At
910 1849 978 1905 de
1013 1849 1096 1905 his
1126 1851 1360 1905 nondum
1383 1852 1591 1920 agitur;
1622 1849 1716 1905 sed

131 1932 414 1988 videamus
443 1945 558 1990 utra
600 1936 856 2008 majorem
883 1938 1074 1994 habeat
1106 1941 1429 2009 voluptatem
1475 1941 1528 1994 in
1578 1956 1718 2008 prte-

132 2024 331 2076 sentia.
360 2023 427 2078 Et
471 2025 523 2079 in
574 2023 674 2081 hac
702 2027 916 2096 quidem
963 2028 1132 2098 major
1173 2038 1256 2083 est
1286 2029 1400 2083 ha:c
1429 2029 1672 2097 voluptas
1700 2044 1715 2082 :

133 2128 262 2166 nam
285 2129 406 2168 cum
431 2129 558 2186 rege
583 2117 899 2174 accumbere
917 2117 1173 2188 majorem
1194 2119 1349 2174 affert
1369 2118 1716 2189 voluptatem,

132 2218 296 2270 qttam
326 2219 446 2259 eum
477 2206 665 2261 servis.
696 2206 802 2263 Sed
831 2208 932 2264 hoc
952 2224 1166 2280 quoque
1208 2213 1502 2276 mittamus,
1525 2219 1578 2265 et
1604 2225 1717 2264 rem

136 2292 310 2359 ipsam
341 2311 434 2363 per
462 2311 521 2352 se
547 2302 933 2354 examinemus.
951 2300 1061 2370 Ego
1088 2300 1285 2370 itaque,
1312 2309 1367 2354 et
1391 2302 1479 2369 qui
1511 2315 1718 2354 meet-iu

137 2383 280 2437 hanc
307 2400 543 2440 mensam
564 2386 859 2458 elegerunt,
886 2403 1008 2444 cum
1035 2405 1225 2461 magna
1248 2390 1495 2445 libertate
1522 2401 1577 2445 et
1601 2391 1721 2444 ani-

135 2473 212 2526 mi
239 2476 621 2546 tranquillitate
645 2487 699 2532 et
724 2477 1102 2545 delectatione,
1130 2488 1185 2535 et
1227 2480 1466 2535 dicemus
1484 2521 1499 2545 ,
1530 2489 1584 2535 et
1621 2496 1719 2534 au-

134 2561 350 2617 diemus
377 2566 554 2619 omnia
581 2582 595 2622 :
621 2581 716 2622 vos
753 2576 930 2622 autem
956 2577 1245 2624 trementes
1271 2578 1326 2624 et
1353 2569 1718 2635 formidantes,

133 2661 191 2706 et
217 2668 313 2707 eos
333 2655 422 2724 qui
459 2658 781 2712 accumbunt
808 2667 1136 2724 reverentes,
1166 2675 1234 2714 ne
1262 2674 1477 2715 manum
1506 2661 1721 2730 quidem

135 2744 406 2800 audebitis
424 2747 732 2815 extendere,
763 2758 1031 2821 tamquam
1062 2751 1118 2806 in
1149 2751 1418 2824 paedagogi
1451 2753 1634 2807 ludum
1657 2753 1722 2808 li-

137 2835 397 2890 terarium
423 2837 668 2907 ingressi,
701 2854 808 2895 non
827 2840 894 2895 ad
922 2842 1222 2910 prandium,
1257 2853 1524 2913 tamquam
1550 2858 1722 2921 saevos

134 2927 390 2982 dominos
431 2927 824 2987 horrescentes.
855 2932 961 2987 Sed
1003 2946 1110 2987 non
1158 2933 1238 3001 sic
1265 2933 1362 2987 illi.
1387 2935 1457 2988 At
1495 2949 1716 3004 magna,

136 3017 333 3086 inquit,
364 3033 452 3072 res
477 3028 562 3074 est
592 3019 784 3074 honor.
817 3021 978 3091 Atqui
1003 3036 1104 3092 ego
1128 3022 1344 3093 quidem
1371 3024 1558 3092 majori
1602 3039 1721 3080 sum

135 3109 190 3160 in
226 3110 432 3164 honore
462 3125 476 3161 :
511 3125 631 3165 nam
662 3119 836 3166 vestra
879 3113 1053 3182 major
1086 3123 1306 3185 apparet
1350 3114 1524 3170 vilitas
1550 3155 1565 3181 ,
1589 3130 1718 3196 cum

133 3200 304 3254 etiam
341 3199 583 3268 ejusdem
627 3217 825 3256 mensae
868 3203 1190 3272 participes,
1233 3203 1517 3273 proferatis
1561 3205 1720 3261 verba

134 3306 442 3347 servorum.
475 3291 684 3348 Etenim
714 3303 838 3348 tunc
861 3295 1092 3350 maxime
1114 3304 1338 3364 apparet
1361 3309 1568 3362 servus,
1596 3312 1719 3352 cum

135 3383 452 3438 accubuerit
489 3398 609 3438 cum
644 3383 863 3440 domino
892 3403 906 3438 :
937 3400 1057 3438 nam
1088 3385 1180 3440 ille
1203 3385 1417 3455 quidem
1446 3395 1529 3442 est
1557 3388 1645 3441 ubi
1671 3387 1720 3442 ei

136 3489 264 3528 esse
303 3488 408 3529 non
447 3455 818 3542 conveniebat,
845 3491 909 3531 ex
958 3475 1322 3533 familiaritate
1369 3493 1475 3534 non
1515 3489 1719 3534 tantum

139 3565 350 3621 habens
377 3565 658 3631 honorem,
708 3578 958 3638 quantam
984 3568 1338 3638 dejectionem
1363 3586 1378 3635 ;
1410 3579 1547 3632 tunc
1575 3572 1720 3627 enim

138 3655 298 3710 valde
336 3655 554 3712 humilis
583 3657 822 3713 redditur
840 3666 893 3714 et
920 3659 1179 3730 abjectus.
1204 3660 1428 3717 Servum
1457 3662 1598 3717 enim
1626 3678 1720 3732 per

137 3762 200 3803 se
225 3747 424 3804 videris
445 3763 565 3804 esse
583 3750 941 3820 splendidum,
963 3761 1018 3806 et
1044 3768 1137 3821 per
1161 3768 1220 3808 se
1243 3754 1578 3822 splendidum
1600 3770 1719 3810 esse

139 3852 435 3907 pauperem
459 3878 475 3903 ,
505 3847 560 3892 at
589 3855 694 3894 non
720 3841 933 3911 quando
963 3841 1199 3897 ambulat
1233 3859 1353 3898 cum
1379 3844 1544 3900 divite
1570 3864 1584 3899 :
1619 3847 1720 3900 hu-

142 3929 272 3983 mile
301 3929 444 3983 enim
468 3929 682 4000 quando
708 3930 866 3986 fuerit
907 3946 1074 4002 prope
1114 3933 1371 3999 sublime,
1405 3943 1529 3989 tunc
1554 3951 1717 4005 appa-

141 4027 225 4074 ret
277 4021 513 4086 bumile;
554 4030 610 4076 et
643 4024 972 4091 comparatio
1013 4023 1210 4080 humile
1235 4026 1410 4081 reddit
1434 4027 1718 4094 humilius,

142 4127 250 4167 non
274 4112 453 4166 altius.
487 4113 561 4166 lta
587 4128 683 4168 vos
711 4115 923 4184 quoque
954 4115 1263 4172 humiliores
1302 4119 1476 4173 reddit
1500 4128 1554 4173 et
1574 4121 1720 4185 alije-

46 4207 49 4209 ’
140 4204 342 4257 ctiores
368 4218 488 4256 cum
518 4204 620 4258 illis
648 4206 965 4260 accumbere
994 4223 1007 4258 :
1038 4206 1131 4262 sed
1156 4222 1260 4261 non
1283 4223 1400 4262 nos.
1431 4209 1487 4263 In
1515 4209 1722 4266 duobus

139 4294 358 4361 quidem
381 4294 501 4349 illos
518 4309 850 4364 superamus,
872 4312 1064 4367 nempe
1084 4297 1136 4351 in
1160 4298 1400 4353 libertate
1414 4309 1469 4354 et
1496 4301 1719 4368 honore,

140 4401 264 4438 cum
297 4386 487 4454 quibus
515 4386 646 4440 nihil
675 4397 849 4456 potest
875 4388 1125 4454 conferri,
1157 4389 1296 4460 quod
1326 4393 1516 4446 attinet
1541 4393 1605 4447 ad
1630 4409 1722 4447 vo-

141 4477 421 4544 luptatem.
452 4475 582 4530 Nam
623 4492 724 4546 ego
765 4477 978 4546 quidem
1007 4480 1184 4534 malim
1215 4480 1386 4534 solum
1411 4498 1598 4550 panem
1626 4499 1718 4538 su-

143 4580 296 4619 mere
324 4580 443 4619 cum
476 4565 721 4621 libertate
743 4607 760 4633 ,
793 4583 948 4636 quam
980 4569 1397 4625 innumerabiles
1424 4572 1573 4626 cibos
1597 4589 1719 4628 cum

141 4657 423 4711 servitute.
444 4655 629 4710 Helius
653 4667 724 4711 est
745 4659 909 4711 vocari
930 4662 997 4712 ad
1025 4658 1164 4714 olera
1186 4677 1302 4714 cum
1325 4662 1553 4729 caritate,
1569 4681 1720 4734 quam

139 4747 208 4798 ad
248 4745 459 4800 ritahnn
485 4750 768 4816 saginatum
796 4765 907 4801 cum
935 4749 1052 4804 odia
1078 4751 1096 4820 (
1123 4749 1282 4809 Prov.
1304 4753 1392 4808 i5.
1424 4754 1489 4808 l7
1517 4755 1557 4824 ).
1585 4755 1718 4810 Nam

141 4837 399 4907 quidquid
430 4839 504 4892 illi
529 4839 780 4906 dixerint,
814 4855 1036 4897 necesse
1063 4852 1146 4897 est
1172 4851 1229 4898 ut
1265 4847 1354 4914 qui
1383 4845 1574 4900 adsunt
1601 4847 1718 4902 lau-

139 4929 303 4993 dent,
333 4929 415 4983 vel
453 4928 748 4997 oll‘endant,
779 4947 839 4987 se
859 4942 1104 5000 gerentes
1137 4945 1402 5006 tamquam
1433 4939 1714 5008 parasitos,

141 5020 249 5074 imo
286 5035 414 5074 vero
444 5019 550 5075 illis
571 5021 743 5090 pejus.
770 5021 902 5076 Nam
930 5024 1012 5078 eis
1029 5025 1268 5095 quidem,
1299 5036 1353 5082 et
1378 5028 1565 5091 sicum
1598 5045 1720 5099 pro-

142 5111 236 5165 bro
284 5121 338 5164 et
370 5111 659 5180 ignominia
701 5114 1024 5169 contumelia
1067 5116 1388 5184 afﬁciantur,
1423 5135 1526 5175 non
1567 5120 1719 5177 deest

142 5214 323 5257 tamen
349 5203 570 5258 libertas
599 5203 848 5274 loquendi
873 5223 887 5261 :
911 5206 1062 5261 vobis
1091 5221 1266 5263 autem
1294 5225 1361 5265 ne
1386 5212 1485 5266 hoc
1505 5211 1717 5280 quidem

141 5295 315 5350 adest.
332 5293 440 5350 Sed
464 5294 725 5364 ejusmodi
745 5297 958 5366 quidem
979 5308 1062 5353 est
1079 5301 1253 5354 vilitas
1267 5310 1320 5357 et
1345 5302 1604 5372 dejectio;
1624 5321 1718 5360 ex-

140 5386 421 5444 timeSL'itis
465 5386 607 5441 enim
631 5396 684 5442 et
720 5387 1025 5457 trepidetis:
1059 5390 1234 5445 nullus
1277 5402 1452 5446 autem
1493 5393 1718 5449 habetur

144 5479 337 5531 honor.
368 5478 510 5547 Ergo
534 5477 624 5532 illa
652 5479 866 5548 quidem
894 5481 1040 5535 omni
1069 5483 1338 5550 voluptate
1365 5495 1447 5538 est
1489 5486 1713 5554 privata,

143 5568 255 5623 haec
282 5577 462 5623 autem
485 5568 641 5638 plena
662 5578 746 5624 est
773 5571 914 5625 omni
943 5572 1106 5626 animi
1133 5572 1502 5630 delectatione.

207 5661 262 5716 5.
304 5657 544 5727 Crapuhs
583 5661 774 5714 malum
797 5671 845 5714 et
872 5661 1108 5717 dedecus.
1137 5662 1332 5719 --Sed
1379 5676 1434 5720 et
1480 5667 1712 5733 ipsarum

140 5764 383 5806 escarum
415 5756 658 5806 naturam
682 5752 1066 5811 examinetnus.
1100 5753 1229 5811 Nam
1251 5756 1358 5811 illic
1383 5757 1593 5834 quidem
1619 5776 1712 5818 ne-

1022 375 1086 432 ΙΝ
1128 375 1336 432 ειιιετ.
1379 375 1470 428 AD
1507 369 1778 428 COLOSS.
1822 371 1970 428 CAP.
2016 376 2054 428 Ι.
2099 373 2324 430 IIOMIL.
2370 376 2405 430 l.

3293 392 3400 446 306

1822 498 1974 541 cesse
1999 489 2192 558 cuique
2217 499 2320 555 est,
2338 490 2542 544 etiamsi
2575 494 2724 560 nolit,
2745 496 2912 553 multo
2942 500 3068 556 vino
3095 501 3352 573 disrumpi
3381 527 3396 561 :

1820 575 1906 630 hic
1936 587 2111 632 autem
2143 577 2267 634 licet
2313 579 2419 634 nun
2459 583 2764 654 comedere,
2793 603 2893 643 nec
2939 590 3145 658 bibere,
3168 595 3214 647 si
3241 595 3395 652 nolit.

1817 664 2173 734 Quamobrem
2201 669 2307 724 illic
2325 685 2466 740 eam,
2489 687 2608 742 qua:
2623 689 2687 730 ex
2704 676 2943 734 ciborum
2963 682 3268 741 conditione
3291 688 3402 739 ori-

1820 767 1906 813 tur
1927 759 2271 828 voluptatem.
2299 771 2354 817 et
2381 766 2689 832 praecedens
2718 769 2905 826 adimit
2931 771 3185 842 dedecus,
3212 785 3266 832 et
3281 793 3402 847 quas

1820 850 2117 907 satietatem
2150 854 2391 924 sequitur
2413 857 2680 914 molestia.
2703 860 2819 916 Non
2846 865 3025 920 minus
3054 867 3199 922 enim
3239 883 3400 938 quam

1820 940 2005 1032 fames,
2029 958 2252 1014 corpora
2271 951 2564 1022 corrumpit
2580 953 2735 1009 nobis
2749 963 2805 1011 et
2831 956 3017 1015 dolore
3039 960 3207 1016 allicit
3231 963 3404 1032 reple-

1820 1031 1894 1086 tio
1919 1039 1974 1087 et
1998 1034 2287 1101 saturitas;
2320 1037 2429 1094 imo
2467 1057 2596 1096 vero
2634 1045 2846 1113 gravius
2873 1064 2890 1101 :
2922 1057 2976 1102 et
3009 1031 3403 1122 quemcumque

1822 1121 1952 1176 mihi
2000 1122 2132 1179 dare
2174 1127 2426 1192 volueris,
2473 1145 2595 1186 eum
2633 1131 2844 1190 facilius
2869 1135 3197 1209 disrumpam
3224 1121 3400 1211 reple-

1822 1214 1990 1279 tione,
2019 1229 2181 1286 quam
2208 1219 2361 1274 fame.
2391 1221 2470 1277 lle
2500 1239 2624 1278 vera
2653 1227 2797 1282 enim
2829 1228 2943 1284 haec
2970 1241 3050 1285 est
3081 1233 3169 1288 illa
3199 1234 3402 1289 tolera-

1823 1305 1980 1360 bilior
2007 1325 2020 1362 :
2055 1310 2304 1377 quoniam
2327 1312 2525 1367 famem
2554 1316 2635 1370 vel
2665 1317 2848 1388 viginti
2887 1319 3005 1376 dies
3029 1323 3295 1393 quispiam
3322 1335 3403 1380 tu-

1824 1395 1961 1461 lerit,
1995 1399 2342 1466 repletionem
2389 1413 2568 1458 autem
2608 1420 2676 1462 ne
2719 1407 2856 1462 duos
2901 1410 3118 1478 quidem
3153 1422 3250 1467 :et
3278 1429 3401 1468 eum

1823 1483 1964 1542 fatue
1992 1488 2210 1557 quidem
2255 1491 2467 1547 assidue
2495 1494 2759 1552 luctantes
2780 1498 2868 1568 qui
2896 1502 3004 1556 ruri
3036 1501 3255 1573 degunt,
3286 1508 3402 1561 sani

1820 1584 1947 1630 sunt
1968 1616 1985 1639 ,
2017 1592 2117 1632 nec
2161 1590 2315 1649 egent
2352 1582 2610 1648 medicis;
2639 1585 2776 1642 hanc
2802 1598 2982 1645 autem
3005 1631 3021 1657 ,
3052 1594 3405 1663 repletionem

1823 1663 2057 1736 inquam,
2088 1683 2194 1723 non
2223 1670 2297 1725 illi
2324 1672 2538 1729 tulerint
2566 1675 2667 1731 nisi
2700 1689 2958 1749 perpetuo
2983 1694 3261 1739 accersam
3291 1703 3405 1740 me-

1823 1754 2006 1844 dicos;
2031 1757 2137 1812 imo
2164 1774 2293 1814 vero
2316 1761 2526 1817 illorum
2555 1780 2766 1836 quoque
2790 1770 3046 1824 auxilium
3073 1786 3217 1844 sape
3244 1789 3406 1845 supe-

1823 1833 1904 1899 rat
1930 1845 2084 1916 hujus
2110 1851 2349 1919 tyrannis
2385 1851 2546 1923 Ergo,
2574 1833 2717 1925 quod
2746 1845 2937 1915 attinet
2959 1861 3025 1915 ad
3053 1833 3401 1934 voluptatem,

1825 1933 1939 1990 hate
1968 1937 2163 2005 primas
2194 1938 2351 1994 habet
2380 1951 2577 2011 partes.
2607 1944 2738 2000 Nam
2768 1948 2811 2001 si
2843 1947 3016 2006 honor
3057 1933 3272 2022 quidem
3322 1969 3405 2012 est

1819 2025 2134 2095 jucundior,
2165 2045 2322 2100 quam
2349 2033 2547 2102 probro
2574 2047 2627 2092 et
2675 2041 3000 2096 contumelia
3029 2044 3204 2110 affici;
3231 2058 3282 2102 et
3313 2065 3408 2117 po-

1824 2125 2069 2173 testatem
2101 2120 2318 2188 habere,
2342 2138 2499 2194 quam
2530 2141 2650 2183 esse
2670 2129 2998 2199 subjectum;
3027 2142 3082 2190 et
3109 2137 3404 2207 conlidere,

1823 2221 1981 2278 quam
2011 2209 2197 2266 timere
2241 2223 2294 2268 et
2336 2223 2603 2283 tremere;
2639 2227 2695 2273 et
2721 2219 2824 2275 frui
2856 2223 2920 2276 iis
2946 2239 3065 2293 qua:
3091 2227 3361 2282 sufliciunt
3387 2270 3404 2293 ,

1824 2315 1982 2369 quam
2022 2317 2180 2372 supra
2222 2304 2438 2360 modum
2468 2308 2711 2389 immergi
2741 2313 2794 2367 in
2823 2313 3018 2384 ﬂuetus
3044 2317 3354 2397 deliciarum
3389 2339 3402 2376 :

1828 2391 1943 2446 huic
1965 2408 2148 2450 mensa
2179 2395 2268 2451 illa
2299 2405 2381 2452 est
2410 2400 2620 2467 melior,
2645 2388 2811 2458 etiam
2839 2406 2979 2475 quod
3005 2410 3195 2464 attinet
3220 2411 3287 2466 ad
3301 2388 3405 2464 ’νυο

1824 2481 2103 2554 luptatem.
2127 2485 2426 2554 Quinetiam
2461 2493 2602 2561 quod
2640 2494 2706 2548 ad
2733 2508 3003 2568 sumptum
3032 2502 3261 2570 attinet,
3291 2505 3408 2560 haec

1824 2587 2035 2643 quoque
2055 2585 2136 2630 est
2151 2578 2339 2633 melior
2358 2597 2370 2632 :
2388 2595 2510 2636 nam
2530 2582 2616 2636 illa
2635 2585 2848 2654 quidem
2871 2589 3093 2645 multum
3116 2598 3405 2660 consumit,

1827 2662 1942 2720 haec
1971 2680 2096 2721 vero
2135 2684 2487 2740 nequaquam.
2517 2674 2622 2729 Sed
2650 2677 2812 2746 quid?
2841 2695 2969 2735 num
3011 2682 3076 2737 iis
3115 2685 3286 2740 solum
3315 2690 3408 2758 qui
3449 2694 3512 2760 χι

1825 2755 2388 2827 accubantjueundior
2420 2773 2502 2818 est
2544 2764 2660 2821 bare
2702 2783 2910 2835 mensa,
2939 2785 3008 2827 an
3049 2774 3209 2828 etiam
3240 2777 3288 2830 ei
3316 2755 3408 2848 qui

1825 2845 2034 2913 invitat,
2061 2849 2316 2919 majorem
2365 2853 2520 2908 affert
2572 2871 2730 2923 quam
2775 2857 2864 2914 illa
2905 2861 3267 2932 voluptatem?
3294 2845 3408 2922 Hoc

1824 2935 1966 2990 enim
1995 2947 2098 3003 est,
2121 2942 2261 3010 quod
2288 2957 2318 2996 a
2345 2943 2498 2999 nobis
2519 2946 2686 3016 magis
2704 2950 2981 3018 quaeritur.
3010 2952 3111 3021 Qui
3137 2969 3265 3026 ergo
3288 2958 3408 3013 illos

1826 3029 2034 3096 invitat,
2057 3033 2236 3086 multis
2263 3045 2387 3089 ante
2425 3036 2614 3091 diebus
2646 3054 2766 3094 sese
2794 3052 3047 3110 apparat;
3089 3055 3145 3100 et
3186 3063 3408 3104 necesse

1823 3129 1907 3176 est
1935 3129 1994 3175 ut
2033 3120 2226 3178 habeat
2251 3127 2490 3195 negotia,
2520 3142 2678 3182 curas
2703 3138 2757 3184 et
2782 3131 3168 3190 sollicitudines
3187 3177 3203 3201 ,
3232 3150 3285 3192 ut
3314 3142 3406 3209 qui

1824 3224 1996 3279 neque
2027 3222 2182 3266 nocte
2228 3213 2492 3282 dormiat,
2520 3232 2694 3287 neque
2737 3219 2969 3276 interdiu
3009 3225 3281 3294 quiescat,
3311 3232 3406 3285 sed

1823 3299 1964 3368 apud
1990 3316 2049 3356 se
2071 3302 2233 3356 multa
2250 3305 2536 3375 conlingat,
2558 3307 2782 3377 loquens
2803 3325 2924 3364 cum
2943 3315 3150 3383 coquis,
3168 3332 3288 3372 cum
3311 3322 3406 3372 oh-

1823 3393 2184 3459 senatoribus,
2213 3409 2333 3450 cum
2380 3411 2580 3454 mensa
2625 3403 2998 3460 structoribus.
3041 3406 3243 3462 Deinde
3282 3425 3404 3466 cum

1825 3481 1938 3552 ipse
1975 3482 2091 3538 dies
2120 3485 2428 3554 advenerit,
2457 3488 2655 3544 videris
2692 3492 2866 3560 ipsum
2914 3495 3083 3565 magis
3128 3497 3406 3556 timentem

1823 3587 1981 3642 quam
2011 3587 2105 3629 eos
2131 3576 2220 3645 qui
2265 3586 2390 3631 sunt
2431 3580 2619 3648 pugnis
2660 3579 3008 3650 decertaturi,
3040 3601 3108 3640 ne
3145 3588 3270 3656 quid
3316 3591 3406 3645 fiat

1826 3672 2018 3732 pra-ter
2045 3666 2329 3733 rationem,
2371 3683 2439 3722 ne
2465 3668 2675 3724 invidiae
2705 3671 2906 3729 fascino
2926 3671 3171 3743 feriatur,
3195 3694 3262 3733 ne
3282 3680 3406 3735 inde

1824 3752 2020 3808 multos
2044 3766 2380 3812 accusatores
2404 3759 2504 3814 sibi
2532 3761 2725 3830 pariat.
2756 3762 2853 3818 llic
2879 3774 3056 3820 autem
3077 3778 3160 3822 est
3183 3769 3318 3825 liber
3336 3777 3404 3824 ab

1749 3911 1752 3913 ι
1824 3847 1967 3900 οιιιιιί
1994 3862 2121 3902 cura
2153 3857 2207 3904 et
2236 3853 2467 3920 neg0tio,
2491 3867 2731 3909 mensam
2763 3856 2878 3924 ipse
2905 3872 3000 3926 per
3025 3873 3083 3913 se
3113 3873 3329 3929 parans,
3351 3876 3405 3916 et

1824 3952 1931 3990 non
1959 3939 2140 3993 multis
2165 3951 2290 3995 ante
2319 3942 2506 3996 diebus
2531 3944 2598 3998 de
2623 3959 2690 4000 eo
2713 3946 2994 4004 sollicitus.
3020 3950 3084 4004 Et
3106 3962 3288 4021 postea
3317 3954 3403 4008 hic

1823 4029 2039 4096 quidem
2059 4032 2235 4084 statim
2258 4033 2435 4086 amisit
2455 4036 2677 4101 gratiam
2703 4053 2717 4089 :
2742 4036 2830 4092 ille
2843 4047 3021 4094 autem
3044 4041 3206 4097 habet
3237 4044 3399 4098 Demn

1823 4118 2140 4185 debitorem,
2169 4129 2222 4174 et
2263 4121 2398 4175 bona
2429 4137 2525 4190 spe
2545 4125 2725 4189 alitur,
2758 4128 2981 4198 singulis
3009 4130 3197 4186 diebus
3223 4148 3289 4188 ex
3313 4136 3401 4190 illa

1825 4224 2003 4264 mensa
2022 4211 2328 4265 convivans.
2347 4211 2475 4266 Nam
2494 4214 2598 4268 cibi
2621 4195 2832 4285 quidem
2857 4231 3266 4290 consumuntur,
3283 4239 3404 4293 grn-

1825 4301 1894 4355 tia
1920 4314 2096 4356 autem
2129 4318 2232 4356 non
2262 4306 2622 4370 consumitur;
2655 4307 2747 4361 sed
2791 4310 3028 4379 quotidie
3055 4315 3222 4383 magis
3252 4316 3402 4368 [atta-

1825 4397 1912 4444 tur
1937 4399 1991 4446 et
2014 4393 2270 4458 exsultat,
2303 4409 2461 4461 quam
2487 4397 2575 4464 qui
2607 4396 2777 4452 multo
2806 4399 2930 4453 vino
2956 4414 3015 4455 se
3045 4402 3403 4473 ingurgitave-

1824 4493 1966 4538 runt.
1983 4483 2125 4539 Nihil
2151 4487 2293 4540 enim
2314 4487 2547 4541 animam
2569 4503 2719 4557 :eque
2749 4491 2915 4544 nutrit
2944 4501 3104 4562 atque
3125 4495 3262 4556 bona
3281 4512 3403 4567 spes

1822 4584 1877 4631 et
1896 4576 2033 4632 bona
2063 4579 2408 4646 exspectatio.
2435 4579 2538 4634 Sed
2572 4579 2846 4636 videamus
2867 4598 2930 4638 ea
2957 4600 3077 4654 qua:
3104 4596 3287 4656 postea
3314 4604 3402 4645 se-

1822 4680 2074 4738 quuntur.
2098 4667 2210 4724 lllic
2229 4669 2439 4738 quidem
2463 4678 2586 4724 sunt
2608 4671 2748 4725 tibia:
2768 4680 2823 4727 et
2841 4672 3062 4728 cithara
3091 4686 3144 4730 et
3174 4677 3398 4741 fistulae;

1823 4757 1910 4814 hic
1935 4768 2110 4814 autem
2139 4759 2316 4814 nullus
2335 4759 2618 4814 dissonans
2638 4762 2826 4817 modus
2851 4777 2864 4824 ;
2894 4764 2990 4818 sed
3014 4766 3177 4834 quid?
3197 4769 3400 4839 hymni,

1823 4850 2150 4921 psalmodiaz.
2183 4850 2298 4906 Illic
2333 4851 2546 4920 quidem
2580 4853 2788 4922 hymnis
2829 4854 3169 4910 celebrantur
3202 4859 3376 4914 denuo

1823 4955 1957 5006 nes;
1993 4941 2078 4995 hic
2105 4949 2283 4996 autem
2321 4941 2460 4995 Deus
2499 4942 2735 4995 omnium
2783 4943 3059 4998 Dominus.
3093 4945 3253 5002 Vides
3279 4951 3399 5018 qui-

1820 5029 1944 5085 dem
1973 5042 2181 5099 quanta:
2211 5031 2280 5084 sit
2307 5031 2421 5085 haec
2446 5032 2660 5100 gratia);
2695 5031 2748 5085 in
2776 5032 2920 5086 illam
2944 5047 3120 5089 autem
3142 5052 3397 5106 quantum

1821 5123 1976 5176 cadat
2007 5123 2195 5191 ingrati
2227 5124 2388 5176 animi
2415 5123 2621 5186 vitium,
2645 5133 2935 5194 stuporque
2963 5136 3019 5180 et
3043 5143 3233 5184 sensus
3272 5147 3398 5202 ego-

1821 5213 1969 5266 stas?
1990 5211 2082 5266 llic
2111 5214 2253 5266 enim
2282 5211 2430 5274 mihi,
2461 5221 2512 5265 te
2538 5211 2678 5266 Deus
2706 5212 2836 5266 aluit
2866 5214 2976 5267 suis
3000 5215 3174 5281 bonis,
3199 5228 3397 5276 etcum

1820 5313 2094 5374 oporteret
2121 5305 2228 5359 Deo
2245 5303 2438 5372 gratias
2459 5318 2616 5373 agere
2636 5319 2756 5358 cum
2779 5306 2854 5359 sis
2876 5308 3126 5374 nutritus,
3152 5319 3207 5363 tn
3234 5311 3399 5363 illll‘u—

1820 5396 1969 5452 ducis
1989 5397 2294 5452 dtemones?
2324 5411 2444 5450 nam
2474 5412 2592 5466 qua:
2630 5407 2895 5453 canuntur
2921 5398 3113 5455 fidibus
3133 5417 3239 5456 non
3274 5416 3395 5459 sunt

1820 5488 2166 5557 aliud,.quam
2192 5487 2493 5543 daemonum
2534 5489 2759 5544 cantica.
2792 5489 2858 5544 Et
2889 5505 3009 5545 eum
3039 5502 3093 5547 te
3126 5493 3396 5562 operterct

1819 5578 2016 5639 dicere.
2051 5577 2366 5634 Benedictus
2393 5593 2473 5646 es,
2508 5579 2754 5645 Domine,
2781 5579 2904 5649 quia
2936 5596 3022 5634 mc
3045 5583 3309 5638 nutrivisti
3331 5599 3394 5638 es

1819 5661 1974 5724 bonis
2005 5672 2141 5737 tuis;
2173 5680 2438 5741 tamquam
2466 5671 2678 5727 infamis
2705 5672 2918 5743 quidam
2944 5675 3094 5730 canis
3119 5692 3186 5732 ne
3210 5677 3395 5730 memi-

1821 5761 1944 5818 nisti
1962 5763 2196 5834 quidem,
2211 5764 2302 5820 sed
2323 5764 2615 5822 iutroducis
2633 5765 2944 5822 drcmones?
2964 5767 3074 5824 Imo
3090 5781 3213 5824 vero
3234 5768 3392 5822 etin:
