4050 6324
711 378 811 431 3J7

709 505 872 546 canes
901 499 1009 543 tam
1028 486 1116 556 qui
1140 493 1460 554 acceperunt
1480 499 1637 553 quam
1664 484 1752 551 qui
1794 498 1897 536 non
1926 491 2279 551 acceperunt,

712 580 1050 635 blandiuntur
1076 576 1414 638 domesticis;
1444 585 1499 629 tu
1527 585 1703 629 autem
1733 589 1799 628 ne
1823 573 1923 629 hoc
1959 573 2173 644 quidem
2203 572 2280 626 fa-

708 673 806 726 cis.
835 670 1014 733 Canis,
1047 670 1206 723 etiam
1230 682 1334 721 non
1356 666 1643 734 accipiens,
1658 664 1928 719 blanditur
1946 664 2200 728 domino;
2224 672 2278 717 tn

707 772 905 821 autem,
924 761 1081 815 etiam
1099 774 1220 813 cum
1237 758 1528 826 acceperis,
1548 757 1799 811 adversus
1815 771 1935 810 eum
1952 757 2128 810 latras.
2144 754 2277 810 Rur-

706 869 796 905 sus
825 851 991 913 omnis,
1009 850 1216 905 etiamsi
1252 850 1456 904 alienus
1484 850 1531 903 ei
1553 846 1871 912 benefaeiat,
1889 865 1954 903 ne
1971 848 2047 902 sic
2061 847 2274 917 quidem

704 941 897 997 desinit
920 956 1041 995 esse
1071 940 1313 993 inimicus
1333 978 1348 1001 ,
1378 954 1550 1008 neque
1576 938 1805 993 allicltur
1831 934 1897 991 ad
1940 938 2226 991 amicitiam
2255 954 2271 1002 ;

702 1043 755 1087 to
785 1042 963 1087 autem
991 1030 1125 1085 mala
1155 1031 1555 1105 innumerabilia
1587 1027 1793 1098 patiens
1835 1044 1863 1080 a
1904 1028 2234 1083 dmmonibus
2253 1068 2269 1090 ,

700 1125 859 1178 etiam
900 1124 966 1177 ad
1000 1122 1212 1191 prandia
1238 1136 1333 1176 eos
1359 1120 1669 1175 introducis.
1702 1120 2055 1188 Quamobrem
2086 1136 2145 1174 es
2174 1120 2269 1173 dn-

698 1219 784 1281 plo
804 1230 936 1269 cane
952 1214 1199 1268 deterior.
1231 1213 1393 1267 Recte
1412 1220 1590 1266 autem
1619 1211 1667 1264 iu
1698 1212 2004 1264 memoriam
2024 1209 2266 1263 revocavi

694 1322 852 1359 canes
875 1304 1013 1373 apud
1044 1319 1137 1359 eos
1161 1345 1178 1368 ,
1204 1305 1294 1373 qui
1326 1314 1451 1357 tunc
1491 1302 1660 1357 solum
1698 1303 1861 1371 agunt
1886 1304 2115 1372 gratias,
2143 1314 2264 1354 cum

691 1395 865 1449 καθιξιί
913 1394 1105 1449 fuerint
1143 1394 1418 1449 beneficio.
1451 1394 1818 1449 Revereamini
1838 1434 1854 1457 ,
1884 1408 2040 1463 rogo,
2067 1406 2262 1457 canes,

690 1485 778 1553 qui
807 1486 966 1539 etiam
1004 1483 1144 1540 fame
1168 1483 1470 1539 laborantes
1498 1483 1780 1538 adulantur
1803 1482 2033 1537 dominis
2057 1500 2071 1537 :
2092 1493 2146 1537 tn
2170 1499 2263 1536 au-

692 1582 818 1636 tem,
847 1574 892 1627 si
922 1574 1154 1628 audieris
1182 1573 1322 1643 quod
1352 1572 1559 1627 dmmon
1580 1574 1782 1627 curavit
1805 1572 2129 1643 quempiam,
2155 1582 2262 1625 sta-

689 1664 782 1717 tim
805 1663 1028 1718 dimittis
1051 1665 1351 1729 Dominum,
1370 1679 1404 1718 o
1424 1665 1629 1717 ratione
1658 1665 1832 1718 minus
1859 1663 2079 1732 pratdite
2100 1678 2258 1733 quant

682 1755 882 1809 canes!
914 1758 980 1807 At
1014 1753 1604 1822 meretrices,‘inqnies,
1636 1752 1760 1807 dum
1793 1753 2141 1822 aspiciuntur,
2163 1768 2258 1816 vo-

686 1848 939 1913 luptatem
966 1845 1238 1899 exhibent.
1266 1843 1433 1912 Quam
1467 1844 1830 1913 voluptatem?
1854 1858 2010 1913 quam
2042 1858 2148 1896 non
2172 1843 2257 1895 in-

682 1932 893 1984 famiam
910 1940 960 1984 et
988 1929 1373 1999 ignominiam?
1396 1929 1641 1997 ananar
1662 1927 1795 1983 facta
1825 1938 1902 1981 est
1934 1936 2019 1981 tua
2039 1928 2252 1989 domus,

679 2023 931 2090 furorque
967 2030 1018 2075 ct
1047 2033 1268 2075 (nstrum
1301 2037 1314 2070 :
1357 2034 1460 2073 non
1494 2027 1546 2074 te
1573 2018 1735 2088 pudet
1774 2033 1835 2072 ea
1875 2032 2065 2073 vocare
2094 2018 2251 2071 volu-

678 2113 920 2180 plalclll?
948 2114 1102 2181 Atqui
1131 2114 1174 2166 si
1206 2113 1356 2166 liccat
1378 2112 1521 2164 omni
1551 2111 1625 2165 uti
1653 2111 1941 2179 voluptate,
1971 2110 2144 2179 majus
2168 2119 2253 2166 est

676 2205 801 2259 illud
823 2205 1094 2274 probrum,
1114 2212 1169 2259 et
1189 2204 1356 2273 major
1378 2220 1497 2273 quae
1522 2219 1585 2258 ex
1617 2218 1677 2255 ca
1703 2203 1957 2272 accipitur
1978 2202 2242 2258 molestia.

672 2297 987 2363 Quomodo?
1015 2298 1203 2351 Annon
1229 2292 1388 2365 grave
1409 2305 1489 2349 est
1519 2303 1571 2349 te
1592 2294 1816 2364 lupanar
1836 2294 2011 2361 facere
2030 2293 2245 2347 domum

674 2400 837 2450 tuun,
860 2388 910 2440 in
935 2402 1033 2455 qua
1061 2386 1305 2439 homines
1328 2386 1488 2439 veluti
1509 2399 1633 2439 sues
1661 2384 1712 2438 in
1734 2399 1889 2438 emno
1906 2384 2248 2439 volutentur?

669 2479 721 2533 Si
752 2488 927 2531 autem
959 2493 1060 2529 non
1090 2492 1154 2531 eo
1177 2492 1341 2546 usque
1366 2475 1753 2545 progrediatur,
1780 2489 1906 2529 ecce
1931 2488 2243 2529 rursusma-

666 2567 853 2636 jor'est
871 2567 1057 2621 dolor:
1082 2577 1327 2635 aspectus
1344 2568 1482 2619 enim
1511 2580 1615 2619 non
1637 2573 1722 2618 est
1746 2565 2007 2633 voluptas,
2028 2565 2243 2634 quando

600 2686 603 2693 ι
668 2673 771 2710 non
805 2657 963 2712 fuerit
991 2671 1137 2721 usus,
1169 2656 1263 2710 sed
1290 2656 1463 2724 majus
1486 2654 1806 2709 desiderium
1834 2666 1888 2708 et
1918 2655 2128 2708 llatnma
2150 2668 2243 2708 ve-

668 2747 984 2800 ltemcltlior.
1015 2747 1117 2801 Sed
1146 2748 1225 2800 vis
1249 2747 1386 2801 scire
1417 2745 1615 2798 linem?
1653 2745 1731 2799 llli
1758 2745 1968 2814 quidem
1999 2762 2027 2796 a
2055 2760 2237 2799 mensa

661 2846 942 2903 surgentes
970 2846 1095 2889 sunt
1126 2836 1325 2889 insanis
1350 2836 1559 2889 similes
1588 2843 1642 2888 et
1668 2833 1846 2889 furore
1872 2834 2108 2901 percitis,
2137 2849 2234 2888 au-

660 2926 851 2990 daces,
894 2926 1128 2980 iracundi
1154 2967 1170 2990 ,
1196 2927 1354 2979 etiam
1386 2926 1662 2994 mancipiis
1690 2925 1899 2979 ridiculi
1930 2942 1944 2978 :
1973 2934 2028 2979 et
2054 2924 2235 2978 famuli

657 3016 872 3084 quidam
889 3017 1164 3070 discedunt
1186 3017 1366 3077 sobrii,
1385 3016 1470 3069 isti
1491 3030 1616 3069 vero
1631 3015 1835 3069 ebrii.0
1851 3015 2101 3070 dedecus!
2122 3015 2235 3070 lllic

656 3114 833 3159 autem
858 3105 985 3159 nihil
999 3106 1279 3173 ejusmodi,
1298 3105 1391 3160 sed
1412 3104 1628 3158 domum
1650 3105 1923 3166 recedunt,
1944 3120 2062 3159 eum
2081 3121 2231 3159 men-

655 3212 767 3251 sam
789 3198 1148 3251 eoucluserint
1166 3197 1450 3266 gratiarum
1483 3196 1712 3262 actione,
1745 3198 1849 3251 lacti
1875 3197 2225 3267 dormientes,

654 3287 758 3341 laeti
788 3288 1317 3357 expergiscentes,ab
1340 3286 1483 3341 omni
1503 3288 1700 3355 probro
1719 3303 1781 3342 ac
1807 3288 2028 3344 crimine
2057 3290 2227 3343 liberi.

722 3379 775 3432 (ὅ.
802 3378 859 3433 Si
882 3378 961 3432 vis
990 3390 1167 3431 autem
1192 3378 1377 3432 .vidcre
1404 3393 1498 3431 eos
1527 3379 1686 3442 etiam
1709 3380 1798 3447 qui
1830 3388 1953 3433 sunt
1980 3379 2223 3445 invitati,

652 3472 855 3525 videbis
885 3471 986 3525 hos
1015 3474 1229 3540 quidem
1261 3472 1557 3531 intus_esse
1588 3471 1721 3525 tales
1743 3511 1757 3532 ,
1788 3470 1974 3539 quales
2005 3471 2079 3525 illi
2124 3486 2227 3525 ex-

651 3564 931 3626 trinsecus,
964 3578 1157 3632 nempe
1181 3576 1372 3626 cmcos,
1399 3562 1638 3627 mutilos,
1666 3562 1918 3627 claudos;
1946 3572 1999 3617 et
2046 3563 2224 3633 qualia

647 3663 772 3706 sunt
803 3654 992 3707 horum
1018 3668 1264 3723 corpora,
1288 3654 1427 3706 tales
1458 3663 1583 3706 sunt
1613 3653 1822 3706 illorum
1854 3655 2065 3717 animae,
2086 3670 2222 3725 aqua

648 3743 909 3796 intercute
924 3743 1228 3797 laborantes
1248 3750 1303 3796 et
1324 3740 1758 3795 inflammatione.
1783 3742 2053 3811 Ejusmodi
2076 3744 2221 3798 enim

646 3850 734 3889 res
761 3845 843 3889 est
870 3844 924 3887 et
951 3835 1256 3903 arrogantia
1280 3850 1295 3886 :
1316 3848 1438 3886 nam
1461 3812 1823 3899 post'delicias
1845 3833 1904 3885 lit
1928 3834 2218 3888 mutilatio:

646 3940 731 3978 res
760 3926 901 3979 enim
948 3922 1210 3991 ejusmodi
1258 3932 1340 3977 est
1369 3922 1591 3991 repletio
1622 3930 1675 3977 et
1694 3922 1962 3984 ebrietas,
2003 3922 2221 3978 claudos

646 4015 874 4068 reddens
900 4024 954 4068 et
981 4013 1221 4066 mutilos.
1250 4016 1321 4066 At
1350 4014 1449 4065 hos
1479 4010 1684 4066 videbis
1710 4011 1842 4065 tales
1870 4012 2067 4067 habere
2102 4013 2219 4065 ani-

643 4119 789 4169 mas,
836 4104 1015 4172 qualia
1041 4104 1127 4157 isti
1159 4116 1410 4175 corppra,
1437 4101 1775 4171 splendidas,
1814 4112 2050 4156 ornatas.
2084 4102 2216 4156 Nam

644 4195 736 4263 qui
764 4195 945 4248 vivunt
975 4208 1096 4248 cum
1124 4195 1420 4264 gratiarum
1447 4194 1680 4258 actione,
1710 4194 1798 4261 qui
1827 4193 1960 4248 nihil
1988 4194 2219 4263 amplius

646 4286 925 4355 requirunt
947 4299 1105 4353 quam
1134 4284 1276 4353 quod
1307 4272 1437 4338 satis
1466 4285 1567 4348 sit,
1589 4285 1679 4353 qui
1709 4284 1790 4338 sic
1834 4283 2217 4352 phil050pban-

642 4387 746 4439 tur,
778 4377 829 4429 in
858 4384 1113 4444 perpetua
1144 4386 1269 4429 sunt
1295 4376 1496 4428 hctitia.
1534 4374 1818 4429 Videamus
1842 4382 2021 4429 autem
2051 4386 2105 4430 et
2131 4376 2217 4431 hic

641 4478 695 4521 et
722 4468 827 4520 illic
857 4465 1039 4519 linem.
1071 4465 1181 4519 Illic
1206 4466 1419 4534 quidem
1450 4474 1534 4519 est
1558 4465 1800 4532 voluptas
1827 4466 2208 4535 intemperans,

640 4559 781 4612 risus
803 4555 1026 4620 ell'usus,
1054 4556 1311 4619 ebrietas,
1342 4554 1660 4619 scurrilitas,
1688 4556 1972 4611 verborum
2003 4557 2216 4613 obsec-

638 4652 809 4714 nitas;
839 4664 960 4703 nam
990 4648 1110 4718 quia
1137 4646 1299 4715 pudet
1339 4648 1481 4717 loqui
1515 4647 1686 4715 turpia
1711 4687 1727 4711 ,
1752 4662 1846 4716 per
1896 4646 2212 4705 meretrices

642 4739 811 4807 pudor
840 4739 1046 4792 tollitur
1070 4756 1083 4793 :
1118 4738 1205 4793 hic
1224 4749 1402 4792 autem
1433 4747 1515 4791 cst
1537 4737 1860 4801 humanitas,
1883 4738 2208 4809 benignitas,

635 4841 689 4884 et
734 4830 1104 4885 mansuetudo.
1135 4833 1309 4899 Atque
1350 4829 1497 4882 ἱΙΙιιιιι
1536 4830 1625 4898 qui
1654 4829 1945 4883 dissolutos
1987 4831 2206 4898 invitat,

632 4928 804 4972 armat
818 4920 1170 4989 inanisgloria
1186 4935 1202 4985 ;
1216 4920 1377 4972 alium
1392 4927 1565 4971 autem
1582 4905 2208 4990 lmmanitas,benignitas

631 5020 683 5064 et
707 5013 1075 5065 mansuetudo.
1098 5010 1230 5064 Nam
1260 5009 1403 5062 illam
1435 5010 1648 5077 quidem
1680 5025 1915 5065 mensam
1933 5012 2209 5067 constituit

633 5101 933 5155 humanitas
960 5116 1022 5155 ac
1051 5101 1384 5169 benignitas;
1416 5098 1552 5153 bane
1581 5114 1707 5153 vero
1737 5100 1907 5154 inanis
1950 5102 2120 5171 gloria
2150 5109 2205 5156 et

631 5190 919 5245 crudelitas
941 5232 956 5258 ,
983 5206 1049 5245 ex
1098 5190 1355 5258 injustitia
1382 5200 1436 5245 et
1476 5190 1717 5244 avaritia.
1750 5190 1816 5243 Et
1856 5191 1940 5244 illa
1985 5192 2203 5261 quidem

624 5282 825 5337 desinit
849 5282 901 5336 in
923 5296 985 5337 ea
1008 5298 1125 5353 qua:
1140 5281 1272 5347 dixi,
1298 5284 1349 5335 in
1366 5282 1741 5352 arrogantiam,
1765 5282 1817 5336 in
1840 5284 2034 5337 utentis
2054 5296 2205 5337 emo-

627 5376 861 5439 tionem,
892 5374 946 5429 in
987 5375 1280 5443 insaniam;
1338 5376 1443 5430 tale
1481 5377 1622 5429 enim
1670 5386 1754 5429 est
1799 5391 2220 5445 germeuvanax

620 5465 805 5534 gloria:
838 5481 852 5518 :
892 5465 1007 5519 hare
1029 5478 1207 5520 autem
1242 5467 1294 5520 in
1343 5465 1635 5535 gratiarum
1668 5466 1932 5520 actionem
1956 5507 1971 5532 ,
2019 5478 2074 5522 et
2104 5468 2201 5524 Dei

620 5555 865 5624 gloriam.
898 5556 1067 5613 Porro
1091 5557 1212 5610 huic
1235 5571 1450 5626 quoque
1480 5557 1651 5622 major
1679 5555 1795 5609 laus
1816 5557 1973 5612 datur
1997 5559 2067 5612 ab
2095 5558 2201 5613 ho-

619 5648 895 5703 minibus:
944 5665 1063 5702 nam
1116 5649 1184 5702 illi
1241 5648 1455 5718 quidem
1504 5647 1778 5713 invident;
1829 5648 1970 5705 hunc
2015 5659 2197 5705 autem

620 5754 808 5795 omnes
851 5740 1046 5795 habent
1087 5750 1353 5809 tamquam
1397 5753 1736 5796 communem
1767 5749 1989 5809 patrem,
2019 5744 2179 5798 etiam

1403 371 1458 424 S.
1500 366 1775 425 JO\NNIS
1798 368 2268 425 CIIRYSOS’I'OMI
2320 364 2629 424 AlitilllEl’.
2664 371 3191 430 CONS'l'ANTlNOi'.

2392 482 2425 534 ii
2453 481 2542 551 qui
2572 498 2675 537 non
2706 495 2831 538 sunt
2856 485 3029 539 affecti
3059 486 3335 541 benelicio.
3368 490 3444 543 Ac
3491 492 3631 548 sicut
3675 495 3709 549 ii
3736 497 3824 566 qui
3852 515 3941 553 non

2384 580 2508 625 sunt
2537 572 2730 642 injuria
2775 575 2974 638 affecti,
3002 570 3293 633 condolent
3328 580 3393 634 iis
3437 583 3526 649 qui
3555 583 3748 653 injuria
3786 585 3941 646 allecti

2382 672 2529 726 sur-.t,
2558 676 2612 719 et
2637 681 2951 722 communes
2976 668 3162 724 hostes
3190 670 3323 725 llunt
3349 689 3364 727 :
3397 673 3467 727 ita
3493 674 3656 729 etiam
3698 676 3943 737 beneﬁcio

2382 754 2589 811 allectis
2610 757 2909 827 junguntur
2936 761 2968 813 ii
2993 762 3080 829 qui
3112 762 3429 818 beneﬁcium
3459 780 3567 821 non
3598 784 3939 839 acceperunt,

2380 858 2443 897 ac
2488 845 2805 901 benelicium
2832 863 2935 903 una
2985 850 3204 905 laudant
3246 861 3300 906 et
3327 855 3608 913 mirantur.
3637 858 3753 914 illic
3791 863 3938 916 multa

2362 944 2458 989 est
2487 935 2683 991 invidia
2708 980 2722 1001 ,
2751 938 2836 994 hic
2874 948 3052 994 autem
3100 943 3262 996 multa
3288 945 3492 1014 geritur
3530 963 3660 1002 cura
3681 991 3696 1014 ,
3728 961 3779 1005 et
3818 951 3937 1008 bene

2379 1038 2664 1092 precantur
2678 1043 2887 1086 omnes.
2910 1032 2974 1085 Et
2999 1033 3051 1085 in
3078 1032 3181 1088 hoc
3206 1036 3406 1091 sarculo
3433 1051 3521 1092 res
3543 1039 3616 1093 ita
3638 1054 3700 1096 se
3723 1042 3932 1100 habent:

2378 1117 2481 1171 illic
2496 1129 2673 1173 autem
2702 1136 2822 1174 cum
2843 1122 3087 1177 Christus
3109 1124 3405 1191 advenerit,
3432 1128 3519 1182 hic
3542 1130 3760 1199 quidem
3787 1136 3932 1189 stabit

2372 1223 2491 1262 cum
2523 1225 2710 1279 magna
2734 1211 2950 1276 fiducia,
2975 1225 3029 1268 et
3053 1214 3233 1269 audiet
3259 1227 3522 1285 put-sonte
3536 1228 3661 1273 toto
3691 1222 3821 1287 orbe
3842 1233 3933 1277 ter-

2373 1313 2551 1352 rarum
2573 1341 2589 1363 ,
2621 1299 2942 1357 Esuricnteus
2970 1320 3049 1357 me
3088 1304 3256 1359 vidisti
3278 1345 3295 1371 ,
3321 1315 3369 1359 et
3390 1308 3646 1362 enutriisti
3666 1324 3687 1373 ,'
3712 1286 3896 1366 nudatis
3914 1356 3931 1378 ,

2369 1397 2415 1440 et
2457 1389 2669 1444 induisti
2688 1407 2709 1454 ,'
2750 1393 3027 1462 hospitem,
3073 1404 3121 1449 et
3165 1396 3384 1462 hospitio
3429 1401 3673 1469 excepisti
3714 1402 3925 1471 (lculi.

2367 1477 2589 1550 25.35),
2618 1492 2672 1537 et
2700 1497 2821 1553 qua:
2861 1494 2986 1539 sunt
3024 1485 3326 1555 hujusmodi
3358 1505 3373 1538 :
3404 1490 3495 1545 ille
3536 1503 3716 1548 autem
3756 1508 3926 1553 eontra

2365 1570 2584 1637 audiet,
2616 1573 2771 1628 Serve
2819 1576 2955 1630 "tale
3004 1588 3050 1632 et
3094 1579 3316 1647 ignave;
3347 1589 3401 1634 et
3444 1597 3672 1649 rursus,
3730 1585 3816 1641 Vc
3852 1592 3926 1657 qui

2364 1659 2583 1715 molliter
2610 1663 2910 1719 deliciautur
2928 1668 2981 1721 in
3008 1669 3252 1725 cubilibus
3278 1672 3403 1735 suis,
3428 1683 3476 1728 et
3498 1676 3585 1743 qui
3612 1675 3863 1734 dormiunt
3879 1684 3926 1735 in

2360 1750 2500 1805 lectis
2516 1753 2765 1817 eburneis,
2780 1757 2868 1826 qui
2879 1757 3053 1812 bibunt
3063 1760 3232 1814 vinum
3245 1762 3543 1831 deftecatum
3568 1765 3767 1838 (Amos.
3782 1770 3833 1825 6.
3851 1771 3921 1840 ι);

2361 1852 2415 1896 et
2439 1843 2714 1909 primariis
2761 1849 3048 1918 unguentis
3079 1853 3225 1906 uncti
3275 1852 3389 1908 haec
3427 1864 3702 1927 tamquam
3743 1866 3922 1917 stantia

2359 1942 2670 2002 reputarunt
2692 1976 2707 2001 ,
2737 1946 2793 1991 et
2820 1954 2925 1993 non
2955 1949 3223 2010 tamquam
3255 1943 3529 2014 fugientia.
3562 1948 3693 2005 Haec
3720 1966 3752 2005 a
3780 1954 3921 2009 nobis

2359 2038 2464 2075 non
2494 2033 2697 2097 temere
2726 2025 2867 2080 dicta
2898 2038 3022 2083 sunt
3043 2031 3177 2095 ,sed
3207 2042 3264 2087 ut
3289 2043 3520 2090 vestram
3549 2048 3787 2095 mentem
3830 2043 3920 2097 im-

2355 2121 2579 2181 mutem,
2602 2124 2655 2169 et
2680 2131 2775 2170 vos
2800 2118 2932 2174 nihil
2962 2119 3169 2177 faciatis
3190 2124 3331 2194 quod
3351 2141 3462 2199 non.
3486 2128 3697 2185 lucrum
3725 2131 3916 2188 aﬂerat.

2352 2205 2487 2273 Quid
2520 2222 2666 2274 vero,
2694 2208 2888 2279 inquit,
2920 2210 2965 2266 si
2990 2221 3045 2266 et
3069 2212 3182 2267 haec
3202 2225 3255 2269 et
3278 2216 3367 2269 illa
3394 2217 3566 2273 facio?
3595 2220 3709 2276 lloc
3738 2224 3916 2291 passim

2351 2304 2434 2351 est
2462 2296 2515 2351 in
2532 2312 2639 2353 ore
2663 2300 2924 2355 omnium.
2958 2301 3024 2355 Et
3050 2303 3203 2372 quid,
3227 2305 3541 2375 dic,qn:eso,
3574 2326 3801 2368 necesse
3820 2324 3911 2378 est,

2336 2401 2472 2448 .eum
2512 2388 2688 2441 omnia
2746 2388 2906 2444 liceat
2951 2390 3127 2445 facere
3158 2395 3391 2461 utiliter,
3419 2396 3668 2455 dividere
3689 2442 3705 2467 ,
3733 2410 3786 2456 et
3818 2402 3915 2456 alia

2344 2474 2557 2544 quidem
2582 2492 2686 2531 non
2711 2477 2883 2532 solum
2907 2478 2974 2533 ad
3007 2480 3232 2545 inutilia,
3264 2484 3359 2539 sed
3391 2487 3552 2541 etiam
3574 2498 3776 2546 temere
3789 2507 3913 2547 con-

2344 2579 2595 2630 sumere;
2628 2566 2731 2620 alia
2766 2576 2946 2623 autem
2975 2570 3216 2625 utiliter?
3249 2573 3340 2628 Dic
3366 2575 3496 2629 mibi
3517 2617 3534 2643 ,
3566 2579 3613 2631 si
3655 2582 3913 2635 seminans

2343 2655 2444 2709 alia
2471 2656 2684 2726 quidem
2708 2658 2916 2727 jaceres
2942 2675 3101 2728 supra
3130 2672 3353 2730 petram,
3377 2664 3478 2719 alia
3506 2676 3687 2722 autem
3717 2670 3767 2723 in
3807 2682 3911 2726 ter-

2341 2760 2455 2799 ram
2486 2747 2761 2815 optimam,
2792 2747 2967 2803 hocne
2989 2751 3080 2805 tibi
3111 2750 3403 2821 sufficeret,
3427 2764 3481 2809 et
3506 2754 3721 2812 diceres
3746 2777 3759 2813 :
3780 2760 3911 2828 Quid

2340 2835 2513 2902 obest,
2543 2836 2586 2889 si
2618 2837 2718 2890 alia
2749 2838 2959 2906 quidem
2992 2847 3214 2905 temere;
3240 2842 3339 2894 alia
3364 2858 3492 2897 vero
3518 2844 3573 2897 in
3603 2853 3797 2901 tetram
3820 2865 3910 2917 op-

2339 2924 2520 2978 timam
2546 2924 2835 2994 jeccrinms
2856 2928 2879 2979 ?
2904 2927 3035 2981 Nam
3074 2944 3169 2983 cur
3192 2946 3296 2984 non
3324 2933 3502 2987 omnia
3528 2934 3582 2988 iu
3621 2938 3909 3006 optimam?

2337 3026 2435 3066 cur
2460 3013 2665 3068 lucrum
2697 3014 2933 3069 minuis?
2965 3018 3030 3070 Et
3054 3018 3096 3071 si
3128 3021 3379 3087 pecunias
3409 3022 3628 3091 quidem
3673 3038 3911 3096 oporteat

2334 3117 2661 3173 congerere,
2711 3122 2816 3161 non
2868 3106 2972 3162 hoc
3016 3108 3197 3172 dices,
3243 3113 3336 3167 sed
3368 3114 3603 3185 undique
3633 3122 3904 3191 congeris;

2334 3191 2445 3247 illic
2474 3205 2654 3250 autem
2703 3212 2808 3249 non
2838 3197 2917 3251 sic
2947 3215 2961 3251 :
2994 3208 3049 3252 ct
3099 3200 3143 3253 si
3189 3200 3440 3257 fmncrari
3473 3216 3754 3273 oporteat,
3802 3227 3904 3265 non

2332 3283 2498 3349 dices,
2528 3285 2636 3339 Cur
2653 3286 2786 3341 alias
2815 3288 3027 3356 quidem
3062 3292 3403 3360 pauperibus,
3439 3295 3573 3349 alias
3606 3315 3735 3353 vero
3758 3302 3905 3356 dabi-

2332 3387 2450 3426 mus
2476 3374 2768 3440 divitibus;
2798 3376 2892 3430 scd
2922 3378 3026 3430 illis
3056 3395 3244 3434 omnes
3262 3400 3286 3443 7:
3319 3383 3407 3436 hic
3443 3395 3625 3439 autem
3647 3427 3665 3454 ,
3708 3389 3793 3443 ubi
3826 3402 3904 3444 est

2331 3473 2535 3519 tantum
2558 3466 2783 3531 lucrum,
2812 3482 2906 3521 cur
2927 3467 3028 3523 hoc
3052 3485 3156 3523 non
3189 3480 3423 3540 reputas,
3456 3490 3555 3529 nec
3575 3492 3757 3533 cessas
3786 3489 3900 3533 tau-

2329 3554 2451 3609 dem
2506 3567 2706 3610 temere
2756 3558 3065 3627 impendere
3118 3569 3174 3614 et
3219 3564 3582 3618 consumere?
3609 3571 3679 3621 At
3708 3569 3898 3631 habet,

2329 3644 2504 3713 inquis
2524 3688 2538 3707 ,
2574 3644 2674 3698 hoc
2715 3662 2926 3716 quoque
2957 3648 3184 3702 lucrum.
3213 3650 3536 3717 Quodnam?
3562 3655 3859 3726 dic,qu.cso
3883 3698 3897 3710 .

2327 3736 2601 3790 Amicitias
2626 3747 2804 3807 auget.
2830 3737 2972 3792 Nihil
3001 3750 3083 3794 est
3122 3742 3364 3810 frigidius
3395 3742 3701 3800 hominibus
3722 3749 3808 3814 qui
3837 3766 3901 3803 ex

2328 3824 2411 3878 his
2438 3825 2569 3879 ﬁunt
2597 3828 2773 3893 amici,
2807 3843 2873 3882 es
2904 3845 3086 3884 mensa
3116 3841 3170 3909 et
3196 3832 3476 3887 saturitate
3516 3839 3899 3904 parasitorum;

2328 3915 2455 3969 nihil
2486 3917 2746 3985 ingratius
2762 3920 2993 3973 amicitia
3022 3920 3146 3976 hinc
3174 3933 3309 3977 orta.-
3330 3923 3406 3979 Ne
3433 3930 3755 3983 contumelia
3775 3930 3900 3985 alle-

2324 4007 2462 4061 ceris
2490 4021 2599 4060 rem
2630 4007 2765 4062 adeo
2779 4008 3169 4077 admirabilem,
3193 4027 3384 4082 nempe
3400 4016 3707 4073 caritatem:
3731 4035 3899 4088 neque

2324 4098 2526 4153 dixeris
2555 4098 2691 4153 hanc
2718 4114 2839 4153 esse
2866 4100 2984 4169 ejus
3023 4101 3280 4157 radicem.
3314 4103 3381 4159 Ut
3406 4105 3449 4157 si
3476 4106 3686 4162 arboris
3713 4124 3897 4163 aurum

2327 4188 2641 4242 ferentis'et
2682 4188 2887 4258 lapides
2930 4191 3230 4258 pretiosos,
3262 4193 3494 4249 radicem
3542 4210 3651 4250 non
3699 4198 3899 4253 diceret

2324 4279 2588 4347 quispiam
2615 4292 2737 4334 esse
2767 4279 2949 4345 talem,
2976 4281 3069 4334 sed
3100 4281 3246 4336 nasci
3271 4297 3338 4337 ex
3363 4284 3645 4353 putredine
3672 4306 3686 4342 :
3713 4289 3815 4342 hoc
3842 4299 3896 4342 tn

2322 4381 2534 4437 quoque
2565 4368 2733 4422 lacis:
2767 4384 2887 4422 nam
2914 4370 2959 4423 si
2981 4369 3106 4425 hinc
3140 4380 3263 4425 nata
3295 4374 3453 4427 fuerit
3476 4376 3729 4437 amicitia.
3764 4378 3895 4431 nihil

2320 4473 2383 4514 ea
2410 4458 2569 4514 fuerit
2593 4459 2854 4529 frigidius.
2886 4459 2992 4514 Sed
3020 4461 3126 4516 illa:
3169 4476 3369 4517 mensa:
3398 4465 3687 4520 conciliant
3708 4468 3895 4523 amici-

2324 4549 2449 4603 tiam
2475 4590 2491 4614 ,
2521 4564 2627 4604 non
2655 4550 2794 4619 apud
2822 4548 3067 4604 homines
3092 4592 3108 4616 ,
3146 4551 3240 4606 sed
3268 4552 3409 4622 apud
3439 4554 3605 4609 Deum
3629 4596 3637 4623 λ
3671 4571 3897 4626 eamque

2320 4640 2665 4708 uniformem,
2692 4655 2813 4694 cum
2845 4656 3045 4695 mensa:
3074 4640 3272 4697 fuerint
3297 4642 3594 4699 uniformes
3642 4644 3778 4701 Nam
3807 4647 3897 4718 qui

2318 4733 2421 4787 alia
2448 4732 2663 4802 quidem
2684 4735 2834 4798 éic,
2864 4734 2966 4788 alia
3020 4750 3150 4790 vero
3196 4736 3307 4791 illic
3350 4740 3653 4805 consumit,
3684 4740 3891 4794 etiamsi

2317 4825 2482 4878 multa
2511 4825 2738 4890 dederit,
2772 4824 2901 4879 nihil
2922 4841 3170 4895 magnum
3197 4826 3320 4882 facit
3347 4846 3359 4879 :
3384 4830 3476 4898 qui
3504 4829 3683 4886 autem
3714 4833 3893 4887 omnia

2318 4915 2405 4969 hic
2450 4918 2756 4982 consumit,
2788 4917 2998 4972 etiamsi
3033 4932 3197 4987 pauca
3243 4918 3483 4985 dederit,
3516 4930 3684 4975 totum
3708 4919 3892 4977 efﬁcit.

2313 5004 2444 5060 Nam
2473 5007 2615 5087 quod
2644 5009 2935 5077 quaeritur,
2970 5023 3078 5062 non
3126 5017 3243 5073 est,
3276 5009 3522 5065 multane
3567 5010 3780 5067 dederit
3827 5027 3893 5065 an

2314 5111 2516 5167 pauca;
2547 5098 2643 5153 sed
2672 5113 2738 5152 an
2772 5114 2879 5153 non
2910 5100 3086 5153 minus
3126 5114 3286 5169 quam
3317 5099 3460 5157 ferre
3488 5103 3696 5171 possint
3722 5104 3891 5159 vires.

2315 5188 2619 5257 Cogitemus
2660 5204 2784 5243 eum
2835 5191 2925 5260 qui
2968 5192 3201 5261 quinque
3241 5192 3472 5246 lucratus
3501 5202 3585 5247 est
3616 5188 3814 5249 talenta
3839 5202 3895 5248 et

2313 5279 2401 5347 qui
2429 5279 2537 5332 duo
2566 5297 2582 5331 :
2616 5280 2913 5350 cogitemus
2961 5296 3078 5335 eam
3129 5297 3248 5351 qua:
3292 5282 3427 5336 duos
3465 5284 3615 5339 misit
3659 5285 3890 5339 obolos:

2312 5371 2608 5438 cogitemus
2632 5371 2842 5425 viduam
2872 5387 2993 5441 quae
3020 5370 3122 5427 fuit
3161 5383 3400 5444 tempore
3428 5375 3580 5431 Elia.
3614 5377 3730 5431 Non
3757 5376 3895 5431 dixit

2311 5461 2397 5515 illa
2423 5478 2540 5533 qua:
2568 5462 2704 5518 duos
2733 5465 2877 5519 misit
2894 5465 3081 5521 obolos
3102 5466 3268 5533 :Quid
3288 5467 3431 5522 enim
3451 5469 3629 5534 obest,
3654 5469 3700 5524 si
3728 5484 3889 5524 unum

2309 5552 2523 5621 quidem
2577 5553 2793 5607 obolum
2839 5554 2981 5624 apud
3020 5570 3109 5612 me
3149 5556 3461 5625 retinuere,
3503 5572 3667 5620 unum
3709 5568 3889 5615 autem

2308 5642 2546 5698 dedero?
2571 5644 2665 5699 sed
2699 5654 2837 5701 totas
2884 5660 3012 5701 suas
3049 5646 3197 5702 dedit
3228 5647 3529 5705 facultates.
3558 5649 3640 5706 τιι
3664 5661 3848 5707 antea
3867 5691 3887 5716 ,

2309 5752 2431 5792 cum
2462 5746 2621 5792 tanta:
2670 5738 2762 5794 tibi
2790 5748 3073 5811 suppetant
3112 5743 3315 5814 copiae,
3341 5756 3402 5799 es
3429 5743 3520 5799 illa
3547 5746 3782 5815 parcior.
3809 5744 3888 5801 Ne
