4050 6324
101 485 197 543 ’ὀίῖθ
905 481 922 490 ’
993 480 1055 535 IN
1097 476 1314 536 EPIST.
1359 478 1448 534 AD
1486 476 1662 532 COLO

1808 473 1956 528 CAP.
1999 473 2042 531 I.
2089 475 2317 532 ΙΙΟἏΠῐι.
2364 477 2428 532 II.

103 609 221 664 ergo
250 603 493 650 nostram
539 592 866 663 negligamus
899 593 1124 646 salutem
1143 635 1155 653 .
1186 591 1278 646 sed
1306 588 1678 660 aggrediamur

99 686 519 756 cleemosynam.
544 684 684 738 Nihil
720 694 802 739 est
830 685 970 738 enim
1002 699 1064 737 ea
1110 683 1300 737 melius
1329 691 1383 737 et
1411 689 1680 750 ιη’ίιεειειιι-

99 776 196 827 tius
228 792 244 828 :
282 774 442 844 idque
464 775 706 829 ostendet
739 784 946 842 tempus
978 773 1239 838 futurum;
1271 772 1484 825 interim
1503 778 1679 822 autem

98 865 507 921 ostenditetiam
524 882 781 936 przcsens.
811 866 891 919 Ad
916 867 1006 920 Dei
1027 881 1154 934 ergo
1181 868 1419 917 vivamus
1436 861 1679 930 gloriam,

95 968 146 1009 et
174 972 294 1025 qua:
318 957 367 1012 ei
402 959 614 1026 placent
643 973 703 1012 ea
729 972 966 1027 agamus,
996 965 1053 1009 ut
1074 956 1218 1024 digni
1249 953 1537 1007 habeamur
1560 963 1684 1018 pro-

2790 555 2802 567 .
3242 486 3374 542 ,3ῗο

1789 586 1966 641 missis
1998 586 2153 641 bonis
2183 605 2194 640 :
2228 603 2344 658 qua:
2372 589 2540 652 ,detur
2589 591 2740 645 nobis
2785 595 3032 648 omnibus
3078 598 3338 666 consequi
3363 638 3378 661 ,

1788 679 1957 746 gratia
1986 688 2038 730 et
2060 677 2387 754 benignitate
2418 679 2628 733 Domini
2656 683 2822 736 nostri
2855 683 2982 738 Jesu
3022 685 3253 746 Christi.
3287 689 3382 741 cui

1788 768 1978 837 gloria,
2004 768 2307 837 imperium,
2331 769 2519 836 honos,
2544 787 2683 828 nunc
2706 785 2761 828 ct
2782 789 3012 845 semper,
3037 786 3090 830 et
3109 777 3161 831 in
3184 777 3380 833 saacula

1789 857 2128 910 smculorum.
2159 859 2349 913 Amen.

1483 1149 1830 1212 HOMILIA
1873 1150 1952 1211 Il.

95 1306 229 1359 Csr.
255 1307 306 1359 I.
341 1321 395 1358 v.
428 1305 482 1360 9.
512 1305 638 1360 Ideo
663 1316 710 1360 et
741 1323 831 1360 nos
861 1322 921 1360 ea:
964 1322 1063 1374 qua
1092 1307 1171 1358 die
1201 1303 1486 1355 audivimus
1519 1341 1533 1365 ,
1583 1313 1685 1350 non

164 1412 420 1450 cessamus
444 1414 535 1466 pro
564 1399 700 1451 vobis
727 1407 946 1460 orantes,
979 1406 1024 1448 et
1052 1395 1360 1464 postulantes
1389 1402 1442 1445 ut
1471 1389 1685 1457 implea-

164 1488 289 1539 mini
325 1487 584 1556 agnitione
615 1487 882 1549 voluntatis
909 1486 1020 1554 ejus
1046 1527 1060 1550 ,
1088 1484 1139 1536 in
1169 1483 1305 1536 omni
1343 1481 1592 1549 sapientia
1638 1489 1684 1530 et

160 1578 418 1630 intellectu
441 1578 697 1646 spirituali
727 1593 744 1628 :
773 1576 856 1630 I0.
880 1586 931 1628 ut
949 1573 1210 1627 ambuletis
1239 1573 1391 1640 digne
1441 1569 1562 1632 Deo,
1591 1584 1678 1637 per

164 1666 335 1717 omnia
366 1667 618 1734 placentes
642 1707 659 1732 ,
691 1666 743 1718 in
774 1666 910 1718 omni
935 1679 1083 1734 opere
1119 1662 1246 1715 bono
1272 1660 1634 1730 fructiﬁcantes
1660 1699 1675 1725 ,

163 1766 208 1808 et
231 1766 512 1810 crescentes
545 1758 599 1810 in
637 1758 847 1809 scientia
877 1755 990 1808 Dei.

165 1853 218 1905 Ι.
243 1849 395 1915 Ideo,
431 1851 636 1919 quare?
661 1849 793 1914 Quia
825 1849 1124 1903 audivimus
1159 1845 1318 1899 ﬁdem
1350 1851 1582 1899 vestram
1625 1849 1681 1895 et

94 1942 388 1996 caritatem.
419 1942 681 2007 Quoniam
713 1941 904 1995 bonum
935 1955 1087 2008 spem
1116 1938 1296 2002 habet,
1329 1938 1525 1992 bonam
1547 1948 1682 2004 quo-

97 2049 197 2101 quc
217 2050 366 2101 spem
397 2033 674 2098 habemus,
696 2041 754 2085 ut
773 2042 825 2084 et
852 2031 920 2085 de
941 2029 1130 2082 futuris
1156 2029 1506 2097 postulemus.
1529 2024 1680 2125 Sicut

97 2126 232 2178 cnim
263 2125 315 2178 in
366 2125 748 2179 certaminibus
793 2124 913 2178 illos
961 2121 1192 2176 maxime
1231 2120 1556 2181 excitamus,
1589 2120 1677 2185 qui

96 2226 214 2268 sunt
244 2216 529 2285 propinqui
575 2216 814 2270 victoriae
847 2234 859 2268 :
891 2215 960 2267 ita
990 2214 1149 2268 etiam
1179 2211 1375 2266 Paulus
1419 2224 1513 2264 eos
1558 2223 1674 2263 ma-

97 2306 234 2358 xime
265 2308 541 2371 hortatur,
582 2306 670 2375 qui
696 2321 755 2360 se
784 2305 1013 2371 amplius
1056 2313 1202 2357 recte
1247 2309 1550 2370 gesserunt.
1592 2298 1678 2351 Ea:

99 2413 194 2457 qua
227 2397 340 2461 die,
365 2398 578 2466 inquit,
618 2397 938 2460 audivimus,
969 2411 1070 2447 non
1115 2409 1366 2446 cessamus
1413 2407 1505 2461 pro
1538 2390 1674 2443 vobis

94 2497 312 2542 orantes.
336 2486 452 2541 Non
485 2502 646 2541 unum
677 2486 815 2540 diem
850 2501 946 2554 pro
972 2484 1123 2537 vobis
1146 2498 1384 2547 oramus,
1414 2490 1507 2534 aut
1537 2481 1672 2535 duos

93 2586 177 2627 aut
211 2587 336 2630 tres.
367 2577 463 2630 llic
511 2578 670 2632 etiam
699 2575 933 2630 ostendit
977 2574 1252 2628 caritatem
1273 2613 1288 2638 ,
1322 2583 1375 2626 ct
1419 2571 1670 2641 paulatim

93 2669 388 2721 suliiudicat
440 2684 536 2721 eos
582 2668 816 2721 nondum
867 2665 1178 2735 pervenisse
1217 2663 1486 2718 adﬁnem
1526 2661 1672 2716 :hoc

93 2760 251 2823 enim,
285 2758 350 2813 Ut
374 2758 704 2828 impleamini,
736 2757 838 2812 hoc
863 2756 1145 2827 signiﬁcat.
1174 2754 1304 2808 Vide
1331 2763 1508 2806 autem
1538 2751 1667 2804 mihi

94 2850 243 2918 hujus
294 2851 433 2904 beati
486 2849 826 2918 prudentiam
872 2861 1178 2916 :nusquam
1226 2845 1356 2898 dicit
1413 2859 1506 2897 eos
1556 2852 1668 2896 toto

89 2959 203 2996 esse
236 2943 492 3011 privatos,
524 2941 616 2996 sed
641 2941 836 3009 ubique
861 2955 955 2995 eos
973 2939 1203 2994 deﬁcere
1235 2956 1249 2992 :
1278 2937 1380 2992 hoc
1406 2936 1669 3005 signiﬁcat

89 3033 235 3099 illud,
267 3032 331 3086 Ut
357 3033 692 3102 impleamini.
726 3032 793 3085 Et
816 3045 1020 3110 rursus,
1053 3029 1158 3084 Per
1182 3030 1352 3084 omnia
1381 3027 1661 3098 placentes,

87 3127 136 3174 in
176 3125 314 3176 omni
337 3140 490 3191 opere
517 3124 645 3176 bono
671 3140 689 3187 ;
716 3130 770 3176 et
800 3122 1020 3185 iterum,
1053 3120 1121 3173 In
1150 3122 1286 3173 omni
1324 3120 1506 3173 virtute
1543 3135 1667 3172 con-

90 3216 258 3277 fortati
282 3231 300 3277 ;
329 3225 382 3268 et
408 3229 614 3279 rursus,
648 3213 716 3266 In
743 3214 881 3266 omni
912 3213 1156 3280 patientia
1185 3220 1228 3264 et
1257 3212 1660 3281 longanimitate.

85 3304 206 3357 Illud
238 3307 399 3370 enim,
437 3303 611 3370 Omni,
645 3312 727 3359 est
748 3304 863 3372 ejus
887 3303 976 3373 qui
1008 3318 1107 3357 suo
1135 3302 1444 3356 testimonio
1466 3301 1662 3370 aliquid

88 3397 265 3450 tribuit
283 3398 343 3450 iis
366 3397 454 3466 qui
484 3412 541 3450 se
571 3405 714 3451 recte
740 3403 954 3463 gerunt,
981 3395 1189 3448 etiamsi
1219 3409 1324 3447 non
1347 3393 1660 3447 universim.

86 3486 148 3540 Ut
179 3487 508 3556 impleamini,
541 3487 727 3555 inquit,
750 3500 878 3551 non,
911 3484 980 3539 Ut
1002 3484 1310 3554 accipiatis;
1339 3493 1663 3553 acceperunt

81 3580 254 3645 enim;
288 3579 379 3635 sed
421 3588 479 3633 ut
521 3578 846 3648 impieamini
870 3592 935 3633 eo
957 3576 1097 3648 quod
1121 3575 1273 3630 vobis
1302 3575 1475 3630 deest.
1499 3576 1572 3629 lta
1607 3585 1661 3629 et

83 3673 426 3741 reprehensio
454 3688 560 3725 non
589 3671 684 3724 fuit
726 3670 926 3739 gravis,
960 3683 1058 3722 nec
1099 3668 1226 3720 sinit
1251 3667 1553 3721 encomium
1601 3675 1658 3718 ut

83 3765 626 3832 dejicianta‘nimum,
660 3773 714 3816 et
762 3762 1052 3816 reddantur
1092 3759 1296 3828 supini,
1325 3775 1445 3812 eum
1497 3757 1656 3811 fuerit
1717 3834 1722 3838 _

86 3857 362 3923 integrum.
394 3855 530 3922 Quid
576 3864 659 3908 est
696 3862 872 3907 autem
897 3895 912 3918 ,
949 3852 1014 3906 Ut
1043 3851 1352 3921 impleamini
1391 3850 1648 3920 agnitione

83 3948 342 4001 roluntatis
363 3948 472 4015 eius
491 3947 517 3998 ?
545 3946 598 3999 Id
629 3955 742 4012 est,
775 3959 870 4014 per
901 3944 1090 3997 Filium
1123 3958 1215 3995 vos
1241 3942 1306 3995 ad
1355 3943 1526 4011 ipsum
1557 3941 1655 3993 ad-

82 4036 194 4090 duci
241 4047 486 4105 oportet,
521 4051 626 4090 non
675 4037 856 4105 utique
903 4051 999 4104 per
1027 4034 1267 4103 angelos.
1291 4034 1466 4102 Atque
1512 4030 1654 4102 quod

83 4139 311 4196 oporteat
343 4130 558 4198 quidem
581 4128 792 4193 adduci,
818 4127 1042 4180 novistis
1070 4145 1081 4179 :
1104 4133 1270 4180 restat
1295 4137 1473 4179 autem
1500 4123 1654 4177 vobis

85 4227 132 4268 ut
162 4221 262 4272 hoc
290 4219 529 4283 discetis,
564 4233 660 4272 cur
685 4217 892 4270 miserit
916 4215 1128 4269 Filium.
1164 4214 1219 4269 Si
1249 4215 1390 4269 enim
1424 4229 1521 4284 per
1552 4228 1651 4266 an-

81 4311 218 4378 gelos
261 4325 356 4363 nos
386 4317 663 4378 oporteret
707 4324 829 4363 esse
857 4309 1038 4362 salvos
1065 4349 1078 4369 ,
1124 4323 1231 4361 non
1281 4308 1515 4362 misisset
1554 4319 1653 4359 nec

81 4400 375 4455 tradidisset
402 4400 618 4453 Filium.
647 4399 711 4453 In
737 4400 873 4454 omni
900 4400 1172 4469 sapientia,
1197 4398 1402 4468 inquit,
1430 4408 1475 4451 et
1498 4398 1651 4451 intel-

81 4491 201 4542 Iccfu
235 4492 511 4560 spirituali.
549 4490 680 4544 Nam
704 4492 954 4559 quoniam
984 4491 1133 4557 ipsos
1168 4490 1504 4558 decipiebant
1536 4487 1651 4558 piti-

81 4581 297 4649 losophi,
328 4581 464 4635 Volo
492 4596 605 4646 vos,
632 4582 821 4649 inquit,
851 4596 972 4635 esse
1002 4583 1053 4634 in
1080 4580 1335 4649 sapientia
1359 4579 1645 4648 spirituali,

80 4688 175 4724 nuu
221 4673 512 4726 secundum
562 4672 878 4740 Sapientiam
933 4672 1230 4726 hominum.
1271 4670 1324 4725 Si
1372 4680 1549 4724 autem
1591 4678 1650 4723 ut

81 4761 332 4815 dis-camus
361 4763 456 4815 Dei
485 4762 833 4825 voluntatem,
866 4762 1291 4831 spiritualiopus
1334 4769 1414 4814 est
1436 4761 1649 4829 sapien-

82 4853 177 4904 tia:
203 4863 258 4907 ιιι
284 4854 517 4907 essentia
547 4853 670 4921 quid
693 4854 761 4906 sit
785 4852 1073 4916 discamus,
1099 4867 1233 4920 epus
1264 4861 1345 4906 est
1377 4852 1646 4906 continuis

83 4945 338 5008 precibus.
364 4945 429 4998 Et
456 4943 542 4996 hic
567 4944 817 5008 ostendit,
847 4945 985 5014 quod
1014 4958 1080 4998 ex
1128 4944 1221 4997 illo
1250 4953 1490 5012 tempore
1530 4950 1648 4996 oret

80 5035 280 5103 Paulus,
309 5048 363 5092 et
391 5037 625 5091 nondum
658 5037 897 5105 perfecit,
932 5052 1030 5090 nec
1054 5037 1291 5090 destitit:
1322 5036 1451 5090 illud
1476 5037 1642 5101 enim,

87 5127 152 5180 lix
167 5146 263 5198 qua
288 5131 374 5182 die
393 5129 697 5191 audivimus,
727 5128 827 5180 hoc
844 5127 1126 5196 signiﬁcat.
1157 5128 1265 5182 lllis
1287 5137 1465 5182 autem
1488 5128 1644 5183 affert

81 5220 596 5282 condemnationem,
626 5221 670 5272 si
696 5234 760 5271 ex
800 5219 890 5270 illo
920 5229 1162 5288 tempore
1201 5220 1360 5272 etiam
1392 5222 1644 5289 precibus

79 5311 260 5377 adjuti,
291 5328 350 5366 se
378 5327 484 5363 non
517 5311 932 5364 emendaverint.
965 5309 1031 5362 Et
1053 5311 1397 5378 postulantes,
1432 5314 1637 5382 inquit,

81 5400 120 5448 id
147 5411 372 5467 est,cum
403 5415 595 5469 magno
625 5401 802 5453 studio
833 5418 846 5451 :
876 5400 975 5453 hoc
1004 5401 1146 5454 enim
1196 5402 1432 5455 ostendit
1472 5403 1598 5456 illud
1621 5444 1638 5468 ,

77 5486 387 5557 Cngnotistis.
438 5490 542 5544 Sed
591 5498 800 5559 epoi-tet
847 5490 1006 5544 etiam
1062 5491 1257 5560 aliquid
1325 5507 1638 5561 agnoscere.
1697 5536 1705 5546 .

81 5576 138 5631 Ut
166 5598 263 5646 vos,
297 5582 488 5651 inquit,
517 5579 782 5633 ainbuletis
812 5581 960 5649 digne
989 5579 1114 5633 Deo.
1151 5581 1245 5634 llic
1272 5582 1340 5635 de
1372 5584 1474 5635 vita
1505 5584 1635 5638 dicit

79 5682 120 5721 (ιι
161 5674 408 5739 cperihus
449 5690 463 5724 :
497 5689 620 5725 nam
671 5671 774 5726 hoc
819 5688 1030 5742 quoque
1075 5671 1200 5727 facit
1248 5674 1481 5743 ubique;
1514 5676 1635 5731 ﬁdei

79 5774 269 5829 semper
296 5763 572 5830 cenjungit
599 5762 720 5814 vitm.
761 5763 979 5828 agendze
1010 5765 1294 5817 rationem.
1335 5764 1438 5818 Per
1463 5769 1635 5820 omnia

81 5854 323 5916 placem“
359 5855 639 5919 Quomodo
679 5864 875 5914 autem,
910 5853 1008 5905 Per
1047 5857 1216 5907 omnia
1248 5857 1539 5925 placentes?
1571 5856 1632 5911 In

372 5961 633 6016 l‘trnor.
678 5953 796 6026 Gn.
847 5953 1034 6015 LXII.

1792 1291 1928 1343 omni
1956 1307 2105 1360 opere
2127 1295 2257 1348 bono
2289 1299 2656 1366 fructiﬁcantes
2681 1342 2695 1366 ,
2729 1312 2777 1356 et
2819 1316 3093 1360 crescentes
3129 1309 3180 1361 in
3226 1313 3374 1380 agni-

1789 1382 1924 1435 tione
1971 1383 2089 1439 Dei.
2123 1385 2272 1441 Sicut
2315 1391 2457 1444 enim
2501 1407 2560 1447 se
2600 1403 2767 1449 totum
2815 1398 2969 1453 vobis
2997 1402 3255 1456 revelavit
3283 1445 3297 1468 ,
3329 1416 3384 1459 et

1789 1471 1925 1526 sicut
1957 1481 2153 1529 tantam
2177 1480 2457 1546 accepistis
2496 1480 2853 1553 cognitionem
2888 1505 2902 1540 :
2945 1489 3017 1543 ita
3050 1501 3098 1545 et
3127 1492 3381 1549 .vitaavc-

1788 1571 1912 1615 stra:
1933 1564 2317 1623 institutionem
2339 1574 2602 1630 ostendite
2628 1575 2732 1631 ﬁde
2760 1579 2847 1633 illa
2869 1579 3080 1649 dignam
3104 1599 3118 1649 ;
3149 1598 3212 1638 ea
3230 1586 3374 1640 enim

1786 1667 1920 1724 epus
1976 1657 2134 1713 habet
2179 1676 2368 1732 magna
2413 1665 2533 1718 vita:
2578 1668 2800 1737 agenda:
2843 1672 3089 1739 ratione,
3136 1685 3190 1728 et
3219 1675 3377 1745 longe

1785 1745 1975 1813 majori
2004 1763 2160 1816 quam
2190 1759 2362 1806 vetus.
2394 1753 2526 1809 Nam
2555 1757 2644 1826 qui
2675 1757 2844 1814 Deum
2877 1763 3024 1815 novit
3049 1802 3062 1826 ,
3096 1771 3150 1818 et
3177 1764 3375 1835 dignus

1783 1846 1866 1890 est
1905 1836 2118 1892 habitus
2133 1841 2223 1910 qui
2247 1841 2342 1896 Dei
2364 1853 2508 1898 esset
2535 1861 2743 1914 servus,
2777 1849 2883 1904 imo
2911 1866 3040 1905 vero
3063 1851 3223 1919 ﬁlius,
3250 1855 3377 1909 vide

1783 1938 1978 1996 quanta
2015 1944 2149 1998 opus
2177 1931 2370 1987 habeat
2409 1935 2623 1991 virtute.
2658 1938 2842 2012 Η.,ιη
2875 1942 3012 1994 omni
3034 1943 3216 1998 virtute
3250 1962 3374 2000 con-

1781 2021 1973 2089 fortati.
2001 2021 2098 2076 Hie
2121 2022 2249 2078 dicit
2277 2025 2344 2079 de
2371 2029 2754 2084 tentationibus
2780 2042 2836 2086 et
2862 2036 3327 2102 persecutionib‘us
3359 2055 3370 2092 :

1780 2110 2007 2167 Oramus
2037 2121 2095 2166 ut
2129 2114 2456 2187 impleamini
2501 2121 2831 2175 corroborati
2852 2164 2867 2187 ,
2913 2138 2980 2178 ne
3013 2128 3324 2194 torpescatis
3349 2168 3368 2194 ,

1779 2218 1953 2272 neque
1991 2205 2228 2260 animum
2283 2207 2684 2278 despondeatis.
2737 2212 3034 2267 Secundum
3092 2219 3370 2287 potentium

1779 2293 2023 2347 elan‘tatis
2051 2297 2180 2362 ejus.
2201 2296 2272 2352 Ut
2297 2300 2592 2368 accipiatis,
2625 2302 2813 2371 inquit,
2839 2319 2956 2358 eam
2985 2305 3149 2361 animi
3177 2309 3370 2363 alacri-

1781 2391 1963 2451 tatem,
1983 2401 2154 2455 _quam
2178 2387 2291 2457 ejus
2323 2389 2504 2458 gloria:
2532 2389 2902 2449 fortitudinem
2929 2395 3082 2450 decet
3122 2397 3276 2453 dare.
3299 2399 3367 2454 In

1777 2475 1916 2526 omni
1938 2477 2180 2543 patientia
2206 2488 2252 2532 et
2274 2479 2674 2551 longanimitate.
2708 2485 2863 2552 Quod
2893 2487 3043 2555 dicit,
3081 2499 3162 2543 est
3183 2490 3367 2560 hujus-

1776 2567 1920 2620 modi
1950 2585 1962 2621 :
1997 2567 2271 2636 Breviter,
2302 2570 2505 2641 inquit,
2530 2589 2746 2630 oramus
2789 2586 2846 2631 ut
2873 2594 2969 2634 vos
2999 2581 3162 2636 vitam
3191 2585 3362 2652 agatis

1774 2673 1840 2712 ex
1868 2660 2085 2728 virtute,
2116 2661 2439 2734 dignamque
2465 2677 2642 2722 vestro
2670 2669 2882 2725 vivendi
2908 2671 3170 2738 instituto,
3200 2674 3360 2729 forti-

1775 2762 1960 2824 terque
1983 2770 2046 2810 ac
2073 2757 2296 2813 firmiter
2326 2759 2479 2814 stetis
2521 2763 2877 2831 corroborati,
2899 2774 2957 2819 ut
2987 2776 3200 2836 oportet
3228 2784 3322 2823 eos
3343 2811 3358 2834 ,

1772 2847 1861 2916 qui
1893 2863 1921 2902 a
1956 2849 2065 2903 Deo
2091 2859 2215 2904 sunt
2239 2853 2594 2908 corroborati.
2620 2854 2908 2926 Propterea
2943 2859 3180 2913 nondum
3207 2862 3361 2914 attin-

1770 2941 1847 3008 git
1873 2939 2144 3012 dogmata,
2175 2951 2227 2996 et
2252 2943 2305 2997 in
2332 2945 2439 2999 vita
2467 2955 2730 3011 versatur,
2766 2950 2852 3003 ubi
2883 2951 3012 3004 nihil
3033 2951 3191 3005 habet
3212 2954 3357 3023 quod

1770 3029 2165 3098 reprehendat;
2207 3041 2262 3087 et
2303 3049 2424 3088 cum
2455 3051 2548 3090 eos
2593 3038 2863 3094 laudasset
2891 3041 2940 3094 in
2970 3057 3078 3110 quo
3106 3043 3360 3098 laudandi

1768 3129 1959 3188 erant,
2007 3130 2132 3176 tunc
2179 3124 2385 3179 accedit
2429 3125 2497 3181 ad
2535 3130 2951 3186 accusationem.
2999 3133 3110 3188 Iloc
3155 3135 3354 3205 ubique

1768 3209 1946 3277 facit,
2004 3214 2218 3283 quando
2264 3217 2450 3271 scribit
2493 3219 2558 3273 ad
2627 3221 2852 3291 aliquos.
2904 3224 2959 3278 Si
3010 3224 3204 3280 habeat
3260 3227 3360 3281 ali-

1766 3303 1892 3371 quid
1938 3305 2078 3374 quod
2124 3306 2484 3374 reprehendat
2522 3350 2538 3378 ,
2594 3321 2646 3366 et
2707 3314 2908 3384 aliquid
2952 3317 3092 3386 quod
3141 3317 3353 3385 laudet;

1766 3392 1912 3462 prius
1939 3393 2120 3448 laudat
2139 3405 2194 3450 et
2223 3404 2349 3452 tunc
2375 3397 2652 3456 descendit
2678 3403 2744 3457 ad
2766 3405 3010 3459 crimina.
3034 3407 3187 3462 Prius
3210 3410 3357 3463 enim

1765 3484 1864 3538 sibi
1890 3485 2142 3539 conciliat
2185 3497 2239 3541 et
2269 3489 2588 3546 benevolum
2629 3494 2806 3550 reddit
2834 3497 3166 3566 auditorem;
3196 3516 3357 3557 accu-

1764 3574 2028 3629 sationem
2061 3576 2252 3632 liberat
2282 3580 2350 3634 ab
2389 3582 2533 3635 omni
2562 3585 2864 3654 suspicione
2886 3627 2900 3651 ,
2931 3596 2986 3641 ct
3020 3590 3253 3645 ostendit
3294 3605 3356 3646 se

1763 3666 1975 3734 quidem
2008 3669 2146 3722 velle
2168 3671 2390 3724 omnino
2419 3672 2654 3739 laudare,
2686 3676 2778 3729 sed
2803 3677 2868 3730 ad
2902 3693 2964 3731 ca
2991 3678 3219 3734 dicenda
3247 3682 3353 3735 int-
3434 3738 3439 3743 ,

1761 3757 1885 3826 pelli
1915 3773 1941 3811 a
1969 3761 2311 3816 necessitate.
2343 3761 2454 3818 Hoc
2494 3766 2653 3819 etiam
2696 3768 2821 3822 facit
2869 3769 2920 3823 in
2952 3771 3118 3839 priori
3158 3772 3224 3827 ad
3253 3773 3355 3828 Co-

1759 3848 1986 3904 rinthios
2021 3852 2067 3923 (l
2082 3890 2096 3903 .
2125 3851 2241 3906 Cor.
2259 3855 2336 3924 5).
2357 3855 2490 3910 Nam
2512 3872 2632 3912 eum
2651 3874 2745 3914 eos
2769 3861 3054 3931 plurimum
3074 3865 3354 3921 laudasset

1763 3951 1819 3994 ut
1848 3943 1936 4012 qui
1965 3943 2136 4012 ipsum
2161 3946 2466 4016 diligerent,
2499 3957 2625 4005 tunc
2651 3953 2718 4005 ab
2747 3967 2814 4008 eo
2859 3955 2948 4022 qui
2982 3953 3154 4010 fuerat
3177 3955 3344 4011 forni-
3376 3960 3381 3967 '

1757 4043 1907 4087 catus
1923 4033 2201 4091 descendit
2220 4037 2287 4091 ad
2305 4041 2720 4096 accusationem.
2749 4042 2804 4097 lu
2826 4044 3064 4114 Epistola
3085 4056 3262 4101 autem
3281 4048 3349 4102 ad

1758 4124 1972 4179 Galatas
2005 4126 2217 4197 (Colat.
2246 4129 2267 4182 l
2297 4131 2314 4197 )
2349 4142 2454 4183 non
2502 4130 2573 4184 ita
2596 4173 2611 4196 ,
2638 4133 2733 4188 sed
2786 4147 3005 4189 contra:
3053 4137 3162 4191 imo
3213 4153 3347 4193 vero

1755 4219 1798 4271 si
1829 4218 2092 4286 quispiam
2123 4221 2506 4276 examinaverit
2529 4264 2544 4289 ,
2577 4224 2662 4279 illa
2709 4241 2920 4296 quoque
2949 4237 3034 4283 est
3069 4244 3134 4284 ex
3179 4230 3340 4284 laudo

1755 4309 2045 4363 accusatio.
2077 4309 2207 4362 Nam
2253 4312 2504 4380 quoniam
2553 4315 2684 4369 nihil
2734 4326 2940 4386 poterat
2971 4319 3156 4375 dicere
3194 4322 3343 4390 quod

1756 4397 1855 4467 ipsi
1884 4409 2032 4454 recte
2057 4405 2372 4469 gessissent,
2402 4412 2456 4457 et
2479 4405 2685 4460 crimen
2717 4416 2833 4463 erat
2857 4408 3150 4465 vehemens
3177 4452 3191 4476 ,
3221 4427 3343 4466 om-

1755 4504 1956 4559 nesque
1980 4492 2221 4560 corrupti
2247 4502 2422 4559 erant,
2454 4505 2507 4548 et
2543 4495 2684 4552 ferre
2717 4508 2959 4567 poterant
3006 4517 3127 4556 cum
3160 4517 3346 4559 essent

1753 4581 1940 4646 fortes,
1965 4583 2233 4652 incipitab
2258 4587 2598 4643 accusatione
2620 4589 2804 4645 dicens
2827 4590 3344 4665 :Miror(lbid.v.6).

1751 4672 2112 4748 Quamobrem
2132 4675 2233 4730 hoc
2259 4693 2471 4748 quoque
2499 4690 2582 4734 est
2603 4684 2928 4738 encomium.
2954 4685 3144 4741 Postea
3163 4697 3345 4744 autem

1750 4747 1846 4817 eos
1890 4764 2124 4845 laudat,
2165 4782 2271 4821 non
2321 4779 2541 4838 propter
2602 4776 2914 4841 praesentia,
2981 4778 3073 4831 sed
3127 4791 3346 4849 propter

1749 4855 2020 4923 praeterita
2049 4839 2070 4922 ,’
2114 4855 2298 4911 dicens
2333 4876 2346 4911 :
2380 4859 2442 4913 Si
2491 4839 2614 4928 fieri
2635 4865 2909 4931 potuisset,
2937 4839 3344 4925 oculos-vestros

1749 4955 1917 5000 erutos
1957 4947 2080 4999 ini/ii
2107 4949 2369 5002 dedissetis
2397 4949 2557 5021 (Ibid.
2580 4953 2632 5006 4.
2660 4954 2767 5023 15).

1819 5037 1870 5090 2.
1917 5036 2324 5107 Fructiﬁcantes,
2357 5040 2527 5109 inquit
2551 5059 2563 5095 :
2589 5042 2690 5097 hoc
2713 5045 2780 5099 de
2802 5047 3078 5116 operibus.
3108 5049 3338 5120 Confer-

1741 5109 1839 5179 Itati
1870 5142 1887 5179 :
1917 5127 2021 5182 hoc
2048 5129 2115 5182 de
2139 5130 2544 5184 tentationibus.
2587 5131 2653 5185 In
2683 5135 2818 5187 omni
2840 5109 3108 5204 patientia
3143 5151 3190 5193 et
3224 5109 3341 5195 ion-

1748 5220 2042 5287 ganimitate
2070 5236 2088 5273 :
2122 5221 2524 5289 longanimitate
2554 5240 2648 5280 seu
2687 5226 2908 5282 lenitate
2940 5230 3076 5284 inter
3112 5246 3169 5285 se
3189 5273 3203 5294 ,
3238 5249 3337 5301 pa-

1750 5309 1931 5362 tientia
1961 5325 2082 5378 erga
2126 5319 2410 5365 externos.
2447 5312 2792 5381 Longanlmis
2816 5319 2960 5372 enim
2989 5335 3050 5374 ac
3092 5321 3225 5397 lenis
3252 5336 3336 5380 est

1746 5393 2009 5470 quispiam
2043 5402 2094 5455 in
2125 5417 2219 5456 eos
2265 5417 2399 5471 quos
2444 5404 2605 5458 etiam
2656 5418 2832 5475 potest
2871 5410 3094 5475 ulcisci;
3143 5395 3337 5466 tulerat

1745 5507 1874 5544 vero
1906 5507 2228 5561 eosqueque
2247 5479 2381 5562 quos
2409 5510 2512 5548 non
2534 5506 2708 5564 potest
2739 5500 2943 5555 ulcisci.
2967 5503 3252 5574 Propterea
3275 5505 3328 5558 in

1748 5582 1857 5635 Deo
1897 5582 2108 5651 quidem
2141 5600 2428 5653 numquam
2461 5586 2652 5640 dicitur
2676 5595 2884 5658 δπομονή
2915 5607 3007 5646 seu
3038 5595 3329 5663 patientia;

1746 5676 2122 5745 longanimitas
2148 5687 2324 5731 autem
2355 5690 2409 5733 et
2428 5679 2618 5733 lenitas
2643 5696 2787 5749 saepe
2808 5681 3002 5738 dicitur
3034 5705 3044 5739 :
3073 5687 3208 5739 sicut
3242 5687 3328 5740 hic

1742 5765 1856 5834 ipse
1886 5782 2096 5835 quoque
2125 5769 2311 5823 beatus
2341 5771 2526 5824 scribit
2564 5772 2686 5824 alibi
2717 5813 2731 5836 ,
2761 5772 2947 5828 dicens
2979 5796 2991 5829 :
3021 5776 3094 5829 An
3124 5777 3322 5829 diuitias

1743 5858 1978 5911 bonitatis
2004 5860 2113 5924 ejus
2143 5870 2190 5912 et
2219 5861 2498 5916 tolerantur
2525 5873 2570 5916 et
2597 5863 2995 5932 longanimitatis
3047 5883 3139 5917 mn
3162 5869 3319 5920 amnis

2917 5964 2997 6024 ‘20
