4050 6324
766 491 863 547 3H

772 605 945 676 (llam.
984 604 1038 658 ‘2.
1088 603 1187 671 4)?
1220 600 1285 655 In
1323 590 1487 655 omni.
1521 598 1634 653 Non
1674 612 1814 652 nunc
1857 596 2117 666 quidem',
2160 604 2344 664 postea

768 706 946 750 autem
975 695 1213 748 minime.
1246 689 1306 759 ιι
1335 691 1490 756 enini,
1522 688 1711 759 inquit,
1743 688 1990 757 sapientia
2017 694 2061 739 et
2090 686 2345 739 intellectu

765 787 1040 853 spirituali.
1090 786 1261 839 Aliter
1288 784 1429 838 enim
1472 798 1577 835 non
1628 782 1748 835 licet
1787 781 1900 849 ejus
1943 791 2231 848 agnoscere
2261 792 2345 829 vo-

768 877 1050 930 luntatem.
1092 876 1251 945 Atqui
1280 873 1655 929 existimabant
1696 886 1755 925 se
1781 870 1896 937 ejus
1934 868 2132 922 habere
2156 868 2344 920 volun-

764 979 925 1024 tatem
951 985 964 1030 ;
986 967 1080 1021 sed
1105 982 1209 1021 non
1233 975 1348 1020 erat
1372 964 1661 1036 spiritualis
1686 963 1962 1031 sapientia.
1987 960 2055 1015 Ut
2081 960 2343 1014 auibulctis

760 1058 907 1125 digne
941 1055 1071 1109 Deo.
1106 1055 1215 1110 Hoc
1248 1057 1390 1109 enim
1416 1064 1501 1109 est
1546 1054 1627 1107 via
1661 1052 1848 1121 Optimi
1889 1052 2010 1104 vita:
2038 1050 2261 1105 instituti
2288 1058 2341 1105 ct

760 1156 918 1201 recte
948 1148 1402 1202 conversationis:
1432 1161 1552 1200 nam
1573 1148 1661 1216 qui
1684 1146 1773 1200 Dei
1792 1142 2033 1199 didicerit
2054 1144 2341 1215 benignita-

761 1248 864 1291 tem
884 1255 897 1301 ;
920 1240 1092 1293 discet
1110 1247 1285 1294 autem
1326 1239 1372 1293 si
1392 1238 1584 1294 viderit
1607 1238 1851 1292 traditum
1876 1237 2103 1301 Filium;
2129 1237 2341 1291 habebit

760 1331 1561 1397 majoremanimialacritatem.
1594 1330 1805 1399 Alioqui
1826 1341 2003 1383 autem
2034 1345 2137 1384 non
2168 1332 2335 1385 solum

762 1435 995 1481 oramus,
1022 1430 1079 1475 ut
1111 1422 1328 1476 discatis
1350 1462 1364 1485 ,
1384 1420 1477 1477 sed
1496 1421 1653 1476 etiam
1685 1432 1738 1474 ut
1762 1421 1811 1473 in
1832 1421 1981 1474 tactis
2000 1421 2291 1475 ostendatis
2319 1438 2334 1473 :

760 1525 881 1563 nam
911 1510 996 1579 qui
1021 1511 1165 1563 novit
1184 1525 1283 1565 nec
1309 1519 1484 1566 tamen
1526 1510 1649 1565 fecit
1671 1551 1687 1575 ,
1716 1519 1797 1565 est
1826 1512 1984 1565 etiam
2014 1510 2331 1579 puniendus.

763 1596 828 1650 Ut
860 1616 962 1659 ros.
989 1599 1173 1669 inquit,
1197 1600 1477 1653 ambuletis.
1499 1598 1610 1653 lloc
1631 1608 1734 1665 est,
1756 1614 1998 1668 semper;
2019 1614 2125 1653 non
2144 1601 2332 1666 semel,

758 1689 849 1742 sed
880 1698 1154 1759 perpetuo.
1175 1690 1324 1745 Sicut
1345 1692 1486 1744 enim
1509 1692 1781 1745 ambulare
1805 1691 1958 1745 nobis
1981 1701 2064 1746 est
2089 1707 2334 1747 necessa-

756 1778 911 1843 rium,
930 1779 997 1831 ita
1023 1781 1181 1834 etiam
1203 1790 1348 1835 recte
1367 1781 1573 1845 vivere;
1601 1789 1655 1835 et
1677 1781 1726 1834 id
1748 1796 1963 1850 semper
1980 1793 2135 1836 vocat
2157 1785 2335 1837 ambu-

758 1865 1029 1932 lationem,
1062 1879 1112 1923 et
1138 1869 1353 1933 merito,
1382 1870 1671 1924 ostendens
1700 1874 1835 1926 hanc
1861 1885 1979 1926 esse
2012 1872 2173 1925 vitam
2214 1888 2330 1945 qua:

753 1966 835 2010 est
858 1958 1011 2012 nobis
1029 1959 1301 2029 proposita
1321 1976 1333 2010 :
1357 1960 1449 2014 sed
1485 1959 1750 2014 mundana
1781 1972 1983 2015 nonest
2004 1960 2326 2030 ltttjusnzntli.

753 2048 937 2118 Magna
976 2061 1157 2106 autem
1200 2060 1284 2107 est
1330 2053 1465 2109 laus.
1504 2052 1569 2107 Ut
1612 2054 1913 2120 ambnlctis,
1948 2054 2151 2124 inquit,
2182 2056 2331 2125 digne

754 2137 993 2205 Domino,
1026 2150 1080 2195 et
1109 2141 1175 2195 1η
1209 2144 1347 2195 omni
1371 2160 1520 2210 opere
1548 2143 1699 2208 bono,
1735 2155 1790 2197 ut
1815 2159 2027 2213 semper
2052 2148 2325 2214 crcseatis,

748 2237 803 2280 et
832 2243 1087 2297 nusquam
1115 2230 1349 2295 sistatis;
1390 2240 1444 2285 et
1469 2232 1864 2301 metaphorice,
1899 2232 2142 2289 Fructum
2171 2240 2327 2305 feren-

750 2327 838 2380 tes,
870 2328 917 2371 et
946 2330 1220 2375 crescentes
1249 2321 1300 2373 in
1346 2322 1602 2391 agnitione
1632 2321 1727 2376 Dei
1756 2340 1773 2384 ;
1816 2332 1875 2377 ut
1913 2325 1989 2378 sic
2012 2327 2327 2381 corrobore-

750 2409 878 2461 mini
902 2410 1192 2464 secundum
1219 2413 1506 2479 potentiam
1530 2413 1645 2477 Dei,
1668 2426 1922 2481 quanttun
1946 2415 2106 2470 homo
2129 2427 2322 2487 potest.

754 2495 856 2549 Per
877 2500 1152 2565 potentiam
1179 2501 1307 2568 ejus.
1336 2499 1521 2571 Magna
1547 2502 1861 2557 consolatio.
1886 2503 1999 2557 Non
2027 2505 2181 2569 dixit,
2210 2506 2327 2561 Vir-

750 2595 913 2642 tutem
937 2599 1026 2641 aut
1046 2598 1391 2659 potestatem,
1416 2591 1508 2645 sed
1534 2589 1843 2657 Potentiam,
1865 2595 2003 2662 quod
2028 2605 2109 2649 est
2129 2597 2320 2664 maius.

746 2677 850 2731 Per
875 2680 1183 2747 potentiam,
1212 2680 1383 2749 inquit
1404 2723 1419 2747 ,
1450 2695 1543 2735 seu
1572 2683 1903 2738 dominatum
1925 2724 1941 2749 ,
1970 2686 2149 2755 gloria:
2172 2690 2281 2757 ejus
2303 2705 2325 2752 ,-

744 2772 865 2839 quia
896 2771 1086 2840 ubique
1112 2771 1282 2839 gloria
1324 2771 1441 2840 ejus
1482 2773 1762 2842 imperium
1790 2776 2015 2830 obtinet.
2047 2776 2164 2831 Jam
2192 2793 2321 2833 con-

743 2862 944 2915 solatus
975 2871 1075 2927 est,
1107 2863 1248 2931 quod
1276 2878 1396 2917 cum
1427 2865 1477 2918 in
1512 2866 1709 2935 probro
1734 2875 1789 2921 et
1818 2866 2084 2924 dedecore
2107 2872 2317 2934 essetis,

740 2968 926 3006 rursus
948 2954 1261 3009 ambulastis
1283 2955 1439 3025 digne
1469 2956 1715 3011 Domino.
1752 2959 1827 3013 De
1858 2960 1993 3015 Filio
2019 2961 2147 3016 dicit
2169 2964 2317 3029 illud,

743 3042 882 3111 quod
915 3042 1027 3110 ipse
1058 3044 1253 3112 ubique
1301 3046 1581 3113 imperium
1623 3057 1675 3101 et
1704 3047 2035 3104 dominatum
2080 3052 2321 3108 obtineat

742 3141 795 3184 et
828 3132 877 3184 in
900 3134 1033 3185 earlo
1056 3143 1109 3188 et
1136 3135 1185 3187 in
1205 3144 1363 3197 terra,
1384 3135 1525 3204 quod
1551 3136 1667 3205 ejus
1692 3137 1858 3206 gloria
1888 3138 2081 3209 ubique
2112 3155 2316 3211 regnet.

741 3221 855 3275 Non
885 3223 1015 3276 dixit
1050 3232 1253 3278 tantum
1277 3266 1292 3288 ,
1326 3223 1733 3285 Confortamini.
1770 3229 1865 3283 sed
1898 3241 1951 3284 ut
1995 3247 2090 3300 par
2120 3243 2200 3287 est
2225 3249 2318 3288 eos

740 3314 831 3381 qui
863 3314 1088 3367 Domino
1120 3324 1225 3367 tam
1259 3314 1380 3369 forti
1413 3318 1674 3380 serviunt,
1706 3316 1769 3370 In
1796 3318 1890 3371 Dei
1923 3322 2196 3389 agnitione.
2231 3322 2319 3377 Si-

741 3402 850 3455 mul
874 3402 1028 3455 etiam
1053 3405 1261 3473 attingit
1287 3405 1547 3459 rationem
1572 3407 1891 3476 cognitionis
1915 3426 1927 3461 :
1953 3426 2104 3464 error
2124 3412 2318 3482 quippe

740 3500 841 3554 est,
882 3492 1047 3546 Deum
1079 3509 1182 3547 non
1226 3482 1281 3546 ut
1311 3505 1523 3561 oportet
1565 3511 1750 3558 nosse.
1788 3502 1895 3552 Aut
1926 3510 1982 3552 ut
2017 3504 2272 3556 crescatis
2298 3544 2313 3569 ,

739 3581 928 3650 inquit,
960 3582 1009 3636 in
1044 3582 1133 3636 Dei
1174 3585 1462 3653 agnitione.
1496 3585 1625 3639 Nam
1670 3588 1714 3641 si
1755 3590 1843 3658 qui
1887 3590 2077 3645 Filium
2110 3595 2312 3659 nescit,

741 3688 839 3725 nec
866 3673 1077 3726 Patrem
1103 3674 1318 3742 quidem
1342 3677 1478 3740 scit,
1507 3678 1700 3732 merito
1725 3694 1858 3747 opus
1887 3691 1969 3734 est
2000 3684 2268 3751 agnitione
2300 3704 2312 3739 :

736 3763 935 3816 etenim
964 3763 1161 3831 absque
1192 3764 1275 3816 illa
1307 3765 1378 3817 nil
1407 3766 1625 3834 prodest
1658 3769 1786 3824 vita.
1820 3769 1885 3823 In
1917 3773 2054 3824 onmi
2074 3775 2316 3841 patientia

737 3861 781 3903 et
805 3853 1203 3920 longanimitate,
1232 3854 1420 3923 inquit,
1447 3872 1558 3908 cum
1580 3858 1787 3926 gaudio,
1820 3858 1904 3913 12.
1933 3863 2127 3930 gratias
2153 3881 2314 3932 agen-

736 3953 808 3995 tes
842 3942 966 3996 Deo.
1006 3944 1209 3998 Deinde
1236 3959 1330 3999 eos
1366 3947 1782 4011 exhortaturus,
1816 3966 1919 4003 non
1950 3955 2199 4007 meminit
2223 3970 2315 4007 eo-

737 4048 853 4086 rum
887 4048 1003 4102 qute
1040 4043 1164 4087 sunt
1190 4036 1269 4089 eis
1307 4037 1616 4092 recondita:
1645 4040 1741 4093 sed
1772 4040 1871 4095 hoc
1900 4044 2115 4110 quidem
2158 4046 2314 4099 tacite

734 4125 1071 4192 signiﬁcavit,
1105 4125 1287 4178 dicen;
1316 4127 1495 4189 initio,
1529 4126 1748 4198 Propter
1776 4148 1914 4201 spem
1952 4150 2066 4203 qua:
2093 4139 2313 4204 reposita

734 4225 805 4268 est
836 4216 971 4268 vobis
1007 4217 1057 4268 in
1101 4218 1236 4270 (telis
1264 4234 1281 4269 :
1311 4219 1397 4271 hic
1444 4229 1621 4274 autem
1677 4225 1920 4277 meminit
1965 4240 2149 4281 eorum
2195 4247 2312 4298 qua:

731 4306 840 4374 jam
883 4306 1092 4360 fuerunt
1141 4325 1153 4361 :
1204 4308 1315 4361 bree
1360 4311 1500 4363 enim
1546 4321 1668 4365 sunt
1712 4328 1885 4369 causa:
1924 4317 2151 4372 illorum.
2202 4322 2311 4377 lloc

734 4409 896 4463 porro
926 4394 1047 4447 facit
1091 4397 1140 4448 in
1184 4397 1361 4450 multis
1395 4399 1545 4451 locis.
1578 4400 1709 4453 Nam
1754 4419 1871 4471 qua:
1907 4406 2016 4471 jam
2060 4408 2306 4477 fuerunt,

734 4484 892 4537 fidem
920 4486 1131 4549 faciunt,
1157 4496 1209 4540 et
1238 4489 1405 4557 magis
1435 4488 1665 4544 excitant
1690 4492 2007 4548 auditorem.
2035 4496 2158 4551 Cum
2184 4518 2310 4569 gan-

735 4576 839 4637 dio,
872 4576 1076 4645 inquit,
1106 4580 1295 4647 gratias
1320 4591 1521 4649 agentes
1556 4580 1681 4637 Deo.
1714 4582 1839 4637 [ch
1868 4596 1948 4641 est
1972 4602 2307 4660 consequen-

734 4668 805 4720 tia
840 4685 852 4718 :
885 4667 997 4721 Non
1022 4684 1293 4724 cessamus
1319 4687 1475 4728 orare
1504 4688 1601 4742 pro
1630 4677 1781 4731 vobis
1803 4718 1817 4743 ,
1851 4689 1903 4732 et
1930 4684 2126 4749 gratias
2151 4700 2308 4754 agere

734 4760 801 4813 de
832 4758 1114 4825 prioribus.
1159 4762 1319 4816 Vides
1349 4766 1617 4832 quomodo
1658 4768 1771 4837 ipse
1798 4774 2135 4840 aggrediatur
2162 4776 2307 4847 loqui

734 4848 800 4902 de
830 4847 1007 4903 Filio?
1031 4849 1162 4905 Nam
1189 4854 1233 4906 si
1266 4868 1383 4906 cum
1412 4870 1604 4925 magno
1629 4859 1823 4926 gaudio
1854 4864 2051 4931 gratias
2078 4867 2305 4935 agimus,

744 4953 929 5007 magna
956 4949 1077 4994 sunt
1106 4957 1220 5010 qua:
1242 4944 1508 4999 dicuntur.
1535 4945 1668 5001 Nam
1691 4959 1743 5004 et
1768 4954 1951 5021 gratia:
1976 4957 2059 5024 agi
2089 4969 2311 5025 possunt

732 5040 949 5098 prepter
982 5030 1152 5085 solum
1188 5044 1424 5101 metum;
1453 5047 1677 5105 possunt
1701 5041 1859 5095 etiam
1900 5045 1984 5113 agi
2026 5047 2211 5116 gratia:
2238 5051 2305 5105 ab

735 5134 801 5174 eo
827 5118 912 5188 qui
948 5129 1031 5172 est
1060 5121 1109 5173 in
1155 5136 1389 5178 maerore
1421 5141 1434 5178 :
1468 5135 1525 5180 ut
1558 5137 1702 5197 puta,
1734 5130 1836 5186 Job
1861 5134 2077 5202 quidem
2119 5139 2309 5207 agebat

734 5210 952 5278 gratias,
986 5209 1077 5263 sed
1108 5211 1293 5267 dolore
1316 5214 1537 5271 allectus
1560 5236 1576 5273 :
1601 5219 1827 5292 ideoque
1857 5225 2091 5293 dicebat,
2128 5228 2308 5285 Domi-

738 5315 833 5353 nus
861 5300 1030 5364 dedit,
1089 5300 1337 5359 Dominus
1371 5308 1577 5363 abstulit
1602 5311 1722 5379 (Job
1750 5315 1798 5367 1.
1847 5317 1962 5385 21).
2007 5318 2086 5375 Ne
2114 5322 2261 5378 dicas
2290 5365 2305 5389 ,

733 5404 838 5442 non
861 5389 1045 5446 dolore
1066 5407 1185 5447 eum
1208 5394 1447 5452 affecisse
1473 5415 1533 5453 ea
1554 5416 1679 5470 qua:
1707 5403 1843 5458 facta
1874 5406 2103 5475 fuerant,
2136 5429 2307 5484 neque

732 5494 853 5533 cum
878 5478 1119 5548 injecisse
1144 5486 1378 5540 inanimi
1404 5490 1794 5559 aegritudinem,
1819 5498 2030 5566 nejusti
2055 5478 2299 5571 magnum

731 5567 940 5624 auferas
966 5573 1287 5627 eneomimu.
1324 5576 1457 5630 Cum
1488 5590 1663 5635 autem
1698 5586 1811 5638 hsce
1840 5587 1946 5639 sint
1978 5567 2300 5662 hujusmodi,

734 5674 839 5712 non
862 5670 1079 5728 propter
1104 5672 1301 5718 metum
1322 5705 1338 5728 ,
1367 5682 1537 5737 neque
1570 5682 1787 5740 propter
1816 5676 2145 5734 dominatum
2184 5692 2303 5738 tan-

733 5758 868 5812 tum,
902 5750 993 5802 sed
1026 5752 1185 5807 etiam
1214 5765 1429 5825 prapter
1454 5760 1619 5829 ipsam
1652 5780 1826 5818 rerum
1866 5778 2139 5836 naturam,
2169 5772 2304 5828 Gra-

734 5837 830 5889 tias
857 5839 1052 5908 egimus
1089 5843 1166 5907 ei,
1193 5845 1280 5911 qui
1323 5846 1503 5917 dignos
1547 5867 1636 5905 nos
1674 5853 1791 5923 fecit
1830 5856 1879 5909 in
1916 5870 2109 5928 partem
2153 5866 2306 5918 sortis

1486 483 1543 538 S.
1581 481 1854 540 JOANNIS
1887 474 2355 538 οιιειῒεοετοιιι
2396 475 2707 532 ARCiﬂEP.
2747 476 3271 538 CONSTANTINOP.

3923 490 4023 544 312

2447 603 2733 648 sanctorum
2758 596 2808 649 in
2840 596 3049 650 lumine.
3075 597 3314 668 Magnam
3342 613 3453 655 rem
3478 598 3731 672 loquutus
3753 613 3860 659 est.
3885 604 4017 662 Talia

2446 692 2569 739 sunt
2588 700 2707 754 qua:
2736 686 2854 739 data
2886 696 3031 751 sunt,
3076 689 3283 757 inquit,
3316 698 3375 744 ut
3420 705 3527 746 non
3570 694 3747 750 solum
3781 695 4015 759 dederit.

2444 774 2537 829 sed
2565 776 2723 829 etiam
2758 777 2921 831 fortes
2943 776 3130 832 fecerit
3150 779 3216 832 ad
3240 781 3632 850 accipiendum.
3662 784 3823 851 Quod
3849 796 4015 840 autem

2443 862 2593 927 dixit,
2629 863 2692 917 Ei
2720 866 2807 934 qui
2829 867 3007 935 dignos
3034 883 3127 920 nos
3154 868 3292 937 fecit,
3318 885 3565 940 maguum
3598 874 3817 941 pondus
3842 883 4013 929 osten-

2442 952 2537 1007 dit.
2574 953 2641 1009 Ut
2673 955 2718 1009 si
2744 958 3004 1027 quispiam
3030 957 3225 1012 intima:
3247 960 3570 1016 conditionis
3593 977 3687 1019 rex
3716 957 4015 1025 factus'bie-

2442 1045 2531 1112 rit,
2562 1056 2737 1114 potest
2760 1048 2845 1101 cui
2868 1050 2995 1103 velit
3019 1049 3147 1103 dare
3169 1051 3535 1119 prtefecturam
3561 1072 3576 1118 ;
3604 1066 3658 1109 et
3682 1056 3831 1111 hanc
3856 1060 4011 1114 solam

2441 1138 2488 1190 ei
2522 1146 2692 1205 potest
2722 1137 2849 1194 dare
2874 1140 3181 1211 dignitatem
3199 1183 3213 1206 ,
3243 1144 3340 1198 sed
3367 1160 3472 1199 non
3514 1146 3769 1203 idoneum
3796 1151 4011 1206 reddere

2438 1227 2505 1280 ad
2532 1229 2820 1297 gerendum
2852 1233 3217 1299 magistratum
3251 1234 3416 1304 (stepc
3443 1237 3603 1290 etiam
3640 1238 3805 1293 talem
3833 1256 4008 1309 quem-

2441 1320 2579 1387 piam
2622 1320 2901 1399 ridiculum
2936 1322 3063 1376 facit
3113 1324 3363 1395 honor):
3393 1326 3437 1380 si
3478 1336 3655 1381 autem
3696 1328 4004 1399 dignitatem

2437 1408 2676 1472 dederit.
2708 1392 2969 1481 et‘aptum
3011 1413 3201 1469 fecerit
3230 1392 3312 1470 ad.
3333 1415 3593 1471 honorem
3614 1458 3629 1481 ,
3666 1426 3727 1473 et
3760 1392 4003 1475 idoneum

2436 1501 2501 1554 ad
2524 1501 3057 1568 administrationem,
3084 1513 3211 1560 tunc
3232 1521 3293 1561 ea
3322 1522 3409 1561 res
3430 1517 3512 1563 est
3534 1508 3728 1562 honor.
3755 1510 3872 1565 Hoc
3890 1527 4005 1581 ergo

2409 1591 2523 1645 .hic
2552 1606 2762 1661 quoque
2785 1592 2941 1658 dicit,
2981 1595 3123 1664 quod
3150 1610 3254 1649 non
3290 1596 3462 1650 solum
3492 1598 3647 1651 nobis
3670 1598 3887 1654 dederit
3915 1599 4003 1654 bo-

2436 1694 2643 1744 norem,
2677 1683 2771 1737 sed
2798 1686 2955 1736 etiam
2986 1686 3148 1738 fortes
3179 1684 3366 1739 fecerit
3392 1685 3459 1740 ad
3488 1687 3885 1757 accipiendum.

2505 1771 2557 1825 5.
2606 1773 2801 1841 Duplex
2826 1788 2954 1843 ergo
2978 1783 3061 1828 est
3099 1774 3183 1828 hic
3211 1774 3403 1841 honor,
3429 1776 3573 1845 quod
3603 1788 3655 1831 et
3682 1777 3928 1844 dederit,
3953 1788 3999 1832 et

2433 1864 2742 1931 accipiendo
2763 1863 2904 1917 dono
2930 1864 3119 1920 fecerit
3140 1874 3315 1934 aptos.
3340 1866 3458 1920 Non
3485 1866 3620 1921 dixit
3644 1868 3991 1931 solummodo,

2436 1954 2537 2019 Qui
2564 1956 2740 2019 dedit,
2770 1956 2863 2011 sed
2890 1957 3049 2011 etiam
3076 1997 3089 2021 ,
3126 1958 3228 2024 Qui
3254 1959 3552 2027 sufﬁcientes
3577 1970 3623 2012 et
3652 1961 3866 2014 idoneos
3892 1963 3997 2029 [erit

2429 2045 2483 2097 in
2513 2056 2706 2115 portent
2743 2049 2892 2101 sortis
2932 2059 3225 2102 sanctorum
3267 2051 3317 2102 in
3364 2050 3572 2107 lumine.
3620 2053 3733 2106 Hoc
3769 2063 3852 2107 est
3875 2096 3889 2119 ,
3919 2056 3993 2123 qui

2430 2150 2529 2188 nos
2556 2137 2838 2191 collocavit
2859 2153 2979 2191 cum
3006 2141 3226 2194 sanctis.
3255 2139 3359 2194 Sed
3386 2157 3491 2193 non
3518 2143 3688 2196 solum
3711 2127 3881 2209 dixit,
3907 2144 3991 2208 Qui

2428 2225 2731 2291 collocavit,
2761 2228 2854 2282 sed
2881 2230 3062 2294 etiam,
3092 2230 3192 2297 Qui
3223 2231 3453 2298 prmbuit
3482 2242 3536 2285 ut
3581 2233 3771 2286 iisdem
3805 2235 3991 2289 fruere-

2432 2330 2585 2368 ntur:
2619 2330 2741 2384 pars
2770 2324 2851 2371 est
2877 2319 3021 2371 enim
3054 2319 3202 2383 illud,
3236 2320 3377 2389 quod
3405 2322 3770 2392 unusquisque
3795 2326 3989 2393 accipit.

2430 2403 2613 2457 Potest
2639 2406 2779 2459 enim
2812 2407 2928 2461 fieri
2962 2415 3019 2461 ut
3045 2409 3306 2477 quispiam
3336 2411 3406 2463 sit
3444 2412 3496 2464 in
3526 2411 3710 2465 eadem
3755 2413 3986 2467 civitate.

2426 2511 2531 2549 non
2559 2507 2735 2550 autem
2764 2498 2969 2553 fruatur
2996 2500 3183 2554 iisdem
3214 2520 3226 2554 :
3252 2511 3309 2555 ut
3336 2510 3512 2556 autem
3544 2504 3785 2556 eamdem
3815 2504 3990 2557 habeat

2426 2598 2629 2657 partem
2650 2631 2663 2653 ,
2695 2598 2748 2644 et
2774 2604 2878 2644 nou
2906 2590 3112 2644 fruatur
3136 2590 3322 2646 iisdem
3348 2633 3365 2657 ,
3410 2592 3628 2646 minime
3653 2608 3776 2648 esse
3806 2603 3985 2662 potest.

2426 2677 2569 2732 Fieri
2610 2688 2784 2748 pctest
2812 2689 2869 2733 ut
2908 2681 2979 2735 sit
3020 2681 3071 2734 in
3102 2681 3289 2735 eadem
3317 2693 3463 2736 sorte
3486 2722 3503 2747 ,
3535 2693 3589 2737 et
3624 2700 3726 2737 non
3757 2685 3983 2738 eamdem

2425 2767 2617 2823 habeat
2657 2781 2861 2840 partem
2886 2790 2900 2823 :
2924 2772 3157 2841 exempli
3188 2787 3346 2826 causa
3370 2814 3383 2838 ,
3414 2773 3468 2827 in
3496 2784 3641 2828 sorte
3670 2789 3859 2827 sumus
3881 2790 3985 2827 om-

2424 2873 2520 2912 nes
2541 2899 2556 2922 ,
2588 2860 2682 2913 sed
2719 2875 2821 2913 non
2862 2862 3105 2915 eamdem
3142 2861 3400 2915 habemus
3427 2873 3655 2932 partem.
3694 2865 3794 2919 llic
3821 2874 3981 2919 autem

2422 2966 2528 3005 non
2557 2952 2657 3005 hoc
2682 2952 2840 3018 dicit,
2871 2953 2966 3007 sed
2992 2954 3152 3008 etiam
3179 2965 3384 3022 partem
3404 2969 3526 3009 cum
3556 2965 3719 3010 sorte.
3751 2955 3862 3009 Cur
3881 2973 3983 3008 sor-

2425 3050 2529 3095 tem
2555 3042 2749 3097 vocat?
2769 3042 3070 3097 Ostendens
3097 3045 3365 3097 nemiuem
3388 3059 3454 3098 ex
3476 3044 3631 3098 bonis
3654 3046 3769 3098 suis
3793 3046 3981 3098 actibus

2421 3139 2474 3185 et
2498 3141 2642 3185 recte
2681 3131 2833 3185 factis
2868 3148 3089 3201 regnum
3119 3133 3381 3205 assequi:
3414 3134 3507 3187 sed
3541 3144 3595 3187 ut
3622 3150 3739 3188 sors
3766 3150 3831 3189 ex
3861 3136 3981 3188 bono

2420 3216 2616 3278 eventu
2658 3226 2834 3293 potius
2863 3224 3089 3286 accidit,
3124 3225 3193 3278 ita
3228 3226 3312 3279 hic
3354 3240 3585 3294 quoque.
3625 3225 3816 3279 Nullus
3853 3228 3976 3280 enim

2424 3314 2529 3369 tale
2557 3315 2676 3368 vitae
2706 3330 2815 3369 sum
2848 3315 3147 3367 institutum
3176 3314 3413 3380 exhibet,
3437 3324 3496 3368 ut
3519 3315 3711 3384 dignus
3738 3316 3979 3369 habeatur

2420 3418 2588 3472 regno
2612 3446 2626 3469 ,
2657 3402 2750 3457 sed
2782 3413 2948 3457 totum
2988 3412 3159 3458 estex
3193 3404 3284 3459 Dei
3315 3404 3479 3458 dono.
3512 3404 3801 3474 Propterea
3830 3405 3975 3463 dicit,
4030 3414 4031 3429 ‘

2418 3493 2545 3549 Cum
2594 3496 2807 3564 feceritis
2876 3496 3078 3560 omnia,
3126 3495 3296 3561 dicite,
3346 3498 3490 3548 Serti
3541 3496 3742 3549 inutiles
3788 3510 3980 3548 sumus:
4028 3556 4029 3571 χ

2419 3604 2537 3642 nam
2600 3604 2714 3657 qua:
2755 3586 3013 3640 debuimus
3062 3589 3263 3658 facere,
3302 3587 3509 3657 fecimus
3537 3586 3699 3657 (Luc.
3747 3588 3835 3639 17.
3870 3586 3977 3651 10).

2420 3679 2485 3733 1η
2524 3689 2717 3749 partem
2759 3679 2909 3732 sortis
2958 3687 3247 3732 sanctorum
3283 3678 3337 3730 in
3377 3678 3607 3741 lumine;
3650 3676 3753 3731 hoc
3778 3686 3896 3739 est,
3934 3678 3975 3727 in
4024 3690 4027 3763 χι

2418 3771 2741 3841 cognitione.
2790 3769 3012 3824 Videtur
3041 3779 3220 3824 autem
3258 3768 3387 3822 mihi
3427 3770 3585 3822 simul
3626 3770 3809 3823 dicere
3837 3779 3889 3823 et
3920 3768 3975 3821 de
4023 3766 4025 3853 Α

2418 3863 2769 3933 prtesentibus
2799 3870 2851 3917 et
2878 3862 2945 3917 de
2970 3862 3178 3916 futuris.
3212 3862 3413 3917 Deinde
3437 3862 3671 3916 ostendit
3691 3877 3778 3927 ea,
3804 3862 3976 3932 quibus

2418 3954 2561 4023 digni
2607 3966 2791 4007 sumus
2820 3953 3007 4006 habiti.
3038 3952 3220 4021 Neque
3239 3953 3383 4005 enim
3420 3952 3520 4011 hoc
3548 3953 3718 4005 solum
3749 3952 3973 4005 mirabile

2416 4056 2529 4111 est,
2559 4046 2698 4116 quod
2727 4060 2891 4114 regno
2918 4044 3119 4114 dignati
3150 4044 3443 4108 fuerimus;
3477 4043 3571 4096 sed
3601 4045 3762 4097 etiam
3784 4042 3971 4095 addes»

2416 4139 2541 4192 dum
2569 4149 2672 4204 est,
2690 4138 2905 4207 quinam
2929 4152 3047 4191 cum
3071 4150 3312 4190 essemus
3341 4155 3352 4187 :
3380 4149 3484 4188 non
3511 4143 3634 4188 sunt
3655 4134 3798 4187 enim
3820 4134 3966 4201 paria.

2416 4229 2569 4294 Quod
2600 4228 2811 4297 quidem
2854 4226 2979 4281 facit
3016 4227 3179 4279 etiam
3223 4226 3273 4278 in
3307 4224 3544 4293 Epistola
3574 4223 3640 4277 ad
3678 4224 3965 4277 Romanos:

2426 4319 2522 4372 Vix
2549 4320 2679 4371 enim
2704 4335 2793 4386 pro
2825 4319 2972 4386 justo
2999 4318 3109 4384 quis
3138 4318 3376 4367 morietur
3406 4330 3425 4367 :
3451 4330 3544 4384 pro
3573 4314 3699 4365 bono
3719 4314 3850 4366 enim
3876 4316 3965 4379 for.

2414 4419 2547 4462 tasse
2567 4409 2676 4478 quis
2701 4408 2851 4460 audet
2881 4407 3008 4458 mori
3033 4406 3208 4474 (liam.
3234 4405 3287 4458 5.
3317 4404 3395 4472 7).
3432 4405 3517 4457 15.
3553 4404 3653 4470 Qui
3679 4404 3860 4471 eripuit
3895 4417 3966 4453 nos

2414 4501 2476 4552 de
2504 4507 2746 4568 potestate
2791 4498 3138 4559 tenebramus,
3171 4495 3359 4565 inquit.
3409 4495 3463 4548 In
3495 4494 3589 4547 illo
3612 4503 3781 4547 totum
3824 4493 3961 4547 situm

2411 4602 2513 4655 est,
2542 4600 2597 4644 et
2624 4589 2738 4643 hzec
2773 4589 2899 4643 dare
2925 4597 2977 4641 et
3007 4588 3091 4639 illa
3118 4604 3131 4639 :
3166 4600 3425 4655 nusquam
3458 4584 3602 4638 enim
3637 4593 3871 4637 nostrum
3899 4589 3962 4633 est

2413 4682 2555 4752 quod
2592 4690 2735 4736 recte
2766 4682 2988 4749 geritur.
3022 4677 3097 4731 De
3128 4687 3369 4747 potestate
3395 4678 3744 4741 tenebrarum,
3779 4674 3958 4742 inquit;

2414 4772 2516 4827 hoc
2536 4773 2921 4835 est,aberrorc
2945 4810 2961 4835 ,
2990 4784 3018 4823 a
3044 4768 3240 4822 diaboli
3276 4766 3573 4838 tyrannide.
3605 4765 3718 4819 Non
3744 4765 3870 4818 dixit
3891 4776 3962 4814 so-

2412 4863 2522 4915 lum
2551 4904 2565 4925 ,
2598 4861 2671 4913 De
2703 4859 2934 4913 tenebris
2957 4899 2972 4922 ,
3006 4857 3098 4912 sed
3122 4897 3139 4921 ,
3191 4856 3269 4910 De
3299 4866 3543 4926 potestate
3567 4871 3587 4909 :
3616 4856 3668 4908 in
3716 4869 3811 4907 uos
3838 4854 3957 4906 enim

2413 4968 2657 5021 magnam
2707 4950 2890 5004 habuit
2936 4957 3291 5018 potestatem,
3339 4957 3392 5001 et
3433 4947 3486 5000 in
3532 4962 3629 5000 nos
3657 4946 3956 4999 dominatum

2410 5041 2658 5095 obtinuit.
2695 5040 2787 5092 Est
2808 5039 2947 5093 enim
2973 5053 3134 5107 grave
3155 5038 3235 5092 vel
3262 5038 3433 5091 solum
3458 5050 3580 5091 esse
3600 5035 3700 5090 sub
3721 5034 3920 5088 diabolo
3942 5047 3952 5088 ;

2413 5142 2533 5186 eum
2574 5139 2836 5200 potestate
2878 5139 3054 5184 autem
3079 5169 3095 5194 ,
3127 5138 3209 5183 est
3257 5128 3358 5182 hoc
3395 5142 3607 5197 quoque
3650 5126 3874 5197 gravius.
3904 5120 3955 5173 Et

2414 5223 2689 5287 transtulit,
2723 5222 2911 5290 inquit,
2941 5222 2993 5274 in
3020 5236 3229 5290 regnum
3257 5218 3383 5273 Filii
3410 5219 3691 5272 dilectionis
3715 5232 3836 5273 suc.
3859 5213 3979 5268 Nan.

2413 5328 2542 5382 ergo
2570 5312 2743 5365 solum
2789 5312 2840 5364 in
2886 5310 3201 5365 liberatione
3225 5325 3253 5362 a
3297 5308 3532 5363 tenebris
3570 5307 3799 5362 ostendit
3826 5312 3975 5357 suam;

2414 5403 2793 5473 benignitatem
2822 5421 2835 5455 :
2868 5418 3112 5471 magnum
3142 5400 3356 5469 quidem
3385 5408 3465 5453 est
3496 5398 3748 5453 liberasse
3772 5412 3803 5449 a
3829 5404 3951 5448 tenv-

2413 5498 2544 5558 ιιι-ῖς,
2577 5496 2630 5549 in
2660 5510 2880 5564 regnum
2910 5505 3086 5547 autem
3114 5494 3272 5546 etiam
3302 5491 3684 5554 iutroduxisse,
3705 5498 3785 5543 est
3812 5485 3949 5540 multo

2413 5587 2604 5655 majus.
2639 5585 2771 5639 Vide
2797 5599 2925 5653 ergo
2968 5598 3127 5652 quam
3164 5582 3436 5648 multiplex
3481 5582 3550 5635 sit
3575 5580 3805 5642 donum;
3832 5572 3944 5642 quod

2413 5678 2466 5730 in
2492 5676 2600 5730 imo
2614 5674 2855 5744 jacentes
2878 5688 2975 5726 nos
2996 5672 3298 5726 liberaverit
3320 5686 3335 5734 ;
3358 5668 3498 5739 quod
3530 5683 3633 5721 non
3660 5669 3825 5721 solum
3850 5663 3944 5715 lilio

2411 5768 2628 5830 raverit,
2659 5767 2751 5820 sed
2779 5776 2936 5819 etiam
2966 5764 3020 5817 in
3051 5777 3271 5833 regnum
3298 5760 3650 5815 transtulerit.
3678 5759 3772 5823 Qui
3795 5756 3942 5814 mw"

2412 5880 2521 5915 nos.
2551 5862 2663 5915 λου
2695 5865 2849 5932 dixit,
2880 5865 3049 5933 Ejecit
3071 5906 3089 5933 ,
3131 5870 3224 5924 sed
3249 5906 3267 5933 ,
3299 5862 3521 5931 Eripuit,
3546 5861 3829 5913 ostendens
3850 5858 3935 5898 In"

3994 3876 4023 4153 J

3986 4874 4009 5240 l
