4050 6324
122 349 236 406 315-

120 479 268 536 gnam
297 463 912 522 nostram'dllictionem
943 477 998 522 et
1027 469 1296 524 miseriam
1321 510 1336 533 ,
1378 478 1432 525 et
1471 469 1680 526 illorum

121 554 494 623 aptivitatem.
546 555 751 611 Deinde
798 558 1049 625 potentia:
1093 557 1189 612 Dei
1237 557 1547 613 facilitatem
1577 578 1588 612 :
1621 559 1687 613 Et

128 646 395 712 transtulit,
425 646 640 715 inquit;
666 660 731 701 ac
755 647 802 702 si
828 648 948 718 quis
975 647 1198 702 militem
1227 662 1256 702 a
1286 648 1403 704 loco
1429 648 1479 702 in
1514 649 1688 704 locum

123 739 414 790 transferat.
443 735 558 790 Non
584 735 720 791 dixit
740 747 940 805 autem,
966 738 1246 804 Traduxit,
1275 755 1467 809 neque,
1492 739 1688 794 Traus-

121 827 321 896 posuit;
364 836 532 883 totum
560 832 704 884 enim
752 831 942 888 fuisset
984 832 1102 900 ejus
1127 831 1216 901 qui
1247 841 1646 902 tranSposuerat
1670 875 1685 900 ,

121 934 221 972 non
263 919 378 989 ejus
425 921 514 990 qui
558 922 844 980 transierat
883 940 896 976 :
940 923 1072 991 sed,
1125 922 1442 990 Transtulit,
1499 925 1686 994 inquit.

120 1010 465 1075 Quamobrem
496 1021 552 1066 et
581 1020 824 1068 nostrum
851 1021 954 1078 est,
981 1024 1034 1068 et
1061 1013 1200 1084 ejus.
1233 1012 1299 1067 111
1326 1030 1537 1085 regnum
1566 1013 1692 1068 Filii

120 1101 391 1156 diectiont's
415 1118 541 1157 sate.
574 1103 691 1158 Non
718 1104 852 1160 dixit
881 1105 1090 1170 solum,
1122 1104 1364 1175 Regnum
1396 1105 1646 1160 caelorum
1671 1146 1687 1169 ,

118 1191 211 1248 sed
237 1193 648 1262 splendidiorem
675 1207 729 1251 et
758 1195 1062 1266 graviorem
1090 1195 1326 1252 reddidit
1347 1198 1645 1252 oralionem
1671 1238 1686 1263 ,

119 1285 297 1338 dicens
323 1301 337 1339 :
375 1283 603 1355 Regnum
631 1284 803 1350 Filii,-
832 1301 898 1342 eo
917 1287 1065 1342 enim
1090 1294 1195 1341 non
1225 1273 1308 1342 est
1335 1286 1505 1355 majus
1523 1299 1687 1341 encoa

120 1375 281 1430 mium
304 1391 318 1429 :
344 1375 484 1446 quod
513 1377 676 1432 etiam
700 1375 831 1432 dicit
852 1376 999 1443 alibi,
1033 1376 1095 1433 Si
1120 1379 1474 1442 sustineantur,
1497 1386 1544 1430 et
1563 1393 1688 1431 con-

120 1466 427 1535 regpabinuts
458 1465 531 1537 (9-.
567 1465 697 1520 Tim.
726 1466 783 1521 2.
821 1467 930 1538 12).
968 1467 1159 1523 Iisdem
1192 1483 1290 1522 nos
1316 1467 1563 1538 dignatus
1583 1475 1683 1532 est,

121 1558 303 1629 inquit,
331 1559 526 1630 quibus
551 1559 746 1615 Filium
778 1577 791 1614 :
822 1576 921 1616 nec
949 1560 1051 1615 hoc
1075 1560 1249 1616 solum
1275 1602 1291 1627 ,
1318 1560 1412 1616 sed
1438 1561 1684 1628 additur,

121 1651 390 1706 Dilectum.
421 1650 693 1720 Inimicos,
723 1652 815 1722 qui
859 1653 1193 1707 obtenebrati
1234 1661 1424 1718 erant,
1467 1663 1689 1722 repente

121 1741 378 1796 transtulit
401 1741 488 1797 ubi
518 1751 632 1798 erat
680 1741 849 1799 Filius
874 1785 889 1810 ,
919 1752 974 1799 ct
1003 1745 1054 1798 in
1081 1743 1329 1798 eumdem
1375 1744 1424 1797 in
1466 1757 1572 1813 quo
1599 1745 1687 1800 ille

118 1840 231 1886 erat
255 1830 529 1887 honorem.
559 1831 669 1887 Nec
706 1832 808 1887 hoc
850 1833 968 1888 solo
1007 1832 1104 1888 fuit
1144 1841 1464 1898 contentus;
1497 1833 1590 1889 sed
1631 1841 1689 1888 ut

120 1937 358 1992 magnum
383 1922 693 1978 ostenderet
718 1923 948 1990 donum,
982 1939 1086 1978 non
1115 1923 1244 1978 satis
1272 1924 1454 1978 habuit
1481 1924 1685 1980 dixisse

119 2027 331 2081 regnum
351 2055 366 2079 ,
393 2013 488 2068 scd
533 2013 740 2069 addidit
767 2014 926 2069 etiam
954 2055 971 2081 ,
1018 2012 1144 2067 Filii
1167 2028 1186 2068 :
1210 2028 1310 2072 nec
1343 2014 1445 2067 hoc
1469 2015 1641 2069 solum
1666 2056 1682 2082 ,

118 2101 209 2156 sed
238 2102 412 2167 etiam,
444 2103 635 2158 Dilecti
659 2121 675 2170 ;
704 2118 803 2159 nec
830 2103 933 2158 hoc
954 2112 1182 2170 tantum,
1207 2104 1300 2158 sed
1323 2104 1483 2158 etiam
1512 2103 1684 2158 hono-

119 2207 224 2246 rem
253 2202 307 2246 et
331 2193 489 2248 decus
517 2203 741 2249 naturae.
770 2194 910 2262 Quid
934 2194 1077 2250 enim
1103 2194 1273 2250 dicit?
1305 2195 1404 2260 Qui
1429 2204 1499 2248 est
1518 2194 1686 2264 imago

120 2281 212 2336 Dei
235 2283 516 2338 invisibilis.
555 2284 660 2339 Sed
691 2298 797 2339 non
821 2285 1001 2339 statim
1031 2283 1098 2339 ad
1123 2285 1175 2340 id
1203 2284 1367 2351 venit,
1399 2283 1492 2340 sed
1523 2285 1687 2339 intera

116 2373 237 2441 jecit
267 2373 510 2430 collatum
542 2375 596 2429 in
642 2390 741 2430 nos
772 2374 1109 2431 beneficium.
1141 2373 1275 2429 Nam
1309 2416 1325 2442 ,
1370 2389 1437 2430 ne
1463 2373 1686 2430 audiens

118 2463 254 2532 quod
288 2472 446 2519 totum
477 2465 548 2520 sit
589 2465 783 2530 Patris,
819 2466 1092 2520 existimes
1115 2475 1265 2520 extra
1287 2480 1408 2520 esse
1450 2463 1640 2519 Filium
1667 2507 1682 2531 ,

119 2554 204 2607 dat
235 2564 399 2609 totum
431 2555 568 2609 Filio
592 2597 607 2621 ,
643 2565 698 2610 et
728 2563 898 2609 totum
940 2554 1100 2609 Patri.
1147 2554 1280 2608 Nam
1333 2554 1422 2609 ille
1466 2554 1684 2624 quidem

121 2646 395 2713 transtulit,
425 2646 519 2701 sed
550 2645 634 2702 hic
660 2661 875 2701 causam
901 2646 1153 2716 praebuit.
1187 2645 1324 2712 Quid
1350 2646 1493 2701 enim
1515 2646 1687 2701 dicit?

123 2735 219 2799 Qui
255 2723 434 2805 eripuit
463 2753 556 2790 nos
585 2753 647 2791 ex
686 2747 930 2806 potestate
952 2736 1287 2790 tenebrarum.
1322 2737 1464 2792 Idem
1509 2744 1686 2791 autem

121 2829 355 2896 estquod
387 2827 560 2883 illud:
590 2829 678 2884 14.
721 2829 790 2884 111
830 2846 928 2895 quo
971 2831 1211 2886 habemus
1252 2831 1683 2903 redemptionem,

121 2920 450 2971 remissionem
476 2930 816 2988 peccatorum.
844 2919 900 2976 Si
925 2921 1067 2976 enim
1109 2922 1333 2977 remissa
1363 2937 1468 2976 non
1507 2931 1689 2978 essent

122 3020 346 3077 peccata,
379 3025 484 3065 non
512 3025 755 3066 essemus
788 3011 909 3067 hinc
935 3013 1197 3067 translati.
1227 3013 1365 3069 Ecce
1393 3027 1575 3070 rursus
1601 3013 1689 3071 hic

122 3099 264 3164 illud,
290 3101 341 3153 in
365 3117 482 3171 quo.
518 3101 584 3157 Et
605 3117 710 3156 non
741 3102 891 3170 dicit,
940 3111 1162 3176 λύτρωσιν
1184 3147 1199 3172 ,
1226 3105 1684 3176 redemptionem,

122 3189 210 3243 sed
240 3193 575 3262 ἀπολύτρωσιν,
607 3191 658 3247 id
683 3203 801 3259 est,
835 3189 1045 3263 plenam
1071 3205 1126 3250 et
1155 3195 1444 3267 perfectam
1475 3199 1688 3254 redem-

124 3271 382 3350 ptionem;
429 3298 497 3337 ne
540 3285 769 3356 amplius
797 3301 1146 3353 corruamus,
1195 3304 1369 3355 neque
1394 3289 1690 3347 efficiamur

124 3371 388 3425 mortales.
421 3373 508 3428 I5.
546 3372 646 3440 Qui
677 3385 749 3429 est
788 3359 958 3447 intaga
989 3376 1088 3431 Dei
1123 3379 1405 3446 invisibilis,
1435 3383 1690 3452 primoge-

122 3462 250 3515 nitus
272 3463 429 3517 omnis
446 3464 730 3519 creatura?
756 3465 813 3520 In
843 3468 1196 3536 quzcstionem
1219 3468 1502 3524 incidimus
1521 3469 1692 3527 luere-

127 3554 317 3608 ticam:
349 3565 634 3625 propterea
678 3555 837 3611 hodie
865 3557 1172 3614 differemus
1204 3600 1219 3627 ,
1260 3570 1313 3615 et
1336 3565 1566 3616 crastina
1604 3564 1692 3620 die

125 3660 231 3699 rem
268 3645 551 3701 aﬂ‘eremus
583 3648 778 3703 vestris
821 3649 1070 3704 audiendi
1103 3650 1308 3722 cupidis
1346 3653 1586 3709 auribus.
1634 3654 1692 3711 Si

126 3734 242 3801 quid
271 3726 447 3789 autem
477 3745 690 3806 oportet
727 3737 958 3807 amplius
984 3739 1164 3795 dicere
1187 3781 1202 3805 ,
1235 3741 1408 3812 majus
1438 3750 1522 3798 est
1558 3759 1693 3814 opus

127 3825 240 3879 Filii
286 3825 564 3893 Quomodo
589 3829 615 3883 1
645 3829 779 3886 1111111
807 3831 950 3886 enim
983 3832 1098 3888 fieri
1129 3849 1234 3889 non
1269 3844 1460 3905 potest,
1489 3845 1544 3893 ut
1575 3854 1691 3893 ma-

127 3918 442 3973 nomibusin
469 3920 703 3989 peccatis
730 3920 820 3976 det
848 3937 1107 3992 regnum;
1141 3924 1243 3979 hoc
1282 3936 1460 3982 autem
1489 3937 1572 3982 est
1609 3926 1690 3983 fa-

127 4007 270 4063 cilius
315 4011 708 4080 :quamobrem
748 4011 815 4067 ad
858 4012 1058 4068 donum
1103 4016 1244 4070 viam
1294 4018 1508 4072 muniit.
1555 4019 1694 4086 Quid

130 4097 293 4152 dicis?
323 4099 440 4168 Ipse
469 4102 561 4156 tibi
593 4112 810 4170 peccata
847 4106 1088 4159 remisit:
1117 4121 1245 4176 ergo
1268 4115 1319 4162 te
1343 4123 1556 4179 quoque
1599 4110 1697 4166 ad-

127 4187 286 4242 duxit.
337 4189 456 4245 lam
506 4200 774 4262 tamquam
825 4193 1223 4252 fundamentum
1266 4199 1396 4269 jecit
1460 4202 1694 4260 radicem

129 4278 398 4347 dogmatis.

192 4377 242 4432 4.
281 4377 363 4430 Ad
399 4394 619 4455 regnum
653 4379 779 4434 Filii
808 4380 904 4437 Dei
934 4385 1100 4438 vocari
1142 4396 1386 4453 quantum
1416 4389 1481 4442 sit
1505 4388 1698 4460 bene/i-

129 4466 270 4522 cium.
295 4466 410 4522 Vita
438 4485 660 4536 presens
683 4474 830 4542 quasi
852 4474 1022 4528 nidus.
1047 4473 1220 4530 Terra:
1245 4472 1407 4533 motus
1432 4490 1478 4534 et
1499 4481 1698 4538 urbium

130 4560 415 4615 mrsiones.
442 4591 512 4602 —
543 4561 757 4618 Interim
813 4574 988 4620 autem
1032 4581 1153 4622 cum
1204 4567 1336 4624 illud
1379 4569 1693 4641 dixerimus,

131 4648 275 4707 linem
306 4653 643 4722 imponemus
669 4653 793 4710 huic
813 4657 1065 4711 orationi.
1104 4658 1369 4724 Quidnam
1395 4671 1571 4732 autem
1596 4663 1697 4720 hoc

129 4743 238 4796 est?
264 4742 417 4812 Quod
447 4753 656 4800 tantum
681 4749 951 4817 assequuti
975 4750 1312 4815 beneficium,
1340 4753 1456 4821 ejus
1480 4769 1696 4825 semper

131 4833 379 4889 debemus
409 4835 741 4904 meminisse,
760 4846 814 4894 et
836 4839 926 4894 Dei
953 4839 1152 4895 donum
1175 4841 1228 4896 in
1251 4844 1405 4898 nobis
1433 4857 1695 4915 perpetuo

130 4939 354 4994 versare,
401 4943 432 4982 a
479 4929 796 5000 quibusnam
849 4931 1094 4998 liberati,
1127 4942 1183 4989 et
1219 4952 1464 5005 quianam
1515 4931 1695 5010 adepti

129 5033 300 5076 sumus
343 5023 616 5091 cogitare;
666 5031 723 5079 et
764 5023 841 5079 sic
888 5026 1027 5095 grati
1057 5027 1278 5094 erimus,
1311 5029 1389 5084 sic
1417 5030 1693 5087 caritatem

129 5112 173 5165 in
202 5129 318 5169 eum
353 5115 684 5186 augebimus.
711 5115 850 5184 Quid
880 5117 1037 5183 dicis,
1070 5133 1103 5173 0
1141 5119 1340 5174 homo?
1383 5133 1600 5178 vocatus
1635 5139 1694 5180 es

127 5204 184 5258 ad
221 5197 465 5276 regnum,
495 5207 563 5261 ad
609 5222 831 5278 regnum
863 5208 981 5263 Filii
1027 5209 1144 5276 Dei,
1177 5210 1400 5282 hiasque
1454 5222 1596 5269 totus
1639 5224 1695 5271 et

127 5297 325 5362 ascitas,
376 5297 643 5368 fricasque
671 5308 726 5354 et
753 5300 969 5370 scalpis,
1009 5310 1068 5357 et
1111 5305 1413 5372 torposcis?
1441 5305 1498 5361 Si
1545 5308 1692 5366 enim

128 5386 198 5440 vel
218 5386 267 5440 111
286 5388 432 5442 mille
449 5397 651 5445 mortes
670 5400 722 5445 te
738 5401 1014 5460 oporteret
1031 5393 1229 5448 insilire
1241 5395 1497 5463 quotidie,
1511 5413 1691 5455 111111011

129 5491 293 5537 essem
317 5483 496 5537 omnia
540 5483 893 5538 sustinenda?
922 5485 1027 5542 Sed
1053 5495 1113 5541 ut
1159 5488 1526 5557 magistratum
1568 5493 1690 5561 qui-

127 5569 232 5625 dctn
277 5572 606 5641 assequaris,
634 5573 766 5628 nihil
815 5591 922 5630 non
970 5574 1149 5640 facis;
1201 5576 1466 5649 Unigeniti
1511 5590 1689 5638 autem

127 5664 258 5734 regni
300 5663 514 5719 futurus
542 5665 830 5735 particeps,
859 5682 971 5721 non
1019 5668 1070 5722 in
1115 5668 1262 5724 mille
1307 5684 1465 5725 enses
1495 5672 1686 5740 insilis,

127 5768 219 5811 non
245 5756 296 5814 in
346 5756 523 5829 ignem
567 5765 620 5814 te
647 5756 865 5828 injicis?
910 5759 978 5814 Et
1006 5757 1110 5816 11011
1157 5761 1391 5818 nondum
1423 5762 1494 5818 ita
1521 5779 1684 5834 grave

993 337 1064 408 IN
1098 349 1310 408 msr.
1357 352 1447 408 AD
1485 349 1762 408 COLOSS.
1805 351 1959 408 CAP.
2001 352 2034 407 I.
2084 355 2318 414 nomn.
2363 359 2430 416 n.‘

3271 374 3377 430 3H

1803 482 1906 541 est,
1948 475 2044 530 sed
2074 477 2216 546 quod
2264 480 2424 534 etiam
2456 494 2796 549 exccssurus,
2831 483 3164 552 lamentaris,
3203 498 3255 541 et
3293 478 3383 541 hic

1798 564 2043 622 lubenter
2060 569 2310 635 versaris,
2327 585 2445 624 cum
2464 569 2538 625 sis
2558 580 2766 628 amatur
2785 571 3189 643 corporis.Quid
3213 587 3342 629 vero
3355 576 3381 630 1

1798 657 2029 714 etiamne
2059 670 2286 714 mortem
2333 674 2523 716 censes
2571 677 2692 718 esse
2743 664 3076 720 terribilem?
3101 665 3270 736 Hujus
3300 668 3380 722 rei

1796 761 1958 803 causa
2010 758 2134 804 sunt
2176 750 2382 806 deliciae
2409 761 2466 806 et
2509 753 2675 808 otium
2709 772 2721 807 :
2753 771 2874 808 nam
2905 756 2994 825 qui
3025 757 3187 811 vitam
3232 756 3379 828 degit

1797 836 2068 902 acerbam,
2094 839 2176 893 v'cl
2206 839 2380 895 alatus
2407 855 2526 895 esse
2564 850 2801 912 cuperet.
2819 852 2875 897 et
2904 843 3028 899 hinc
3076 844 3379 901 discedere.

1798 924 1946 980 Nunc
1972 935 2148 982 autem
2178 927 2277 984 hoc
2309 929 2480 1000 ipsum
2510 931 2664 986 nobis
2693 934 2937 988 usuvenit
2961 977 2975 997 ,
3007 932 3146 1004 quod
3196 933 3379 1004 pullis,

1796 1017 1886 1086 qui
1913 1017 2103 1073 molles
2131 1019 2427 1075 redduntur
2450 1029 2502 1076 et
2540 1022 2708 1076 teneri
2737 1023 2788 1076 in
2821 1022 2948 1077 nido
2979 1023 3218 1079 volentes
3262 1039 3379 1094 ma-

1797 1122 1926 1163 nere
1951 1117 2230 1178 perpetuo.
2261 1109 2366 1165 Sed
2395 1125 2502 1182 quo
2529 1110 2731 1168 diutius
2775 1113 3152 1183 manserimus,
3177 1128 3244 1170 eo
3270 1113 3378 1170 eri-

1796 1213 1917 1254 mus
1943 1198 2342 1256 imbecilliores.

1869 1289 2038 1345 Nidus
2064 1291 2208 1346 enim
2237 1301 2322 1348 est
2353 1294 2457 1348 vita
2489 1309 2749 1364 prmseus,
2780 1297 3143 1367 conglutinata
3178 1313 3241 1352 es
3284 1314 3382 1369 pa-

1795 1381 1892 1438 leis
1935 1386 2008 1437 et
2036 1382 2169 1438 luto.
2223 1384 2443 1439 Etiamsi
2475 1387 2602 1440 mihi
2633 1403 2851 1458 magnas
2881 1389 3026 1443 aedes
3052 1389 3381 1457 ostenderis,

1795 1481 1850 1527 ct
1880 1472 2022 1542 ipsas
2057 1473 2233 1545 regias
2256 1472 2423 1530 multo
2451 1490 2582 1531 auro
2609 1487 2663 1532 et
2688 1479 2919 1547 gemmis
2949 1479 3231 1550 fulgentes,
3263 1481 3380 1534 cxi-

1795 1570 2025 1625 sti‘mabo
2050 1585 2141 1625 eas
2169 1570 2301 1626 nihil
2328 1571 2546 1632 differre
2588 1588 2615 1625 a
2649 1573 2788 1627 nidis
2842 1573 3207 1628 hirundinum.
3245 1571 3380 1628 Nam

1792 1675 1914 1716 cum
1942 1660 2114 1716 hiems
2144 1661 2442 1728 advenerit,
2462 1664 2643 1716 omnia
2675 1678 2769 1718 sua
2799 1672 2993 1735 sponte
3012 1663 3239 1719 cadent:
3265 1663 3381 1718 hic-

1794 1768 1933 1807 mcm
1966 1762 2142 1808 autem
2186 1753 2400 1823 appello
2425 1753 2578 1810 illum
2608 1754 2774 1819 diem,
2803 1756 2908 1824 qui
2935 1771 3042 1810 non
3075 1767 3157 1812 est
3202 1755 3378 1811 hiems

1792 1844 2060 1900 omnibus.
2089 1845 2221 1900 Nam
2254 1845 2395 1901 Deus
2444 1861 2660 1916 quoque
2706 1855 2916 1901 noctem
2965 1857 3020 1903 et
3073 1846 3215 1902 diem
3247 1847 3390 1907 1111111

1793 1946 2003 2008 tempus
2033 1937 2287 2008 appellat,
2320 1937 2451 1993 illud
2481 1938 2720 2008 quidem,
2754 1939 3051 2008 respiciens
3091 1939 3156 1994 ad
3188 1954 3378 2010 pecca-

1793 2037 1974 2094 tores;
2003 2030 2106 2084 hoc
2132 2043 2282 2096 vero,
2306 2029 2374 2084 ad
2397 2029 2595 2099 justus.
2624 2029 2698 2082 Ita
2726 2045 2825 2098 ego
2851 2045 2994 2084 nunc
3025 2045 3234 2100 quoque
3254 2045 3377 2084 eum

1791 2134 1926 2175 voco
1957 2119 2210 2175 hiemem.
2232 2120 2287 2176 Si
2315 2128 2502 2175 aestate
2529 2134 2641 2175 non
2673 2120 2932 2175 fuerimus
2961 2121 3098 2175 bene
3137 2120 3377 2183 enutriti.

1791 2218 1850 2264 ut
1879 2209 2146 2281 possimus
2175 2208 2358 2264 volare
2385 2223 2508 2264 cum
2541 2209 2713 2264 hiems
2757 2209 3060 2276 advenerit,
3092 2225 3199 2264 non
3228 2211 3375 2264 acci-

1790 2303 1940 2373 pient
1969 2316 2070 2363 nos
2117 2285 2339 2365 matres,
2371 2300 2467 2355 sed
2506 2315 2607 2356 nos
2633 2299 2776 2356 fame
2805 2302 2985 2356 sinent
3011 2301 3250 2368 enecari,
3287 2311 3381 2354 aut

1791 2393 1918 2447 nido
1943 2391 2170 2451 cadente
2202 2393 2447 2449 interire.
2476 2392 2608 2448 Nam
2637 2394 2775 2449 sicut
2796 2393 3001 2456 nidum,
3032 2395 3140 2448 imo
3164 2408 3290 2449 vero
3313 2410 3380 2449 eo

1760 2554 1763 2556 _
1791 2483 2014 2551 facilius,
2039 2483 2220 2538 omnia
2250 2499 2390 2538 nunc
2412 2492 2679 2554 expurgat
2701 2484 2862 2551 Dens,
2892 2487 3070 2540 omnia
3099 2483 3381 2539 destructis

1791 2591 2154 2647 reparansque
2177 2587 2233 2632 et
2258 2591 2607 2646 componens.
2639 2575 2951 2632 Involucres
2981 2585 3182 2644 autem,
3205 2589 3260 2633 et
3287 2580 3380 2646 qui

1792 2683 1898 2724 non
1928 2678 2152 2738 possunt
2175 2669 2225 2723 ei
2253 2668 2465 2724 obviam
2497 2669 2684 2725 venire
2712 2670 2764 2724 iu
2791 2684 2941 2734 acre,
2969 2669 3231 2725 scd'adeo
3255 2685 3378 2725 sor-

1792 2759 1915 2816 dide
1940 2769 1996 2816 et
2021 2761 2358 2817 illiberaliter
2396 2768 2522 2816 sunt
2548 2761 2759 2817 educati
2790 2769 2847 2816 ut
2875 2760 3256 2833 Ievespennas
3287 2765 3380 2817 ha-

1792 2851 1920 2906 bere
1968 2867 2074 2906 non
2126 2854 2354 2923 possint,
2384 2867 2446 2907 ea
2495 2853 2768 2921 patientur
2792 2869 2913 2923 qum
2957 2863 3377 2908 consentaneum

1794 2951 1876 2998 est
1905 2956 2000 2997 eos
2040 2943 2150 3012 pati
2180 2943 2270 3013 qui
2300 2943 2380 2998 sic
2406 2951 2534 2998 sunt
2572 2942 2768 2998 affecti.
2819 2945 2993 3014 Atque
3035 2942 3378 2998 hirundinum

1795 3033 2008 3104 quidem
2043 3033 2200 3088 nidus
2224 3049 2342 3088 cum
2394 3033 2684 3101 ceciderit,
2705 3034 2812 3089 cito
2843 3035 2983 3104 perit
3011 3053 3024 3090 :
3055 3051 3153 3091 nos
3199 3047 3376 3090 autem

1796 3140 1902 3178 111111
1932 3124 2191 3193 perimus,
2215 3123 2311 3179 sed
2329 3125 2594 3194 ~perpetuo
2623 3127 2892 3195 punimur.
2913 3125 3097 3182 Hiems
3117 3129 3216 3183 erit
3237 3129 3378 3198 quod

1797 3223 1924 3269 tunc
1953 3213 2056 3269 erit
2077 3225 2311 3283 tempus,
2345 3215 2452 3270 imo
2481 3230 2612 3271 vero
2635 3214 2811 3271 hieme
2847 3217 3066 3288 gravius
3105 3233 3169 3273 ac
3207 3218 3380 3273 mole-

1795 3308 1950 3361 stius.
1974 3304 2091 3360 Nan
2112 3307 2256 3361 enim
2290 3306 2572 3362 trahuntur
2605 3315 2872 3363 torrentes
2901 3322 3077 3378 aqua),
3109 3309 3204 3365 sed
3229 3309 3378 3363 ﬂuvii

1796 3397 1972 3468 ignis:
2001 3412 2110 3452 non
2141 3405 2268 3452 sunt
2296 3396 2533 3452 tenebras
2571 3413 2602 3454 e
2634 3397 2884 3463 nubibus,
2909 3398 3004 3454 sed
3038 3399 3269 3454 tenebrae
3296 3401 3381 3453 in-

1797 3490 2168 3558 dissolubiles,
2195 3500 2250 3546 et
2275 3490 2395 3545 luce
2427 3490 2639 3558 penitus
2677 3497 2960 3556 carentes;
3003 3490 3140 3551 adeo
3187 3500 3248 3546 ut
3284 3508 3384 3547 nec

1797 3583 1988 3638 caelum
2015 3582 2232 3638 videant
2269 3596 2371 3637 nec
2399 3597 2603 3648 aerem,
2637 3581 2733 3638 sed
2777 3583 2829 3636 in
2873 3581 3107 3653 majores
3135 3582 3384 3654 redigan.

1800 3682 1886 3729 tur
1930 3673 2225 3743 angustias,
2259 3687 2420 3744 quam
2449 3671 2540 3743 qui
2585 3671 2770 3727 infossi
2813 3680 2940 3726 sunt
2979 3673 3035 3728 111
3067 3681 3229 3728 terra.
3260 3674 3387 3728 ilice

1798 3780 1942 3834 saepe
1966 3765 2220 3831 dicimus,
2252 3763 2368 3819 sed
2396 3779 2504 3817 non
2554 3763 2943 3833 persuademus
2967 3763 3249 3833 aliquibus.
3278 3764 3385 3820 Sed

1800 3874 1907 3914 non
1939 3865 2024 3912 est
2070 3857 2288 3923 mirum,
2319 3855 2384 3911 si
2406 3854 2583 3920 nobis,
2611 3855 2703 3926 qui
2734 3869 2918 3908 sumus
2963 3855 3095 3910 viles
3121 3855 3384 3921 homines,

1799 3947 2244 4004 cuncionantibus
2293 3947 2408 4001 inec
2436 3944 2703 4009 accidunt,
2734 3960 2856 4000 cum
2905 3945 3022 4000 haec
3051 3946 3214 4002 etiam
3241 3948 3387 4004 acci-

1800 4039 1989 4095 derent
2031 4037 2331 4109 pr0pbetis,
2362 4050 2469 4090 non
2495 4035 2563 4090 de
2604 4036 2690 4090 his
2717 4035 2892 4089 solum
2925 4035 3085 4090 rebus
3112 4037 3386 4094 disseren-

1800 4131 1969 4197 tibus,
1999 4130 2095 4186 sed
2125 4137 2181 4184 et
2216 4127 2287 4184 de
2323 4128 2465 4184 bello
2511 4136 2567 4183 et
2615 4127 2946 4196 captivitate.
2988 4126 3057 4182 Et
3098 4128 3388 4186 Sedechias

1802 4222 2125 4293 arguebatur
2145 4234 2175 4273 a
2205 4218 2461 4284 Jeremia,
2493 4232 2594 4273 nec
2620 4216 2953 4272 afficiebatur
2984 4218 3206 4288 pudore.
3250 4220 3386 4275 Pro-

1803 4326 1989 4387 pterea
2016 4310 2268 4368 "dicebant
2294 4310 2568 4381 prophetae
2594 4327 2608 4364 :
2649 4307 2737 4363 γω
2760 4309 2844 4378 qui
2870 4307 3387 4383 dicunt,,Appropiu.

1803 4413 1955 4474 queat
1981 4404 2080 4457 cito
2103 4417 2218 4473 quas
2241 4401 2391 4470 faciet
2412 4399 2570 4465 Deus,
2600 4409 2656 4452 ut
2678 4399 2954 4464 videamus,
2989 4407 3032 4452 et
3058 4401 3223 4454 ueniat
3259 4416 3386 4456 cou-

1803 4496 1976 4549 silium
2020 4493 2200 4550 Sancti
2241 4489 2428 4557 Israel,
2460 4498 2516 4543 ut
2554 4505 2919 4561 cognoscamus
2962 4487 3114 4559 (lsai.
3151 4490 3242 4546 54.
3272 4491 3380 4564 l9).

1803 4585 1881 4641 Ne
1908 4585 2012 4641 hoc
2054 4584 2332 4638 miremur.
2363 4581 2494 4637 Nam
2526 4588 2579 4636 et
2620 4581 2710 4650 qui
2759 4593 2914 4635 erant
2956 4589 3197 4651 tempore
3224 4599 3385 4653 arcar,

1806 4691 1910 4732 non
1938 4675 2267 4740 credebant,
2286 4673 2392 4729 sed
2408 4670 2770 4734 crediderunt,
2794 4671 3009 4740 quando
3039 4672 3244 4728 nullum
3272 4685 3390 4730 erat

1804 4771 2011 4836 lucrum
2059 4767 2178 4822 fidei
2213 4783 2227 4820 :
2263 4779 2442 4836 neque
2471 4764 2562 4835 qui
2589 4770 2746 4818 erant
2797 4761 3066 4829 Sodomis,
3111 4775 3393 4836 exspecta-

1804 4870 1950 4927 runt,
1990 4859 2086 4915 sed
2130 4859 2230 4930 ipsi
2267 4873 2480 4928 quoque
2507 4854 2872 4921 crediderunt,
2904 4857 3118 4927 quando
3146 4858 3279 4912 nihil
3307 4860 3389 4914 eis

1804 4955 2024 5025 profuit.
2055 4953 2121 5007 Et
2165 4951 2290 5024 quid
2321 4951 2446 5006 dico
2486 4950 2555 5004 de
2584 4948 2818 5004 futuris?
2847 4949 2970 5019 quis
3024 4960 3388 5021 exspectasset

1803 5064 1865 5104 ea
1894 5062 2014 5117 qum
2054 5060 2197 5100 nunc
2223 5045 2356 5098 tiunt
2399 5044 2451 5098 in
2481 5041 2710 5098 diversis
2738 5041 2890 5109 locis,
2925 5052 3079 5097 terra:
3111 5053 3308 5106 motus.
3336 5052 3391 5100 et
3437 5079 3440 5081 -

1805 5138 2014 5194 urbium
2042 5136 2351 5192 eversiones
2366 5131 2446 5205 (a)
2470 5133 2494 5187 1
2546 5132 2707 5203 Atqui
2759 5131 2877 5187 haec
2904 5143 3059 5188 erant
3088 5133 3192 5188 illis
3217 5135 3389 5204 magis

1801 5228 2117 5292 credibilia,
2134 5242 2293 5296 quam
2339 5238 2488 5289 arca,
2535 5223 2776 5293 inquam.
2808 5221 3085 5279 Undenam
3133 5225 3235 5279 hoc
3257 5238 3388 5279 con-

1800 5319 1944 5374 stat?
1972 5317 2125 5386 Quod
2171 5318 2244 5372 illi
2273 5315 2488 5386 quidem
2522 5330 2626 5368 non
2683 5314 2956 5384 potuerint
3002 5315 3148 5369 aliud
3192 5330 3385 5371 exem-

1799 5410 1946 5480 plum
1973 5409 2234 5478 aspicere,
2257 5419 2431 5475 neque
2449 5404 2752 5473 Scripturas
2767 5403 3051 5459 audierunt
3066 5423 3080 5460 :
3104 5404 3190 5460 hic
3205 5413 3383 5461 autem

1801 5512 1925 5558 sunt
1966 5497 2397 5566 innumerabilia,
2429 5511 2550 5569 qua:
2578 5505 2633 5552 et
2677 5497 2880 5552 nostris
2920 5496 3058 5552 facta
3094 5509 3219 5553 sunt
3251 5507 3386 5553 tem-

1857 5716 1935 5777 (a)
1959 5715 2034 5764 De
2058 5719 2204 5777 teme
2228 5714 2440 5777 motibus
2462 5720 2514 5777 et
2536 5711 2731 5777 urbium
2755 5709 3108 5777 eversionibus,
3131 5720 3240 5773 qua!
3254 5715 3373 5760 tunc

1799 5771 2098 5835 secuerunt,
2118 5776 2230 5828 vide
2251 5787 2361 5838 quae
2382 5775 2596 5826 diximus
2617 5775 2665 5824 in
2687 5771 2887 5824 lionlto.
